  <div class='ocr_page' id='page_1' title='image "/cluster/home/n/w/nwhite01/storage/ocr_20150623/121/nnc1.0046980032/159.png"; bbox 0 0 4214 6448; ppageno 0'>
   <div class='ocr_carea' id='block_1_1' title="bbox 693 396 799 458">
    <p class='ocr_par' dir='ltr' id='par_1_1' title="bbox 693 396 799 458">
     <span class='ocr_line' id='line_1_1' title="bbox 693 396 799 458; baseline 0.038 -5"><span class='ocrx_word' id='word_1_1' title='bbox 693 396 799 458; x_wconf 75' lang='grc'><strong>303</strong></span> 
     </span>
    </p>
   </div>
   <div class='ocr_carea' id='block_1_2' title="bbox 1995 390 2700 454">
    <p class='ocr_par' dir='ltr' id='par_1_2' title="bbox 1995 390 2700 454">
     <span class='ocr_line' id='line_1_2' title="bbox 1995 390 2700 454; baseline -0.009 0"><span class='ocrx_word' id='word_1_2' title='bbox 1995 390 2318 454; x_wconf 76' lang='lat' dir='ltr'><strong>GEORGII</strong></span> <span class='ocrx_word' id='word_1_3' title='bbox 2363 391 2700 451; x_wconf 70' lang='lat' dir='ltr'><strong>CEDBENI</strong></span> 
     </span>
    </p>
   </div>
   <div class='ocr_carea' id='block_1_3' title="bbox 3864 394 3974 459">
    <p class='ocr_par' dir='ltr' id='par_1_3' title="bbox 3864 394 3974 459">
     <span class='ocr_line' id='line_1_3' title="bbox 3864 394 3974 459; baseline 0 -2"><span class='ocrx_word' id='word_1_4' title='bbox 3864 394 3974 459; x_wconf 76' lang='grc'><strong>304</strong></span> 
     </span>
    </p>
   </div>
   <div class='ocr_carea' id='block_1_4' title="bbox 674 499 2281 580">
    <p class='ocr_par' dir='ltr' id='par_1_4' title="bbox 674 504 2255 576">
     <span class='ocr_line' id='line_1_4' title="bbox 674 504 2255 576; baseline -0.004 -14"><span class='ocrx_word' id='word_1_5' title='bbox 674 504 1024 576; x_wconf 67' lang='grc' dir='ltr'>ἰοῖρὶιιιξειίοηὶ</span> <span class='ocrx_word' id='word_1_6' title='bbox 1061 504 1330 558; x_wconf 65' lang='lat' dir='ltr'><strong>mandata.</strong></span> <span class='ocrx_word' id='word_1_7' title='bbox 1369 505 1555 572; x_wconf 83' lang='lat' dir='ltr'><strong>itaque</strong></span> <span class='ocrx_word' id='word_1_8' title='bbox 1585 504 1650 558; x_wconf 89' lang='lat' dir='ltr'><strong>ad</strong></span> <span class='ocrx_word' id='word_1_9' title='bbox 1689 504 1963 560; x_wconf 81' lang='lat' dir='ltr'><strong>Oceanum</strong></span> <span class='ocrx_word' id='word_1_10' title='bbox 1987 504 2255 573; x_wconf 75' lang='lat' dir='ltr'><strong>pervenit.</strong></span> 
     </span>
    </p>
   </div>
   <div class='ocr_carea' id='block_1_5' title="bbox 2386 499 3975 580">
    <p class='ocr_par' dir='ltr' id='par_1_5' title="bbox 2386 499 3975 580">
     <span class='ocr_line' id='line_1_5' title="bbox 2386 499 3975 580; baseline 0.006 -28"><span class='ocrx_word' id='word_1_11' title='bbox 2386 501 2649 569; x_wconf 72' lang='grc' dir='ltr'>εποίησεν,</span> <span class='ocrx_word' id='word_1_12' title='bbox 2691 502 2784 552; x_wconf 77' lang='grc' dir='ltr'><strong>καὶ</strong></span> <span class='ocrx_word' id='word_1_13' title='bbox 2825 499 2946 569; x_wconf 71' lang='grc' dir='ltr'>τὴνε</span> <span class='ocrx_word' id='word_1_14' title='bbox 2969 501 3248 570; x_wconf 84' lang='grc' dir='ltr'>βασιλείαν</span> <span class='ocrx_word' id='word_1_15' title='bbox 3289 505 3462 574; x_wconf 73' lang='grc' dir='ltr'>αὐτῆς</span> <span class='ocrx_word' id='word_1_16' title='bbox 3509 505 3601 558; x_wconf 66' lang='grc' dir='ltr'><strong>καὶ</strong></span> <span class='ocrx_word' id='word_1_17' title='bbox 3643 507 3742 578; x_wconf 80' lang='grc' dir='ltr'>τὴν</span> <span class='ocrx_word' id='word_1_18' title='bbox 3785 509 3975 580; x_wconf 82' lang='grc' dir='ltr'>χώραν</span> 
     </span>
    </p>
   </div>
   <div class='ocr_carea' id='block_1_6' title="bbox 695 596 2283 666">
    <p class='ocr_par' dir='ltr' id='par_1_6' title="bbox 695 596 2283 666">
     <span class='ocr_line' id='line_1_6' title="bbox 695 596 2283 666; baseline -0.003 -15"><span class='ocrx_word' id='word_1_19' title='bbox 695 599 991 664; x_wconf 69' lang='lat' dir='ltr'><strong>I‘-).~t,belio</strong></span> <span class='ocrx_word' id='word_1_20' title='bbox 1006 613 1128 652; x_wconf 90' lang='lat' dir='ltr'><strong>cum</strong></span> <span class='ocrx_word' id='word_1_21' title='bbox 1146 598 1427 651; x_wconf 72' lang='lat' dir='ltr'><strong>Xandavne</strong></span> <span class='ocrx_word' id='word_1_22' title='bbox 1445 613 1570 666; x_wconf 81' lang='lat' dir='ltr'><strong>rege</strong></span> <span class='ocrx_word' id='word_1_23' title='bbox 1589 597 1754 660; x_wconf 81' lang='lat' dir='ltr'><strong>iacto,</strong></span> <span class='ocrx_word' id='word_1_24' title='bbox 1818 613 1993 666; x_wconf 88' lang='lat' dir='ltr'><strong>eoque</strong></span> <span class='ocrx_word' id='word_1_25' title='bbox 2013 597 2190 665; x_wconf 84' lang='lat' dir='ltr'><strong>pulso,</strong></span> <span class='ocrx_word' id='word_1_26' title='bbox 2218 596 2283 647; x_wconf 86' lang='lat' dir='ltr'><strong>ad</strong></span> 
     </span>
    </p>
   </div>
   <div class='ocr_carea' id='block_1_7' title="bbox 695 686 2282 760">
    <p class='ocr_par' dir='ltr' id='par_1_7' title="bbox 695 686 2282 760">
     <span class='ocr_line' id='line_1_7' title="bbox 695 686 2282 760; baseline -0.003 -18"><span class='ocrx_word' id='word_1_27' title='bbox 695 693 1058 745; x_wconf 77' lang='lat' dir='ltr'><strong>braclintanes</strong></span> <span class='ocrx_word' id='word_1_28' title='bbox 1078 692 1340 760; x_wconf 57' lang='lat' dir='ltr'><strong>pervenit.</strong></span> <span class='ocrx_word' id='word_1_29' title='bbox 1367 686 1569 742; x_wconf 88' lang='lat' dir='ltr'><strong>Ilornm</strong></span> <span class='ocrx_word' id='word_1_30' title='bbox 1599 690 1973 744; x_wconf 76' lang='lat' dir='ltr'><strong>admirabilem</strong></span> <span class='ocrx_word' id='word_1_31' title='bbox 2003 703 2068 742; x_wconf 90' lang='lat' dir='ltr'><strong>ac</strong></span> <span class='ocrx_word' id='word_1_32' title='bbox 2089 688 2282 741; x_wconf 79' lang='lat' dir='ltr'><strong>imma-</strong></span> 
     </span>
    </p>
   </div>
   <div class='ocr_carea' id='block_1_8' title="bbox 695 778 2260 852">
    <p class='ocr_par' dir='ltr' id='par_1_8' title="bbox 695 778 2260 852">
     <span class='ocr_line' id='line_1_8' title="bbox 695 778 2260 852; baseline -0.003 -18"><span class='ocrx_word' id='word_1_33' title='bbox 695 801 757 834; x_wconf 80' lang='lat' dir='ltr'><strong>na</strong></span> <span class='ocrx_word' id='word_1_34' title='bbox 795 783 1060 852; x_wconf 77' lang='lat' dir='ltr'><strong>potiorem</strong></span> <span class='ocrx_word' id='word_1_35' title='bbox 1088 784 1284 844; x_wconf 78' lang='lat' dir='ltr'><strong>vitam,</strong></span> <span class='ocrx_word' id='word_1_36' title='bbox 1348 781 1598 848; x_wconf 71' lang='lat' dir='ltr'><strong>pietatem</strong></span> <span class='ocrx_word' id='word_1_37' title='bbox 1645 789 1698 833; x_wconf 85' lang='lat' dir='ltr'><strong>et</strong></span> <span class='ocrx_word' id='word_1_38' title='bbox 1751 781 1960 832; x_wconf 89' lang='lat' dir='ltr'><strong>cultum</strong></span> <span class='ocrx_word' id='word_1_39' title='bbox 2017 778 2132 840; x_wconf 88' lang='lat' dir='ltr'><strong>Dei,</strong></span> <span class='ocrx_word' id='word_1_40' title='bbox 2170 779 2260 846; x_wconf 89' lang='lat' dir='ltr'><strong>qui</strong></span> 
     </span>
    </p>
   </div>
   <div class='ocr_carea' id='block_1_9' title="bbox 695 870 2282 938">
    <p class='ocr_par' dir='ltr' id='par_1_9' title="bbox 695 870 2282 938">
     <span class='ocr_line' id='line_1_9' title="bbox 695 870 2282 938; baseline -0.002 -16"><span class='ocrx_word' id='word_1_41' title='bbox 695 872 928 924; x_wconf 88' lang='lat' dir='ltr'><strong>universi</strong></span> <span class='ocrx_word' id='word_1_42' title='bbox 958 880 1042 924; x_wconf 90' lang='lat' dir='ltr'><strong>est</strong></span> <span class='ocrx_word' id='word_1_43' title='bbox 1084 872 1365 934; x_wconf 84' lang='lat' dir='ltr'><strong>Dominus,</strong></span> <span class='ocrx_word' id='word_1_44' title='bbox 1388 877 1662 938; x_wconf 88' lang='lat' dir='ltr'><strong>expertus,</strong></span> <span class='ocrx_word' id='word_1_45' title='bbox 1683 884 2027 938; x_wconf 81' lang='lat' dir='ltr'><strong>summopere</strong></span> <span class='ocrx_word' id='word_1_46' title='bbox 2053 870 2282 922; x_wconf 89' lang='lat' dir='ltr'><strong>istorum</strong></span> 
     </span>
    </p>
   </div>
   <div class='ocr_carea' id='block_1_10' title="bbox 693 960 2280 1030">
    <p class='ocr_par' dir='ltr' id='par_1_10' title="bbox 693 960 2280 1030">
     <span class='ocr_line' id='line_1_10' title="bbox 693 960 2280 1030; baseline -0.002 -15"><span class='ocrx_word' id='word_1_47' title='bbox 693 964 972 1016; x_wconf 68' lang='lat' dir='ltr'><strong>hominum</strong></span> <span class='ocrx_word' id='word_1_48' title='bbox 991 973 1076 1017; x_wconf 88' lang='lat' dir='ltr'><strong>est</strong></span> <span class='ocrx_word' id='word_1_49' title='bbox 1093 963 1394 1015; x_wconf 73' lang='lat' dir='ltr'><strong>admiratus</strong></span> <span class='ocrx_word' id='word_1_50' title='bbox 1413 960 1956 1030; x_wconf 72' lang='lat' dir='ltr'><strong>pliilos‘Opliiant.Quo</strong></span> <span class='ocrx_word' id='word_1_51' title='bbox 1980 961 2103 1013; x_wconf 86' lang='lat' dir='ltr'><strong>loco</strong></span> <span class='ocrx_word' id='word_1_52' title='bbox 2120 961 2280 1014; x_wconf 90' lang='lat' dir='ltr'><strong>etiam</strong></span> 
     </span>
    </p>
   </div>
   <div class='ocr_carea' id='block_1_11' title="bbox 691 1053 2284 1124">
    <p class='ocr_par' dir='ltr' id='par_1_11' title="bbox 691 1053 2284 1124">
     <span class='ocr_line' id='line_1_11' title="bbox 691 1053 2284 1124; baseline -0.001 -18"><span class='ocrx_word' id='word_1_53' title='bbox 691 1061 943 1108; x_wconf 69' lang='grc' dir='ltr'>ιυῖυιιιιιίι</span> <span class='ocrx_word' id='word_1_54' title='bbox 966 1057 1137 1124; x_wconf 81' lang='lat' dir='ltr'><strong>posita</strong></span> <span class='ocrx_word' id='word_1_55' title='bbox 1163 1054 1472 1124; x_wconf 85' lang='lat' dir='ltr'><strong>inscripsit:</strong></span> <span class='ocrx_word' id='word_1_56' title='bbox 1496 1053 1790 1122; x_wconf 79' lang='lat' dir='ltr'><strong>[luettsqne</strong></span> <span class='ocrx_word' id='word_1_57' title='bbox 1810 1069 1909 1122; x_wconf 78' lang='lat' dir='ltr'><strong>ego</strong></span> <span class='ocrx_word' id='word_1_58' title='bbox 1933 1068 2025 1105; x_wconf 88' lang='lat' dir='ltr'><strong>rex</strong></span> <span class='ocrx_word' id='word_1_59' title='bbox 2052 1054 2284 1104; x_wconf 78' lang='lat' dir='ltr'><strong>Alexan-</strong></span> 
     </span>
    </p>
   </div>
   <div class='ocr_carea' id='block_1_12' title="bbox 697 1143 2278 1215">
    <p class='ocr_par' dir='ltr' id='par_1_12' title="bbox 697 1143 2278 1215">
     <span class='ocr_line' id='line_1_12' title="bbox 697 1143 2278 1215; baseline -0.002 -19"><span class='ocrx_word' id='word_1_60' title='bbox 697 1150 794 1199; x_wconf 69' lang='grc' dir='ltr'>(ιε-ι’</span> <span class='ocrx_word' id='word_1_61' title='bbox 851 1162 1081 1214; x_wconf 78' lang='lat' dir='ltr'><strong>magnus</strong></span> <span class='ocrx_word' id='word_1_62' title='bbox 1114 1146 1352 1215; x_wconf 77' lang='lat' dir='ltr'><strong>perrexi.</strong></span> <span class='ocrx_word' id='word_1_63' title='bbox 1425 1143 1637 1198; x_wconf 79' lang='lat' dir='ltr'><strong>Etenim</strong></span> <span class='ocrx_word' id='word_1_64' title='bbox 1712 1146 1765 1196; x_wconf 93' lang='lat' dir='ltr'><strong>in</strong></span> <span class='ocrx_word' id='word_1_65' title='bbox 1817 1160 1877 1196; x_wconf 86' lang='lat' dir='ltr'><strong>ea</strong></span> <span class='ocrx_word' id='word_1_66' title='bbox 1912 1143 2087 1196; x_wconf 84' lang='lat' dir='ltr'><strong>insula</strong></span> <span class='ocrx_word' id='word_1_67' title='bbox 2124 1143 2278 1195; x_wconf 67' lang='lat' dir='ltr'><strong>habi-</strong></span> 
     </span>
    </p>
   </div>
   <div class='ocr_carea' id='block_1_13' title="bbox 696 1236 2278 1308">
    <p class='ocr_par' dir='ltr' id='par_1_13' title="bbox 696 1236 2278 1308">
     <span class='ocr_line' id='line_1_13' title="bbox 696 1236 2278 1308; baseline -0.002 -18"><span class='ocrx_word' id='word_1_68' title='bbox 696 1250 813 1292; x_wconf 84' lang='lat' dir='ltr'><strong>tant</strong></span> <span class='ocrx_word' id='word_1_69' title='bbox 859 1241 952 1308; x_wconf 90' lang='lat' dir='ltr'><strong>qui</strong></span> <span class='ocrx_word' id='word_1_70' title='bbox 1023 1255 1051 1292; x_wconf 86' lang='lat' dir='ltr'><strong>a</strong></span> <span class='ocrx_word' id='word_1_71' title='bbox 1101 1239 1394 1293; x_wconf 69' lang='lat' dir='ltr'><strong>vivacitate</strong></span> <span class='ocrx_word' id='word_1_72' title='bbox 1449 1237 1714 1291; x_wconf 80' lang='lat' dir='ltr'><strong>Macrobii</strong></span> <span class='ocrx_word' id='word_1_73' title='bbox 1775 1237 2057 1296; x_wconf 74' lang='lat' dir='ltr'><strong>dicuntur,</strong></span> <span class='ocrx_word' id='word_1_74' title='bbox 2150 1236 2278 1303; x_wconf 73' lang='lat' dir='ltr'><strong>quia</strong></span> 
     </span>
    </p>
   </div>
   <div class='ocr_carea' id='block_1_14' title="bbox 699 1323 2279 1401">
    <p class='ocr_par' dir='ltr' id='par_1_14' title="bbox 699 1323 2279 1401">
     <span class='ocr_line' id='line_1_14' title="bbox 699 1323 2279 1401; baseline -0.004 -20"><span class='ocrx_word' id='word_1_75' title='bbox 699 1334 946 1401; x_wconf 72' lang='lat' dir='ltr'><strong>plerique</strong></span> <span class='ocrx_word' id='word_1_76' title='bbox 979 1332 1221 1400; x_wconf 84' lang='lat' dir='ltr'><strong>ipsorum</strong></span> <span class='ocrx_word' id='word_1_77' title='bbox 1288 1344 1465 1382; x_wconf 89' lang='lat' dir='ltr'><strong>annos</strong></span> <span class='ocrx_word' id='word_1_78' title='bbox 1520 1330 1742 1382; x_wconf 74' lang='lat' dir='ltr'><strong>circiter</strong></span> <span class='ocrx_word' id='word_1_79' title='bbox 1793 1327 1895 1380; x_wconf 78' lang='grc'><strong>150</strong></span> <span class='ocrx_word' id='word_1_80' title='bbox 1950 1328 2164 1378; x_wconf 81' lang='lat' dir='ltr'><strong>vivunt.</strong></span> <span class='ocrx_word' id='word_1_81' title='bbox 2193 1323 2279 1376; x_wconf 86' lang='lat' dir='ltr'><strong>Fit</strong></span> 
     </span>
    </p>
   </div>
   <div class='ocr_carea' id='block_1_15' title="bbox 698 1420 2277 1492">
    <p class='ocr_par' dir='ltr' id='par_1_15' title="bbox 698 1420 2277 1492">
     <span class='ocr_line' id='line_1_15' title="bbox 698 1420 2277 1492; baseline -0.006 -14"><span class='ocrx_word' id='word_1_82' title='bbox 698 1429 800 1479; x_wconf 83' lang='lat' dir='ltr'><strong>hoc</strong></span> <span class='ocrx_word' id='word_1_83' title='bbox 851 1427 922 1479; x_wconf 87' lang='lat' dir='ltr'><strong>ob</strong></span> <span class='ocrx_word' id='word_1_84' title='bbox 971 1426 1196 1478; x_wconf 83' lang='lat' dir='ltr'><strong>multam</strong></span> <span class='ocrx_word' id='word_1_85' title='bbox 1231 1424 1376 1477; x_wconf 86' lang='lat' dir='ltr'><strong>aeris</strong></span> <span class='ocrx_word' id='word_1_86' title='bbox 1421 1424 1714 1492; x_wconf 73' lang='lat' dir='ltr'><strong>puritatem</strong></span> <span class='ocrx_word' id='word_1_87' title='bbox 1757 1435 1820 1472; x_wconf 88' lang='lat' dir='ltr'><strong>ac</strong></span> <span class='ocrx_word' id='word_1_88' title='bbox 1847 1420 2110 1486; x_wconf 64' lang='lat' dir='ltr'><strong>optimam</strong></span> <span class='ocrx_word' id='word_1_89' title='bbox 2147 1426 2277 1470; x_wconf 79' lang='lat' dir='ltr'><strong>tem-</strong></span> 
     </span>
    </p>
   </div>
   <div class='ocr_carea' id='block_1_16' title="bbox 695 1511 2278 1587">
    <p class='ocr_par' dir='ltr' id='par_1_16' title="bbox 695 1511 2278 1587">
     <span class='ocr_line' id='line_1_16' title="bbox 695 1511 2278 1587; baseline -0.006 -15"><span class='ocrx_word' id='word_1_90' title='bbox 695 1521 919 1585; x_wconf 70' lang='lat' dir='ltr'><strong>perierit.</strong></span> <span class='ocrx_word' id='word_1_91' title='bbox 991 1517 1189 1587; x_wconf 68' lang='lat' dir='ltr'><strong>Neque</strong></span> <span class='ocrx_word' id='word_1_92' title='bbox 1264 1516 1376 1570; x_wconf 89' lang='lat' dir='ltr'><strong>ullo</strong></span> <span class='ocrx_word' id='word_1_93' title='bbox 1419 1524 1666 1582; x_wconf 86' lang='lat' dir='ltr'><strong>tempore</strong></span> <span class='ocrx_word' id='word_1_94' title='bbox 1719 1513 1861 1566; x_wconf 89' lang='lat' dir='ltr'><strong>ullus</strong></span> <span class='ocrx_word' id='word_1_95' title='bbox 1927 1511 2002 1564; x_wconf 83' lang='lat' dir='ltr'><strong>i‘ni</strong></span> <span class='ocrx_word' id='word_1_96' title='bbox 2069 1512 2278 1564; x_wconf 80' lang='lat' dir='ltr'><strong>fructus</strong></span> 
     </span>
    </p>
   </div>
   <div class='ocr_carea' id='block_1_17' title="bbox 692 1604 2265 1676">
    <p class='ocr_par' dir='ltr' id='par_1_17' title="bbox 692 1604 2265 1676">
     <span class='ocr_line' id='line_1_17' title="bbox 692 1604 2265 1676; baseline -0.006 -13"><span class='ocrx_word' id='word_1_97' title='bbox 692 1612 868 1676; x_wconf 81' lang='lat' dir='ltr'><strong>derst,</strong></span> <span class='ocrx_word' id='word_1_98' title='bbox 939 1613 1035 1665; x_wconf 88' lang='lat' dir='ltr'><strong>sed</strong></span> <span class='ocrx_word' id='word_1_99' title='bbox 1107 1611 1212 1662; x_wconf 89' lang='lat' dir='ltr'><strong>alio</strong></span> <span class='ocrx_word' id='word_1_100' title='bbox 1263 1608 1490 1661; x_wconf 87' lang='lat' dir='ltr'><strong>ﬂorente</strong></span> <span class='ocrx_word' id='word_1_101' title='bbox 1552 1607 1691 1660; x_wconf 86' lang='lat' dir='ltr'><strong>alius</strong></span> <span class='ocrx_word' id='word_1_102' title='bbox 1746 1606 1855 1673; x_wconf 85' lang='lat' dir='ltr'><strong>jam</strong></span> <span class='ocrx_word' id='word_1_103' title='bbox 1918 1604 2265 1663; x_wconf 81' lang='lat' dir='ltr'><strong>maturescit,</strong></span> 
     </span>
    </p>
   </div>
   <div class='ocr_carea' id='block_1_18' title="bbox 692 1694 2275 1770">
    <p class='ocr_par' dir='ltr' id='par_1_18' title="bbox 692 1694 2275 1770">
     <span class='ocr_line' id='line_1_18' title="bbox 692 1694 2275 1770; baseline -0.004 -16"><span class='ocrx_word' id='word_1_104' title='bbox 692 1704 835 1757; x_wconf 63' lang='lat' dir='ltr'><strong>alius</strong></span> <span class='ocrx_word' id='word_1_105' title='bbox 880 1702 1210 1770; x_wconf 74' lang='lat' dir='ltr'><strong>decerpitur.</strong></span> <span class='ocrx_word' id='word_1_106' title='bbox 1259 1697 1333 1752; x_wconf 85' lang='lat' dir='ltr'><strong>lbi</strong></span> <span class='ocrx_word' id='word_1_107' title='bbox 1365 1698 1532 1752; x_wconf 88' lang='lat' dir='ltr'><strong>etiam</strong></span> <span class='ocrx_word' id='word_1_108' title='bbox 1603 1698 1853 1750; x_wconf 61' lang='lat' dir='ltr'><strong>maxime:</strong></span> <span class='ocrx_word' id='word_1_109' title='bbox 1883 1694 2275 1748; x_wconf 54' lang='lat' dir='ltr'><strong>lndic-«euuces</strong></span> 
     </span>
    </p>
   </div>
   <div class='ocr_carea' id='block_1_19' title="bbox 693 1788 2274 1864">
    <p class='ocr_par' dir='ltr' id='par_1_19' title="bbox 693 1788 2274 1864">
     <span class='ocr_line' id='line_1_19' title="bbox 693 1788 2274 1864; baseline -0.005 -16"><span class='ocrx_word' id='word_1_110' title='bbox 693 1797 1040 1864; x_wconf 82' lang='lat' dir='ltr'><strong>proveniunt,</strong></span> <span class='ocrx_word' id='word_1_111' title='bbox 1068 1801 1122 1848; x_wconf 88' lang='lat' dir='ltr'><strong>et</strong></span> <span class='ocrx_word' id='word_1_112' title='bbox 1157 1807 1277 1863; x_wconf 65' lang='lat' dir='ltr'><strong>quae</strong></span> <span class='ocrx_word' id='word_1_113' title='bbox 1304 1791 1370 1845; x_wconf 88' lang='lat' dir='ltr'><strong>ad</strong></span> <span class='ocrx_word' id='word_1_114' title='bbox 1413 1806 1512 1845; x_wconf 91' lang='lat' dir='ltr'><strong>nos</strong></span> <span class='ocrx_word' id='word_1_115' title='bbox 1529 1789 1818 1844; x_wconf 84' lang='lat' dir='ltr'><strong>diﬂiculter</strong></span> <span class='ocrx_word' id='word_1_116' title='bbox 1840 1788 2168 1856; x_wconf 86' lang='lat' dir='ltr'><strong>perveniunt</strong></span> <span class='ocrx_word' id='word_1_117' title='bbox 2208 1799 2274 1840; x_wconf 87' lang='lat' dir='ltr'><strong>ac</strong></span> 
     </span>
    </p>
   </div>
   <div class='ocr_carea' id='block_1_20' title="bbox 2390 592 3975 669">
    <p class='ocr_par' dir='ltr' id='par_1_20' title="bbox 2390 592 3975 669">
     <span class='ocr_line' id='line_1_20' title="bbox 2390 592 3975 669; baseline 0.005 -23"><span class='ocrx_word' id='word_1_118' title='bbox 2390 594 2603 662; x_wconf 73' lang='grc' dir='ltr'>ἀϐλαϐῆ</span> <span class='ocrx_word' id='word_1_119' title='bbox 2652 592 2994 662; x_wconf 77' lang='grc' dir='ltr'><strong>διεφύλαξεν.</strong></span> <span class='ocrx_word' id='word_1_120' title='bbox 3033 597 3273 649; x_wconf 76' lang='grc' dir='ltr'>Ἐκεῖθεν</span> <span class='ocrx_word' id='word_1_121' title='bbox 3319 597 3375 650; x_wconf 74' lang='grc' dir='ltr'>δὲ</span> <span class='ocrx_word' id='word_1_122' title='bbox 3424 599 3561 669; x_wconf 62' lang='grc' dir='ltr'>πρὸς</span> <span class='ocrx_word' id='word_1_123' title='bbox 3591 602 3827 668; x_wconf 79' lang='grc' dir='ltr'>Ἀφασιν</span> <span class='ocrx_word' id='word_1_124' title='bbox 3876 608 3975 656; x_wconf 73' lang='grc' dir='ltr'><strong>καὶ</strong></span> 
     </span>
    </p>
   </div>
   <div class='ocr_carea' id='block_1_21' title="bbox 2393 686 3977 762">
    <p class='ocr_par' dir='ltr' id='par_1_21' title="bbox 2393 686 3977 762">
     <span class='ocr_line' id='line_1_21' title="bbox 2393 686 3977 762; baseline 0.005 -26"><span class='ocrx_word' id='word_1_125' title='bbox 2393 686 2624 756; x_wconf 83' lang='grc' dir='ltr'>Γάδειρα</span> <span class='ocrx_word' id='word_1_126' title='bbox 2654 688 2746 738; x_wconf 74' lang='grc' dir='ltr'><strong>καὶ</strong></span> <span class='ocrx_word' id='word_1_127' title='bbox 2775 687 2842 738; x_wconf 85' lang='grc' dir='ltr'><strong>τὰ</strong></span> <span class='ocrx_word' id='word_1_128' title='bbox 2873 686 3247 756; x_wconf 84' lang='grc' dir='ltr'>Βρεττανήσια</span> <span class='ocrx_word' id='word_1_129' title='bbox 3278 689 3409 759; x_wconf 78' lang='grc' dir='ltr'><strong>ἔθνη</strong></span> <span class='ocrx_word' id='word_1_130' title='bbox 3441 690 3733 759; x_wconf 84' lang='grc' dir='ltr'>γενόμενος</span> <span class='ocrx_word' id='word_1_131' title='bbox 3753 732 3767 753; x_wconf 93' lang='grc'><strong>,</strong></span> <span class='ocrx_word' id='word_1_132' title='bbox 3796 693 3977 762; x_wconf 83' lang='grc' dir='ltr'>χιλίας</span> 
     </span>
    </p>
   </div>
   <div class='ocr_carea' id='block_1_22' title="bbox 2387 777 3980 849">
    <p class='ocr_par' dir='ltr' id='par_1_22' title="bbox 2387 777 3980 849">
     <span class='ocr_line' id='line_1_22' title="bbox 2387 777 3980 849; baseline 0.005 -21"><span class='ocrx_word' id='word_1_133' title='bbox 2387 794 2446 828; x_wconf 87' lang='grc' dir='ltr'><strong>τε</strong></span> <span class='ocrx_word' id='word_1_134' title='bbox 2487 777 2719 839; x_wconf 86' lang='grc' dir='ltr'>ὁλκάδας</span> <span class='ocrx_word' id='word_1_135' title='bbox 2754 780 3338 846; x_wconf 75' lang='grc' dir='ltr'>κατασκευασάμενος,</span> <span class='ocrx_word' id='word_1_136' title='bbox 3373 780 3534 843; x_wconf 75' lang='grc' dir='ltr'>αὐτὸς</span> <span class='ocrx_word' id='word_1_137' title='bbox 3573 781 3674 849; x_wconf 84' lang='grc' dir='ltr'><strong>μὲν</strong></span> <span class='ocrx_word' id='word_1_138' title='bbox 3708 783 3768 834; x_wconf 85' lang='grc' dir='ltr'>τὸ</span> <span class='ocrx_word' id='word_1_139' title='bbox 3801 783 3980 846; x_wconf 64' lang='grc' dir='ltr'>δεξιον</span> 
     </span>
    </p>
   </div>
   <div class='ocr_carea' id='block_1_23' title="bbox 2387 866 3974 940">
    <p class='ocr_par' dir='ltr' id='par_1_23' title="bbox 2387 866 3974 940">
     <span class='ocr_line' id='line_1_23' title="bbox 2387 866 3974 940; baseline 0.003 -20"><span class='ocrx_word' id='word_1_140' title='bbox 2387 866 2480 920; x_wconf 78' lang='grc' dir='ltr'>τοῦ</span> <span class='ocrx_word' id='word_1_141' title='bbox 2517 866 2738 919; x_wconf 84' lang='grc' dir='ltr'>Ἰνδικοῦ</span> <span class='ocrx_word' id='word_1_142' title='bbox 2777 867 3024 937; x_wconf 75' lang='grc' dir='ltr'><strong>ποταμοῦ</strong></span> <span class='ocrx_word' id='word_1_143' title='bbox 3057 869 3263 921; x_wconf 75' lang='grc' dir='ltr'><strong>διέπλει</strong></span> <span class='ocrx_word' id='word_1_144' title='bbox 3298 871 3492 940; x_wconf 84' lang='grc' dir='ltr'>μέρος,</span> <span class='ocrx_word' id='word_1_145' title='bbox 3529 871 3882 938; x_wconf 56' lang='grc' dir='ltr'>Ἠραιστὲωνι</span> <span class='ocrx_word' id='word_1_146' title='bbox 3912 873 3974 925; x_wconf 73' lang='grc' dir='ltr'>δὲ</span> 
     </span>
    </p>
   </div>
   <div class='ocr_carea' id='block_1_24' title="bbox 2385 957 3981 1032">
    <p class='ocr_par' dir='ltr' id='par_1_24' title="bbox 2385 957 3981 1032">
     <span class='ocr_line' id='line_1_24' title="bbox 2385 957 3981 1032; baseline 0.003 -22"><span class='ocrx_word' id='word_1_147' title='bbox 2385 957 2447 1010; x_wconf 81' lang='grc' dir='ltr'><strong>τὸ</strong></span> <span class='ocrx_word' id='word_1_148' title='bbox 2487 958 2672 1027; x_wconf 74' lang='grc' dir='ltr'>ἕτερον</span> <span class='ocrx_word' id='word_1_149' title='bbox 2709 959 3024 1027; x_wconf 76' lang='grc' dir='ltr'>ἐγχειρίσας</span> <span class='ocrx_word' id='word_1_150' title='bbox 3069 961 3161 1012; x_wconf 76' lang='grc' dir='ltr'>ἐπὶ</span> <span class='ocrx_word' id='word_1_151' title='bbox 3200 961 3290 1012; x_wconf 81' lang='grc' dir='ltr'><strong>τὸν</strong></span> <span class='ocrx_word' id='word_1_152' title='bbox 3328 962 3582 1014; x_wconf 81' lang='grc' dir='ltr'>Ὠκεανὸν</span> <span class='ocrx_word' id='word_1_153' title='bbox 3620 963 3838 1032; x_wconf 75' lang='grc' dir='ltr'>ἀνῆλθε.</span> <span class='ocrx_word' id='word_1_154' title='bbox 3883 964 3981 1032; x_wconf 74' lang='grc' dir='ltr'><strong>Τῷ</strong></span> 
     </span>
    </p>
   </div>
   <div class='ocr_carea' id='block_1_25' title="bbox 2385 1051 3977 1125">
    <p class='ocr_par' dir='ltr' id='par_1_25' title="bbox 2385 1051 3977 1125">
     <span class='ocr_line' id='line_1_25' title="bbox 2385 1051 3977 1125; baseline 0.005 -22"><span class='ocrx_word' id='word_1_155' title='bbox 2385 1051 2441 1103; x_wconf 81' lang='grc' dir='ltr'>δὲ</span> <span class='ocrx_word' id='word_1_156' title='bbox 2474 1051 2682 1121; x_wconf 69' lang='grc' dir='ltr'>βασιλεῖ</span> <span class='ocrx_word' id='word_1_157' title='bbox 2710 1051 2967 1124; x_wconf 81' lang='grc' dir='ltr'>Ξανδάμῃ</span> <span class='ocrx_word' id='word_1_158' title='bbox 2998 1053 3316 1122; x_wconf 82' lang='grc' dir='ltr'>πολεμήσας</span> <span class='ocrx_word' id='word_1_159' title='bbox 3350 1056 3442 1106; x_wconf 81' lang='grc' dir='ltr'><strong>καὶ</strong></span> <span class='ocrx_word' id='word_1_160' title='bbox 3471 1054 3658 1107; x_wconf 80' lang='grc' dir='ltr'>τοῦτον</span> <span class='ocrx_word' id='word_1_161' title='bbox 3683 1059 3977 1125; x_wconf 84' lang='grc' dir='ltr'>τροπωσά-</span> 
     </span>
    </p>
   </div>
   <div class='ocr_carea' id='block_1_26' title="bbox 2389 1141 3977 1215">
    <p class='ocr_par' dir='ltr' id='par_1_26' title="bbox 2389 1141 3977 1215">
     <span class='ocr_line' id='line_1_26' title="bbox 2389 1141 3977 1215; baseline 0.006 -23"><span class='ocrx_word' id='word_1_162' title='bbox 2389 1159 2551 1209; x_wconf 89' lang='grc' dir='ltr'>μενος</span> <span class='ocrx_word' id='word_1_163' title='bbox 2599 1142 2731 1211; x_wconf 73' lang='grc' dir='ltr'>πρὸς</span> <span class='ocrx_word' id='word_1_164' title='bbox 2777 1145 2904 1202; x_wconf 73' lang='grc' dir='ltr'>τοὺς</span> <span class='ocrx_word' id='word_1_165' title='bbox 2951 1146 3280 1213; x_wconf 79' lang='grc' dir='ltr'>Βραχμᾶνας</span> <span class='ocrx_word' id='word_1_166' title='bbox 3328 1145 3590 1215; x_wconf 62' lang='grc' dir='ltr'>ἀφίκετο,</span> <span class='ocrx_word' id='word_1_167' title='bbox 3635 1141 3708 1201; x_wconf 82' lang='grc' dir='ltr'>ὧν</span> <span class='ocrx_word' id='word_1_168' title='bbox 3751 1149 3841 1200; x_wconf 78' lang='grc' dir='ltr'><strong>καὶ</strong></span> <span class='ocrx_word' id='word_1_169' title='bbox 3879 1149 3977 1201; x_wconf 66' lang='grc' dir='ltr'><strong>τὸν</strong></span> 
     </span>
    </p>
   </div>
   <div class='ocr_carea' id='block_1_27' title="bbox 2385 1232 3975 1308">
    <p class='ocr_par' dir='ltr' id='par_1_27' title="bbox 2385 1232 3975 1308">
     <span class='ocr_line' id='line_1_27' title="bbox 2385 1232 3975 1308; baseline 0.004 -24"><span class='ocrx_word' id='word_1_170' title='bbox 2385 1232 2688 1300; x_wconf 77' lang='grc' dir='ltr'>Θαυμάσιον</span> <span class='ocrx_word' id='word_1_171' title='bbox 2724 1233 2816 1285; x_wconf 73' lang='grc' dir='ltr'><strong>καὶ</strong></span> <span class='ocrx_word' id='word_1_172' title='bbox 2859 1234 2996 1303; x_wconf 76' lang='grc' dir='ltr'>ὑπὲρ</span> <span class='ocrx_word' id='word_1_173' title='bbox 3039 1236 3325 1304; x_wconf 64' lang='grc' dir='ltr'>ἄνθρωπον</span> <span class='ocrx_word' id='word_1_174' title='bbox 3361 1236 3473 1304; x_wconf 83' lang='grc' dir='ltr'>βίον</span> <span class='ocrx_word' id='word_1_175' title='bbox 3509 1239 3602 1291; x_wconf 74' lang='grc' dir='ltr'><strong>καὶ</strong></span> <span class='ocrx_word' id='word_1_176' title='bbox 3636 1237 3734 1308; x_wconf 81' lang='grc' dir='ltr'>τὴν</span> <span class='ocrx_word' id='word_1_177' title='bbox 3766 1240 3843 1301; x_wconf 81' lang='grc' dir='ltr'>εἰς</span> <span class='ocrx_word' id='word_1_178' title='bbox 3877 1241 3975 1290; x_wconf 64' lang='grc' dir='ltr'>τὶν</span> 
     </span>
    </p>
   </div>
   <div class='ocr_carea' id='block_1_28' title="bbox 2384 1325 3974 1401">
    <p class='ocr_par' dir='ltr' id='par_1_28' title="bbox 2384 1325 3974 1401">
     <span class='ocr_line' id='line_1_28' title="bbox 2384 1325 3974 1401; baseline 0.004 -25"><span class='ocrx_word' id='word_1_179' title='bbox 2384 1326 2602 1377; x_wconf 88' lang='grc' dir='ltr'>πάντων</span> <span class='ocrx_word' id='word_1_180' title='bbox 2635 1325 2765 1377; x_wconf 84' lang='grc' dir='ltr'>Θεὸν</span> <span class='ocrx_word' id='word_1_181' title='bbox 2802 1327 3087 1379; x_wconf 73' lang='grc' dir='ltr'>εὐσέϐειάν</span> <span class='ocrx_word' id='word_1_182' title='bbox 3121 1345 3178 1379; x_wconf 86' lang='grc' dir='ltr'><strong>τε</strong></span> <span class='ocrx_word' id='word_1_183' title='bbox 3214 1331 3306 1380; x_wconf 77' lang='grc' dir='ltr'><strong>καὶ</strong></span> <span class='ocrx_word' id='word_1_184' title='bbox 3339 1329 3594 1399; x_wconf 75' lang='grc' dir='ltr'><strong>λατρείαν</strong></span> <span class='ocrx_word' id='word_1_185' title='bbox 3631 1329 3974 1401; x_wconf 72' lang='grc' dir='ltr'>μεμαθηκὼς</span> 
     </span>
    </p>
   </div>
   <div class='ocr_carea' id='block_1_29' title="bbox 2384 1415 3978 1492">
    <p class='ocr_par' dir='ltr' id='par_1_29' title="bbox 2384 1415 3978 1492">
     <span class='ocr_line' id='line_1_29' title="bbox 2384 1415 3978 1492; baseline 0.003 -22"><span class='ocrx_word' id='word_1_186' title='bbox 2384 1415 2703 1486; x_wconf 81' lang='grc' dir='ltr'><strong>κατεπλάγη</strong></span> <span class='ocrx_word' id='word_1_187' title='bbox 2739 1418 2882 1468; x_wconf 81' lang='grc' dir='ltr'>πάνυ</span> <span class='ocrx_word' id='word_1_188' title='bbox 2905 1459 2917 1478; x_wconf 89' lang='grc'><strong>,</strong></span> <span class='ocrx_word' id='word_1_189' title='bbox 2954 1419 3045 1470; x_wconf 79' lang='grc' dir='ltr'><strong>καὶ</strong></span> <span class='ocrx_word' id='word_1_190' title='bbox 3077 1418 3290 1490; x_wconf 67' lang='grc' dir='ltr'>ἠράσθη</span> <span class='ocrx_word' id='word_1_191' title='bbox 3322 1420 3419 1490; x_wconf 82' lang='grc' dir='ltr'>τὴν</span> <span class='ocrx_word' id='word_1_192' title='bbox 3450 1421 3559 1473; x_wconf 90' lang='grc' dir='ltr'><strong>τῶν</strong></span> <span class='ocrx_word' id='word_1_193' title='bbox 3589 1422 3802 1492; x_wconf 88' lang='grc' dir='ltr'>ἀνδρῶν</span> <span class='ocrx_word' id='word_1_194' title='bbox 3830 1424 3978 1475; x_wconf 78' lang='grc' dir='ltr'>ὲκεί-</span> 
     </span>
    </p>
   </div>
   <div class='ocr_carea' id='block_1_30' title="bbox 2383 1500 3980 1585">
    <p class='ocr_par' dir='ltr' id='par_1_30' title="bbox 2383 1500 3980 1585">
     <span class='ocr_line' id='line_1_30' title="bbox 2383 1500 3980 1585; baseline 0.005 -27"><span class='ocrx_word' id='word_1_195' title='bbox 2383 1527 2488 1560; x_wconf 83' lang='grc' dir='ltr'><strong>νων</strong></span> <span class='ocrx_word' id='word_1_196' title='bbox 2517 1509 2852 1576; x_wconf 52' lang='grc' dir='ltr'>φιλοσοφίαν.</span> <span class='ocrx_word' id='word_1_197' title='bbox 3010 1500 3054 1576; x_wconf 78' lang='grc' dir='ltr'>ᾧ</span> <span class='ocrx_word' id='word_1_198' title='bbox 3082 1513 3230 1580; x_wconf 84' lang='grc' dir='ltr'>τόπῳ</span> <span class='ocrx_word' id='word_1_199' title='bbox 3260 1512 3357 1564; x_wconf 58' lang='grc' dir='ltr'><strong>καὶ⁵</strong></span> <span class='ocrx_word' id='word_1_200' title='bbox 3404 1515 3608 1585; x_wconf 79' lang='grc' dir='ltr'>στήλην</span> <span class='ocrx_word' id='word_1_201' title='bbox 3643 1516 3847 1585; x_wconf 77' lang='grc' dir='ltr'>στήσας</span> <span class='ocrx_word' id='word_1_202' title='bbox 3876 1516 3980 1566; x_wconf 81' lang='grc' dir='ltr'><strong>ἐπ-</strong></span> 
     </span>
    </p>
   </div>
   <div class='ocr_carea' id='block_1_31' title="bbox 2381 1599 3978 1674">
    <p class='ocr_par' dir='ltr' id='par_1_31' title="bbox 2381 1599 3978 1674">
     <span class='ocr_line' id='line_1_31' title="bbox 2381 1599 3978 1674; baseline 0.005 -24"><span class='ocrx_word' id='word_1_203' title='bbox 2381 1599 2644 1667; x_wconf 69' lang='grc' dir='ltr'>έγραψεν·</span> <span class='ocrx_word' id='word_1_204' title='bbox 2681 1600 2820 1668; x_wconf 82' lang='grc' dir='ltr'><strong>Ἐγὼ</strong></span> <span class='ocrx_word' id='word_1_205' title='bbox 2850 1601 3022 1670; x_wconf 85' lang='grc' dir='ltr'>μέγας</span> <span class='ocrx_word' id='word_1_206' title='bbox 3053 1603 3401 1674; x_wconf 79' lang='grc' dir='ltr'>Ἀλέξανδρος</span> <span class='ocrx_word' id='word_1_207' title='bbox 3451 1605 3704 1674; x_wconf 66' lang='grc' dir='ltr'>βασιλεὺς</span> <span class='ocrx_word' id='word_1_208' title='bbox 3759 1605 3978 1672; x_wconf 55' lang='lat' dir='ltr'><strong>Egens:</strong></span> 
     </span>
    </p>
   </div>
   <div class='ocr_carea' id='block_1_32' title="bbox 2382 1691 3978 1765">
    <p class='ocr_par' dir='ltr' id='par_1_32' title="bbox 2382 1691 3978 1765">
     <span class='ocr_line' id='line_1_32' title="bbox 2382 1691 3978 1765; baseline 0.003 -23"><span class='ocrx_word' id='word_1_209' title='bbox 2382 1693 2544 1761; x_wconf 85' lang='grc' dir='ltr'>μέχρι</span> <span class='ocrx_word' id='word_1_210' title='bbox 2585 1691 2797 1745; x_wconf 82' lang='grc' dir='ltr'>τούτου.</span> <span class='ocrx_word' id='word_1_211' title='bbox 2823 1691 2910 1742; x_wconf 83' lang='grc' dir='ltr'>Ἐν</span> <span class='ocrx_word' id='word_1_212' title='bbox 2953 1692 3135 1762; x_wconf 80' lang='grc' dir='ltr'>ἐκείνῃ</span> <span class='ocrx_word' id='word_1_213' title='bbox 3176 1695 3284 1763; x_wconf 82' lang='grc' dir='ltr'><strong>γάρ</strong></span> <span class='ocrx_word' id='word_1_214' title='bbox 3328 1698 3394 1765; x_wconf 82' lang='grc' dir='ltr'>τῇ</span> <span class='ocrx_word' id='word_1_215' title='bbox 3437 1697 3584 1765; x_wconf 84' lang='grc' dir='ltr'>νήσῳ</span> <span class='ocrx_word' id='word_1_216' title='bbox 3627 1697 3978 1748; x_wconf 79' lang='grc' dir='ltr'>κατοικοῦσιν</span> 
     </span>
    </p>
   </div>
   <div class='ocr_carea' id='block_1_33' title="bbox 2377 1785 3980 1858">
    <p class='ocr_par' dir='ltr' id='par_1_33' title="bbox 2377 1785 3980 1858">
     <span class='ocr_line' id='line_1_33' title="bbox 2377 1785 3980 1858; baseline 0.001 -20"><span class='ocrx_word' id='word_1_217' title='bbox 2377 1787 2428 1838; x_wconf 86' lang='grc' dir='ltr'>οἱ</span> <span class='ocrx_word' id='word_1_218' title='bbox 2464 1785 2747 1854; x_wconf 83' lang='grc' dir='ltr'>λεγόμενοι</span> <span class='ocrx_word' id='word_1_219' title='bbox 2784 1785 3090 1854; x_wconf 69' lang='grc' dir='ltr'>Μακρόῧιοι</span> <span class='ocrx_word' id='word_1_220' title='bbox 3115 1801 3128 1818; x_wconf 92' lang='grc'><strong>·</strong></span> <span class='ocrx_word' id='word_1_221' title='bbox 3160 1786 3293 1850; x_wconf 81' lang='grc' dir='ltr'>ζῶσι</span> <span class='ocrx_word' id='word_1_222' title='bbox 3328 1789 3435 1858; x_wconf 80' lang='grc' dir='ltr'><strong>γάρ</strong></span> <span class='ocrx_word' id='word_1_223' title='bbox 3465 1791 3513 1841; x_wconf 84' lang='grc' dir='ltr'>οἱ</span> <span class='ocrx_word' id='word_1_224' title='bbox 3546 1789 3764 1852; x_wconf 86' lang='grc' dir='ltr'>πλείους</span> <span class='ocrx_word' id='word_1_225' title='bbox 3797 1789 3980 1841; x_wconf 84' lang='grc' dir='ltr'>αὐτῶν</span> 
     </span>
    </p>
   </div>
   <div class='ocr_carea' id='block_1_34' title="bbox 692 1867 2281 1952">
    <p class='ocr_par' dir='ltr' id='par_1_34' title="bbox 692 1877 2275 1952">
     <span class='ocr_line' id='line_1_34' title="bbox 692 1877 2275 1952; baseline -0.004 -13"><span class='ocrx_word' id='word_1_226' title='bbox 692 1888 931 1940; x_wconf 67' lang='lat' dir='ltr'><strong>maxime</strong></span> <span class='ocrx_word' id='word_1_227' title='bbox 950 1885 1219 1939; x_wconf 81' lang='lat' dir='ltr'><strong>habentur</strong></span> <span class='ocrx_word' id='word_1_228' title='bbox 1240 1887 1292 1937; x_wconf 89' lang='lat' dir='ltr'><strong>in</strong></span> <span class='ocrx_word' id='word_1_229' title='bbox 1320 1883 1496 1952; x_wconf 84' lang='lat' dir='ltr'><strong>pretio</strong></span> <span class='ocrx_word' id='word_1_230' title='bbox 1514 1889 1840 1943; x_wconf 86' lang='lat' dir='ltr'><strong>aromata,et</strong></span> <span class='ocrx_word' id='word_1_231' title='bbox 1862 1893 2084 1948; x_wconf 78' lang='lat' dir='ltr'><strong>magnes</strong></span> <span class='ocrx_word' id='word_1_232' title='bbox 2116 1877 2275 1946; x_wconf 88' lang='lat' dir='ltr'><strong>lapis.</strong></span> 
     </span>
    </p>
   </div>
   <div class='ocr_carea' id='block_1_35' title="bbox 2386 1867 3979 1952">
    <p class='ocr_par' dir='ltr' id='par_1_35' title="bbox 2388 1874 3979 1952">
     <span class='ocr_line' id='line_1_35' title="bbox 2388 1874 3979 1952; baseline 0.001 -24"><span class='ocrx_word' id='word_1_233' title='bbox 2388 1876 2515 1944; x_wconf 77' lang='grc' dir='ltr'>περὶ</span> <span class='ocrx_word' id='word_1_234' title='bbox 2545 1874 2613 1927; x_wconf 85' lang='grc' dir='ltr'><strong>τά</strong></span> <span class='ocrx_word' id='word_1_235' title='bbox 2644 1876 2837 1928; x_wconf 69' lang='grc' dir='ltr'>ἑκατὸν</span> <span class='ocrx_word' id='word_1_236' title='bbox 2868 1878 3210 1946; x_wconf 78' lang='grc' dir='ltr'>πεντήκοντα</span> <span class='ocrx_word' id='word_1_237' title='bbox 3247 1878 3340 1947; x_wconf 82' lang='grc' dir='ltr'><strong>ἔτη</strong></span> <span class='ocrx_word' id='word_1_238' title='bbox 3377 1880 3466 1932; x_wconf 80' lang='grc' dir='ltr'><strong>διὰ</strong></span> <span class='ocrx_word' id='word_1_239' title='bbox 3503 1881 3704 1952; x_wconf 81' lang='grc' dir='ltr'>πολλὴν</span> <span class='ocrx_word' id='word_1_240' title='bbox 3738 1879 3979 1947; x_wconf 69' lang='grc' dir='ltr'>καθαρό-</span> 
     </span>
    </p>
   </div>
   <div class='ocr_carea' id='block_1_36' title="bbox 693 1968 3982 2047">
    <p class='ocr_par' dir='ltr' id='par_1_36' title="bbox 693 1968 3982 2047">
     <span class='ocr_line' id='line_1_36' title="bbox 693 1968 3982 2047; baseline -0.002 -19"><span class='ocrx_word' id='word_1_241' title='bbox 693 1995 833 2045; x_wconf 69' lang='grc' dir='ltr'>τητα</span> <span class='ocrx_word' id='word_1_242' title='bbox 860 1979 950 2029; x_wconf 70' lang='grc' dir='ltr'><strong>καὶ</strong></span> <span class='ocrx_word' id='word_1_243' title='bbox 977 1977 1271 2047; x_wconf 72' lang='grc' dir='ltr'>εὐκρασίαν</span> <span class='ocrx_word' id='word_1_244' title='bbox 1298 1974 1390 2027; x_wconf 81' lang='grc' dir='ltr'>τοῦ</span> <span class='ocrx_word' id='word_1_245' title='bbox 1417 1975 1598 2045; x_wconf 89' lang='grc' dir='ltr'>ἀέρος.</span> <span class='ocrx_word' id='word_1_246' title='bbox 1627 1973 1895 2026; x_wconf 77' lang='grc' dir='ltr'>Οὐδέποτε</span> <span class='ocrx_word' id='word_1_247' title='bbox 1923 1971 2034 2040; x_wconf 91' lang='grc' dir='ltr'><strong>γάρ</strong></span> <span class='ocrx_word' id='word_1_248' title='bbox 2061 1972 2115 2021; x_wconf 84' lang='grc' dir='ltr'>ἐν</span> <span class='ocrx_word' id='word_1_249' title='bbox 2141 1971 2277 2040; x_wconf 73' lang='grc' dir='ltr'>αὐτῇ</span> <span class='ocrx_word' id='word_1_250' title='bbox 2314 1971 2489 2021; x_wconf 73' lang='grc' dir='ltr'>λείπει</span> <span class='ocrx_word' id='word_1_251' title='bbox 2517 1968 2708 2038; x_wconf 81' lang='grc' dir='ltr'>ὀπώρα</span> <span class='ocrx_word' id='word_1_252' title='bbox 2735 1969 2967 2021; x_wconf 84' lang='grc' dir='ltr'>παντοία</span> <span class='ocrx_word' id='word_1_253' title='bbox 2993 1971 3083 2022; x_wconf 75' lang='grc' dir='ltr'>τὸν</span> <span class='ocrx_word' id='word_1_254' title='bbox 3110 1971 3230 2023; x_wconf 83' lang='grc' dir='ltr'>ὅλον</span> <span class='ocrx_word' id='word_1_255' title='bbox 3257 1973 3478 2040; x_wconf 85' lang='grc' dir='ltr'>χρόνον·</span> <span class='ocrx_word' id='word_1_256' title='bbox 3510 1976 3567 2025; x_wconf 79' lang='grc' dir='ltr'><strong>ἐν</strong></span> <span class='ocrx_word' id='word_1_257' title='bbox 3629 1974 3802 2043; x_wconf 79' lang='grc' dir='ltr'>ταύτῃ</span> <span class='ocrx_word' id='word_1_258' title='bbox 3868 1974 3982 2041; x_wconf 78' lang='grc' dir='ltr'><strong>γάρ</strong></span> 
     </span>
    </p>
   </div>
   <div class='ocr_carea' id='block_1_37' title="bbox 692 2060 3981 2144">
    <p class='ocr_par' dir='ltr' id='par_1_37' title="bbox 692 2060 3981 2144">
     <span class='ocr_line' id='line_1_37' title="bbox 692 2060 3981 2144; baseline -0.002 -22"><span class='ocrx_word' id='word_1_259' title='bbox 692 2079 724 2144; x_wconf 75' lang='grc' dir='ltr'>ὴ</span> <span class='ocrx_word' id='word_1_260' title='bbox 765 2070 861 2140; x_wconf 83' lang='grc' dir='ltr'><strong>μὲν</strong></span> <span class='ocrx_word' id='word_1_261' title='bbox 892 2068 1063 2133; x_wconf 78' lang='grc' dir='ltr'>ἀνθεῖ,</span> <span class='ocrx_word' id='word_1_262' title='bbox 1094 2071 1126 2138; x_wconf 83' lang='grc' dir='ltr'>ὴ</span> <span class='ocrx_word' id='word_1_263' title='bbox 1159 2069 1214 2120; x_wconf 75' lang='grc' dir='ltr'>δὲ</span> <span class='ocrx_word' id='word_1_264' title='bbox 1245 2065 1561 2140; x_wconf 37' lang='grc' dir='ltr'>ὀμφακνίζει,</span> <span class='ocrx_word' id='word_1_265' title='bbox 1597 2069 1629 2135; x_wconf 82' lang='grc' dir='ltr'>ἡ</span> <span class='ocrx_word' id='word_1_266' title='bbox 1665 2066 1719 2118; x_wconf 73' lang='grc' dir='ltr'><strong>δὲ</strong></span> <span class='ocrx_word' id='word_1_267' title='bbox 1752 2065 2039 2135; x_wconf 83' lang='grc' dir='ltr'>τρυγᾶται.</span> <span class='ocrx_word' id='word_1_268' title='bbox 2075 2063 2184 2116; x_wconf 82' lang='grc' dir='ltr'>Καί</span> <span class='ocrx_word' id='word_1_269' title='bbox 2214 2079 2276 2130; x_wconf 87' lang='grc' dir='ltr'><strong>γε</strong></span> <span class='ocrx_word' id='word_1_270' title='bbox 2311 2062 2497 2115; x_wconf 76' lang='grc' dir='ltr'>καὶτὰ</span> <span class='ocrx_word' id='word_1_271' title='bbox 2530 2061 2763 2131; x_wconf 83' lang='grc' dir='ltr'>μέγιστα</span> <span class='ocrx_word' id='word_1_272' title='bbox 2782 2060 2981 2115; x_wconf 84' lang='grc' dir='ltr'>Ἰνδικά</span> <span class='ocrx_word' id='word_1_273' title='bbox 3007 2062 3246 2130; x_wconf 90' lang='grc' dir='ltr'>γίνονται</span> <span class='ocrx_word' id='word_1_274' title='bbox 3277 2067 3456 2135; x_wconf 84' lang='grc' dir='ltr'>κάρυα</span> <span class='ocrx_word' id='word_1_275' title='bbox 3519 2066 3615 2117; x_wconf 81' lang='grc' dir='ltr'>καὶ</span> <span class='ocrx_word' id='word_1_276' title='bbox 3675 2067 3742 2118; x_wconf 85' lang='grc' dir='ltr'><strong>τά</strong></span> <span class='ocrx_word' id='word_1_277' title='bbox 3776 2067 3981 2118; x_wconf 68' lang='grc' dir='ltr'>δυσπι-</span> 
     </span>
    </p>
   </div>
   <div class='ocr_carea' id='block_1_38' title="bbox 697 2149 2543 2229">
    <p class='ocr_par' dir='ltr' id='par_1_38' title="bbox 697 2149 2543 2229">
     <span class='ocr_line' id='line_1_38' title="bbox 697 2149 2543 2229; baseline -0.005 -15"><span class='ocrx_word' id='word_1_278' title='bbox 697 2167 857 2216; x_wconf 70' lang='grc' dir='ltr'>ριστα</span> <span class='ocrx_word' id='word_1_279' title='bbox 885 2159 1016 2229; x_wconf 77' lang='grc' dir='ltr'>ἡμῖν</span> <span class='ocrx_word' id='word_1_280' title='bbox 1043 2157 1140 2210; x_wconf 77' lang='grc' dir='ltr'><strong>καὶ</strong></span> <span class='ocrx_word' id='word_1_281' title='bbox 1170 2155 1378 2209; x_wconf 85' lang='grc' dir='ltr'>πανεπέ</span> <span class='ocrx_word' id='word_1_282' title='bbox 1390 2171 1562 2224; x_wconf 88' lang='grc' dir='ltr'>ραστα</span> <span class='ocrx_word' id='word_1_283' title='bbox 1587 2153 1857 2224; x_wconf 75' lang='grc' dir='ltr'>ἀρώματα</span> <span class='ocrx_word' id='word_1_284' title='bbox 1884 2153 1976 2205; x_wconf 77' lang='grc' dir='ltr'><strong>καὶ</strong></span> <span class='ocrx_word' id='word_1_285' title='bbox 2009 2155 2040 2223; x_wconf 84' lang='grc' dir='ltr'>ἡ</span> <span class='ocrx_word' id='word_1_286' title='bbox 2076 2151 2345 2222; x_wconf 81' lang='grc' dir='ltr'>μαγνῆτις</span> <span class='ocrx_word' id='word_1_287' title='bbox 2374 2149 2543 2228; x_wconf 80' lang='grc' dir='ltr'>λίθος.</span> 
     </span>
    </p>
   </div>
   <div class='ocr_carea' id='block_1_39' title="bbox 765 2245 2270 2321">
    <p class='ocr_par' dir='ltr' id='par_1_39' title="bbox 765 2245 2270 2321">
     <span class='ocr_line' id='line_1_39' title="bbox 765 2245 2270 2321; baseline -0.006 -16"><span class='ocrx_word' id='word_1_288' title='bbox 765 2252 930 2321; x_wconf 78' lang='lat'><strong>268</strong></span> <span class='ocrx_word' id='word_1_289' title='bbox 967 2250 1339 2304; x_wconf 88' lang='lat' dir='ltr'><strong>Braclnnanes</strong></span> <span class='ocrx_word' id='word_1_290' title='bbox 1371 2263 1536 2316; x_wconf 89' lang='lat' dir='ltr'><strong>porro</strong></span> <span class='ocrx_word' id='word_1_291' title='bbox 1569 2262 1701 2316; x_wconf 80' lang='lat' dir='ltr'><strong>gens</strong></span> <span class='ocrx_word' id='word_1_292' title='bbox 1727 2255 1810 2300; x_wconf 90' lang='lat' dir='ltr'><strong>est</strong></span> <span class='ocrx_word' id='word_1_293' title='bbox 1831 2245 2270 2316; x_wconf 77' lang='lat' dir='ltr'><strong>religiosissima.</strong></span> 
     </span>
    </p>
   </div>
   <div class='ocr_carea' id='block_1_40' title="bbox 696 2342 2274 2413">
    <p class='ocr_par' dir='ltr' id='par_1_40' title="bbox 696 2342 2274 2413">
     <span class='ocr_line' id='line_1_40' title="bbox 696 2342 2274 2413; baseline 0.002 -19"><span class='ocrx_word' id='word_1_294' title='bbox 696 2342 873 2396; x_wconf 61' lang='lat' dir='ltr'><strong>Vitam</strong></span> <span class='ocrx_word' id='word_1_295' title='bbox 906 2357 1068 2412; x_wconf 87' lang='lat' dir='ltr'><strong>opum</strong></span> <span class='ocrx_word' id='word_1_296' title='bbox 1110 2343 1334 2395; x_wconf 90' lang='lat' dir='ltr'><strong>omnino</strong></span> <span class='ocrx_word' id='word_1_297' title='bbox 1361 2348 1636 2409; x_wconf 81' lang='lat' dir='ltr'><strong>expertem</strong></span> <span class='ocrx_word' id='word_1_298' title='bbox 1673 2351 1865 2411; x_wconf 82' lang='lat' dir='ltr'><strong>agunt,</strong></span> <span class='ocrx_word' id='word_1_299' title='bbox 1898 2342 2142 2413; x_wconf 89' lang='lat' dir='ltr'><strong>nudique</strong></span> <span class='ocrx_word' id='word_1_300' title='bbox 2176 2344 2274 2397; x_wconf 88' lang='lat' dir='ltr'><strong>de-</strong></span> 
     </span>
    </p>
   </div>
   <div class='ocr_carea' id='block_1_41' title="bbox 697 2429 2278 2504">
    <p class='ocr_par' dir='ltr' id='par_1_41' title="bbox 697 2429 2278 2504">
     <span class='ocr_line' id='line_1_41' title="bbox 697 2429 2278 2504; baseline 0.004 -22"><span class='ocrx_word' id='word_1_301' title='bbox 697 2439 886 2496; x_wconf 74' lang='lat' dir='ltr'><strong>gentes</strong></span> <span class='ocrx_word' id='word_1_302' title='bbox 952 2430 1177 2484; x_wconf 87' lang='lat' dir='ltr'><strong>assidue</strong></span> <span class='ocrx_word' id='word_1_303' title='bbox 1220 2429 1389 2483; x_wconf 90' lang='lat' dir='ltr'><strong>Deum</strong></span> <span class='ocrx_word' id='word_1_304' title='bbox 1441 2429 1687 2483; x_wconf 73' lang='lat' dir='ltr'><strong>laudant.</strong></span> <span class='ocrx_word' id='word_1_305' title='bbox 1747 2432 1902 2500; x_wconf 83' lang='lat' dir='ltr'><strong>Apud</strong></span> <span class='ocrx_word' id='word_1_306' title='bbox 1957 2447 2053 2487; x_wconf 91' lang='lat' dir='ltr'><strong>eos</strong></span> <span class='ocrx_word' id='word_1_307' title='bbox 2104 2449 2278 2504; x_wconf 84' lang='lat' dir='ltr'><strong>neque</strong></span> 
     </span>
    </p>
   </div>
   <div class='ocr_carea' id='block_1_42' title="bbox 696 2523 2279 2597">
    <p class='ocr_par' dir='ltr' id='par_1_42' title="bbox 696 2523 2279 2597">
     <span class='ocr_line' id='line_1_42' title="bbox 696 2523 2279 2597; baseline 0.003 -23"><span class='ocrx_word' id='word_1_308' title='bbox 696 2523 1077 2591; x_wconf 77' lang='lat' dir='ltr'><strong>quadrupedes</strong></span> <span class='ocrx_word' id='word_1_309' title='bbox 1119 2536 1290 2590; x_wconf 81' lang='lat' dir='ltr'><strong>neque</strong></span> <span class='ocrx_word' id='word_1_310' title='bbox 1319 2524 1653 2588; x_wconf 82' lang='lat' dir='ltr'><strong>agricultura</strong></span> <span class='ocrx_word' id='word_1_311' title='bbox 1687 2533 1790 2587; x_wconf 90' lang='lat' dir='ltr'><strong>est,</strong></span> <span class='ocrx_word' id='word_1_312' title='bbox 1839 2540 2014 2594; x_wconf 87' lang='lat' dir='ltr'><strong>neque</strong></span> <span class='ocrx_word' id='word_1_313' title='bbox 2047 2525 2279 2597; x_wconf 75' lang='lat' dir='ltr'><strong>ferrum,</strong></span> 
     </span>
    </p>
   </div>
   <div class='ocr_carea' id='block_1_43' title="bbox 696 2613 2281 2689">
    <p class='ocr_par' dir='ltr' id='par_1_43' title="bbox 696 2613 2281 2689">
     <span class='ocr_line' id='line_1_43' title="bbox 696 2613 2281 2689; baseline 0.004 -23"><span class='ocrx_word' id='word_1_314' title='bbox 696 2628 875 2682; x_wconf 85' lang='lat' dir='ltr'><strong>neque</strong></span> <span class='ocrx_word' id='word_1_315' title='bbox 909 2613 1221 2678; x_wconf 72' lang='lat' dir='ltr'><strong>mdiﬂcitun,</strong></span> <span class='ocrx_word' id='word_1_316' title='bbox 1253 2629 1430 2683; x_wconf 91' lang='lat' dir='ltr'><strong>neque</strong></span> <span class='ocrx_word' id='word_1_317' title='bbox 1465 2614 1630 2683; x_wconf 75' lang='lat' dir='ltr'><strong>ignis,</strong></span> <span class='ocrx_word' id='word_1_318' title='bbox 1665 2631 1838 2685; x_wconf 88' lang='lat' dir='ltr'><strong>neque</strong></span> <span class='ocrx_word' id='word_1_319' title='bbox 1867 2633 2085 2684; x_wconf 84' lang='lat' dir='ltr'><strong>aurum,</strong></span> <span class='ocrx_word' id='word_1_320' title='bbox 2106 2636 2281 2689; x_wconf 88' lang='lat' dir='ltr'><strong>neque</strong></span> 
     </span>
    </p>
   </div>
   <div class='ocr_carea' id='block_1_44' title="bbox 699 2703 2280 2776">
    <p class='ocr_par' dir='ltr' id='par_1_44' title="bbox 699 2703 2280 2776">
     <span class='ocr_line' id='line_1_44' title="bbox 699 2703 2280 2776; baseline 0.008 -26"><span class='ocrx_word' id='word_1_321' title='bbox 699 2709 1008 2766; x_wconf 74' lang='lat' dir='ltr'><strong>argentum,</strong></span> <span class='ocrx_word' id='word_1_322' title='bbox 1039 2715 1215 2769; x_wconf 87' lang='lat' dir='ltr'><strong>neque</strong></span> <span class='ocrx_word' id='word_1_323' title='bbox 1236 2703 1417 2770; x_wconf 86' lang='lat' dir='ltr'><strong>panis,</strong></span> <span class='ocrx_word' id='word_1_324' title='bbox 1451 2717 1626 2771; x_wconf 90' lang='lat' dir='ltr'><strong>neque</strong></span> <span class='ocrx_word' id='word_1_325' title='bbox 1663 2705 1870 2770; x_wconf 72' lang='lat' dir='ltr'><strong>vinum,</strong></span> <span class='ocrx_word' id='word_1_326' title='bbox 1891 2722 2066 2776; x_wconf 88' lang='lat' dir='ltr'><strong>neque</strong></span> <span class='ocrx_word' id='word_1_327' title='bbox 2090 2712 2280 2775; x_wconf 80' lang='lat' dir='ltr'><strong>vestis,</strong></span> 
     </span>
    </p>
   </div>
   <div class='ocr_carea' id='block_1_45' title="bbox 698 2791 2278 2868">
    <p class='ocr_par' dir='ltr' id='par_1_45' title="bbox 698 2791 2278 2868">
     <span class='ocr_line' id='line_1_45' title="bbox 698 2791 2278 2868; baseline 0.008 -28"><span class='ocrx_word' id='word_1_328' title='bbox 698 2804 876 2858; x_wconf 78' lang='lat' dir='ltr'><strong>neque</strong></span> <span class='ocrx_word' id='word_1_329' title='bbox 940 2791 1122 2844; x_wconf 90' lang='lat' dir='ltr'><strong>carnis</strong></span> <span class='ocrx_word' id='word_1_330' title='bbox 1195 2806 1364 2856; x_wconf 85' lang='lat' dir='ltr'><strong>esus,</strong></span> <span class='ocrx_word' id='word_1_331' title='bbox 1434 2807 1612 2860; x_wconf 87' lang='lat' dir='ltr'><strong>neque</strong></span> <span class='ocrx_word' id='word_1_332' title='bbox 1684 2796 1910 2850; x_wconf 89' lang='lat' dir='ltr'><strong>omnino</strong></span> <span class='ocrx_word' id='word_1_333' title='bbox 1981 2797 2278 2868; x_wconf 85' lang='lat' dir='ltr'><strong>quidquam</strong></span> 
     </span>
    </p>
   </div>
   <div class='ocr_carea' id='block_1_46' title="bbox 697 2883 2281 2960">
    <p class='ocr_par' dir='ltr' id='par_1_46' title="bbox 697 2883 2281 2960">
     <span class='ocr_line' id='line_1_46' title="bbox 697 2883 2281 2960; baseline 0.006 -24"><span class='ocrx_word' id='word_1_334' title='bbox 697 2897 888 2936; x_wconf 88' lang='lat' dir='ltr'><strong>eorum</strong></span> <span class='ocrx_word' id='word_1_335' title='bbox 918 2897 1038 2952; x_wconf 59' lang='lat' dir='ltr'><strong>qua</strong></span> <span class='ocrx_word' id='word_1_336' title='bbox 1075 2883 1141 2937; x_wconf 87' lang='lat' dir='ltr'><strong>ad</strong></span> <span class='ocrx_word' id='word_1_337' title='bbox 1171 2897 1309 2951; x_wconf 87' lang='lat' dir='ltr'><strong>opus</strong></span> <span class='ocrx_word' id='word_1_338' title='bbox 1345 2883 1654 2939; x_wconf 78' lang='lat' dir='ltr'><strong>faciendum</strong></span> <span class='ocrx_word' id='word_1_339' title='bbox 1688 2896 1778 2940; x_wconf 85' lang='lat' dir='ltr'><strong>aut</strong></span> <span class='ocrx_word' id='word_1_340' title='bbox 1809 2889 2120 2944; x_wconf 78' lang='lat' dir='ltr'><strong>l&#39;ruitionem</strong></span> <span class='ocrx_word' id='word_1_341' title='bbox 2153 2907 2281 2960; x_wconf 83' lang='lat' dir='ltr'><strong>per-</strong></span> 
     </span>
    </p>
   </div>
   <div class='ocr_carea' id='block_1_47' title="bbox 699 2975 2284 3052">
    <p class='ocr_par' dir='ltr' id='par_1_47' title="bbox 699 2975 2284 3052">
     <span class='ocr_line' id='line_1_47' title="bbox 699 2975 2284 3052; baseline 0.006 -26"><span class='ocrx_word' id='word_1_342' title='bbox 699 2976 875 3028; x_wconf 85' lang='lat' dir='ltr'><strong>tinent</strong></span> <span class='ocrx_word' id='word_1_343' title='bbox 913 2995 924 3028; x_wconf 90' lang='lat'><strong>:</strong></span> <span class='ocrx_word' id='word_1_344' title='bbox 953 2975 1044 3028; x_wconf 87' lang='lat' dir='ltr'><strong>sed</strong></span> <span class='ocrx_word' id='word_1_345' title='bbox 1073 2975 1366 3045; x_wconf 88' lang='lat' dir='ltr'><strong>liquidum,</strong></span> <span class='ocrx_word' id='word_1_346' title='bbox 1389 2977 1600 3031; x_wconf 73' lang='lat' dir='ltr'><strong>dulcem</strong></span> <span class='ocrx_word' id='word_1_347' title='bbox 1650 2981 1964 3051; x_wconf 85' lang='lat' dir='ltr'><strong>optimeque</strong></span> <span class='ocrx_word' id='word_1_348' title='bbox 2015 2991 2284 3052; x_wconf 86' lang='lat' dir='ltr'><strong>tempera-</strong></span> 
     </span>
    </p>
   </div>
   <div class='ocr_carea' id='block_1_48' title="bbox 703 3064 2280 3133">
    <p class='ocr_par' dir='ltr' id='par_1_48' title="bbox 703 3064 2280 3133">
     <span class='ocr_line' id='line_1_48' title="bbox 703 3064 2280 3133; baseline 0.009 -17"><span class='ocrx_word' id='word_1_349' title='bbox 703 3078 814 3116; x_wconf 90' lang='lat' dir='ltr'><strong>tum</strong></span> <span class='ocrx_word' id='word_1_350' title='bbox 848 3074 896 3117; x_wconf 91' lang='lat' dir='ltr'><strong>et</strong></span> <span class='ocrx_word' id='word_1_351' title='bbox 930 3064 1363 3132; x_wconf 82' lang='lat' dir='ltr'><strong>pulcherrimum</strong></span> <span class='ocrx_word' id='word_1_352' title='bbox 1398 3082 1603 3133; x_wconf 89' lang='lat' dir='ltr'><strong>aerem,</strong></span> <span class='ocrx_word' id='word_1_353' title='bbox 1651 3071 1830 3125; x_wconf 90' lang='lat' dir='ltr'><strong>onmis</strong></span> <span class='ocrx_word' id='word_1_354' title='bbox 1885 3072 2280 3130; x_wconf 74' lang='lat' dir='ltr'><strong>imbecillitatis</strong></span> 
     </span>
    </p>
   </div>
   <div class='ocr_carea' id='block_1_49' title="bbox 701 3163 2280 3238">
    <p class='ocr_par' dir='ltr' id='par_1_49' title="bbox 701 3163 2280 3238">
     <span class='ocr_line' id='line_1_49' title="bbox 701 3163 2280 3238; baseline 0.009 -28"><span class='ocrx_word' id='word_1_355' title='bbox 701 3168 795 3211; x_wconf 84' lang='lat' dir='ltr'><strong>aut</strong></span> <span class='ocrx_word' id='word_1_356' title='bbox 836 3163 1160 3231; x_wconf 68' lang='lat' dir='ltr'><strong>corruptelae</strong></span> <span class='ocrx_word' id='word_1_357' title='bbox 1204 3177 1438 3216; x_wconf 84' lang='lat' dir='ltr'><strong>vacuum</strong></span> <span class='ocrx_word' id='word_1_358' title='bbox 1472 3163 1788 3220; x_wconf 85' lang='lat' dir='ltr'><strong>haurientes</strong></span> <span class='ocrx_word' id='word_1_359' title='bbox 1842 3177 1896 3221; x_wconf 88' lang='lat' dir='ltr'><strong>et</strong></span> <span class='ocrx_word' id='word_1_360' title='bbox 1944 3169 2280 3238; x_wconf 87' lang='lat' dir='ltr'><strong>aliquantulo</strong></span> 
     </span>
    </p>
   </div>
   <div class='ocr_carea' id='block_1_50' title="bbox 703 3251 2282 3324">
    <p class='ocr_par' dir='ltr' id='par_1_50' title="bbox 703 3251 2282 3324">
     <span class='ocr_line' id='line_1_50' title="bbox 703 3251 2282 3324; baseline 0.006 -19"><span class='ocrx_word' id='word_1_361' title='bbox 703 3251 740 3305; x_wconf 76' lang='lat' dir='ltr'><strong>fu</strong></span> <span class='ocrx_word' id='word_1_362' title='bbox 760 3267 921 3322; x_wconf 82' lang='lat' dir='ltr'><strong>ugum</strong></span> <span class='ocrx_word' id='word_1_363' title='bbox 947 3268 1011 3305; x_wconf 88' lang='lat' dir='ltr'><strong>ac</strong></span> <span class='ocrx_word' id='word_1_364' title='bbox 1035 3254 1434 3322; x_wconf 73' lang='lat' dir='ltr'><strong>limpidissimte</strong></span> <span class='ocrx_word' id='word_1_365' title='bbox 1459 3270 1612 3324; x_wconf 67' lang='lat' dir='ltr'><strong>aquae</strong></span> <span class='ocrx_word' id='word_1_366' title='bbox 1639 3251 1945 3322; x_wconf 81' lang='lat' dir='ltr'><strong>vescentes,</strong></span> <span class='ocrx_word' id='word_1_367' title='bbox 1979 3259 2147 3314; x_wconf 89' lang='lat' dir='ltr'><strong>Deum</strong></span> <span class='ocrx_word' id='word_1_368' title='bbox 2168 3262 2282 3316; x_wconf 89' lang='lat' dir='ltr'><strong>sin-</strong></span> 
     </span>
    </p>
   </div>
   <div class='ocr_carea' id='block_1_51' title="bbox 2453 2244 3968 2315">
    <p class='ocr_par' dir='ltr' id='par_1_51' title="bbox 2453 2244 3968 2315">
     <span class='ocr_line' id='line_1_51' title="bbox 2453 2244 3968 2315; baseline 0.004 -19"><span class='ocrx_word' id='word_1_369' title='bbox 2453 2244 2515 2296; x_wconf 83' lang='lat' dir='ltr'><strong>Oi</strong></span> <span class='ocrx_word' id='word_1_370' title='bbox 2560 2244 2743 2296; x_wconf 81' lang='grc' dir='ltr'>τοίνυν</span> <span class='ocrx_word' id='word_1_371' title='bbox 2790 2245 3118 2315; x_wconf 81' lang='grc' dir='ltr'>Βραχμᾶνες</span> <span class='ocrx_word' id='word_1_372' title='bbox 3172 2245 3322 2310; x_wconf 84' lang='grc' dir='ltr'>ἔθνος</span> <span class='ocrx_word' id='word_1_373' title='bbox 3373 2247 3512 2301; x_wconf 75' lang='grc' dir='ltr'>είσὶν</span> <span class='ocrx_word' id='word_1_374' title='bbox 3556 2248 3968 2310; x_wconf 78' lang='grc' dir='ltr'>εὐσεεέστατον,</span> 
     </span>
    </p>
   </div>
   <div class='ocr_carea' id='block_1_52' title="bbox 2383 2333 3974 2408">
    <p class='ocr_par' dir='ltr' id='par_1_52' title="bbox 2383 2333 3974 2408">
     <span class='ocr_line' id='line_1_52' title="bbox 2383 2333 3974 2408; baseline 0.004 -22"><span class='ocrx_word' id='word_1_375' title='bbox 2383 2333 2498 2404; x_wconf 83' lang='grc' dir='ltr'>βίον</span> <span class='ocrx_word' id='word_1_376' title='bbox 2529 2336 2812 2404; x_wconf 76' lang='grc' dir='ltr'>ἀκτήμονά</span> <span class='ocrx_word' id='word_1_377' title='bbox 2850 2335 3054 2406; x_wconf 86' lang='grc' dir='ltr'>σφόδρα</span> <span class='ocrx_word' id='word_1_378' title='bbox 3086 2337 3445 2406; x_wconf 75' lang='grc' dir='ltr'>κεκτημένοι,</span> <span class='ocrx_word' id='word_1_379' title='bbox 3482 2339 3578 2391; x_wconf 76' lang='grc' dir='ltr'>καὶ</span> <span class='ocrx_word' id='word_1_380' title='bbox 3607 2339 3829 2408; x_wconf 88' lang='grc' dir='ltr'>γυμνῶς</span> <span class='ocrx_word' id='word_1_381' title='bbox 3861 2340 3974 2392; x_wconf 85' lang='grc' dir='ltr'>δια-</span> 
     </span>
    </p>
   </div>
   <div class='ocr_carea' id='block_1_53' title="bbox 2384 2425 3975 2501">
    <p class='ocr_par' dir='ltr' id='par_1_53' title="bbox 2384 2425 3975 2501">
     <span class='ocr_line' id='line_1_53' title="bbox 2384 2425 3975 2501; baseline 0.004 -23"><span class='ocrx_word' id='word_1_382' title='bbox 2384 2425 2586 2490; x_wconf 78' lang='grc' dir='ltr'>ζῶντες</span> <span class='ocrx_word' id='word_1_383' title='bbox 2613 2428 2701 2481; x_wconf 74' lang='grc' dir='ltr'><strong>ἀεὶ</strong></span> <span class='ocrx_word' id='word_1_384' title='bbox 2731 2428 2821 2480; x_wconf 80' lang='grc' dir='ltr'><strong>τὸν</strong></span> <span class='ocrx_word' id='word_1_385' title='bbox 2851 2427 2983 2480; x_wconf 78' lang='grc' dir='ltr'>Θεὸν</span> <span class='ocrx_word' id='word_1_386' title='bbox 3013 2428 3317 2492; x_wconf 76' lang='grc' dir='ltr'>δοξάζουσι.</span> <span class='ocrx_word' id='word_1_387' title='bbox 3350 2429 3490 2500; x_wconf 88' lang='grc' dir='ltr'>Παρ’</span> <span class='ocrx_word' id='word_1_388' title='bbox 3511 2425 3589 2492; x_wconf 78' lang='grc' dir='ltr'>οἷς</span> <span class='ocrx_word' id='word_1_389' title='bbox 3617 2431 3680 2482; x_wconf 74' lang='grc' dir='ltr'><strong>οὐ</strong></span> <span class='ocrx_word' id='word_1_390' title='bbox 3711 2433 3975 2501; x_wconf 69' lang='grc' dir='ltr'>τετράπεο</span> 
     </span>
    </p>
   </div>
   <div class='ocr_carea' id='block_1_54' title="bbox 2382 2517 3973 2595">
    <p class='ocr_par' dir='ltr' id='par_1_54' title="bbox 2382 2517 3973 2595">
     <span class='ocr_line' id='line_1_54' title="bbox 2382 2517 3973 2595; baseline 0.005 -25"><span class='ocrx_word' id='word_1_391' title='bbox 2382 2518 2471 2571; x_wconf 83' lang='grc' dir='ltr'><strong>δον</strong></span> <span class='ocrx_word' id='word_1_392' title='bbox 2499 2517 2668 2583; x_wconf 77' lang='grc' dir='ltr'>ἐστιν,</span> <span class='ocrx_word' id='word_1_393' title='bbox 2698 2521 2758 2572; x_wconf 86' lang='grc' dir='ltr'><strong>οὐ</strong></span> <span class='ocrx_word' id='word_1_394' title='bbox 2791 2519 3080 2589; x_wconf 85' lang='grc' dir='ltr'>γεώργιον,</span> <span class='ocrx_word' id='word_1_395' title='bbox 3107 2523 3168 2573; x_wconf 82' lang='grc' dir='ltr'><strong>οὑ</strong></span> <span class='ocrx_word' id='word_1_396' title='bbox 3204 2522 3442 2593; x_wconf 77' lang='grc' dir='ltr'>σίδηρος,</span> <span class='ocrx_word' id='word_1_397' title='bbox 3471 2524 3570 2577; x_wconf 71' lang='grc' dir='ltr'><strong>οὐκ</strong></span> <span class='ocrx_word' id='word_1_398' title='bbox 3599 2525 3878 2595; x_wconf 76' lang='grc' dir='ltr'>οἰκοδομὴ,</span> <span class='ocrx_word' id='word_1_399' title='bbox 3910 2527 3973 2578; x_wconf 72' lang='grc' dir='ltr'><strong>οὐ</strong></span> 
     </span>
    </p>
   </div>
   <div class='ocr_carea' id='block_1_55' title="bbox 2385 2611 3968 2685">
    <p class='ocr_par' dir='ltr' id='par_1_55' title="bbox 2385 2611 3968 2685">
     <span class='ocr_line' id='line_1_55' title="bbox 2385 2611 3968 2685; baseline 0.004 -21"><span class='ocrx_word' id='word_1_400' title='bbox 2385 2611 2520 2681; x_wconf 77' lang='grc' dir='ltr'>πῦρ,</span> <span class='ocrx_word' id='word_1_401' title='bbox 2555 2613 2616 2664; x_wconf 84' lang='grc' dir='ltr'><strong>οὐ</strong></span> <span class='ocrx_word' id='word_1_402' title='bbox 2649 2613 2870 2682; x_wconf 77' lang='grc' dir='ltr'>χρυσὸς,</span> <span class='ocrx_word' id='word_1_403' title='bbox 2900 2614 3002 2666; x_wconf 73' lang='grc' dir='ltr'><strong>οὐκ</strong></span> <span class='ocrx_word' id='word_1_404' title='bbox 3033 2613 3430 2685; x_wconf 82' lang='grc' dir='ltr'>ἀργυρος,οὐκ</span> <span class='ocrx_word' id='word_1_405' title='bbox 3463 2616 3647 2684; x_wconf 83' lang='grc' dir='ltr'>ἄρτος,</span> <span class='ocrx_word' id='word_1_406' title='bbox 3678 2620 3775 2670; x_wconf 61' lang='grc' dir='ltr'>οὐκ</span> <span class='ocrx_word' id='word_1_407' title='bbox 3805 2617 3968 2682; x_wconf 72' lang='grc' dir='ltr'>οἶνος,</span> 
     </span>
    </p>
   </div>
   <div class='ocr_carea' id='block_1_56' title="bbox 2385 2704 3972 2781">
    <p class='ocr_par' dir='ltr' id='par_1_56' title="bbox 2385 2704 3972 2781">
     <span class='ocr_line' id='line_1_56' title="bbox 2385 2704 3972 2781; baseline 0.004 -27"><span class='ocrx_word' id='word_1_408' title='bbox 2385 2704 2483 2773; x_wconf 84' lang='grc' dir='ltr'>οὐχ</span> <span class='ocrx_word' id='word_1_409' title='bbox 2513 2704 2744 2772; x_wconf 88' lang='grc' dir='ltr'>ἱμάτιον,</span> <span class='ocrx_word' id='word_1_410' title='bbox 2771 2704 2830 2755; x_wconf 83' lang='grc' dir='ltr'>οὺ</span> <span class='ocrx_word' id='word_1_411' title='bbox 2861 2705 3202 2774; x_wconf 74' lang='grc' dir='ltr'>κρεωφαγία,</span> <span class='ocrx_word' id='word_1_412' title='bbox 3231 2705 3332 2758; x_wconf 84' lang='grc' dir='ltr'><strong>οὐκ</strong></span> <span class='ocrx_word' id='word_1_413' title='bbox 3358 2707 3485 2759; x_wconf 81' lang='grc' dir='ltr'>ἄλλο</span> <span class='ocrx_word' id='word_1_414' title='bbox 3510 2723 3563 2758; x_wconf 86' lang='grc' dir='ltr'><strong>τι</strong></span> <span class='ocrx_word' id='word_1_415' title='bbox 3592 2705 3677 2778; x_wconf 88' lang='grc' dir='ltr'><strong>[Ρ.</strong></span> <span class='ocrx_word' id='word_1_416' title='bbox 3710 2707 3832 2781; x_wconf 66' lang='grc'><strong>133]</strong></span> <span class='ocrx_word' id='word_1_417' title='bbox 3863 2710 3972 2760; x_wconf 79' lang='grc' dir='ltr'><strong>τῶν</strong></span> 
     </span>
    </p>
   </div>
   <div class='ocr_carea' id='block_1_57' title="bbox 2385 2794 3975 2866">
    <p class='ocr_par' dir='ltr' id='par_1_57' title="bbox 2385 2794 3975 2866">
     <span class='ocr_line' id='line_1_57' title="bbox 2385 2794 3975 2866; baseline 0.006 -23"><span class='ocrx_word' id='word_1_418' title='bbox 2385 2795 2465 2851; x_wconf 83' lang='grc' dir='ltr'>εἰς</span> <span class='ocrx_word' id='word_1_419' title='bbox 2493 2794 2757 2862; x_wconf 71' lang='grc' dir='ltr'>ἐργασίαν</span> <span class='ocrx_word' id='word_1_420' title='bbox 2785 2796 3180 2848; x_wconf 80' lang='grc' dir='ltr'>συντελούντων</span> <span class='ocrx_word' id='word_1_421' title='bbox 3209 2797 3240 2866; x_wconf 79' lang='grc' dir='ltr'>ἦ</span> <span class='ocrx_word' id='word_1_422' title='bbox 3270 2797 3405 2865; x_wconf 78' lang='grc' dir='ltr'>πρὸς</span> <span class='ocrx_word' id='word_1_423' title='bbox 3435 2799 3734 2852; x_wconf 79' lang='grc' dir='ltr'>ἀπόλαυσιν</span> <span class='ocrx_word' id='word_1_424' title='bbox 3766 2817 3975 2852; x_wconf 41' lang='grc' dir='ltr'>συντα-</span> 
     </span>
    </p>
   </div>
   <div class='ocr_carea' id='block_1_58' title="bbox 2385 2886 3974 2962">
    <p class='ocr_par' dir='ltr' id='par_1_58' title="bbox 2385 2886 3974 2962">
     <span class='ocr_line' id='line_1_58' title="bbox 2385 2886 3974 2962; baseline 0.003 -24"><span class='ocrx_word' id='word_1_425' title='bbox 2385 2886 2586 2938; x_wconf 76' lang='grc' dir='ltr'>νόντων</span> <span class='ocrx_word' id='word_1_426' title='bbox 2613 2902 2626 2916; x_wconf 89' lang='grc'><strong>·</strong></span> <span class='ocrx_word' id='word_1_427' title='bbox 2671 2887 2808 2938; x_wconf 81' lang='grc' dir='ltr'>ἀλλά</span> <span class='ocrx_word' id='word_1_428' title='bbox 2848 2887 2939 2941; x_wconf 75' lang='grc' dir='ltr'><strong>τὸν</strong></span> <span class='ocrx_word' id='word_1_429' title='bbox 2980 2889 3146 2958; x_wconf 73' lang='grc' dir='ltr'>ὑγρὸν</span> <span class='ocrx_word' id='word_1_430' title='bbox 3191 2889 3286 2940; x_wconf 66' lang='grc' dir='ltr'>καὶ</span> <span class='ocrx_word' id='word_1_431' title='bbox 3324 2890 3528 2956; x_wconf 77' lang='grc' dir='ltr'>γλυκὺν</span> <span class='ocrx_word' id='word_1_432' title='bbox 3572 2893 3663 2943; x_wconf 77' lang='grc' dir='ltr'><strong>καὶ</strong></span> <span class='ocrx_word' id='word_1_433' title='bbox 3705 2891 3974 2962; x_wconf 65' lang='grc' dir='ltr'>εὔκρατον</span> 
     </span>
    </p>
   </div>
   <div class='ocr_carea' id='block_1_59' title="bbox 2385 2975 3976 3051">
    <p class='ocr_par' dir='ltr' id='par_1_59' title="bbox 2385 2975 3976 3051">
     <span class='ocr_line' id='line_1_59' title="bbox 2385 2975 3976 3051; baseline 0.003 -22"><span class='ocrx_word' id='word_1_434' title='bbox 2385 2975 2525 3042; x_wconf 74' lang='grc' dir='ltr'>ἄγαν</span> <span class='ocrx_word' id='word_1_435' title='bbox 2557 2977 2652 3029; x_wconf 72' lang='grc' dir='ltr'><strong>καὶ</strong></span> <span class='ocrx_word' id='word_1_436' title='bbox 2686 2976 2976 3030; x_wconf 84' lang='grc' dir='ltr'>κάλλιστον</span> <span class='ocrx_word' id='word_1_437' title='bbox 3015 2980 3151 3048; x_wconf 60' lang='grc' dir='ltr'>ἀέρα</span> <span class='ocrx_word' id='word_1_438' title='bbox 3189 2981 3282 3032; x_wconf 70' lang='grc' dir='ltr'><strong>καὶ</strong></span> <span class='ocrx_word' id='word_1_439' title='bbox 3317 2981 3495 3050; x_wconf 78' lang='grc' dir='ltr'>πάσης</span> <span class='ocrx_word' id='word_1_440' title='bbox 3531 2982 3840 3051; x_wconf 66' lang='grc' dir='ltr'>ἀρρωστίας</span> <span class='ocrx_word' id='word_1_441' title='bbox 3879 3001 3910 3034; x_wconf 88' lang='grc' dir='ltr'><strong>κ</strong></span> <span class='ocrx_word' id='word_1_442' title='bbox 3953 2987 3976 3028; x_wconf 65' lang='grc' dir='ltr'>δ.</span> 
     </span>
    </p>
   </div>
   <div class='ocr_carea' id='block_1_60' title="bbox 2389 3068 3975 3146">
    <p class='ocr_par' dir='ltr' id='par_1_60' title="bbox 2389 3068 3975 3146">
     <span class='ocr_line' id='line_1_60' title="bbox 2389 3068 3975 3146; baseline 0.008 -31"><span class='ocrx_word' id='word_1_443' title='bbox 2389 3068 2594 3136; x_wconf 65' lang='grc' dir='ltr'>φθοράς</span> <span class='ocrx_word' id='word_1_444' title='bbox 2626 3069 3044 3138; x_wconf 80' lang='grc' dir='ltr'>ἀπηλλαγμένον</span> <span class='ocrx_word' id='word_1_445' title='bbox 3076 3072 3321 3134; x_wconf 81' lang='grc' dir='ltr'>σπῶντες</span> <span class='ocrx_word' id='word_1_446' title='bbox 3341 3113 3355 3137; x_wconf 91' lang='grc'><strong>,</strong></span> <span class='ocrx_word' id='word_1_447' title='bbox 3392 3075 3485 3126; x_wconf 81' lang='grc' dir='ltr'>καὶ</span> <span class='ocrx_word' id='word_1_448' title='bbox 3518 3077 3721 3143; x_wconf 77' lang='grc' dir='ltr'>μικράς</span> <span class='ocrx_word' id='word_1_449' title='bbox 3750 3073 3975 3146; x_wconf 78' lang='grc' dir='ltr'>ὀπώρας</span> 
     </span>
    </p>
   </div>
   <div class='ocr_carea' id='block_1_61' title="bbox 2390 3162 3976 3238">
    <p class='ocr_par' dir='ltr' id='par_1_61' title="bbox 2390 3162 3976 3238">
     <span class='ocr_line' id='line_1_61' title="bbox 2390 3162 3976 3238; baseline 0.004 -26"><span class='ocrx_word' id='word_1_450' title='bbox 2390 3162 2484 3212; x_wconf 76' lang='grc' dir='ltr'><strong>καὶ</strong></span> <span class='ocrx_word' id='word_1_451' title='bbox 2514 3162 2874 3216; x_wconf 78' lang='grc' dir='ltr'>διειδεστάτου</span> <span class='ocrx_word' id='word_1_452' title='bbox 2907 3163 3099 3226; x_wconf 75' lang='grc' dir='ltr'>ὕδατος</span> <span class='ocrx_word' id='word_1_453' title='bbox 3132 3165 3524 3230; x_wconf 76' lang='grc' dir='ltr'>ἀπολαύοντες,</span> <span class='ocrx_word' id='word_1_454' title='bbox 3559 3168 3806 3221; x_wconf 58' lang='grc' dir='ltr'>σέϐονται</span> <span class='ocrx_word' id='word_1_455' title='bbox 3837 3186 3976 3238; x_wconf 41' lang='grc' dir='ltr'>γνγιο</span> 
     </span>
    </p>
   </div>
   <div class='ocr_carea' id='block_1_62' title="bbox 2390 3253 3977 3328">
    <p class='ocr_par' dir='ltr' id='par_1_62' title="bbox 2390 3253 3977 3328">
     <span class='ocr_line' id='line_1_62' title="bbox 2390 3253 3977 3328; baseline 0.006 -25"><span class='ocrx_word' id='word_1_456' title='bbox 2390 3253 2519 3315; x_wconf 75' lang='grc' dir='ltr'>σέως</span> <span class='ocrx_word' id='word_1_457' title='bbox 2544 3255 2633 3307; x_wconf 83' lang='grc' dir='ltr'><strong>τὸν</strong></span> <span class='ocrx_word' id='word_1_458' title='bbox 2660 3254 2792 3307; x_wconf 82' lang='grc' dir='ltr'>Θεὸν</span> <span class='ocrx_word' id='word_1_459' title='bbox 2820 3257 2915 3308; x_wconf 73' lang='grc' dir='ltr'>καὶ</span> <span class='ocrx_word' id='word_1_460' title='bbox 2948 3256 3312 3320; x_wconf 82' lang='grc' dir='ltr'>ἀδιαλείπτως</span> <span class='ocrx_word' id='word_1_461' title='bbox 3345 3259 3758 3328; x_wconf 75' lang='grc' dir='ltr'>προσεύχονται.</span> <span class='ocrx_word' id='word_1_462' title='bbox 3789 3261 3896 3311; x_wconf 73' lang='grc' dir='ltr'>Καὶ</span> <span class='ocrx_word' id='word_1_463' title='bbox 3923 3263 3977 3312; x_wconf 63' lang='lat' dir='ltr'><strong>ei</strong></span> 
     </span>
    </p>
   </div>
   <div class='ocr_carea' id='block_1_63' title="bbox 705 3343 2281 3433">
    <p class='ocr_par' dir='ltr' id='par_1_63' title="bbox 705 3343 2278 3419">
     <span class='ocr_line' id='line_1_63' title="bbox 705 3343 2278 3419; baseline 0.008 -28"><span class='ocrx_word' id='word_1_464' title='bbox 705 3358 830 3395; x_wconf 71' lang='lat' dir='ltr'><strong>t-ere</strong></span> <span class='ocrx_word' id='word_1_465' title='bbox 867 3343 1053 3396; x_wconf 89' lang='lat' dir='ltr'><strong>colunt</strong></span> <span class='ocrx_word' id='word_1_466' title='bbox 1079 3358 1141 3396; x_wconf 88' lang='lat' dir='ltr'><strong>ac</strong></span> <span class='ocrx_word' id='word_1_467' title='bbox 1169 3354 1432 3414; x_wconf 90' lang='lat' dir='ltr'><strong>perpetuo</strong></span> <span class='ocrx_word' id='word_1_468' title='bbox 1462 3357 1776 3413; x_wconf 88' lang='lat' dir='ltr'><strong>precantur.</strong></span> <span class='ocrx_word' id='word_1_469' title='bbox 1814 3347 1923 3401; x_wconf 85' lang='lat' dir='ltr'><strong>Viri</strong></span> <span class='ocrx_word' id='word_1_470' title='bbox 1965 3350 2181 3419; x_wconf 87' lang='lat' dir='ltr'><strong>quidem</strong></span> <span class='ocrx_word' id='word_1_471' title='bbox 2212 3351 2278 3404; x_wconf 91' lang='lat' dir='ltr'><strong>ad</strong></span> 
     </span>
    </p>
   </div>
   <div class='ocr_carea' id='block_1_64' title="bbox 2386 3343 3970 3433">
    <p class='ocr_par' dir='ltr' id='par_1_64' title="bbox 2392 3343 3970 3417">
     <span class='ocr_line' id='line_1_64' title="bbox 2392 3343 3970 3417; baseline 0.006 -23"><span class='ocrx_word' id='word_1_472' title='bbox 2392 3344 2489 3410; x_wconf 73' lang='grc' dir='ltr'><strong>μὲν</strong></span> <span class='ocrx_word' id='word_1_473' title='bbox 2512 3343 2703 3413; x_wconf 83' lang='grc' dir='ltr'>ἄνδρες</span> <span class='ocrx_word' id='word_1_474' title='bbox 2729 3347 2806 3407; x_wconf 88' lang='grc' dir='ltr'><strong>είς</strong></span> <span class='ocrx_word' id='word_1_475' title='bbox 2831 3347 2890 3397; x_wconf 73' lang='grc' dir='ltr'><strong>τὸ</strong></span> <span class='ocrx_word' id='word_1_476' title='bbox 2913 3346 3007 3398; x_wconf 77' lang='grc' dir='ltr'><strong>τοῦ</strong></span> <span class='ocrx_word' id='word_1_477' title='bbox 3036 3348 3287 3398; x_wconf 75' lang='grc' dir='ltr'>Ὠκεανοῦ</span> <span class='ocrx_word' id='word_1_478' title='bbox 3321 3351 3484 3417; x_wconf 80' lang='grc' dir='ltr'>μέρος</span> <span class='ocrx_word' id='word_1_479' title='bbox 3512 3350 3886 3417; x_wconf 75' lang='grc' dir='ltr'>παροικοῦσιν,</span> <span class='ocrx_word' id='word_1_480' title='bbox 3912 3355 3970 3403; x_wconf 79' lang='grc' dir='ltr'>αἱ</span> 
     </span>
    </p>
   </div>
   <div class='ocr_carea' id='block_1_65' title="bbox 708 3426 2281 3506">
    <p class='ocr_par' dir='ltr' id='par_1_65' title="bbox 708 3432 2281 3502">
     <span class='ocr_line' id='line_1_65' title="bbox 708 3432 2281 3502; baseline 0.006 -17"><span class='ocrx_word' id='word_1_481' title='bbox 708 3432 987 3486; x_wconf 85' lang='lat' dir='ltr'><strong>Oceanum</strong></span> <span class='ocrx_word' id='word_1_482' title='bbox 1048 3435 1317 3502; x_wconf 89' lang='lat' dir='ltr'><strong>incolunt,</strong></span> <span class='ocrx_word' id='word_1_483' title='bbox 1365 3436 1622 3492; x_wconf 88' lang='lat' dir='ltr'><strong>mulieres</strong></span> <span class='ocrx_word' id='word_1_484' title='bbox 1657 3448 1837 3492; x_wconf 88' lang='lat' dir='ltr'><strong>autem</strong></span> <span class='ocrx_word' id='word_1_485' title='bbox 1876 3439 2002 3492; x_wconf 87' lang='lat' dir='ltr'><strong>inde</strong></span> <span class='ocrx_word' id='word_1_486' title='bbox 2039 3440 2103 3492; x_wconf 90' lang='lat' dir='ltr'><strong>ad</strong></span> <span class='ocrx_word' id='word_1_487' title='bbox 2137 3440 2281 3494; x_wconf 86' lang='lat' dir='ltr'><strong>Gan-</strong></span> 
     </span>
    </p>
   </div>
   <div class='ocr_carea' id='block_1_66' title="bbox 2386 3426 3972 3506">
    <p class='ocr_par' dir='ltr' id='par_1_66' title="bbox 2386 3434 3972 3506">
     <span class='ocr_line' id='line_1_66' title="bbox 2386 3434 3972 3506; baseline 0.026 -22"><span class='ocrx_word' id='word_1_488' title='bbox 2386 3434 2440 3485; x_wconf 75' lang='grc' dir='ltr'><strong>δὲ</strong></span> <span class='ocrx_word' id='word_1_489' title='bbox 2483 3438 2740 3502; x_wconf 72' lang='grc' dir='ltr'>γυναῖκες</span> <span class='ocrx_word' id='word_1_490' title='bbox 2776 3435 3027 3488; x_wconf 71' lang='grc' dir='ltr'>ἐντεῦθεν</span> <span class='ocrx_word' id='word_1_491' title='bbox 3060 3437 3153 3490; x_wconf 64' lang='grc' dir='ltr'><strong>τοῦ</strong></span> <span class='ocrx_word' id='word_1_492' title='bbox 3195 3437 3438 3506; x_wconf 69' lang='grc' dir='ltr'><strong>ποταμοῦ</strong></span> <span class='ocrx_word' id='word_1_493' title='bbox 3475 3439 3688 3506; x_wconf 67' lang='grc' dir='ltr'>Γάγγου</span> <span class='ocrx_word' id='word_1_494' title='bbox 3726 3440 3820 3492; x_wconf 58' lang='grc' dir='ltr'><strong>τοῦ</strong></span> <span class='ocrx_word' id='word_1_495' title='bbox 3863 3458 3972 3492; x_wconf 59' lang='lat' dir='ltr'><strong>m&#39;</strong></span> 
     </span>
    </p>
   </div>
   <div class='ocr_carea' id='block_1_67' title="bbox 708 3525 2282 3598">
    <p class='ocr_par' dir='ltr' id='par_1_67' title="bbox 708 3525 2282 3598">
     <span class='ocr_line' id='line_1_67' title="bbox 708 3525 2282 3598; baseline 0.006 -21"><span class='ocrx_word' id='word_1_496' title='bbox 708 3541 828 3594; x_wconf 77' lang='lat' dir='ltr'><strong>gem</strong></span> <span class='ocrx_word' id='word_1_497' title='bbox 883 3525 1104 3580; x_wconf 88' lang='lat' dir='ltr'><strong>ﬂuvium</strong></span> <span class='ocrx_word' id='word_1_498' title='bbox 1153 3526 1341 3591; x_wconf 77' lang='lat' dir='ltr'><strong>ludite,</strong></span> <span class='ocrx_word' id='word_1_499' title='bbox 1403 3530 1495 3598; x_wconf 83' lang='lat' dir='ltr'><strong>qui</strong></span> <span class='ocrx_word' id='word_1_500' title='bbox 1553 3531 1608 3583; x_wconf 91' lang='lat' dir='ltr'><strong>in</strong></span> <span class='ocrx_word' id='word_1_501' title='bbox 1655 3529 1930 3584; x_wconf 87' lang='lat' dir='ltr'><strong>Oceanum</strong></span> <span class='ocrx_word' id='word_1_502' title='bbox 1970 3531 2160 3585; x_wconf 80' lang='lat' dir='ltr'><strong>eiﬂuit.</strong></span> <span class='ocrx_word' id='word_1_503' title='bbox 2199 3533 2282 3587; x_wconf 86' lang='lat' dir='ltr'><strong>Ad</strong></span> 
     </span>
    </p>
   </div>
   <div class='ocr_carea' id='block_1_68' title="bbox 712 3618 2282 3694">
    <p class='ocr_par' dir='ltr' id='par_1_68' title="bbox 712 3618 2282 3694">
     <span class='ocr_line' id='line_1_68' title="bbox 712 3618 2282 3694; baseline 0.006 -24"><span class='ocrx_word' id='word_1_504' title='bbox 712 3619 969 3673; x_wconf 88' lang='lat' dir='ltr'><strong>mulieres</strong></span> <span class='ocrx_word' id='word_1_505' title='bbox 995 3618 1276 3690; x_wconf 85' lang='lat' dir='ltr'><strong>trajiciunt</strong></span> <span class='ocrx_word' id='word_1_506' title='bbox 1306 3621 1403 3674; x_wconf 89' lang='lat' dir='ltr'><strong>viri</strong></span> <span class='ocrx_word' id='word_1_507' title='bbox 1428 3621 1573 3676; x_wconf 81' lang='lat' dir='ltr'><strong>.lulio</strong></span> <span class='ocrx_word' id='word_1_508' title='bbox 1611 3632 1664 3676; x_wconf 91' lang='lat' dir='ltr'><strong>et</strong></span> <span class='ocrx_word' id='word_1_509' title='bbox 1697 3625 1942 3694; x_wconf 75' lang='lat' dir='ltr'><strong>Augusto</strong></span> <span class='ocrx_word' id='word_1_510' title='bbox 1978 3627 2282 3688; x_wconf 86' lang='lat' dir='ltr'><strong>mensibus,</strong></span> 
     </span>
    </p>
   </div>
   <div class='ocr_carea' id='block_1_69' title="bbox 713 3708 2286 3786">
    <p class='ocr_par' dir='ltr' id='par_1_69' title="bbox 713 3708 2286 3786">
     <span class='ocr_line' id='line_1_69' title="bbox 713 3708 2286 3786; baseline 0.007 -26"><span class='ocrx_word' id='word_1_511' title='bbox 713 3709 910 3774; x_wconf 85' lang='lat' dir='ltr'><strong>quibus</strong></span> <span class='ocrx_word' id='word_1_512' title='bbox 948 3708 1258 3780; x_wconf 74' lang='lat' dir='ltr'><strong>frigidiores</strong></span> <span class='ocrx_word' id='word_1_513' title='bbox 1287 3715 1588 3780; x_wconf 58' lang='lat' dir='ltr'><strong>suiit,,sole</strong></span> <span class='ocrx_word' id='word_1_514' title='bbox 1617 3713 1683 3767; x_wconf 91' lang='lat' dir='ltr'><strong>ad</strong></span> <span class='ocrx_word' id='word_1_515' title='bbox 1717 3730 1818 3769; x_wconf 89' lang='lat' dir='ltr'><strong>nos</strong></span> <span class='ocrx_word' id='word_1_516' title='bbox 1863 3723 1917 3768; x_wconf 91' lang='lat' dir='ltr'><strong>et</strong></span> <span class='ocrx_word' id='word_1_517' title='bbox 1960 3718 2286 3786; x_wconf 85' lang='lat' dir='ltr'><strong>septentrio-</strong></span> 
     </span>
    </p>
   </div>
   <div class='ocr_carea' id='block_1_70' title="bbox 716 3800 2285 3874">
    <p class='ocr_par' dir='ltr' id='par_1_70' title="bbox 716 3800 2285 3874">
     <span class='ocr_line' id='line_1_70' title="bbox 716 3800 2285 3874; baseline 0.006 -22"><span class='ocrx_word' id='word_1_518' title='bbox 716 3815 813 3854; x_wconf 78' lang='lat' dir='ltr'><strong>nes</strong></span> <span class='ocrx_word' id='word_1_519' title='bbox 847 3811 1057 3854; x_wconf 74' lang='lat' dir='ltr'><strong>erecto.</strong></span> <span class='ocrx_word' id='word_1_520' title='bbox 1092 3800 1278 3871; x_wconf 86' lang='lat' dir='ltr'><strong>itaque</strong></span> <span class='ocrx_word' id='word_1_521' title='bbox 1317 3805 1352 3857; x_wconf 91' lang='lat' dir='ltr'><strong>ii</strong></span> <span class='ocrx_word' id='word_1_522' title='bbox 1389 3819 1606 3859; x_wconf 86' lang='lat' dir='ltr'><strong>menses</strong></span> <span class='ocrx_word' id='word_1_523' title='bbox 1642 3808 2054 3874; x_wconf 84' lang='lat' dir='ltr'><strong>temperatiores</strong></span> <span class='ocrx_word' id='word_1_524' title='bbox 2082 3823 2177 3863; x_wconf 91' lang='lat' dir='ltr'><strong>eos</strong></span> <span class='ocrx_word' id='word_1_525' title='bbox 2218 3809 2285 3862; x_wconf 87' lang='lat' dir='ltr'><strong>ad</strong></span> 
     </span>
    </p>
   </div>
   <div class='ocr_carea' id='block_1_71' title="bbox 716 3889 2286 3969">
    <p class='ocr_par' dir='ltr' id='par_1_71' title="bbox 716 3889 2286 3969">
     <span class='ocr_line' id='line_1_71' title="bbox 716 3889 2286 3969; baseline 0.007 -25"><span class='ocrx_word' id='word_1_526' title='bbox 716 3889 981 3945; x_wconf 65' lang='lat' dir='ltr'><strong>Venerem</strong></span> <span class='ocrx_word' id='word_1_527' title='bbox 1035 3893 1297 3949; x_wconf 88' lang='lat' dir='ltr'><strong>dicuntur</strong></span> <span class='ocrx_word' id='word_1_528' title='bbox 1351 3897 1658 3952; x_wconf 88' lang='lat' dir='ltr'><strong>stimulare.</strong></span> <span class='ocrx_word' id='word_1_529' title='bbox 1720 3897 1838 3964; x_wconf 85' lang='lat' dir='ltr'><strong>Quo</strong></span> <span class='ocrx_word' id='word_1_530' title='bbox 1901 3909 2060 3969; x_wconf 86' lang='lat' dir='ltr'><strong>pacto</strong></span> <span class='ocrx_word' id='word_1_531' title='bbox 2107 3901 2286 3955; x_wconf 79' lang='lat' dir='ltr'><strong>Nilum</strong></span> 
     </span>
    </p>
   </div>
   <div class='ocr_carea' id='block_1_72' title="bbox 717 3989 2290 4062">
    <p class='ocr_par' dir='ltr' id='par_1_72' title="bbox 717 3989 2290 4062">
     <span class='ocr_line' id='line_1_72' title="bbox 717 3989 2290 4062; baseline 0.007 -25"><span class='ocrx_word' id='word_1_532' title='bbox 717 4000 932 4053; x_wconf 89' lang='lat' dir='ltr'><strong>quoque</strong></span> <span class='ocrx_word' id='word_1_533' title='bbox 970 4000 1078 4039; x_wconf 86' lang='lat' dir='ltr'><strong>non</strong></span> <span class='ocrx_word' id='word_1_534' title='bbox 1125 3989 1315 4042; x_wconf 88' lang='lat' dir='ltr'><strong>eodem</strong></span> <span class='ocrx_word' id='word_1_535' title='bbox 1347 4005 1456 4058; x_wconf 92' lang='lat' dir='ltr'><strong>quo</strong></span> <span class='ocrx_word' id='word_1_536' title='bbox 1506 3991 1643 4044; x_wconf 89' lang='lat' dir='ltr'><strong>alios</strong></span> <span class='ocrx_word' id='word_1_537' title='bbox 1697 4006 1885 4046; x_wconf 87' lang='lat' dir='ltr'><strong>anmes</strong></span> <span class='ocrx_word' id='word_1_538' title='bbox 1917 4003 2158 4062; x_wconf 91' lang='lat' dir='ltr'><strong>tempore</strong></span> <span class='ocrx_word' id='word_1_539' title='bbox 2207 3994 2290 4048; x_wconf 92' lang='lat' dir='ltr'><strong>in-</strong></span> 
     </span>
    </p>
   </div>
   <div class='ocr_carea' id='block_1_73' title="bbox 717 4076 2289 4154">
    <p class='ocr_par' dir='ltr' id='par_1_73' title="bbox 717 4076 2289 4154">
     <span class='ocr_line' id='line_1_73' title="bbox 717 4076 2289 4154; baseline 0.008 -27"><span class='ocrx_word' id='word_1_540' title='bbox 717 4090 968 4131; x_wconf 80' lang='lat' dir='ltr'><strong>crescere</strong></span> <span class='ocrx_word' id='word_1_541' title='bbox 996 4076 1210 4141; x_wconf 83' lang='lat' dir='ltr'><strong>dicunt,</strong></span> <span class='ocrx_word' id='word_1_542' title='bbox 1243 4080 1336 4134; x_wconf 91' lang='lat' dir='ltr'><strong>sed</strong></span> <span class='ocrx_word' id='word_1_543' title='bbox 1363 4081 1539 4135; x_wconf 82' lang='lat' dir='ltr'><strong>media</strong></span> <span class='ocrx_word' id='word_1_544' title='bbox 1575 4088 1767 4137; x_wconf 74' lang='lat' dir='ltr'><strong>testate</strong></span> <span class='ocrx_word' id='word_1_545' title='bbox 1805 4082 2096 4154; x_wconf 69' lang='lat' dir='ltr'><strong>Egyptum</strong></span> <span class='ocrx_word' id='word_1_546' title='bbox 2126 4087 2289 4139; x_wconf 80' lang='lat' dir='ltr'><strong>inun-</strong></span> 
     </span>
    </p>
   </div>
   <div class='ocr_carea' id='block_1_74' title="bbox 716 4166 2288 4242">
    <p class='ocr_par' dir='ltr' id='par_1_74' title="bbox 716 4166 2288 4242">
     <span class='ocr_line' id='line_1_74' title="bbox 716 4166 2288 4242; baseline 0.008 -23"><span class='ocrx_word' id='word_1_547' title='bbox 716 4166 870 4228; x_wconf 88' lang='lat' dir='ltr'><strong>dare,</strong></span> <span class='ocrx_word' id='word_1_548' title='bbox 937 4169 1136 4238; x_wconf 89' lang='lat' dir='ltr'><strong>quippe</strong></span> <span class='ocrx_word' id='word_1_549' title='bbox 1187 4170 1302 4225; x_wconf 89' lang='lat' dir='ltr'><strong>sole</strong></span> <span class='ocrx_word' id='word_1_550' title='bbox 1352 4180 1482 4225; x_wconf 91' lang='lat' dir='ltr'><strong>tunc</strong></span> <span class='ocrx_word' id='word_1_551' title='bbox 1541 4173 1900 4242; x_wconf 88' lang='lat' dir='ltr'><strong>septentrioni</strong></span> <span class='ocrx_word' id='word_1_552' title='bbox 1971 4176 2288 4231; x_wconf 73' lang='lat' dir='ltr'><strong>viciniorem</strong></span> 
     </span>
    </p>
   </div>
   <div class='ocr_carea' id='block_1_75' title="bbox 719 4262 2290 4334">
    <p class='ocr_par' dir='ltr' id='par_1_75' title="bbox 719 4262 2290 4334">
     <span class='ocr_line' id='line_1_75' title="bbox 719 4262 2290 4334; baseline 0.008 -22"><span class='ocrx_word' id='word_1_553' title='bbox 719 4269 1077 4328; x_wconf 81' lang='lat' dir='ltr'><strong>percurrente</strong></span> <span class='ocrx_word' id='word_1_554' title='bbox 1106 4275 1302 4315; x_wconf 85' lang='lat' dir='ltr'><strong>zonam</strong></span> <span class='ocrx_word' id='word_1_555' title='bbox 1338 4262 1588 4334; x_wconf 88' lang='lat' dir='ltr'><strong>aliosque</strong></span> <span class='ocrx_word' id='word_1_556' title='bbox 1627 4265 1820 4320; x_wconf 87' lang='lat' dir='ltr'><strong>ﬂuvios</strong></span> <span class='ocrx_word' id='word_1_557' title='bbox 1850 4276 2082 4323; x_wconf 80' lang='lat' dir='ltr'><strong>vexante</strong></span> <span class='ocrx_word' id='word_1_558' title='bbox 2111 4279 2165 4324; x_wconf 89' lang='lat' dir='ltr'><strong>et</strong></span> <span class='ocrx_word' id='word_1_559' title='bbox 2189 4271 2290 4324; x_wconf 89' lang='lat' dir='ltr'><strong>im-</strong></span> 
     </span>
    </p>
   </div>
   <div class='ocr_carea' id='block_1_76' title="bbox 720 4352 2284 4428">
    <p class='ocr_par' dir='ltr' id='par_1_76' title="bbox 720 4352 2284 4428">
     <span class='ocr_line' id='line_1_76' title="bbox 720 4352 2284 4428; baseline 0.011 -26"><span class='ocrx_word' id='word_1_560' title='bbox 720 4352 1020 4416; x_wconf 86' lang='lat' dir='ltr'><strong>minuente,</strong></span> <span class='ocrx_word' id='word_1_561' title='bbox 1056 4367 1086 4406; x_wconf 89' lang='lat' dir='ltr'><strong>a</strong></span> <span class='ocrx_word' id='word_1_562' title='bbox 1122 4353 1244 4406; x_wconf 83' lang='lat' dir='ltr'><strong>Nilo</strong></span> <span class='ocrx_word' id='word_1_563' title='bbox 1278 4363 1460 4410; x_wconf 87' lang='lat' dir='ltr'><strong>autem</strong></span> <span class='ocrx_word' id='word_1_564' title='bbox 1494 4365 1608 4411; x_wconf 88' lang='lat' dir='ltr'><strong>tum</strong></span> <span class='ocrx_word' id='word_1_565' title='bbox 1636 4357 1955 4428; x_wconf 80' lang='lat' dir='ltr'><strong>longissime</strong></span> <span class='ocrx_word' id='word_1_566' title='bbox 1981 4363 2284 4419; x_wconf 88' lang='lat' dir='ltr'><strong>recedente.</strong></span> 
     </span>
    </p>
   </div>
   <div class='ocr_carea' id='block_1_77' title="bbox 719 4441 2291 4517">
    <p class='ocr_par' dir='ltr' id='par_1_77' title="bbox 719 4441 2291 4517">
     <span class='ocr_line' id='line_1_77' title="bbox 719 4441 2291 4517; baseline 0.011 -23"><span class='ocrx_word' id='word_1_567' title='bbox 719 4441 1089 4498; x_wconf 83' lang='lat' dir='ltr'><strong>Bracltmanes</strong></span> <span class='ocrx_word' id='word_1_568' title='bbox 1110 4445 1472 4517; x_wconf 79' lang='lat' dir='ltr'><strong>quadraginta</strong></span> <span class='ocrx_word' id='word_1_569' title='bbox 1501 4449 1618 4505; x_wconf 87' lang='lat' dir='ltr'><strong>dies</strong></span> <span class='ocrx_word' id='word_1_570' title='bbox 1649 4465 1773 4506; x_wconf 88' lang='lat' dir='ltr'><strong>eum</strong></span> <span class='ocrx_word' id='word_1_571' title='bbox 1805 4454 2067 4508; x_wconf 58' lang='lat' dir='ltr'><strong>umoribus</strong></span> <span class='ocrx_word' id='word_1_572' title='bbox 2093 4459 2291 4511; x_wconf 86' lang='lat' dir='ltr'><strong>morati</strong></span> 
     </span>
    </p>
   </div>
   <div class='ocr_carea' id='block_1_78' title="bbox 717 4538 2293 4613">
    <p class='ocr_par' dir='ltr' id='par_1_78' title="bbox 717 4538 2293 4613">
     <span class='ocr_line' id='line_1_78' title="bbox 717 4538 2293 4613; baseline 0.008 -25"><span class='ocrx_word' id='word_1_573' title='bbox 717 4551 938 4590; x_wconf 89' lang='lat' dir='ltr'><strong>rursum</strong></span> <span class='ocrx_word' id='word_1_574' title='bbox 977 4538 1044 4590; x_wconf 91' lang='lat' dir='ltr'><strong>ad</strong></span> <span class='ocrx_word' id='word_1_575' title='bbox 1075 4553 1175 4593; x_wconf 84' lang='lat' dir='ltr'><strong>sua</strong></span> <span class='ocrx_word' id='word_1_576' title='bbox 1213 4539 1462 4594; x_wconf 87' lang='lat' dir='ltr'><strong>redeunt.</strong></span> <span class='ocrx_word' id='word_1_577' title='bbox 1501 4540 1582 4595; x_wconf 87' lang='lat' dir='ltr'><strong>Ad</strong></span> <span class='ocrx_word' id='word_1_578' title='bbox 1615 4543 1897 4597; x_wconf 88' lang='lat' dir='ltr'><strong>mulierem</strong></span> <span class='ocrx_word' id='word_1_579' title='bbox 1931 4555 2056 4613; x_wconf 82' lang='lat' dir='ltr'><strong>post</strong></span> <span class='ocrx_word' id='word_1_580' title='bbox 2095 4561 2293 4600; x_wconf 83' lang='lat' dir='ltr'><strong>secun-</strong></span> 
     </span>
    </p>
   </div>
   <div class='ocr_carea' id='block_1_79' title="bbox 717 4627 2293 4705">
    <p class='ocr_par' dir='ltr' id='par_1_79' title="bbox 717 4627 2293 4705">
     <span class='ocr_line' id='line_1_79' title="bbox 717 4627 2293 4705; baseline 0.009 -29"><span class='ocrx_word' id='word_1_581' title='bbox 717 4627 845 4677; x_wconf 76' lang='lat' dir='ltr'><strong>dum</strong></span> <span class='ocrx_word' id='word_1_582' title='bbox 886 4635 1102 4694; x_wconf 87' lang='lat' dir='ltr'><strong>partum</strong></span> <span class='ocrx_word' id='word_1_583' title='bbox 1156 4629 1388 4684; x_wconf 87' lang='lat' dir='ltr'><strong>maritus</strong></span> <span class='ocrx_word' id='word_1_584' title='bbox 1439 4643 1603 4698; x_wconf 91' lang='lat' dir='ltr'><strong>porro</strong></span> <span class='ocrx_word' id='word_1_585' title='bbox 1668 4646 1776 4685; x_wconf 92' lang='lat' dir='ltr'><strong>non</strong></span> <span class='ocrx_word' id='word_1_586' title='bbox 1835 4632 2073 4700; x_wconf 84' lang='lat' dir='ltr'><strong>trajicit;</strong></span> <span class='ocrx_word' id='word_1_587' title='bbox 2132 4646 2293 4705; x_wconf 89' lang='lat' dir='ltr'><strong>atque</strong></span> 
     </span>
    </p>
   </div>
   <div class='ocr_carea' id='block_1_80' title="bbox 717 4713 2292 4792">
    <p class='ocr_par' dir='ltr' id='par_1_80' title="bbox 717 4713 2292 4792">
     <span class='ocr_line' id='line_1_80' title="bbox 717 4713 2292 4792; baseline 0.005 -26"><span class='ocrx_word' id='word_1_588' title='bbox 717 4713 818 4778; x_wconf 79' lang='lat' dir='ltr'><strong>ipsi</strong></span> <span class='ocrx_word' id='word_1_589' title='bbox 856 4728 982 4767; x_wconf 88' lang='lat' dir='ltr'><strong>eum</strong></span> <span class='ocrx_word' id='word_1_590' title='bbox 1017 4714 1126 4766; x_wconf 89' lang='lat' dir='ltr'><strong>alio</strong></span> <span class='ocrx_word' id='word_1_591' title='bbox 1149 4714 1314 4785; x_wconf 69' lang='lat'><strong>269</strong></span> <span class='ocrx_word' id='word_1_592' title='bbox 1347 4717 1544 4771; x_wconf 71' lang='lat' dir='ltr'><strong>exinde</strong></span> <span class='ocrx_word' id='word_1_593' title='bbox 1568 4719 1684 4772; x_wconf 88' lang='lat' dir='ltr'><strong>viro</strong></span> <span class='ocrx_word' id='word_1_594' title='bbox 1717 4734 1830 4774; x_wconf 87' lang='lat' dir='ltr'><strong>rem</strong></span> <span class='ocrx_word' id='word_1_595' title='bbox 1858 4719 2059 4775; x_wconf 88' lang='lat' dir='ltr'><strong>habere</strong></span> <span class='ocrx_word' id='word_1_596' title='bbox 2103 4723 2292 4792; x_wconf 75' lang='lat' dir='ltr'><strong>religio</strong></span> 
     </span>
    </p>
   </div>
   <div class='ocr_carea' id='block_1_81' title="bbox 717 4803 2293 4884">
    <p class='ocr_par' dir='ltr' id='par_1_81' title="bbox 717 4803 2293 4884">
     <span class='ocr_line' id='line_1_81' title="bbox 717 4803 2293 4884; baseline 0.01 -29"><span class='ocrx_word' id='word_1_597' title='bbox 717 4813 819 4858; x_wconf 80' lang='lat' dir='ltr'><strong>est.</strong></span> <span class='ocrx_word' id='word_1_598' title='bbox 857 4803 1064 4872; x_wconf 84' lang='lat' dir='ltr'><strong>Quodsi</strong></span> <span class='ocrx_word' id='word_1_599' title='bbox 1099 4821 1264 4875; x_wconf 86' lang='lat' dir='ltr'><strong>quam</strong></span> <span class='ocrx_word' id='word_1_600' title='bbox 1295 4808 1536 4862; x_wconf 77' lang='lat' dir='ltr'><strong>sterilem</strong></span> <span class='ocrx_word' id='word_1_601' title='bbox 1589 4825 1711 4866; x_wconf 83' lang='lat' dir='ltr'><strong>esse</strong></span> <span class='ocrx_word' id='word_1_602' title='bbox 1773 4813 2077 4883; x_wconf 77' lang='lat' dir='ltr'><strong>contingat,</strong></span> <span class='ocrx_word' id='word_1_603' title='bbox 2121 4831 2293 4884; x_wconf 84' lang='lat' dir='ltr'><strong>usque</strong></span> 
     </span>
    </p>
   </div>
   <div class='ocr_carea' id='block_1_82' title="bbox 715 4896 2293 4970">
    <p class='ocr_par' dir='ltr' id='par_1_82' title="bbox 715 4896 2293 4970">
     <span class='ocr_line' id='line_1_82' title="bbox 715 4896 2293 4970; baseline 0.01 -23"><span class='ocrx_word' id='word_1_604' title='bbox 715 4897 782 4947; x_wconf 75' lang='lat' dir='ltr'><strong>ad</strong></span> <span class='ocrx_word' id='word_1_605' title='bbox 808 4896 1246 4964; x_wconf 83' lang='lat' dir='ltr'><strong>quinquennium</strong></span> <span class='ocrx_word' id='word_1_606' title='bbox 1295 4913 1414 4952; x_wconf 85' lang='lat' dir='ltr'><strong>eam</strong></span> <span class='ocrx_word' id='word_1_607' title='bbox 1469 4903 1700 4957; x_wconf 84' lang='lat' dir='ltr'><strong>maritus</strong></span> <span class='ocrx_word' id='word_1_608' title='bbox 1748 4904 1974 4970; x_wconf 85' lang='lat' dir='ltr'><strong>invisit;</strong></span> <span class='ocrx_word' id='word_1_609' title='bbox 2026 4915 2079 4958; x_wconf 91' lang='lat' dir='ltr'><strong>et</strong></span> <span class='ocrx_word' id='word_1_610' title='bbox 2136 4910 2180 4962; x_wconf 85' lang='lat' dir='ltr'><strong>si</strong></span> <span class='ocrx_word' id='word_1_611' title='bbox 2227 4923 2293 4962; x_wconf 88' lang='lat' dir='ltr'><strong>eo</strong></span> 
     </span>
    </p>
   </div>
   <div class='ocr_carea' id='block_1_83' title="bbox 717 4985 2290 5061">
    <p class='ocr_par' dir='ltr' id='par_1_83' title="bbox 717 4985 2290 5061">
     <span class='ocr_line' id='line_1_83' title="bbox 717 4985 2290 5061; baseline 0.013 -29"><span class='ocrx_word' id='word_1_612' title='bbox 717 4985 1052 5038; x_wconf 70' lang='lat' dir='ltr'><strong>circumacto</strong></span> <span class='ocrx_word' id='word_1_613' title='bbox 1085 5001 1192 5040; x_wconf 89' lang='lat' dir='ltr'><strong>non</strong></span> <span class='ocrx_word' id='word_1_614' title='bbox 1245 4990 1445 5057; x_wconf 86' lang='lat' dir='ltr'><strong>pariat,</strong></span> <span class='ocrx_word' id='word_1_615' title='bbox 1485 5006 1549 5044; x_wconf 88' lang='lat' dir='ltr'><strong>ea</strong></span> <span class='ocrx_word' id='word_1_616' title='bbox 1583 4991 1636 5045; x_wconf 92' lang='lat' dir='ltr'><strong>in</strong></span> <span class='ocrx_word' id='word_1_617' title='bbox 1688 5005 1969 5061; x_wconf 82' lang='lat' dir='ltr'><strong>posterum</strong></span> <span class='ocrx_word' id='word_1_618' title='bbox 2031 4996 2290 5052; x_wconf 85' lang='lat' dir='ltr'><strong>abstinet.</strong></span> 
     </span>
    </p>
   </div>
   <div class='ocr_carea' id='block_1_84' title="bbox 715 5072 2290 5152">
    <p class='ocr_par' dir='ltr' id='par_1_84' title="bbox 715 5072 2290 5152">
     <span class='ocr_line' id='line_1_84' title="bbox 715 5072 2290 5152; baseline 0.01 -28"><span class='ocrx_word' id='word_1_619' title='bbox 715 5072 794 5125; x_wconf 84' lang='lat' dir='ltr'><strong>Ita</strong></span> <span class='ocrx_word' id='word_1_620' title='bbox 835 5072 892 5125; x_wconf 87' lang='lat' dir='ltr'><strong>ﬂt</strong></span> <span class='ocrx_word' id='word_1_621' title='bbox 927 5082 986 5128; x_wconf 88' lang='lat' dir='ltr'><strong>ut</strong></span> <span class='ocrx_word' id='word_1_622' title='bbox 1019 5089 1124 5128; x_wconf 92' lang='lat' dir='ltr'><strong>non</strong></span> <span class='ocrx_word' id='word_1_623' title='bbox 1161 5079 1233 5130; x_wconf 90' lang='lat' dir='ltr'><strong>sit</strong></span> <span class='ocrx_word' id='word_1_624' title='bbox 1265 5081 1404 5146; x_wconf 89' lang='lat' dir='ltr'><strong>apud</strong></span> <span class='ocrx_word' id='word_1_625' title='bbox 1430 5079 1577 5148; x_wconf 90' lang='lat' dir='ltr'><strong>ipsos</strong></span> <span class='ocrx_word' id='word_1_626' title='bbox 1612 5080 1898 5136; x_wconf 86' lang='lat' dir='ltr'><strong>hominum</strong></span> <span class='ocrx_word' id='word_1_627' title='bbox 1936 5083 2290 5152; x_wconf 81' lang='lat' dir='ltr'><strong>abundantia,</strong></span> 
     </span>
    </p>
   </div>
   <div class='ocr_carea' id='block_1_85' title="bbox 716 5166 2294 5235">
    <p class='ocr_par' dir='ltr' id='par_1_85' title="bbox 716 5166 2294 5235">
     <span class='ocr_line' id='line_1_85' title="bbox 716 5166 2294 5235; baseline 0.01 -20"><span class='ocrx_word' id='word_1_628' title='bbox 716 5178 843 5216; x_wconf 89' lang='lat' dir='ltr'><strong>cum</strong></span> <span class='ocrx_word' id='word_1_629' title='bbox 901 5171 956 5218; x_wconf 91' lang='lat' dir='ltr'><strong>et</strong></span> <span class='ocrx_word' id='word_1_630' title='bbox 995 5179 1168 5235; x_wconf 83' lang='lat' dir='ltr'><strong>pauca</strong></span> <span class='ocrx_word' id='word_1_631' title='bbox 1227 5166 1542 5223; x_wconf 84' lang='lat' dir='ltr'><strong>desiderent</strong></span> <span class='ocrx_word' id='word_1_632' title='bbox 1594 5179 1649 5224; x_wconf 88' lang='lat' dir='ltr'><strong>et</strong></span> <span class='ocrx_word' id='word_1_633' title='bbox 1698 5181 1894 5227; x_wconf 85' lang='lat' dir='ltr'><strong>natura</strong></span> <span class='ocrx_word' id='word_1_634' title='bbox 1946 5175 2294 5231; x_wconf 85' lang='lat' dir='ltr'><strong>continentes</strong></span> 
     </span>
    </p>
   </div>
   <div class='ocr_carea' id='block_1_86' title="bbox 717 5254 2298 5334">
    <p class='ocr_par' dir='ltr' id='par_1_86' title="bbox 717 5254 2298 5334">
     <span class='ocr_line' id='line_1_86' title="bbox 717 5254 2298 5334; baseline 0.009 -25"><span class='ocrx_word' id='word_1_635' title='bbox 717 5257 849 5309; x_wconf 89' lang='lat' dir='ltr'><strong>sint.</strong></span> <span class='ocrx_word' id='word_1_636' title='bbox 894 5254 1144 5311; x_wconf 83' lang='lat' dir='ltr'><strong>Fluviutn</strong></span> <span class='ocrx_word' id='word_1_637' title='bbox 1174 5271 1356 5314; x_wconf 89' lang='lat' dir='ltr'><strong>autem</strong></span> <span class='ocrx_word' id='word_1_638' title='bbox 1409 5277 1625 5317; x_wconf 86' lang='lat' dir='ltr'><strong>summo</strong></span> <span class='ocrx_word' id='word_1_639' title='bbox 1654 5280 1777 5319; x_wconf 91' lang='lat' dir='ltr'><strong>cum</strong></span> <span class='ocrx_word' id='word_1_640' title='bbox 1837 5267 2082 5334; x_wconf 89' lang='lat' dir='ltr'><strong>periculo</strong></span> <span class='ocrx_word' id='word_1_641' title='bbox 2144 5269 2298 5323; x_wconf 84' lang='lat' dir='ltr'><strong>aiunt</strong></span> 
     </span>
    </p>
   </div>
   <div class='ocr_carea' id='block_1_87' title="bbox 715 5345 2298 5426">
    <p class='ocr_par' dir='ltr' id='par_1_87' title="bbox 715 5345 2298 5426">
     <span class='ocr_line' id='line_1_87' title="bbox 715 5345 2298 5426; baseline 0.013 -31"><span class='ocrx_word' id='word_1_642' title='bbox 715 5345 892 5414; x_wconf 81' lang='lat' dir='ltr'><strong>trajici</strong></span> <span class='ocrx_word' id='word_1_643' title='bbox 920 5358 1143 5417; x_wconf 87' lang='lat' dir='ltr'><strong>propter</strong></span> <span class='ocrx_word' id='word_1_644' title='bbox 1185 5351 1679 5424; x_wconf 84' lang='lat' dir='ltr'><strong>odontOtyrannum</strong></span> <span class='ocrx_word' id='word_1_645' title='bbox 1709 5357 1888 5426; x_wconf 87' lang='lat' dir='ltr'><strong>(quasi</strong></span> <span class='ocrx_word' id='word_1_646' title='bbox 1914 5358 1962 5412; x_wconf 87' lang='lat' dir='ltr'><strong>si</strong></span> <span class='ocrx_word' id='word_1_647' title='bbox 1992 5360 2145 5413; x_wconf 81' lang='lat' dir='ltr'><strong>dente</strong></span> <span class='ocrx_word' id='word_1_648' title='bbox 2201 5376 2298 5414; x_wconf 73' lang='lat' dir='ltr'><strong>sae-</strong></span> 
     </span>
    </p>
   </div>
   <div class='ocr_carea' id='block_1_88' title="bbox 719 5436 2298 5519">
    <p class='ocr_par' dir='ltr' id='par_1_88' title="bbox 719 5436 2298 5519">
     <span class='ocr_line' id='line_1_88' title="bbox 719 5436 2298 5519; baseline 0.013 -32"><span class='ocrx_word' id='word_1_649' title='bbox 719 5436 940 5490; x_wconf 75' lang='lat' dir='ltr'><strong>vientem</strong></span> <span class='ocrx_word' id='word_1_650' title='bbox 988 5438 1162 5509; x_wconf 90' lang='lat' dir='ltr'><strong>dicas)</strong></span> <span class='ocrx_word' id='word_1_651' title='bbox 1195 5440 1448 5497; x_wconf 83' lang='lat' dir='ltr'><strong>bestiam.</strong></span> <span class='ocrx_word' id='word_1_652' title='bbox 1481 5444 1576 5499; x_wconf 86' lang='lat' dir='ltr'><strong>Est</strong></span> <span class='ocrx_word' id='word_1_653' title='bbox 1628 5455 1809 5502; x_wconf 88' lang='lat' dir='ltr'><strong>autem</strong></span> <span class='ocrx_word' id='word_1_654' title='bbox 1861 5451 2056 5519; x_wconf 82' lang='lat' dir='ltr'><strong>ingens</strong></span> <span class='ocrx_word' id='word_1_655' title='bbox 2109 5452 2298 5507; x_wconf 85' lang='lat' dir='ltr'><strong>admo-</strong></span> 
     </span>
    </p>
   </div>
   <div class='ocr_carea' id='block_1_89' title="bbox 716 5524 2293 5606">
    <p class='ocr_par' dir='ltr' id='par_1_89' title="bbox 716 5524 2293 5606">
     <span class='ocr_line' id='line_1_89' title="bbox 716 5524 2293 5606; baseline 0.011 -31"><span class='ocrx_word' id='word_1_656' title='bbox 716 5524 870 5590; x_wconf 82' lang='lat' dir='ltr'><strong>dum,</strong></span> <span class='ocrx_word' id='word_1_657' title='bbox 908 5526 1044 5580; x_wconf 88' lang='lat' dir='ltr'><strong>adeo</strong></span> <span class='ocrx_word' id='word_1_658' title='bbox 1071 5536 1130 5580; x_wconf 91' lang='lat' dir='ltr'><strong>ut</strong></span> <span class='ocrx_word' id='word_1_659' title='bbox 1186 5529 1460 5600; x_wconf 76' lang='lat' dir='ltr'><strong>integrum</strong></span> <span class='ocrx_word' id='word_1_660' title='bbox 1492 5534 1667 5602; x_wconf 85' lang='lat' dir='ltr'><strong>possit</strong></span> <span class='ocrx_word' id='word_1_661' title='bbox 1701 5535 2058 5604; x_wconf 82' lang='lat' dir='ltr'><strong>elephantum</strong></span> <span class='ocrx_word' id='word_1_662' title='bbox 2102 5537 2293 5606; x_wconf 76' lang='lat' dir='ltr'><strong>deglu-</strong></span> 
     </span>
    </p>
   </div>
   <div class='ocr_carea' id='block_1_90' title="bbox 719 5616 2294 5696">
    <p class='ocr_par' dir='ltr' id='par_1_90' title="bbox 719 5616 2294 5696">
     <span class='ocr_line' id='line_1_90' title="bbox 719 5616 2294 5696; baseline 0.012 -31"><span class='ocrx_word' id='word_1_663' title='bbox 719 5617 844 5668; x_wconf 87' lang='lat' dir='ltr'><strong>tire.</strong></span> <span class='ocrx_word' id='word_1_664' title='bbox 876 5616 1030 5689; x_wconf 78' lang='lat' dir='ltr'><strong>Degit</strong></span> <span class='ocrx_word' id='word_1_665' title='bbox 1049 5621 1187 5674; x_wconf 89' lang='lat' dir='ltr'><strong>eoin</strong></span> <span class='ocrx_word' id='word_1_666' title='bbox 1215 5621 1464 5688; x_wconf 90' lang='lat' dir='ltr'><strong>ﬂumine,</strong></span> <span class='ocrx_word' id='word_1_667' title='bbox 1488 5640 1612 5678; x_wconf 85' lang='lat' dir='ltr'><strong>cum</strong></span> <span class='ocrx_word' id='word_1_668' title='bbox 1639 5626 1860 5696; x_wconf 91' lang='lat' dir='ltr'><strong>quidem</strong></span> <span class='ocrx_word' id='word_1_669' title='bbox 1890 5630 2054 5682; x_wconf 88' lang='lat' dir='ltr'><strong>etiam</strong></span> <span class='ocrx_word' id='word_1_670' title='bbox 2076 5630 2294 5684; x_wconf 85' lang='lat' dir='ltr'><strong>interra</strong></span> 
     </span>
    </p>
   </div>
   <div class='ocr_carea' id='block_1_91' title="bbox 721 5705 2300 5790">
    <p class='ocr_par' dir='ltr' id='par_1_91' title="bbox 721 5705 2300 5790">
     <span class='ocr_line' id='line_1_91' title="bbox 721 5705 2300 5790; baseline 0.013 -36"><span class='ocrx_word' id='word_1_671' title='bbox 721 5705 902 5761; x_wconf 76' lang='lat' dir='ltr'><strong>vivere</strong></span> <span class='ocrx_word' id='word_1_672' title='bbox 932 5711 1140 5777; x_wconf 87' lang='lat' dir='ltr'><strong>soleat;</strong></span> <span class='ocrx_word' id='word_1_673' title='bbox 1189 5714 1332 5782; x_wconf 90' lang='lat' dir='ltr'><strong>quod</strong></span> <span class='ocrx_word' id='word_1_674' title='bbox 1370 5730 1544 5785; x_wconf 78' lang='lat' dir='ltr'><strong>genus</strong></span> <span class='ocrx_word' id='word_1_675' title='bbox 1574 5718 1830 5770; x_wconf 86' lang='lat' dir='ltr'><strong>animalia</strong></span> <span class='ocrx_word' id='word_1_676' title='bbox 1865 5718 2042 5773; x_wconf 63' lang='lat' dir='ltr'><strong>Graeci</strong></span> <span class='ocrx_word' id='word_1_677' title='bbox 2093 5721 2300 5790; x_wconf 81' lang='lat' dir='ltr'><strong>amphi-</strong></span> 
     </span>
    </p>
   </div>
   <div class='ocr_carea' id='block_1_92' title="bbox 722 5795 2298 5884">
    <p class='ocr_par' dir='ltr' id='par_1_92' title="bbox 722 5795 2298 5884">
     <span class='ocr_line' id='line_1_92' title="bbox 722 5795 2298 5884; baseline 0.015 -35"><span class='ocrx_word' id='word_1_678' title='bbox 722 5795 811 5849; x_wconf 72' lang='grc' dir='ltr'><strong>ω.</strong></span> <span class='ocrx_word' id='word_1_679' title='bbox 842 5798 1047 5857; x_wconf 88' lang='lat' dir='ltr'><strong>dicunt.</strong></span> <span class='ocrx_word' id='word_1_680' title='bbox 1087 5802 1164 5858; x_wconf 85' lang='lat' dir='ltr'><strong>Ea</strong></span> <span class='ocrx_word' id='word_1_681' title='bbox 1197 5805 1372 5859; x_wconf 80' lang='lat' dir='ltr'><strong>beSIia</strong></span> <span class='ocrx_word' id='word_1_682' title='bbox 1409 5807 1498 5864; x_wconf 90' lang='lat' dir='ltr'><strong>Dei</strong></span> <span class='ocrx_word' id='word_1_683' title='bbox 1535 5808 1693 5879; x_wconf 83' lang='lat' dir='ltr'><strong>jussu</strong></span> <span class='ocrx_word' id='word_1_684' title='bbox 1739 5811 2102 5884; x_wconf 79' lang='lat' dir='ltr'><strong>quadraginta</strong></span> <span class='ocrx_word' id='word_1_685' title='bbox 2162 5815 2298 5873; x_wconf 85' lang='lat' dir='ltr'><strong>istos</strong></span> 
     </span>
    </p>
   </div>
   <div class='ocr_carea' id='block_1_93' title="bbox 2390 3527 3975 3600">
    <p class='ocr_par' dir='ltr' id='par_1_93' title="bbox 2390 3527 3975 3600">
     <span class='ocr_line' id='line_1_93' title="bbox 2390 3527 3975 3600; baseline 0.005 -25"><span class='ocrx_word' id='word_1_686' title='bbox 2390 3527 2712 3596; x_wconf 69' lang='grc' dir='ltr'>ραρῤέοντος</span> <span class='ocrx_word' id='word_1_687' title='bbox 2751 3529 2829 3590; x_wconf 83' lang='grc' dir='ltr'>εἰς</span> <span class='ocrx_word' id='word_1_688' title='bbox 2862 3528 2952 3580; x_wconf 81' lang='grc' dir='ltr'><strong>τὸν</strong></span> <span class='ocrx_word' id='word_1_689' title='bbox 2984 3528 3259 3589; x_wconf 83' lang='grc' dir='ltr'>Ὠκεανὸν,</span> <span class='ocrx_word' id='word_1_690' title='bbox 3299 3530 3390 3580; x_wconf 71' lang='grc' dir='ltr'><strong>ἐπὶ</strong></span> <span class='ocrx_word' id='word_1_691' title='bbox 3423 3531 3484 3582; x_wconf 75' lang='grc' dir='ltr'>τὸ</span> <span class='ocrx_word' id='word_1_692' title='bbox 3518 3535 3612 3599; x_wconf 72' lang='grc' dir='ltr'>τῆς</span> <span class='ocrx_word' id='word_1_693' title='bbox 3647 3532 3836 3592; x_wconf 80' lang='grc' dir='ltr'>Ἰνδίας</span> <span class='ocrx_word' id='word_1_694' title='bbox 3877 3534 3975 3600; x_wconf 83' lang='grc' dir='ltr'>μέ-</span> 
     </span>
    </p>
   </div>
   <div class='ocr_carea' id='block_1_94' title="bbox 2388 3617 3976 3693">
    <p class='ocr_par' dir='ltr' id='par_1_94' title="bbox 2388 3617 3976 3693">
     <span class='ocr_line' id='line_1_94' title="bbox 2388 3617 3976 3693; baseline 0.003 -24"><span class='ocrx_word' id='word_1_695' title='bbox 2388 3633 2497 3685; x_wconf 82' lang='grc' dir='ltr'>ρος.</span> <span class='ocrx_word' id='word_1_696' title='bbox 2519 3619 2580 3670; x_wconf 86' lang='grc' dir='ltr'>Οί</span> <span class='ocrx_word' id='word_1_697' title='bbox 2607 3617 2738 3684; x_wconf 78' lang='grc' dir='ltr'>γοῦν</span> <span class='ocrx_word' id='word_1_698' title='bbox 2759 3618 2951 3688; x_wconf 77' lang='grc' dir='ltr'>ἄνδρες</span> <span class='ocrx_word' id='word_1_699' title='bbox 2975 3620 3183 3688; x_wconf 81' lang='grc' dir='ltr'>περῶσι</span> <span class='ocrx_word' id='word_1_700' title='bbox 3214 3622 3348 3687; x_wconf 62' lang='grc' dir='ltr'>πρὶς</span> <span class='ocrx_word' id='word_1_701' title='bbox 3373 3621 3467 3683; x_wconf 78' lang='grc' dir='ltr'><strong>τάς</strong></span> <span class='ocrx_word' id='word_1_702' title='bbox 3492 3623 3976 3693; x_wconf 74' lang='grc' dir='ltr'>γυναῖκαςῚουλίῳ</span> 
     </span>
    </p>
   </div>
   <div class='ocr_carea' id='block_1_95' title="bbox 2388 3707 3974 3786">
    <p class='ocr_par' dir='ltr' id='par_1_95' title="bbox 2388 3707 3974 3786">
     <span class='ocr_line' id='line_1_95' title="bbox 2388 3707 3974 3786; baseline 0.005 -27"><span class='ocrx_word' id='word_1_703' title='bbox 2388 3709 2481 3759; x_wconf 77' lang='grc' dir='ltr'><strong>καὶ</strong></span> <span class='ocrx_word' id='word_1_704' title='bbox 2509 3708 2802 3778; x_wconf 74' lang='grc' dir='ltr'>Αὐγούστῳ</span> <span class='ocrx_word' id='word_1_705' title='bbox 2836 3711 2986 3779; x_wconf 76' lang='grc' dir='ltr'>μηνὶ,</span> <span class='ocrx_word' id='word_1_706' title='bbox 3022 3713 3150 3781; x_wconf 77' lang='grc' dir='ltr'>παρ’</span> <span class='ocrx_word' id='word_1_707' title='bbox 3173 3707 3254 3775; x_wconf 77' lang='grc' dir='ltr'>οἷς</span> <span class='ocrx_word' id='word_1_708' title='bbox 3287 3713 3594 3782; x_wconf 76' lang='grc' dir='ltr'>ὑπάρχουσι</span> <span class='ocrx_word' id='word_1_709' title='bbox 3621 3715 3974 3786; x_wconf 60' lang='grc' dir='ltr'>ψυχρότεροι,</span> 
     </span>
    </p>
   </div>
   <div class='ocr_carea' id='block_1_96' title="bbox 2387 3800 3970 3876">
    <p class='ocr_par' dir='ltr' id='par_1_96' title="bbox 2387 3800 3970 3876">
     <span class='ocr_line' id='line_1_96' title="bbox 2387 3800 3970 3876; baseline 0.006 -25"><span class='ocrx_word' id='word_1_710' title='bbox 2387 3800 2480 3852; x_wconf 77' lang='grc' dir='ltr'>τοῦ</span> <span class='ocrx_word' id='word_1_711' title='bbox 2520 3801 2673 3870; x_wconf 77' lang='grc' dir='ltr'>ἡλίου</span> <span class='ocrx_word' id='word_1_712' title='bbox 2717 3803 2852 3871; x_wconf 76' lang='grc' dir='ltr'>πρὸς</span> <span class='ocrx_word' id='word_1_713' title='bbox 2894 3805 3042 3871; x_wconf 74' lang='grc' dir='ltr'>ἡμᾶς</span> <span class='ocrx_word' id='word_1_714' title='bbox 3081 3806 3175 3856; x_wconf 65' lang='grc' dir='ltr'><strong>καὶ⁹</strong></span> <span class='ocrx_word' id='word_1_715' title='bbox 3215 3806 3352 3874; x_wconf 80' lang='grc' dir='ltr'>πρὸς</span> <span class='ocrx_word' id='word_1_716' title='bbox 3388 3806 3590 3876; x_wconf 67' lang='grc' dir='ltr'>βορρᾶν</span> <span class='ocrx_word' id='word_1_717' title='bbox 3625 3808 3926 3875; x_wconf 59' lang='grc' dir='ltr'>ὑψωοέντος</span> <span class='ocrx_word' id='word_1_718' title='bbox 3957 3828 3970 3840; x_wconf 75' lang='grc'><em>’</em></span> 
     </span>
    </p>
   </div>
   <div class='ocr_carea' id='block_1_97' title="bbox 2389 3894 3976 3970">
    <p class='ocr_par' dir='ltr' id='par_1_97' title="bbox 2389 3894 3976 3970">
     <span class='ocr_line' id='line_1_97' title="bbox 2389 3894 3976 3970; baseline 0.007 -26"><span class='ocrx_word' id='word_1_719' title='bbox 2389 3894 2442 3945; x_wconf 79' lang='grc' dir='ltr'>οἵ</span> <span class='ocrx_word' id='word_1_720' title='bbox 2475 3910 2536 3960; x_wconf 86' lang='grc' dir='ltr'><strong>γε</strong></span> <span class='ocrx_word' id='word_1_721' title='bbox 2578 3895 2672 3947; x_wconf 75' lang='grc' dir='ltr'><strong>καὶ</strong></span> <span class='ocrx_word' id='word_1_722' title='bbox 2709 3896 3096 3964; x_wconf 85' lang='grc' dir='ltr'>εὐκρατότεροι</span> <span class='ocrx_word' id='word_1_723' title='bbox 3138 3899 3414 3967; x_wconf 73' lang='grc' dir='ltr'>γινόμενοι</span> <span class='ocrx_word' id='word_1_724' title='bbox 3456 3900 3592 3968; x_wconf 54' lang='grc' dir='ltr'>προς</span> <span class='ocrx_word' id='word_1_725' title='bbox 3627 3897 3841 3970; x_wconf 78' lang='grc' dir='ltr'>οἶστρον</span> <span class='ocrx_word' id='word_1_726' title='bbox 3875 3905 3976 3956; x_wconf 79' lang='grc' dir='ltr'><strong>αὑ-</strong></span> 
     </span>
    </p>
   </div>
   <div class='ocr_carea' id='block_1_98' title="bbox 2387 3987 3976 4062">
    <p class='ocr_par' dir='ltr' id='par_1_98' title="bbox 2387 3987 3976 4062">
     <span class='ocr_line' id='line_1_98' title="bbox 2387 3987 3976 4062; baseline 0.006 -25"><span class='ocrx_word' id='word_1_727' title='bbox 2387 3987 2512 4047; x_wconf 77' lang='grc' dir='ltr'>τοὺς</span> <span class='ocrx_word' id='word_1_728' title='bbox 2543 3989 2710 4040; x_wconf 85' lang='grc' dir='ltr'>κινεῖν</span> <span class='ocrx_word' id='word_1_729' title='bbox 2738 3987 3005 4055; x_wconf 85' lang='grc' dir='ltr'>λέγουσιν,</span> <span class='ocrx_word' id='word_1_730' title='bbox 3037 3989 3226 4058; x_wconf 84' lang='grc' dir='ltr'>ῶσπερ</span> <span class='ocrx_word' id='word_1_731' title='bbox 3253 3991 3318 4058; x_wconf 83' lang='grc' dir='ltr'>δὴ</span> <span class='ocrx_word' id='word_1_732' title='bbox 3349 3993 3442 4044; x_wconf 72' lang='grc' dir='ltr'><strong>καὶ</strong></span> <span class='ocrx_word' id='word_1_733' title='bbox 3468 3993 3559 4044; x_wconf 80' lang='grc' dir='ltr'><strong>τὸν</strong></span> <span class='ocrx_word' id='word_1_734' title='bbox 3588 3992 3777 4045; x_wconf 75' lang='grc' dir='ltr'>Νεῖλόν</span> <span class='ocrx_word' id='word_1_735' title='bbox 3809 4010 3976 4062; x_wconf 76' lang='grc' dir='ltr'>φασιν</span> 
     </span>
    </p>
   </div>
   <div class='ocr_carea' id='block_1_99' title="bbox 2390 4077 3974 4155">
    <p class='ocr_par' dir='ltr' id='par_1_99' title="bbox 2390 4077 3974 4155">
     <span class='ocr_line' id='line_1_99' title="bbox 2390 4077 3974 4155; baseline 0.007 -28"><span class='ocrx_word' id='word_1_736' title='bbox 2390 4077 2450 4128; x_wconf 79' lang='grc' dir='ltr'>οὑ</span> <span class='ocrx_word' id='word_1_737' title='bbox 2481 4077 2624 4128; x_wconf 82' lang='grc' dir='ltr'>κατὰ</span> <span class='ocrx_word' id='word_1_738' title='bbox 2651 4077 2741 4129; x_wconf 83' lang='grc' dir='ltr'><strong>τὸν</strong></span> <span class='ocrx_word' id='word_1_739' title='bbox 2767 4080 2928 4131; x_wconf 86' lang='grc' dir='ltr'>αὐτὸν</span> <span class='ocrx_word' id='word_1_740' title='bbox 2957 4083 3051 4134; x_wconf 76' lang='grc' dir='ltr'><strong>καὶ</strong></span> <span class='ocrx_word' id='word_1_741' title='bbox 3072 4083 3115 4112; x_wconf 85' lang='grc'><strong>³⁸</strong></span> <span class='ocrx_word' id='word_1_742' title='bbox 3143 4085 3255 4145; x_wconf 87' lang='grc' dir='ltr'>τοῖς</span> <span class='ocrx_word' id='word_1_743' title='bbox 3287 4083 3468 4146; x_wconf 77' lang='grc' dir='ltr'>ἄλλοις</span> <span class='ocrx_word' id='word_1_744' title='bbox 3498 4085 3848 4155; x_wconf 74' lang='grc' dir='ltr'>πλημμυρείν</span> <span class='ocrx_word' id='word_1_745' title='bbox 3875 4089 3974 4140; x_wconf 74' lang='grc' dir='ltr'>καὶ</span> 
     </span>
    </p>
   </div>
   <div class='ocr_carea' id='block_1_100' title="bbox 2394 4169 3974 4246">
    <p class='ocr_par' dir='ltr' id='par_1_100' title="bbox 2394 4169 3974 4246">
     <span class='ocr_line' id='line_1_100' title="bbox 2394 4169 3974 4246; baseline 0.009 -29"><span class='ocrx_word' id='word_1_746' title='bbox 2394 4169 2505 4236; x_wconf 75' lang='grc' dir='ltr'>ῥεῖν</span> <span class='ocrx_word' id='word_1_747' title='bbox 2539 4171 2834 4238; x_wconf 77' lang='grc' dir='ltr'>ποταμοῖς,</span> <span class='ocrx_word' id='word_1_748' title='bbox 2870 4171 3006 4224; x_wconf 72' lang='grc' dir='ltr'>ἀλλὰ</span> <span class='ocrx_word' id='word_1_749' title='bbox 3041 4175 3132 4225; x_wconf 72' lang='grc' dir='ltr'><strong>καὶ</strong></span> <span class='ocrx_word' id='word_1_750' title='bbox 3170 4173 3463 4243; x_wconf 78' lang='grc' dir='ltr'>μεσοῦντος</span> <span class='ocrx_word' id='word_1_751' title='bbox 3493 4177 3588 4228; x_wconf 79' lang='grc' dir='ltr'><strong>τοῦ</strong></span> <span class='ocrx_word' id='word_1_752' title='bbox 3623 4176 3814 4246; x_wconf 82' lang='grc' dir='ltr'>θέρους</span> <span class='ocrx_word' id='word_1_753' title='bbox 3847 4180 3974 4231; x_wconf 81' lang='grc' dir='ltr'>ἐπι-</span> 
     </span>
    </p>
   </div>
   <div class='ocr_carea' id='block_1_101' title="bbox 2393 4258 3975 4343">
    <p class='ocr_par' dir='ltr' id='par_1_101' title="bbox 2393 4258 3975 4343">
     <span class='ocr_line' id='line_1_101' title="bbox 2393 4258 3975 4343; baseline 0.008 -33"><span class='ocrx_word' id='word_1_754' title='bbox 2393 4258 2608 4322; x_wconf 78' lang='grc' dir='ltr'>κλύζειν</span> <span class='ocrx_word' id='word_1_755' title='bbox 2641 4259 2738 4330; x_wconf 83' lang='grc' dir='ltr'>τὴν</span> <span class='ocrx_word' id='word_1_756' title='bbox 2767 4262 3072 4328; x_wconf 71' lang='grc' dir='ltr'>Αἴγυπτον,</span> <span class='ocrx_word' id='word_1_757' title='bbox 3103 4265 3177 4327; x_wconf 84' lang='grc' dir='ltr'>ὡς</span> <span class='ocrx_word' id='word_1_758' title='bbox 3209 4265 3302 4318; x_wconf 70' lang='grc' dir='ltr'>τοῦ</span> <span class='ocrx_word' id='word_1_759' title='bbox 3337 4282 3401 4333; x_wconf 88' lang='grc' dir='ltr'><strong>γε</strong></span> <span class='ocrx_word' id='word_1_760' title='bbox 3437 4267 3654 4332; x_wconf 85' lang='grc' dir='ltr'>πάντως</span> <span class='ocrx_word' id='word_1_761' title='bbox 3689 4270 3838 4336; x_wconf 80' lang='grc' dir='ltr'>ἡλίου</span> <span class='ocrx_word' id='word_1_762' title='bbox 3871 4271 3975 4343; x_wconf 74' lang='grc' dir='ltr'>τὴν</span> 
     </span>
    </p>
   </div>
   <div class='ocr_carea' id='block_1_102' title="bbox 2395 4354 3973 4435">
    <p class='ocr_par' dir='ltr' id='par_1_102' title="bbox 2395 4354 3973 4435">
     <span class='ocr_line' id='line_1_102' title="bbox 2395 4354 3973 4435; baseline 0.008 -30"><span class='ocrx_word' id='word_1_763' title='bbox 2395 4354 2738 4424; x_wconf 82' lang='grc' dir='ltr'>βορειοτέραν</span> <span class='ocrx_word' id='word_1_764' title='bbox 2768 4358 3074 4422; x_wconf 71' lang='grc' dir='ltr'>διαθέοντας</span> <span class='ocrx_word' id='word_1_765' title='bbox 3115 4360 3293 4431; x_wconf 78' lang='grc' dir='ltr'>ζώνην</span> <span class='ocrx_word' id='word_1_766' title='bbox 3327 4363 3421 4414; x_wconf 65' lang='grc' dir='ltr'><strong>κα)⁸</strong></span> <span class='ocrx_word' id='word_1_767' title='bbox 3456 4363 3564 4424; x_wconf 80' lang='grc' dir='ltr'>τοῖς</span> <span class='ocrx_word' id='word_1_768' title='bbox 3602 4363 3785 4426; x_wconf 74' lang='grc' dir='ltr'>ἄλλοις</span> <span class='ocrx_word' id='word_1_769' title='bbox 3827 4381 3973 4435; x_wconf 81' lang='grc' dir='ltr'>παρ-</span> 
     </span>
    </p>
   </div>
   <div class='ocr_carea' id='block_1_103' title="bbox 2393 4446 3970 4523">
    <p class='ocr_par' dir='ltr' id='par_1_103' title="bbox 2393 4446 3970 4523">
     <span class='ocr_line' id='line_1_103' title="bbox 2393 4446 3970 4523; baseline 0.009 -28"><span class='ocrx_word' id='word_1_770' title='bbox 2393 4446 2733 4514; x_wconf 82' lang='grc' dir='ltr'>ενοχλοῦντος</span> <span class='ocrx_word' id='word_1_771' title='bbox 2779 4453 3043 4519; x_wconf 84' lang='grc' dir='ltr'>ποταμοῖς</span> <span class='ocrx_word' id='word_1_772' title='bbox 3085 4451 3182 4503; x_wconf 69' lang='grc' dir='ltr'><strong>καὶ</strong></span> <span class='ocrx_word' id='word_1_773' title='bbox 3224 4453 3636 4523; x_wconf 80' lang='grc' dir='ltr'>σμικρύνοντος,</span> <span class='ocrx_word' id='word_1_774' title='bbox 3679 4456 3866 4508; x_wconf 74' lang='grc' dir='ltr'>τούτου</span> <span class='ocrx_word' id='word_1_775' title='bbox 3911 4459 3970 4509; x_wconf 80' lang='grc' dir='ltr'>δὲ</span> 
     </span>
    </p>
   </div>
   <div class='ocr_carea' id='block_1_104' title="bbox 2396 4536 3972 4613">
    <p class='ocr_par' dir='ltr' id='par_1_104' title="bbox 2396 4536 3972 4613">
     <span class='ocr_line' id='line_1_104' title="bbox 2396 4536 3972 4613; baseline 0.007 -25"><span class='ocrx_word' id='word_1_776' title='bbox 2396 4536 2643 4590; x_wconf 87' lang='grc' dir='ltr'>πλεῖστον</span> <span class='ocrx_word' id='word_1_777' title='bbox 2678 4539 2994 4608; x_wconf 86' lang='grc' dir='ltr'>ἀπέχοντος.</span> <span class='ocrx_word' id='word_1_778' title='bbox 3027 4541 3137 4594; x_wconf 77' lang='grc' dir='ltr'>Καὶ</span> <span class='ocrx_word' id='word_1_779' title='bbox 3181 4544 3504 4609; x_wconf 81' lang='grc' dir='ltr'>ποιήσαντες</span> <span class='ocrx_word' id='word_1_780' title='bbox 3551 4547 3689 4613; x_wconf 84' lang='grc' dir='ltr'>μετά</span> <span class='ocrx_word' id='word_1_781' title='bbox 3726 4546 3832 4598; x_wconf 86' lang='grc' dir='ltr'><strong>τῶν</strong></span> <span class='ocrx_word' id='word_1_782' title='bbox 3867 4565 3972 4613; x_wconf 83' lang='grc' dir='ltr'>γυ-</span> 
     </span>
    </p>
   </div>
   <div class='ocr_carea' id='block_1_105' title="bbox 2395 4627 3974 4704">
    <p class='ocr_par' dir='ltr' id='par_1_105' title="bbox 2395 4627 3974 4704">
     <span class='ocr_line' id='line_1_105' title="bbox 2395 4627 3974 4704; baseline 0.008 -26"><span class='ocrx_word' id='word_1_783' title='bbox 2395 4627 2596 4679; x_wconf 86' lang='grc' dir='ltr'>ναικῶν</span> <span class='ocrx_word' id='word_1_784' title='bbox 2634 4628 2814 4680; x_wconf 86' lang='grc' dir='ltr'>αὐτῶν</span> <span class='ocrx_word' id='word_1_785' title='bbox 2848 4631 3064 4699; x_wconf 76' lang='grc' dir='ltr'>ἡμέρας</span> <span class='ocrx_word' id='word_1_786' title='bbox 3109 4629 3162 4700; x_wconf 84' lang='grc' dir='ltr'>μ’</span> <span class='ocrx_word' id='word_1_787' title='bbox 3187 4631 3347 4685; x_wconf 84' lang='grc' dir='ltr'>πάλιν</span> <span class='ocrx_word' id='word_1_788' title='bbox 3382 4634 3736 4704; x_wconf 75' lang='grc' dir='ltr'>ἀντιπερῶσι.</span> <span class='ocrx_word' id='word_1_789' title='bbox 3771 4633 3881 4704; x_wconf 80' lang='grc' dir='ltr'>Τῆς</span> <span class='ocrx_word' id='word_1_790' title='bbox 3915 4637 3974 4690; x_wconf 78' lang='grc' dir='ltr'>δὲ</span> 
     </span>
    </p>
   </div>
   <div class='ocr_carea' id='block_1_106' title="bbox 2326 4719 3976 4811">
    <p class='ocr_par' dir='ltr' id='par_1_106' title="bbox 2326 4719 3976 4811">
     <span class='ocr_line' id='line_1_106' title="bbox 2326 4719 3976 4811; baseline 0.008 -43"><span class='ocrx_word' id='word_1_791' title='bbox 2326 4756 2370 4811; x_wconf 75' lang='lat' dir='ltr'><strong>D</strong></span> <span class='ocrx_word' id='word_1_792' title='bbox 2398 4719 2655 4784; x_wconf 78' lang='grc' dir='ltr'>γυναικὸς</span> <span class='ocrx_word' id='word_1_793' title='bbox 2683 4720 2775 4772; x_wconf 69' lang='grc' dir='ltr'><strong>δύο</strong></span> <span class='ocrx_word' id='word_1_794' title='bbox 2803 4722 2989 4774; x_wconf 86' lang='grc' dir='ltr'>παιδία</span> <span class='ocrx_word' id='word_1_795' title='bbox 3018 4725 3360 4795; x_wconf 77' lang='grc' dir='ltr'>γεννησάσης</span> <span class='ocrx_word' id='word_1_796' title='bbox 3388 4727 3567 4779; x_wconf 73' lang='grc' dir='ltr'>οὐκέτι</span> <span class='ocrx_word' id='word_1_797' title='bbox 3597 4731 3624 4780; x_wconf 83' lang='grc' dir='ltr'>ὁ</span> <span class='ocrx_word' id='word_1_798' title='bbox 3655 4730 3753 4798; x_wconf 69' lang='grc' dir='ltr'>ἀνὴ</span> <span class='ocrx_word' id='word_1_799' title='bbox 3761 4747 3794 4798; x_wconf 85' lang='grc' dir='ltr'><strong>ρ</strong></span> <span class='ocrx_word' id='word_1_800' title='bbox 3823 4733 3976 4782; x_wconf 85' lang='grc' dir='ltr'>ἀντι-</span> 
     </span>
    </p>
   </div>
   <div class='ocr_carea' id='block_1_107' title="bbox 2399 4812 3974 4893">
    <p class='ocr_par' dir='ltr' id='par_1_107' title="bbox 2399 4812 3974 4893">
     <span class='ocr_line' id='line_1_107' title="bbox 2399 4812 3974 4893; baseline 0.008 -33"><span class='ocrx_word' id='word_1_801' title='bbox 2399 4813 2543 4880; x_wconf 81' lang='grc' dir='ltr'>περᾷ</span> <span class='ocrx_word' id='word_1_802' title='bbox 2575 4812 2710 4879; x_wconf 83' lang='grc' dir='ltr'>πρὸς</span> <span class='ocrx_word' id='word_1_803' title='bbox 2743 4815 2932 4884; x_wconf 72' lang='grc' dir='ltr'>αὐτὴν,</span> <span class='ocrx_word' id='word_1_804' title='bbox 2963 4814 3085 4868; x_wconf 74' lang='grc' dir='ltr'>οὔτε</span> <span class='ocrx_word' id='word_1_805' title='bbox 3123 4817 3230 4886; x_wconf 75' lang='grc' dir='ltr'>μὴν</span> <span class='ocrx_word' id='word_1_806' title='bbox 3260 4821 3444 4887; x_wconf 82' lang='grc' dir='ltr'>ἐκείνη</span> <span class='ocrx_word' id='word_1_807' title='bbox 3479 4820 3766 4890; x_wconf 77' lang='grc' dir='ltr'>πλησιάζει</span> <span class='ocrx_word' id='word_1_808' title='bbox 3801 4823 3974 4893; x_wconf 77' lang='grc' dir='ltr'>ἑτέρῳ</span> 
     </span>
    </p>
   </div>
   <div class='ocr_carea' id='block_1_108' title="bbox 2399 4903 3976 4983">
    <p class='ocr_par' dir='ltr' id='par_1_108' title="bbox 2399 4903 3976 4983">
     <span class='ocr_line' id='line_1_108' title="bbox 2399 4903 3976 4983; baseline 0.01 -29"><span class='ocrx_word' id='word_1_809' title='bbox 2399 4904 2552 4972; x_wconf 78' lang='grc' dir='ltr'>ἀνδρὶ</span> <span class='ocrx_word' id='word_1_810' title='bbox 2583 4903 2668 4954; x_wconf 71' lang='grc' dir='ltr'>διὰ</span> <span class='ocrx_word' id='word_1_811' title='bbox 2705 4905 2904 4975; x_wconf 81' lang='grc' dir='ltr'>πολλὴν</span> <span class='ocrx_word' id='word_1_812' title='bbox 2931 4906 3237 4962; x_wconf 80' lang='grc' dir='ltr'>εὐλάϐειαν.</span> <span class='ocrx_word' id='word_1_813' title='bbox 3271 4911 3332 4962; x_wconf 88' lang='grc' dir='ltr'>Εί</span> <span class='ocrx_word' id='word_1_814' title='bbox 3363 4911 3418 4964; x_wconf 85' lang='grc' dir='ltr'>δὲ</span> <span class='ocrx_word' id='word_1_815' title='bbox 3450 4914 3632 4982; x_wconf 75' lang='grc' dir='ltr'>συμϐῇ</span> <span class='ocrx_word' id='word_1_816' title='bbox 3667 4919 3884 4983; x_wconf 81' lang='grc' dir='ltr'>στεῖραν</span> <span class='ocrx_word' id='word_1_817' title='bbox 3915 4919 3976 4970; x_wconf 83' lang='grc' dir='ltr'>ἐν</span> 
     </span>
    </p>
   </div>
   <div class='ocr_carea' id='block_1_109' title="bbox 2397 4994 3979 5078">
    <p class='ocr_par' dir='ltr' id='par_1_109' title="bbox 2397 4994 3979 5078">
     <span class='ocr_line' id='line_1_109' title="bbox 2397 4994 3979 5078; baseline 0.011 -35"><span class='ocrx_word' id='word_1_818' title='bbox 2397 4994 2588 5056; x_wconf 72' lang='grc' dir='ltr'>αὑταῖς</span> <span class='ocrx_word' id='word_1_819' title='bbox 2614 4994 2925 5064; x_wconf 80' lang='grc' dir='ltr'>εὑρεθῆναι,</span> <span class='ocrx_word' id='word_1_820' title='bbox 2954 4999 3113 5069; x_wconf 77' lang='grc' dir='ltr'>μέχρι</span> <span class='ocrx_word' id='word_1_821' title='bbox 3139 5002 3458 5066; x_wconf 82' lang='grc' dir='ltr'>πενταετίας</span> <span class='ocrx_word' id='word_1_822' title='bbox 3485 5003 3760 5068; x_wconf 83' lang='grc' dir='ltr'>διαπερῶν</span> <span class='ocrx_word' id='word_1_823' title='bbox 3783 5009 3810 5059; x_wconf 76' lang='grc' dir='ltr'><strong>ὁ</strong></span> <span class='ocrx_word' id='word_1_824' title='bbox 3835 5008 3979 5078; x_wconf 73' lang='grc' dir='ltr'>ἀνὴρ</span> 
     </span>
    </p>
   </div>
   <div class='ocr_carea' id='block_1_110' title="bbox 2397 5086 3975 5171">
    <p class='ocr_par' dir='ltr' id='par_1_110' title="bbox 2397 5086 3975 5171">
     <span class='ocr_line' id='line_1_110' title="bbox 2397 5086 3975 5171; baseline 0.013 -35"><span class='ocrx_word' id='word_1_825' title='bbox 2397 5086 2566 5153; x_wconf 72' lang='grc' dir='ltr'>αὐτῆς</span> <span class='ocrx_word' id='word_1_826' title='bbox 2607 5089 2702 5138; x_wconf 76' lang='grc' dir='ltr'><strong>καὶ</strong></span> <span class='ocrx_word' id='word_1_827' title='bbox 2741 5093 3128 5160; x_wconf 80' lang='grc' dir='ltr'>συγγινόμενος</span> <span class='ocrx_word' id='word_1_828' title='bbox 3161 5096 3320 5165; x_wconf 73' lang='grc' dir='ltr'>αὐτῇ,</span> <span class='ocrx_word' id='word_1_829' title='bbox 3363 5098 3459 5150; x_wconf 80' lang='grc' dir='ltr'><strong>ὲάν</strong></span> <span class='ocrx_word' id='word_1_830' title='bbox 3498 5098 3558 5150; x_wconf 82' lang='grc' dir='ltr'>οὐ</span> <span class='ocrx_word' id='word_1_831' title='bbox 3598 5100 3755 5171; x_wconf 78' lang='grc' dir='ltr'>τέκῃ,</span> <span class='ocrx_word' id='word_1_832' title='bbox 3790 5100 3975 5157; x_wconf 84' lang='grc' dir='ltr'>οὐκέτι</span> 
     </span>
    </p>
   </div>
   <div class='ocr_carea' id='block_1_111' title="bbox 2399 5174 3980 5260">
    <p class='ocr_par' dir='ltr' id='par_1_111' title="bbox 2399 5174 3980 5260">
     <span class='ocr_line' id='line_1_111' title="bbox 2399 5174 3980 5260; baseline 0.012 -36"><span class='ocrx_word' id='word_1_833' title='bbox 2399 5174 2750 5244; x_wconf 77' lang='grc' dir='ltr'>προσεγγίζει</span> <span class='ocrx_word' id='word_1_834' title='bbox 2803 5179 2964 5248; x_wconf 82' lang='grc' dir='ltr'>αὐτῇ.</span> <span class='ocrx_word' id='word_1_835' title='bbox 3018 5182 3118 5236; x_wconf 77' lang='grc' dir='ltr'>Διὰ</span> <span class='ocrx_word' id='word_1_836' title='bbox 3169 5185 3326 5238; x_wconf 83' lang='grc' dir='ltr'>τοῦτο</span> <span class='ocrx_word' id='word_1_837' title='bbox 3377 5187 3500 5240; x_wconf 66' lang='grc' dir='ltr'>οὐδὲ</span> <span class='ocrx_word' id='word_1_838' title='bbox 3549 5188 3980 5260; x_wconf 74' lang='grc' dir='ltr'>πολυάνθρωπός</span> 
     </span>
    </p>
   </div>
   <div class='ocr_carea' id='block_1_112' title="bbox 2403 5265 3979 5352">
    <p class='ocr_par' dir='ltr' id='par_1_112' title="bbox 2403 5265 3979 5352">
     <span class='ocr_line' id='line_1_112' title="bbox 2403 5265 3979 5352; baseline 0.01 -36"><span class='ocrx_word' id='word_1_839' title='bbox 2403 5265 2550 5317; x_wconf 72' lang='grc' dir='ltr'>ἐστιν</span> <span class='ocrx_word' id='word_1_840' title='bbox 2584 5268 2618 5336; x_wconf 73' lang='grc' dir='ltr'><strong>ἡ</strong></span> <span class='ocrx_word' id='word_1_841' title='bbox 2649 5266 2803 5338; x_wconf 85' lang='grc' dir='ltr'>χώρα</span> <span class='ocrx_word' id='word_1_842' title='bbox 2835 5271 3051 5338; x_wconf 82' lang='grc' dir='ltr'>αὐτῶν,</span> <span class='ocrx_word' id='word_1_843' title='bbox 3082 5273 3170 5328; x_wconf 82' lang='grc' dir='ltr'><strong>διά</strong></span> <span class='ocrx_word' id='word_1_844' title='bbox 3198 5292 3257 5328; x_wconf 86' lang='grc' dir='ltr'><strong>τε</strong></span> <span class='ocrx_word' id='word_1_845' title='bbox 3288 5277 3386 5347; x_wconf 81' lang='grc' dir='ltr'>τὴν</span> <span class='ocrx_word' id='word_1_846' title='bbox 3419 5277 3717 5347; x_wconf 69' lang='grc' dir='ltr'>ὀλιγοδιίαν</span> <span class='ocrx_word' id='word_1_847' title='bbox 3749 5282 3845 5331; x_wconf 78' lang='grc' dir='ltr'>καὶ</span> <span class='ocrx_word' id='word_1_848' title='bbox 3877 5281 3979 5352; x_wconf 76' lang='grc' dir='ltr'>τὴν</span> 
     </span>
    </p>
   </div>
   <div class='ocr_carea' id='block_1_113' title="bbox 2404 5356 3981 5440">
    <p class='ocr_par' dir='ltr' id='par_1_113' title="bbox 2404 5356 3981 5440">
     <span class='ocr_line' id='line_1_113' title="bbox 2404 5356 3981 5440; baseline 0.011 -33"><span class='ocrx_word' id='word_1_849' title='bbox 2404 5356 2639 5427; x_wconf 81' lang='grc' dir='ltr'>φυσικὴν</span> <span class='ocrx_word' id='word_1_850' title='bbox 2658 5360 3005 5430; x_wconf 73' lang='grc' dir='ltr'>ἐγκράτειαν.</span> <span class='ocrx_word' id='word_1_851' title='bbox 3023 5364 3126 5416; x_wconf 56' lang='lat' dir='ltr'><strong>To.</strong></span> <span class='ocrx_word' id='word_1_852' title='bbox 3143 5364 3200 5417; x_wconf 85' lang='grc' dir='ltr'>δὲ</span> <span class='ocrx_word' id='word_1_853' title='bbox 3220 5368 3460 5435; x_wconf 85' lang='grc' dir='ltr'>ποταμόν</span> <span class='ocrx_word' id='word_1_854' title='bbox 3491 5386 3622 5438; x_wconf 76' lang='grc' dir='ltr'>φασι</span> <span class='ocrx_word' id='word_1_855' title='bbox 3642 5371 3981 5440; x_wconf 82' lang='grc' dir='ltr'>δυσπερατό-</span> 
     </span>
    </p>
   </div>
   <div class='ocr_carea' id='block_1_114' title="bbox 2401 5446 3978 5532">
    <p class='ocr_par' dir='ltr' id='par_1_114' title="bbox 2401 5446 3978 5532">
     <span class='ocr_line' id='line_1_114' title="bbox 2401 5446 3978 5532; baseline 0.011 -32"><span class='ocrx_word' id='word_1_856' title='bbox 2401 5464 2564 5501; x_wconf 85' lang='grc' dir='ltr'>τατον</span> <span class='ocrx_word' id='word_1_857' title='bbox 2581 5446 2718 5504; x_wconf 84' lang='grc' dir='ltr'>εἶναι</span> <span class='ocrx_word' id='word_1_858' title='bbox 2739 5450 2824 5504; x_wconf 82' lang='grc' dir='ltr'>διὰ</span> <span class='ocrx_word' id='word_1_859' title='bbox 2853 5453 2942 5506; x_wconf 71' lang='grc' dir='ltr'>τὸν</span> <span class='ocrx_word' id='word_1_860' title='bbox 2977 5454 3269 5524; x_wconf 89' lang='grc' dir='ltr'>λεγόμενον</span> <span class='ocrx_word' id='word_1_861' title='bbox 3287 5459 3390 5530; x_wconf 75' lang='grc' dir='ltr'>ὁδοί</span> <span class='ocrx_word' id='word_1_862' title='bbox 3403 5459 3805 5532; x_wconf 83' lang='grc' dir='ltr'>ντο]τύραννον.</span> <span class='ocrx_word' id='word_1_863' title='bbox 3825 5463 3978 5517; x_wconf 85' lang='grc' dir='ltr'>Ζῶον</span> 
     </span>
    </p>
   </div>
   <div class='ocr_carea' id='block_1_115' title="bbox 2401 5541 3980 5625">
    <p class='ocr_par' dir='ltr' id='par_1_115' title="bbox 2401 5541 3980 5625">
     <span class='ocr_line' id='line_1_115' title="bbox 2401 5541 3980 5625; baseline 0.011 -35"><span class='ocrx_word' id='word_1_864' title='bbox 2401 5541 2507 5610; x_wconf 83' lang='grc' dir='ltr'><strong>γάρ</strong></span> <span class='ocrx_word' id='word_1_865' title='bbox 2541 5541 2687 5594; x_wconf 78' lang='grc' dir='ltr'>ἐστιν</span> <span class='ocrx_word' id='word_1_866' title='bbox 2719 5543 3003 5612; x_wconf 80' lang='grc' dir='ltr'>ἀμφίϐιον,</span> <span class='ocrx_word' id='word_1_867' title='bbox 3048 5549 3304 5616; x_wconf 85' lang='grc' dir='ltr'>μέγιστον</span> <span class='ocrx_word' id='word_1_868' title='bbox 3339 5552 3491 5617; x_wconf 87' lang='grc' dir='ltr'>λίαν,</span> <span class='ocrx_word' id='word_1_869' title='bbox 3538 5554 3595 5605; x_wconf 79' lang='grc' dir='ltr'>ὲν</span> <span class='ocrx_word' id='word_1_870' title='bbox 3631 5554 3708 5624; x_wconf 80' lang='grc' dir='ltr'>τῷ</span> <span class='ocrx_word' id='word_1_871' title='bbox 3744 5557 3980 5625; x_wconf 79' lang='grc' dir='ltr'>ποταμῷ</span> 
     </span>
    </p>
   </div>
   <div class='ocr_carea' id='block_1_116' title="bbox 2398 5631 3978 5710">
    <p class='ocr_par' dir='ltr' id='par_1_116' title="bbox 2398 5631 3978 5710">
     <span class='ocr_line' id='line_1_116' title="bbox 2398 5631 3978 5710; baseline 0.011 -27"><span class='ocrx_word' id='word_1_872' title='bbox 2398 5631 2753 5702; x_wconf 82' lang='grc' dir='ltr'>διαιτώμενον</span> <span class='ocrx_word' id='word_1_873' title='bbox 2783 5636 2874 5687; x_wconf 82' lang='grc' dir='ltr'><strong>καὶ</strong></span> <span class='ocrx_word' id='word_1_874' title='bbox 2904 5635 3201 5706; x_wconf 82' lang='grc' dir='ltr'>δυνάμενον</span> <span class='ocrx_word' id='word_1_875' title='bbox 3232 5643 3499 5710; x_wconf 80' lang='grc' dir='ltr'>ελέφαντα</span> <span class='ocrx_word' id='word_1_876' title='bbox 3532 5651 3821 5699; x_wconf 85' lang='grc' dir='ltr'>καταπιεῖν</span> <span class='ocrx_word' id='word_1_877' title='bbox 3851 5649 3978 5701; x_wconf 75' lang='grc' dir='ltr'>ὀλο·-</span> 
     </span>
    </p>
   </div>
   <div class='ocr_carea' id='block_1_117' title="bbox 2399 5724 3976 5808">
    <p class='ocr_par' dir='ltr' id='par_1_117' title="bbox 2399 5724 3976 5808">
     <span class='ocr_line' id='line_1_117' title="bbox 2399 5724 3976 5808; baseline 0.01 -32"><span class='ocrx_word' id='word_1_878' title='bbox 2399 5724 2598 5795; x_wconf 82' lang='grc' dir='ltr'>κληρον</span> <span class='ocrx_word' id='word_1_879' title='bbox 2619 5743 2632 5755; x_wconf 89' lang='grc'><strong>·</strong></span> <span class='ocrx_word' id='word_1_880' title='bbox 2666 5726 2694 5778; x_wconf 80' lang='grc' dir='ltr'><strong>ὃ</strong></span> <span class='ocrx_word' id='word_1_881' title='bbox 2723 5728 2779 5778; x_wconf 84' lang='grc' dir='ltr'>ὲν</span> <span class='ocrx_word' id='word_1_882' title='bbox 2809 5733 2928 5792; x_wconf 85' lang='grc' dir='ltr'>ταῖς</span> <span class='ocrx_word' id='word_1_883' title='bbox 2964 5732 3062 5800; x_wconf 79' lang='grc' dir='ltr'>μὲν</span> <span class='ocrx_word' id='word_1_884' title='bbox 3091 5734 3324 5803; x_wconf 77' lang='grc' dir='ltr'>ἡμέραις</span> <span class='ocrx_word' id='word_1_885' title='bbox 3353 5736 3449 5804; x_wconf 82' lang='grc' dir='ltr'>τῆς</span> <span class='ocrx_word' id='word_1_886' title='bbox 3482 5739 3829 5808; x_wconf 78' lang='grc' dir='ltr'>περαιῶσεως</span> <span class='ocrx_word' id='word_1_887' title='bbox 3862 5741 3976 5791; x_wconf 76' lang='grc' dir='ltr'>τιῖιν</span> 
     </span>
    </p>
   </div>
   <div class='ocr_carea' id='block_1_118' title="bbox 2396 5817 3978 5900">
    <p class='ocr_par' dir='ltr' id='par_1_118' title="bbox 2396 5817 3978 5900">
     <span class='ocr_line' id='line_1_118' title="bbox 2396 5817 3978 5900; baseline 0.007 -29"><span class='ocrx_word' id='word_1_888' title='bbox 2396 5817 2607 5887; x_wconf 82' lang='grc' dir='ltr'>ἀνδρῶν</span> <span class='ocrx_word' id='word_1_889' title='bbox 2642 5818 2866 5874; x_wconf 77' lang='grc' dir='ltr'>ἐκείνων</span> <span class='ocrx_word' id='word_1_890' title='bbox 2897 5825 3102 5890; x_wconf 58' lang='grc' dir='ltr'>ἀφανὲς</span> <span class='ocrx_word' id='word_1_891' title='bbox 3142 5827 3345 5893; x_wconf 82' lang='grc' dir='ltr'>γίνεται</span> <span class='ocrx_word' id='word_1_892' title='bbox 3381 5831 3518 5883; x_wconf 73' lang='grc' dir='ltr'>κατὰ</span> <span class='ocrx_word' id='word_1_893' title='bbox 3554 5832 3699 5883; x_wconf 74' lang='grc' dir='ltr'>θείαν</span> <span class='ocrx_word' id='word_1_894' title='bbox 3741 5834 3978 5900; x_wconf 74' lang='grc' dir='ltr'>προστα-</span> 
     </span>
    </p>
   </div>
  </div>
