4214 6448
727 417 834 480 aut
2038 413 2361 475 GEORGII
2403 415 2742 476 CEDRENI
3899 415 4006 480 308

731 543 895 597 male,
930 547 1073 603 aegre
1114 533 1167 586 iu
1220 539 1420 586 terram
1453 530 1659 585 enavit.
1689 529 1996 600 Statimque
2036 546 2064 582 a
2105 527 2312 583 Casan-
2337 532 2388 590 Α

2343 532 2388 590 Α
2413 528 2647 598 διάδημα
2671 528 2962 594 ἀπέϐαλεν,
2989 529 3198 598 ὄμϐρου
3224 530 3316 582 καὶ
3340 529 3601 592 λαίλαπος
3633 532 4007 600 καταρραγέν-

726 630 829 683 dro
875 629 1012 684 duce
1058 628 1331 682 exercitus
1383 629 1465 681 sui
1509 641 1718 680 veneno
1748 624 1992 678 exhibito
2025 623 2312 678 doloribus

2416 639 2504 684 τος
2545 621 2776 686 πολλοῦ,
2822 622 2917 673 καὶ
2957 621 3111 689 μόλις
3151 621 3244 674 ἐπὶ
3277 623 3374 690 τὴν
3415 622 3518 690 γῆν
3555 620 3859 690 διενήξατο,
3897 619 4007 674 Καὶ

729 723 970 777 laniatus
1029 729 1136 774 est.
1192 718 1269 772 Ita
1321 719 1636 772 Alexander
1688 725 1769 771 t0t
1830 717 1996 770 rebus
2051 715 2314 786 praeclare

2417 714 2762 784 παραχρῆμα
2817 713 2922 766 ὑπὸ
2975 713 3297 785 Κασάνδρου
3346 713 3442 768 τοῦ
3504 711 3639 765 ἰδίου
3695 713 4008 783 στρατηγοῦ

733 814 900 884 gestis
952 820 1205 867 mortuus
1254 819 1357 875 est,
1386 826 1510 864 cum
1563 816 1850 879 regnasset
1890 822 2065 863 annos
2106 807 2314 861 duode-

2419 807 2710 877 φάρμακον
2742 806 3033 874 δεξάμενος
3061 805 3405 877 ἐσπαράχθη.
3435 806 3544 860 Καὶ
3572 807 3602 858 ὁ
3633 805 3732 876 μὲν
3764 805 3857 856 ἐπὶ
3888 821 4011 858 τοσ-

732 907 836 959 eim
872 915 926 961 et
957 921 1052 961 sex
1081 919 1324 969 menses,
1357 904 1586 959 vixisset
1615 909 1796 956 autem
1829 901 2052 972 triginta
2078 901 2239 956 duos.

2417 898 2594 961 ούτοις
2636 897 3027 970 κατορθώμασι
3070 899 3162 951 τὸν
3201 899 3315 969 βίον
3360 899 3698 970 μετήλλαξε,
3741 899 3864 952 δυσὶ
3913 899 4009 950 καὶ

2418 991 2548 1044 δέκα
2585 992 2798 1060 χρύνοις
2843 991 2978 1061 πρὸς
3017 992 3186 1062 μησὶν
3226 991 3285 1057 ἒξ
3321 994 3421 1063 τῆς
3459 994 3633 1062 ἀρχῆς
3667 992 4010 1055 ἀπολαύσας,

2422 1082 2623 1152 βιώσας
2657 1083 2714 1135 δὲ
2743 1083 2811 1136 τὰ
2843 1085 3019 1137 πάντα
3049 1083 3144 1154 ἔτη
3171 1084 3264 1138 δύο
3295 1087 3388 1138 καὶ
3418 1087 3734 1155 τριάκοντα.

806 1173 1203 1243 Hierosolymis
1257 1169 1531 1242 quondam
1582 1170 1637 1223 in
1699 1166 1976 1223 Persidem
2038 1164 2319 1236 proiectus

2505 1178 2893 1248 Ἀνερχόμενος
2925 1177 2981 1230 δέ
3017 1195 3148 1230 ποτε
3179 1178 3288 1231 ἀπὸ
3331 1177 3688 1250 Ἰερουσαλὴμ
3743 1178 3823 1240 είς
3853 1178 4006 1246 Περ-

733 1266 1002 1335 quosdam
1050 1264 1270 1319 .ludaros
1320 1264 1373 1316 in
1444 1262 1745 1317 exercitum
1812 1259 2144 1314 adsciverat.
2196 1256 2320 1311 Fuit

2425 1269 2542 1321 σίδα
2569 1269 2728 1321 ἔλαϐέ
2765 1287 2915 1332 τινας
2955 1269 3062 1324 τῶν
3107 1270 3386 1323 Ἰουδαίων
3423 1269 3562 1341 πρὸς
3592 1269 3928 1339 συμμαχίαν,
3958 1271 4019 1322 ὲν

734 1359 878 1411 inter
912 1357 1013 1410 hos
1044 1353 1538 1424 praestantissimus
1576 1350 1986 1412 Mosomaelius,
2019 1357 2074 1401 et
2105 1348 2320 1418 ingenio

2423 1352 2504 1420 οἷς
2529 1354 2595 1428 ἦν
2630 1375 2710 1420 τις
2751 1359 3055 1429 ὑπερέχων,
3087 1360 3314 1430 ὀνόματι
3359 1361 3715 1430 Μοσόμαχος,
3741 1362 3881 1414 κατὰ
3913 1361 4019 1428 ψυ-

732 1449 942 1516 optimo
978 1445 1239 1516 prmditus
1282 1453 1336 1500 et
1387 1445 1582 1513 sagitta
1616 1457 1842 1511 scopum
1881 1442 2135 1510 tangendi
2181 1439 2323 1509 peri-

2424 1450 2526 1518 χὴν
2542 1451 2639 1518 μὲν
2675 1449 2917 1518 ἄριστος,
2941 1451 3166 1520 τοξότης
3203 1451 3258 1504 δὲ
3297 1449 3380 1523 [Ρ.
3419 1452 4015 1523 1551εὐστοχώτατος·

736 1541 1002 1595 tissimus.
1070 1537 1121 1594 Is
1179 1554 1302 1591 eum
1364 1537 1697 1606 Babylonem
1761 1535 1934 1589 iretur
1994 1541 2047 1587 et
2100 1533 2320 1602 quidam

2424 1541 2482 1603 ὃς
2513 1542 2757 1594 διιόντων
2807 1543 2907 1612 τὴν
2960 1544 3054 1596 ἐπὶ
3105 1543 3399 1597 Βαϐυλῶνα
3445 1545 3585 1606 ὁδὸν,
3623 1545 3717 1596 καὶ
3769 1542 4021 1612 μάντεώς

733 1634 944 1687 ariolus
976 1632 1227 1701 auSpieio
1263 1645 1364 1684 suo
1391 1628 1695 1683 exercitum
1731 1638 2060 1688 moraretur,
2095 1638 2322 1678 causam

2424 1653 2571 1698 τινος
2603 1635 3020 1706 ὀρνιθευομένου
3043 1635 3141 1688 καὶ
3174 1638 3387 1700 πάντας
3422 1637 3732 1704 ἐπέχοντος,
3760 1635 4019 1705 ἡρώτηεε

735 1742 834 1779 cur
868 1725 1209 1781 substitisset
1245 1722 1483 1792 p0pulus
1526 1723 1777 1785 scitatus,
1811 1733 1934 1773 cum
1983 1733 2187 1785 auspex
2228 1730 2326 1770 ave

2426 1729 2526 1798 τὴν
2571 1730 2755 1782 αἰτίαν
2789 1730 2888 1799 τῆς
2931 1730 3257 1799 παραμονῆς
3289 1727 3384 1780 τοῦ
3419 1728 3574 1782 λαοῦ.
3612 1729 3723 1782 Καὶ
3768 1730 3795 1781 ὁ
3835 1728 4023 1796 ὀρνεο-

736 1826 1040 1873 monstrata
1101 1815 1370 1880 dixisset,
1439 1816 1484 1869 si
1553 1828 1616 1867 ea
1680 1811 1979 1865 immobilis
2043 1816 2322 1873 maneret,

2431 1821 2633 1884 σκόπος
2662 1821 2983 1884 ὑποδεικνὺς
3009 1822 3102 1874 τὸν
3145 1821 3293 1892 ὄρνιν
3341 1819 3471 1890 ἔφη·
3512 1821 3610 1874 Ἂν
3653 1819 3754 1890 μὲν
3783 1820 4023 1872 ἀσάλευ-

735 1913 941 1966 bonum
1000 1909 1276 1964 universis
1333 1905 1579 1976 portendi
1656 1911 1716 1957 ut
1775 1904 1852 1958 ibi
1908 1911 2189 1964 maneant,
2239 1901 2399 1970 sinB

2361 1917 2400 1970 B
2428 1930 2522 1975 τος
2582 1914 2740 1984 μένῃ,
2792 1914 3130 1983 προσμένειν
3165 1891 3449 1984 συμφέρον
3473 1891 3672 1977 ⁸πᾶσιν,
3702 1913 3767 1966 ἂν
3811 1911 3855 1964 δ’
3886 1914 4025 1964 dva—

739 2018 908 2071 porro
963 2002 1193 2063 volaret,
1253 1995 1681 2069 procedendum,
1740 1997 1826 2050 sin
1884 2005 2032 2049 retro
2094 1993 2323 2056 volaret,

2433 2005 2566 2066 στάς
2598 2007 2677 2066 εἰς
2716 2003 3105 2075 τοῦμπροσθεν
3133 2004 3387 2068 πέταται,
3422 2003 3711 2075 προάγειν,
3745 2005 3791 2055 εί
3818 2003 3860 2057 δ’
3894 2003 4024 2056 ὄπι-

738 2091 1105 2146 recedendum
1140 2090 1273 2159 ipsis
1301 2105 1445 2154 esse,
1481 2088 1567 2142 bis
1592 2087 1795 2140 auditis
1829 2087 1967 2140 clam
1999 2086 2165 2140 ducto
2195 2099 2326 2137 arcu

2431 2097 2576 2162 σοεν,
2614 2098 2920 2166 ἀναχωρεῖν
2971 2095 3150 2160 αὖθις.
3186 2097 3297 2150 Καὶ
3325 2096 3500 2150 ταῦτα
3551 2095 3794 2158 ἀκούσας
3833 2097 4022 2149 Mos-'3-

738 2200 892 2238 avem
945 2183 1162 2252 deiecit.
1199 2181 1353 2247 Quod
1392 2195 1515 2234 cum
1564 2190 1616 2234 et
1656 2179 1862 2233 ariolus
1900 2187 1956 2234 et
1992 2176 2187 2246 reliqui
2221 2176 2329 2230 isto

2434 2203 2604 2256 μαχος
2632 2185 2782 2254 παρὰ
2807 2185 2899 2238 τοῦ
2935 2186 3206 2255 μάντεως,
3241 2187 3336 2238 καὶ
3359 2187 3536 2258 λάθρα
3569 2185 3727 2249 τόξον
3755 2185 4019 2249 ἑλκύσας,

735 2291 923 2329 errore
972 2273 1114 2342 capti
1180 2287 1325 2342 mgre
1376 2271 1620 2334 ferrent,
1673 2279 1891 2339 arrepta
1943 2268 2327 2324 Mosomachus

2432 2276 2615 2346 βάλλει
2648 2277 2738 2330 τὸν
2761 2278 2930 2346 ὄρνιν.
2971 2279 3089 2345 Ἐφ’
3115 2273 3198 2340 οἷς
3237 2277 3333 2330 τοῦ
3375 2278 3624 2347 μάντεως
3663 2278 4021 2348 χαλεπήναν-

738 2368 901 2437 272
959 2380 1081 2431 ave,
1119 2365 1261 2432 Quid
1329 2365 1525 2434 inquit,
1589 2364 1860 2429 infelices,
1899 2379 1986 2418 me
2047 2361 2326 2432 culpatis?

2427 2386 2520 2431 τος
2550 2369 2643 2420 καὶ
2673 2368 2891 2420 πάντων
2915 2366 3025 2421 τῶν
3048 2371 3113 2438 τῇ
3147 2367 3325 2440 πλάνῃ
3354 2368 3793 2438 δεδουλωμένων,
3832 2367 4025 2420 λαϐὼν

738 2463 988 2526 Quonam
1039 2459 1204 2513 modo
1247 2459 1362 2512 avis
1402 2473 1470 2511 ne
1503 2473 1654 2511 suam
1694 2457 1911 2526 quidem
1960 2455 2134 2526 ipsius
2184 2455 2329 2509 salu-

2428 2464 2507 2524 εἰς
2541 2463 2729 2530 χεῖρας
2766 2460 2856 2512 τὸν
2886 2459 3038 2529 ὄρνιν
3084 2461 3417 2531 Μοσόμαχος
3469 2462 3610 2530 ἔφη·
3644 2461 3709 2514 Τί
3748 2480 3837 2531 μοι
3873 2463 4020 2530 μέμ-

738 2563 846 2605 tem
885 2551 1188 2620 pra2vldens
1233 2549 1387 2602 vobis
1437 2547 1783 2601 conuuodum
1836 2555 2079 2602 vestrum
2115 2547 2328 2600 denun-

2431 2551 2622 2620 φεσθε,
2668 2550 3097 2619 κακοδαίμονεςς
3136 2551 3256 2613 Πῶς
3291 2553 3402 2621 γάρ
3430 2544 3610 2616 οὗτος,
3648 2553 3722 2620 μὴ
3751 2553 3849 2620 τὴν
3887 2551 4023 2602 ἐαυ-

739 2645 964 2697 tiasset?
995 2658 1116 2712 quae
1166 2641 1349 2695 futura
1401 2655 1681 2710 praenosse
1722 2640 2008 2709 quivisset,
2045 2653 2324 2708 nunquam

2426 2643 2521 2698 τοῦ
2554 2644 2831 2714 σωτηρίαν
2865 2643 3287 2712 προγινώσκων,
3320 2645 3383 2696 τὸ
3418 2645 3691 2715 ἡμέτερον
3739 2644 4027 2713 συμφέρον

737 2736 986 2805 proferto
1023 2735 1128 2789 huc
1175 2734 1442 2790 venisset.
1475 2731 1588 2787 Hoc
1622 2733 1774 2787 dicto
1819 2747 2076 2801 maguum
2119 2731 2188 2785 iis
2220 2746 2324 2800 pu-

2429 2735 2904 2807 προανήγγειλεν;
2938 2735 3000 2786 Εἰ
3028 2735 3136 2805 γάρ
3167 2734 3400 2803 ἠδύνατο
3433 2733 3739 2806 προειδέναι
3781 2734 3840 2784 τὸ
3889 2732 4027 2802 μέλ-

738 2830 927 2886 dorem
961 2829 1217 2884 incussit.

2427 2827 2540 2890 λον,
2576 2828 2676 2879 οὐκ
2714 2827 2781 2879 ἂν
2831 2827 2911 2886 είς
2946 2825 3036 2876 τον
3065 2824 3227 2876 τόπον
3274 2824 3464 2876 τοῦτον
3519 2821 3671 2891 ἦλθε.
3707 2822 3816 2874 Καὶ
3843 2819 4028 2873 ταῦτα

2429 2921 2678 2981 εἰπόντος
2712 2918 2880 2970 αὑτοῦ
2923 2916 3390 2987 κατησχύνθησαν
3414 2914 3638 2984 σφόδρα.

809 3009 1011 3065 Verum
1063 3005 1372 3061 Alexander
1426 3004 1668 3058 infinitas
1709 3005 1843 3059 alias
1884 3003 2145 3058 victorias
2177 3017 2326 3054 com-

2503 3011 2679 3065 Πολλὰ
2704 3012 2802 3082 μὲν
2837 3008 2929 3064 οὖν
2962 3011 3055 3063 καὶ
3082 3009 3214 3064 ἄλλα
3238 3009 3409 3078 μυρία
3439 3009 3677 3079 τρόπαια
3701 3006 3798 3061 καὶ
3836 3006 4028 3060 δυσει-

739 3108 1045 3156 ntetnoratu
1099 3099 1346 3153 dilliriles
1385 3106 1440 3151 et
1476 3098 1672 3167 quavis
1717 3097 1968 3152 oratione
2010 3095 2324 3164 superiores

2429 3107 2608 3176 ήγητα
2640 3105 2734 3157 καὶ
2772 3106 2930 3173 λόγον
2973 3103 3378 3174 ὑπερϐαίνοντα
3407 3102 3724 3171 εἰργάσατο.
3773 3102 3885 3153 Καὶ
3931 3100 4027 3152 διὰ

738 3195 944 3249 retulit.
978 3193 1167 3261 itaque
1215 3207 1339 3246 cum
1393 3201 1542 3244 vates
1602 3197 1828 3244 sanctus
1863 3187 2113 3258 praevidit
2143 3187 2324 3255 specie

2430 3197 2589 3249 τοῦτο
2625 3197 2836 3266 πτηνὴν
2879 3195 3146 3266 πάρδαλιν
3187 3197 3215 3246 ὁ
3263 3195 3553 3265 προφήτης
3591 3193 3756 3246 αὑτὸν
3782 3191 4028 3261 προϐλε-

737 3288 976 3340 volantis
1022 3285 1302 3356 pardalis,
1356 3284 1694 3338 celeritatem
1748 3283 2009 3336 nimirum
2067 3296 2130 3333 ac
2181 3266 2398 3332 velutc

2363 3266 2398 3323 Β
2436 3304 2550 3349 πει,
2589 3287 2649 3339 τὸ
2689 3288 2826 3354 ταχυ
2862 3286 2958 3338 καλ⁵
2994 3286 3224 3356 σφοδρὸν
3243 3286 3334 3337 καὶ
3365 3284 3613 3355 πυρῶδες
3641 3285 3734 3336 καὶ
3769 3285 3828 3335 τὸ
3861 3284 4027 3352 ἄφνω

741 3381 955 3449 igneam
999 3376 1397 3432 vehementiam
1445 3376 1799 3444 prtrsagiens,
1833 3391 1938 3443 qua
1978 3373 2023 3426 is
2068 3381 2186 3425 erat
2228 3387 2327 3426 su-

2432 3381 2726 3448 διαπτῆναι
2761 3379 2859 3449 τὴν
2889 3379 3217 3448 οἰκουμένην
3261 3379 3400 3447 μετα
3431 3377 3712 3448 τροπαίων
3740 3378 3829 3428 καὶ
3862 3377 4028 3446 νίκης

739 3473 857 3525 bito
886 3470 1150 3524 mundum
1179 3470 1424 3524 victoriis
1450 3478 1502 3523 et
1530 3467 1750 3537 tr0pa2is
1777 3468 1894 3522 suis
1919 3466 2325 3536 pervolaturus.

2434 3472 2880 3541 προῦποιοαίνων.
2945 3473 3185 3524 Ἤκουσε
3259 3471 3316 3523 δὲ
3393 3471 3485 3523 καί
3530 3487 3671 3530 τινος
3726 3469 4025 3536 otioso-5:0;

741 3566 885 3618 idem
922 3565 1231 3618 Alexander
1276 3579 1400 3617 cum
1435 3562 1502 3616 de
1535 3561 1771 3632 quodam
1819 3558 2142 3628 philosopho
2175 3557 2330 3609 audi-

2433 3564 2680 3624 εἰπόντος
2699 3564 2781 3615 ὅτι
2803 3562 3016 3632 ἄπειροι
3041 3562 3237 3631 κόσμοι
3259 3562 3389 3621 είσὶ,
3408 3562 3502 3614 καὶ
3523 3561 3732 3630 μεγάλα
3755 3560 4028 3622 στενάξας

735 3657 908 3712 visset
934 3657 1171 3711 mundos
1221 3672 1342 3710 esse
1376 3657 1639 3720 iniinitos,
1670 3655 1776 3710 alte
1806 3654 1973 3708 ducto
2003 3653 2234 3722 gemitu,
2263 3652 2329 3704 Et

2433 3655 2536 3724 ἔφη
2559 3669 2572 3683 ⁸
2595 3653 2719 3708 Εἶτ’
2746 3655 2992 3726 ἀπείρων
3015 3655 3184 3708 ὄντων
3215 3655 3336 3724 μηδ’
3361 3655 3478 3717 ἑνὸς
3520 3653 3630 3722 ἐγὼ
3660 3655 3982 3724 κεκράτηκα
4008 3655 4020 3706 ί

739 3766 864 3819 ego,
893 3749 990 3814 ait,
1030 3764 1096 3802 ne
1130 3764 1294 3802 unum
1322 3748 1541 3816 quidem
1568 3746 1749 3800 adhue
1780 3743 1970 3814 subegi
2002 3743 2186 3796 lAdeo
2214 3757 2326 3795 ma-

2433 3750 2623 3812 Οὕτως
2669 3745 2736 3820 ἦν
2792 3749 3154 3820 μεγαλόφρων
3203 3750 3298 3801 καὶ
3353 3748 3727 3818 μεγαλόψυχος
3776 3749 3869 3798 καὶ
3904 3748 4025 3796 σώ-

740 3845 1035 3907 gnanimus
1087 3851 1205 3896 erat
1265 3850 1428 3909 atque
1482 3849 1794 3908 temperans
1835 3857 1847 3892 :
1883 3846 2003 3892 erat
2050 3837 2195 3890 enim
2261 3835 2328 3888 ab

2433 3866 2587 3918 φρων
2611 3861 2624 3874 ⁸
2677 3847 3036 3916 Ἀριστοτέλει
3066 3846 3172 3916 γάρ
3207 3843 3567 3914 μαθητευθεὶς
3595 3844 3772 3895 πᾶσαν
3792 3842 4028 3911 λογικὴν

741 3937 1039 3990 Aristotele
1085 3935 1235 3988 omni
1280 3933 1530 3988 doctrina
1583 3931 1932 3985 informatus.
1970 3929 2088 3983 Non
2130 3929 2329 3982 desunt

2432 3941 2743 4009 ἐπιστήμην
2788 3939 2868 4001 είς
2913 3937 3081 4003 ἄκρον
3121 3935 3435 4002 ἐπαιδεύθη.
3467 3935 3603 3986 Φασὶ
3648 3934 3706 3986 δέ
3751 3951 3893 3994 τινες
3926 3934 4019 3985 ὅτι

739 4032 833 4099 qui
869 4045 993 4084 cum
1031 4027 1194 4081 Dario
1229 4028 1378 4080 victo
1424 4028 1478 4080 in
1526 4025 1770 4079 deterius
1805 4032 2047 4077 mutasse
2082 4021 2324 4076 animum

2435 4031 2573 4100 μετὰ
2605 4028 2703 4100 τὴν
2736 4029 2895 4098 νίκην
2944 4027 3169 4097 Δαρείου
3204 4027 3524 4096 διαφθαρεὶς
3558 4027 3650 4077 τὸν
3699 4025 3824 4077 νοῦν
3873 4026 4025 4092 πρὸς

740 4137 804 4175 ac
865 4137 924 4174 se
983 4118 1362 4189 voluptatibus
1421 4116 1672 4185 corporis
1729 4115 1949 4169 dedisse
2003 4113 2323 4167 alliimcnt:

2431 4124 2528 4186 τὰς
2563 4121 2658 4175 τοῦ
2700 4122 2950 4190 σώματος
2997 4123 3190 4191 ἡδονὰς
3241 4120 3522 4172 διώλισθεν
3551 4122 3578 4172 ὀ
3617 4119 3739 4187 μηδ’
3773 4120 4023 4186 ἀνασχο-

740 4214 944 4266 etenim
1003 4213 1095 4281 qui
1153 4211 1284 4264 olim
1347 4208 1495 4261 Darii
1555 4208 1691 4261 ﬁlias
1748 4222 1816 4260 ne
1871 4206 2058 4260 vidi-re
2106 4203 2323 4273 quidem

2434 4232 2594 4284 μενος
2627 4215 2892 4284 πρότερον
2939 4212 3038 4274 τὰς
3086 4211 3313 4282 Δαρείου
3354 4210 3660 4278 θυγατέρας
3686 4209 4025 4272 θεάσασθαι,

740 4306 1118 4367 sustinuisset,
1183 4304 1228 4358 is
1284 4311 1339 4357 et
1397 4301 1620 4356 Persico
1681 4300 1886 4354 amictu
1946 4308 2134 4367 postea
2193 4313 2326 4353 usus

2431 4309 2712 4379 Περσικήν
2739 4323 2796 4357 τε
2831 4305 3024 4373 στολὴν
3061 4304 3426 4372 ἐνδυσάμενος
3465 4302 3680 4372 μυρίοις
3721 4301 3864 4362 νέοις
3899 4304 4032 4353 ἐδο-

740 4399 928 4451 deeem
966 4395 1132 4448 millia
1156 4395 1418 4462 juvenum
1449 4392 1683 4462 prmsidii
1720 4392 1840 4444 loco
1871 4391 2016 4444 circa
2053 4405 2110 4444 se
2139 4390 2328 4443 habuit

2434 4400 2719 4468 ρυφορεῖτο
2751 4399 2845 4449 καὶ
2867 4395 3208 4465 τριακοσίαις
3233 4395 3537 4456 παλλακαῖς
3568 4393 3784 4462 ἐχρῆτο,
3813 4391 3887 4452 ὡς
3915 4393 4032 4453 τὴν

741 4503 805 4541 ac
830 4485 936 4541 ’500
968 4485 1260 4554 pollicibus
1287 4498 1422 4538 usus
1453 4491 1558 4544 est,
1584 4481 2106 4548 Macedonicamque
2135 4495 2324 4547 regum

2429 4485 2808 4554 Μακεδονικὴν
2864 4487 3045 4537 πᾶσαν
3099 4485 3208 4535 τῶν
3264 4484 3529 4553 βασιλέων
3587 4482 3871 4551 συνήθειαν
3935 4485 4032 4546 εἰς

741 4577 1201 4632 consuetudinem
1239 4590 1468 4645 prorsus
1501 4574 1554 4627 in
1593 4573 1871 4627 Persicam
1912 4572 2166 4627 mutavit.
2204 4570 2322 4636 Qua
2358 4605 2398 4658 ο

2366 4605 2398 4658 D
2431 4577 2704 4648 Περσικὴν
2759 4577 3060 4646 μετελθεῖν.
3115 4576 3280 4628 Ὅθεν
3334 4576 3428 4627 καὶ
3480 4574 3745 4644 ἐξάρχους
3810 4575 4030 4644 ἄνδρας

739 4673 806 4725 de
862 4685 1028 4725 causa
1086 4669 1250 4722 etiam
1309 4667 1610 4736 permultos
1663 4663 2000 4720 Macedonici
2047 4665 2320 4719 exercitus

2167 4665 2320 4719 'citus
2426 4669 2534 4721 τῶν
2562 4669 2949 4722 Μακεδονικῶν
2975 4669 3272 4737 ταγμάτων
3301 4665 3588 4730 πλείστους
3634 4668 3831 4719 ἀνεῖλε.

741 4763 1004 4817 ductores
1035 4759 1336 4816 interfecit.

809 4851 1027 4905 Mortuo
1066 4849 1402 4910 Alexandro,
1440 4863 1669 4918 regnum
1716 4849 1834 4917 ejus
1865 4849 1920 4901 in
1954 4847 2155 4902 multas
2182 4846 2317 4899 divi-

2496 4849 2654 4903 Μετὰ
2709 4849 2766 4900 δὲ
2816 4849 2916 4917 τὴν
2959 4847 3312 4916 Ἀλεξάνδρου
3361 4845 3618 4914 τελευτὴν
3676 4849 3755 4908 εἰς
3810 4848 4035 4912 πολλὰς

740 4959 860 4999 sum
907 4953 992 4996 est
1038 4950 1249 5012 partes.
1303 4939 1576 4995 Perdiccae
1623 4939 2032 4995 Macedonicum
2089 4955 2320 5008 regnum

2425 4943 2601 5012 ἀρχὰς
2649 4943 2683 5010 ἡ
2718 4939 2968 5010 βασιλεία
3025 4939 3191 4992 αὑτοῦ
3247 4939 3496 5008 διῃρέθη,
3544 4939 3640 4992 καὶ
3701 4939 4035 5008 Περδίκκας

740 5044 890 5087 sorte
921 5033 1135 5101 obtigit,
1171 5030 1463 5085 Ptolemaeo
1491 5028 1618 5097 Lagi
1650 5029 1764 5082 [ilio
1789 5028 2055 5099 Egyptus
2086 5028 2246 5097 273
2269 5036 2323 5081 et

2429 5038 2529 5107 μὲν
2557 5035 2656 5105 τὴν
2690 5034 3034 5094 Μακεδονίας
3076 5031 3432 5101 ἐκληρώσατο
3466 5030 3761 5098 βασιλείαν,
3807 5032 4035 5084 Πτολε-

739 5123 1095 5185 Alexandria,
1154 5120 1408 5184 Seleuco,
1468 5121 1560 5189 qui
1619 5129 1672 5174 et
1720 5118 1962 5173 Nicanor
2009 5120 2210 5173 dicitur
2257 5133 2323 5173 eo

2430 5130 2584 5198 μαῖος
2629 5125 2687 5178 δὲ
2731 5127 2759 5177 ὁ
2809 5125 2992 5191 Λάγου
3065 5123 3343 5191 Αἰγύπτου
3424 5122 3520 5176 καὶ
3579 5121 4033 5187 Ἀλεξανδρείας,

742 5216 888 5284 quod
920 5216 984 5266 ad
1019 5213 1349 5283 Babylonem
1387 5213 1638 5266 duxisset
1672 5226 1734 5265 ac
1771 5212 2034 5266 barbaros
2065 5225 2323 5280 superas-

2428 5218 2692 5278 Σέλευκος
2727 5217 2754 5268 ὁ
2792 5217 2886 5267 καὶ
2917 5215 3178 5283 Νικάνωρ
3205 5215 3293 5266 διὰ
3327 5214 3388 5265 τὸ
3420 5213 3690 5280 ἀναϐῆναι
3717 5215 3793 5272 είς
3828 5213 4037 5266 Βαϐυ-

745 5315 851 5371 set,
885 5307 1039 5378 Syria
1071 5317 1126 5360 et
1152 5305 1415 5376 Babylon,
1451 5305 1728 5372 Antigono
1751 5305 1962 5370 Cilicia,
1993 5323 2114 5375 quae
2143 5315 2228 5358 est
2254 5305 2321 5360 ad

2425 5309 2570 5361 λῶνα
2600 5307 2694 5360 καὶ
2723 5309 2990 5375 κρατῆσαι
3015 5307 3122 5358 τῶν
3151 5306 3464 5375 βαρϐαρων,
3491 5305 3686 5374 Συρίας
3709 5306 3801 5355 καὶ
3836 5303 4041 5358 Βαϐυ-

745 5400 1011 5461 Taurum,
1045 5398 1258 5453 Philoni
1293 5398 1488 5462 Media,
1521 5395 1754 5468 Pytlioui
1787 5398 2019 5468 Phrygia
2052 5407 2104 5452 et
2133 5397 2323 5468 Lydia,

2426 5399 2615 5462 λῶνος,
2671 5400 2974 5465 Ἀντίγονος
3025 5401 3123 5466 τῆς
3179 5397 3316 5464 πρῦς
3362 5395 3437 5464 τῷ
3487 5395 3684 5463 Ταύρῳ
3732 5395 4041 5462 Κιλικίας,

747 5493 1013 5560 Meleagro
1060 5489 1452 5558 Paphlagonia,
1505 5490 1734 5542 Eumeni
1787 5488 2156 5557 Cappadocia,
2211 5490 2320 5544 Ca-

2428 5490 2601 5541 Ψίλων
2635 5489 2868 5553 Μηδίας.
2902 5487 3094 5539 Πύθων
3125 5487 3364 5555 Φρυγίας
3397 5484 3490 5536 καὶ
3540 5485 3757 5545 Λυδίας,
3793 5485 4042 5536 λίεὶλὲε-

746 5584 950 5638 santlro
993 5581 1156 5651 Lycia
1201 5581 1266 5632 ad
1305 5579 1735 5646 Ιίοιιρειιοηῑιιηι,
1774 5579 2100 5649 Lysimacho
2143 5579 2321 5632 Thra-

2430 5597 2559 5649 γρος
2595 5578 2997 5646 Παφλαγονίας,
3043 5577 3291 5646 Εὐμένης
3341 5575 3760 5635 Καππαδοκίας,
3796 5575 4046 5626 κατα)-

746 5677 854 5738 cia,
884 5676 1175 5744 Antipatro
1199 5671 1426 5732 Pontus,
1460 5670 1710 5741 Oxyartze
1741 5670 2048 5733 Bactriana,
2078 5672 2324 5740 Philippo

2429 5673 2553 5743 δρος
2579 5673 2784 5734 Λυκίας
2819 5673 2912 5723 καὶ
2955 5669 3371 5740 Ἑλλησπόντου,
3407 5667 3722 5734 Λυσίμαχος
3764 5666 3965 5734 Θρᾲκτ,
3988 5686 4040 5732 ς,

745 5766 1052 5836 Dragtena,
1110 5766 1254 5820 Poro
1313 5745 1508 5827 india,
1558 5761 1960 5833 Phratapherni
2009 5764 2228 5818 Parthia
2270 5773 2324 5818 et

2444 5762 2798 5830 Ἀντίπατρος
2835 5760 3126 5828 Ποντικῆς,
3177 5758 3477 5826 Ὀξυάρτης
3507 5757 3816 5825 Βακτρικῆς
3841 5796 3854 5815 ν
3887 5756 4046 5812 Φίλε.-

744 5861 1042 5933 ilyt‘cania,
1085 5857 1395 5928 Tl’ipOlCllIO
1432 5855 1636 5920 Persis,
1682 5855 1964 5912 Arcesilao
2013 5857 2322 5927 Mesoliota~

2434 5869 2596 5916 ιππος
2657 5853 3006 5923 Δραγαίνης,
3072 5849 3258 5919 Πῶρος
3336 5849 3560 5914 Ἰνδίας,
3617 5850 4047 5920 Φραταρέρ-ιης
