4214 6448
176 374 274 435 321

1282 381 1820 444 IIISTORIABUM
1856 385 2240 448 COMPENDI
2254 389 2381 448 [ΞΜ.

3343 401 3450 464 322

174 489 424 543 καϐαίων
449 489 722 561 ἐπράχθη,
751 491 843 544 καὶ
896 492 956 544 τι
996 490 1141 564 ίερδν
1191 493 1460 562 έμολύνθη
1491 498 1634 549 κατά
1668 497 1757 567 τὴι.

1875 508 1957 553 rat
1999 499 2279 567 Danielus,
2343 503 2605 569 pollutum
2651 514 2753 560 est.
2807 507 2880 560 Ea
2927 508 3074 563 enim
3126 517 3448 580 tempestate

168 582 262 635 τοῦ
299 583 508 651 Δανιὴλ
539 586 866 655 πρόρρησιν.
907 583 1032 637 Ἐπὶ
1079 585 1188 655 γὰρ
1217 585 1327 637 τῶν
1369 588 1594 656 ἡμερῶν
1641 590 1766 641 τού-

168 691 276 725 των
332 674 646 744 ἐπληθύνθη
687 677 746 727 ὲν
798 679 863 744 τῇ
897 679 966 747 γῇ
1019 679 1088 728 τά
1136 677 1304 736 κακὰ,
1337 677 1430 746 ἀφ’
1467 671 1541 730 ὧν
1573 679 1765 748 ἐξῆλθε

174 763 302 834 ῥίζα
336 764 670 834 ἁμαρτωλὸς
711 764 980 833 ’Λντίοχος
1010 766 1038 816 ὁ
1069 765 1392 836 Ἐπιφανὴς,
1430 765 1539 836 υἱὸξ
1575 764 1766 816 Σελεύ-

169 872 263 907 κου
293 855 394 907 τοῦ
427 854 818 925 Φιλοπάτορος,
850 855 908 918 ὃς
954 857 1218 925 ὑπάρχων
1267 856 1438 918 δεινὸς
1489 855 1628 926 ἀνὴρ
1676 860 1768 909 καὶ

171 947 565 1016 πλεονέκτης,
625 949 720 1000 καὶ
765 947 967 1010 πολλὰς
1015 948 1272 1016 ἁρπαγὰς
1319 949 1408 998 υπὸ
1467 947 1761 1015 λεηλασίας

171 1041 436 1106 ποήσας,
476 1041 785 1109 συνήγαγεν
807 1039 1077 1108 ἀργύριον
1109 1041 1204 1092 καὶ
1244 1041 1468 1110 χρυσίον
1506 1041 1762 1110 ποθητὸν,

170 1137 264 1186 καὶ
287 1138 358 1188 ὲκ
387 1137 593 1206 πολλῆς
623 1137 1010 1208 οἱστρηλασίας
1061 1138 1156 1189 καὶ
1202 1136 1500 1199 ἀκολασίας
1527 1137 1605 1198 εἰς
1638 1136 1765 1198 τοὺς

175 1231 381 1296 μίμους
416 1231 606 1292 καθεὶς
630 1231 821 1282 ἑαυτὸν
855 1232 912 1283 έν
955 1229 1080 1296 ὂψει
1113 1230 1334 1284 πάντων
1361 1230 1592 1288 ἀναιδῶς
1641 1231 1763 1292 ταῖς

173 1321 430 1386 γυναιξὶν
468 1323 816 1391 ἐπεμαίνετο.
856 1324 950 1384 Ὃς
983 1322 1124 1376 κατά
1169 1322 1460 1388 πρόσωπον
1482 1322 1582 1391 τῆς
1615 1322 1766 1392 βασι-

173 1415 323 1476 λείας
357 1415 664 1483 χωρούσης,
714 1416 992 1484 ἠϐουλὴοη
1048 1416 1178 1486 μίαν
1211 1414 1491 1484 βασιλείαν
1536 1415 1763 1484 ποιῆσαι

173 1511 268 1570 τήν
313 1523 376 1557 τε
440 1506 774 1576 Ἀντιόχειαν
805 1508 895 1560 καὶ
944 1509 1044 1577 τὴν
1087 1508 1383 1575 Αἴγυπτον.
1433 1507 1541 1560 Καὶ
1570 1508 1634 1577 δὴ
1664 1507 1763 1577 τὴν

172 1600 452 1665 Αἴγυπτον
495 1603 821 1655 καταλαϐὼν
853 1604 909 1654 ἐν
937 1601 1082 1672 ὄχλῳ
1111 1603 1268 1674 βαρεῖ
1312 1604 1407 1656 καὶ
1457 1605 1514 1656 ὲν
1549 1604 1761 1672 ἅρμασι

175 1694 265 1740 καὶ
300 1692 534 1759 ἐλέφασι
589 1694 683 1746 καὶ
745 1693 918 1763 στόλῳ
951 1694 1190 1764 μεγάλῳ,
1227 1695 1486 1748 συνάπτει
1525 1697 1761 1764 πόλεμον

1875 596 2098 662 impleta
2146 605 2230 648 est
2275 608 2417 648 terra
2465 597 2890 663 calamitatibus,
2951 612 3238 671 postquam
3293 605 3447 657 radix

1869 695 2215 754 peccatorum
2239 688 2538 742 Antiochus
2561 689 2870 759 Epiphanes
2892 691 3102 748 Seleuci
3129 693 3448 764 Phil0pato—

1871 777 1949 830 ris
1981 777 2126 831 filius
2148 779 2367 845 prodiit.
2395 779 2442 832 ls
2463 780 2766 834 Antiochus
2797 797 2924 834 acer
2945 783 3103 838 homo
3119 787 3443 856 etcupidus,

1872 869 2058 921 multis
2104 870 2313 938 rapinis
2367 886 2432 925 ac
2481 871 2978 940 depraedationibus
3028 891 3179 940 usus,
3219 879 3447 948 ,argenti

1871 962 2102 1030 aurique
2136 977 2362 1030 magnas
2401 979 2533 1033 opes
2579 967 2780 1034 coegit,
2815 981 2877 1020 ac
2907 969 3129 1022 vesania
3172 971 3442 1042 intempe-

1871 1058 2159 1126 rantiaque
2202 1073 2268 1111 eo
2297 1061 2584 1128 prolapsus
2618 1069 2699 1114 est
2734 1071 2789 1114 ut
2824 1063 2964 1116 inter
3005 1065 3203 1119 mimos
3233 1065 3286 1119 in
3318 1083 3448 1120 con-

1871 1161 2057 1217 spectu
2091 1153 2334 1204 omnium
2369 1153 2838 1221 impudentersuie
2871 1155 2923 1207 in
2962 1156 3446 1212 muliereslibidtni

1872 1244 2292 1309 obsequeretur.
2349 1243 2491 1298 Idem
2525 1261 2692 1312 regno
2743 1261 3005 1315 prospere
3053 1260 3216 1301 eunte
3254 1252 3447 1304 statuit

1871 1344 1974 1384 suo
2003 1347 2173 1400 regno
2217 1333 2510 1404 Egyptum
2539 1335 2792 1401 adjicere.
2839 1335 3025 1404 Itaque
3060 1337 3112 1389 in
3151 1337 3444 1410 Egyptum

1867 1435 1988 1473 cum
2025 1435 2222 1488 magno
2245 1425 2512 1486 exercitu,
2547 1425 2824 1490 curribus,
2851 1427 3156 1496 elephantis
3187 1442 3246 1480 ac
3272 1429 3446 1483 classe

1869 1527 2064 1583 magna
2107 1513 2408 1582 profectus,
2456 1517 2656 1571 bellant
2716 1516 3008 1571 Ptolemaeo
3060 1521 3171 1590 regi
3222 1519 3446 1590 ngypti

1865 1604 2071 1664 intulit.
2107 1622 2284 1676 eaque
2341 1613 2500 1676 pulso
2533 1611 2693 1665 urbes
2715 1610 2936 1681 {Egypti
2971 1626 3164 1667 omnes
3197 1615 3340 1682 cepit
3381 1628 3446 1668 ac

1865 1697 2212 1766 depraedatus
2241 1711 2345 1755 est.

174 1785 307 1852 πρὸς
340 1785 676 1854 Πτολεμαῖον
700 1785 925 1855 βασιλέα
967 1785 1286 1855 Αἰγύπτου·
1325 1786 1384 1839 ὃν
1429 1788 1520 1840 καὶ
1554 1785 1760 1858 τρέψας
1801 1789 2180 1858 κατεκράτησε
2233 1791 2331 1855 τὰς
2383 1793 2441 1846 ἐν
2499 1792 2758 1865 Αἰγύπτῳ
2802 1795 3006 1862 πόλεις,
3089 1798 3184 1850 καὶ
3264 1795 3444 1862 πάσας

171 1879 404 1931 ὶτκύλευ
415 1895 493 1932 σε.

241 1969 332 2040 [Ρ.
365 1967 493 2039 165]
523 1969 638 2038 Τῆς
669 1970 726 2022 δὲ
757 1970 918 2037 ἁγίας
939 1969 1146 2032 πόλεως
1165 1969 1598 2039 κατοικουμένης
1622 1967 1757 2038 μετά

1935 1965 2011 2022 Eo
2037 1975 2283 2036 tempore
2315 1983 2438 2022 cum
2479 1984 2636 2024 sacra
2671 1970 2800 2023 urbs
2849 1968 3220 2042 Hierosolyma
3249 1972 3357 2028 alta
3389 1974 3441 2027 in

174 2066 357 2130 πάσης
391 2062 619 2132 εἰρήνης
658 2062 750 2115 διὰ
781 2062 882 2130 τὴν
931 2062 1024 2115 τοῦ
1053 2063 1354 2135 ἀρχιερέως
1398 2062 1574 2114 Ὀνίου
1607 2076 1757 2130 μισο-

173 2153 449 2222 πονηρίαν
501 2169 558 2204 τε
612 2155 706 2204 καὶ
761 2153 1068 2216 εὐσέϐειαν,
1106 2153 1302 2222 συνέϐη
1351 2152 1474 2206 καθ’
1502 2152 1629 2220 ὅλην
1661 2151 1757 2219 τὴν

169 2245 328 2296 πόλιν
359 2243 546 2312 σχεδον
575 2245 656 2310 ἐφ’
686 2245 917 2314 ἡμέραις
950 2243 1000 2314 μ’
1026 2243 1311 2312 φαίνεσθαι
1343 2244 1430 2296 διὰ
1469 2244 1561 2296 τοῦ
1597 2245 1758 2310 ἀέλιος

171 2340 361 2398 ἱππεῖς
401 2338 698 2406 τρέχοντας
721 2338 1349 2408 ἐνὸπλους,διαχρύσους
1385 2338 1574 2402 στολάς
1608 2338 1757 2407 ἔχον-

166 2447 287 2493 τας,
327 2431 426 2480 καὶ
457 2429 766 2498 προσϐολὰς
794 2431 1070 2496 ἑκατέρων
1122 2430 1412 2498 γινομένας
1443 2433 1538 2483 καὶ⁵
1575 2431 1758 2482 ὅπλων

165 2523 419 2590 κινήσεις
463 2521 555 2572 καὶ
613 2522 860 2591 χρυσέων
905 2524 1128 2591 κόσμων
1151 2523 1452 2592 ἐκλάμψεις
1484 2523 1758 2586 παντοίοις

166 2613 372 2664 εἴδεσιν
429 2614 757 2679 ἀμφιάςεων
808 2613 1338 2683 τεθωρακισμένους.
1409 2613 1499 2665 Διὸ
1559 2614 1756 2676 πάντες

166 2707 360 2770 ἠξίουν
417 2705 505 2756 ἐπ’
538 2705 727 2774 ἀγαθῴ
759 2707 1007 2773 γενέσθαι
1065 2707 1164 2773 τὴν
1204 2707 1546 2773 ἐπιφάνειαν.
1599 2707 1755 2770 "litt;

166 2800 260 2849 καὶ
287 2796 596 2866 προεδήλου
625 2797 723 2866 την
759 2798 1000 2866 πονηράν
1037 2796 1225 2864 ἔφοδον
1273 2798 1546 2868 Ἀντιόχου
1574 2814 1585 2826 ·
1620 2801 1754 2850 ἀνα-

167 2893 368 2956 ζεύξας
393 2893 503 2960 γὰρ
541 2892 683 2960 μετά
745 2891 900 2960 νίκης
954 2890 1151 2960 πολλῆς
1203 2891 1298 2944 καὶ
1351 2891 1756 2962 τεθηριωμένος

166 2983 477 3052 ’τὴ-»ψυχὴν
520 2981 804 3052 παρέλαϐε
859 2983 958 3052 τὴν
1008 2982 1165 3034 πόλιν
1218 2983 1578 3053 δορυάλωτον,
1639 2980 1756 3034 εἶτα

168 3075 581 3142 προσταξαντος
613 3077 737 3137 τοὺς
767 3074 1104 3144 στρατιώτας
1130 3075 1365 3142 ἀφειδῶς
1393 3077 1616 3126 κόπτειν
1632 3078 1757 3135 τοὺς

170 3169 704 3235 παρατυγχάνοντας
753 3165 1102 3234 ἀνῃρέθησαν
1157 3164 1394 3235 χιλιάδες
1428 3173 1535 3236 pri".
1576 3167 1758 3218 Καταο

169 3260 452 3326 τολμήσας
490 3253 582 3310 οὖν
613 3257 705 3310 καὶ
733 3258 811 3318 είς
843 3257 902 3308 τὸ
948 3257 1192 3325 ἀγίασμα
1215 3257 1472 3309 εἰσελθὼν
1500 3260 1557 3310 ἐν
1586 3258 1755 3326 ὑπερο

171 3349 380 3416 ηοςανίᾳ
437 3347 628 3416 πολλῇ,
678 3347 772 3399 καὶ
809 3350 1012 3414 στήσας
1043 3346 1226 3414 βωμὸν
1271 3347 1363 3399 καὶ
1389 3347 1606 3400 εἴδωλον
1643 3346 1755 3414 βὸέο

173 3438 356 3505 inqua
389 3438 748 3507 ἐρημώσεως,
782 3438 876 3488 καὶ
909 3437 1000 3488 τὸν
1036 3436 1159 3488 ναὸν
1193 3441 1388 3505 μιάνας
1413 3436 1479 3487 δι’
1508 3436 1752 3505 ἀκαθάρ-

171 3545 275 3579 των
311 3527 540 3588 θυσιῶν,
577 3525 722 3595 ἱερὸν
768 3526 883 3588 Διὸς
932 3525 1228 3594 Ὀλυμπίου
1287 3525 1752 3594 προσαγορεύσας,

174 3622 266 3670 καὶ
295 3619 380 3686 ἐφ’
415 3618 621 3686 ὑψηλοῦ
681 3617 845 3669 τόπου
877 3616 1130 3679 καθίσας,
1174 3616 1425 3668 ἐκέλευσε
1458 3620 1570 3678 τοῖς
1602 3616 1753 3684 δορυ-

174 3715 358 3781 ςόροις
401 3714 497 3764 ἕνα
561 3712 794 3763 ἕκαστον
832 3709 1079 3780 Ἐϐραίον
1123 3710 1218 3762 καὶ
1275 3709 1451 3778 κρεῶν
1508 3709 1755 3780 χοιρείων

173 3805 266 3855 καὶ
291 3801 666 3855 είεωλοθύτων
697 3800 1060 3866 ἀπογεύεσθαι
1085 3800 1435 3866 ἀναγκάζειν,
1463 3801 1510 3851 εἰ
1540 3801 1594 3851 δέ
1615 3814 1756 3860 τινες

174 3897 248 3964 μὴ
299 3895 530 3956 θέλοιεν,
592 3893 818 3954 τούτους
879 3891 1240 3960 ἀναιρεῖσθαι.
1293 3891 1509 3944 Πολλῶν
1539 3892 1595 3944 δὲ
1628 3908 1755 3943 συν-

173 3985 594 4055 αρπασθέντων,
633 3983 693 4047 ἐξ
719 3977 792 4034 ῶν
818 3982 1084 4052 Ἐλεάζαρ
1111 3999 1193 4044 τις
1227 3981 1334 4034 τῶν
1367 3984 1753 4052 πρωτευόντων

169 4078 571 4149 γραμματέων,
601 4077 704 4146 ἤδη
733 4075 1092 4146 προϐεϐηκὼς
1117 4075 1216 4145 τὴν
1243 4076 1483 4145 ἡλικίαν,
1513 4077 1755 4145 ἠναγκά-

172 4175 295 4234 ζετο
336 4171 753 4242 μιαροφαγῆσαι
774 4186 786 4197 ·
815 4171 842 4221 ὁ
869 4169 945 4233 δὲ,
970 4168 1061 4221 τον
1089 4169 1204 4238 μετ’
1239 4169 1488 4231 εὐκλείας
1528 4169 1755 4222 θάνατον

171 4264 375 4332 μᾶλλον
410 4262 444 4330 ἦ
472 4263 562 4313 τὸν
598 4261 735 4331 μετά
763 4260 964 4328 μύσους
992 4260 1104 4330 βίον
1124 4259 1542 4327 ἀναδεξάμενος,
1563 4261 1754 4313 αὐθαι-

171 4359 344 4426 ρέτως
403 4357 497 4410 ἐπὶ
530 4355 592 4408 τὸ
624 4354 908 4425 τύμπανον
939 4355 1268 4423 προσήγετο,
1302 4354 1396 4406 καὶ
1429 4353 1572 4406 οὓτω
1616 4355 1755 4424 μετά

165 4447 382 4500 πολλῶν
420 4446 684 4516 πρότερον
714 4445 989 4514 αἰκισμῶν
1011 4446 1104 4498 καὶ
1138 4445 1418 4515 μαστίγων
1449 4446 1754 4512 ὑπαλλάξας

164 4540 256 4589 τὶν
291 4536 413 4604 βίον
445 4537 508 4588 οὐ
547 4535 708 4604 μόνον
738 4538 846 4597 τοῖς
875 4534 1014 4596 νέοις
1053 4533 1187 4588 ἀλλά
1224 4536 1316 4587 καὶ
1344 4538 1456 4598 τοῖς
1484 4535 1755 4607 προϐεϐη-

1860 2075 1991 2129 pace
2026 2061 2359 2113 incoleretur
2390 2061 2540 2115 Onize
2579 2062 2776 2114 summi
2832 2062 3104 2130 pontificis
3147 2066 3345 2132 pietate
3378 2081 3444 2121 ac

1861 2152 1912 2204 in
1963 2152 2138 2206 malos
2191 2151 2502 2215 severitate,
2549 2167 2648 2220 per
2700 2151 2770 2205 40
2820 2151 2934 2207 fere
2985 2154 3102 2208 dies
3136 2171 3230 2224 per
3271 2165 3440 2207 totam

1859 2243 2048 2295 urbem
2114 2243 2168 2295 in
2205 2257 2330 2296 aere
2381 2243 2483 2294 visi
2535 2251 2662 2297 sunt
2709 2244 2835 2312 equi
2882 2245 3089 2298 auratis
3119 2245 3288 2300 armis
3322 2247 3442 2300 teczi

1859 2339 2114 2404 aciesque
2163 2336 2407 2390 adversa:
2454 2338 2595 2390 inter
2641 2352 2700 2391 se.
2757 2336 3131 2404 confligentes,
3190 2341 3444 2407 utrinque

1861 2436 2040 2482 motus
2079 2444 2376 2490 armorum,
2414 2429 2706 2498 omnisque
2750 2431 2966 2498 generis
3000 2447 3290 2485 aureorum
3318 2433 3443 2483 tho-

1862 2536 2046 2573 racum
2089 2529 2252 2589 atque
2303 2522 2804 2591 iutegumentorum
2844 2522 3041 2593 fulgor.
3075 2523 3231 2590 Quod
3259 2533 3446 2578 osten-

1862 2619 1974 2661 tum
2026 2610 2102 2661 uti
2163 2611 2299 2663 bene
2351 2619 2605 2674 verteret,
2655 2627 2848 2666 omnes
2895 2624 3260 2682 optaverunt;
3308 2612 3443 2667 illud

1860 2717 1990 2753 vero
2032 2699 2304 2755 infelicent
2349 2703 2600 2757 Antiochi
2646 2704 2937 2758 adventum
2991 2707 3156 2776 286
3193 2707 3446 2775 designao

1861 2793 1967 2845 bat.
2000 2792 2296 2846 Revertens
2326 2795 2470 2847 enim
2505 2809 2570 2848 ex
2609 2795 2838 2865 (Egypto
2868 2797 3193 2864 Antiochus,
3238 2799 3442 2867 insigni

1862 2883 2084 2935 victoria
2114 2883 2288 2936 elatus
2309 2884 2646 2953 efferatoque
2669 2886 2854 2939 animo
2878 2886 3251 2957 Hierosolyma
3277 2889 3441 2943 ador-

1861 2985 1971 3038 tus,
2005 2976 2051 3027 vi
2084 2978 2411 3045 expugnavit
2441 2993 2455 3041 ;
2483 2977 2860 3047 militibusque
2893 2980 3178 3048 imperavit
3203 2990 3257 3034 ut
3279 2981 3442 3051 jugu¢

1861 3068 2036 3120 Ian-nt
2072 3068 2124 3119 in
2163 3082 2522 3136 quoscunque
2569 3067 2910 3133 incidissent,
2964 3086 3140 3140 neque
3186 3074 3438 3141 cuiquam

1861 3170 2171 3228 parcerent.
2241 3158 2318 3211 Ita
2375 3159 2477 3211 180
2534 3159 2700 3211 millia
2748 3158 3060 3213 Judaeorum
3117 3163 3241 3215 cesi
3293 3174 3440 3218 sttui.

1861 3250 2128 3304 Caeterum
2158 3265 2221 3302 eo
2240 3250 2564 3303 temeritatis
2582 3266 2904 3318 progressus
2925 3261 3006 3303 cst
3031 3252 3358 3314 Antiochus,
3382 3267 3442 3308 ut

1859 3342 2021 3394 etiam
2055 3341 2106 3392 in
2150 3342 2454 3394 sacrarium
2489 3342 2882 3408 superbissime
2917 3342 3218 3409 intraverit,
3255 3360 3439 3399 aram-

1857 3449 1963 3501 que
2020 3433 2091 3486 ibi
2152 3445 2200 3484 et
2262 3433 2621 3485 simulacrum
2677 3433 2952 3497 statuerit,
3012 3435 3436 3489 abominandum

1860 3524 2132 3578 vastitatis
2161 3525 2373 3594 signum
2401 3525 2810 3593 ;letnplutnque
2835 3526 3065 3594 impuris
3087 3527 3434 3594 profanatum

1859 3616 2146 3671 sacrificiis
2190 3615 2358 3668 aedem
2387 3614 2540 3670 levis
2578 3615 2813 3686 Oiyuipii
2857 3615 3316 3671 denominaverit.
3342 3617 3439 3672 Se-

1859 3709 1992 3762 dens
2052 3723 2216 3776 porro
2285 3709 2337 3760 in
2398 3707 2618 3761 sublimi
2685 3710 2803 3763 loco
2858 3709 3124 3762 satellites
3173 3710 3337 3778 jussit
3382 3718 3442 3764 ut

1858 3801 2114 3854 Hebraeos
2136 3800 2445 3871 singulatim
2500 3801 2565 3854 ad
2601 3816 2796 3855 carnes
2842 3801 3032 3856 suillas
3063 3816 3126 3855 ac
3169 3803 3438 3857 sacrificia

1858 3892 2281 3946 sinnilacrorum
2325 3893 2599 3960 guStanda
2659 3891 2972 3960 adigerent,
3012 3902 3440 3962 recusantesque

1861 3985 2252 4040 interﬁcerent.
2284 3987 2430 4040 Inter
2470 3988 2674 4041 tnultos
2713 3987 2805 4055 qui
2837 3996 2948 4040 tum
2991 3987 3112 4057 ejus
3155 3989 3230 4043 rei
3268 4004 3436 4044 causa

1858 4076 2594 4144 coniprelteudebantur,fuit
2623 4078 2784 4131 etiam
2813 4079 3104 4134 Eleazarus
3130 4081 3434 4135 scribarum

1859 4167 2135 4235 princeps,
2192 4177 2452 4235 provecta
2495 4167 2604 4237 jam
2649 4175 2831 4221 actate.
2883 4171 2934 4221 ls
2985 4185 3109 4223 cum
3154 4170 3219 4223 ad
3251 4171 3434 4225 cibum

1862 4258 2132 4312 nefarium
2161 4267 2468 4326 urgeretur,
2494 4269 2722 4312 mortem
2757 4261 3047 4330 gloriosam
3083 4264 3206 4316 vitae
3237 4263 3440 4334 flagitio

1860 4349 2243 4403 contaminata:
2272 4349 2529 4418 praztulit,
2551 4364 2614 4403 ac
2641 4360 2831 4418 sponte
2855 4366 2951 4404 sua
2985 4352 3035 4404 in
3072 4368 3296 4406 nervutu
3317 4369 3439 4409 sese

1859 4441 2058 4495 abduci
2089 4457 2284 4510 passus
2302 4452 2382 4495 est
2411 4458 2425 4507 ;
2473 4442 2561 4494 ubi
2599 4443 2788 4497 multis
2817 4441 2966 4512 prius
2981 4458 3044 4497 ac
3074 4444 3232 4498 laedis
3260 4455 3437 4502 tortus

1865 4533 2225 4596 cruciatibus,
2258 4535 2419 4587 vitam
2448 4533 2608 4596 finiit,
2638 4549 2746 4586 non
2781 4534 3226 4590 adolescentibus
3251 4537 3432 4601 modo,

165 4629 290 4680 κόσι
325 4631 421 4679 τὸν
448 4626 644 4680 ἑαυτοῦ
674 4625 902 4679 θάνατον
931 4626 1231 4695 ὑπόδειγμα
1258 4628 1636 4696 γενναιότητος
1661 4631 1756 4681 καὶ

1861 4625 1952 4680 sed
1984 4636 2035 4680 et
2070 4635 2206 4680 natu
2241 4627 2543 4694 majoribus
2573 4635 2801 4679 mortem
2830 4641 2982 4680 suam
3018 4628 3437 4697 magnanimita-

164 4717 371 4787 ἀρετῆς
403 4717 686 4769 κατέλιπε.
713 4717 847 4769 Μεθ’
875 4716 934 4768 δν
953 4717 1046 4768 καὶ
1080 4716 1228 4770 ἄλλοι
1259 4718 1404 4779 τινὲς
1437 4719 1575 4770 ἑπτά
1598 4719 1754 4770 ἀδελ-

166 4811 255 4874 ςιοί
282 4808 425 4877 μετά
447 4807 649 4877 μητρὸς
662 4807 929 4876 διαφόρως
957 4805 1373 4874 βασανισθέντες
1392 4807 1484 4860 τὸν
1500 4806 1592 4862 τοῦ
1613 4827 1685 4877 μα
1695 4825 1754 4878 ρο

165 4899 352 4967 τυρίον
378 4899 644 4964 στέφανον
666 4895 888 4960 ἐνδόξως
908 4895 1066 4963 ἀνεδή
1076 4911 1257 4948 σαντο.
1276 4895 1396 4963 Ὑφ’
1414 4891 1488 4950 ὧν
1512 4900 1539 4950 ό
1559 4899 1621 4949 τύ
1629 4916 1756 4968 ραν-

165 5008 252 5053 νος
276 4989 699 5059 καταισχυνθεὶς
723 4990 816 5041 καὶ
840 4987 1038 5057 μᾶλλον
1057 4988 1335 5057 ἐκμανεὶς,
1359 4991 1425 5042 τὰ
1447 4993 1565 5059 ἱερὰ
1581 4992 1755 5045 πάντα

167 5082 342 5149 σκεύη
361 5080 568 5144 λαϐὼν,
588 5080 788 5150 χρυσόν
807 5095 864 5132 τε
885 5080 979 5132 καὶ
1001 5080 1240 5151 ἄργυρον
1258 5081 1504 5149 ἄπειρον,
1530 5083 1622 5135 καὶ
1649 5085 1755 5136 πᾶ-

171 5190 269 5226 σαν
298 5173 400 5242 τὴν
430 5172 585 5223 πόλιν
614 5170 1091 5241 λαφυραγωγήσας
1114 5173 1290 5226 καὶτὰ
1314 5174 1484 5243 κτήνη
1521 5191 1752 5245 κρεουρ-

167 5270 339 5336 γήσας
357 5265 456 5318 καὶ
468 5264 667 5334 πολλὴν
688 5264 1037 5332 φονοκτονίαν
1052 5265 1282 5333 ποιήσας
1300 5266 1755 5337 καὶ-μεγαλορῤη-

172 5359 411 5428 μονήσας
429 5357 778 5426 ἀνεχώρησεν
797 5358 876 5418 εὶς
901 5357 1251 5425 Ἀντιόχειαν.
1273 5357 1382 5408 Καὶ
1399 5358 1535 5426 μετὰ
1547 5357 1638 5410 δύο
1655 5358 1748 5428 ἐτη

168 5450 309 5502 κατὰ
323 5447 551 5518 Περσῶν
571 5444 1006 5516 ἐπιστρατεύσας
1033 5447 1350 5500 ἀπέστειλεν
1383 5447 1620 5518 ἄρχοντα
1653 5466 1749 5516 φο-

173 5540 462 5610 ρολογῆσαι
486 5538 586 5607 τὴν
611 5537 1130 5608 πόλινΊερουσαλὴμ
1151 5578 1165 5602 ,
1193 5539 1252 5602 ὃς
1306 5541 1753 5610 παραγενόμενος

174 5634 310 5700 μετὰ
350 5631 554 5698 πολλῆς
586 5631 869 5700 δυνάμεως
904 5633 997 5682 καὶ
1047 5630 1288 5699 λαλήσας
1321 5632 1632 5702 εἰρηνικοὺς
1668 5632 1750 5685 λό-

173 5740 294 5784 γους
331 5725 474 5786 μετά
512 5721 665 5774 δόλου
702 5721 836 5790 πρὸς
868 5723 970 5790 τὴν
1003 5721 1358 5792 Ἰερουσαλὴμ
1377 5722 1746 5776 καὶείσελθὼν

177 5812 442 5878 immitia
473 5811 641 5883 αὐτὴν
672 5810 851 5882 πληγῇ
876 5811 1086 5882 μεγάλη
1118 5812 1210 5864 καὶ
1237 5811 1480 5865 καθελὼν
1497 5813 1563 5866 τὰ
1594 5815 1743 5884 τείχη

1859 4718 1930 4769 tis
1966 4731 2028 4770 ac
2075 4715 2408 4770 fortitudinis
2442 4717 2757 4784 relinquens
2796 4720 3122 4786 exemplum.
3153 4719 3278 4773 l’ost
3310 4737 3433 4773 eum

1860 4810 1950 4862 alii
1985 4819 2190 4877 septem
2227 4808 2422 4863 fratres
2468 4824 2574 4862 una
2605 4825 2726 4861 cum
2761 4819 2936 4864 matre
2975 4811 3119 4864 varie
3149 4813 3438 4865 excarnifi-

1861 4901 1967 4953 CaIi
2002 4901 2244 4970 martyrii
2300 4915 2559 4953 c0ronam
2596 4901 2832 4970 gloriose
2867 4905 3194 4956 retulerunt.
3239 4904 3318 4955 Ab
3351 4903 3436 4956 liis

1863 5000 2126 5060 tyrannus
2150 4989 2508 5057 turpitudinis
2530 4989 2819 5042 convictus
2843 4991 3048 5058 majore
3074 4991 3259 5044 furore
3279 5007 3436 5044 exar-

1864 5084 1932 5136 sit
1970 5099 1986 5147 ;
2045 5082 2330 5151 sacrisque
2361 5081 2616 5134 omnibus
2652 5080 2799 5134 vasis
2831 5081 3074 5149 abreptis
3122 5084 3350 5151 aurique
3381 5092 3436 5136 et

1862 5172 2070 5240 argenti
2118 5173 2169 5225 vi
2220 5171 2510 5234 immensa,
2545 5179 2598 5223 et
2633 5173 2822 5224 urbem
2856 5180 3022 5224 totam
3049 5171 3430 5240 depOpulatus,

1859 5263 2114 5317 mactatis
2146 5264 2308 5317 etiam
2334 5261 2635 5329 pecudibus
2665 5271 2716 5316 et
2749 5263 2894 5316 czede
2918 5262 3199 5316 hominum
3238 5281 3432 5334 magna

1857 5357 2025 5420 edita,
2046 5354 2770 5425 jactabumlusAntiochiam
2795 5355 2979 5408 rediit.
2999 5355 3126 5409 Post
3153 5355 3430 5410 biennium

1858 5448 2021 5518 287
2042 5447 2440 5516 expeditionem
2469 5446 2522 5499 in
2556 5443 2748 5500 Persas
2768 5461 2972 5514 parans
2996 5447 3230 5512 legatum
3259 5449 3430 5510 misit,

1855 5541 1948 5609 qui
1998 5540 2396 5610 Hierosolymis
2429 5541 2692 5594 tributum
2747 5540 3009 5606 exigeret.
3043 5536 3093 5591 ls
3145 5553 3269 5591 cum
3312 5555 3430 5594 ma-

1853 5647 1988 5700 gnas
2019 5632 2336 5686 adduxisset
2359 5634 2566 5701 copias,
2601 5640 2722 5685 astu
2757 5641 2946 5702 pacata
2978 5632 3161 5684 omnia
3201 5635 3430 5699 loquens

1854 5727 2042 5778 urbem
2081 5724 2326 5785 intravit,
2356 5726 2519 5793 inque
2546 5739 2608 5776 ca
2645 5723 2942 5777 crudeliter
2973 5723 3117 5776 caule
3151 5732 3430 5791 grass‘mtus

1857 5833 2042 5870 nmros
2071 5816 2258 5885 defecit
2287 5817 2582 5884 urbemque
2611 5817 2850 5870 incendit
2877 5832 2889 5880 ;
2921 5817 3180 5885 templum
3210 5831 3430 5884 quoque
