4214 6448
167 396 276 462 325

1280 379 1822 444 IIISTORIARUM
1864 377 2308 439 COMPENDIU
2321 380 2396 439 .\.I.

3329 374 3437 439 326

2641 487 2662 502 ν

166 525 305 577 μους
364 503 593 568 πολλοὺς
651 499 1059 570 ἐπιδειξάμενος
1113 495 1208 548 καὶ
1259 497 1500 565 τρόπαια
1537 489 1752 562 μεγάλα
1791 488 2128 557 στησάμενος
2164 489 2258 540 καὶ
2297 487 2397 554 τῆς
2426 484 2607 554 χώρας
2638 487 2883 550 ἅπαντας
2942 484 3222 548 ἀπελάσας
3285 484 3440 538 toi)“

175 601 456 668 Ἀντιόχου
490 600 582 651 καὶ
611 596 702 649 τὸν
755 595 882 648 ναὸν
934 588 1250 659 ἐκκαθάρας
1311 586 1505 657 γνώμῃ
1554 581 1753 643 παντὸς
1792 579 1885 632 τοῦ
1943 579 2074 634 λαοῦ
2113 582 2242 648 ,τῶν
2290 577 2559 631 Ἰουδαίων
2616 579 2712 650 τὴν
2797 578 3215 652 ἀρχιερωσύνην
3301 593 3443 646 παρ-

162 693 349 747 έλαϐε.

227 782 316 836 Τὰ
347 781 407 835 δὲ
461 775 752 848 Ῥωμαίων
806 774 1111 847 πράγματα
1141 773 1389 843 διῳκεῖτο
1424 767 1617 845 πρῴην
1646 761 1749 816 ὑπὸ

1927 758 2033 813 Res
2060 757 2303 812 Romana
2338 759 2571 828 primum
2607 773 2637 812 a
2679 759 2998 813 consulibus
3054 757 3444 811 administrata

165 883 394 936 ύπάτων
419 879 511 933 ἐπὶ
545 878 638 948 ἔτη
671 875 778 941 τξδ⁹
805 875 912 937 ἕως
955 875 1177 928 Ἰουλίου
1227 871 1506 938 Καίσαρος
1553 863 1646 918 τοῦ
1677 863 1750 934 μὴ

165 974 529 1045 γεννηθέντος
561 990 576 1004 ο
607 973 704 1040 τῆς
749 969 859 1040 γὰρ
894 968 1098 1038 μητρὸς
1163 963 1328 1020 αὐτοῦ
1371 959 1639 1028 θανούσης
1697 958 1753 1008 ἐν

161 1067 243 1137 τῷ
273 1044 330 1117 θί
356 1064 511 1134 μηνὶ,
566 1061 772 1130 ταύτην
825 1057 1220 1126 ἀνασχίσαντες
1271 1047 1524 1114 ἐξέϐαλον
1570 1044 1751 1137 αὐτὸν,

164 1131 294 1213 ὅθεν
349 1131 448 1209 καλ
496 1155 718 1220 λέγεται
770 1151 1009 1217 Καῖσαρ,
1039 1148 1066 1199 ὃ
1105 1147 1254 1196 ἐστιν
1302 1140 1568 1208 ἀνατομή.
1635 1131 1754 1200 Ἀφ’

166 1245 228 1302 οὗ
285 1246 571 1314 Καίσαρες
601 1242 696 1295 καὶ
727 1241 776 1293 οἱ
806 1239 914 1292 τῶν
967 1233 1255 1306 Ῥωμαίων
1306 1231 1548 1302 βασιλεῖς
1586 1241 1757 1295 προσ-

169 1338 579 1411 ηγορεύθησαν.

240 1451 336 1520 Τῷ
369 1450 428 1502 δὲ
459 1446 608 1520 ,εσια’
646 1447 756 1500 ἔτει
790 1444 885 1499 τοῦ
942 1443 1148 1511 κόσμου
1203 1435 1615 1508 Ἀλεξανδρείας
1663 1432 1756 1486 καὶ

171 1545 456 1610 Αἰγύπτου
489 1541 822 1608 Πτολεμαῖος
857 1541 885 1589 6
908 1535 1238 1600 Φιλάδελφος
1280 1531 1630 1584 ἐϐασίλευσεν
1662 1526 1754 1594 ἔτη

171 1640 272 1705 λη’,
303 1636 362 1697 ὃς
384 1637 478 1686 καὶ
499 1633 598 1701 τὴν
627 1629 928 1699 μεταϐολὴν
948 1629 1055 1680 τῶν
1081 1625 1239 1678 θείων
1267 1621 1499 1693 Γραφῶν
1523 1620 1616 1672 καὶ
1645 1618 1759 1668 λοι-

174 1729 291 1780 πῶν
322 1723 678 1792 Ἑλληνικῶν,
696 1715 1364 1782 Χαλδαῖκῶν,Δίγυπτίων
1406 1711 1498 1764 καὶ
1523 1709 1760 1777 Ῥωμαῖ-

173 1821 280 1871 κῶν
333 1821 416 1878 εἰς
448 1815 579 1867 δέκα
638 1812 902 1882 μυριάδας
927 1806 1350 1879 ἀριθμουμένων
1379 1803 1620 1871 βιϐλίων,
1650 1818 1758 1852 πα-

175 1911 280 1963 σῶν
311 1925 372 1960 τε
407 1905 802 1973 ἀλλογλώσσων
835 1902 1031 1965 οὐσῶν,
1057 1902 1136 1962 είς
1165 1897 1288 1966 τὴν,
1322 1895 1544 1948 Ἑλλάδα
1579 1891 1758 1959 γλῶσ-

173 2020 272 2055 σαν
305 2000 640 2069 μετεποίησε
681 1998 768 2050 διὰ
824 1997 934 2048 τῶν
981 1999 1022 2044 ο¹
1053 1991 1382 2058 σοφωτάτων
1439 1985 1709 2053 Ἐϐραίων
1744 1998 1756 2010 ·

1859 851 1961 906 fuit
1988 867 2081 920 per
2111 867 2287 906 annos
2314 852 2416 906 564
2444 867 2618 923 usque
2652 851 2717 906 ad
2756 848 2962 905 Julium
3019 849 3313 904 Caesarem.
3347 847 3446 900 llic

1857 946 1987 1012 quia
2030 957 2136 996 non
2193 945 2294 996 l'uit
2326 953 2513 1006 natus,
2552 943 2672 1007 sed,
2740 953 2915 995 matre
2953 941 3077 1011 ejus
3113 955 3258 993 nono
3324 947 3448 1009 post

1857 1043 2183 1103 conceptum
2213 1033 2378 1087 fetum
2406 1048 2594 1087 mense
2619 1043 2856 1097 mortua,
2882 1033 3002 1102 ejus
3029 1040 3188 1085 utero
3212 1030 3447 1083 dissecto

1859 1134 2159 1189 extractus,
2185 1127 2254 1178 ah
2283 1139 2347 1178 ea
2384 1124 2654 1178 incisione
2711 1140 3014 1195 cognomen
3078 1121 3314 1178 Caesatis
3347 1120 3446 1172 ha-

1859 1220 1996 1279 buit,
2045 1217 2192 1287 quod
2245 1217 2315 1270 ab
2349 1231 2416 1268 eo
2477 1215 2532 1268 in
2593 1229 2785 1271 omnes
2841 1215 3216 1270 Romanorum
3289 1225 3446 1281 rcges

1859 1309 2101 1362 transiit.

1930 1420 2090 1473 Anno
2124 1418 2311 1473 mundi
2336 1418 2469 1472 52H
2501 1434 2731 1490 regnum
2760 1419 3108 1474 Alexandriae
3147 1429 3200 1474 et
3223 1420 3448 1492 Egypti

1861 1511 2188 1566 Ptolemaeus
2221 1511 2617 1581 Philadelphus
2658 1513 2806 1576 iniit,
2857 1514 3136 1582 gessitque
3188 1516 3240 1568 id
3277 1530 3453 1570 annos

1861 1606 1949 1658 58.
1984 1603 2083 1658 llic
2124 1621 2310 1660 sacras
2340 1604 2599 1670 Litteras,
2624 1606 2718 1660 sed
2743 1617 2795 1660 et
2831 1607 3072 1674 reliquos
3103 1606 3450 1672 Chaldaicos,

1860 1697 2240 1766 Aigyptiacos,
2274 1697 2552 1750 Rom’anos
2597 1699 2830 1767 aliisque
2881 1699 3080 1768 linguis
3129 1700 3445 1768 scriptosli-

1865 1791 2014 1855 bros,
2048 1804 2214 1857 opera
2244 1789 2697 1843 doctissimorum
2735 1791 3085 1844 llebrmorum
3111 1794 3166 1844 in
3200 1791 3450 1845 Gr‘mcum

1864 1897 2176 1935 sermonem
2227 1883 2596 1952 transcripsit,
2633 1883 2802 1938 libros
2832 1899 3059 1937 numero
3104 1883 3169 1937 ad
3213 1885 3452 1948 100000;

1863 1974 2151 2040 eosquein
2194 1989 2292 2026 sua
2347 1973 2719 2028 Alexandrina
2778 1974 3115 2028 bibliotheca
3180 1977 3451 2044 reposuit.

171 2096 231 2155 ίις
255 2095 354 2146 καὶ
390 2096 450 2146 ὲν
472 2095 594 2152 ταῖς
626 2089 768 2144 κατὰ
798 2088 896 2157 τὴν
931 2083 1344 2154 Ἀλεξάνδρειαν
1387 2075 1759 2152 βιϐλιοθήκαις

1878 2061 2270 2116 Hebraicorum
2299 2064 2560 2116 librorum
2597 2065 2882 2119 translatio
2914 2065 3112 2119 diebus
3132 2065 3358 2119 omnino
3388 2064 3455 2117 79..

171 2185 339 2238 αὐτοῦ
367 2184 693 2236 ἐναπέθετο.
731 2180 927 2248 Γέγονε
955 2178 1010 2230 δὲ
1053 2179 1085 2247 ή
1121 2169 1392 2245 μεταϐολὴ
1451 2169 1602 2220 πᾶσα
1647 2163 1754 2216 τῶν

180 2276 502 2347 Ἑϐραϊκῶν
538 2273 759 2344 βιϐλίων
809 2275 864 2323 ὲν
913 2271 1060 2330 ὅλαις
1090 2267 1326 2336 ἡμέραις
1371 2261 1469 2331 οβ’.
1515 2260 1634 2312 Ἐπὶ
1678 2256 1756 2324 τῷ

169 2369 359 2422 κάλλει
385 2368 568 2420 τοίνυν
617 2368 725 2419 τῶν
769 2364 930 2417 θείων
981 2358 1212 2430 Γραφῶν
1252 2353 1616 2422 ἐκπλαγέντος
1659 2347 1754 2401 τοῦ

169 2461 445 2529 ⁸Ξοισιλέως
520 2459 615 2511 καὶ
672 2457 891 2509 πάντων
962 2452 1073 2505 τῶν
1143 2453 1200 2503 ὲν
1257 2449 1436 2510 τέλει,
1491 2445 1757 2516 παρόντος

170 2554 265 2604 καὶ
331 2551 656 2621 Μενεδήμου
712 2548 1003 2617 φιλοσόφου
1069 2545 1160 2597 καὶ
1196 2540 1510 2614 Δημητρίου
1578 2536 1758 2603 Φαλη-

177 2645 320 2716 ρέως
379 2642 572 2713 ἠρώτα
622 2644 650 2694 6
684 2639 936 2708 βασιλεὺς
995 2639 1078 2690 δτι
1113 2636 1230 2696 πῶς
1274 2632 1533 2685 τοιούτων
1592 2628 1762 2680 ὄντων

170 2740 262 2788 τον
287 2736 457 2788 Θείων
513 2736 726 2799 Λόγων,
793 2729 978 2789 οὐδεὶς
1053 2722 1440 2794 ἱστορικῶν
1522 2718 1763 2788 ποιητῶν

175 2827 429 2896 ἐμνήσθη
485 2824 684 2878 αὐτῶν.
719 2821 843 2888 ¹Καὶ
899 2817 1179 2887 ἀπεκρίθη
1236 2817 1263 2868 6
1308 2814 1622 2883 Δημήτριος
1680 2812 1761 2863 ὅτι

173 2920 356 2980 οὐδείς
418 2932 551 2968 ποτε
613 2915 881 2981 ἐτόλμησε
930 2910 1135 2963 τούτων
1215 2908 1456 2975 ἅψασθαι
1528 2905 1615 2956 διὰ
1694 2901 1753 2954 τὸ

177 3011 272 3062 καὶ
341 3009 672 3076 Θεόπομπον
711 3005 1013 3071 θελήσαντα
1066 3002 1353 3068 ἱστορῆσαι
1414 2997 1543 3066 περὶ
1585 2995 1763 3046 αὐτῶν

177 3099 584 3170 παραφροσύνῃ
624 3095 964 3164 κρατηθῆναι
1019 3093 1113 3144 καὶ
1179 3090 1310 3157 ὄναρ
1367 3089 1512 3145 ίδείν,
1550 3087 1632 3137 ὅτι
1678 3084 1767 3134 διὰ

175 3191 338 3242 τοῦτο
392 3189 544 3256 αὐτῷ
607 3185 806 3254 συνέϐη
857 3179 1431 3253 περιειργασμένῳτά
1464 3178 1602 3230 θεῖα.
1657 3175 1768 3228 Καὶ

177 3285 481 3336 Θεῶεκτον
521 3281 613 3331 τὸν
635 3279 746 3330 τῶν
781 3273 1099 3346 τραγῳδιῶν
1131 3272 1362 3342 ποιητὴν
1391 3272 1447 3322 ὲν
1501 3269 1580 3321 ἑνὶ
1634 3267 1767 3336 δρά-

183 3391 315 3444 ματι
350 3371 661 3442 μνησθέντα
698 3368 805 3420 τῶν
833 3366 995 3436 ἱερῶν
1018 3365 1227 3416 Βίϐλων
1259 3362 1464 3414 τούτων
1487 3357 1768 3426 τυφλωθῆ-

180 3486 288 3519 ναι.
324 3465 657 3530 Ἕκατέρους
696 3461 752 3512 δὲ
797 3456 1205 3526 ἀποσχομένους
1262 3452 1356 3505 τοῦ
1417 3451 1766 3518 τολμήματος
1794 3461 1840 3522 (ς

187 3559 284 3610 καὶ
319 3555 385 3607 τὸ
434 3554 592 3606 Θείον
621 3548 1147 3619 ὲξευμενισαμένους
1182 3546 1355 3612 ὑγιεῖς
1381 3541 1656 3610 γενέσθαι.

254 3667 600 3736 Πτολεμαῖος
631 3665 658 3716 6
681 3661 1056 3732 Εὐεργέτης,ό
1077 3658 1410 3726 Φιλαδέλφου
1444 3655 1538 3709 καὶ
1581 3655 1764 3724 Ἀρσι-

182 3762 329 3830 νόης,
366 3760 463 3828 ἔτη
491 3761 605 3822 κς’.
644 3754 804 3808 Κατὰ
826 3755 1048 3815 τούτους
1077 3752 1206 3812 τοὺς
1240 3752 1466 3821 χρόνους
1504 3746 1708 3817 Ἰησοῦς
1738 3747 1765 3797 6

186 3851 276 3903 τοῦ
309 3850 484 3916 Σιρᾶιχ
515 3849 542 3898 6
574 3847 673 3915 τὴν
703 3843 902 3913 Σοφίαν
950 3841 1272 3910 συγγράψας
1315 3839 1444 3910 παρ’
1489 3836 1764 3906 Ἑϐραίοις

185 3939 535 4011 ἐγνωρίζετο.

250 4054 590 4121 Πτολεμαῖος
623 4052 651 4102 6
687 4049 1030 4114 Φιλοπάτωρ,
1061 4048 1089 4098 6
1127 4043 1222 4096 τοῦ
1274 4039 1580 4108 Εὐεργέτου
1628 4037 1763 4102 υίδς,

182 4148 536 4202 ἐϐασίλευσεν
596 4143 690 4212 ἐτη
746 4140 832 4204 ιζ’.
918 4137 1042 4193 Ἐπὶ
1113 4137 1305 4189 τούτου
1374 4137 1402 4187 ὁ
1465 4134 1592 4196 λαὸς
1659 4133 1766 4185 τῶν

191 4237 467 4306 Ἐϐραίων
496 4232 842 4300 αίχμάλωτος
874 4231 930 4280 ὲν
951 4228 1212 4296 Αἰγύπτῳ
1237 4225 1500 4294 ἀπαχθεὶς
1526 4221 1764 4276 τοιοῦτίν

181 4349 228 4383 τι
256 4328 484 4381 ἔπαθεν·
514 4321 682 4382 Οὗτος
720 4319 1023 4390 προσέταξε
1053 4321 1164 4380 τοῖς
1195 4317 1360 4370 αὐτοῦ
1393 4316 1762 4374 ὑπασπισταῖς

179 4422 485 4486 ἐλέφαντας
533 4414 606 4482 φ’,
640 4413 732 4477 οὓς
798 4408 930 4482 εἶχε,
987 4410 1202 4464 ποτίσαι
1246 4407 1386 4462 οἶνον
1443 4406 1760 4469 λιεανωτὸν,

180 4514 328 4571 ὅπως
362 4510 615 4565 ἅπαντας
658 4505 785 4566 τοὺς
818 4501 1102 4561 Ἰουδαίους
1148 4500 1215 4552 δι’
1251 4499 1430 4552 αὐτῶν
1475 4497 1714 4566 ἀπολέσῃ
1746 4511 1761 4526 ο

177 4598 500 4665 εὐξαμένων
534 4594 592 4646 δὲ
623 4592 847 4645 ἐκείνων
868 4591 916 4642 οἱ
972 4588 1262 4655 ἐλέφαντες
1311 4588 1390 4648 είς
1423 4585 1549 4646 τοὺς
1602 4583 1765 4644 ἰδίους

181 4687 524 4758 στρατιώτας
553 4685 647 4736 καὶ
667 4683 874 4751 δήμους
900 4679 1316 4749 ἐμπηδήσαντες
1365 4675 1533 4728 πολὺν
1584 4672 1763 4726 αὐτῶν

1863 2157 2115 2212 absoluta
2152 2167 2255 2211 est.
2279 2158 2444 2228 290
2477 2156 2587 2212 Rex
2621 2158 3027 2228 pulchritudine
3077 2174 3250 2215 sacrae
3299 2157 3456 2214 Scri-

1860 2259 2033 2317 ptura'
2063 2250 2404 2318 stupefactus
2425 2292 2438 2314 ,
2476 2251 2797 2318 proceribus
2848 2252 3212 2320 prmsentibus
3245 2265 3459 2319 unaque

1863 2339 2177 2393 Menedemo
2209 2342 2530 2410 pltilO-‘Uplto
2559 2352 2610 2393 et
2638 2341 2913 2395 Demetrio
2941 2341 3226 2407 Phalereo,
3255 2345 3461 2412 quesi-

1861 2434 1940 2485 vit
1968 2434 2227 2501 quidnam
2257 2444 2400 2486 esset
2420 2448 2601 2486 causa:
2627 2433 2773 2502 quod
2810 2449 3085 2488 sacrarum
3100 2433 3455 2489 Litterarum.

1861 2537 2093 2591 quarum
2126 2530 2275 2576 tanta
2300 2524 2370 2576 sit
2396 2521 2660 2591 dignitas,
2713 2539 2876 2577 nemo
2926 2524 3315 2579 historiCorum
3369 2536 3460 2578 aut

1866 2626 2148 2685 poetarum
2180 2616 2515 2669 attentionem
2553 2613 2770 2669 fecerit.
2819 2614 3121 2685 Respondit
3154 2614 3460 2669 Demetrius

1866 2709 2136 2760 neminem
2169 2722 2263 2761 eas
2295 2705 2468 2760 fuisse
2490 2722 2686 2761 ausum
2715 2707 3011 2776 attingere,
3044 2705 3460 2776 quamloTlnro-

1868 2815 2098 2868 poinpus
2136 2800 2301 2852 etiam
2334 2800 2570 2852 scrutari
2591 2814 2684 2853 eas
2713 2813 3010 2868 aggressus
3057 2809 3239 2851 mente
3261 2810 3459 2868 captus

1867 2893 2053 2956 fuerit,
2092 2906 2154 2944 ac
2181 2907 2274 2960 per
2324 2893 2656 2946 insomnium
2693 2893 2936 2945 monitus
2961 2892 3011 2944 id
3059 2891 3162 2944 sibi
3187 2893 3457 2948 accidisse

1865 2985 2008 3052 quod
2035 2987 2255 3037 curiose
2301 2999 2488 3038 sacras
2525 2999 2613 3038 res
2665 2985 2946 3054 inquirere
2977 2994 3209 3038 conatus
3237 2983 3456 3050 fuisset,

1869 3086 1922 3130 et
1981 3075 2323 3129 Theodectes
2371 3076 2759 3145 tragmdiarum
2817 3077 3056 3146 scriptor
3105 3076 3160 3129 in
3217 3075 3452 3145 quadam

1872 3165 2053 3219 fabula
2079 3181 2364 3220 sacrorum
2388 3167 2650 3220 librorum
2680 3167 2821 3221 facta
2852 3168 3131 3223 mentione
3151 3177 3457 3222 excatcatus

1870 3260 2055 3326 fuerit,
2081 3271 2309 3328 uterque
2343 3267 2524 3313 autem
2577 3260 2771 3313 horum
2803 3261 2872 3314 ab
2919 3261 3135 3328 incepto
3183 3260 3455 3316 desistcus

1871 3352 2038 3406 Deum
2088 3353 2390 3421 placaverit
2419 3367 2479 3406 ac
2521 3353 2744 3406 sanitati
2780 3354 3067 3408 restitutus
3103 3353 3196 3408 sit.

1938 3641 2260 3694 Ptolemaeus
2321 3639 2652 3709 Evergetes,
2713 3637 3055 3708 Philadelphi
3098 3645 3152 3692 et
3203 3636 3457 3692 Arsinoae

1869 3733 2011 3786 [ilius
2044 3732 2292 3800 regnarit
2316 3746 2493 3784 annos
2518 3730 2605 3784 26.
2641 3729 2719 3783 Eo
2759 3741 3001 3798 tempore
3042 3727 3202 3784 Jesus
3237 3727 3452 3783 Sirachi

1869 3825 2010 3878 ﬁlius
2041 3827 2130 3892 qui
2155 3823 2488 3893 Sapientiam
2509 3823 2751 3892 scripsit,
2777 3822 2917 3892 apud
2943 3819 3199 3876 Hebraeos
3222 3822 3454 3876 celebris

1866 3918 1986 3972 fuit.

1938 4030 2269 4084 Ptolemaeus
2320 4028 2637 4096 Philopator
2700 4027 2982 4096 Evergetze
3035 4025 3180 4081 ﬁlius
3209 4026 3454 4096 regnavit

1865 4134 2041 4174 annos
2066 4119 2150 4172 l7.
2183 4118 2296 4172 Suh
2329 4122 2570 4172 hoccum
2599 4117 2831 4187 populus
2856 4114 3077 4170 Judaeus
3109 4124 3253 4170 esset
3275 4116 3454 4185 capti-

1866 4229 1968 4266 vus
1993 4214 2045 4265 in
2069 4211 2366 4281 Egyptum
2389 4209 2680 4272 abductus,
2708 4209 2842 4262 mira
2878 4224 2965 4264 res
2990 4208 3193 4263 evenit.
3222 4206 3447 4261 Manda-

1865 4304 1942 4356 vit
1969 4320 2060 4356 rex
2087 4304 2422 4358 satellitibus
2456 4310 2514 4356 ut
2538 4302 2643 4355 500
2691 4302 3010 4370 elephantos
3059 4300 3190 4355 vino
3233 4301 3452 4354 libano~

1867 4397 1976 4451 tieo
2004 4398 2300 4450 inebriatos
2324 4393 2527 4449 ludatis
2555 4393 2929 4461 immittereut,
2962 4395 3143 4462 itaque
3166 4393 3452 4449 universos

1867 4493 2201 4545 obtererent.
2270 4489 2374 4543 Sed
2420 4487 2626 4541 Iudaeis
2690 4486 2858 4541 Deum
2921 4488 3268 4556 precantibus
3340 4488 3449 4542 ele-

1869 4583 2058 4652 phanti
2096 4583 2149 4636 in
2192 4582 2340 4652 ipsos
2378 4582 2574 4634 milites
2604 4595 2668 4634 ac
2687 4580 2972 4652 Egyptios
2998 4596 3121 4635 sese
3164 4592 3449 4635 converte-

1867 4684 2016 4740 runt,
2048 4689 2413 4744 magnamque
2435 4689 2529 4744 per
2549 4672 2790 4727 furorem
2819 4670 3226 4726 multitudinem
3273 4673 3446 4726 inter-

178 4777 335 4844 ὄχλον
395 4777 456 4825 ἐν
493 4773 560 4840 τῇ
617 4768 950 4840 περιεχούσῃ
1009 4766 1173 4836 μανίᾳ
1231 4764 1577 4831 κατέσφαξαν
1612 4777 1628 4791 ⁸
1668 4761 1762 4814 καὶ

1873 4766 2140 4820 fecerunt.
2173 4766 2248 4819 lta
2274 4763 2443 4820 ειυόωί
2485 4765 2684 4819 servati
2720 4778 2845 4818 cum
2885 4764 3189 4836 gratiarum
3229 4765 3447 4819 actione

179 4869 322 4921 οὕτω
357 4865 626 4926 σωθέντες
655 4862 773 4932 μετ’
803 4859 1154 4931 εὐχαριστίας
1192 4854 1540 4925 ἀπελύθησαν
1570 4857 1649 4917 εἰς
1697 4854 1766 4907 τὰ

184 4959 304 5011 ἰδία.

252 5069 340 5140 [Ρ.
375 5065 504 5138 166]
541 5066 872 5134 Πτολεμαῖος
902 5065 930 5116 6
973 5061 1290 5132 Ἐπιφανὴς,
1325 5062 1353 5113 6
1398 5058 1491 5113 τοῦ
1527 5059 1762 5114 Φιλοπά-

183 5179 335 5232 τορος
369 5160 512 5221 υίὸς,
539 5158 892 5210 ἐϐασίλευσεν
917 5155 1009 5225 ἐτη
1041 5156 1141 5210 κδ’.
1174 5154 1506 5223 Πτολεμαῖος
1533 5155 1562 5206 6
1599 5154 1758 5206 Φιλο-

183 5252 463 5321 ὶομήτωρ,
498 5250 526 5300 6
542 5247 636 5300 τοῦ
660 5246 984 5313 Ἐπιφανοῦς
1009 5247 1144 5308 υἱος,
1168 5245 1262 5316 ἔτη
1285 5243 1378 5298 λε’.
1423 5245 1545 5296 Ἐπὶ
1568 5245 1758 5299 τούτου

195 5344 472 5412 Ἀντίοχος
502 5340 628 5403 τοὺς
679 5339 1070 5402 Μακκαϐαίους
1121 5339 1196 5409 μὴ
1231 5336 1584 5408 βουλομένους
1630 5355 1756 5406 μια-

188 5436 448 5504 ροιραγείν
479 5432 757 5496 ἐκόλαζεν.
788 5430 911 5482 Ἐπὶ
948 5429 1138 5484 τούτου
1170 5429 1485 5500 ἱεράτευσεν
1553 5429 1756 5492 Ἰούδας

194 5525 464 5598 Ὑρκανὸς
485 5524 579 5577 καὶ
614 5521 1050 5595 Ἀριστόϐουλος.
1088 5525 1198 5576 Καὶ
1248 5521 1352 5584 ἕως
1385 5521 1549 5574 αὐτοῦ
1580 5522 1756 5574 τοίνυν

182 5620 274 5672 τού
314 5617 593 5690 ’Υρκανοῦ
621 5619 654 5686 ή
711 5616 956 5686 βασιλεία
983 5615 1078 5668 τοῦ
1122 5615 1338 5686 Ἰσραὴλ
1358 5611 1446 5686 ἦν.
1472 5615 1580 5666 Καὶ
1615 5613 1754 5683 λαμ-

184 5707 333 5763 ϐάνει
375 5712 479 5779 τὴν
532 5708 812 5781 βασιλείαν
861 5706 1027 5763 αὑτοῦ
1081 5705 1321 5777 Ἡρώδης
1377 5707 1405 5758 6
1459 5704 1756 5773 ἀλλόφυλος

185 5801 286 5856 ὑιώ
313 5802 420 5856 τῶν
466 5802 774 5869 Ῥωμαῖων,
809 5799 866 5863 ὃς
915 5802 1008 5855 καὶ
1051 5797 1339 5872 πλησιάζει
1397 5800 1463 5869 τῇ
1517 5797 1754 5866 Χριστοῦ

1870 4863 1924 4914 in
1963 4860 2194 4931 patriam
2237 4858 2454 4912 dimissi
2500 4857 2808 4912 abiverunt.

1935 5063 2095 5133 291
2126 5063 2456 5118 Ptolemaeus
2482 5061 2818 5130 Epiphanes,
2867 5055 3236 5128 Philopatoris
3292 5056 3438 5110 Illius

1865 5158 2118 5225 regnavit
2152 5171 2326 5210 annos
2358 5153 2546 5222 viginti
2586 5161 2848 5220 quatuor.
2884 5147 3058 5219 Hujus
3084 5148 3229 5202 ﬁlius
3253 5145 3438 5204 Ptole-

1867 5261 2038 5300 manus
2071 5245 2405 5299 Philometor
2441 5242 2666 5312 triginta
2721 5242 2981 5310 quinque.
3021 5237 3135 5294 Hoc
3174 5247 3438 5310 regnante

1865 5339 2170 5393 Antiochus
2206 5335 2541 5392 Maccabeos
2570 5335 2765 5389 illicito
2821 5333 2943 5388 cibo
2970 5333 3117 5387 vesci
3169 5346 3440 5386 recusan-

1864 5439 1945 5484 tes
1994 5429 2278 5499 suppliciis
2335 5427 2541 5483 all'ecit.
2573 5425 2724 5480 Tunc
2755 5424 3066 5480 sacerdotio
3109 5422 3284 5478 functi
3308 5432 3436 5477 sunt

1862 5521 2029 5576 Judas
2073 5521 2355 5592 Hyrcanus
2386 5529 2440 5573 et
2484 5517 2854 5573 Aristobulus.
2911 5514 3098 5584 Usque
3163 5513 3229 5568 ad
3292 5513 3434 5566 hunc

1864 5613 2173 5683 Hyrcanum
2233 5626 2458 5681 regnum
2509 5609 2828 5663 lsraelicum
2861 5606 3098 5660 duravit.
3141 5601 3316 5672 Hujus
3349 5618 3436 5655 re-

1863 5720 2027 5774 gnum
2077 5718 2108 5757 a
2176 5703 2436 5758 Romanis
2493 5700 2736 5755 obtinuit
2795 5699 3034 5753 llerodes
3105 5695 3431 5762 alienigena,

1863 5795 2068 5854 Christi
2103 5795 2361 5853 adventui
2386 5793 2618 5851 vicinus.
2652 5794 2903 5863 Hyrcano
2935 5786 3151 5843 favebat
3176 5784 3429 5855 papulus,
