4214 6448
738 412 842 479 331

2015 407 2332 467 GEORGII
2367 408 2702 469 CEDRENl

3889 419 3998 483 332

740 528 996 586 Kalendae
1050 530 1359 586 Februarii.
1395 528 1705 598 Eodemque
1755 524 1915 579 modo
1967 523 2032 578 de
2091 523 2315 592 reliquis

2417 525 2504 578 διὰ
2535 526 2594 578 τὸ
2632 524 2730 595 τὴν
2763 525 2829 593 ιγ’
2875 526 3203 598 Ἰανουαρίου
3250 528 3424 594 είδοῢς
3464 531 3796 605 Ἰανουαρίου
3844 537 3998 604 λέγε·

741 627 1026 682 mensibus
1047 624 1352 695 iudicabis.

2422 613 2567 669 σθαι.
2602 612 2714 680 Τὴν
2751 614 2809 666 δὲ
2864 615 2923 666 ιδ’
2952 616 3140 668 τούτου
3169 617 3344 681 εἴποις
3372 619 3438 673 ἂν
3460 621 3567 692 πρὸ
3597 621 3660 674 ιθ¹
3703 624 3998 678 Καλανδῶν

737 718 1123 789 Φεϐρουαρίου,
1148 717 1250 787 τὴν
1282 718 1340 771 δὲ
1374 715 1435 771 ιε’
1468 715 1578 786 πρὸ
1618 710 1707 782 ιη’,
1743 711 1836 764 καὶ
1883 710 2009 780 ἑξῆς
2036 707 2179 762 κατά
2209 708 2303 761 τὸν
2344 706 2548 775 τρόπον
2582 707 2741 778 μέχρι
2765 707 2862 778 τῆς
2907 709 3131 780 πρώτης
3173 711 3537 782 Φεϐρουαρίου
3570 733 3581 744 ·
3652 711 3772 769 εἶτα
3853 722 4004 790 ἐρεῖς

741 811 1011 874 καλάνδας
1070 810 1462 881 Φεϐρουαρίου.
1487 809 1606 862 Ἔτι
1636 806 1691 859 δὲ
1726 805 1820 858 καὶ
1861 805 1954 857 ἐπὶ
1986 801 2096 856 τῶν
2145 800 2319 854 ἄλλων
2353 798 2540 871 μηνῶν
2589 800 2810 869 ὁμοίως.

818 909 856 958 Δ
892 904 1021 959 cibo
1051 902 1223 958 Janus
1254 901 1516 957 Romanis
1543 899 1813 955 Cibullius
1843 907 1927 953 est
1956 895 2156 958 dictus,
2197 895 2328 964 quia

737 996 1184 1066 conviviajuvet.
1214 993 1312 1052 Est
1351 1004 1405 1051 et
1449 993 1622 1049 Janus
1648 991 1918 1058 Quirinus
1948 990 2130 1044 dictus
2158 987 2325 1041 veluti

740 1097 1137 1160 propugnator,
1201 1099 1256 1143 et
1321 1087 1588 1143 Conswus
1642 1086 1798 1156 quasi
1866 1082 2205 1144 Itinerarius,
2270 1086 2324 1133 et

738 1183 1004 1238 Patricius
1073 1189 1131 1236 ut
1192 1181 1478 1252 indigena.
1523 1180 1624 1236 Dio
1680 1178 1962 1232 Romanus
2025 1173 2313 1242 antiquum

737 1275 1028 1347 quemdam
1056 1276 1276 1329 heroem
1307 1275 1530 1328 nomine
1549 1271 1743 1326 Ianum
1767 1269 1862 1332 ait,
1879 1283 1943 1322 eo
1962 1265 2106 1336 quod
2125 1264 2317 1318 Satur-

736 1380 810 1422 no
848 1364 1142 1436 bOSpitium
1174 1364 1502 1434 praebuisset
1527 1401 1541 1424 ,
1581 1360 1981 1430 praeteritorum
2013 1370 2078 1410 ac
2106 1352 2318 1408 futuro-

735 1472 860 1512 rum
902 1457 1097 1512 notitia
1130 1456 1299 1511 fuisse
1329 1454 1651 1524 praeditum;
1680 1453 1801 1505 ideo
1829 1465 1951 1506 eum
1984 1463 2013 1502 a
2048 1445 2309 1500 Romanis

737 1548 1024 1605 bifrontem
1057 1549 1202 1618 pingi
1239 1565 1252 1610 ;
1283 1561 1525 1600 mensem
1549 1545 1615 1598 ab
1646 1561 1711 1598 eo
1738 1541 2054 1597 Januarium
2090 1539 2320 1600 dictum,

735 1657 969 1710 eumque
1002 1642 1130 1694 anni
1164 1639 1494 1710 principium
1534 1652 1658 1692 esse

2500 892 2624 944 Ὀτι
2661 893 2922 963 Ῥωμαῖοι
2954 891 3155 956 κύϐους
3184 895 3284 966 τὴν
3325 897 3530 967 τροφὴν
3549 897 3776 954 ἐκάλουν
3797 917 3811 932 ·
3847 903 3907 968 ἐξ
3932 902 3997 962 οὗ

2427 982 2521 1035 καὶ
2559 982 2724 1036 Ἰανὸν
2747 983 3061 1037 Κιϐοὐλλιον
3080 983 3167 1036 διὰ
3190 987 3250 1038 τὸ
3269 987 3660 1058 εὐωχιαστικὸν
3691 995 3787 1047 καὶ
3831 995 4001 1049 Ἰανὸν

2425 1075 2658 1145 Κυρῖνον
2712 1074 2911 1128 ώσανεὶ
2939 1076 3246 1148 πρόμαχον,
3283 1082 3376 1131 καὶ
3415 1082 3683 1136 Κονσαῖον
3731 1085 3854 1138 ἀντὶ
3899 1086 3994 1140 τοῦ

2423 1167 2599 1220 ὀδαίον
2633 1166 2725 1220 καὶ
2769 1169 3057 1238 πατρίκιον
3095 1170 3416 1239 αὐτόχθονα.
3450 1173 3591 1226 Δίων
3643 1176 3672 1228 δ
3725 1175 3998 1247 Ῥωμαῖος

2425 1260 2654 1328 ἀρχαῖόν
2679 1277 2800 1313 τινα
2829 1261 2988 1331 ἥρωα
3031 1263 3193 1316 Ἰανὸν
3222 1263 3391 1330 λέγει.
3424 1264 3511 1319 διὰ
3535 1265 3636 1337 τὴν
3663 1267 3758 1321 τοῦ
3782 1269 3999 1339 Κρόνου

2425 1350 2627 1413 ξένισιν
2661 1353 2892 1408 λαϐόντα
2918 1355 3016 1424 τὴν
3041 1357 3242 1421 γνῶσιν
3269 1357 3376 1408 τῶν
3406 1357 3709 1426 μελλόντων
3747 1363 3840 1415 καὶ
3876 1362 3990 1415 τῶν

2424 1447 2910 1516 προῠπαρχόντων,
2934 1447 3029 1498 καὶ
3048 1447 3136 1499 διὰ
3170 1448 3328 1500 τοῦτο
3349 1449 3698 1518 διπρόσωπον
3721 1453 3827 1507 ὑπὸ
3862 1454 3995 1508 Ῥω-

2431 1538 2604 1605 μαίων
2641 1536 2971 1591 πλάττεσθαι
2993 1554 3006 1568 ο
3029 1538 3088 1600 ἐξ
3109 1532 3171 1590 οὗ
3188 1540 3277 1592 τόν
3321 1559 3376 1594 τε
3409 1545 3554 1612 μῆνα
3574 1542 3842 1612 κληθῆναι
3881 1547 3994 1598 Ἰα-

2428 1629 2699 1700 νουάριον,
2731 1631 2827 1682 καὶ
2859 1631 2957 1699 τὴν
2985 1631 3078 1684 τοῦ
3109 1633 3262 1694 ἔτους
3299 1636 3473 1706 ἀρχὴν
3514 1637 3624 1689 ἀπὸ
3671 1637 3765 1690 τοῦ
3821 1641 3987 1692 αὖτιῦ

2420 1721 2587 1790 μηνὸς
2614 1720 2899 1788 γίνεσθαιὲ

803 1822 1077 1879 Februam
1136 1822 1295 1876 dcam
1348 1820 1640 1890 quamdam
1705 1819 2032 1887 piacularem
2085 1816 2313 1871 Romani

2488 1813 2769 1882 Φέϐρουαν
2795 1814 2923 1868 θεάν
2954 1831 3075 1868 τινα
3109 1816 3453 1886 καθαρτικὴν
3482 1820 3590 1872 τῶν
3651 1821 3997 1890 πραγμάτων

734 1915 1087 1971 crediderunt
1113 1929 1253 1969 esse.
1280 1913 1518 1980 Anysius
1541 1911 1677 1963 libro
1693 1911 1757 1962 de
1801 1911 2063 1964 Mensilms
2085 1910 2314 1963 Etrusca

733 2009 923 2078 lingua
957 2007 1216 2061 februum
1245 2004 1512 2076 appellari
1551 2003 1626 2055 ait
1655 2019 1778 2057 eum
1809 2004 1900 2072 qui
1940 2013 2025 2058 est
2055 2003 2196 2071 apud
2233 2003 2316 2055 in-

732 2100 902 2156 feros.
937 2099 1120 2154 Labeo
1147 2097 1509 2153 Februarium
1544 2110 1572 2148 a
1606 2094 1795 2149 dolore
1821 2095 2023 2149 dictum
2049 2103 2314 2159 autumat,

735 2193 868 2263 quia
911 2191 1100 2247 februs
1152 2189 1414 2242 Romanis
1444 2186 1599 2240 dolor
1633 2186 1866 2239 dicatur.
1901 2185 1975 2240 Eo
2006 2199 2194 2239 mense
2225 2186 2318 2239 de-

740 2285 958 2339 functos
991 2281 1357 2336 honorabant.
1381 2279 1656 2332 Έρὶιτυπρ
1690 2292 1852 2347 porro
1883 2287 1964 2332 est
1992 2291 2241 2347 purgare.

805 2467 962 2522 Marti
989 2483 1184 2521 nomen
1230 2464 1457 2520 Romani
1492 2465 1870 2534 imposuerunt
1903 2478 1933 2516 a
1973 2472 2165 2518 morte.
2223 2471 2316 2515 aut

734 2561 878 2629 quod
918 2559 1120 2614 artium
1154 2559 1226 2612 sit
1256 2566 1459 2622 motor,
1491 2566 1584 2610 aut
1625 2555 1768 2625 quod
1813 2569 1843 2608 a
1891 2553 2026 2609 solis
2074 2554 2317 2607 maribus

733 2652 970 2706 colatur.
1025 2651 1134 2704 Aut
1175 2665 1204 2703 a
1260 2647 1592 2719 μάρνασθαι,
1647 2646 1957 2716 pugnando,
2016 2645 2316 2699 secundum

737 2743 1116 2799 Philoxenum.
1151 2739 1358 2812 Lingua
1387 2738 1643 2808 Algyptia
1673 2745 1901 2791 vocatur
1938 2735 2138 2795 Ertosi,
2169 2733 2315 2804 quod

732 2832 1060 2888 vocabulum
1089 2831 1254 2901 296
1273 2831 1454 2884 omnis
1477 2829 1692 2899 generis
1714 2827 2149 2895 procreationem
2178 2829 2314 2878 rita-

733 2923 839 2978 lem
890 2922 1160 2991 designat,
1219 2922 1437 2988 vimque
1490 2919 1668 2972 omnis
1719 2927 1930 2971 naturae
1975 2928 2027 2970 et
2077 2920 2315 2970 mater-ire

736 3013 1182 3082 permutatricem
1213 3026 1276 3064 ac
1306 3010 1606 3065 viviﬁcam.

810 3105 1038 3166 Kerdos,
1075 3104 1266 3156 Latine
1298 3103 1532 3165 lucrum,
1560 3103 1608 3156 id
1627 3101 1775 3171 quod
1799 3101 1960 3154 datur
1986 3102 2051 3155 ad
2079 3109 2316 3169 tempus,

735 3199 960 3252 dicitur.
1004 3194 1308 3249 Milliarisia
1342 3204 1525 3246 autem
1575 3206 1602 3243 a
1635 3192 1876 3248 militia:
1928 3191 2111 3260 Scipio
2168 3191 2312 3245 enim

736 3305 874 3343 auro
901 3288 1224 3347 de3titntus,
1279 3297 1332 3338 et
1371 3293 1598 3355 urgente
1633 3284 1920 3346 Annibale,
1953 3283 2214 3336 militibus
2251 3297 2314 3335 ea

738 3383 950 3452 paravit
973 3389 1136 3449 atque
1161 3378 1461 3432 distribuit.

808 3564 1090 3618 Delatores
1139 3577 1277 3632 quos
1319 3560 1547 3614 Romani
1599 3567 1813 3622 vocant,
1869 3558 1903 3610 ii
1954 3556 2160 3609 Graecis
2189 3566 2316 3608 sum

732 3655 933 3711 diaboli
967 3664 1020 3710 et
1061 3658 1432 3726 syc0phauta3.

813 3749 1140 3818 Spatharius
1181 3747 1445 3800 Romanis
1474 3755 1557 3798 est
1616 3746 1865 3812 corporis
1903 3754 2110 3804 custos,
2140 3741 2316 3795 oratio

737 3841 1088 3910 compellatio
1113 3879 1128 3904 ,
1163 3839 1498 3892 fabricenses
1528 3849 1807 3888 armorum
1837 3833 2081 3903 opiﬁces.

808 4023 1038 4078 Romani
1097 4022 1326 4092 pudicas
1381 4020 1642 4075 mulieres
1699 4031 1975 4074 matronas
2018 4018 2314 4088 appellant,

735 4118 908 4172 Graeci
937 4116 1188 4170 dominas
1221 4113 1482 4167 familias.
1518 4112 1607 4166 Ea:
1649 4119 1932 4180 tantopere
1972 4111 2317 4164 verecundia:

737 4210 1033 4266 studebant
1055 4218 1116 4262 ut
1141 4221 1208 4261 ne
1237 4212 1699 4260 conversarentur
1725 4202 1943 4273 quidem
1975 4217 2098 4256 cum
2133 4204 2316 4272 vulga-

739 4303 890 4355 ribus
919 4299 1268 4362 mulieribus,
1291 4295 1386 4353 sed
1416 4297 1470 4350 in
1495 4295 1703 4350 balneis
1731 4302 1882 4349 extra
1909 4292 2312 4348 multitudinem

737 4394 840 4448 sibi
870 4393 1053 4463 quieta
1083 4390 1334 4460 quaedam
1375 4387 1679 4458 deligerent
1704 4387 1848 4451 loca,
1873 4399 1993 4455 quae
2016 4384 2312 4440 etiamnum

737 4484 1056 4539 Matroualia
1096 4483 1375 4537 dicuntur.

809 4573 883 4628 De
947 4572 1152 4628 Graecis
1213 4571 1352 4626 casti
1415 4569 1635 4624 fuerunt
1693 4569 2156 4641 Bellerophontes,
2215 4570 2306 4639 qui

737 4667 1088 4727 Stheneboea,
1149 4662 1348 4728 Tenes,
1401 4665 1492 4728 qui
1545 4661 1916 4729 Alphesiboea,
1961 4661 2174 4727 Peleus,
2213 4663 2307 4732 qui

734 4756 1081 4826 Astydamea,
1114 4764 1170 4809 et
1200 4752 1540 4823 Hippolytus,
1574 4756 1665 4824 qui
1699 4752 1923 4808 Phaedra
1952 4755 2237 4808 abstinuit.

802 4847 883 4900 Αο
910 4846 1052 4915 apud
1072 4845 1354 4900 Chaldaeos
1372 4845 1785 4914 interpretatum
1813 4856 1898 4899 est
1937 4847 2142 4906 lumen,
2166 4846 2310 4916 quod

2417 1905 2466 1955 οί
2535 1903 2799 1973 Ῥωμαῖοι
2853 1905 3179 1976 παρέλαϐον.
3236 1909 3480 1974 ’Λνύσιος
3527 1912 3584 1963 δὲ
3652 1915 3710 1964 ὲν
3737 1913 3811 1984 τῷ
3860 1916 3994 1981 πεχὶ

2415 1994 2622 2061 μηνῶν
2653 1995 2916 2066 φεϐροῦον
2954 1998 3045 2050 τὸν
3091 2001 3440 2070 καταχθόνιον
3461 2005 3526 2072 τῇ
3561 2001 3816 2057 Θούσκων
3842 2010 3993 2073 φωνῇ

2418 2087 2583 2154 λέγει.
2614 2087 2670 2140 '0
2699 2088 2753 2142 δὲ
2785 2089 3008 2143 Λαϐεὼν
3039 2092 3146 2144 ἀπὸ
3171 2093 3266 2146 τοῦ
3300 2094 3531 2158 πένθους
3552 2096 3698 2164 λέγει
3733 2098 3994 2168 κληθῆναι

2417 2180 2508 2234 τὸν
2537 2181 2901 2253 Φεϐρουάριον
2926 2201 2938 2214 ·
2972 2183 3207 2254 φέϐρους
3231 2190 3341 2255 γὰρ
3393 2189 3542 2255 παρὰ
3592 2188 3882 2260 Ῥωμαίοις
3935 2193 3998 2242 τὸ

2419 2273 2616 2333 πένθος
2649 2277 3142 2346 προσαγορεύεται.
3185 2278 3320 2330 Κατ’
3364 2277 3602 2331 αὑτὸνδὲ
3647 2280 3772 2343 τοὺς
3808 2298 3998 2333 xor-.0:-

2418 2365 2681 2433 χομένους
2714 2367 2916 2435 ἐτίμων
2946 2368 3043 2420 καὶ
3071 2368 3408 2438 φεϐρουᾶραι
3432 2368 3493 2422 τὸ
3517 2369 3780 2440 καθᾶραι.

2489 2453 2610 2506 ’Ότι
2629 2453 2724 2506 τὸν
2776 2456 3010 2525 Μάρτεμ
3054 2459 3102 2508 οἱ
3174 2456 3432 2526 Ῥωμαῖοι
3504 2458 3716 2526 μόρτεμ
3769 2456 3998 2510 ἐκάλουν

2417 2546 2580 2598 οἱονεὶ
2609 2547 2863 2609 θάνατον,
2897 2547 2930 2616 ἧ
2965 2550 3210 2618 κινητὴνσ
3247 2550 3355 2600 τῶν
3413 2550 3642 2618 τεχνῶν,
3681 2550 3714 2618 ἦ
3745 2550 3837 2602 τὸν
3861 2553 3997 2619 παρ’

2419 2640 2664 2710 ἀρρένων
2691 2641 2784 2694 καὶ
2815 2641 2994 2709 μόνων
3023 2640 3361 2710 τιμώμενον,
3392 2641 3424 2710 ἢ
3453 2642 3516 2693 ὲκ
3542 2641 3636 2694 τοῦ
3689 2643 3998 2713 μάρνασθαι

2420 2733 2878 2798 κατὰφιλόξενον.
2922 2735 3185 2788 Καλεῖται
3211 2735 3266 2788 δὲ
3295 2735 3664 2801 Λίγυπτιαστὶ
3714 2737 3945 2806 Ἐρτωσί
3981 2753 3993 2766 ·

2421 2823 2577 2876 τοῦτο
2606 2825 2662 2877 δὲ
2695 2827 2953 2894 σημαίνει
2984 2825 3191 2888 παντὸς
3221 2825 3411 2891 γένους
3447 2823 3746 2892 ζωογονίαν
3774 2829 3868 2880 καὶ
3887 2829 3998 2880 πά-

2420 2944 2518 2995 σης
2551 2929 2740 2992 οὐσίας
2769 2932 2862 2981 καὶ
2886 2929 3038 2998 ὕλης,
3069 2930 3208 2981 κατὰ
3262 2930 3442 2998 φύσιν,
3480 2934 3572 2985 καὶ
3596 2933 3822 3003 δύναμιν
3877 2936 3997 2989 Σιρ-

2416 3017 2681 3086 τακτικὴν
2707 3019 3062 3088 ζωογονικήνε

2493 3110 2615 3160 Ὅτι
2650 3111 2840 3176 κέρδος
2865 3114 2896 3178 ἡ
2928 3112 3209 3180 ἐπίκαιρος
3244 3113 3390 3177 δόσις
3410 3114 3654 3183 λέγεται,
3686 3117 3996 3186 μιλιαρίσιι

2418 3200 2474 3252 δὲ
2500 3201 2616 3254 ἀπὸ
2660 3203 2755 3270 τῆς
2791 3203 3028 3272 μιλιτίας
3090 3206 3258 3274 ἤγουν
3294 3207 3582 3273 στρατείας
3605 3224 3617 3236 ·
3651 3210 3678 3259 ὁ
3712 3210 3820 3279 γὰρ
3872 3211 3998 3261 Σκςο

2417 3293 2557 3344 πίων
2581 3292 2648 3344 δι’
2681 3293 2889 3346 ἔνδειαν
2919 3298 3141 3365 χρυσίου
3171 3300 3283 3360 τοῖς
3315 3299 3673 3368 στρατιώταις
3710 3300 3775 3352 τὰ
3817 3301 3998 3369 μιλιο-

2421 3384 2567 3452 ρίσια
2597 3387 3014 3449 κατασκευάσας
3043 3387 3382 3450 ἐπιδέδωκεν,
3411 3390 3650 3442 Ἀννίϐου
3683 3394 3791 3452 τοῖς
3819 3394 3988 3460 πράγ-

2422 3490 2584 3541 μασιν
2615 3475 2986 3543 ἐπικειμένου.

2487 3565 2944 3635 ’οτιδηλάτορας
2978 3567 3104 3629 τους
3164 3567 3443 3630 διαϐόλους
3497 3571 3588 3620 καὶ
3649 3573 3994 3636 συκοςάντας

2418 3656 2643 3707 καλοῦσι
2691 3656 2970 3726 Ῥωμαῖοι.

2493 3749 2612 3800 Ὅτι
2641 3749 2941 3820 σπαθαριος
2973 3752 3000 3802 ὁ
3035 3752 3435 3820 σωματοςύλαξ
3462 3754 3630 3812 ἐστὶν,
3667 3754 3899 3820 dgnior.
3961 3757 3992 3820 ἠ

2419 3840 2828 3910 προσφώνησις,
2883 3843 2973 3894 καὶ
3018 3843 3351 3913 φαυρικίσιοι
3413 3846 3459 3896 οἱ
3508 3844 3615 3896 τῶν

2422 3935 2694 4002 μιουργοί.

2493 4025 2617 4074 ’Ότι
2659 4023 2919 4092 Ῥωμαῖοι
2951 4024 3050 4086 τὰς
3078 4027 3360 4094 σώφρονας
3412 4031 3676 4092 γυναῖκας
3707 4028 3993 4095 ματρώκας

2419 4113 2670 4176 ἐκάλουν,
2697 4115 2746 4166 οἱ
2795 4113 2880 4185 ίΡ.
2930 4114 3054 4185 169]
3095 4115 3150 4168 δὲ
3184 4117 3445 4184 Ἕλληνες
3477 4119 3900 4178 οἰκοδεσποίνας.
3926 4121 3993 4171 Αῖ

2417 4203 2668 4257 τοσοῦτον
2689 4206 2789 4272 τῆς
2821 4205 3003 4267 αἰδοῦς
3025 4206 3342 4276 ἐφρόντιζον
3393 4207 3468 4270 ώς
3509 4208 3643 4277 μηδὲ
3689 4211 3809 4270 ταῖς
3864 4213 3996 4259 σπολ-

2417 4297 2534 4356 λαίς
2565 4296 2670 4349 τῶν
2699 4297 2968 4361 γυναικῶν
2993 4299 3222 4364 ὁμιλεῖν,
3260 4297 3395 4351 ἀλλὰ
3426 4300 3624 4360 τόπους
3655 4299 3807 4360 τινας
3852 4303 3990 4367 ἠσυ-

2418 4387 2566 4457 χίους
2601 4390 2659 4438 ὲν
2688 4390 2798 4449 τοῖς
2847 4387 3147 4456 βαλανείοις
3181 4390 3284 4455 ἔξω
3335 4390 3426 4443 τοῦ
3479 4391 3716 4460 πλήθους
3774 4393 3994 4453 ἑαυταῖς

3665 3844 3842 3896 ὃπλων
3897 3846 3960 3912 δῇ

2339 4517 2391 4576 D
2419 4479 2720 4549 ἀφορίζειν,
2747 4478 2842 4541 οὓς
2869 4481 2946 4531 ἔτι
2979 4483 3072 4532 καὶ
3107 4481 3200 4532 νῦν
3233 4482 3570 4549 ματρωνίκια
3601 4481 3880 4533 καλοῦσιν.

2487 4573 2610 4624 ’Ότι
2678 4571 2953 4640 σώφρονες
3029 4569 3299 4640 Ἑλλήνων
3349 4568 3510 4634 οὗτοι,
3561 4572 3992 4641 Βελλερονέόντης

2417 4663 2731 4726 Σθενεϐοίας
2768 4664 2860 4717 καὶ
2886 4663 3055 4730 Τέλης
3095 4663 3204 4732 (9-5)
3245 4661 3619 4730 Ἀλψεσιϐοίας
3653 4667 3744 4716 καὶ
3775 4663 3992 4730 llr-3.31,;

2430 4753 2820 4824 Ἀστυδαμείας
2849 4756 2939 4806 καὶ
2986 4754 3300 4816 Ἱππόλυτος
3331 4754 3585 4823 Φαίδρας.

2489 4846 2608 4899 ’Ὁτι
2643 4847 2674 4914 ή
2702 4844 2782 4897 ἀὼ
2813 4846 2959 4914 παρὰ
2976 4844 3638 4914 Χαλδαίοιςὲρμηνεύεται
3666 4844 3778 4912 φῶς
3799 4843 3991 4913 νοητὸν

1813 5025 2166 5081 ΧΥΙιΑΝΒΙῖΙ
2205 5027 2292 5082 ΕΤ
2342 5025 2552 5083 GOARI
2594 5025 2824 5082 NOTAE.

803 5143 917 5210 (εδδ
945 5141 1003 5199 ιιι
1029 5142 1221 5214 Graeco
1253 5149 1339 5199 est
1367 5144 1546 5214 τέλης.
1589 5143 1697 5214 Sed
1762 5158 1863 5213 ego
1913 5153 2136 5200 secutus
2186 5160 2306 5199 sum

732 5214 1039 5270 historiam.
1074 5211 1513 5286 Bellerophontis
1542 5225 1596 5286 et
1627 5211 1912 5286 Hippolyti
1943 5231 2031 5271 res
2057 5215 2303 5271 notiores

734 5295 862 5339 sunt
889 5297 1052 5353 quam
1083 5291 1142 5338 ut
1175 5283 1242 5337 de
1282 5285 1351 5338 iis
1393 5284 1466 5339 sit
1529 5285 1736 5353 aliquid
1764 5283 2158 5339 annotandum.
2194 5285 2296 5340 'l‘e-

731 5367 830 5408 nes
882 5362 1087 5417 autem,
1131 5368 1298 5422 aquo
1346 5354 1525 5410 insula
1585 5353 1832 5409 Tenedos
1882 5370 2081 5409 nomen
2114 5354 2298 5420 habet,

731 5423 902 5492 Cycni
954 5423 1100 5495 ﬁlius
1145 5421 1380 5494 Neptuni
1441 5439 1612 5493 nepos
1661 5423 1834 5479 fuisse
1898 5425 2300 5495 traditur;qui

733 5507 986 5564 novercae
1044 5492 1116 5564 de
1189 5492 1382 5564 stupro
1447 5492 1626 5563 ipsum
1700 5495 1994 5564 appellanti
2062 5492 2300 5549 noluerit

731 5563 986 5633 obsequi,
1041 5563 1276 5634 ideoque
1309 5564 1366 5617 in
1393 5579 1543 5619 mare
1601 5579 1632 5620 a
1690 5563 1843 5632 patre
1895 5565 2030 5619 falso
2081 5565 2298 5620 crimini

734 5631 982 5704 noverca:
1013 5631 1272 5704 credente
1319 5634 1374 5690 in
1430 5634 1568 5704 cista
1633 5631 1938 5704 expositus,
2005 5635 2296 5691 incolumis

732 5701 803 5775 ad
831 5703 1065 5758 insulam
1115 5701 1476 5775 Leucophryn
1502 5701 1723 5760 delatus
1754 5704 2039 5775 ei_nomen
2094 5704 2285 5775 fecerit

731 5771 916 5846 ibique
961 5771 1426 5846 regnaverl_t.'_Est
1472 5775 1576 5846 hoc
1605 5775 1769 5846 apud
1803 5773 2060 5829 Tzctzam
2092 5776 2144 5827 in
2177 5773 2282 5846 Ly-

729 5842 1086 5911 cophronem,
1119 5842 1261 5914 apud
1305 5843 1556 5903 Eustath.
1596 5842 1653 5899 in
1680 5842 1870 5898 Illiad.
1925 5852 1994 5909 a',
2052 5845 2160 5910 58;
2189 5842 2280 5914 qui

2413 5144 2769 5216 Philonomen
2796 5146 2956 5199 istam
2987 5160 3299 5216 novercam.
3321 5145 3390 5199 ab
3421 5144 3543 5199 aliis
3566 5142 3875 5216 Polybmam
3899 5159 3990 5214 ap.

2411 5215 2602 5283 pellari
2649 5217 2907 5277 ostendit,
2941 5217 3196 5270 etiamin
3255 5215 3599 5283 Dionysium.
3668 5215 3848 5282 {.tque
3910 5217 3984 5269 ita

2411 5275 2495 5339 cst
2531 5284 2671 5354 apud
2707 5275 3060 5340 scholiastcm
3115 5301 3334 5354 quoque
3367 5275 3608 5348 llomeri,
3664 5275 3981 5354 indictum

2410 5353 2877 5409 locum.Memiuit
2929 5364 2983 5409 et
3028 5353 3296 5411 Diodorus
3357 5357 3575 5410 Siculus
3633 5356 3682 5407 in
3718 5353 3821 5408 fine
3853 5355 3888 5406 l.
3927 5371 3980 5414 ν,

2411 5426 2505 5478 sed
2543 5427 2766 5480 nomine
2801 5441 3048 5479 noverca:
3079 5429 3306 5482 omisso.
3340 5426 3536 5480 Noster
3564 5425 3978 5493 Alphesibmam

2409 5503 2589 5548 vorat.
2624 5494 2756 5559 Quae
2783 5497 3056 5564 scriptura
3131 5498 3173 5550 si
3217 5499 3288 5550 sit
3344 5505 3514 5558 recta,
3571 5495 3704 5548 nihil
3758 5505 3853 5564 est
3893 5495 3984 5564 ab-

2409 5565 2560 5618 Surdi
2594 5584 2606 5618 :
2638 5579 2762 5636 nam
2793 5563 2961 5636 quod
2997 5566 3138 5636 idem
3188 5564 3409 5636 Peleum
3440 5567 3773 5636 Astydamea
3811 5563 3984 5636 absti-

2408 5636 2599 5688 nuisse
2631 5635 2728 5696 ait,
2779 5651 2897 5690 eam
2940 5635 3208 5692 Pindarus
3251 5636 3304 5688 in
3359 5634 3569 5690 Nemeii
3633 5634 3978 5701 Hippolytam

2408 5703 2777 5786 Eretheidem,
2819 5704 3159 5786 Magnessam
3207 5703 3583 5786 ‘Hippolytam
3625 5702 3980 5786 lioratiusiin

2392 5772 2523 5846 O‘dis
2535 5782 2715 5846 uocat.
2737 5775 2868 5840 Quae
2895 5775 3119 5830 historia
3140 5782 3224 5846 est
3245 5772 3405 5831 etiam
3424 5772 3584 5846 'apud
3625 5777 3978 5844 interpretem

2389 5843 2682 5913 Apollonii,
2715 5860 2968 5899 num.xrv
3002 5847 3094 5900 lib.
3117 5860 3153 5899 ι.
3187 5843 3319 5901 Χιι.
