4214 6448
197 447 311 510 337

1310 455 1852 516 HISTORIARUM
1892 455 2422 520 COMPENDIUM.

3361 463 3468 525 338

269 559 453 630 ὐτιὴ
489 561 702 632 γαμετὴ
729 559 896 615 αὖτοῦ
930 562 988 616 ὲν
1013 564 1080 634 τῇ
1115 567 1270 618 νυκτὶ
1305 567 1422 637 μεθ’
1443 567 1511 637 ἢν
1539 568 1776 637 ἐσφάγηι

1954 564 2029 619 Ea
2061 577 2221 622 nocte
2255 586 2374 638 quae
2407 570 2624 626 caedem.
2644 570 2818 640 ipsius
2866 573 3162 641 prtecessit,
3198 588 3338 628 uxor
3365 590 3467 644 per

190 652 378 716 ἔδοξεν
432 653 569 724 ὀρᾷν
631 655 732 724 τὴν
765 654 944 708 οἰκίαν
983 655 1259 725 Καίσαρος
1294 660 1780 726 συμπεπτωκέναι,

191 745 292 795 καὶ
317 744 486 797 αὐτὸν
512 747 1000 816 κατατετρωμένον
1020 747 1113 802 καὶ
1136 749 1328 818 αἵματι
1353 751 1781 822 περιρρεόμενον

193 837 466 900 ἐμπεσεῖν
513 839 625 900 τοῖς
680 839 903 903 κόλποις
935 841 1126 909 αὐτῆς.
1170 841 1360 912 Τούτῳ
1401 843 1646 912 μέλλοντι
1681 843 1782 914 τὴν

193 926 384 981 αὔλιον
414 927 654 993 ἐξελθεῖν
678 929 849 1000 θύραν
879 932 1243 1004 ἀπερχομένῳ
1274 933 1367 987 ἐπὶ
1395 934 1455 989 τὸ
1487 935 1782 1007 βούλευτή-

197 1035 319 1086 ριον
350 1019 516 1072 εἰκὼν
546 1020 710 1074 αὐτοῦ
747 1021 841 1074 τοῦ
885 1024 1164 1093 Καίσαρος
1221 1027 1506 1094 ἐφεσνέιζσα
1541 1026 1618 1095 τῷ
1649 1043 1782 1098 προ·

195 1109 354 1177 θύρῳ
378 1110 702 1177 αὐτομάτως
728 1115 1019 1169 κατέπεσε.
1056 1116 1164 1168 Καὶ
1190 1116 1324 1186 πρὸς
1351 1117 1561 1180 τούτοις
1578 1117 1784 1187 χάρτην

193 1198 351 1268 αὖτῷ
389 1217 473 1263 τις
503 1202 806 1255 ἐπιδέδωκε
842 1205 1022 1257 πᾶσαν
1047 1205 1145 1276 τὴν
1175 1207 1290 1259 κατ’
1338 1205 1505 1260 αὑτοῦ
1549 1207 1784 1277 μελετω-

197 1292 375 1360 μένην
397 1293 694 1363 ἐπιϐουλὴν
722 1295 936 1364 ἔχοντα.
973 1299 1084 1351 Καὶ
1123 1298 1352 1369 νομίσας
1403 1297 1531 1354 ἄλλο
1561 1317 1616 1351 τι
1644 1295 1783 1353 εἶναι

194 1385 300 1436 οὐκ
329 1386 603 1455 ἐνέτυχεν,
628 1388 766 1441 ἀλλὰ
783 1388 1029 1454 δεδωκὼς
1051 1391 1222 1461 ἑτέρῳ
1251 1391 1540 1458 φυλάττειν
1570 1393 1782 1462 ἐσφάγη

196 1474 309 1526 ὑπὸ
340 1475 586 1546 Βρούτου
611 1479 705 1531 καὶ
731 1479 938 1532 Κασίου
986 1482 1041 1532 ἐν
1070 1481 1148 1551 τῷ
1173 1480 1560 1554 βουλευτηρίῳ,
1577 1483 1784 1552 χρόνων

198 1567 472 1636 ὑπάρχων
506 1569 614 1632 νς’.
653 1571 1006 1643 κληρονόμον
1035 1573 1090 1626 δέ
1120 1576 1213 1627 καὶ
1238 1574 1390 1628 θετὸν
1422 1576 1536 1627 υίθιν
1567 1574 1785 1628 κατέλι-

198 1675 304 1711 πεν
345 1661 632 1715 Ὀκτάϐιον
682 1664 773 1716 τὸν
807 1665 922 1718 υἱὸν
966 1664 1185 1732 Ἰουλίας
1219 1668 1317 1738 τῆς
1352 1668 1486 1731 ἰδίας
1521 1667 1781 1737 ἀδελφῆς,

198 1743 325 1806 ἔτος
354 1745 560 1810 ἄγοντα
589 1748 684 1811 ις’.

285 1838 574 1904 Ὀκτάϐιος
601 1842 908 1911 Αὔγουστος
933 1848 1168 1918 Καῖσαρ,
1202 1852 1228 1903 ὁ
1260 1852 1478 1921 ἀνεψιὸς

202 1928 560 1984 ἐϐασίλευσεν
583 1934 676 2004 ἐτη
695 1937 801 2000 νς’.
849 1939 966 2006 Ἀφ’
991 1935 1052 1993 οὗ
1077 1940 1375 2010 Δύγυυστοι
1405 1948 1452 1998 οἱ
1499 1949 1782 2017 Ῥωμαίων

203 2021 448 2088 βασιλεῖς
480 2027 575 2078 καὶ
613 2028 641 2079 6
678 2029 784 2097 μὴν
811 2031 1118 2099 Αὔγουστος
1148 2035 1370 2108 ἐκλήθη,
1407 2039 1434 2091 ὅ
1465 2040 1578 2092 ἐστι
1613 2041 1778 2093 Σεϐα-

203 2109 351 2199 στὸς,
381 2111 656 2178 Σεξτίλιος
684 2118 815 2186 πρὶν
857 2121 1279 2193 ὀνομαζόμενος,
1327 2126 1413 2177 Ἐν
1437 2131 1514 2199 τῇ
1544 2130 1698 2182 νυκτὶ
1729 2132 1785 2185 δέ

201 2191 233 2266 ᾖ
269 2199 561 2270 ἐγεννήθη,
591 2199 730 2257 εἶδεν
759 2207 922 2261 αὐτοῦ
955 2213 981 2263 ὁ
1004 2213 1182 2281 πατὴρ
1212 2215 1331 2267 καθ’
1354 2212 1555 2281 ὕπνους
1590 2221 1651 2272 ἐκ
1677 2220 1786 2274 τῶν

201 2287 429 2343 κόλπων
461 2295 560 2362 τῆς
589 2298 844 2363 γυναικὸς
871 2301 1033 2354 αὐτοῦ
1070 2303 1161 2356 τὸν
1192 2305 1346 2374 ἦλιον
1384 2310 1745 2365 ἀνατέλλοντα
1768 2329 1780 2342 ·

200 2379 233 2445 ἠ
270 2379 328 2432 δὲ
360 2383 548 2453 μήτηρ
567 2385 731 2440 αὑτοῦ
755 2385 895 2444 εἶδεν
911 2391 986 2456 ὡς
1013 2394 1081 2447 τὰ
1106 2397 1391 2468 σπλάγχνα
1425 2401 1593 2471 αὐτῆς
1625 2403 1786 2474 ἐξαρ-

201 2471 454 2562 τταγὲντα
485 2476 567 2538 είς
598 2476 689 2531 τὸν
738 2481 964 2551 οὐρανὸν
1019 2487 1332 2559 ἀνεφέρετο.
1370 2492 1478 2545 Καὶ
1509 2494 1590 2547 ὅτι
1628 2471 1785 2562 Νιγί-

199 2559 312 2622 διος
343 2560 639 2636 βουλευτὴς
692 2571 1017 2639 ἀστρολόγος
1077 2573 1244 2644 βραδὺ
1302 2579 1656 2649 προελθόντος
1689 2559 1784 2638 τοῦ

201 2652 417 2722 πατρὸς
473 2655 638 2710 αὐτοῦ
689 2659 938 2732 ἠρώτησε
975 2665 1073 2734 τὴν
1127 2667 1326 2731 αίείαν,
1364 2673 1390 2722 6
1440 2671 1497 2724 δέ
1528 2671 1632 2742 ἔφη
1670 2677 1786 2728 υἱὸν

201 2744 354 2811 altri)
384 2747 657 2816 τετέχθαι,
682 2753 928 2818 κάκεῖνος
963 2759 1278 2829 ἀνεϐόησεν
1317 2764 1377 2814 Ὦ
1408 2764 1458 2816 τί
1488 2767 1782 2837 ὲποίησας;

202 2834 476 2906 δεσπότην
499 2840 638 2908 ἡμῖν
665 2843 978 2916 ἐγέννησας.
1006 2851 1130 2903 ’Ότι
1158 2858 1491 2924 τρεφομένου
1527 2860 1688 2912 αὐτοῦ
1726 2863 1784 2914 ἐν

204 2925 363 2992 ἀγρῷ
397 2930 682 2996 καταπτὰς
713 2935 868 2999 ἀετὸς
890 2938 983 2990 τὸν
1021 2940 1189 3011 ἄρτον
1229 2945 1292 2997 ἐκ
1325 2946 1434 2999 τῶν
1460 2951 1657 3020 χειρῶν
1690 2953 1786 3005 αύ-

205 3015 301 3066 τοῦ
331 3017 611 3086 ἁψείλετο,
648 3025 744 3078 καὶ
784 3028 1096 3090 ἐπανελθὼν
1130 3035 1291 3089 πάλιν
1339 3040 1417 3101 εἰς
1449 3041 1549 3104 τὰς
1598 3047 1785 3116 χεῖρας

207 3107 376 3161 αὑτοῦ
408 3111 596 3165 τοῦτον
629 3119 905 3174 κατέθετο.
935 3124 1057 3178 Ὅτι
1081 3128 1137 3180 ἐν
1165 3130 1351 3185 παισὶν
1381 3133 1545 3186 αὐτοῦ
1567 3135 1784 3190 τελοῦν-

209 3215 296 3261 τος
332 3201 588 3274 Κικέρων
624 3209 786 3262 αύτδν
821 3211 872 3284 [ὁ
930 3214 1240 3292 Ὀκτάϐιος]
1273 3223 1330 3275 ἐν
1364 3225 1592 3296 ὀνείροις
1623 3229 1780 3282 ἐθεά-

208 3307 341 3389 σατο
367 3301 540 3389 χρυσῇ
572 3301 760 3357 ἁλύσει
787 3307 1066 3376 δεδεμένον
1093 3315 1186 3367 καὶ⁷
1212 3315 1450 3385 μάστιγα
1481 3323 1787 3389 κρατοῦντα

206 3385 271 3436 ἐκ
297 3386 394 3438 τοῦ
418 3391 648 3458 ούρανοῦ
681 3396 1015 3469 χαλασθῆναι
1046 3406 1124 3466 είς
1161 3407 1220 3458 τὸ
1265 3409 1636 3466 Καπιτώλιον.
1663 3415 1786 3469 Ὅτι

206 3475 263 3526 ἐν
292 3478 373 3547 τῷ
429 3481 572 3536 τέλει
626 3489 792 3541 αὐτοῦ
827 3495 1090 3562 κεραυνὸς
1137 3500 1217 3561 είς
1270 3501 1365 3569 τὴν
1399 3504 1582 3557 εἰκόνα
1622 3507 1786 3561 αὑτοῦ

207 3569 467 3635 ἐμπεσὼν
485 3576 545 3627 τὸ
568 3577 784 3647 πρῶτον
805 3584 1036 3654 γράμμα
1057 3589 1149 3640 τοῦ
1169 3590 1430 3660 ὀνόματος
1454 3596 1619 3649 αὐτοῦ
1647 3599 1787 3668 ἠφά-

209 3677 373 3726 νισεν,
409 3663 486 3725 ὡς
513 3668 639 3732 τους
670 3672 890 3738 μάντεις
927 3677 1100 3730 εἰπεῖν
1133 3681 1217 3734 ὅτι
1256 3685 1593 3756 τεθνήξεται.
1645 3691 1785 3758 Συγ-

208 3754 443 3817 καὶέσας
471 3759 528 3810 δὲ
555 3762 680 3825 τοὺς
711 3764 1003 3834 βουλευτὰς
1027 3767 1169 3824 εἷπε¹
1200 3775 1438 3846 Πηλίνην
1456 3781 1786 3849 παραλαϐὼν

205 3847 306 3911 τὴν
354 3847 577 3917 Ῥώμην
597 3853 804 3925 λιθίνην
837 3859 965 3928 ύμῖν
1001 3862 1168 3931 αὐτὴν
1205 3867 1572 3922 καταλέλοιπα
1600 3870 1687 3924 διὰ
1728 3873 1785 3925 τὸ

208 3938 400 4008 περιὸν
439 3941 538 4008 τῆς
571 3942 871 4014 δυνάμεως.
914 3950 1002 4003 Ἐν
1025 3952 1100 4021 τῷ
1126 3954 1379 4027 Σεξτιλίῳ
1399 3958 1452 4011 δέ
1480 3962 1608 4029 μηνὶ
1632 3964 1787 4030 γενό-

213 4045 374 4095 μενος
434 4032 642 4098 ὕπατος
683 4039 776 4090 καὶ
815 4041 1018 4105 πολλάς
1043 4045 1198 4109 νίκας
1241 4051 1490 4119 νικήσας,
1527 4055 1582 4104 ἐν
1613 4054 1786 4128 τούτῳ

208 4127 301 4172 καὶ
335 4125 595 4196 τελευτᾷ·
635 4129 714 4182 διὸ
765 4133 856 4185 καὶ
884 4135 1151 4200 Σεξτίλιος
1191 4140 1354 4203 αὐτὸς
1381 4143 1541 4196 πάλιν
1569 4145 1788 4213 ἐλέγετο

203 4213 292 4265 διε
323 4214 383 4268 τὸ
402 4216 490 4269 τὸν
517 4219 788 4285 Σεξτίλιον
812 4224 957 4294 μῆνα
981 4229 1422 4299 ἐπονομασθῆναι
1448 4234 1779 4302 Αύγουστον.

217 4306 502 4372 Ἠγαπᾶτο
532 4311 588 4364 δὲ
620 4314 711 4365 ὑπ’
733 4315 894 4370 αὐτοῦ
919 4319 1204 4390 Μαικήνας
1228 4324 1364 4393 ἀνὴρ
1397 4327 1576 4392 σσςρὸς,
1609 4328 1663 4387 ὃς
1696 4333 1787 4382 καὶ

205 4401 419 4467 πρῶτος
453 4403 520 4455 τὰ
553 4408 752 4474 σημεῖα
781 4409 1032 4478 ἐφεῦρεν.
1070 4413 1168 4476 ’⁷ος
1193 4429 1323 4467 ποτε
1350 4417 1661 4481 δικάζοντος
1689 4420 1783 4473 τοῦ

206 4492 488 4557 Καίσαρος
528 4498 622 4548 καὶ
676 4499 884 4553 πολλῶν
941 4501 1169 4560 θάνατον
1229 4509 1780 4582 καταψηφισαμένου,

209 4585 280 4648 μὴ
312 4585 614 4656 δυνάμενος
659 4588 748 4643 δια
787 4593 847 4644 τὸ
895 4593 1103 4663 πλῆθος
1124 4596 1218 4650 τοῦ
1274 4599 1405 4652 λαοῦ
1429 4639 1476 4655 ..
1500 4642 1512 4656 .

207 4676 474 4746 ἔγραψεν⁸
519 4679 773 4746 Ἀνάστα,
801 4682 982 4753 δήμιε,
1015 4688 1106 4740 καὶ
1138 4692 1524 4761 σημηνάμενος
1563 4695 1787 4766 ἔρριψεν

204 4767 257 4818 ἐν
282 4768 362 4836 τῷ
381 4769 578 4838 κόλπῳ
598 4771 766 4825 αὑτοῦ
790 4787 802 4801 ⁸
826 4774 962 4846 ὅπερ
983 4777 1249 4845 ἀναγνοὺς
1276 4781 1304 4832 6
1323 4783 1540 4853 Καῖσαρ
1560 4786 1784 4858 ἀνέστη,

205 4857 478 4920 κελεύσας
535 4859 774 4930 ἀργῆσαι
829 4863 897 4917 τὰ
944 4867 1200 4935 κριθέντα
1259 4873 1388 4942 παρ’
1445 4873 1631 4929 αὑτοῦ.
1663 4857 1787 4931 Ὅτι

205 4950 347 5002 πάνυ
411 4945 482 5021 ἦν
521 4953 627 5006 τῶν
653 4954 821 5021 φίλων
857 4954 943 5028 [Ρ.
1005 4959 1128 5032 179]
1182 4959 1596 5031 θεραπευτικός.
1629 4967 1786 5033 Τινδς

205 5045 313 5113 γάρ
337 5043 450 5097 τῶν
475 5050 990 5119 συστρατευομένων
1019 5052 1167 5123 αὐτῷ
1192 5053 1474 5122 δεηθέντος
1497 5061 1592 5128 τῆς
1620 5060 1698 5120 είς
1728 5061 1787 5114 τὸ

209 5133 597 5204 βουλευτήριον
645 5138 810 5191 αὐτοῦ
866 5143 1191 5211 παρουσίας,
1259 5147 1430 5198 εἰπεῖν
1465 5148 1626 5201 αὑτὸν
1685 5149 1787 5215 μὲν

206 5225 578 5295 ἀσχολεῖσθαι,
620 5230 908 5300 ἐπιτρέψαι
962 5233 1019 5285 δέ
1055 5251 1158 5287 τινι
1187 5237 1296 5288 τῶν
1331 5237 1500 5305 φίλων
1535 5257 1785 5310 παραγε-

207 5317 394 5369 νέσθαι
425 5317 520 5369 καὶ
543 5319 640 5390 τὴν
679 5320 867 5390 χρείαν
889 5323 1198 5394 πληρῶσαι.
1225 5328 1319 5390 ⁸ος
1344 5328 1618 5397 ὀργισθεὶς
1650 5332 1781 5402 ἔφη’

219 5404 362 5474 Ἐγὼ
401 5407 596 5471 ὁσάκις
653 5409 753 5477 τῆς
810 5411 952 5482 ἐμῆς
1003 5415 1326 5486 ἐπικουρίας
1384 5417 1629 5491 ἐδεήθης,
1685 5423 1785 5474 οὐκ

209 5498 362 5552 ἄλλον
398 5499 518 5553 ἀντ’
549 5500 683 5567 ἐμοῦ
724 5502 964 5573 ἔπεμψα.
1000 5507 1457 5580 Καίὲρυθριάσας
1497 5513 1524 5566 6
1567 5513 1784 5585 Καῖσαρ

209 5592 301 5643 καὶ
331 5591 644 5659 συναπῆλθε
670 5597 760 5647 καὶ
798 5597 1152 5666 συνέπραξεν.

290 5683 413 5734 Ἐπὶ
434 5683 492 5736 δὲ
514 5684 614 5754 τῆς
637 5684 910 5754 βασιλείας
933 5690 1244 5758 Αὐγούστου
1265 5693 1540 5763 Καίσαρος
1570 5696 1782 5766 εἰσῆλθε

216 5773 390 5827 πλοῖον
431 5776 544 5831 ἀπὸ
588 5778 998 5850 Ἀλεξανδρείας
1038 5784 1118 5846 εἰς
1158 5785 1258 5853 τὴν
1288 5784 1496 5858 πόρταν
1539 5788 1782 5860 Ῥώμης,

220 5870 610 5943 ἑτιςερέμενσν
627 5875 772 5927 σίτου
795 5873 990 5945 μοείων
1010 5875 1250 5946 χιλιάδας
1275 5875 1338 5943 ν’,
1372 5877 1635 5944 ἐπιϐάτας
1679 5887 1780 5946 ασ’,

1886 656 2216 712 insomnium
2236 660 2370 715 vidit
2385 660 2606 716 domum
2629 662 2808 716 mariti
2828 663 2913 718 sui
2928 663 3158 719 Caesaris
3181 679 3464 722 corruere.

1887 746 2177 816 ipsumque
2239 751 2427 807 multis
2460 751 2774 809 confectum
2807 753 3126 810 vulneribus
3162 770 3224 811 ac
3268 772 3468 809 eruen-

1888 845 2000 890 tum
2061 840 2116 892 in
2153 855 2314 894 suum
2376 844 2573 898 collabi
2638 845 2931 914 gremium.
2975 846 3038 900 Et
3078 861 3199 900 cum
3243 850 3358 920 ipse
3409 849 3465 902 in

1887 929 2093 983 curiam
2124 931 2301 987 iturus
2325 933 2491 1001 janua
2520 937 2642 990 atrii
2670 936 2868 998 exiret,
2897 937 3076 1005 imago
3104 939 3226 1007 ejus
3259 954 3377 1004 quae
3407 940 3462 992 in

1889 1020 2161 1078 vestibulo
2193 1025 2372 1078 stabat
2409 1036 2603 1096 sponte
2627 1044 2722 1084 sua
2753 1027 2980 1084 decidit.
3005 1027 3276 1083 Praeterea
3302 1029 3464 1084 char-

1889 1119 1999 1164 tam
2058 1113 2107 1166 ei
2161 1114 2384 1183 quidam
2450 1119 2721 1184 exhibuit,
2768 1121 2958 1190 inqua
3003 1137 3194 1176 omnes
3232 1139 3353 1190 (ιηιὲ
3413 1124 3464 1176 ei

1887 1203 2228 1273 parabantur
2251 1217 2408 1263 erant
2456 1210 2990 1279 indicatreinsidize;
3045 1231 3206 1282 quam
3242 1215 3333 1268 ille
3391 1215 3462 1269 de

1887 1296 1992 1350 alia
2028 1313 2086 1352 re
2113 1299 2437 1357 existimans
2464 1317 2587 1358 esse
2615 1319 2724 1358 non
2753 1303 2902 1374 legit,
2959 1307 3050 1359 sed
3087 1307 3177 1361 alii
3226 1323 3451 1363 servan-

1888 1387 2010 1440 dam
2040 1388 2209 1443 dedit.
2240 1389 2362 1460 Ipse
2399 1393 2451 1445 in
2521 1395 2680 1448 curia
2715 1406 2799 1450 est
2853 1411 2884 1449 a
2952 1395 3118 1451 Bruto
3149 1407 3206 1453 et
3271 1399 3466 1454 Cassio
3520 1461 3523 1463 ς

1896 1478 2135 1542 occisus,
2195 1496 2371 1536 annos
2404 1495 2570 1538 natus
2609 1485 2697 1539 5‘6.
2756 1486 3051 1556 Adoptavit
3101 1496 3154 1544 et
3209 1488 3464 1545 heredem

1889 1569 2173 1622 constituit
2242 1572 2550 1637 Octavium,
2621 1575 2790 1630 lilium
2847 1577 3004 1633 Julia:
3065 1581 3271 1635 sororis
3328 1596 3464 1643 suae,

1889 1674 2092 1714 annum
2127 1671 2373 1733 agentem
2427 1667 2512 1720 16.

1538 1857 1780 1924 Ἰουλίας,
1817 1900 1860 1960 Β
1959 1865 2214 1923 Octavius
2251 1871 2526 1939 Augustus
2557 1873 2763 1942 Caesar,
2789 1893 2975 1931 sorore
3007 1876 3146 1932 Julia
3171 1889 3350 1945 natus,
3371 1896 3472 1934 an-

1887 1974 1987 2014 nos
2027 1963 2268 2031 regnarit
2299 1963 2384 2016 56.
2415 1964 2492 2018 Ab
2527 1969 2628 2018 hoc
2659 1965 3026 2022 Romanorum
3049 1971 3208 2040 301
3238 1987 3389 2041 reges
3412 1983 3466 2026 et

1889 2053 2092 2106 mensis
2124 2051 2342 2108 Sextilis
2371 2056 2600 2126 Augusti
2643 2072 2838 2111 nomen
2873 2060 3092 2113 habent.
3127 2060 3247 2126 Qua
3309 2073 3466 2116 ttOctc

1889 2155 2050 2200 natus
2101 2158 2206 2210 est,
2259 2160 2408 2215 pater
2460 2150 2731 2206 insomnis
2796 2153 3053 2220 Opillnlus
3105 2161 3288 2209 estex
3341 2156 3462 2232 sinu

1891 2237 2078 2291 uxoris
2108 2254 2218 2292 sua!
2247 2243 2416 2293 solem
2449 2242 2605 2307 oriri,
2633 2255 2803 2298 mater
2833 2254 3013 2298 autem
3059 2246 3354 2323 imaginata
3383 2258 3466 2300 est

1889 2330 2094 2384 viscera
2128 2345 2226 2382 sua
2259 2331 2359 2385 sibi
2396 2341 2642 2387 extracta
2679 2334 2732 2387 in
2765 2337 2964 2388 emtum
3028 2336 3176 2391 ferri.
3216 2337 3464 2407 Nigidius

1891 2430 2117 2475 senator
2149 2424 2462 2494 astrologus
2514 2435 2722 2494 patrem
2780 2429 2901 2496 ejus
2957 2429 3310 2494 interrogavit
3366 2443 3467 2484 cur

1888 2522 1996 2566 tam
2031 2515 2184 2568 tarde
2211 2516 2375 2568 domo
2408 2517 2723 2586 prodiisset,
2753 2534 2988 2591 cumque
3019 2522 3066 2574 is
3098 2521 3457 2588 responderet

1888 2605 2057 2658 ﬁlium
2115 2607 2217 2660 sibi
2274 2618 2457 2662 uatum
2496 2613 2636 2673 "esse,
2695 2611 3020 2665 exclamavit
3084 2612 3458 2682 Nigidiuszo

1889 2698 2018 2766 quid
2048 2699 2258 2768 egisti?
2289 2699 2575 2756 dominum
2634 2703 2796 2758 nobis
2849 2705 3106 2773 genuisti.
3172 2705 3304 2759 Cum
3341 2721 3468 2759 rure

1889 2801 2073 2860 ageret
2107 2789 2391 2856 Octavius,
2423 2794 2603 2862 aquila
2653 2795 2919 2849 devolans
2952 2810 3142 2865 panem
3176 2798 3222 2850 ei
3258 2797 3326 2851 de
3351 2814 3466 2852 ina-

1891 2883 2052 2935 nibus
2083 2885 2282 2951 rapuit,
2318 2899 2382 2938 ac
2432 2899 2654 2940 reversa
2711 2903 2834 2941 eum
2901 2903 3096 2942 rursus
3167 2888 3218 2940 in
3271 2904 3467 2944 manus

1891 2973 2164 3041 deposuit.
2199 2975 2335 3027 Cum
2369 2974 2548 3030 adhuc
2605 2991 2742 3044 puer
2796 2986 2962 3042 esset,
2996 2979 3193 3032 Cicero
3227 2993 3323 3057 per
3381 2979 3467 3033 in-

1891 3064 2167 3119 somnium
2211 3064 2346 3120 vidit
2406 3081 2530 3121 cum
2604 3065 2875 3138 ﬂagellum
2925 3077 3199 3125 tenentem
3258 3087 3288 3125 e
3325 3073 3468 3125 caelo

1889 3172 2052 3211 aurea
2095 3167 2287 3211 eatena
2321 3159 2376 3211 in
2405 3160 2735 3229 Capitolium
2791 3161 3024 3217 demitti.
3087 3161 3201 3217 Sub
3257 3164 3463 3218 exitum

1813 3257 1858 3316 α
1891 3249 2010 3318 ejus
2045 3248 2270 3304 fulmine
2301 3259 2446 3304 taeta
2477 3260 2564 3306 est
2594 3251 2769 3322 ipsius
2792 3251 2970 3323 imago
2998 3263 3052 3308 et
3083 3254 3258 3324 prima
3286 3256 3466 3309 nomi-

1893 3343 1980 3396 nis
2027 3342 2206 3397 littera
2237 3342 2441 3397 abolila
2471 3359 2484 3397 :
2520 3343 2646 3398 inde
2679 3344 2835 3398 arioli
2897 3348 3326 3413 pronuntiarunt
3355 3362 3466 3401 non

1895 3433 2068 3486 multo
2092 3441 2218 3502 post
2247 3434 2600 3490 moriturum.
2625 3435 2947 3491 Convocato
2992 3445 3182 3492 senatu
3240 3436 3378 3492 dixit
3408 3452 3468 3493 se

1894 3525 2122 3584 Romam
2150 3541 2214 3580 ex
2240 3527 2358 3581 luto
2396 3528 2674 3583 conditam
2730 3530 3034 3598 accepisse,
3057 3540 3315 3584 caeterum
3346 3545 3468 3586 eam

1894 3618 2030 3686 ipsis
2061 3618 2330 3687 lapideam
2360 3620 2692 3689 relinquere,
2740 3621 2996 3689 potentia:
3033 3621 3464 3692 magnitudinem

1892 3709 2148 3763 inuueus.
2209 3709 2398 3764 Sextili
2453 3725 2642 3766 mense
2691 3711 2882 3767 consul
2935 3720 3176 3776 creatus,
3231 3713 3469 3768 diversis

1891 3801 2051 3854 annis
2109 3800 2300 3855 eodem
2353 3817 2540 3857 mense
2607 3805 2808 3860 multas
2887 3804 3144 3860 victorias
3201 3804 3464 3868 obtinuit.

1888 3891 2187 3960 eodemque
2213 3904 2462 3948 mortuus
2490 3902 2607 3957 est;
2652 3896 2838 3964 itaque
2863 3897 2912 3951 ei
2942 3897 3117 3950 mensi
3149 3906 3233 3951 est
3265 3911 3464 3951 nomen

1889 3986 2120 4056 Augusti
2155 3985 2497 4054 impositum.
2529 3986 2744 4042 Charus
2801 3989 2848 4042 ei
2909 3989 3009 4042 fuit
3061 3989 3352 4054 Maecenas,
3378 3991 3465 4044 vir

1890 4079 2110 4146 sapiens
2143 4096 2157 4145 ;
2191 4080 2283 4148 qui
2312 4088 2364 4134 et
2387 4079 2597 4149 primus
2618 4082 2887 4136 rationem
2913 4097 3007 4152 per
3031 4091 3187 4138 notas
3215 4084 3464 4138 scriben-

1889 4170 1941 4224 di
1978 4168 2198 4238 reperit.
2234 4169 2305 4235 Is,
2341 4185 2464 4225 eum
2509 4173 2744 4241 quodam
2801 4171 2888 4226 die
2916 4171 3100 4228 Ca’sar
3129 4173 3220 4242 jus
3254 4175 3464 4228 dieeret

1888 4263 2196 4332 multosque
2217 4261 2392 4331 capite
2423 4261 2729 4329 damnaret,
2763 4281 2938 4334 neque
2965 4265 3080 4334 ipse
3103 4267 3170 4320 ad
3198 4282 3321 4320 eum
3353 4281 3464 4336 prae

1889 4353 2047 4407 turba
2079 4353 2359 4407 hominum
2385 4355 2642 4410 accedere
2673 4363 2876 4424 posset,
2913 4356 2964 4409 in
2999 4356 3198 4411 sclieda
3220 4357 3462 4427 scripsit,

1891 4444 2064 4513 Surge
2117 4442 2592 4515 carnifex,302
2627 4460 2855 4514 eamque
2909 4445 3174 4517 signatam
3232 4447 3287 4501 in
3345 4461 3466 4515 gre-

1893 4537 2058 4590 mium
2076 4533 2195 4601 ejus
2225 4533 2483 4604 conjeeit.
2513 4535 2588 4589 Ea
2616 4537 2758 4592 lecta
2783 4536 2964 4592 Caesar
2991 4538 3253 4601 surrexit,
3270 4538 3466 4608 jussit-

1538 4603 1782 4698 -_3‘5i?5v
1821 4632 1866 4688 1)
1895 4643 1998 4698 que
2028 4628 2418 4684 sententiarum
2443 4630 2674 4684 latarum
2703 4646 2731 4684 a
2759 4646 2818 4687 se
2841 4631 3254 4686 exsecutionem
3281 4628 3465 4685 dill‘er-

1895 4719 1958 4773 ri.
1994 4717 2123 4772 Erat
2167 4727 2343 4775 autem
2374 4720 2429 4774 in
2457 4721 2664 4777 amicos
2691 4722 2982 4777 admodum
2997 4721 3293 4778 olIiciosus.
3326 4721 3460 4776 Cum

1890 4811 2112 4882 quidam
2139 4812 2299 4883 cujus
2324 4813 2533 4868 militiae.
2561 4824 2678 4871 erat
2700 4815 2890 4870 Caesar
2921 4829 3056 4870 usus
3087 4829 3275 4884 opera,
3307 4813 3375 4869 ab
3399 4827 3465 4869 eo

1892 4911 2104 4974 peteret
2135 4912 2196 4958 ut
2238 4904 2322 4960 sui
2364 4905 2419 4958 in
2455 4906 2692 4975 quadam
2755 4923 2814 4961 re
2897 4907 3125 4974 juvandi
3179 4906 3351 4976 gratia
3412 4905 3463 4959 iu

1891 4996 2100 5049 curiam
2129 4995 2364 5061 veniret,
2392 4995 2685 5067 Caesarque
2709 5013 2767 5053 se
2795 5007 3126 5069 occupatum
3159 5012 3304 5058 esse,
3367 4996 3462 5051 sed

1891 5085 2064 5142 misso
2116 5086 2290 5140 amico
2345 5087 2465 5157 ejus
2519 5089 2834 5144 necessitati
2895 5089 3330 5144 subscrviturum
3380 5100 3466 5142 rc-

1890 5175 2200 5244 sponderet,
2231 5190 2564 5232 succensens
2591 5179 2748 5244 alter,
2771 5177 2901 5248 Ego,
2933 5178 3132 5246 inquit,
3157 5176 3370 5246 quoties
3405 5183 3464 5229 tu

1890 5267 2150 5321 auxilium
2205 5283 2384 5322 meum
2419 5269 2759 5339 requirebas,
2799 5287 2912 5324 non
2974 5271 3144 5323 alium
3183 5285 3302 5322 meo
3343 5269 3464 5321 loco

1892 5359 2038 5412 misi.
2081 5357 2158 5410 Ita
2183 5356 2369 5414 Caesar
2405 5359 2731 5415 verecundia
2769 5370 2948 5417 motus
2979 5377 3081 5415 una
3117 5360 3272 5422 abiit,
3305 5359 3464 5428 eique

1890 5445 1944 5502 in
1974 5461 2140 5502 causa
2168 5463 2268 5504 sua
2329 5449 2535 5520 agenda
2592 5451 2790 5505 adfuit.

1959 5704 2208 5771 Augusto
2235 5700 2536 5771 imperante
2560 5703 2715 5758 navis
2750 5704 3122 5758 Alexandrina
3161 5704 3211 5756 in
3239 5713 3456 5773 portum

1889 5796 2071 5849 Roma:
2101 5793 2856 5867 estadvecta,quadriugenta
2875 5795 3177 5849 modiorum
3205 5795 3469 5851 frumenti

1890 5885 2057 5941 millia
2087 5884 2340 5950 efferens,
2378 5886 2693 5944 classiarios
2751 5886 2910 5954 l‘200,
2953 5894 3150 5941 nautas
3187 5885 3313 5950 ς200,
3349 5897 3463 5940 tum
