4214 6448
204 418 316 483 341

1311 422 1857 482 HISTORIARUM
1898 423 2049 483 COM
2060 425 2199 484 PEN
2210 428 2285 485 Dl
2298 428 2406 491 UM
2417 474 2429 487 .

3370 436 3477 500 342

210 526 526 599 μηχανικοῦ
555 527 649 581 τοῦ
695 526 858 596 ἔργου
907 528 1344 600 προηγουμένου,
1377 530 1792 595 συντελέσαντες

1901 532 2045 597 dine,
2112 535 2323 606 ingesta
2387 540 2614 593 materia
2677 541 2924 607 siccavit,
2987 545 3223 616 fecitque
3260 555 3315 601 ut
3355 557 3472 605 tau-

206 624 443 689 ἤπειρον
470 623 565 674 καὶ
595 619 756 690 βατὸν
791 619 928 675 εἶναι
969 621 1402 692 παρεσκεύασαν
1436 620 1639 682 ἄϐατον
1663 622 1791 675 ὄντα

207 712 269 764 τὸ
294 712 591 783 πρὸτερον,
622 712 715 765 καὶ
747 710 1045 775 ἀκωλύτως
1092 712 1294 779 ἐξεῖναι
1329 712 1465 783 πρὸς
1491 713 1589 784 τὴν
1618 714 1795 785 Φάρον

206 810 538 863 διαϐαίνειν.

278 902 491 955 Τούτου
522 902 601 972 τῷ
625 902 685 956 ιδ’
710 902 844 969 ἔτει,
866 902 1176 971 Αὐγούστου
1196 903 1251 957 δὲ
1276 904 1554 977 Καίσαρος
1578 904 1663 975 μβ⁹
1688 905 1796 956 ἔτει

206 996 309 1063 τῆς
330 995 635 1064 μοναρχίας
652 994 841 1059 αὐτοῦ,
878 995 1122 1048 τίκτεται
1148 996 1386 1065 Χριστὸς
1415 1000 1432 1057 ζ
1463 998 1593 1061 Θεὸς
1612 999 1791 1068 ἡμῶν.

210 1088 375 1149 Ἔτος
406 1086 567 1140 τοῦτο
597 1088 823 1151 κτίσεως
858 1087 1064 1156 κόσμου
1089 1088 1230 1142 κατὰ
1263 1089 1364 1151 τὰς
1397 1089 1795 1162 ἀκριϐεστέρας

204 1178 540 1247 ἀναγραφὰς
571 1177 729 1249 ,εφςᾌ
758 1181 889 1248 μηνὶ
912 1180 1235 1252 Δεκεμϐρίῳ
1262 1179 1360 1247 κε’,
1386 1183 1570 1252 ἡμέρα
1599 1180 1661 1235 δ’.
1683 1184 1797 1235 Κύ-

210 1272 341 1334 κλος
379 1271 534 1340 ἡλίου
562 1270 1055 1335 ὀκτωκαιδέκατος,
1093 1272 1188 1324 καὶ
1221 1272 1453 1343 σελήνης
1479 1271 1677 1335 κύκλος
1714 1272 1793 1327 ιε’.

210 1360 352 1417 Εἶτα
391 1364 600 1432 γνῶναι
626 1363 723 1434 τὴν
752 1364 966 1435 ἡμέραν
998 1364 1316 1435 βουλόμενοι
1346 1365 1466 1419 καθ’
1511 1367 1577 1434 ἢν
1604 1364 1795 1435 ἐτέχθη

208 1456 452 1525 Χριστὸς
475 1458 504 1507 6
532 1456 781 1526 ἀληθινὸς
802 1456 935 1519 Θεὸς
958 1457 1135 1526 ἡμῶν,
1186 1456 1408 1525 τίθεμεν
1440 1455 1538 1517 τὰς
1568 1457 1706 1509 κατὰ
1737 1457 1797 1509 τὸ

211 1549 395 1617 παρὸν
422 1548 541 1611 ἔτος
564 1548 607 1599 δ’
641 1548 886 1609 ὲπακτὰς
920 1548 1014 1601 τοῦ
1046 1548 1222 1617 ἡλίου,
1251 1550 1346 1601 καὶ
1378 1548 1602 1611 ταύταις
1629 1565 1796 1616 προσ-

211 1638 439 1707 τίθεμεν
472 1640 571 1699 τὰς
606 1640 713 1691 ἀπὸ
740 1640 916 1709 ἀρχῆς
964 1639 1060 1692 τοῦ
1098 1638 1316 1709 πρώτου
1352 1638 1521 1709 μηνὸς
1562 1642 1794 1710 ἡμέρας,

223 1728 544 1796 Ἀπριλλίου
576 1730 639 1795 λ’,
674 1732 854 1785 Μαΐου
887 1731 987 1798 λα’,
1029 1733 1247 1786 Ἰουνίου
1283 1732 1351 1799 λ’,
1424 1733 1643 1786 Ἰουλίου
1694 1732 1794 1797 λα’,

211 1820 535 1886 Αὐγούστου
595 1822 696 1887 λα’,
757 1823 1135 1895 Σεπτεμϐρίου
1195 1825 1260 1891 λ’,
1335 1826 1664 1897 Ὀκτωϐρίου
1696 1827 1795 1891 λα’,

1897 642 2059 697 quam
2088 644 2183 697 per
2224 630 2595 686 continentem
2631 632 2767 687 liber
2795 644 2941 690 esset
2971 652 3033 692 ex
3064 640 3197 694 urbe
3227 640 3462 696 Pharum

1897 718 2100 772 aditus.

1971 902 2143 973 Hujus
2186 903 2491 972 Cleopatrae
2520 906 2735 961 decimo
2766 914 2985 976 quarto,
3024 906 3248 976 Augusti
3290 919 3471 963 autem

1897 997 2131 1051 Caesaris
2172 999 2322 1066 regni
2354 996 2426 1049 ιε
2465 1012 2629 1063 anno,
2681 1000 2935 1053 Christus
2978 997 3239 1055 Dominus
3289 1013 3474 1059 noster

1900 1094 2062 1139 natus
2087 1094 2169 1140 est
2202 1084 2328 1155 (fuit
2360 1084 2406 1139 is
2438 1099 2618 1140 annus
2656 1087 2870 1149 mundi.
2917 1089 3221 1143 secundum
3260 1106 3479 1150 accuray

1899 1179 2069 1231 tiores
2112 1178 2361 1241 annales,
2398 1176 2560 1246 5506)
2616 1178 2822 1233 mensis
2862 1177 3183 1236 Decembris
3250 1181 3337 1237 die
3379 1182 3472 1246 25,

1900 1270 2031 1322 furia
2072 1278 2289 1338 quarta,
2327 1270 2529 1341 Cyclus
2570 1270 2702 1326 solis
2744 1280 2862 1327 erat
2901 1272 2986 1335 18,
3030 1273 3171 1329 luna:
3207 1276 3295 1331 l5.
3336 1276 3474 1331 Cum

1900 1378 2032 1431 ergo
2060 1362 2204 1416 diem
2242 1363 2494 1418 volumus
2547 1366 2834 1435 explorare
2868 1379 2974 1435 qua
3008 1365 3263 1421 Christus
3312 1383 3476 1421 verus

1900 1462 2085 1506 noster
2123 1452 2262 1507 Deus
2286 1462 2446 1510 natus
2482 1462 2588 1520 est,
2613 1456 2743 1509 anni
2770 1456 3055 1524 praesentis
3084 1466 3319 1525 quatuor
3342 1457 3477 1511 solis

1898 1553 2120 1610 epactas
2158 1545 2432 1613 ponimus,
2474 1546 2653 1616 iisque
2684 1545 2937 1601 addimus
2968 1547 3085 1601 dies
3115 1563 3234 1617 qua:
3257 1558 3381 1602 sunt
3408 1549 3478 1601 ab

1902 1638 2055 1691 initio
2086 1637 2243 1707 primi
2282 1638 2511 1703 mensis,
2535 1639 2694 1709 305
2735 1654 2930 1709 nempe
2964 1640 3164 1709 Aprilis
3212 1641 3303 1703 50,
3354 1637 3479 1692 Maii

1900 1729 1989 1789 5i,
2021 1726 2170 1782 Junii
2203 1728 2293 1791 30,
2320 1729 2449 1783 Julii
2483 1730 2572 1795 3|,
2607 1730 2834 1798 Augusti
2865 1731 2956 1796 51,
3001 1731 3346 1799 Septembris
3386 1730 3477 1793 50,

1902 1820 2152 1873 Octobris
2178 1820 2267 1882 3|,
2297 1820 2620 1875 Novembris
2638 1821 2728 1886 30,
2755 1821 3069 1875 Decembris
3099 1820 3189 1877 25.
3228 1822 3476 1885 Summa,

207 1884 528 1984 Νοεμϐρίου
565 1914 629 1979 λ’,
662 1884 1030 1985 Ᾰεκεμϐρίὸω
1059 1916 1159 1981 κε’,
1191 1884 1329 1986 ὁμοῦ
1383 1923 1525 1985 aka'.
1549 1884 1559 1897 Ι
1581 1884 1797 1981 Ταύτας

1905 1912 2022 1965 dies
2051 1910 2178 1965 29].
2225 1911 2379 1967 lianc
2421 1930 2518 1982 per
2566 1884 2773 1983 septem
2811 1912 2991 1967 divide
3023 1914 3134 1969 ita:
3171 1914 3370 1983 septies
3412 1884 3481 1967 60

209 2006 379 2073 ὕφελε
417 2009 510 2059 ἐπὶ
554 2007 661 2061 τῶν
693 2009 835 2060 ἑπτὰ
862 2008 1069 2071 οὕτως’
1120 2010 1350 2074 ἑπτάκις
1379 2018 1429 2080 μ’
1464 2010 1549 2063 σπ¹
1576 2026 1587 2039 ·
1622 2019 1687 2065 ια’
1721 2010 1762 2075 ζ’
1784 2029 1797 2042 ·

205 2099 395 2152 λοιπαὶ
415 2101 478 2153 δ’.
503 2100 789 2169 Ἐγνωμεν
812 2097 906 2155 οὖν
936 2102 1012 2163 ὡς
1037 2103 1157 2155 καθ’
1182 2104 1248 2173 ἣν
1280 2105 1494 2173 ἡμέραν
1513 2102 1803 2173 ἐδημιούρ-

203 2209 346 2259 γησε
385 2194 513 2253 τοὺς
543 2194 861 2263 φωστῆρας,
909 2195 1032 2247 κατ’
1058 2196 1229 2265 αὐτὴν
1274 2194 1467 2266 ἐτέχθη
1501 2196 1735 2266 Χριστὸς
1774 2196 1802 2246 ὁ

202 2283 469 2354 ἀληθινὸς
488 2284 621 2348 Θεὸς
643 2285 801 2356 ἡμῶν
820 2286 895 2351 ὡς
929 2288 1190 2358 ὑπάρχων
1220 2287 1412 2351 Ἥλιος
1432 2288 1798 2357 δ.καιοσύνης.

276 2467 374 2537 Τῷ
432 2466 493 2520 ιε’
542 2468 659 2521 ἔτει
693 2469 949 2540 Τιϐερίου
997 2471 1277 2541 Καίσαρος
1338 2471 1663 2539 βαπτίζεται
1699 2474 1804 2525 ὑπ’)

215 2559 497 2621 Ἰωάννου,
522 2559 816 2613 ίνδικτιῶνι
840 2560 1053 2632 πρώτῃ,
1083 2565 1139 2615 ὲν
1162 2562 1237 2630 τῷ
1280 2561 1521 2633 Ἰορδάνῃ
1547 2566 1798 2632 ποταμῷ,

200 2654 267 2719 τῇ
306 2657 376 2715 ιγ’
409 2652 593 2720 ἡμέρα
620 2652 714 2703 τοῦ
751 2652 829 2703 λα’
858 2652 1011 2715 ἔτους
1033 2652 1221 2718 αὐτοῦ,
1256 2652 1308 2717 ς’
1341 2653 1433 2705 τοῦ
1470 2654 1801 2722 Ίανουαρίου

207 2741 403 2811 μηνός.
462 2743 552 2793 Ἐν
593 2743 669 2810 τῷ
705 2743 844 2813 ,εφςέ
868 2744 980 2797 ἔτει
1012 2746 1192 2797 τοίνυν
1216 2744 1315 2813 τῆς
1344 2744 1435 2797 τοῦ
1468 2746 1673 2813 κόσμου
1711 2762 1801 2807 γε·

203 2833 413 2897 νέσεως
450 2834 713 2903 ἐγεννήθη
776 2836 1008 2905 Χριστὸς
1051 2837 1079 2887 ὀ
1133 2836 1265 2900 Θεὸς
1312 2838 1488 2905 ἡμῶν.
1533 2838 1698 2889 Ἑνδὲ
1732 2838 1803 2905 τῷ

206 2926 443 2994 παρόντι
466 2925 642 2992 ,εφλς’
666 2928 773 2978 ἔτει
794 2926 1122 2995 ἐϐαπτίσθη,
1149 2929 1331 2990 καθὼς
1359 2929 1624 2980 λέλεκται.
1649 2930 1803 2980 Μετὰ

1907 2011 2033 2056 sunt
2054 2002 2178 2057 280.
2208 2002 2332 2058 llaec
2350 2004 2413 2057 de
2444 2019 2655 2057 summa
2686 2004 2859 2067 aufer,
2893 2011 3101 2057 restant
3126 2002 3311 2057 H.1lb
3340 2003 3426 2059 bis
3451 2003 3481 2055 7

1906 2098 2155 2165 detrahe,
2208 2098 2574 2153 remanebunt
2607 2100 2659 2152 J.
2711 2099 2787 2152 lta
2822 2116 2955 2168 ergo
2988 2098 3489 2173 deprehendimus,

1904 2208 2011 2261 qua
2060 2190 2148 2245 die
2172 2192 2461 2245 luminaria
2496 2192 2795 2247 fabricatus
2830 2192 3025 2255 fuerat,
3064 2189 3255 2244 eadem
3300 2201 3356 2245 et
3384 2206 3482 2245 na-

1906 2294 2018 2337 tum
2040 2282 2207 2337 fuisse
2228 2284 2735 2348 Christum,verum
2770 2283 2937 2335 Deum
2972 2291 3244 2347 nostrum,
3279 2283 3373 2352 qui
3397 2294 3483 2338 est

1908 2375 2001 2429 Sul
2022 2376 2275 2443 justitize.

1979 2467 2135 2520 Anno
2180 2465 2383 2520 Tiberii
2412 2465 2645 2521 Caesaris
2698 2466 2783 2529 15,
2821 2465 3121 2519 indictione
3171 2466 3371 2535 prima,
3413 2466 3481 2519 ab

1905 2557 2114 2613 Joanne
2146 2562 2457 2630 baptizatus
2510 2568 2595 2613 est
2647 2562 2699 2611 in
2758 2574 2920 2612 amne
2975 2557 3236 2622 Jordaue,
3294 2560 3359 2612 l5
3393 2559 3482 2613 die

1906 2653 2035 2705 auiti
2083 2653 2262 2707 aetatis
2316 2667 2429 2705 suae
2476 2652 2567 2711 5|,
2628 2661 2781 2704 sexta
2819 2651 2904 2704 die
2943 2650 3193 2704 Januarii
3256 2650 3477 2704 mensis.

1906 2743 2143 2797 Proinde
2192 2744 2447 2797 Christus
2482 2743 2624 2797 Deus
2665 2750 2848 2795 noster
2897 2750 3061 2797 natus
3105 2749 3191 2796 est
3227 2756 3371 2795 anno
3414 2742 3483 2795 ab

1904 2836 2127 2889 exordio
2160 2833 2347 2888 mundi
2379 2835 2543 2897 5506,
2578 2835 2885 2903 baptizatus
2932 2849 3076 2889 anno
3128 2834 3290 2889 5556.
3343 2834 3480 2889 Cum

1902 2936 1958 2979 et
1985 2925 2277 2979 universus
2318 2924 2554 2992 populus
2608 2934 2755 2978 esset
2818 2924 3149 2991 baptizatus,
3214 2938 3268 2977 ut
3310 2937 3483 2977 sacra:

205 3018 259 3069 δὲ
294 3017 357 3069 τὸ
395 3016 759 3086 βαπτισθῆναι
791 3020 1010 3073 ἅπαντα
1034 3019 1125 3080 τὸν
1154 3019 1300 3085 λαὸν,
1396 3036 1535 3089 φησι
1591 3039 1657 3071 τα
1683 3019 1797 3087 ιερὰ

1906 3016 2126 3069 Littera:
2178 3014 2424 3077 tradunt,
2458 3024 2510 3069 et
2548 3014 2710 3069 Jesus
2774 3014 3087 3083 baptizatus
3143 3023 3478 3084 precaretur,

220 3112 416 3177 Λόγια,
448 3112 543 3163 καὶ
580 3111 756 3177 Ἰησοῦ
809 3110 1201 3177 βαπτισθέντος
1233 3114 1327 3164 καὶ
1358 3112 1797 3180 προσευχομένου

1903 3109 2027 3162 coeli
2056 3107 2226 3177 aperti
2267 3114 2419 3171 sunt,
2454 3121 2517 3160 ac
2541 3114 2767 3159 sanctus
2798 3106 3037 3175 Spiritus
3081 3105 3252 3158 forma
3290 3117 3482 3173 corpo-

208 3198 429 3264 ἐγένετο
457 3196 802 3266 ἀνεῳχθῆναι
848 3198 942 3251 τὸν
970 3197 1222 3267 οὐρανὸν,
1272 3199 1366 3249 καὶ
1412 3200 1713 3266 καταϐηναι
1741 3198 1797 3249 τὸ

1908 3215 1999 3254 rea
2029 3211 2289 3267 tanquam
2347 3197 2606 3252 columba
2644 3212 2810 3265 supra
2845 3199 3021 3265 ipsum
3048 3212 3107 3249 se
3150 3195 3354 3251 dimisit
3384 3206 3399 3252 :
3429 3204 3483 3248 et

210 3287 441 3355 Πνεῦμα
477 3288 536 3341 τὸ
568 3289 726 3355 ἅγιον
783 3287 1085 3357 σωματικῷ
1115 3288 1242 3340 εἴδει
1288 3288 1420 3339 ὡσεὶ
1468 3287 1796 3357 περιστερὰν

1901 3306 2004 3343 vox
2035 3288 2101 3344 de
2118 3291 2257 3344 coelo
2285 3291 2412 3343 talis
2447 3288 2631 3343 audita
2664 3299 2745 3342 est
2780 3308 2797 3339 ι
2821 3285 2898 3340 Tu
2933 3304 2991 3343 es
3027 3287 3196 3342 Filius
3225 3302 3379 3341 meus
3399 3286 3483 3341 di-

212 3384 298 3435 ἐπ’
328 3381 520 3445 αὐτὸν,
558 3381 653 3432 καὶ
685 3381 868 3449 φωνὴν
892 3380 949 3444 ἐξ
973 3379 1203 3450 ούρανοῦ
1228 3380 1481 3445 γενέσθαι
1512 3380 1793 3444 λέγουσαν·

219 3494 236 3523 ι
284 3475 358 3525 Σὺ
395 3468 449 3524 εἴ
484 3476 512 3524 6
541 3471 667 3534 Υἱός
705 3490 805 3539 μου
832 3474 859 3524 6
892 3472 1175 3539 ἀγαπητός
1197 3488 1209 3501 ι
1245 3474 1299 3523 ὲν
1329 3472 1410 3522 σοὶ
1446 3470 1740 3539 ηὐδόκησα.
1774 3489 1792 3520 ι

212 3564 344 3617 Εἶτα
378 3562 587 3630 γνῶναι
638 3562 951 3630 βουλόμενοι
987 3562 1083 3613 καὶ
1128 3560 1256 3613 ποία
1282 3555 1350 3629 ἦν
1382 3560 1478 3628 τῆς
1509 3558 1799 3626 ἑϐδομάδος

212 3655 396 3722 ἡμέρα
428 3654 515 3704 ὅτε
542 3653 568 3702 6
610 3652 813 3719 Κύριος
838 3649 1163 3719 ἐϐαπτίσθη,
1200 3650 1423 3719 τίθεμεν
1464 3646 1550 3721 [Ρ.
1580 3648 1704 3718 174]
1736 3650 1799 3701 τὰ

216 3748 384 3812 ,s;2-.g'
438 3744 557 3814 ἐτη.
615 3742 838 3805 Τούτοις
874 3741 1242 3811 προστίθεμεν
1291 3742 1352 3795 τὸ
1388 3742 1667 3812 τέταρτον,
1708 3742 1799 3793 καὶ

214 3840 455 3905 τίκονιται
500 3834 676 3907 ,ςὲκῖ
702 3835 887 3886 Ταῦτα
919 3834 1213 3901 ύφείλομεν
1244 3834 1393 3903 παρὰ
1418 3832 1479 3885 τὸ
1505 3834 1687 3895 έπτάῐ,
1715 3834 1805 3886 λέ-

214 3942 424 3995 γοντες·
455 3927 617 3980 Emi?
638 3928 694 3992 ξδ’
725 3932 846 3991 ,ςτ’,
877 3926 1040 3978 ἑπτάῖ
1062 3922 1111 3977 π’
1148 3924 1251 3993 φξ’,
1285 3924 1445 3978 έπτάἴ
1460 3923 1508 3995 η’
1539 3925 1646 3991 νς’.
1674 3929 1797 3979 Λοι-

221 4024 313 4071 πσίι
358 4018 400 4071 δ’
428 4018 688 4070 ἐπακταί,
729 4016 969 4078 Ταύταις
993 4018 1383 4087 προσάπτομεν
1424 4019 1525 4080 τὰς
1564 4019 1673 4071 ἀπὸ
1705 4018 1799 4072 τοῦ

217 4109 437 4174 πρώτου
483 4108 655 4177 μηνὸς
691 4105 905 4175 ἡμέρας
943 4106 1047 4191 ἕως
1077 4106 1245 4173 αὐτῆς
1279 4106 1376 4175 τῆς
1408 4106 1618 4176 ἡμέρας
1653 4109 1709 4160 ἐν

214 4204 239 4250 ὁ
276 4198 483 4266 Κύριος
506 4196 831 4263 ἐϐαπτίσθη.
857 4195 1043 4256 Οὕτως
1064 4195 1208 4263 ἔχεις
1230 4197 1475 4258 ἑπακτὰς
1499 4197 1561 4250 δ’.
1584 4198 1802 4267 Ἀπριλ-

220 4292 332 4340 25w
361 4288 427 4349 λ’,
462 4289 638 4340 Μαΐου
669 4285 765 4351 λα’,
844 4287 1063 4339 Ἰουνίου
1099 4286 1164 4351 λ’,
1210 4286 1430 4340 Ἰουλίου
1455 4287 1557 4351 λα’,
1587 4288 1799 4355 Αὐγού-

220 4396 342 4431 στοέ
365 4380 472 4441 λα’,
499 4378 871 4445 Σεπτεμϐρίου
895 4376 959 4441 λ’,
996 4377 1330 4448 Ὀκτωϐρίου
1349 4379 1448 4443 λα’,
1493 4378 1799 4450 Νοεμϐρίου

216 4471 280 4531 λ’,
310 4469 652 4538 Δεκεμϐρίου
684 4467 787 4531 λα’,
832 4468 1161 4539 Ἰανουαρίου
1201 4474 1285 4532 ς’,
1320 4468 1455 4537 ὁμοῦ
1491 4476 1627 4522 arts}.
1656 4469 1801 4523 Ταύ-

1902 3380 2094 3443 lettus,
2123 3381 2176 3434 in
2207 3388 2258 3435 te
2289 3380 2601 3448 acquiesco.
2644 3395 2661 3428 ι
2701 3377 2872 3432 Porro
2896 3380 3037 3433 scire
3063 3384 3291 3448 cupiens
3314 3388 3483 3447 quota

1904 3473 2070 3526 fuerit
2124 3472 2446 3542 septiiuanze
2488 3470 2608 3524 dies
2640 3485 2748 3539 qua
2801 3470 3111 3539 baptizatus
3165 3480 3247 3525 est
3297 3469 3479 3535 Jesus,

1905 3577 2046 3629 pone
2098 3576 2274 3616 annos
2309 3559 2472 3615 5556.
2508 3560 2699 3628 Adjiee
2761 3560 2846 3614 his
2883 3561 3245 3630 quadrantem
3300 3575 3483 3623 suum,

1904 3658 2032 3706 lient
2060 3654 2111 3707 in
2147 3668 2361 3707 summa
2405 3650 2565 3707 6920.
2607 3651 2732 3706 llaec
2786 3652 2867 3706 sic
2908 3666 3006 3721 per
3039 3651 3068 3703 7
3105 3651 3317 3705 divides
3352 3671 3362 3704 :
3392 3666 3484 3705 se—

1904 3747 2043 3813 pties
2098 3744 2203 3799 900
2246 3752 2377 3799 sunt
2413 3742 2576 3798 6500.
2628 3740 2870 3797 Rursum
2914 3744 3117 3812 septies
3162 3742 3230 3795 80
3274 3740 3484 3796 faciunt

1904 3837 2027 3891 560.
2050 3835 2289 3889 Tandem
2314 3835 2564 3905 septie38
2586 3842 2713 3890 sunt
2743 3835 2830 3889 56.
2876 3835 2973 3889 llis
3006 3835 3261 3889 omnibus
3294 3834 3481 3889 detra-

1902 3927 2008 3981 ctis
2043 3925 2327 3979 reslabnnt
2376 3932 2613 3993 quatuor
2645 3930 2865 3991 epactre.
2895 3920 2990 3976 llis
3023 3922 3140 3975 dies
3171 3920 3433 3974 addemus
3453 3934 3482 3973 a

1905 4018 2079 4088 primo
2134 4031 2318 4071 mense
2355 4031 2525 4083 usque
2561 4016 2626 4067 ad
2664 4015 3008 4083 propositum
3044 4014 3210 4065 diem.
3264 4010 3354 4066 Sic
3384 4011 3482 4064 ha-

1903 4108 2056 4163 bebis
2082 4107 2115 4161 4
2144 4114 2390 4175 epactas,
2450 4104 2655 4174 Aprilis
2714 4101 2831 4157 dies
2889 4103 2979 4164 ὅθ,
3015 4101 3181 4171 306
3225 4100 3349 4153 Maii
3390 4100 3481 4162 51,

1904 4196 2051 4251 Junii
2106 4196 2199 4259 50,
2243 4194 2373 4249 Julii
2412 4196 2501 4257 3t,
2570 4194 2804 4261 Augusti
2853 4192 2944 4257 5i,
3002 4190 3335 4260 Septembris
3390 4191 3481 4254 50,

1903 4288 2156 4343 Octobris
2191 4287 2279 4349 3l,
2326 4284 2650 4337 Novembris
2674 4284 2764 4345 50,
2811 4280 3128 4336 Decembris
3163 4280 3252 4345 '5l,
3279 4278 3483 4334 Janua-

1904 4382 1968 4433 iii
1995 4379 2046 4434 6.
2083 4376 2306 4431 Summa
2358 4376 2485 4429 285.
2528 4375 2656 4429 Haec
2699 4388 2796 4443 per
2846 4371 3219 4442 septenarium
3278 4370 3480 4435 divide,

1906 4471 2010 4524 hoc
2056 4476 2219 4539 pacto
2258 4485 2270 4520 :
2304 4466 2513 4535 Septies
2552 4462 2623 4517 40
2649 4471 2779 4517 sunt
2802 4462 2931 4528 280,
2962 4470 3168 4517 resmnt
3216 4461 3479 4530 quinque.

208 4580 306 4624 τες
342 4562 507 4627 ὖ;;).ε
551 4560 769 4613 ἐπὶτῶν
798 4560 958 4621 ἑπτὰ,
994 4561 1168 4628 λέγων
1198 4561 1357 4614 έπτάῖ
1384 4562 1436 4631 μ’
1462 4562 1569 4625 σῖτ’,
1611 4563 1795 4616 λοιπαὶ

1901 4561 1992 4617 Sic
2045 4560 2351 4613 invenimus
2415 4556 2607 4625 quinta
2675 4554 2991 4623 septimana:
3049 4554 3139 4608 die
3194 4554 3479 4607 Dominum

208 4654 267 4707 ε’.
312 4654 603 4721 Ἔγνωμεν
634 4651 726 4704 οὖν
754 4652 827 4714 ὡς
856 4654 911 4703 ἐν
934 4652 973 4704 ε’
1001 4655 1099 4721 τῆς
1135 4653 1432 4723 ἑϐδομάδος
1459 4654 1640 4725 ἡμέρᾳ⁴
1663 4654 1792 4707 ἔϐα-

210 4747 414 4813 πτέσθη
441 4746 469 4797 6
504 4744 727 4811 Κύριος.
768 4745 909 4796 Καθ’
942 4748 1011 4814 ἦν
1047 4747 1259 4816 ἡμέραν
1322 4747 1485 4810 αὐτὸς
1515 4748 1543 4799 6
1589 4746 1793 4817 Κύριος

210 4834 551 4905 πωσὲταξεν
580 4834 869 4900 ἐξαγαγεῖν
904 4836 967 4887 τὰ
998 4835 1165 4888 ’ύδατα
1210 4836 1418 4905 ἑρπετὰ
1454 4836 1644 4905 ψυχῶν
1690 4838 1795 4900 ζω-

211 4929 341 4988 σῶν,
380 4928 547 4989 αὐτὸς
577 4929 667 4979 ἐπὶ
697 4927 973 4996 συντελείᾳ
997 4927 1103 4979 τῶν
1131 4926 1342 4979 αἰώνων
1376 4928 1676 4996 ἐϐαπτίσθη
1701 4931 1795 4981 καὶ

210 5020 407 5086 ητίασε
438 5016 497 5068 τὸ
529 5015 673 5087 ὕδωρ
709 5018 800 5069 καὶ
837 5016 1097 5081 ζωοποιὸν
1119 5017 1249 5085 ἡμῖν
1284 5017 1683 5087 ἀπειργάσατο.

281 5106 435 5159 Μετὰ
467 5106 525 5158 δὲ
555 5106 615 5158 τὸ
643 5106 1027 5176 βαπτισθῆναι,
1054 5110 1150 5158 καὶ
1179 5106 1542 5178 πειρασθῆναι
1576 5109 1679 5161 ὑπὸ
1700 5108 1791 5162 τοῦ

211 5200 428 5251 Σατανᾶ
472 5199 529 5249 ὲν
586 5200 652 5267 τῇ
701 5198 913 5267 ἐρήμῳ,
954 5199 1047 5250 καὶ
1073 5199 1290 5267 νικῆσαι
1320 5199 1410 5251 τὸν
1444 5202 1787 5271 πειράζοντα,

213 5291 552 5360 παρεγένετο
577 5292 658 5350 εἰς
679 5289 779 5358 τὴν
810 5289 1102 5342 Γαλιλαίαν
1132 5290 1422 5360 κηρύσσων
1460 5293 1518 5345 τὸ
1550 5293 1792 5361 Εὐαγγέ-

214 5380 326 5436 λιον
350 5383 449 5451 τῆς
477 5381 776 5451 βασιλείας,
821 5381 915 5435 καὶ
953 5381 1217 5445 κελεύσας
1251 5383 1377 5443 τοὺς
1418 5384 1665 5456 μαθητὰς
1699 5403 1790 5437 πι-

217 5474 556 5533 στεύσαντας
611 5473 704 5525 καὶ
735 5470 1059 5539 δεξαμένους
1092 5472 1152 5524 τὸ
1188 5473 1449 5543 κήρυγμα
1480 5474 1579 5543 τῆς
1640 5476 1791 5528 eoas-

220 5566 366 5628 ϐείας
405 5564 656 5617 ἀνελθεῖν
692 5565 810 5635 μετ’
840 5564 1005 5619 αὑτοῦ
1038 5566 1119 5628 είς
1188 5568 1561 5637 Ἱεροσόλυμα.
1601 5570 1792 5638 ἑορτάς

227 5672 306 5709 'a:
345 5658 406 5710 τὸ
449 5658 675 5725 νομικὸν
722 5656 922 5729 πάσχα.
979 5654 1111 5711 Εἶτα
1141 5659 1388 5721 θέλοντες
1446 5659 1557 5729 (28)
1588 5661 1791 5727 γνῶναι

1904 4654 2078 4707 fuisse
2138 4650 2500 4719 baptizatum.
2550 4646 2667 4713 Qua
2720 4647 2872 4701 enim
2930 4646 3017 4700 die
3078 4645 3196 4717 ipse
3241 4646 3482 4713 jusserat

1904 4760 2072 4815 aquas
2123 4742 2431 4813 producere
2494 4739 2729 4807 reptilia,
2778 4736 3037 4789 animalia
3101 4736 3361 4800 viventia,
3417 4750 3481 4788 ea

1904 4839 1957 4890 in
1995 4836 2101 4888 line
2153 4832 2479 4887 saeculorum
2523 4830 2687 4882 etiam
2732 4829 3044 4897 baptizatus
3094 4842 3293 4897 aquam
3348 4841 3481 4883 con-

1903 4927 2157 4991 secravit,
2196 4934 2361 4995 utque
2400 4924 2560 4978 nobis
2589 4929 2737 4977 esset
2770 4920 2983 4974 viviﬁca
3016 4918 3218 4974 eﬂ'ecit.

1970 5113 2264 5181 Postquam
2319 5112 2627 5179 baptizatus
2659 5109 2714 5162 in
2746 5108 3043 5161 solitudine
3078 5122 3107 5160 a
3131 5105 3327 5160 Satana
3362 5116 3480 5159 ten-
3524 5170 3531 5175 1

1898 5217 2047 5263 tatus
2068 5209 2133 5262 de
2165 5222 2231 5261 eo
2255 5204 2540 5260 victoriam
2575 5204 2784 5265 retulit,
2820 5204 2873 5256 in
2896 5201 3171 5255 Galilaeam
3200 5200 3479 5270 profectus

1898 5308 2003 5359 est,
2048 5299 2229 5367 ibique
2267 5297 2448 5349 laetum
2482 5294 2548 5349 de
2581 5308 2749 5364 regno
2812 5292 2904 5345 Dei
2960 5291 3213 5345 nuntium
3258 5288 3477 5353 dididit,

1898 5390 2315 5460 discipulosque
2369 5388 2464 5456 qui
2520 5385 2869 5439 crediderant
2900 5391 2953 5437 et
2990 5382 3209 5453 pietatis
3269 5395 3478 5452 praeco-

1899 5484 2049 5536 nium
2070 5480 2300 5548 amplexi
2339 5488 2517 5539 erant,
2543 5490 2727 5530 secum
2764 5472 3148 5527 llierosoluna
3176 5470 3478 5526 ascendere

1896 5570 2055 5641 jussit
2089 5568 2154 5621 ad
2184 5566 2387 5636 pascha
2421 5564 2726 5620 secundum
2754 5565 2887 5634 legis
2915 5561 3297 5631 praescriptum
3332 5560 3475 5613 cele-

1901 5660 2190 5716 brandum.
2233 5658 2351 5713 Jam
2400 5660 2445 5713 si
2494 5659 2727 5713 velimus
2778 5669 3110 5727 cognoscere
3169 5662 3336 5723 quota
3388 5651 3476 5706 die

1371 5752 1726 5809 XYLANDRI
1754 5755 1842 5810 ET
1882 5752 2093 5810 GOARI
2126 5750 2359 5807 NOTIE.

292 5839 402 5909 <28)
447 5840 644 5895 Totum
678 5843 779 5897 huc
815 5845 1061 5899 vitiatum
1104 5855 1205 5902 cst.
1248 5845 1429 5909 Neque
1461 5847 1683 5903 deerant
1714 5849 1871 5905 nobis
1912 5847 2162 5902 fortassis
2180 5841 2942 5913 eanjerturaeemendandi,si
2968 5848 3140 5897 totum
3158 5848 3476 5910 computum
