  <div class='ocr_page' id='page_1' title='image "/cluster/home/n/w/nwhite01/storage/ocr_20150623/121/nnc1.0046980032/180.png"; bbox 0 0 4214 6448; ppageno 0'>
   <div class='ocr_carea' id='block_1_1' title="bbox 188 409 299 474">
    <p class='ocr_par' dir='ltr' id='par_1_1' title="bbox 188 409 299 474">
     <span class='ocr_line' id='line_1_1' title="bbox 188 409 299 474; baseline 0 -1"><span class='ocrx_word' id='word_1_1' title='bbox 188 409 299 474; x_wconf 67' lang='grc'><strong>345</strong></span> 
     </span>
    </p>
   </div>
   <div class='ocr_carea' id='block_1_2' title="bbox 1290 414 2400 476">
    <p class='ocr_par' dir='ltr' id='par_1_2' title="bbox 1290 414 2400 476">
     <span class='ocr_line' id='line_1_2' title="bbox 1290 414 2400 476; baseline 0.001 -4"><span class='ocrx_word' id='word_1_2' title='bbox 1290 414 1840 475; x_wconf 73' lang='lat' dir='ltr'><strong>HISTORIARUM</strong></span> <span class='ocrx_word' id='word_1_3' title='bbox 1869 415 2400 476; x_wconf 77' lang='lat' dir='ltr'><strong>COMPENDIUM.</strong></span> 
     </span>
    </p>
   </div>
   <div class='ocr_carea' id='block_1_3' title="bbox 3346 416 3454 483">
    <p class='ocr_par' dir='ltr' id='par_1_3' title="bbox 3346 416 3454 483">
     <span class='ocr_line' id='line_1_3' title="bbox 3346 416 3454 483; baseline 0.046 -6"><span class='ocrx_word' id='word_1_4' title='bbox 3346 416 3454 483; x_wconf 69' lang='lat'><strong>346</strong></span> 
     </span>
    </p>
   </div>
   <div class='ocr_carea' id='block_1_4' title="bbox 188 500 1784 594">
    <p class='ocr_par' dir='ltr' id='par_1_4' title="bbox 188 521 1784 594">
     <span class='ocr_line' id='line_1_4' title="bbox 188 521 1784 594; baseline -0.001 -17"><span class='ocrx_word' id='word_1_5' title='bbox 188 523 478 592; x_wconf 73' lang='grc' dir='ltr'>πανταχοῦ</span> <span class='ocrx_word' id='word_1_6' title='bbox 512 522 612 593; x_wconf 81' lang='grc' dir='ltr'>τῆς</span> <span class='ocrx_word' id='word_1_7' title='bbox 648 521 756 576; x_wconf 80' lang='grc' dir='ltr'><strong>τῶν</strong></span> <span class='ocrx_word' id='word_1_8' title='bbox 787 521 1106 592; x_wconf 75' lang='grc' dir='ltr'><strong>θαυμασίων</strong></span> <span class='ocrx_word' id='word_1_9' title='bbox 1165 522 1353 594; x_wconf 79' lang='grc' dir='ltr'>φήμης</span> <span class='ocrx_word' id='word_1_10' title='bbox 1408 523 1648 592; x_wconf 80' lang='grc' dir='ltr'>Χριστοῦ</span> <span class='ocrx_word' id='word_1_11' title='bbox 1696 525 1784 578; x_wconf 71' lang='grc' dir='ltr'>τοῆ</span> 
     </span>
    </p>
   </div>
   <div class='ocr_carea' id='block_1_5' title="bbox 1888 500 3463 594">
    <p class='ocr_par' dir='ltr' id='par_1_5' title="bbox 1893 500 3463 592">
     <span class='ocr_line' id='line_1_5' title="bbox 1893 500 3463 592; baseline -0.001 -15"><span class='ocrx_word' id='word_1_12' title='bbox 1893 523 2162 577; x_wconf 76' lang='lat' dir='ltr'><strong>editorum</strong></span> <span class='ocrx_word' id='word_1_13' title='bbox 2203 524 2448 592; x_wconf 78' lang='lat' dir='ltr'><strong>undique</strong></span> <span class='ocrx_word' id='word_1_14' title='bbox 2492 535 2681 590; x_wconf 89' lang='lat' dir='ltr'><strong>sparsa</strong></span> <span class='ocrx_word' id='word_1_15' title='bbox 2728 520 2973 590; x_wconf 78' lang='lat' dir='ltr'><strong>pervenit</strong></span> <span class='ocrx_word' id='word_1_16' title='bbox 3015 500 3195 589; x_wconf 83' lang='lat' dir='ltr'><strong>fama;</strong></span> <span class='ocrx_word' id='word_1_17' title='bbox 3229 535 3463 591; x_wconf 86' lang='lat' dir='ltr'><strong>quorum</strong></span> 
     </span>
    </p>
   </div>
   <div class='ocr_carea' id='block_1_6' title="bbox 186 614 1782 686">
    <p class='ocr_par' dir='ltr' id='par_1_6' title="bbox 186 614 1782 686">
     <span class='ocr_line' id='line_1_6' title="bbox 186 614 1782 686; baseline 0.001 -18"><span class='ocrx_word' id='word_1_18' title='bbox 186 614 329 668; x_wconf 80' lang='grc' dir='ltr'>Θεοῦ</span> <span class='ocrx_word' id='word_1_19' title='bbox 385 618 566 684; x_wconf 76' lang='grc' dir='ltr'>ἡμῶν,</span> <span class='ocrx_word' id='word_1_20' title='bbox 623 614 867 678; x_wconf 85' lang='grc' dir='ltr'>ἀκούσας</span> <span class='ocrx_word' id='word_1_21' title='bbox 914 618 1009 668; x_wconf 70' lang='grc' dir='ltr'><strong>καὶ</strong></span> <span class='ocrx_word' id='word_1_22' title='bbox 1037 615 1201 677; x_wconf 75' lang='grc' dir='ltr'>αὐτὸς</span> <span class='ocrx_word' id='word_1_23' title='bbox 1237 617 1264 667; x_wconf 88' lang='grc' dir='ltr'>ὁ</span> <span class='ocrx_word' id='word_1_24' title='bbox 1292 616 1476 686; x_wconf 65' lang='grc' dir='ltr'>ῥηθεὶς</span> <span class='ocrx_word' id='word_1_25' title='bbox 1504 618 1782 684; x_wconf 81' lang='grc' dir='ltr'>τοπάρχης</span> 
     </span>
    </p>
   </div>
   <div class='ocr_carea' id='block_1_7' title="bbox 187 706 1779 778">
    <p class='ocr_par' dir='ltr' id='par_1_7' title="bbox 187 706 1779 778">
     <span class='ocr_line' id='line_1_7' title="bbox 187 706 1779 778; baseline 0.002 -22"><span class='ocrx_word' id='word_1_26' title='bbox 187 707 448 770; x_wconf 75' lang='grc' dir='ltr'>ἐξίστατο</span> <span class='ocrx_word' id='word_1_27' title='bbox 495 707 592 758; x_wconf 77' lang='grc' dir='ltr'>ἐπὶ</span> <span class='ocrx_word' id='word_1_28' title='bbox 640 707 848 768; x_wconf 76' lang='grc' dir='ltr'><strong>τούτοις</strong></span> <span class='ocrx_word' id='word_1_29' title='bbox 901 706 994 760; x_wconf 76' lang='grc' dir='ltr'><strong>καὶ</strong></span> <span class='ocrx_word' id='word_1_30' title='bbox 1020 707 1206 759; x_wconf 79' lang='grc' dir='ltr'>ἐπόθει</span> <span class='ocrx_word' id='word_1_31' title='bbox 1243 707 1372 759; x_wconf 84' lang='grc' dir='ltr'>ίδεῖν</span> <span class='ocrx_word' id='word_1_32' title='bbox 1399 707 1487 759; x_wconf 78' lang='grc' dir='ltr'>τὸν</span> <span class='ocrx_word' id='word_1_33' title='bbox 1524 708 1779 778; x_wconf 75' lang='grc' dir='ltr'>Χριστόν.</span> 
     </span>
    </p>
   </div>
   <div class='ocr_carea' id='block_1_8' title="bbox 188 798 1783 868">
    <p class='ocr_par' dir='ltr' id='par_1_8' title="bbox 188 798 1783 868">
     <span class='ocr_line' id='line_1_8' title="bbox 188 798 1783 868; baseline 0.001 -17"><span class='ocrx_word' id='word_1_34' title='bbox 188 800 306 852; x_wconf 80' lang='grc' dir='ltr'>Οὐκ</span> <span class='ocrx_word' id='word_1_35' title='bbox 339 800 574 866; x_wconf 65' lang='grc' dir='ltr'>ἠδύνατο</span> <span class='ocrx_word' id='word_1_36' title='bbox 595 799 651 852; x_wconf 82' lang='grc' dir='ltr'>δὲ</span> <span class='ocrx_word' id='word_1_37' title='bbox 679 799 766 851; x_wconf 85' lang='grc' dir='ltr'>διὰ</span> <span class='ocrx_word' id='word_1_38' title='bbox 793 798 854 851; x_wconf 81' lang='grc' dir='ltr'>τὸ</span> <span class='ocrx_word' id='word_1_39' title='bbox 881 800 1118 863; x_wconf 79' lang='grc' dir='ltr'><strong>ἀνιάτως</strong></span> <span class='ocrx_word' id='word_1_40' title='bbox 1149 801 1343 852; x_wconf 83' lang='grc' dir='ltr'>νοσεῖν.</span> <span class='ocrx_word' id='word_1_41' title='bbox 1369 799 1576 868; x_wconf 76' lang='grc' dir='ltr'>Γράφει</span> <span class='ocrx_word' id='word_1_42' title='bbox 1606 799 1783 852; x_wconf 81' lang='grc' dir='ltr'><strong>τοίνυν</strong></span> 
     </span>
    </p>
   </div>
   <div class='ocr_carea' id='block_1_9' title="bbox 190 891 1782 962">
    <p class='ocr_par' dir='ltr' id='par_1_9' title="bbox 190 891 1782 962">
     <span class='ocr_line' id='line_1_9' title="bbox 190 891 1782 962; baseline -0.001 -19"><span class='ocrx_word' id='word_1_43' title='bbox 190 892 488 962; x_wconf 63' lang='grc' dir='ltr'>ἐπιστολὴν</span> <span class='ocrx_word' id='word_1_44' title='bbox 513 895 646 960; x_wconf 65' lang='grc' dir='ltr'>πρδις</span> <span class='ocrx_word' id='word_1_45' title='bbox 668 892 850 952; x_wconf 74' lang='grc' dir='ltr'>αὑτὸν.</span> <span class='ocrx_word' id='word_1_46' title='bbox 885 893 950 962; x_wconf 76' lang='grc' dir='ltr'>ἢν</span> <span class='ocrx_word' id='word_1_47' title='bbox 979 892 1264 944; x_wconf 83' lang='grc' dir='ltr'>ἀπέστειλε</span> <span class='ocrx_word' id='word_1_48' title='bbox 1304 891 1372 944; x_wconf 80' lang='grc' dir='ltr'>δι’</span> <span class='ocrx_word' id='word_1_49' title='bbox 1406 891 1655 944; x_wconf 81' lang='grc' dir='ltr'>Ἀνανίου</span> <span class='ocrx_word' id='word_1_50' title='bbox 1677 891 1782 943; x_wconf 89' lang='grc' dir='ltr'><strong>τῶν</strong></span> 
     </span>
    </p>
   </div>
   <div class='ocr_carea' id='block_1_10' title="bbox 189 983 1783 1055">
    <p class='ocr_par' dir='ltr' id='par_1_10' title="bbox 189 983 1783 1055">
     <span class='ocr_line' id='line_1_10' title="bbox 189 983 1783 1055; baseline -0.001 -19"><span class='ocrx_word' id='word_1_51' title='bbox 189 984 362 1036; x_wconf 71' lang='grc' dir='ltr'>αὑτοῦ</span> <span class='ocrx_word' id='word_1_52' title='bbox 409 984 787 1053; x_wconf 82' lang='grc' dir='ltr'>ταχυδρόμων,</span> <span class='ocrx_word' id='word_1_53' title='bbox 833 983 890 1046; x_wconf 84' lang='grc' dir='ltr'>ὃς</span> <span class='ocrx_word' id='word_1_54' title='bbox 925 985 984 1037; x_wconf 80' lang='grc' dir='ltr'>ὲν</span> <span class='ocrx_word' id='word_1_55' title='bbox 1030 985 1198 1055; x_wconf 73' lang='grc' dir='ltr'>πείρα</span> <span class='ocrx_word' id='word_1_56' title='bbox 1253 985 1514 1054; x_wconf 52' lang='grc' dir='ltr'>ἐτύχγένε</span> <span class='ocrx_word' id='word_1_57' title='bbox 1557 984 1647 1036; x_wconf 67' lang='grc' dir='ltr'><strong>καὶ</strong></span> <span class='ocrx_word' id='word_1_58' title='bbox 1685 984 1783 1052; x_wconf 75' lang='grc' dir='ltr'>τῆς</span> 
     </span>
    </p>
   </div>
   <div class='ocr_carea' id='block_1_11' title="bbox 190 1075 1784 1146">
    <p class='ocr_par' dir='ltr' id='par_1_11' title="bbox 190 1075 1784 1146">
     <span class='ocr_line' id='line_1_11' title="bbox 190 1075 1784 1146; baseline -0.001 -18"><span class='ocrx_word' id='word_1_59' title='bbox 190 1077 556 1144; x_wconf 74' lang='grc' dir='ltr'><strong>ζωγραφικῆς</strong></span> <span class='ocrx_word' id='word_1_60' title='bbox 578 1076 796 1145; x_wconf 80' lang='grc' dir='ltr'>τέχνης.</span> <span class='ocrx_word' id='word_1_61' title='bbox 829 1076 1179 1146; x_wconf 76' lang='grc' dir='ltr'>Παρήγγειλε</span> <span class='ocrx_word' id='word_1_62' title='bbox 1211 1075 1267 1128; x_wconf 84' lang='grc' dir='ltr'><strong>δέ</strong></span> <span class='ocrx_word' id='word_1_63' title='bbox 1299 1076 1448 1144; x_wconf 78' lang='grc' dir='ltr'>αὐτῷ</span> <span class='ocrx_word' id='word_1_64' title='bbox 1474 1077 1502 1128; x_wconf 84' lang='grc' dir='ltr'>ὁ</span> <span class='ocrx_word' id='word_1_65' title='bbox 1535 1075 1784 1143; x_wconf 75' lang='grc' dir='ltr'>Ᾱύγαρος</span> 
     </span>
    </p>
   </div>
   <div class='ocr_carea' id='block_1_12' title="bbox 190 1164 1778 1234">
    <p class='ocr_par' dir='ltr' id='par_1_12' title="bbox 190 1164 1778 1234">
     <span class='ocr_line' id='line_1_12' title="bbox 190 1164 1778 1234; baseline -0.001 -18"><span class='ocrx_word' id='word_1_66' title='bbox 190 1165 383 1217; x_wconf 89' lang='grc' dir='ltr'>λαϐεῖν</span> <span class='ocrx_word' id='word_1_67' title='bbox 417 1168 473 1218; x_wconf 83' lang='grc' dir='ltr'><strong>ἐν</strong></span> <span class='ocrx_word' id='word_1_68' title='bbox 497 1166 671 1218; x_wconf 79' lang='grc' dir='ltr'>σανίδι</span> <span class='ocrx_word' id='word_1_69' title='bbox 708 1165 770 1218; x_wconf 82' lang='grc' dir='ltr'><strong>τὸ</strong></span> <span class='ocrx_word' id='word_1_70' title='bbox 801 1166 1055 1234; x_wconf 84' lang='grc' dir='ltr'>ὁμοίωμα</span> <span class='ocrx_word' id='word_1_71' title='bbox 1081 1165 1179 1234; x_wconf 77' lang='grc' dir='ltr'>τῆς</span> <span class='ocrx_word' id='word_1_72' title='bbox 1213 1165 1308 1217; x_wconf 86' lang='grc' dir='ltr'><strong>τοῦ</strong></span> <span class='ocrx_word' id='word_1_73' title='bbox 1343 1164 1580 1234; x_wconf 79' lang='grc' dir='ltr'>Χριστοῦ</span> <span class='ocrx_word' id='word_1_74' title='bbox 1617 1165 1778 1227; x_wconf 78' lang='grc' dir='ltr'>ἰδέας.</span> 
     </span>
    </p>
   </div>
   <div class='ocr_carea' id='block_1_13' title="bbox 201 1255 1782 1327">
    <p class='ocr_par' dir='ltr' id='par_1_13' title="bbox 201 1255 1782 1327">
     <span class='ocr_line' id='line_1_13' title="bbox 201 1255 1782 1327; baseline -0.003 -17"><span class='ocrx_word' id='word_1_75' title='bbox 201 1259 268 1310; x_wconf 81' lang='grc' dir='ltr'>Ἤ</span> <span class='ocrx_word' id='word_1_76' title='bbox 303 1258 360 1310; x_wconf 87' lang='grc' dir='ltr'>δὲ</span> <span class='ocrx_word' id='word_1_77' title='bbox 397 1258 654 1327; x_wconf 78' lang='grc' dir='ltr'>ἐπιστολὴ</span> <span class='ocrx_word' id='word_1_78' title='bbox 709 1257 803 1310; x_wconf 83' lang='grc' dir='ltr'><strong>τοῦ</strong></span> <span class='ocrx_word' id='word_1_79' title='bbox 857 1257 1112 1326; x_wconf 81' lang='grc' dir='ltr'>Δύγάρου</span> <span class='ocrx_word' id='word_1_80' title='bbox 1167 1256 1310 1310; x_wconf 83' lang='grc' dir='ltr'><strong>κατά</strong></span> <span class='ocrx_word' id='word_1_81' title='bbox 1361 1257 1511 1325; x_wconf 75' lang='grc' dir='ltr'>ῥῆμα</span> <span class='ocrx_word' id='word_1_82' title='bbox 1563 1255 1782 1318; x_wconf 77' lang='grc' dir='ltr'>διέξεισι</span> 
     </span>
    </p>
   </div>
   <div class='ocr_carea' id='block_1_14' title="bbox 190 1344 1782 1416">
    <p class='ocr_par' dir='ltr' id='par_1_14' title="bbox 190 1344 1782 1416">
     <span class='ocr_line' id='line_1_14' title="bbox 190 1344 1782 1416; baseline -0.001 -18"><span class='ocrx_word' id='word_1_83' title='bbox 190 1347 345 1398; x_wconf 76' lang='grc' dir='ltr'>τάδε·</span> <span class='ocrx_word' id='word_1_84' title='bbox 391 1365 412 1397; x_wconf 77' lang='grc' dir='ltr'><strong>ι</strong></span> <span class='ocrx_word' id='word_1_85' title='bbox 449 1345 701 1416; x_wconf 78' lang='grc' dir='ltr'>Αῦγαρος</span> <span class='ocrx_word' id='word_1_86' title='bbox 736 1345 1018 1416; x_wconf 86' lang='grc' dir='ltr'>τοπάρχης</span> <span class='ocrx_word' id='word_1_87' title='bbox 1049 1346 1258 1406; x_wconf 83' lang='grc' dir='ltr'>πόλεως</span> <span class='ocrx_word' id='word_1_88' title='bbox 1321 1345 1573 1413; x_wconf 76' lang='grc' dir='ltr'><strong>Ἐδέσσης</strong></span> <span class='ocrx_word' id='word_1_89' title='bbox 1605 1344 1782 1414; x_wconf 77' lang='grc' dir='ltr'>Ἰησοῦ</span> 
     </span>
    </p>
   </div>
   <div class='ocr_carea' id='block_1_15' title="bbox 190 1436 1780 1507">
    <p class='ocr_par' dir='ltr' id='par_1_15' title="bbox 190 1436 1780 1507">
     <span class='ocr_line' id='line_1_15' title="bbox 190 1436 1780 1507; baseline -0.002 -16"><span class='ocrx_word' id='word_1_90' title='bbox 190 1439 414 1507; x_wconf 73' lang='grc' dir='ltr'>Σιιηῆρι</span> <span class='ocrx_word' id='word_1_91' title='bbox 453 1437 663 1506; x_wconf 79' lang='grc' dir='ltr'>ἀγαθῷ,</span> <span class='ocrx_word' id='word_1_92' title='bbox 699 1438 1033 1506; x_wconf 80' lang='grc' dir='ltr'>ἀναφανέντι</span> <span class='ocrx_word' id='word_1_93' title='bbox 1069 1440 1128 1488; x_wconf 84' lang='grc' dir='ltr'>ὲν</span> <span class='ocrx_word' id='word_1_94' title='bbox 1172 1436 1324 1489; x_wconf 70' lang='grc' dir='ltr'>πόλει</span> <span class='ocrx_word' id='word_1_95' title='bbox 1370 1436 1780 1506; x_wconf 78' lang='grc' dir='ltr'>Ἰεροσολύμων,</span> 
     </span>
    </p>
   </div>
   <div class='ocr_carea' id='block_1_16' title="bbox 192 1527 1779 1599">
    <p class='ocr_par' dir='ltr' id='par_1_16' title="bbox 192 1527 1779 1599">
     <span class='ocr_line' id='line_1_16' title="bbox 192 1527 1779 1599; baseline -0.003 -17"><span class='ocrx_word' id='word_1_96' title='bbox 192 1530 432 1599; x_wconf 73' lang='grc' dir='ltr'>χαίρειν.</span> <span class='ocrx_word' id='word_1_97' title='bbox 484 1528 786 1580; x_wconf 80' lang='grc' dir='ltr'>Ἠκουσταί</span> <span class='ocrx_word' id='word_1_98' title='bbox 849 1545 938 1598; x_wconf 91' lang='grc' dir='ltr'><strong>μοι</strong></span> <span class='ocrx_word' id='word_1_99' title='bbox 988 1527 1056 1579; x_wconf 81' lang='grc' dir='ltr'>τὰ</span> <span class='ocrx_word' id='word_1_100' title='bbox 1089 1529 1216 1595; x_wconf 73' lang='grc' dir='ltr'>περὶ</span> <span class='ocrx_word' id='word_1_101' title='bbox 1276 1527 1368 1579; x_wconf 84' lang='grc' dir='ltr'><strong>σοῦ</strong></span> <span class='ocrx_word' id='word_1_102' title='bbox 1407 1527 1634 1579; x_wconf 72' lang='grc' dir='ltr'>καὶτῶν</span> <span class='ocrx_word' id='word_1_103' title='bbox 1670 1528 1779 1578; x_wconf 92' lang='grc' dir='ltr'><strong>σῶν</strong></span> 
     </span>
    </p>
   </div>
   <div class='ocr_carea' id='block_1_17' title="bbox 195 1619 1781 1690">
    <p class='ocr_par' dir='ltr' id='par_1_17' title="bbox 195 1619 1781 1690">
     <span class='ocr_line' id='line_1_17' title="bbox 195 1619 1781 1690; baseline -0.001 -17"><span class='ocrx_word' id='word_1_104' title='bbox 195 1621 449 1690; x_wconf 75' lang='grc' dir='ltr'>ἰαμάτων</span> <span class='ocrx_word' id='word_1_105' title='bbox 469 1619 544 1682; x_wconf 84' lang='grc' dir='ltr'>ὡς</span> <span class='ocrx_word' id='word_1_106' title='bbox 566 1621 694 1674; x_wconf 80' lang='grc' dir='ltr'>ἀνευ</span> <span class='ocrx_word' id='word_1_107' title='bbox 737 1619 1047 1688; x_wconf 77' lang='grc' dir='ltr'><strong>φαρμάκων</strong></span> <span class='ocrx_word' id='word_1_108' title='bbox 1078 1620 1181 1672; x_wconf 80' lang='grc' dir='ltr'><strong>ὑπό</strong></span> <span class='ocrx_word' id='word_1_109' title='bbox 1213 1637 1304 1671; x_wconf 93' lang='grc' dir='ltr'><strong>σου</strong></span> <span class='ocrx_word' id='word_1_110' title='bbox 1328 1620 1630 1686; x_wconf 82' lang='grc' dir='ltr'>γινομένων</span> <span class='ocrx_word' id='word_1_111' title='bbox 1653 1637 1665 1650; x_wconf 91' lang='grc'><strong>·</strong></span> <span class='ocrx_word' id='word_1_112' title='bbox 1707 1621 1781 1682; x_wconf 80' lang='grc' dir='ltr'>ὡς</span> 
     </span>
    </p>
   </div>
   <div class='ocr_carea' id='block_1_18' title="bbox 189 1710 1783 1784">
    <p class='ocr_par' dir='ltr' id='par_1_18' title="bbox 189 1710 1783 1784">
     <span class='ocr_line' id='line_1_18' title="bbox 189 1710 1783 1784; baseline -0.002 -19"><span class='ocrx_word' id='word_1_113' title='bbox 189 1713 300 1784; x_wconf 71' lang='grc' dir='ltr'><strong>γὰρ</strong></span> <span class='ocrx_word' id='word_1_114' title='bbox 332 1713 513 1779; x_wconf 75' lang='grc' dir='ltr'>λόγος,</span> <span class='ocrx_word' id='word_1_115' title='bbox 535 1711 770 1778; x_wconf 77' lang='grc' dir='ltr'>τυφλοὺς</span> <span class='ocrx_word' id='word_1_116' title='bbox 795 1711 1124 1764; x_wconf 80' lang='grc' dir='ltr'>ἀναϐλέπειν</span> <span class='ocrx_word' id='word_1_117' title='bbox 1159 1713 1358 1774; x_wconf 83' lang='grc' dir='ltr'>ποιεῖς,</span> <span class='ocrx_word' id='word_1_118' title='bbox 1393 1710 1599 1779; x_wconf 78' lang='grc' dir='ltr'>χωλοὺς</span> <span class='ocrx_word' id='word_1_119' title='bbox 1629 1729 1783 1779; x_wconf 86' lang='grc' dir='ltr'>περι-</span> 
     </span>
    </p>
   </div>
   <div class='ocr_carea' id='block_1_19' title="bbox 191 1801 1780 1872">
    <p class='ocr_par' dir='ltr' id='par_1_19' title="bbox 191 1801 1780 1872">
     <span class='ocr_line' id='line_1_19' title="bbox 191 1801 1780 1872; baseline -0.003 -14"><span class='ocrx_word' id='word_1_120' title='bbox 191 1807 411 1868; x_wconf 79' lang='grc' dir='ltr'>πατεῖν,</span> <span class='ocrx_word' id='word_1_121' title='bbox 441 1802 676 1872; x_wconf 77' lang='grc' dir='ltr'>λεπροὺς</span> <span class='ocrx_word' id='word_1_122' title='bbox 694 1802 1032 1869; x_wconf 73' lang='grc' dir='ltr'>καθαρίζεις,</span> <span class='ocrx_word' id='word_1_123' title='bbox 1060 1803 1154 1854; x_wconf 67' lang='grc' dir='ltr'><strong>καὶ</strong></span> <span class='ocrx_word' id='word_1_124' title='bbox 1177 1801 1463 1871; x_wconf 84' lang='grc' dir='ltr'>ἀκάθαρτα</span> <span class='ocrx_word' id='word_1_125' title='bbox 1496 1801 1780 1870; x_wconf 80' lang='grc' dir='ltr'>πνεύματα</span> 
     </span>
    </p>
   </div>
   <div class='ocr_carea' id='block_1_20' title="bbox 189 1893 1778 1964">
    <p class='ocr_par' dir='ltr' id='par_1_20' title="bbox 189 1893 1778 1964">
     <span class='ocr_line' id='line_1_20' title="bbox 189 1893 1778 1964; baseline -0.001 -18"><span class='ocrx_word' id='word_1_126' title='bbox 189 1893 339 1964; x_wconf 81' lang='grc' dir='ltr'><strong>λόγῳ</strong></span> <span class='ocrx_word' id='word_1_127' title='bbox 373 1893 722 1956; x_wconf 78' lang='grc' dir='ltr'>ἀπελαύνεις,</span> <span class='ocrx_word' id='word_1_128' title='bbox 755 1893 998 1956; x_wconf 75' lang='grc' dir='ltr'>καὶτοὺς</span> <span class='ocrx_word' id='word_1_129' title='bbox 1021 1893 1078 1945; x_wconf 89' lang='grc' dir='ltr'><strong>ἐν</strong></span> <span class='ocrx_word' id='word_1_130' title='bbox 1109 1894 1448 1964; x_wconf 78' lang='grc' dir='ltr'>μακρονοσία</span> <span class='ocrx_word' id='word_1_131' title='bbox 1487 1894 1778 1964; x_wconf 79' lang='grc' dir='ltr'>βασανιζο-</span> 
     </span>
    </p>
   </div>
   <div class='ocr_carea' id='block_1_21' title="bbox 193 1985 1782 2056">
    <p class='ocr_par' dir='ltr' id='par_1_21' title="bbox 193 1985 1782 2056">
     <span class='ocr_line' id='line_1_21' title="bbox 193 1985 1782 2056; baseline -0.001 -17"><span class='ocrx_word' id='word_1_132' title='bbox 193 1987 394 2055; x_wconf 78' lang='grc' dir='ltr'>μένους</span> <span class='ocrx_word' id='word_1_133' title='bbox 449 1985 776 2056; x_wconf 72' lang='grc' dir='ltr'>θεραπεύεις</span> <span class='ocrx_word' id='word_1_134' title='bbox 837 1987 932 2040; x_wconf 59' lang='lat' dir='ltr'><strong>zeal.</strong></span> <span class='ocrx_word' id='word_1_135' title='bbox 988 1986 1216 2056; x_wconf 81' lang='grc' dir='ltr'>νεκροὺς</span> <span class='ocrx_word' id='word_1_136' title='bbox 1271 1985 1526 2053; x_wconf 84' lang='grc' dir='ltr'>ὲγείρεις.</span> <span class='ocrx_word' id='word_1_137' title='bbox 1597 1985 1782 2038; x_wconf 86' lang='grc' dir='ltr'>Ταῦτα</span> 
     </span>
    </p>
   </div>
   <div class='ocr_carea' id='block_1_22' title="bbox 191 2076 1782 2147">
    <p class='ocr_par' dir='ltr' id='par_1_22' title="bbox 191 2076 1782 2147">
     <span class='ocr_line' id='line_1_22' title="bbox 191 2076 1782 2147; baseline 0 -19"><span class='ocrx_word' id='word_1_138' title='bbox 191 2077 375 2130; x_wconf 69' lang='grc' dir='ltr'>πάντα</span> <span class='ocrx_word' id='word_1_139' title='bbox 404 2077 646 2139; x_wconf 79' lang='grc' dir='ltr'>ἀκούσας</span> <span class='ocrx_word' id='word_1_140' title='bbox 675 2077 800 2146; x_wconf 72' lang='grc' dir='ltr'>περὶ</span> <span class='ocrx_word' id='word_1_141' title='bbox 829 2076 923 2130; x_wconf 91' lang='grc' dir='ltr'><strong>σοῦ</strong></span> <span class='ocrx_word' id='word_1_142' title='bbox 954 2077 1097 2131; x_wconf 84' lang='grc' dir='ltr'><strong>κατά</strong></span> <span class='ocrx_word' id='word_1_143' title='bbox 1129 2076 1253 2129; x_wconf 85' lang='grc' dir='ltr'>νοῦν</span> <span class='ocrx_word' id='word_1_144' title='bbox 1287 2076 1493 2147; x_wconf 80' lang='grc' dir='ltr'>ἐθέμην</span> <span class='ocrx_word' id='word_1_145' title='bbox 1539 2078 1622 2130; x_wconf 87' lang='grc' dir='ltr'>ὃτι</span> <span class='ocrx_word' id='word_1_146' title='bbox 1651 2077 1782 2138; x_wconf 79' lang='grc' dir='ltr'>Θεὸς</span> 
     </span>
    </p>
   </div>
   <div class='ocr_carea' id='block_1_23' title="bbox 191 2163 1783 2239">
    <p class='ocr_par' dir='ltr' id='par_1_23' title="bbox 191 2163 1783 2239">
     <span class='ocr_line' id='line_1_23' title="bbox 191 2163 1783 2239; baseline 0.001 -19"><span class='ocrx_word' id='word_1_147' title='bbox 191 2163 362 2220; x_wconf 76' lang='grc' dir='ltr'>εἶκαὶ</span> <span class='ocrx_word' id='word_1_148' title='bbox 395 2168 643 2230; x_wconf 78' lang='grc' dir='ltr'>καταϐὰς</span> <span class='ocrx_word' id='word_1_149' title='bbox 687 2168 744 2235; x_wconf 77' lang='grc' dir='ltr'>ἐξ</span> <span class='ocrx_word' id='word_1_150' title='bbox 791 2167 1024 2239; x_wconf 84' lang='grc' dir='ltr'>ούρανοῦ</span> <span class='ocrx_word' id='word_1_151' title='bbox 1057 2168 1231 2222; x_wconf 87' lang='grc' dir='ltr'>ταῦτα</span> <span class='ocrx_word' id='word_1_152' title='bbox 1267 2172 1464 2231; x_wconf 82' lang='grc' dir='ltr'>ποιεῖς,</span> <span class='ocrx_word' id='word_1_153' title='bbox 1496 2169 1527 2238; x_wconf 82' lang='grc' dir='ltr'><strong>ἢ</strong></span> <span class='ocrx_word' id='word_1_154' title='bbox 1562 2169 1689 2232; x_wconf 81' lang='grc' dir='ltr'>Υἱὸς</span> <span class='ocrx_word' id='word_1_155' title='bbox 1733 2163 1783 2221; x_wconf 86' lang='grc' dir='ltr'>εἶ</span> 
     </span>
    </p>
   </div>
   <div class='ocr_carea' id='block_1_24' title="bbox 191 2259 1782 2328">
    <p class='ocr_par' dir='ltr' id='par_1_24' title="bbox 191 2259 1782 2328">
     <span class='ocr_line' id='line_1_24' title="bbox 191 2259 1782 2328; baseline 0.001 -17"><span class='ocrx_word' id='word_1_156' title='bbox 191 2260 288 2313; x_wconf 84' lang='grc' dir='ltr'><strong>τοῦ</strong></span> <span class='ocrx_word' id='word_1_157' title='bbox 324 2260 490 2325; x_wconf 82' lang='grc' dir='ltr'>Θεοῦ,</span> <span class='ocrx_word' id='word_1_158' title='bbox 522 2259 693 2312; x_wconf 86' lang='grc' dir='ltr'>ποιῶν</span> <span class='ocrx_word' id='word_1_159' title='bbox 723 2260 918 2314; x_wconf 85' lang='grc' dir='ltr'>ταῦτα.</span> <span class='ocrx_word' id='word_1_160' title='bbox 961 2262 1060 2313; x_wconf 84' lang='grc' dir='ltr'>Διά</span> <span class='ocrx_word' id='word_1_161' title='bbox 1105 2261 1281 2313; x_wconf 87' lang='grc' dir='ltr'>ταῦτα</span> <span class='ocrx_word' id='word_1_162' title='bbox 1335 2261 1515 2314; x_wconf 86' lang='grc' dir='ltr'>τοίνυν</span> <span class='ocrx_word' id='word_1_163' title='bbox 1564 2261 1782 2328; x_wconf 69' lang='grc' dir='ltr'>γράψας</span> 
     </span>
    </p>
   </div>
   <div class='ocr_carea' id='block_1_25' title="bbox 190 2347 1781 2418">
    <p class='ocr_par' dir='ltr' id='par_1_25' title="bbox 190 2347 1781 2418">
     <span class='ocr_line' id='line_1_25' title="bbox 190 2347 1781 2418; baseline -0.002 -18"><span class='ocrx_word' id='word_1_164' title='bbox 190 2348 425 2418; x_wconf 72' lang='grc' dir='ltr'>ἐδεήθην</span> <span class='ocrx_word' id='word_1_165' title='bbox 446 2350 545 2418; x_wconf 82' lang='grc' dir='ltr'><strong>τῆς</strong></span> <span class='ocrx_word' id='word_1_166' title='bbox 574 2351 673 2416; x_wconf 76' lang='grc' dir='ltr'>σῆς</span> <span class='ocrx_word' id='word_1_167' title='bbox 705 2348 888 2417; x_wconf 81' lang='grc' dir='ltr'>ἰσχύος</span> <span class='ocrx_word' id='word_1_168' title='bbox 913 2349 1007 2400; x_wconf 70' lang='grc' dir='ltr'><strong>καὶ</strong></span> <span class='ocrx_word' id='word_1_169' title='bbox 1030 2347 1366 2416; x_wconf 77' lang='grc' dir='ltr'>ἀγαθότητος</span> <span class='ocrx_word' id='word_1_170' title='bbox 1401 2347 1663 2414; x_wconf 74' lang='grc' dir='ltr'>σκυλῆναι</span> <span class='ocrx_word' id='word_1_171' title='bbox 1689 2347 1781 2398; x_wconf 76' lang='grc' dir='ltr'><strong>καὶ</strong></span> 
     </span>
    </p>
   </div>
   <div class='ocr_carea' id='block_1_26' title="bbox 190 2437 1784 2509">
    <p class='ocr_par' dir='ltr' id='par_1_26' title="bbox 190 2437 1784 2509">
     <span class='ocr_line' id='line_1_26' title="bbox 190 2437 1784 2509; baseline -0.003 -17"><span class='ocrx_word' id='word_1_172' title='bbox 190 2440 369 2492; x_wconf 67' lang='grc' dir='ltr'>ἐλθεῖν</span> <span class='ocrx_word' id='word_1_173' title='bbox 403 2439 541 2509; x_wconf 87' lang='grc' dir='ltr'>πρός</span> <span class='ocrx_word' id='word_1_174' title='bbox 574 2457 664 2507; x_wconf 85' lang='grc' dir='ltr'><strong>με,</strong></span> <span class='ocrx_word' id='word_1_175' title='bbox 695 2439 781 2491; x_wconf 76' lang='grc' dir='ltr'>ἵνα</span> <span class='ocrx_word' id='word_1_176' title='bbox 813 2437 873 2491; x_wconf 83' lang='grc' dir='ltr'>τὸ</span> <span class='ocrx_word' id='word_1_177' title='bbox 904 2437 1074 2502; x_wconf 83' lang='grc' dir='ltr'>πάθος</span> <span class='ocrx_word' id='word_1_178' title='bbox 1097 2437 1124 2490; x_wconf 78' lang='grc' dir='ltr'><strong>ὃ</strong></span> <span class='ocrx_word' id='word_1_179' title='bbox 1151 2438 1258 2507; x_wconf 77' lang='grc' dir='ltr'><strong>ἔχω</strong></span> <span class='ocrx_word' id='word_1_180' title='bbox 1287 2439 1652 2508; x_wconf 77' lang='grc' dir='ltr'>θεραπεύσῃς.</span> <span class='ocrx_word' id='word_1_181' title='bbox 1675 2437 1784 2489; x_wconf 78' lang='grc' dir='ltr'><strong>Καὶ</strong></span> 
     </span>
    </p>
   </div>
   <div class='ocr_carea' id='block_1_27' title="bbox 191 2530 1782 2602">
    <p class='ocr_par' dir='ltr' id='par_1_27' title="bbox 191 2530 1782 2602">
     <span class='ocr_line' id='line_1_27' title="bbox 191 2530 1782 2602; baseline -0.003 -17"><span class='ocrx_word' id='word_1_182' title='bbox 191 2534 302 2602; x_wconf 63' lang='grc' dir='ltr'>γὰρ</span> <span class='ocrx_word' id='word_1_183' title='bbox 329 2532 546 2601; x_wconf 73' lang='grc' dir='ltr'>ἥκουσα</span> <span class='ocrx_word' id='word_1_184' title='bbox 580 2532 663 2584; x_wconf 79' lang='grc' dir='ltr'>ὃτι</span> <span class='ocrx_word' id='word_1_185' title='bbox 695 2531 790 2583; x_wconf 76' lang='grc' dir='ltr'><strong>καὶ</strong></span> <span class='ocrx_word' id='word_1_186' title='bbox 819 2531 867 2583; x_wconf 72' lang='grc' dir='ltr'>οἱ</span> <span class='ocrx_word' id='word_1_187' title='bbox 908 2531 1150 2583; x_wconf 78' lang='grc' dir='ltr'>Ἰουδαῖοι</span> <span class='ocrx_word' id='word_1_188' title='bbox 1187 2530 1661 2598; x_wconf 73' lang='grc' dir='ltr'>καταγογγύζονσί</span> <span class='ocrx_word' id='word_1_189' title='bbox 1689 2547 1782 2581; x_wconf 80' lang='grc' dir='ltr'><strong>σου</strong></span> 
     </span>
    </p>
   </div>
   <div class='ocr_carea' id='block_1_28' title="bbox 191 2620 1785 2691">
    <p class='ocr_par' dir='ltr' id='par_1_28' title="bbox 191 2620 1785 2691">
     <span class='ocr_line' id='line_1_28' title="bbox 191 2620 1785 2691; baseline -0.003 -15"><span class='ocrx_word' id='word_1_190' title='bbox 191 2624 286 2676; x_wconf 80' lang='grc' dir='ltr'>καὶ</span> <span class='ocrx_word' id='word_1_191' title='bbox 323 2620 612 2691; x_wconf 79' lang='grc' dir='ltr'>βούλονται</span> <span class='ocrx_word' id='word_1_192' title='bbox 645 2621 999 2674; x_wconf 75' lang='grc' dir='ltr'>κακῶσαῖσε.</span> <span class='ocrx_word' id='word_1_193' title='bbox 1029 2622 1192 2684; x_wconf 80' lang='grc' dir='ltr'>Πόλις</span> <span class='ocrx_word' id='word_1_194' title='bbox 1214 2621 1270 2674; x_wconf 83' lang='grc' dir='ltr'><strong>δέ</strong></span> <span class='ocrx_word' id='word_1_195' title='bbox 1301 2623 1389 2688; x_wconf 81' lang='grc' dir='ltr'><strong>μοί</strong></span> <span class='ocrx_word' id='word_1_196' title='bbox 1419 2626 1532 2673; x_wconf 77' lang='grc' dir='ltr'>ἐστι</span> <span class='ocrx_word' id='word_1_197' title='bbox 1557 2638 1785 2689; x_wconf 80' lang='grc' dir='ltr'>σμικρο-</span> 
     </span>
    </p>
   </div>
   <div class='ocr_carea' id='block_1_29' title="bbox 190 2711 1780 2782">
    <p class='ocr_par' dir='ltr' id='par_1_29' title="bbox 190 2711 1780 2782">
     <span class='ocr_line' id='line_1_29' title="bbox 190 2711 1780 2782; baseline 0.001 -18"><span class='ocrx_word' id='word_1_198' title='bbox 190 2713 351 2781; x_wconf 66' lang='grc' dir='ltr'>τάτη,</span> <span class='ocrx_word' id='word_1_199' title='bbox 423 2712 509 2782; x_wconf 80' lang='grc' dir='ltr'><strong>[Ρ.</strong></span> <span class='ocrx_word' id='word_1_200' title='bbox 569 2711 697 2782; x_wconf 71' lang='grc'><strong>176]</strong></span> <span class='ocrx_word' id='word_1_201' title='bbox 755 2713 876 2782; x_wconf 69' lang='grc' dir='ltr'>ἥτις</span> <span class='ocrx_word' id='word_1_202' title='bbox 909 2713 1198 2782; x_wconf 78' lang='grc' dir='ltr'>ἐξαρκέσει</span> <span class='ocrx_word' id='word_1_203' title='bbox 1229 2712 1563 2782; x_wconf 79' lang='grc' dir='ltr'>ἀμφοτέροις</span> <span class='ocrx_word' id='word_1_204' title='bbox 1626 2714 1780 2780; x_wconf 75' lang='grc' dir='ltr'>ἡμῖν.</span> 
     </span>
    </p>
   </div>
   <div class='ocr_carea' id='block_1_30' title="bbox 197 2801 1784 2876">
    <p class='ocr_par' dir='ltr' id='par_1_30' title="bbox 197 2801 1784 2876">
     <span class='ocr_line' id='line_1_30' title="bbox 197 2801 1784 2876; baseline -0.001 -20"><span class='ocrx_word' id='word_1_205' title='bbox 197 2804 483 2875; x_wconf 76' lang='grc' dir='ltr'>Ἔρρωσθ.</span> <span class='ocrx_word' id='word_1_206' title='bbox 531 2822 549 2855; x_wconf 72' lang='grc' dir='ltr'><strong>ι</strong></span> <span class='ocrx_word' id='word_1_207' title='bbox 601 2803 658 2856; x_wconf 85' lang='lat'><strong>&#39;0</strong></span> <span class='ocrx_word' id='word_1_208' title='bbox 687 2804 744 2856; x_wconf 86' lang='grc' dir='ltr'>δὲ</span> <span class='ocrx_word' id='word_1_209' title='bbox 797 2804 1139 2876; x_wconf 83' lang='grc' dir='ltr'>ταχυδρόμος</span> <span class='ocrx_word' id='word_1_210' title='bbox 1175 2801 1428 2856; x_wconf 81' lang='grc' dir='ltr'>ἀπελθὼν</span> <span class='ocrx_word' id='word_1_211' title='bbox 1489 2804 1544 2855; x_wconf 83' lang='grc' dir='ltr'><strong>ἐν</strong></span> <span class='ocrx_word' id='word_1_212' title='bbox 1587 2802 1784 2871; x_wconf 85' lang='grc' dir='ltr'>Ἰερου-</span> 
     </span>
    </p>
   </div>
   <div class='ocr_carea' id='block_1_31' title="bbox 195 2889 1787 2965">
    <p class='ocr_par' dir='ltr' id='par_1_31' title="bbox 195 2889 1787 2965">
     <span class='ocr_line' id='line_1_31' title="bbox 195 2889 1787 2965; baseline -0.002 -17"><span class='ocrx_word' id='word_1_213' title='bbox 195 2895 406 2964; x_wconf 75' lang='grc' dir='ltr'>σαλὴμ,</span> <span class='ocrx_word' id='word_1_214' title='bbox 434 2894 530 2947; x_wconf 69' lang='grc' dir='ltr'><strong>καὶ</strong></span> <span class='ocrx_word' id='word_1_215' title='bbox 553 2895 677 2956; x_wconf 78' lang='grc' dir='ltr'>δοὺς</span> <span class='ocrx_word' id='word_1_216' title='bbox 709 2895 788 2965; x_wconf 81' lang='grc' dir='ltr'><strong>τῷ</strong></span> <span class='ocrx_word' id='word_1_217' title='bbox 813 2894 1005 2964; x_wconf 76' lang='grc' dir='ltr'>Κυρίῳ</span> <span class='ocrx_word' id='word_1_218' title='bbox 1030 2893 1129 2964; x_wconf 84' lang='grc' dir='ltr'>τὴν</span> <span class='ocrx_word' id='word_1_219' title='bbox 1161 2895 1469 2964; x_wconf 73' lang='grc' dir='ltr'>ἐπιστολὴν,</span> <span class='ocrx_word' id='word_1_220' title='bbox 1503 2889 1569 2962; x_wconf 84' lang='grc' dir='ltr'>ἦν</span> <span class='ocrx_word' id='word_1_221' title='bbox 1593 2896 1787 2962; x_wconf 79' lang='grc' dir='ltr'>ἐπιμε-</span> 
     </span>
    </p>
   </div>
   <div class='ocr_carea' id='block_1_32' title="bbox 191 2983 1784 3054">
    <p class='ocr_par' dir='ltr' id='par_1_32' title="bbox 191 2983 1784 3054">
     <span class='ocr_line' id='line_1_32' title="bbox 191 2983 1784 3054; baseline -0.002 -18"><span class='ocrx_word' id='word_1_222' title='bbox 191 2985 299 3046; x_wconf 81' lang='grc' dir='ltr'><strong>λῶς</strong></span> <span class='ocrx_word' id='word_1_223' title='bbox 326 2984 594 3047; x_wconf 74' lang='grc' dir='ltr'>ἀτενίζων</span> <span class='ocrx_word' id='word_1_224' title='bbox 623 2984 790 3053; x_wconf 82' lang='grc' dir='ltr'>αὐτῷ,</span> <span class='ocrx_word' id='word_1_225' title='bbox 822 2984 896 3054; x_wconf 81' lang='grc' dir='ltr'><strong>μὴ</strong></span> <span class='ocrx_word' id='word_1_226' title='bbox 957 2985 1250 3053; x_wconf 87' lang='grc' dir='ltr'>δυνάμενος</span> <span class='ocrx_word' id='word_1_227' title='bbox 1271 2985 1324 3036; x_wconf 83' lang='grc' dir='ltr'>δὲ</span> <span class='ocrx_word' id='word_1_228' title='bbox 1361 2983 1585 3051; x_wconf 78' lang='grc' dir='ltr'>πλησίον</span> <span class='ocrx_word' id='word_1_229' title='bbox 1617 2983 1784 3034; x_wconf 67' lang='grc' dir='ltr'>αὑτοῦ</span> 
     </span>
    </p>
   </div>
   <div class='ocr_carea' id='block_1_33' title="bbox 196 3077 1786 3148">
    <p class='ocr_par' dir='ltr' id='par_1_33' title="bbox 196 3077 1786 3148">
     <span class='ocr_line' id='line_1_33' title="bbox 196 3077 1786 3148; baseline 0 -20"><span class='ocrx_word' id='word_1_230' title='bbox 196 3077 393 3147; x_wconf 76' lang='grc' dir='ltr'>στῆναι</span> <span class='ocrx_word' id='word_1_231' title='bbox 440 3077 530 3129; x_wconf 67' lang='grc' dir='ltr'><strong>διὰ</strong></span> <span class='ocrx_word' id='word_1_232' title='bbox 583 3078 640 3128; x_wconf 63' lang='grc' dir='ltr'>τὸ</span> <span class='ocrx_word' id='word_1_233' title='bbox 679 3078 988 3148; x_wconf 78' lang='grc' dir='ltr'>συρῤεῦσαν</span> <span class='ocrx_word' id='word_1_234' title='bbox 1047 3077 1273 3146; x_wconf 81' lang='grc' dir='ltr'>πλῆθος,</span> <span class='ocrx_word' id='word_1_235' title='bbox 1308 3077 1401 3130; x_wconf 76' lang='grc' dir='ltr'><strong>ἐπί</strong></span> <span class='ocrx_word' id='word_1_236' title='bbox 1428 3094 1548 3127; x_wconf 87' lang='grc' dir='ltr'>τινα</span> <span class='ocrx_word' id='word_1_237' title='bbox 1582 3077 1786 3146; x_wconf 81' lang='grc' dir='ltr'>πέτραν</span> 
     </span>
    </p>
   </div>
   <div class='ocr_carea' id='block_1_34' title="bbox 201 3165 1786 3240">
    <p class='ocr_par' dir='ltr' id='par_1_34' title="bbox 201 3165 1786 3240">
     <span class='ocr_line' id='line_1_34' title="bbox 201 3165 1786 3240; baseline -0.001 -20"><span class='ocrx_word' id='word_1_238' title='bbox 201 3170 402 3239; x_wconf 81' lang='grc' dir='ltr'>μικρὸν</span> <span class='ocrx_word' id='word_1_239' title='bbox 429 3167 531 3236; x_wconf 83' lang='grc' dir='ltr'><strong>τῆς</strong></span> <span class='ocrx_word' id='word_1_240' title='bbox 559 3169 662 3237; x_wconf 75' lang='grc' dir='ltr'><strong>γῆς</strong></span> <span class='ocrx_word' id='word_1_241' title='bbox 693 3169 1059 3240; x_wconf 85' lang='grc' dir='ltr'>ἀνεστηκυῖαν</span> <span class='ocrx_word' id='word_1_242' title='bbox 1089 3168 1301 3231; x_wconf 74' lang='grc' dir='ltr'>ἀναϐὰς</span> <span class='ocrx_word' id='word_1_243' title='bbox 1337 3165 1633 3236; x_wconf 83' lang='grc' dir='ltr'>ἐκαθέσθη,</span> <span class='ocrx_word' id='word_1_244' title='bbox 1692 3166 1786 3218; x_wconf 73' lang='grc' dir='ltr'>καὶ</span> 
     </span>
    </p>
   </div>
   <div class='ocr_carea' id='block_1_35' title="bbox 194 3257 1786 3330">
    <p class='ocr_par' dir='ltr' id='par_1_35' title="bbox 194 3257 1786 3330">
     <span class='ocr_line' id='line_1_35' title="bbox 194 3257 1786 3330; baseline -0.001 -19"><span class='ocrx_word' id='word_1_245' title='bbox 194 3260 356 3322; x_wconf 72' lang='grc' dir='ltr'>εὐθὺς</span> <span class='ocrx_word' id='word_1_246' title='bbox 387 3259 583 3328; x_wconf 80' lang='grc' dir='ltr'>ἐκείνῳ</span> <span class='ocrx_word' id='word_1_247' title='bbox 617 3260 715 3328; x_wconf 81' lang='grc' dir='ltr'><strong>μὲν</strong></span> <span class='ocrx_word' id='word_1_248' title='bbox 751 3262 876 3322; x_wconf 82' lang='grc' dir='ltr'>τοὺς</span> <span class='ocrx_word' id='word_1_249' title='bbox 905 3261 1239 3330; x_wconf 73' lang='grc' dir='ltr'>ὀφθαλμοὺς,</span> <span class='ocrx_word' id='word_1_250' title='bbox 1275 3259 1353 3326; x_wconf 71' lang='grc' dir='ltr'>τῷ</span> <span class='ocrx_word' id='word_1_251' title='bbox 1392 3260 1448 3311; x_wconf 84' lang='grc' dir='ltr'>δὲ</span> <span class='ocrx_word' id='word_1_252' title='bbox 1480 3259 1657 3330; x_wconf 74' lang='grc' dir='ltr'>χάρτῃ</span> <span class='ocrx_word' id='word_1_253' title='bbox 1689 3257 1786 3328; x_wconf 76' lang='grc' dir='ltr'>τὴν</span> 
     </span>
    </p>
   </div>
   <div class='ocr_carea' id='block_1_36' title="bbox 195 3350 1788 3420">
    <p class='ocr_par' dir='ltr' id='par_1_36' title="bbox 195 3350 1788 3420">
     <span class='ocr_line' id='line_1_36' title="bbox 195 3350 1788 3420; baseline 0.001 -20"><span class='ocrx_word' id='word_1_254' title='bbox 195 3352 356 3418; x_wconf 82' lang='grc' dir='ltr'>χεῖρα</span> <span class='ocrx_word' id='word_1_255' title='bbox 384 3350 737 3418; x_wconf 82' lang='grc' dir='ltr'>προσήρειδε,</span> <span class='ocrx_word' id='word_1_256' title='bbox 769 3350 864 3403; x_wconf 82' lang='grc' dir='ltr'><strong>καὶ</strong></span> <span class='ocrx_word' id='word_1_257' title='bbox 892 3350 990 3420; x_wconf 79' lang='grc' dir='ltr'>τὴν</span> <span class='ocrx_word' id='word_1_258' title='bbox 1019 3351 1115 3404; x_wconf 86' lang='grc' dir='ltr'><strong>τοῦ</strong></span> <span class='ocrx_word' id='word_1_259' title='bbox 1145 3351 1472 3419; x_wconf 67' lang='grc' dir='ltr'>φαινομένου</span> <span class='ocrx_word' id='word_1_260' title='bbox 1516 3353 1788 3420; x_wconf 81' lang='grc' dir='ltr'>μετέγρα-</span> 
     </span>
    </p>
   </div>
   <div class='ocr_carea' id='block_1_37' title="bbox 196 3440 1790 3510">
    <p class='ocr_par' dir='ltr' id='par_1_37' title="bbox 196 3440 1790 3510">
     <span class='ocr_line' id='line_1_37' title="bbox 196 3440 1790 3510; baseline 0.001 -20"><span class='ocrx_word' id='word_1_261' title='bbox 196 3457 296 3507; x_wconf 70' lang='grc' dir='ltr'>φεν</span> <span class='ocrx_word' id='word_1_262' title='bbox 319 3441 642 3509; x_wconf 67' lang='grc' dir='ltr'>ὁμοιότητα.</span> <span class='ocrx_word' id='word_1_263' title='bbox 680 3440 791 3493; x_wconf 82' lang='grc' dir='ltr'><strong>Καὶ</strong></span> <span class='ocrx_word' id='word_1_264' title='bbox 813 3441 1062 3510; x_wconf 79' lang='grc' dir='ltr'>οὐδαμῶς</span> <span class='ocrx_word' id='word_1_265' title='bbox 1085 3442 1326 3510; x_wconf 70' lang='grc' dir='ltr'>ἠδύνατο</span> <span class='ocrx_word' id='word_1_266' title='bbox 1357 3444 1524 3495; x_wconf 83' lang='grc' dir='ltr'>αὑτὸν</span> <span class='ocrx_word' id='word_1_267' title='bbox 1555 3442 1790 3496; x_wconf 65' lang='grc' dir='ltr'>καταλαφ</span> 
     </span>
    </p>
   </div>
   <div class='ocr_carea' id='block_1_38' title="bbox 196 3529 1788 3600">
    <p class='ocr_par' dir='ltr' id='par_1_38' title="bbox 196 3529 1788 3600">
     <span class='ocr_line' id='line_1_38' title="bbox 196 3529 1788 3600; baseline 0.001 -20"><span class='ocrx_word' id='word_1_268' title='bbox 196 3529 315 3580; x_wconf 81' lang='grc' dir='ltr'>ϐ;ῖν</span> <span class='ocrx_word' id='word_1_269' title='bbox 345 3529 435 3580; x_wconf 74' lang='grc' dir='ltr'>διὰ</span> <span class='ocrx_word' id='word_1_270' title='bbox 463 3529 523 3579; x_wconf 72' lang='grc' dir='ltr'>τὸ</span> <span class='ocrx_word' id='word_1_271' title='bbox 553 3529 721 3600; x_wconf 80' lang='grc' dir='ltr'>ἑτέρᾳ</span> <span class='ocrx_word' id='word_1_272' title='bbox 755 3529 848 3581; x_wconf 77' lang='grc' dir='ltr'>καὶ</span> <span class='ocrx_word' id='word_1_273' title='bbox 893 3530 1056 3600; x_wconf 65' lang='grc' dir='ltr'><strong>ἑτέρᾳ⁵</strong></span> <span class='ocrx_word' id='word_1_274' title='bbox 1093 3530 1216 3597; x_wconf 72' lang='grc' dir='ltr'>ειψει</span> <span class='ocrx_word' id='word_1_275' title='bbox 1279 3531 1590 3598; x_wconf 74' lang='grc' dir='ltr'>φαίνεσθαι.</span> <span class='ocrx_word' id='word_1_276' title='bbox 1632 3531 1689 3582; x_wconf 84' lang='grc' dir='ltr'>Ὀ</span> <span class='ocrx_word' id='word_1_277' title='bbox 1733 3530 1788 3583; x_wconf 85' lang='grc' dir='ltr'>δὲ</span> 
     </span>
    </p>
   </div>
   <div class='ocr_carea' id='block_1_39' title="bbox 197 3619 1792 3690">
    <p class='ocr_par' dir='ltr' id='par_1_39' title="bbox 197 3619 1792 3690">
     <span class='ocr_line' id='line_1_39' title="bbox 197 3619 1792 3690; baseline 0.003 -20"><span class='ocrx_word' id='word_1_278' title='bbox 197 3619 432 3686; x_wconf 73' lang='grc' dir='ltr'>Κύριος,</span> <span class='ocrx_word' id='word_1_279' title='bbox 458 3620 533 3680; x_wconf 82' lang='grc' dir='ltr'>ὡς</span> <span class='ocrx_word' id='word_1_280' title='bbox 559 3620 651 3671; x_wconf 80' lang='grc' dir='ltr'>ἆτε</span> <span class='ocrx_word' id='word_1_281' title='bbox 680 3620 924 3688; x_wconf 81' lang='grc' dir='ltr'>κρυφίων</span> <span class='ocrx_word' id='word_1_282' title='bbox 949 3624 1204 3685; x_wconf 83' lang='grc' dir='ltr'>γνώσεων</span> <span class='ocrx_word' id='word_1_283' title='bbox 1231 3623 1324 3674; x_wconf 76' lang='grc' dir='ltr'><strong>καὶ</strong></span> <span class='ocrx_word' id='word_1_284' title='bbox 1349 3622 1584 3690; x_wconf 85' lang='grc' dir='ltr'>καρδιῶν</span> <span class='ocrx_word' id='word_1_285' title='bbox 1611 3621 1792 3685; x_wconf 75' lang='grc' dir='ltr'>ἐξετα-</span> 
     </span>
    </p>
   </div>
   <div class='ocr_carea' id='block_1_40' title="bbox 199 3709 1789 3782">
    <p class='ocr_par' dir='ltr' id='par_1_40' title="bbox 199 3709 1789 3782">
     <span class='ocr_line' id='line_1_40' title="bbox 199 3709 1789 3782; baseline 0.008 -29"><span class='ocrx_word' id='word_1_286' title='bbox 199 3710 354 3779; x_wconf 71' lang='grc' dir='ltr'>στὴς,</span> <span class='ocrx_word' id='word_1_287' title='bbox 388 3710 554 3775; x_wconf 63' lang='grc' dir='ltr'>γνοὺς</span> <span class='ocrx_word' id='word_1_288' title='bbox 581 3709 680 3779; x_wconf 76' lang='grc' dir='ltr'>τὴν</span> <span class='ocrx_word' id='word_1_289' title='bbox 715 3710 1016 3779; x_wconf 71' lang='grc' dir='ltr'>ἐνθύμησιν</span> <span class='ocrx_word' id='word_1_290' title='bbox 1050 3712 1211 3764; x_wconf 81' lang='grc' dir='ltr'>αὐτοῦ</span> <span class='ocrx_word' id='word_1_291' title='bbox 1262 3713 1664 3782; x_wconf 63' lang='grc' dir='ltr'>μετεκαλέσατο</span> <span class='ocrx_word' id='word_1_292' title='bbox 1692 3714 1789 3764; x_wconf 78' lang='grc' dir='ltr'>αύ-</span> 
     </span>
    </p>
   </div>
   <div class='ocr_carea' id='block_1_41' title="bbox 198 3796 1783 3870">
    <p class='ocr_par' dir='ltr' id='par_1_41' title="bbox 198 3796 1783 3870">
     <span class='ocr_line' id='line_1_41' title="bbox 198 3796 1783 3870; baseline 0.001 -19"><span class='ocrx_word' id='word_1_293' title='bbox 198 3799 313 3862; x_wconf 71' lang='grc' dir='ltr'>τδν,</span> <span class='ocrx_word' id='word_1_294' title='bbox 353 3798 450 3849; x_wconf 66' lang='grc' dir='ltr'><strong>καὶ</strong></span> <span class='ocrx_word' id='word_1_295' title='bbox 482 3796 728 3868; x_wconf 80' lang='grc' dir='ltr'>ζητήσας</span> <span class='ocrx_word' id='word_1_296' title='bbox 761 3798 1018 3866; x_wconf 73' lang='grc' dir='ltr'>νίψασθαι</span> <span class='ocrx_word' id='word_1_297' title='bbox 1051 3800 1277 3868; x_wconf 78' lang='grc' dir='ltr'>ἐπεδόθη</span> <span class='ocrx_word' id='word_1_298' title='bbox 1309 3801 1457 3870; x_wconf 84' lang='grc' dir='ltr'>αὐτῷ</span> <span class='ocrx_word' id='word_1_299' title='bbox 1504 3802 1669 3869; x_wconf 70' lang='grc' dir='ltr'>ῥάκος</span> <span class='ocrx_word' id='word_1_300' title='bbox 1698 3818 1783 3852; x_wconf 85' lang='grc' dir='ltr'>τε·</span> 
     </span>
    </p>
   </div>
   <div class='ocr_carea' id='block_1_42' title="bbox 197 3884 1791 3960">
    <p class='ocr_par' dir='ltr' id='par_1_42' title="bbox 197 3884 1791 3960">
     <span class='ocr_line' id='line_1_42' title="bbox 197 3884 1791 3960; baseline 0.001 -20"><span class='ocrx_word' id='word_1_301' title='bbox 197 3888 496 3957; x_wconf 81' lang='grc' dir='ltr'>τράδιπλον</span> <span class='ocrx_word' id='word_1_302' title='bbox 527 3889 667 3957; x_wconf 83' lang='grc' dir='ltr'><strong>μετά</strong></span> <span class='ocrx_word' id='word_1_303' title='bbox 692 3889 751 3941; x_wconf 83' lang='grc' dir='ltr'><strong>τὸ</strong></span> <span class='ocrx_word' id='word_1_304' title='bbox 776 3889 1056 3957; x_wconf 74' lang='grc' dir='ltr'>νίψασθαι,</span> <span class='ocrx_word' id='word_1_305' title='bbox 1076 3893 1132 3944; x_wconf 86' lang='grc' dir='ltr'><strong>ἐν</strong></span> <span class='ocrx_word' id='word_1_306' title='bbox 1155 3884 1200 3959; x_wconf 80' lang='grc' dir='ltr'>ᾧ</span> <span class='ocrx_word' id='word_1_307' title='bbox 1230 3893 1322 3943; x_wconf 72' lang='grc' dir='ltr'><strong>καὶ</strong></span> <span class='ocrx_word' id='word_1_308' title='bbox 1346 3892 1667 3960; x_wconf 80' lang='grc' dir='ltr'>ἀπεμάξατο</span> <span class='ocrx_word' id='word_1_309' title='bbox 1693 3892 1791 3960; x_wconf 83' lang='grc' dir='ltr'><strong>τὴν</strong></span> 
     </span>
    </p>
   </div>
   <div class='ocr_carea' id='block_1_43' title="bbox 197 3977 1784 4052">
    <p class='ocr_par' dir='ltr' id='par_1_43' title="bbox 197 3977 1784 4052">
     <span class='ocr_line' id='line_1_43' title="bbox 197 3977 1784 4052; baseline -0.001 -18"><span class='ocrx_word' id='word_1_310' title='bbox 197 3979 470 4049; x_wconf 74' lang='grc' dir='ltr'>ἄχραντον</span> <span class='ocrx_word' id='word_1_311' title='bbox 503 3979 596 4030; x_wconf 75' lang='grc' dir='ltr'><strong>καὶ</strong></span> <span class='ocrx_word' id='word_1_312' title='bbox 623 3977 773 4031; x_wconf 89' lang='grc' dir='ltr'>θείαν</span> <span class='ocrx_word' id='word_1_313' title='bbox 798 3979 962 4032; x_wconf 84' lang='grc' dir='ltr'>αὑτοῦ</span> <span class='ocrx_word' id='word_1_314' title='bbox 985 3980 1125 4048; x_wconf 63' lang='grc' dir='ltr'>ὄψιν.</span> <span class='ocrx_word' id='word_1_315' title='bbox 1161 3983 1270 4034; x_wconf 73' lang='grc' dir='ltr'>Καὶ</span> <span class='ocrx_word' id='word_1_316' title='bbox 1297 3982 1341 4034; x_wconf 85' lang='grc' dir='ltr'><strong>ῶ</strong></span> <span class='ocrx_word' id='word_1_317' title='bbox 1362 3981 1455 4034; x_wconf 86' lang='grc' dir='ltr'><strong>τοῦ</strong></span> <span class='ocrx_word' id='word_1_318' title='bbox 1485 3982 1784 4052; x_wconf 78' lang='grc' dir='ltr'>θαύματοςί</span> 
     </span>
    </p>
   </div>
   <div class='ocr_carea' id='block_1_44' title="bbox 197 4069 1789 4144">
    <p class='ocr_par' dir='ltr' id='par_1_44' title="bbox 197 4069 1789 4144">
     <span class='ocr_line' id='line_1_44' title="bbox 197 4069 1789 4144; baseline 0.001 -22"><span class='ocrx_word' id='word_1_319' title='bbox 197 4069 485 4139; x_wconf 81' lang='grc' dir='ltr'>παρευθὺς</span> <span class='ocrx_word' id='word_1_320' title='bbox 518 4070 839 4142; x_wconf 77' lang='grc' dir='ltr'>ἐνετυπώθη</span> <span class='ocrx_word' id='word_1_321' title='bbox 864 4073 962 4141; x_wconf 81' lang='grc' dir='ltr'>τῆς</span> <span class='ocrx_word' id='word_1_322' title='bbox 996 4074 1164 4126; x_wconf 80' lang='grc' dir='ltr'>αὑτοῦ</span> <span class='ocrx_word' id='word_1_323' title='bbox 1209 4075 1426 4144; x_wconf 78' lang='grc' dir='ltr'>μορφῆς</span> <span class='ocrx_word' id='word_1_324' title='bbox 1485 4075 1544 4126; x_wconf 76' lang='grc' dir='ltr'><strong>τὸ</strong></span> <span class='ocrx_word' id='word_1_325' title='bbox 1573 4074 1789 4126; x_wconf 77' lang='grc' dir='ltr'>ἀπεικόο</span> 
     </span>
    </p>
   </div>
   <div class='ocr_carea' id='block_1_45' title="bbox 199 4163 1793 4235">
    <p class='ocr_par' dir='ltr' id='par_1_45' title="bbox 199 4163 1793 4235">
     <span class='ocr_line' id='line_1_45' title="bbox 199 4163 1793 4235; baseline 0.001 -22"><span class='ocrx_word' id='word_1_326' title='bbox 199 4180 371 4232; x_wconf 75' lang='grc' dir='ltr'>νισμα</span> <span class='ocrx_word' id='word_1_327' title='bbox 432 4164 489 4214; x_wconf 84' lang='grc' dir='ltr'><strong>ἐν</strong></span> <span class='ocrx_word' id='word_1_328' title='bbox 525 4165 590 4231; x_wconf 78' lang='grc' dir='ltr'>τῇ</span> <span class='ocrx_word' id='word_1_329' title='bbox 650 4163 869 4225; x_wconf 83' lang='grc' dir='ltr'>σινδόνι,</span> <span class='ocrx_word' id='word_1_330' title='bbox 913 4165 978 4232; x_wconf 82' lang='grc' dir='ltr'>ἡν</span> <span class='ocrx_word' id='word_1_331' title='bbox 1037 4164 1132 4218; x_wconf 70' lang='grc' dir='ltr'><strong>καὶ</strong></span> <span class='ocrx_word' id='word_1_332' title='bbox 1161 4165 1407 4218; x_wconf 85' lang='grc' dir='ltr'>ἀπέδωκε</span> <span class='ocrx_word' id='word_1_333' title='bbox 1455 4165 1532 4234; x_wconf 84' lang='grc' dir='ltr'>τῷ</span> <span class='ocrx_word' id='word_1_334' title='bbox 1575 4165 1793 4235; x_wconf 75' lang='grc' dir='ltr'>Ἀνανία</span> 
     </span>
    </p>
   </div>
   <div class='ocr_carea' id='block_1_46' title="bbox 199 4253 1790 4328">
    <p class='ocr_par' dir='ltr' id='par_1_46' title="bbox 199 4253 1790 4328">
     <span class='ocr_line' id='line_1_46' title="bbox 199 4253 1790 4328; baseline 0.002 -23"><span class='ocrx_word' id='word_1_335' title='bbox 199 4253 430 4308; x_wconf 78' lang='grc' dir='ltr'>εἰπών’(</span> <span class='ocrx_word' id='word_1_336' title='bbox 463 4254 721 4319; x_wconf 79' lang='grc' dir='ltr'>Ἀπελθε,</span> <span class='ocrx_word' id='word_1_337' title='bbox 745 4256 840 4307; x_wconf 73' lang='grc' dir='ltr'><strong>καὶ</strong></span> <span class='ocrx_word' id='word_1_338' title='bbox 873 4258 1068 4319; x_wconf 66' lang='grc' dir='ltr'>ἀπίδος</span> <span class='ocrx_word' id='word_1_339' title='bbox 1099 4259 1270 4326; x_wconf 75' lang='grc' dir='ltr'>αὐτὴν</span> <span class='ocrx_word' id='word_1_340' title='bbox 1301 4259 1379 4328; x_wconf 84' lang='grc' dir='ltr'>τῷ</span> <span class='ocrx_word' id='word_1_341' title='bbox 1409 4258 1790 4310; x_wconf 71' lang='grc' dir='ltr'>ἀποστείλαντι</span> 
     </span>
    </p>
   </div>
   <div class='ocr_carea' id='block_1_47' title="bbox 201 4345 1791 4418">
    <p class='ocr_par' dir='ltr' id='par_1_47' title="bbox 201 4345 1791 4418">
     <span class='ocr_line' id='line_1_47' title="bbox 201 4345 1791 4418; baseline 0.001 -21"><span class='ocrx_word' id='word_1_342' title='bbox 201 4361 316 4397; x_wconf 75' lang='grc' dir='ltr'>σε.»</span> <span class='ocrx_word' id='word_1_343' title='bbox 338 4345 678 4414; x_wconf 76' lang='grc' dir='ltr'>Ἀντέγραψε</span> <span class='ocrx_word' id='word_1_344' title='bbox 710 4347 765 4399; x_wconf 83' lang='grc' dir='ltr'><strong>δέ</strong></span> <span class='ocrx_word' id='word_1_345' title='bbox 793 4349 820 4399; x_wconf 81' lang='grc' dir='ltr'>ὁ</span> <span class='ocrx_word' id='word_1_346' title='bbox 853 4348 1058 4417; x_wconf 78' lang='grc' dir='ltr'>Κύριος</span> <span class='ocrx_word' id='word_1_347' title='bbox 1091 4350 1184 4400; x_wconf 73' lang='grc' dir='ltr'><strong>καὶ</strong></span> <span class='ocrx_word' id='word_1_348' title='bbox 1211 4348 1502 4417; x_wconf 79' lang='grc' dir='ltr'>ἐπιστολὴν</span> <span class='ocrx_word' id='word_1_349' title='bbox 1537 4349 1671 4418; x_wconf 70' lang='grc' dir='ltr'>πρὸς</span> <span class='ocrx_word' id='word_1_350' title='bbox 1701 4349 1791 4399; x_wconf 75' lang='grc' dir='ltr'>τὸν</span> 
     </span>
    </p>
   </div>
   <div class='ocr_carea' id='block_1_48' title="bbox 200 4434 1788 4508">
    <p class='ocr_par' dir='ltr' id='par_1_48' title="bbox 200 4434 1788 4508">
     <span class='ocr_line' id='line_1_48' title="bbox 200 4434 1788 4508; baseline 0.001 -20"><span class='ocrx_word' id='word_1_351' title='bbox 200 4436 482 4506; x_wconf 78' lang='grc' dir='ltr'>Δῦγαρον,</span> <span class='ocrx_word' id='word_1_352' title='bbox 508 4437 602 4488; x_wconf 80' lang='grc' dir='ltr'>ἐπὶ</span> <span class='ocrx_word' id='word_1_353' title='bbox 633 4437 830 4500; x_wconf 81' lang='grc' dir='ltr'>λέξεως</span> <span class='ocrx_word' id='word_1_354' title='bbox 858 4437 1091 4508; x_wconf 74' lang='grc' dir='ltr'>ἔχουσαν</span> <span class='ocrx_word' id='word_1_355' title='bbox 1117 4438 1288 4500; x_wconf 77' lang='grc' dir='ltr'>οὕτως</span> <span class='ocrx_word' id='word_1_356' title='bbox 1309 4457 1322 4468; x_wconf 92' lang='grc'><strong>·</strong></span> <span class='ocrx_word' id='word_1_357' title='bbox 1355 4459 1373 4490; x_wconf 79' lang='grc' dir='ltr'><strong>ι</strong></span> <span class='ocrx_word' id='word_1_358' title='bbox 1407 4439 1691 4508; x_wconf 82' lang='grc' dir='ltr'>Μακάριος</span> <span class='ocrx_word' id='word_1_359' title='bbox 1720 4434 1788 4501; x_wconf 81' lang='grc' dir='ltr'><strong>εἷ,</strong></span> 
     </span>
    </p>
   </div>
   <div class='ocr_carea' id='block_1_49' title="bbox 1887 604 3469 685">
    <p class='ocr_par' dir='ltr' id='par_1_49' title="bbox 1887 604 3469 685">
     <span class='ocr_line' id='line_1_49' title="bbox 1887 604 3469 685; baseline -0.001 -17"><span class='ocrx_word' id='word_1_360' title='bbox 1887 604 2251 671; x_wconf 86' lang='lat' dir='ltr'><strong>admiratione</strong></span> <span class='ocrx_word' id='word_1_361' title='bbox 2305 616 2590 685; x_wconf 89' lang='lat' dir='ltr'><strong>perculsus</strong></span> <span class='ocrx_word' id='word_1_362' title='bbox 2633 613 2912 670; x_wconf 79' lang='lat' dir='ltr'><strong>Christum</strong></span> <span class='ocrx_word' id='word_1_363' title='bbox 2963 616 3148 671; x_wconf 87' lang='lat' dir='ltr'><strong>videre</strong></span> <span class='ocrx_word' id='word_1_364' title='bbox 3191 616 3469 671; x_wconf 87' lang='lat' dir='ltr'><strong>desidera-</strong></span> 
     </span>
    </p>
   </div>
   <div class='ocr_carea' id='block_1_50' title="bbox 1886 706 3467 778">
    <p class='ocr_par' dir='ltr' id='par_1_50' title="bbox 1886 706 3467 778">
     <span class='ocr_line' id='line_1_50' title="bbox 1886 706 3467 778; baseline 0.002 -19"><span class='ocrx_word' id='word_1_365' title='bbox 1886 710 1984 760; x_wconf 80' lang='lat' dir='ltr'><strong>vit.</strong></span> <span class='ocrx_word' id='word_1_366' title='bbox 2009 706 2164 772; x_wconf 83' lang='lat' dir='ltr'><strong>Quod</strong></span> <span class='ocrx_word' id='word_1_367' title='bbox 2199 724 2266 762; x_wconf 90' lang='lat' dir='ltr'><strong>ne</strong></span> <span class='ocrx_word' id='word_1_368' title='bbox 2296 709 2469 772; x_wconf 81' lang='lat' dir='ltr'><strong>fieret,</strong></span> <span class='ocrx_word' id='word_1_369' title='bbox 2500 707 2791 762; x_wconf 84' lang='lat' dir='ltr'><strong>insanabili</strong></span> <span class='ocrx_word' id='word_1_370' title='bbox 2824 707 3014 762; x_wconf 89' lang='lat' dir='ltr'><strong>morbo</strong></span> <span class='ocrx_word' id='word_1_371' title='bbox 3042 709 3467 778; x_wconf 89' lang='lat' dir='ltr'><strong>impediebatur.</strong></span> 
     </span>
    </p>
   </div>
   <div class='ocr_carea' id='block_1_51' title="bbox 1888 796 3468 868">
    <p class='ocr_par' dir='ltr' id='par_1_51' title="bbox 1888 796 3468 868">
     <span class='ocr_line' id='line_1_51' title="bbox 1888 796 3468 868; baseline 0.003 -19"><span class='ocrx_word' id='word_1_372' title='bbox 1888 796 2074 866; x_wconf 84' lang='lat' dir='ltr'><strong>Itaque</strong></span> <span class='ocrx_word' id='word_1_373' title='bbox 2106 798 2172 851; x_wconf 90' lang='lat' dir='ltr'><strong>ad</strong></span> <span class='ocrx_word' id='word_1_374' title='bbox 2209 813 2332 853; x_wconf 89' lang='lat' dir='ltr'><strong>eum</strong></span> <span class='ocrx_word' id='word_1_375' title='bbox 2377 799 2538 851; x_wconf 91' lang='lat' dir='ltr'><strong>mittit</strong></span> <span class='ocrx_word' id='word_1_376' title='bbox 2575 798 2864 868; x_wconf 87' lang='lat' dir='ltr'><strong>epistolam</strong></span> <span class='ocrx_word' id='word_1_377' title='bbox 2909 813 3004 866; x_wconf 89' lang='lat' dir='ltr'><strong>per</strong></span> <span class='ocrx_word' id='word_1_378' title='bbox 3051 814 3216 852; x_wconf 91' lang='lat' dir='ltr'><strong>unum</strong></span> <span class='ocrx_word' id='word_1_379' title='bbox 3251 798 3317 853; x_wconf 87' lang='lat' dir='ltr'><strong>de</strong></span> <span class='ocrx_word' id='word_1_380' title='bbox 3352 801 3468 854; x_wconf 88' lang='lat' dir='ltr'><strong>suis</strong></span> 
     </span>
    </p>
   </div>
   <div class='ocr_carea' id='block_1_52' title="bbox 1886 888 3463 958">
    <p class='ocr_par' dir='ltr' id='par_1_52' title="bbox 1886 888 3463 958">
     <span class='ocr_line' id='line_1_52' title="bbox 1886 888 3463 958; baseline -0.002 -15"><span class='ocrx_word' id='word_1_381' title='bbox 1886 891 2202 944; x_wconf 76' lang='lat' dir='ltr'><strong>cursoribus</strong></span> <span class='ocrx_word' id='word_1_382' title='bbox 2229 888 2495 942; x_wconf 85' lang='lat' dir='ltr'><strong>Anauiam</strong></span> <span class='ocrx_word' id='word_1_383' title='bbox 2524 891 2767 952; x_wconf 86' lang='lat' dir='ltr'><strong>nomine,</strong></span> <span class='ocrx_word' id='word_1_384' title='bbox 2796 890 2954 958; x_wconf 88' lang='lat' dir='ltr'><strong>eique</strong></span> <span class='ocrx_word' id='word_1_385' title='bbox 2980 889 3128 957; x_wconf 90' lang='lat' dir='ltr'><strong>(nam</strong></span> <span class='ocrx_word' id='word_1_386' title='bbox 3158 899 3208 942; x_wconf 89' lang='lat' dir='ltr'><strong>et</strong></span> <span class='ocrx_word' id='word_1_387' title='bbox 3242 892 3463 957; x_wconf 70' lang='lat' dir='ltr'><strong>pingere</strong></span> 
     </span>
    </p>
   </div>
   <div class='ocr_carea' id='block_1_53' title="bbox 1892 978 3467 1049">
    <p class='ocr_par' dir='ltr' id='par_1_53' title="bbox 1892 978 3467 1049">
     <span class='ocr_line' id='line_1_53' title="bbox 1892 978 3467 1049; baseline -0.001 -17"><span class='ocrx_word' id='word_1_388' title='bbox 1892 982 2069 1049; x_wconf 85' lang='lat' dir='ltr'><strong>norat)</strong></span> <span class='ocrx_word' id='word_1_389' title='bbox 2117 981 2333 1031; x_wconf 88' lang='lat' dir='ltr'><strong>mandat</strong></span> <span class='ocrx_word' id='word_1_390' title='bbox 2367 991 2425 1032; x_wconf 89' lang='lat' dir='ltr'><strong>ut</strong></span> <span class='ocrx_word' id='word_1_391' title='bbox 2455 978 2656 1033; x_wconf 86' lang='lat' dir='ltr'><strong>Christi</strong></span> <span class='ocrx_word' id='word_1_392' title='bbox 2695 979 2925 1034; x_wconf 86' lang='lat' dir='ltr'><strong>formam</strong></span> <span class='ocrx_word' id='word_1_393' title='bbox 2972 981 3021 1032; x_wconf 91' lang='lat' dir='ltr'><strong>in</strong></span> <span class='ocrx_word' id='word_1_394' title='bbox 3061 980 3240 1030; x_wconf 88' lang='lat' dir='ltr'><strong>tabula</strong></span> <span class='ocrx_word' id='word_1_395' title='bbox 3276 981 3467 1044; x_wconf 83' lang='lat' dir='ltr'><strong>depin-</strong></span> 
     </span>
    </p>
   </div>
   <div class='ocr_carea' id='block_1_54' title="bbox 1887 1071 3460 1140">
    <p class='ocr_par' dir='ltr' id='par_1_54' title="bbox 1887 1071 3460 1140">
     <span class='ocr_line' id='line_1_54' title="bbox 1887 1071 3460 1140; baseline -0.003 -16"><span class='ocrx_word' id='word_1_396' title='bbox 1887 1079 2053 1137; x_wconf 79' lang='lat' dir='ltr'><strong>geret.</strong></span> <span class='ocrx_word' id='word_1_397' title='bbox 2081 1071 2335 1140; x_wconf 57' lang='lat' dir='ltr'><strong>Epistulae</strong></span> <span class='ocrx_word' id='word_1_398' title='bbox 2365 1075 2670 1139; x_wconf 74' lang='lat' dir='ltr'><strong>exemplum</strong></span> <span class='ocrx_word' id='word_1_399' title='bbox 2705 1071 2843 1123; x_wconf 81' lang='lat' dir='ltr'><strong>infra</strong></span> <span class='ocrx_word' id='word_1_400' title='bbox 2871 1074 3133 1132; x_wconf 80' lang='lat' dir='ltr'><strong>scriptum</strong></span> <span class='ocrx_word' id='word_1_401' title='bbox 3161 1080 3244 1122; x_wconf 68' lang='lat' dir='ltr'><strong>e~t</strong></span> <span class='ocrx_word' id='word_1_402' title='bbox 3270 1089 3278 1121; x_wconf 83' lang='lat'><strong><em>:</em></strong></span> <span class='ocrx_word' id='word_1_403' title='bbox 3315 1087 3330 1119; x_wconf 83' lang='lat' dir='ltr'><strong>t</strong></span> <span class='ocrx_word' id='word_1_404' title='bbox 3359 1078 3460 1122; x_wconf 80' lang='lat' dir='ltr'><strong>Au-</strong></span> 
     </span>
    </p>
   </div>
   <div class='ocr_carea' id='block_1_55' title="bbox 1886 1162 3471 1232">
    <p class='ocr_par' dir='ltr' id='par_1_55' title="bbox 1886 1162 3471 1232">
     <span class='ocr_line' id='line_1_55' title="bbox 1886 1162 3471 1232; baseline -0.001 -15"><span class='ocrx_word' id='word_1_405' title='bbox 1886 1180 2048 1232; x_wconf 79' lang='lat' dir='ltr'><strong>garus</strong></span> <span class='ocrx_word' id='word_1_406' title='bbox 2095 1163 2313 1232; x_wconf 81' lang='lat' dir='ltr'><strong>regulus</strong></span> <span class='ocrx_word' id='word_1_407' title='bbox 2353 1164 2569 1218; x_wconf 71' lang='lat' dir='ltr'><strong>Edessa:</strong></span> <span class='ocrx_word' id='word_1_408' title='bbox 2619 1163 2771 1216; x_wconf 85' lang='lat' dir='ltr'><strong>urbis</strong></span> <span class='ocrx_word' id='word_1_409' title='bbox 2813 1162 2939 1218; x_wconf 79' lang='lat' dir='ltr'><strong>Jesu</strong></span> <span class='ocrx_word' id='word_1_410' title='bbox 2983 1162 3264 1216; x_wconf 78' lang='lat' dir='ltr'><strong>Servalot&#39;i</strong></span> <span class='ocrx_word' id='word_1_411' title='bbox 3306 1165 3471 1224; x_wconf 70' lang='lat' dir='ltr'><strong>bono,</strong></span> 
     </span>
    </p>
   </div>
   <div class='ocr_carea' id='block_1_56' title="bbox 1886 1255 3466 1324">
    <p class='ocr_par' dir='ltr' id='par_1_56' title="bbox 1886 1255 3466 1324">
     <span class='ocr_line' id='line_1_56' title="bbox 1886 1255 3466 1324; baseline -0.003 -15"><span class='ocrx_word' id='word_1_412' title='bbox 1886 1255 2172 1309; x_wconf 83' lang='lat' dir='ltr'><strong>exsistenti</strong></span> <span class='ocrx_word' id='word_1_413' title='bbox 2215 1256 2270 1308; x_wconf 92' lang='lat' dir='ltr'><strong>in</strong></span> <span class='ocrx_word' id='word_1_414' title='bbox 2297 1257 2429 1310; x_wconf 82' lang='lat' dir='ltr'><strong>urbe</strong></span> <span class='ocrx_word' id='word_1_415' title='bbox 2479 1256 2882 1324; x_wconf 83' lang='lat' dir='ltr'><strong>Hierosolyma,</strong></span> <span class='ocrx_word' id='word_1_416' title='bbox 2928 1257 3178 1308; x_wconf 79' lang='lat' dir='ltr'><strong>salutem.</strong></span> <span class='ocrx_word' id='word_1_417' title='bbox 3233 1257 3466 1308; x_wconf 79' lang='lat' dir='ltr'><strong>Allatum</strong></span> 
     </span>
    </p>
   </div>
   <div class='ocr_carea' id='block_1_57' title="bbox 1887 1347 3468 1414">
    <p class='ocr_par' dir='ltr' id='par_1_57' title="bbox 1887 1347 3468 1414">
     <span class='ocr_line' id='line_1_57' title="bbox 1887 1347 3468 1414; baseline -0.001 -14"><span class='ocrx_word' id='word_1_418' title='bbox 1887 1348 1953 1400; x_wconf 90' lang='lat' dir='ltr'><strong>ad</strong></span> <span class='ocrx_word' id='word_1_419' title='bbox 1990 1363 2076 1401; x_wconf 92' lang='lat' dir='ltr'><strong>me</strong></span> <span class='ocrx_word' id='word_1_420' title='bbox 2110 1354 2194 1400; x_wconf 87' lang='lat' dir='ltr'><strong>est</strong></span> <span class='ocrx_word' id='word_1_421' title='bbox 2231 1357 2280 1399; x_wconf 85' lang='lat' dir='ltr'><strong>te</strong></span> <span class='ocrx_word' id='word_1_422' title='bbox 2313 1349 2429 1401; x_wconf 89' lang='lat' dir='ltr'><strong>sine</strong></span> <span class='ocrx_word' id='word_1_423' title='bbox 2460 1347 2876 1401; x_wconf 81' lang='lat' dir='ltr'><strong>medicamentis</strong></span> <span class='ocrx_word' id='word_1_424' title='bbox 2910 1348 3130 1400; x_wconf 84' lang='lat' dir='ltr'><strong>morbos</strong></span> <span class='ocrx_word' id='word_1_425' title='bbox 3153 1349 3425 1414; x_wconf 63' lang='lat' dir='ltr'><strong>depellere</strong></span> <span class='ocrx_word' id='word_1_426' title='bbox 3453 1365 3468 1399; x_wconf 92' lang='lat'><strong><em>:</em></strong></span> 
     </span>
    </p>
   </div>
   <div class='ocr_carea' id='block_1_58' title="bbox 1887 1437 3472 1504">
    <p class='ocr_par' dir='ltr' id='par_1_58' title="bbox 1887 1437 3472 1504">
     <span class='ocr_line' id='line_1_58' title="bbox 1887 1437 3472 1504; baseline -0.002 -12"><span class='ocrx_word' id='word_1_427' title='bbox 1887 1437 2058 1492; x_wconf 79' lang='lat' dir='ltr'><strong>fertur</strong></span> <span class='ocrx_word' id='word_1_428' title='bbox 2087 1439 2231 1490; x_wconf 90' lang='lat' dir='ltr'><strong>enim</strong></span> <span class='ocrx_word' id='word_1_429' title='bbox 2270 1437 2367 1490; x_wconf 92' lang='lat' dir='ltr'><strong>abs</strong></span> <span class='ocrx_word' id='word_1_430' title='bbox 2404 1446 2454 1489; x_wconf 89' lang='lat' dir='ltr'><strong>te</strong></span> <span class='ocrx_word' id='word_1_431' title='bbox 2487 1439 2646 1490; x_wconf 65' lang='lat' dir='ltr'><strong>caecis</strong></span> <span class='ocrx_word' id='word_1_432' title='bbox 2684 1439 2892 1496; x_wconf 87' lang='lat' dir='ltr'><strong>visum,</strong></span> <span class='ocrx_word' id='word_1_433' title='bbox 2920 1438 3127 1489; x_wconf 88' lang='lat' dir='ltr'><strong>claudis</strong></span> <span class='ocrx_word' id='word_1_434' title='bbox 3166 1438 3472 1504; x_wconf 79' lang='lat' dir='ltr'><strong>ingressum</strong></span> 
     </span>
    </p>
   </div>
   <div class='ocr_carea' id='block_1_59' title="bbox 1887 1527 3470 1597">
    <p class='ocr_par' dir='ltr' id='par_1_59' title="bbox 1887 1527 3470 1597">
     <span class='ocr_line' id='line_1_59' title="bbox 1887 1527 3470 1597; baseline -0.001 -17"><span class='ocrx_word' id='word_1_435' title='bbox 1887 1529 2122 1592; x_wconf 85' lang='lat' dir='ltr'><strong>restitui,</strong></span> <span class='ocrx_word' id='word_1_436' title='bbox 2153 1530 2397 1596; x_wconf 84' lang='lat' dir='ltr'><strong>leprosos</strong></span> <span class='ocrx_word' id='word_1_437' title='bbox 2433 1527 2736 1597; x_wconf 76' lang='lat' dir='ltr'><strong>repurgari,</strong></span> <span class='ocrx_word' id='word_1_438' title='bbox 2769 1529 3061 1596; x_wconf 71' lang='lat' dir='ltr'><strong>verbisque</strong></span> <span class='ocrx_word' id='word_1_439' title='bbox 3093 1529 3201 1579; x_wconf 91' lang='lat' dir='ltr'><strong>tuis</strong></span> <span class='ocrx_word' id='word_1_440' title='bbox 3236 1528 3470 1578; x_wconf 89' lang='lat' dir='ltr'><strong>immun-</strong></span> 
     </span>
    </p>
   </div>
   <div class='ocr_carea' id='block_1_60' title="bbox 1884 1618 3470 1689">
    <p class='ocr_par' dir='ltr' id='par_1_60' title="bbox 1884 1618 3470 1689">
     <span class='ocr_line' id='line_1_60' title="bbox 1884 1618 3470 1689; baseline -0.003 -15"><span class='ocrx_word' id='word_1_441' title='bbox 1884 1621 1984 1674; x_wconf 89' lang='lat' dir='ltr'><strong>dos</strong></span> <span class='ocrx_word' id='word_1_442' title='bbox 2025 1621 2255 1689; x_wconf 87' lang='lat' dir='ltr'><strong>spiritus</strong></span> <span class='ocrx_word' id='word_1_443' title='bbox 2283 1621 2460 1688; x_wconf 78' lang='lat' dir='ltr'><strong>abigi,</strong></span> <span class='ocrx_word' id='word_1_444' title='bbox 2503 1636 2598 1672; x_wconf 91' lang='lat' dir='ltr'><strong>eos</strong></span> <span class='ocrx_word' id='word_1_445' title='bbox 2643 1619 2734 1687; x_wconf 87' lang='lat' dir='ltr'><strong>qui</strong></span> <span class='ocrx_word' id='word_1_446' title='bbox 2783 1618 3057 1672; x_wconf 87' lang='lat' dir='ltr'><strong>diuturnis</strong></span> <span class='ocrx_word' id='word_1_447' title='bbox 3103 1620 3308 1670; x_wconf 67' lang='lat' dir='ltr'><strong>morbis</strong></span> <span class='ocrx_word' id='word_1_448' title='bbox 3357 1629 3470 1670; x_wconf 87' lang='lat' dir='ltr'><strong>tor-</strong></span> 
     </span>
    </p>
   </div>
   <div class='ocr_carea' id='block_1_61' title="bbox 1883 1709 3470 1784">
    <p class='ocr_par' dir='ltr' id='par_1_61' title="bbox 1883 1709 3470 1784">
     <span class='ocr_line' id='line_1_61' title="bbox 1883 1709 3470 1784; baseline -0.001 -19"><span class='ocrx_word' id='word_1_449' title='bbox 1883 1723 2124 1784; x_wconf 88' lang='lat' dir='ltr'><strong>quentur</strong></span> <span class='ocrx_word' id='word_1_450' title='bbox 2172 1714 2379 1775; x_wconf 85' lang='lat' dir='ltr'><strong>sanari,</strong></span> <span class='ocrx_word' id='word_1_451' title='bbox 2408 1721 2650 1764; x_wconf 82' lang='lat' dir='ltr'><strong>mortuos</strong></span> <span class='ocrx_word' id='word_1_452' title='bbox 2682 1714 2733 1763; x_wconf 90' lang='lat' dir='ltr'><strong>in</strong></span> <span class='ocrx_word' id='word_1_453' title='bbox 2761 1711 2926 1762; x_wconf 84' lang='lat' dir='ltr'><strong>vitam</strong></span> <span class='ocrx_word' id='word_1_454' title='bbox 2963 1711 3223 1764; x_wconf 85' lang='lat' dir='ltr'><strong>revocari.</strong></span> <span class='ocrx_word' id='word_1_455' title='bbox 3259 1709 3470 1774; x_wconf 86' lang='lat' dir='ltr'><strong>Quibus</strong></span> 
     </span>
    </p>
   </div>
   <div class='ocr_carea' id='block_1_62' title="bbox 1886 1803 3470 1877">
    <p class='ocr_par' dir='ltr' id='par_1_62' title="bbox 1886 1803 3470 1877">
     <span class='ocr_line' id='line_1_62' title="bbox 1886 1803 3470 1877; baseline -0.004 -16"><span class='ocrx_word' id='word_1_456' title='bbox 1886 1806 2048 1877; x_wconf 81' lang='lat'><strong>309</strong></span> <span class='ocrx_word' id='word_1_457' title='bbox 2077 1808 2338 1860; x_wconf 90' lang='lat' dir='ltr'><strong>omnibus</strong></span> <span class='ocrx_word' id='word_1_458' title='bbox 2365 1805 2429 1857; x_wconf 89' lang='lat' dir='ltr'><strong>de</strong></span> <span class='ocrx_word' id='word_1_459' title='bbox 2461 1814 2510 1858; x_wconf 89' lang='lat' dir='ltr'><strong>te</strong></span> <span class='ocrx_word' id='word_1_460' title='bbox 2547 1805 2751 1858; x_wconf 81' lang='lat' dir='ltr'><strong>auditis</strong></span> <span class='ocrx_word' id='word_1_461' title='bbox 2786 1804 2838 1856; x_wconf 89' lang='lat' dir='ltr'><strong>in</strong></span> <span class='ocrx_word' id='word_1_462' title='bbox 2876 1819 2993 1855; x_wconf 88' lang='lat' dir='ltr'><strong>eam</strong></span> <span class='ocrx_word' id='word_1_463' title='bbox 3034 1803 3154 1855; x_wconf 76' lang='lat' dir='ltr'><strong>veni</strong></span> <span class='ocrx_word' id='word_1_464' title='bbox 3183 1803 3470 1868; x_wconf 69' lang='lat' dir='ltr'><strong>cogitatio-</strong></span> 
     </span>
    </p>
   </div>
   <div class='ocr_carea' id='block_1_63' title="bbox 1891 1895 3467 1965">
    <p class='ocr_par' dir='ltr' id='par_1_63' title="bbox 1891 1895 3467 1965">
     <span class='ocr_line' id='line_1_63' title="bbox 1891 1895 3467 1965; baseline -0.004 -11"><span class='ocrx_word' id='word_1_465' title='bbox 1891 1917 2035 1962; x_wconf 84' lang='lat' dir='ltr'><strong>nem,</strong></span> <span class='ocrx_word' id='word_1_466' title='bbox 2068 1908 2120 1954; x_wconf 91' lang='lat' dir='ltr'><strong>te</strong></span> <span class='ocrx_word' id='word_1_467' title='bbox 2158 1899 2324 1952; x_wconf 89' lang='lat' dir='ltr'><strong>Deum</strong></span> <span class='ocrx_word' id='word_1_468' title='bbox 2355 1913 2475 1952; x_wconf 90' lang='lat' dir='ltr'><strong>esse</strong></span> <span class='ocrx_word' id='word_1_469' title='bbox 2504 1900 2750 1965; x_wconf 60' lang='lat' dir='ltr'><strong>caeloque</strong></span> <span class='ocrx_word' id='word_1_470' title='bbox 2780 1898 3096 1965; x_wconf 70' lang='lat' dir='ltr'><strong>degressum</strong></span> <span class='ocrx_word' id='word_1_471' title='bbox 3135 1898 3231 1948; x_wconf 86' lang='lat' dir='ltr'><strong>ista</strong></span> <span class='ocrx_word' id='word_1_472' title='bbox 3266 1895 3467 1957; x_wconf 80' lang='lat' dir='ltr'><strong>facere,</strong></span> 
     </span>
    </p>
   </div>
   <div class='ocr_carea' id='block_1_64' title="bbox 1887 1987 3468 2057">
    <p class='ocr_par' dir='ltr' id='par_1_64' title="bbox 1887 1987 3468 2057">
     <span class='ocr_line' id='line_1_64' title="bbox 1887 1987 3468 2057; baseline -0.003 -13"><span class='ocrx_word' id='word_1_473' title='bbox 1887 2001 1978 2044; x_wconf 84' lang='lat' dir='ltr'><strong>aut</strong></span> <span class='ocrx_word' id='word_1_474' title='bbox 2004 1991 2198 2045; x_wconf 85' lang='lat' dir='ltr'><strong>Filium</strong></span> <span class='ocrx_word' id='word_1_475' title='bbox 2220 2007 2340 2044; x_wconf 83' lang='lat' dir='ltr'><strong>esse</strong></span> <span class='ocrx_word' id='word_1_476' title='bbox 2381 1989 2492 2054; x_wconf 81' lang='lat' dir='ltr'><strong>Dei,</strong></span> <span class='ocrx_word' id='word_1_477' title='bbox 2517 1989 2608 2057; x_wconf 90' lang='lat' dir='ltr'><strong>qui</strong></span> <span class='ocrx_word' id='word_1_478' title='bbox 2641 1990 2743 2044; x_wconf 86' lang='lat' dir='ltr'><strong>ista</strong></span> <span class='ocrx_word' id='word_1_479' title='bbox 2781 2001 3027 2057; x_wconf 69' lang='lat' dir='ltr'><strong>pt&#39;azstes.</strong></span> <span class='ocrx_word' id='word_1_480' title='bbox 3060 1987 3247 2055; x_wconf 77' lang='lat' dir='ltr'><strong>Itaque</strong></span> <span class='ocrx_word' id='word_1_481' title='bbox 3284 1987 3468 2040; x_wconf 84' lang='lat' dir='ltr'><strong>missis</strong></span> 
     </span>
    </p>
   </div>
   <div class='ocr_carea' id='block_1_65' title="bbox 1889 2079 3470 2147">
    <p class='ocr_par' dir='ltr' id='par_1_65' title="bbox 1889 2079 3470 2147">
     <span class='ocr_line' id='line_1_65' title="bbox 1889 2079 3470 2147; baseline -0.005 -9"><span class='ocrx_word' id='word_1_482' title='bbox 1889 2085 2088 2138; x_wconf 81' lang='lat' dir='ltr'><strong>litteris</strong></span> <span class='ocrx_word' id='word_1_483' title='bbox 2139 2083 2284 2135; x_wconf 90' lang='lat' dir='ltr'><strong>volui</strong></span> <span class='ocrx_word' id='word_1_484' title='bbox 2344 2083 2444 2136; x_wconf 91' lang='lat' dir='ltr'><strong>hoc</strong></span> <span class='ocrx_word' id='word_1_485' title='bbox 2499 2082 2596 2135; x_wconf 91' lang='lat' dir='ltr'><strong>abs</strong></span> <span class='ocrx_word' id='word_1_486' title='bbox 2647 2090 2737 2133; x_wconf 91' lang='lat' dir='ltr'><strong>tua</strong></span> <span class='ocrx_word' id='word_1_487' title='bbox 2795 2088 3062 2147; x_wconf 83' lang='lat' dir='ltr'><strong>potestate</strong></span> <span class='ocrx_word' id='word_1_488' title='bbox 3112 2089 3166 2132; x_wconf 89' lang='lat' dir='ltr'><strong>et</strong></span> <span class='ocrx_word' id='word_1_489' title='bbox 3221 2079 3470 2130; x_wconf 83' lang='lat' dir='ltr'><strong>bonitate</strong></span> 
     </span>
    </p>
   </div>
   <div class='ocr_carea' id='block_1_66' title="bbox 1890 2165 3472 2240">
    <p class='ocr_par' dir='ltr' id='par_1_66' title="bbox 1890 2165 3472 2240">
     <span class='ocr_line' id='line_1_66' title="bbox 1890 2165 3472 2240; baseline -0.008 -10"><span class='ocrx_word' id='word_1_490' title='bbox 1890 2175 2249 2237; x_wconf 84' lang='lat' dir='ltr'><strong>contendere,</strong></span> <span class='ocrx_word' id='word_1_491' title='bbox 2283 2173 2359 2225; x_wconf 85' lang='lat' dir='ltr'><strong>uti</strong></span> <span class='ocrx_word' id='word_1_492' title='bbox 2403 2172 2467 2225; x_wconf 87' lang='lat' dir='ltr'><strong>ad</strong></span> <span class='ocrx_word' id='word_1_493' title='bbox 2513 2187 2596 2224; x_wconf 88' lang='lat' dir='ltr'><strong>me</strong></span> <span class='ocrx_word' id='word_1_494' title='bbox 2641 2169 2996 2240; x_wconf 87' lang='lat' dir='ltr'><strong>proficiscare</strong></span> <span class='ocrx_word' id='word_1_495' title='bbox 3045 2183 3108 2220; x_wconf 89' lang='lat' dir='ltr'><strong>ac</strong></span> <span class='ocrx_word' id='word_1_496' title='bbox 3148 2181 3235 2220; x_wconf 89' lang='lat' dir='ltr'><strong>me</strong></span> <span class='ocrx_word' id='word_1_497' title='bbox 3284 2165 3472 2217; x_wconf 86' lang='lat' dir='ltr'><strong>morbo</strong></span> 
     </span>
    </p>
   </div>
   <div class='ocr_carea' id='block_1_67' title="bbox 1886 2254 3472 2320">
    <p class='ocr_par' dir='ltr' id='par_1_67' title="bbox 1886 2254 3472 2320">
     <span class='ocr_line' id='line_1_67' title="bbox 1886 2254 3472 2320; baseline -0.007 0"><span class='ocrx_word' id='word_1_498' title='bbox 1886 2283 2010 2320; x_wconf 87' lang='lat' dir='ltr'><strong>meo</strong></span> <span class='ocrx_word' id='word_1_499' title='bbox 2043 2267 2265 2318; x_wconf 80' lang='lat' dir='ltr'><strong>liberes.</strong></span> <span class='ocrx_word' id='word_1_500' title='bbox 2317 2261 2450 2316; x_wconf 83' lang='lat' dir='ltr'><strong>Nam</strong></span> <span class='ocrx_word' id='word_1_501' title='bbox 2491 2271 2545 2314; x_wconf 86' lang='lat' dir='ltr'><strong>et</strong></span> <span class='ocrx_word' id='word_1_502' title='bbox 2592 2262 2693 2314; x_wconf 85' lang='lat' dir='ltr'><strong>hoc</strong></span> <span class='ocrx_word' id='word_1_503' title='bbox 2731 2254 2860 2313; x_wconf 86' lang='lat' dir='ltr'><strong>mihi</strong></span> <span class='ocrx_word' id='word_1_504' title='bbox 2909 2260 3214 2312; x_wconf 79' lang='lat' dir='ltr'><strong>nuntiatum</strong></span> <span class='ocrx_word' id='word_1_505' title='bbox 3251 2267 3334 2311; x_wconf 86' lang='lat' dir='ltr'><strong>est</strong></span> <span class='ocrx_word' id='word_1_506' title='bbox 3373 2255 3472 2309; x_wconf 81' lang='lat' dir='ltr'><strong>Ju-</strong></span> 
     </span>
    </p>
   </div>
   <div class='ocr_carea' id='block_1_68' title="bbox 1885 2351 3468 2422">
    <p class='ocr_par' dir='ltr' id='par_1_68' title="bbox 1885 2351 3468 2422">
     <span class='ocr_line' id='line_1_68' title="bbox 1885 2351 3468 2422; baseline -0.006 -10"><span class='ocrx_word' id='word_1_507' title='bbox 1885 2358 2030 2412; x_wconf 70' lang='lat' dir='ltr'><strong>dazos</strong></span> <span class='ocrx_word' id='word_1_508' title='bbox 2058 2357 2152 2410; x_wconf 89' lang='lat' dir='ltr'><strong>tibi</strong></span> <span class='ocrx_word' id='word_1_509' title='bbox 2183 2354 2401 2422; x_wconf 82' lang='lat' dir='ltr'><strong>obloqui</strong></span> <span class='ocrx_word' id='word_1_510' title='bbox 2437 2370 2498 2406; x_wconf 90' lang='lat' dir='ltr'><strong>ac</strong></span> <span class='ocrx_word' id='word_1_511' title='bbox 2537 2352 2762 2405; x_wconf 87' lang='lat' dir='ltr'><strong>insidias</strong></span> <span class='ocrx_word' id='word_1_512' title='bbox 2795 2353 3040 2404; x_wconf 84' lang='lat' dir='ltr'><strong>tendere.</strong></span> <span class='ocrx_word' id='word_1_513' title='bbox 3073 2351 3139 2403; x_wconf 89' lang='lat' dir='ltr'><strong>At</strong></span> <span class='ocrx_word' id='word_1_514' title='bbox 3175 2351 3304 2402; x_wconf 92' lang='lat' dir='ltr'><strong>mihi</strong></span> <span class='ocrx_word' id='word_1_515' title='bbox 3335 2351 3468 2403; x_wconf 85' lang='lat' dir='ltr'><strong>urbs</strong></span> 
     </span>
    </p>
   </div>
   <div class='ocr_carea' id='block_1_69' title="bbox 1889 2440 3473 2517">
    <p class='ocr_par' dir='ltr' id='par_1_69' title="bbox 1889 2440 3473 2517">
     <span class='ocr_line' id='line_1_69' title="bbox 1889 2440 3473 2517; baseline -0.009 -15"><span class='ocrx_word' id='word_1_516' title='bbox 1889 2459 1998 2509; x_wconf 88' lang='lat' dir='ltr'><strong>est,</strong></span> <span class='ocrx_word' id='word_1_517' title='bbox 2051 2462 2368 2517; x_wconf 78' lang='lat' dir='ltr'><strong>quanquam</strong></span> <span class='ocrx_word' id='word_1_518' title='bbox 2423 2445 2739 2514; x_wconf 74' lang='lat' dir='ltr'><strong>perexigua,</strong></span> <span class='ocrx_word' id='word_1_519' title='bbox 2793 2453 2972 2496; x_wconf 88' lang='lat' dir='ltr'><strong>tamen</strong></span> <span class='ocrx_word' id='word_1_520' title='bbox 3031 2440 3298 2494; x_wconf 87' lang='lat' dir='ltr'><strong>ambobus</strong></span> <span class='ocrx_word' id='word_1_521' title='bbox 3351 2441 3473 2494; x_wconf 52' lang='lat' dir='ltr'><strong>sul)-</strong></span> 
     </span>
    </p>
   </div>
   <div class='ocr_carea' id='block_1_70' title="bbox 1891 2533 3470 2604">
    <p class='ocr_par' dir='ltr' id='par_1_70' title="bbox 1891 2533 3470 2604">
     <span class='ocr_line' id='line_1_70' title="bbox 1891 2533 3470 2604; baseline -0.006 -10"><span class='ocrx_word' id='word_1_522' title='bbox 1891 2542 2123 2594; x_wconf 76' lang='lat' dir='ltr'><strong>lectura.</strong></span> <span class='ocrx_word' id='word_1_523' title='bbox 2180 2538 2331 2591; x_wconf 81' lang='lat' dir='ltr'><strong>Vale.</strong></span> <span class='ocrx_word' id='word_1_524' title='bbox 2394 2556 2411 2588; x_wconf 76' lang='grc' dir='ltr'><strong>ι</strong></span> <span class='ocrx_word' id='word_1_525' title='bbox 2475 2535 2682 2590; x_wconf 80' lang='lat' dir='ltr'><strong>Cursor</strong></span> <span class='ocrx_word' id='word_1_526' title='bbox 2741 2533 3118 2604; x_wconf 81' lang='lat' dir='ltr'><strong>Hierosolyma</strong></span> <span class='ocrx_word' id='word_1_527' title='bbox 3184 2533 3470 2600; x_wconf 75' lang='lat' dir='ltr'><strong>profectus</strong></span> 
     </span>
    </p>
   </div>
   <div class='ocr_carea' id='block_1_71' title="bbox 1886 2620 3476 2696">
    <p class='ocr_par' dir='ltr' id='par_1_71' title="bbox 1886 2620 3476 2696">
     <span class='ocr_line' id='line_1_71' title="bbox 1886 2620 3476 2696; baseline -0.008 -12"><span class='ocrx_word' id='word_1_528' title='bbox 1886 2629 2104 2684; x_wconf 87' lang='lat' dir='ltr'><strong>Christo</strong></span> <span class='ocrx_word' id='word_1_529' title='bbox 2136 2627 2424 2696; x_wconf 86' lang='lat' dir='ltr'><strong>epistolam</strong></span> <span class='ocrx_word' id='word_1_530' title='bbox 2491 2625 2773 2686; x_wconf 79' lang='lat' dir='ltr'><strong>exhibuit;</strong></span> <span class='ocrx_word' id='word_1_531' title='bbox 2811 2638 3042 2690; x_wconf 87' lang='lat' dir='ltr'><strong>eumque</strong></span> <span class='ocrx_word' id='word_1_532' title='bbox 3076 2620 3362 2688; x_wconf 79' lang='lat' dir='ltr'><strong>diligenter</strong></span> <span class='ocrx_word' id='word_1_533' title='bbox 3394 2628 3476 2672; x_wconf 89' lang='lat' dir='ltr'><strong>at-</strong></span> 
     </span>
    </p>
   </div>
   <div class='ocr_carea' id='block_1_72' title="bbox 1888 2707 3469 2783">
    <p class='ocr_par' dir='ltr' id='par_1_72' title="bbox 1888 2707 3469 2783">
     <span class='ocr_line' id='line_1_72' title="bbox 1888 2707 3469 2783; baseline -0.006 -13"><span class='ocrx_word' id='word_1_534' title='bbox 1888 2718 2051 2770; x_wconf 89' lang='lat' dir='ltr'><strong>tentis</strong></span> <span class='ocrx_word' id='word_1_535' title='bbox 2085 2715 2488 2783; x_wconf 76' lang='lat' dir='ltr'><strong>contenzplatus</strong></span> <span class='ocrx_word' id='word_1_536' title='bbox 2517 2713 2713 2774; x_wconf 88' lang='lat' dir='ltr'><strong>oculis,</strong></span> <span class='ocrx_word' id='word_1_537' title='bbox 2745 2727 2866 2763; x_wconf 88' lang='lat' dir='ltr'><strong>eum</strong></span> <span class='ocrx_word' id='word_1_538' title='bbox 2900 2726 2928 2762; x_wconf 95' lang='lat' dir='ltr'><strong>a</strong></span> <span class='ocrx_word' id='word_1_539' title='bbox 2965 2707 3275 2762; x_wconf 85' lang='lat' dir='ltr'><strong>confluente</strong></span> <span class='ocrx_word' id='word_1_540' title='bbox 3305 2708 3469 2761; x_wconf 89' lang='lat' dir='ltr'><strong>turba</strong></span> 
     </span>
    </p>
   </div>
   <div class='ocr_carea' id='block_1_73' title="bbox 1891 2799 3474 2879">
    <p class='ocr_par' dir='ltr' id='par_1_73' title="bbox 1891 2799 3474 2879">
     <span class='ocr_line' id='line_1_73' title="bbox 1891 2799 3474 2879; baseline -0.005 -19"><span class='ocrx_word' id='word_1_541' title='bbox 1891 2810 2118 2879; x_wconf 89' lang='lat' dir='ltr'><strong>propius</strong></span> <span class='ocrx_word' id='word_1_542' title='bbox 2153 2814 2332 2859; x_wconf 82' lang='lat' dir='ltr'><strong>astare</strong></span> <span class='ocrx_word' id='word_1_543' title='bbox 2375 2819 2483 2857; x_wconf 88' lang='lat' dir='ltr'><strong>non</strong></span> <span class='ocrx_word' id='word_1_544' title='bbox 2533 2804 2826 2864; x_wconf 85' lang='lat' dir='ltr'><strong>sineretur,</strong></span> <span class='ocrx_word' id='word_1_545' title='bbox 2868 2801 2919 2854; x_wconf 94' lang='lat' dir='ltr'><strong>in</strong></span> <span class='ocrx_word' id='word_1_546' title='bbox 2965 2815 3158 2855; x_wconf 74' lang='lat' dir='ltr'><strong>saxum</strong></span> <span class='ocrx_word' id='word_1_547' title='bbox 3187 2799 3474 2868; x_wconf 87' lang='lat' dir='ltr'><strong>quoddam</strong></span> 
     </span>
    </p>
   </div>
   <div class='ocr_carea' id='block_1_74' title="bbox 1889 2890 3472 2970">
    <p class='ocr_par' dir='ltr' id='par_1_74' title="bbox 1889 2890 3472 2970">
     <span class='ocr_line' id='line_1_74' title="bbox 1889 2890 3472 2970; baseline -0.008 -15"><span class='ocrx_word' id='word_1_548' title='bbox 1889 2900 2169 2970; x_wconf 88' lang='lat' dir='ltr'><strong>paululum</strong></span> <span class='ocrx_word' id='word_1_549' title='bbox 2211 2912 2374 2966; x_wconf 89' lang='lat' dir='ltr'><strong>supra</strong></span> <span class='ocrx_word' id='word_1_550' title='bbox 2417 2904 2616 2948; x_wconf 88' lang='lat' dir='ltr'><strong>terram</strong></span> <span class='ocrx_word' id='word_1_551' title='bbox 2665 2897 2912 2948; x_wconf 88' lang='lat' dir='ltr'><strong>eminens</strong></span> <span class='ocrx_word' id='word_1_552' title='bbox 2960 2890 3229 2954; x_wconf 86' lang='lat' dir='ltr'><strong>consedit,</strong></span> <span class='ocrx_word' id='word_1_553' title='bbox 3286 2890 3472 2959; x_wconf 87' lang='lat' dir='ltr'><strong>ibique</strong></span> 
     </span>
    </p>
   </div>
   <div class='ocr_carea' id='block_1_75' title="bbox 1890 2981 3470 3046">
    <p class='ocr_par' dir='ltr' id='par_1_75' title="bbox 1890 2981 3470 3046">
     <span class='ocr_line' id='line_1_75' title="bbox 1890 2981 3470 3046; baseline -0.006 -2"><span class='ocrx_word' id='word_1_554' title='bbox 1890 2991 2075 3045; x_wconf 85' lang='lat' dir='ltr'><strong>statim</strong></span> <span class='ocrx_word' id='word_1_555' title='bbox 2123 2988 2313 3042; x_wconf 92' lang='lat' dir='ltr'><strong>oculos</strong></span> <span class='ocrx_word' id='word_1_556' title='bbox 2353 2986 2596 3046; x_wconf 84' lang='lat' dir='ltr'><strong>Christo.</strong></span> <span class='ocrx_word' id='word_1_557' title='bbox 2634 3001 2852 3037; x_wconf 90' lang='lat' dir='ltr'><strong>manum</strong></span> <span class='ocrx_word' id='word_1_558' title='bbox 2891 2985 3092 3038; x_wconf 72' lang='lat' dir='ltr'><strong>charta:</strong></span> <span class='ocrx_word' id='word_1_559' title='bbox 3126 2981 3380 3045; x_wconf 88' lang='lat' dir='ltr'><strong>intendit,</strong></span> <span class='ocrx_word' id='word_1_560' title='bbox 3411 2989 3470 3034; x_wconf 81' lang='grc' dir='ltr'><strong>ιιι</strong></span> 
     </span>
    </p>
   </div>
   <div class='ocr_carea' id='block_1_76' title="bbox 1891 3073 3474 3152">
    <p class='ocr_par' dir='ltr' id='par_1_76' title="bbox 1891 3073 3474 3152">
     <span class='ocr_line' id='line_1_76' title="bbox 1891 3073 3474 3152; baseline -0.008 -14"><span class='ocrx_word' id='word_1_561' title='bbox 1891 3081 2204 3152; x_wconf 89' lang='lat' dir='ltr'><strong>apparentis</strong></span> <span class='ocrx_word' id='word_1_562' title='bbox 2263 3079 2448 3148; x_wconf 72' lang='lat' dir='ltr'><strong>figura:</strong></span> <span class='ocrx_word' id='word_1_563' title='bbox 2499 3078 2724 3148; x_wconf 81' lang='lat' dir='ltr'><strong>emgiem</strong></span> <span class='ocrx_word' id='word_1_564' title='bbox 2780 3077 3115 3146; x_wconf 77' lang='lat' dir='ltr'><strong>depingeret.</strong></span> <span class='ocrx_word' id='word_1_565' title='bbox 3169 3073 3369 3127; x_wconf 80' lang='lat' dir='ltr'><strong>Verum</strong></span> <span class='ocrx_word' id='word_1_566' title='bbox 3429 3074 3474 3126; x_wconf 89' lang='lat' dir='ltr'><strong>is</strong></span> 
     </span>
    </p>
   </div>
   <div class='ocr_carea' id='block_1_77' title="bbox 1813 3165 3471 3247">
    <p class='ocr_par' dir='ltr' id='par_1_77' title="bbox 1813 3165 3471 3247">
     <span class='ocr_line' id='line_1_77' title="bbox 1813 3165 3471 3247; baseline -0.007 -19"><span class='ocrx_word' id='word_1_567' title='bbox 1813 3190 1855 3247; x_wconf 66' lang='grc' dir='ltr'><strong>(ς</strong></span> <span class='ocrx_word' id='word_1_568' title='bbox 1890 3183 2120 3228; x_wconf 89' lang='lat' dir='ltr'><strong>conatus</strong></span> <span class='ocrx_word' id='word_1_569' title='bbox 2153 3171 2354 3225; x_wconf 90' lang='lat' dir='ltr'><strong>frustra</strong></span> <span class='ocrx_word' id='word_1_570' title='bbox 2397 3169 2519 3233; x_wconf 90' lang='lat' dir='ltr'><strong>fuit,</strong></span> <span class='ocrx_word' id='word_1_571' title='bbox 2562 3167 2792 3221; x_wconf 89' lang='lat' dir='ltr'><strong>Domino</strong></span> <span class='ocrx_word' id='word_1_572' title='bbox 2834 3167 3068 3222; x_wconf 89' lang='lat' dir='ltr'><strong>subinde</strong></span> <span class='ocrx_word' id='word_1_573' title='bbox 3095 3165 3306 3218; x_wconf 85' lang='lat' dir='ltr'><strong>vultum</strong></span> <span class='ocrx_word' id='word_1_574' title='bbox 3343 3180 3471 3217; x_wconf 84' lang='lat' dir='ltr'><strong>mu-</strong></span> 
     </span>
    </p>
   </div>
   <div class='ocr_carea' id='block_1_78' title="bbox 1893 3255 3474 3330">
    <p class='ocr_par' dir='ltr' id='par_1_78' title="bbox 1893 3255 3474 3330">
     <span class='ocr_line' id='line_1_78' title="bbox 1893 3255 3474 3330; baseline -0.007 -11"><span class='ocrx_word' id='word_1_575' title='bbox 1893 3274 2065 3320; x_wconf 90' lang='lat' dir='ltr'><strong>tante.</strong></span> <span class='ocrx_word' id='word_1_576' title='bbox 2101 3264 2208 3317; x_wconf 86' lang='lat' dir='ltr'><strong>Sed</strong></span> <span class='ocrx_word' id='word_1_577' title='bbox 2231 3261 2502 3323; x_wconf 85' lang='lat' dir='ltr'><strong>Christus,</strong></span> <span class='ocrx_word' id='word_1_578' title='bbox 2527 3260 2612 3314; x_wconf 91' lang='lat' dir='ltr'><strong>cui</strong></span> <span class='ocrx_word' id='word_1_579' title='bbox 2641 3259 2870 3313; x_wconf 64' lang='lat' dir='ltr'><strong>occulta:</strong></span> <span class='ocrx_word' id='word_1_580' title='bbox 2899 3257 3080 3330; x_wconf 87' lang='lat' dir='ltr'><strong>cordis</strong></span> <span class='ocrx_word' id='word_1_581' title='bbox 3110 3255 3474 3326; x_wconf 74' lang='lat' dir='ltr'><strong>cogitationes</strong></span> 
     </span>
    </p>
   </div>
   <div class='ocr_carea' id='block_1_79' title="bbox 1892 3345 3472 3426">
    <p class='ocr_par' dir='ltr' id='par_1_79' title="bbox 1892 3345 3472 3426">
     <span class='ocr_line' id='line_1_79' title="bbox 1892 3345 3472 3426; baseline -0.007 -17"><span class='ocrx_word' id='word_1_582' title='bbox 1892 3357 2189 3426; x_wconf 76' lang='lat' dir='ltr'><strong>explorata:</strong></span> <span class='ocrx_word' id='word_1_583' title='bbox 2224 3361 2430 3415; x_wconf 84' lang='lat' dir='ltr'><strong>essent,</strong></span> <span class='ocrx_word' id='word_1_584' title='bbox 2463 3351 2744 3421; x_wconf 89' lang='lat' dir='ltr'><strong>proposito</strong></span> <span class='ocrx_word' id='word_1_585' title='bbox 2773 3350 2946 3417; x_wconf 91' lang='lat' dir='ltr'><strong>ipsius</strong></span> <span class='ocrx_word' id='word_1_586' title='bbox 2982 3347 3260 3401; x_wconf 89' lang='lat' dir='ltr'><strong>intellecto</strong></span> <span class='ocrx_word' id='word_1_587' title='bbox 3292 3345 3472 3398; x_wconf 72' lang='lat' dir='ltr'><strong>homi~</strong></span> 
     </span>
    </p>
   </div>
   <div class='ocr_carea' id='block_1_80' title="bbox 1892 3438 3473 3506">
    <p class='ocr_par' dir='ltr' id='par_1_80' title="bbox 1892 3438 3473 3506">
     <span class='ocr_line' id='line_1_80' title="bbox 1892 3438 3473 3506; baseline -0.008 -6"><span class='ocrx_word' id='word_1_588' title='bbox 1892 3463 2014 3501; x_wconf 89' lang='lat' dir='ltr'><strong>nem</strong></span> <span class='ocrx_word' id='word_1_589' title='bbox 2066 3447 2130 3499; x_wconf 90' lang='lat' dir='ltr'><strong>ad</strong></span> <span class='ocrx_word' id='word_1_590' title='bbox 2180 3461 2236 3500; x_wconf 90' lang='lat' dir='ltr'><strong>se</strong></span> <span class='ocrx_word' id='word_1_591' title='bbox 2285 3443 2541 3506; x_wconf 76' lang='lat' dir='ltr'><strong>vocavit;</strong></span> <span class='ocrx_word' id='word_1_592' title='bbox 2591 3456 2654 3493; x_wconf 92' lang='lat' dir='ltr'><strong>ac</strong></span> <span class='ocrx_word' id='word_1_593' title='bbox 2712 3440 2896 3493; x_wconf 87' lang='lat' dir='ltr'><strong>lavare</strong></span> <span class='ocrx_word' id='word_1_594' title='bbox 2951 3438 3147 3492; x_wconf 84' lang='lat' dir='ltr'><strong>faciem</strong></span> <span class='ocrx_word' id='word_1_595' title='bbox 3194 3451 3473 3505; x_wconf 59' lang='lat' dir='ltr'><strong>quatiens,</strong></span> 
     </span>
    </p>
   </div>
   <div class='ocr_carea' id='block_1_81' title="bbox 1890 3527 3474 3608">
    <p class='ocr_par' dir='ltr' id='par_1_81' title="bbox 1890 3527 3474 3608">
     <span class='ocr_line' id='line_1_81' title="bbox 1890 3527 3474 3608; baseline -0.008 -16"><span class='ocrx_word' id='word_1_596' title='bbox 1890 3551 2181 3608; x_wconf 89' lang='lat' dir='ltr'><strong>postquam</strong></span> <span class='ocrx_word' id='word_1_597' title='bbox 2216 3533 2501 3596; x_wconf 89' lang='lat' dir='ltr'><strong>abluisset,</strong></span> <span class='ocrx_word' id='word_1_598' title='bbox 2535 3533 2587 3586; x_wconf 90' lang='lat' dir='ltr'><strong>in</strong></span> <span class='ocrx_word' id='word_1_599' title='bbox 2629 3545 2873 3602; x_wconf 91' lang='lat' dir='ltr'><strong>pannum</strong></span> <span class='ocrx_word' id='word_1_600' title='bbox 2911 3529 3328 3598; x_wconf 88' lang='lat' dir='ltr'><strong>quadruplicem</strong></span> <span class='ocrx_word' id='word_1_601' title='bbox 3367 3527 3474 3580; x_wconf 87' lang='lat' dir='ltr'><strong>sibi</strong></span> 
     </span>
    </p>
   </div>
   <div class='ocr_carea' id='block_1_82' title="bbox 1891 3619 3479 3684">
    <p class='ocr_par' dir='ltr' id='par_1_82' title="bbox 1891 3619 3479 3684">
     <span class='ocr_line' id='line_1_82' title="bbox 1891 3619 3479 3684; baseline -0.008 0"><span class='ocrx_word' id='word_1_602' title='bbox 1891 3631 2134 3684; x_wconf 89' lang='lat' dir='ltr'><strong>oblatum</strong></span> <span class='ocrx_word' id='word_1_603' title='bbox 2175 3628 2374 3681; x_wconf 72' lang='lat' dir='ltr'><strong>divinae</strong></span> <span class='ocrx_word' id='word_1_604' title='bbox 2416 3640 2528 3680; x_wconf 67' lang='lat' dir='ltr'><strong>sua:</strong></span> <span class='ocrx_word' id='word_1_605' title='bbox 2559 3634 2613 3678; x_wconf 92' lang='lat' dir='ltr'><strong>et</strong></span> <span class='ocrx_word' id='word_1_606' title='bbox 2656 3623 3019 3676; x_wconf 72' lang='lat' dir='ltr'><strong>immaculata:</strong></span> <span class='ocrx_word' id='word_1_607' title='bbox 3054 3620 3213 3673; x_wconf 91' lang='lat' dir='ltr'><strong>faciei</strong></span> <span class='ocrx_word' id='word_1_608' title='bbox 3249 3619 3479 3674; x_wconf 82' lang='lat' dir='ltr'><strong>simula-</strong></span> 
     </span>
    </p>
   </div>
   <div class='ocr_carea' id='block_1_83' title="bbox 1895 3710 3474 3782">
    <p class='ocr_par' dir='ltr' id='par_1_83' title="bbox 1895 3710 3474 3782">
     <span class='ocr_line' id='line_1_83' title="bbox 1895 3710 3474 3782; baseline -0.006 -8"><span class='ocrx_word' id='word_1_609' title='bbox 1895 3736 2050 3773; x_wconf 90' lang='lat' dir='ltr'><strong>crum</strong></span> <span class='ocrx_word' id='word_1_610' title='bbox 2090 3720 2328 3771; x_wconf 76' lang='lat' dir='ltr'><strong>maximo</strong></span> <span class='ocrx_word' id='word_1_611' title='bbox 2369 3715 2632 3770; x_wconf 88' lang='lat' dir='ltr'><strong>miraculo</strong></span> <span class='ocrx_word' id='word_1_612' title='bbox 2670 3714 2967 3782; x_wconf 90' lang='lat' dir='ltr'><strong>impressit.</strong></span> <span class='ocrx_word' id='word_1_613' title='bbox 3012 3710 3144 3764; x_wconf 84' lang='lat' dir='ltr'><strong>Eam</strong></span> <span class='ocrx_word' id='word_1_614' title='bbox 3189 3711 3474 3764; x_wconf 86' lang='lat' dir='ltr'><strong>sindonem</strong></span> 
     </span>
    </p>
   </div>
   <div class='ocr_carea' id='block_1_84' title="bbox 1893 3799 3474 3868">
    <p class='ocr_par' dir='ltr' id='par_1_84' title="bbox 1893 3799 3474 3868">
     <span class='ocr_line' id='line_1_84' title="bbox 1893 3799 3474 3868; baseline -0.009 -3"><span class='ocrx_word' id='word_1_615' title='bbox 1893 3809 2118 3866; x_wconf 76' lang='lat' dir='ltr'><strong>Ananiae</strong></span> <span class='ocrx_word' id='word_1_616' title='bbox 2154 3806 2396 3868; x_wconf 87' lang='lat' dir='ltr'><strong>tradidit,</strong></span> <span class='ocrx_word' id='word_1_617' title='bbox 2442 3804 2711 3858; x_wconf 88' lang='lat' dir='ltr'><strong>mandans</strong></span> <span class='ocrx_word' id='word_1_618' title='bbox 2745 3815 2799 3856; x_wconf 90' lang='lat' dir='ltr'><strong>ut</strong></span> <span class='ocrx_word' id='word_1_619' title='bbox 2841 3802 3066 3855; x_wconf 90' lang='lat' dir='ltr'><strong>domino</strong></span> <span class='ocrx_word' id='word_1_620' title='bbox 3101 3814 3199 3854; x_wconf 92' lang='lat' dir='ltr'><strong>suo</strong></span> <span class='ocrx_word' id='word_1_621' title='bbox 3232 3799 3474 3860; x_wconf 79' lang='lat' dir='ltr'><strong>afferret,</strong></span> 
     </span>
    </p>
   </div>
   <div class='ocr_carea' id='block_1_85' title="bbox 1895 3889 3470 3969">
    <p class='ocr_par' dir='ltr' id='par_1_85' title="bbox 1895 3889 3470 3969">
     <span class='ocr_line' id='line_1_85' title="bbox 1895 3889 3470 3969; baseline -0.01 -15"><span class='ocrx_word' id='word_1_622' title='bbox 1895 3918 1958 3956; x_wconf 91' lang='lat' dir='ltr'><strong>ac</strong></span> <span class='ocrx_word' id='word_1_623' title='bbox 1993 3916 2099 3954; x_wconf 91' lang='lat' dir='ltr'><strong>una</strong></span> <span class='ocrx_word' id='word_1_624' title='bbox 2145 3900 2455 3969; x_wconf 89' lang='lat' dir='ltr'><strong>epistolam,</strong></span> <span class='ocrx_word' id='word_1_625' title='bbox 2499 3911 2659 3964; x_wconf 87' lang='lat' dir='ltr'><strong>quam</strong></span> <span class='ocrx_word' id='word_1_626' title='bbox 2709 3895 2763 3948; x_wconf 91' lang='lat' dir='ltr'><strong>in</strong></span> <span class='ocrx_word' id='word_1_627' title='bbox 2807 3893 2922 3947; x_wconf 68' lang='lat' dir='ltr'><strong>hinc</strong></span> <span class='ocrx_word' id='word_1_628' title='bbox 2954 3893 3117 3946; x_wconf 87' lang='lat' dir='ltr'><strong>verba</strong></span> <span class='ocrx_word' id='word_1_629' title='bbox 3148 3889 3470 3957; x_wconf 89' lang='lat' dir='ltr'><strong>rescripsit:</strong></span> 
     </span>
    </p>
   </div>
   <div class='ocr_carea' id='block_1_86' title="bbox 1900 3979 3480 4056">
    <p class='ocr_par' dir='ltr' id='par_1_86' title="bbox 1900 3979 3480 4056">
     <span class='ocr_line' id='line_1_86' title="bbox 1900 3979 3480 4056; baseline -0.009 -12"><span class='ocrx_word' id='word_1_630' title='bbox 1900 4015 1916 4044; x_wconf 77' lang='grc' dir='ltr'><strong>ι</strong></span> <span class='ocrx_word' id='word_1_631' title='bbox 1952 3993 2149 4045; x_wconf 86' lang='lat' dir='ltr'><strong>Beatus</strong></span> <span class='ocrx_word' id='word_1_632' title='bbox 2192 4007 2271 4052; x_wconf 88' lang='lat' dir='ltr'><strong>es,</strong></span> <span class='ocrx_word' id='word_1_633' title='bbox 2308 3991 2546 4056; x_wconf 81' lang='lat' dir='ltr'><strong>Augare,</strong></span> <span class='ocrx_word' id='word_1_634' title='bbox 2585 3985 2675 4052; x_wconf 87' lang='lat' dir='ltr'><strong>qui</strong></span> <span class='ocrx_word' id='word_1_635' title='bbox 2713 3985 2846 4038; x_wconf 88' lang='lat' dir='ltr'><strong>mihi</strong></span> <span class='ocrx_word' id='word_1_636' title='bbox 2887 3998 2992 4037; x_wconf 90' lang='lat' dir='ltr'><strong>non</strong></span> <span class='ocrx_word' id='word_1_637' title='bbox 3038 3983 3155 4035; x_wconf 78' lang='lat' dir='ltr'><strong>viso</strong></span> <span class='ocrx_word' id='word_1_638' title='bbox 3191 3981 3350 4034; x_wconf 90' lang='lat' dir='ltr'><strong>tidem</strong></span> <span class='ocrx_word' id='word_1_639' title='bbox 3382 3979 3480 4031; x_wconf 90' lang='lat' dir='ltr'><strong>ha-</strong></span> 
     </span>
    </p>
   </div>
   <div class='ocr_carea' id='block_1_87' title="bbox 1894 4071 3476 4137">
    <p class='ocr_par' dir='ltr' id='par_1_87' title="bbox 1894 4071 3476 4137">
     <span class='ocr_line' id='line_1_87' title="bbox 1894 4071 3476 4137; baseline -0.008 -2"><span class='ocrx_word' id='word_1_640' title='bbox 1894 4083 2080 4137; x_wconf 82' lang='lat' dir='ltr'><strong>buisti.</strong></span> <span class='ocrx_word' id='word_1_641' title='bbox 2133 4079 2222 4132; x_wconf 89' lang='lat' dir='ltr'><strong>Sic</strong></span> <span class='ocrx_word' id='word_1_642' title='bbox 2262 4078 2407 4132; x_wconf 86' lang='lat' dir='ltr'><strong>enim</strong></span> <span class='ocrx_word' id='word_1_643' title='bbox 2449 4081 2516 4131; x_wconf 90' lang='lat' dir='ltr'><strong>de</strong></span> <span class='ocrx_word' id='word_1_644' title='bbox 2551 4091 2636 4130; x_wconf 91' lang='lat' dir='ltr'><strong>me</strong></span> <span class='ocrx_word' id='word_1_645' title='bbox 2682 4074 2910 4128; x_wconf 89' lang='lat' dir='ltr'><strong>Litteris</strong></span> <span class='ocrx_word' id='word_1_646' title='bbox 2937 4071 3196 4126; x_wconf 90' lang='lat' dir='ltr'><strong>traditum</strong></span> <span class='ocrx_word' id='word_1_647' title='bbox 3237 4081 3342 4132; x_wconf 89' lang='lat' dir='ltr'><strong>est,</strong></span> <span class='ocrx_word' id='word_1_648' title='bbox 3379 4083 3476 4123; x_wconf 91' lang='lat' dir='ltr'><strong>eos</strong></span> 
     </span>
    </p>
   </div>
   <div class='ocr_carea' id='block_1_88' title="bbox 1895 4163 3473 4242">
    <p class='ocr_par' dir='ltr' id='par_1_88' title="bbox 1895 4163 3473 4242">
     <span class='ocr_line' id='line_1_88' title="bbox 1895 4163 3473 4242; baseline -0.01 -16"><span class='ocrx_word' id='word_1_649' title='bbox 1895 4173 1986 4242; x_wconf 94' lang='lat' dir='ltr'><strong>qui</strong></span> <span class='ocrx_word' id='word_1_650' title='bbox 2020 4187 2106 4225; x_wconf 90' lang='lat' dir='ltr'><strong>me</strong></span> <span class='ocrx_word' id='word_1_651' title='bbox 2138 4169 2379 4234; x_wconf 84' lang='lat' dir='ltr'><strong>videant,</strong></span> <span class='ocrx_word' id='word_1_652' title='bbox 2413 4167 2572 4222; x_wconf 87' lang='lat' dir='ltr'><strong>fidem</strong></span> <span class='ocrx_word' id='word_1_653' title='bbox 2608 4167 2740 4219; x_wconf 90' lang='lat' dir='ltr'><strong>mihi</strong></span> <span class='ocrx_word' id='word_1_654' title='bbox 2784 4181 2890 4219; x_wconf 91' lang='lat' dir='ltr'><strong>non</strong></span> <span class='ocrx_word' id='word_1_655' title='bbox 2931 4163 3249 4224; x_wconf 90' lang='lat' dir='ltr'><strong>habituros,</strong></span> <span class='ocrx_word' id='word_1_656' title='bbox 3283 4175 3473 4214; x_wconf 84' lang='lat' dir='ltr'><strong>verum</strong></span> 
     </span>
    </p>
   </div>
   <div class='ocr_carea' id='block_1_89' title="bbox 1894 4250 3480 4330">
    <p class='ocr_par' dir='ltr' id='par_1_89' title="bbox 1894 4250 3480 4330">
     <span class='ocr_line' id='line_1_89' title="bbox 1894 4250 3480 4330; baseline -0.009 -14"><span class='ocrx_word' id='word_1_657' title='bbox 1894 4278 1990 4316; x_wconf 91' lang='lat' dir='ltr'><strong>eos</strong></span> <span class='ocrx_word' id='word_1_658' title='bbox 2019 4259 2182 4330; x_wconf 80' lang='lat'><strong>310</strong></span> <span class='ocrx_word' id='word_1_659' title='bbox 2219 4257 2313 4327; x_wconf 89' lang='lat' dir='ltr'><strong>qui</strong></span> <span class='ocrx_word' id='word_1_660' title='bbox 2356 4273 2440 4311; x_wconf 93' lang='lat' dir='ltr'><strong>me</strong></span> <span class='ocrx_word' id='word_1_661' title='bbox 2474 4271 2582 4311; x_wconf 91' lang='lat' dir='ltr'><strong>non</strong></span> <span class='ocrx_word' id='word_1_662' title='bbox 2616 4255 2922 4316; x_wconf 89' lang='lat' dir='ltr'><strong>vidissent,</strong></span> <span class='ocrx_word' id='word_1_663' title='bbox 2960 4254 3115 4307; x_wconf 85' lang='lat' dir='ltr'><strong>fidem</strong></span> <span class='ocrx_word' id='word_1_664' title='bbox 3150 4250 3282 4304; x_wconf 90' lang='lat' dir='ltr'><strong>mihi</strong></span> <span class='ocrx_word' id='word_1_665' title='bbox 3317 4256 3480 4316; x_wconf 87' lang='lat' dir='ltr'><strong>atque</strong></span> 
     </span>
    </p>
   </div>
   <div class='ocr_carea' id='block_1_90' title="bbox 1897 4340 3480 4416">
    <p class='ocr_par' dir='ltr' id='par_1_90' title="bbox 1897 4340 3480 4416">
     <span class='ocr_line' id='line_1_90' title="bbox 1897 4340 3480 4416; baseline -0.011 -8"><span class='ocrx_word' id='word_1_666' title='bbox 1897 4355 2064 4408; x_wconf 86' lang='lat' dir='ltr'><strong>vitam</strong></span> <span class='ocrx_word' id='word_1_667' title='bbox 2103 4351 2410 4404; x_wconf 87' lang='lat' dir='ltr'><strong>habituros.</strong></span> <span class='ocrx_word' id='word_1_668' title='bbox 2445 4346 2601 4412; x_wconf 86' lang='lat' dir='ltr'><strong>Quod</strong></span> <span class='ocrx_word' id='word_1_669' title='bbox 2634 4348 2772 4416; x_wconf 89' lang='lat' dir='ltr'><strong>petis</strong></span> <span class='ocrx_word' id='word_1_670' title='bbox 2806 4355 2863 4399; x_wconf 88' lang='lat' dir='ltr'><strong>ut</strong></span> <span class='ocrx_word' id='word_1_671' title='bbox 2893 4346 2958 4398; x_wconf 90' lang='lat' dir='ltr'><strong>ad</strong></span> <span class='ocrx_word' id='word_1_672' title='bbox 2992 4353 3045 4398; x_wconf 90' lang='lat' dir='ltr'><strong>te</strong></span> <span class='ocrx_word' id='word_1_673' title='bbox 3074 4344 3310 4402; x_wconf 87' lang='lat' dir='ltr'><strong>veniam,</strong></span> <span class='ocrx_word' id='word_1_674' title='bbox 3346 4340 3480 4392; x_wconf 85' lang='lat' dir='ltr'><strong>mihi</strong></span> 
     </span>
    </p>
   </div>
   <div class='ocr_carea' id='block_1_91' title="bbox 1895 4431 3480 4506">
    <p class='ocr_par' dir='ltr' id='par_1_91' title="bbox 1895 4431 3480 4506">
     <span class='ocr_line' id='line_1_91' title="bbox 1895 4431 3480 4506; baseline -0.012 -6"><span class='ocrx_word' id='word_1_675' title='bbox 1895 4446 2075 4501; x_wconf 91' lang='lat' dir='ltr'><strong>omnia</strong></span> <span class='ocrx_word' id='word_1_676' title='bbox 2127 4439 2458 4495; x_wconf 87' lang='lat' dir='ltr'><strong>absolvenda</strong></span> <span class='ocrx_word' id='word_1_677' title='bbox 2502 4446 2630 4492; x_wconf 85' lang='lat' dir='ltr'><strong>sunt</strong></span> <span class='ocrx_word' id='word_1_678' title='bbox 2667 4454 2729 4491; x_wconf 87' lang='lat' dir='ltr'><strong>ea</strong></span> <span class='ocrx_word' id='word_1_679' title='bbox 2779 4451 3011 4506; x_wconf 87' lang='lat' dir='ltr'><strong>quorum</strong></span> <span class='ocrx_word' id='word_1_680' title='bbox 3065 4434 3233 4503; x_wconf 80' lang='lat' dir='ltr'><strong>gratia</strong></span> <span class='ocrx_word' id='word_1_681' title='bbox 3278 4431 3480 4484; x_wconf 90' lang='lat' dir='ltr'><strong>missus</strong></span> 
     </span>
    </p>
   </div>
   <div class='ocr_carea' id='block_1_92' title="bbox 202 4518 1784 4604">
    <p class='ocr_par' dir='ltr' id='par_1_92' title="bbox 202 4523 1784 4598">
     <span class='ocr_line' id='line_1_92' title="bbox 202 4523 1784 4598; baseline 0.004 -23"><span class='ocrx_word' id='word_1_682' title='bbox 202 4523 449 4594; x_wconf 71' lang='grc' dir='ltr'>Λῦγαρε,</span> <span class='ocrx_word' id='word_1_683' title='bbox 482 4525 783 4589; x_wconf 86' lang='grc' dir='ltr'>πιστεύσας</span> <span class='ocrx_word' id='word_1_684' title='bbox 814 4527 870 4580; x_wconf 75' lang='grc' dir='ltr'><strong>ἐν</strong></span> <span class='ocrx_word' id='word_1_685' title='bbox 904 4529 1026 4598; x_wconf 64' lang='grc' dir='ltr'>ἐμοὶ</span> <span class='ocrx_word' id='word_1_686' title='bbox 1057 4529 1131 4598; x_wconf 78' lang='grc' dir='ltr'>μὴ</span> <span class='ocrx_word' id='word_1_687' title='bbox 1160 4528 1420 4598; x_wconf 81' lang='grc' dir='ltr'>ἑωρακώς</span> <span class='ocrx_word' id='word_1_688' title='bbox 1455 4547 1540 4598; x_wconf 90' lang='grc' dir='ltr'>με.</span> <span class='ocrx_word' id='word_1_689' title='bbox 1579 4529 1784 4598; x_wconf 75' lang='grc' dir='ltr'>Γέγρα-</span> 
     </span>
    </p>
   </div>
   <div class='ocr_carea' id='block_1_93' title="bbox 1888 4518 3477 4604">
    <p class='ocr_par' dir='ltr' id='par_1_93' title="bbox 1894 4518 3477 4602">
     <span class='ocr_line' id='line_1_93' title="bbox 1894 4518 3477 4602; baseline -0.012 -12"><span class='ocrx_word' id='word_1_690' title='bbox 1894 4551 2034 4597; x_wconf 88' lang='lat' dir='ltr'><strong>sum,</strong></span> <span class='ocrx_word' id='word_1_691' title='bbox 2078 4533 2254 4602; x_wconf 84' lang='lat' dir='ltr'><strong>iisque</strong></span> <span class='ocrx_word' id='word_1_692' title='bbox 2285 4529 2552 4586; x_wconf 88' lang='lat' dir='ltr'><strong>confectis</strong></span> <span class='ocrx_word' id='word_1_693' title='bbox 2597 4529 2938 4583; x_wconf 89' lang='lat' dir='ltr'><strong>redeundum</strong></span> <span class='ocrx_word' id='word_1_694' title='bbox 2985 4525 3051 4578; x_wconf 84' lang='lat' dir='ltr'><strong>ad</strong></span> <span class='ocrx_word' id='word_1_695' title='bbox 3105 4524 3348 4582; x_wconf 89' lang='lat' dir='ltr'><strong>Patrem,</strong></span> <span class='ocrx_word' id='word_1_696' title='bbox 3385 4518 3477 4586; x_wconf 89' lang='lat' dir='ltr'><strong>qui</strong></span> 
     </span>
    </p>
   </div>
   <div class='ocr_carea' id='block_1_94' title="bbox 203 4615 1787 4690">
    <p class='ocr_par' dir='ltr' id='par_1_94' title="bbox 203 4615 1787 4690">
     <span class='ocr_line' id='line_1_94' title="bbox 203 4615 1787 4690; baseline 0.004 -25"><span class='ocrx_word' id='word_1_697' title='bbox 203 4631 335 4666; x_wconf 84' lang='grc' dir='ltr'>πται</span> <span class='ocrx_word' id='word_1_698' title='bbox 355 4615 467 4683; x_wconf 80' lang='grc' dir='ltr'><strong>γὰρ</strong></span> <span class='ocrx_word' id='word_1_699' title='bbox 490 4617 620 4686; x_wconf 78' lang='grc' dir='ltr'>περὶ</span> <span class='ocrx_word' id='word_1_700' title='bbox 650 4616 948 4685; x_wconf 77' lang='grc' dir='ltr'>ὲμοῦ,τοὺς</span> <span class='ocrx_word' id='word_1_701' title='bbox 972 4620 1289 4688; x_wconf 77' lang='grc' dir='ltr'>ἑωρακότας</span> <span class='ocrx_word' id='word_1_702' title='bbox 1314 4637 1377 4690; x_wconf 88' lang='grc' dir='ltr'><strong>με</strong></span> <span class='ocrx_word' id='word_1_703' title='bbox 1411 4619 1486 4689; x_wconf 83' lang='grc' dir='ltr'>μὴ</span> <span class='ocrx_word' id='word_1_704' title='bbox 1513 4621 1787 4688; x_wconf 79' lang='grc' dir='ltr'>πιστεύειν</span> 
     </span>
    </p>
   </div>
   <div class='ocr_carea' id='block_1_95' title="bbox 205 4708 1786 4781">
    <p class='ocr_par' dir='ltr' id='par_1_95' title="bbox 205 4708 1786 4781">
     <span class='ocr_line' id='line_1_95' title="bbox 205 4708 1786 4781; baseline 0.003 -21"><span class='ocrx_word' id='word_1_705' title='bbox 205 4710 260 4760; x_wconf 83' lang='grc' dir='ltr'><strong>ἐν</strong></span> <span class='ocrx_word' id='word_1_706' title='bbox 291 4708 448 4776; x_wconf 76' lang='grc' dir='ltr'>ἐμοί·</span> <span class='ocrx_word' id='word_1_707' title='bbox 483 4709 536 4776; x_wconf 89' lang='grc' dir='ltr'>οἱ</span> <span class='ocrx_word' id='word_1_708' title='bbox 581 4709 638 4762; x_wconf 82' lang='grc' dir='ltr'>δὲ</span> <span class='ocrx_word' id='word_1_709' title='bbox 681 4710 756 4778; x_wconf 83' lang='grc' dir='ltr'>μὴ</span> <span class='ocrx_word' id='word_1_710' title='bbox 806 4711 1113 4780; x_wconf 77' lang='grc' dir='ltr'>ἑωρακότες</span> <span class='ocrx_word' id='word_1_711' title='bbox 1172 4729 1239 4781; x_wconf 86' lang='grc' dir='ltr'><strong>με</strong></span> <span class='ocrx_word' id='word_1_712' title='bbox 1292 4715 1444 4764; x_wconf 72' lang='grc' dir='ltr'>αὐτοὶ</span> <span class='ocrx_word' id='word_1_713' title='bbox 1469 4714 1786 4766; x_wconf 83' lang='grc' dir='ltr'>πιστεύουσι</span> 
     </span>
    </p>
   </div>
   <div class='ocr_carea' id='block_1_96' title="bbox 206 4795 1785 4874">
    <p class='ocr_par' dir='ltr' id='par_1_96' title="bbox 206 4795 1785 4874">
     <span class='ocr_line' id='line_1_96' title="bbox 206 4795 1785 4874; baseline 0.004 -24"><span class='ocrx_word' id='word_1_714' title='bbox 206 4801 297 4850; x_wconf 69' lang='grc' dir='ltr'><strong>καὶ</strong></span> <span class='ocrx_word' id='word_1_715' title='bbox 327 4799 610 4868; x_wconf 73' lang='grc' dir='ltr'>ζήσονται.</span> <span class='ocrx_word' id='word_1_716' title='bbox 676 4801 809 4869; x_wconf 69' lang='grc' dir='ltr'>Περὶ</span> <span class='ocrx_word' id='word_1_717' title='bbox 837 4800 892 4853; x_wconf 85' lang='grc' dir='ltr'>δὲ</span> <span class='ocrx_word' id='word_1_718' title='bbox 940 4795 1000 4856; x_wconf 80' lang='grc' dir='ltr'><strong>οῦ</strong></span> <span class='ocrx_word' id='word_1_719' title='bbox 1036 4802 1283 4871; x_wconf 58' lang='grc' dir='ltr'>ἔγραψάς</span> <span class='ocrx_word' id='word_1_720' title='bbox 1319 4820 1405 4873; x_wconf 85' lang='grc' dir='ltr'><strong>μοι</strong></span> <span class='ocrx_word' id='word_1_721' title='bbox 1437 4805 1610 4857; x_wconf 80' lang='grc' dir='ltr'>ἐλθεῖν</span> <span class='ocrx_word' id='word_1_722' title='bbox 1652 4807 1785 4874; x_wconf 72' lang='grc' dir='ltr'>πρὸς</span> 
     </span>
    </p>
   </div>
   <div class='ocr_carea' id='block_1_97' title="bbox 208 4889 1782 4965">
    <p class='ocr_par' dir='ltr' id='par_1_97' title="bbox 208 4889 1782 4965">
     <span class='ocr_line' id='line_1_97' title="bbox 208 4889 1782 4965; baseline 0.004 -26"><span class='ocrx_word' id='word_1_723' title='bbox 208 4905 286 4950; x_wconf 77' lang='grc' dir='ltr'><strong>σε,</strong></span> <span class='ocrx_word' id='word_1_724' title='bbox 323 4889 444 4941; x_wconf 81' lang='grc' dir='ltr'>δέον</span> <span class='ocrx_word' id='word_1_725' title='bbox 498 4891 614 4941; x_wconf 77' lang='grc' dir='ltr'>ἐστὶ</span> <span class='ocrx_word' id='word_1_726' title='bbox 669 4893 845 4943; x_wconf 76' lang='grc' dir='ltr'>πάντα</span> <span class='ocrx_word' id='word_1_727' title='bbox 877 4891 1163 4961; x_wconf 77' lang='grc' dir='ltr'>πληρῶσαι</span> <span class='ocrx_word' id='word_1_728' title='bbox 1203 4912 1268 4963; x_wconf 86' lang='grc' dir='ltr'><strong>με</strong></span> <span class='ocrx_word' id='word_1_729' title='bbox 1294 4895 1360 4946; x_wconf 84' lang='grc' dir='ltr'>δι’</span> <span class='ocrx_word' id='word_1_730' title='bbox 1391 4894 1427 4947; x_wconf 79' lang='grc' dir='ltr'>ἃ</span> <span class='ocrx_word' id='word_1_731' title='bbox 1449 4895 1782 4965; x_wconf 70' lang='grc' dir='ltr'>ἀπεσταλην,</span> 
     </span>
    </p>
   </div>
   <div class='ocr_carea' id='block_1_98' title="bbox 207 4978 1786 5053">
    <p class='ocr_par' dir='ltr' id='par_1_98' title="bbox 207 4978 1786 5053">
     <span class='ocr_line' id='line_1_98' title="bbox 207 4978 1786 5053; baseline 0.004 -25"><span class='ocrx_word' id='word_1_732' title='bbox 207 4983 298 5029; x_wconf 72' lang='grc' dir='ltr'><strong>καὶ</strong></span> <span class='ocrx_word' id='word_1_733' title='bbox 348 4978 490 5046; x_wconf 81' lang='grc' dir='ltr'><strong>μετά</strong></span> <span class='ocrx_word' id='word_1_734' title='bbox 546 4980 604 5030; x_wconf 69' lang='grc' dir='ltr'>τὸ</span> <span class='ocrx_word' id='word_1_735' title='bbox 647 4980 936 5048; x_wconf 75' lang='grc' dir='ltr'>πληρῶσαι</span> <span class='ocrx_word' id='word_1_736' title='bbox 994 4983 1371 5050; x_wconf 65' lang='grc' dir='ltr'>ἀναληφθῆναι</span> <span class='ocrx_word' id='word_1_737' title='bbox 1415 5000 1481 5051; x_wconf 91' lang='grc' dir='ltr'><strong>με</strong></span> <span class='ocrx_word' id='word_1_738' title='bbox 1516 4983 1652 5053; x_wconf 78' lang='grc' dir='ltr'>πρὸς</span> <span class='ocrx_word' id='word_1_739' title='bbox 1696 4986 1786 5035; x_wconf 70' lang='grc' dir='ltr'>τὸν</span> 
     </span>
    </p>
   </div>
   <div class='ocr_carea' id='block_1_99' title="bbox 208 5068 1787 5145">
    <p class='ocr_par' dir='ltr' id='par_1_99' title="bbox 208 5068 1787 5145">
     <span class='ocr_line' id='line_1_99' title="bbox 208 5068 1787 5145; baseline 0.003 -26"><span class='ocrx_word' id='word_1_740' title='bbox 208 5068 612 5122; x_wconf 71' lang='grc' dir='ltr'>ἀποστείλαντά</span> <span class='ocrx_word' id='word_1_741' title='bbox 661 5088 725 5139; x_wconf 79' lang='grc' dir='ltr'><strong>με</strong></span> <span class='ocrx_word' id='word_1_742' title='bbox 783 5072 1020 5140; x_wconf 81' lang='grc' dir='ltr'>Πατέρα.</span> <span class='ocrx_word' id='word_1_743' title='bbox 1083 5075 1334 5127; x_wconf 67' lang='grc' dir='ltr'>Ἐπειδὰν</span> <span class='ocrx_word' id='word_1_744' title='bbox 1377 5076 1431 5127; x_wconf 75' lang='grc' dir='ltr'><strong>δὲ</strong></span> <span class='ocrx_word' id='word_1_745' title='bbox 1472 5076 1787 5145; x_wconf 73' lang='grc' dir='ltr'>ἀναληφθῶ,</span> 
     </span>
    </p>
   </div>
   <div class='ocr_carea' id='block_1_100' title="bbox 208 5161 1788 5236">
    <p class='ocr_par' dir='ltr' id='par_1_100' title="bbox 208 5161 1788 5236">
     <span class='ocr_line' id='line_1_100' title="bbox 208 5161 1788 5236; baseline 0.006 -26"><span class='ocrx_word' id='word_1_746' title='bbox 208 5161 519 5214; x_wconf 76' lang='grc' dir='ltr'>ἀποστείλω</span> <span class='ocrx_word' id='word_1_747' title='bbox 550 5178 633 5214; x_wconf 93' lang='grc' dir='ltr'><strong>σοι</strong></span> <span class='ocrx_word' id='word_1_748' title='bbox 663 5162 761 5216; x_wconf 77' lang='grc' dir='ltr'>ἕνα</span> <span class='ocrx_word' id='word_1_749' title='bbox 793 5165 900 5217; x_wconf 87' lang='grc' dir='ltr'><strong>τῶν</strong></span> <span class='ocrx_word' id='word_1_750' title='bbox 929 5167 1187 5236; x_wconf 80' lang='grc' dir='ltr'>μαθητῶν</span> <span class='ocrx_word' id='word_1_751' title='bbox 1214 5185 1339 5236; x_wconf 84' lang='grc' dir='ltr'>μου,</span> <span class='ocrx_word' id='word_1_752' title='bbox 1377 5167 1606 5236; x_wconf 75' lang='grc' dir='ltr'>ὀνὸματι</span> <span class='ocrx_word' id='word_1_753' title='bbox 1648 5168 1788 5220; x_wconf 84' lang='grc' dir='ltr'>Θαδ-</span> 
     </span>
    </p>
   </div>
   <div class='ocr_carea' id='block_1_101' title="bbox 209 5247 1790 5327">
    <p class='ocr_par' dir='ltr' id='par_1_101' title="bbox 209 5247 1790 5327">
     <span class='ocr_line' id='line_1_101' title="bbox 209 5247 1790 5327; baseline 0.004 -26"><span class='ocrx_word' id='word_1_754' title='bbox 209 5247 380 5314; x_wconf 80' lang='grc' dir='ltr'>δαῖον,</span> <span class='ocrx_word' id='word_1_755' title='bbox 413 5253 563 5313; x_wconf 78' lang='grc' dir='ltr'>ὃστις</span> <span class='ocrx_word' id='word_1_756' title='bbox 591 5255 684 5304; x_wconf 70' lang='grc' dir='ltr'><strong>καὶ</strong></span> <span class='ocrx_word' id='word_1_757' title='bbox 731 5254 792 5305; x_wconf 71' lang='grc' dir='ltr'>τὸ</span> <span class='ocrx_word' id='word_1_758' title='bbox 837 5256 1008 5318; x_wconf 74' lang='grc' dir='ltr'>πάθος</span> <span class='ocrx_word' id='word_1_759' title='bbox 1050 5273 1142 5309; x_wconf 82' lang='grc' dir='ltr'><strong>σου</strong></span> <span class='ocrx_word' id='word_1_760' title='bbox 1169 5257 1496 5327; x_wconf 78' lang='grc' dir='ltr'>θεραπεύσει</span> <span class='ocrx_word' id='word_1_761' title='bbox 1524 5259 1617 5310; x_wconf 70' lang='grc' dir='ltr'><strong>καὶ</strong></span> <span class='ocrx_word' id='word_1_762' title='bbox 1649 5257 1790 5327; x_wconf 80' lang='grc' dir='ltr'>ζωὴν</span> 
     </span>
    </p>
   </div>
   <div class='ocr_carea' id='block_1_102' title="bbox 210 5343 1789 5417">
    <p class='ocr_par' dir='ltr' id='par_1_102' title="bbox 210 5343 1789 5417">
     <span class='ocr_line' id='line_1_102' title="bbox 210 5343 1789 5417; baseline 0.003 -23"><span class='ocrx_word' id='word_1_763' title='bbox 210 5343 432 5395; x_wconf 81' lang='grc' dir='ltr'>αἰώνιον</span> <span class='ocrx_word' id='word_1_764' title='bbox 462 5343 558 5394; x_wconf 79' lang='grc' dir='ltr'>καὶ</span> <span class='ocrx_word' id='word_1_765' title='bbox 590 5343 814 5413; x_wconf 79' lang='grc' dir='ltr'>είρήνην</span> <span class='ocrx_word' id='word_1_766' title='bbox 845 5362 928 5396; x_wconf 83' lang='grc' dir='ltr'><strong>σοι</strong></span> <span class='ocrx_word' id='word_1_767' title='bbox 960 5348 1238 5416; x_wconf 70' lang='grc' dir='ltr'>παράσχῃ,</span> <span class='ocrx_word' id='word_1_768' title='bbox 1293 5349 1384 5400; x_wconf 67' lang='grc' dir='ltr'><strong>καὶ</strong></span> <span class='ocrx_word' id='word_1_769' title='bbox 1414 5350 1478 5417; x_wconf 82' lang='grc' dir='ltr'>τῇ</span> <span class='ocrx_word' id='word_1_770' title='bbox 1515 5348 1666 5400; x_wconf 76' lang='grc' dir='ltr'>πόλει</span> <span class='ocrx_word' id='word_1_771' title='bbox 1699 5365 1789 5399; x_wconf 74' lang='grc' dir='ltr'><strong>σου</strong></span> 
     </span>
    </p>
   </div>
   <div class='ocr_carea' id='block_1_103' title="bbox 211 5437 1788 5510">
    <p class='ocr_par' dir='ltr' id='par_1_103' title="bbox 211 5437 1788 5510">
     <span class='ocr_line' id='line_1_103' title="bbox 211 5437 1788 5510; baseline 0.002 -22"><span class='ocrx_word' id='word_1_772' title='bbox 211 5439 508 5504; x_wconf 68' lang='grc' dir='ltr'>γειήσεται</span> <span class='ocrx_word' id='word_1_773' title='bbox 559 5437 618 5488; x_wconf 76' lang='grc' dir='ltr'>τὸ</span> <span class='ocrx_word' id='word_1_774' title='bbox 673 5438 855 5489; x_wconf 69' lang='grc' dir='ltr'>ἱκανὸν</span> <span class='ocrx_word' id='word_1_775' title='bbox 886 5437 1021 5506; x_wconf 82' lang='grc' dir='ltr'>πρὸς</span> <span class='ocrx_word' id='word_1_776' title='bbox 1051 5438 1112 5490; x_wconf 77' lang='grc' dir='ltr'>τὸ</span> <span class='ocrx_word' id='word_1_777' title='bbox 1160 5439 1362 5506; x_wconf 83' lang='grc' dir='ltr'>μηδένα</span> <span class='ocrx_word' id='word_1_778' title='bbox 1415 5441 1521 5490; x_wconf 83' lang='grc' dir='ltr'><strong>τῶν</strong></span> <span class='ocrx_word' id='word_1_779' title='bbox 1579 5439 1788 5510; x_wconf 77' lang='grc' dir='ltr'>ἐχθρῶν</span> 
     </span>
    </p>
   </div>
   <div class='ocr_carea' id='block_1_104' title="bbox 215 5527 1789 5599">
    <p class='ocr_par' dir='ltr' id='par_1_104' title="bbox 215 5527 1789 5599">
     <span class='ocr_line' id='line_1_104' title="bbox 215 5527 1789 5599; baseline -0.001 -17"><span class='ocrx_word' id='word_1_780' title='bbox 215 5527 542 5595; x_wconf 65' lang='grc' dir='ltr'>κατιτιῖσαι</span> <span class='ocrx_word' id='word_1_781' title='bbox 571 5528 760 5596; x_wconf 63' lang='grc' dir='ltr'>αὐτῆς.</span> <span class='ocrx_word' id='word_1_782' title='bbox 795 5548 811 5579; x_wconf 74' lang='grc' dir='ltr'><strong>ι</strong></span> <span class='ocrx_word' id='word_1_783' title='bbox 861 5528 1100 5591; x_wconf 76' lang='grc' dir='ltr'>Ἐπιθεὶς</span> <span class='ocrx_word' id='word_1_784' title='bbox 1138 5530 1194 5581; x_wconf 81' lang='grc' dir='ltr'><strong>ἐν</strong></span> <span class='ocrx_word' id='word_1_785' title='bbox 1220 5529 1298 5599; x_wconf 82' lang='grc' dir='ltr'>τῷ</span> <span class='ocrx_word' id='word_1_786' title='bbox 1328 5530 1470 5582; x_wconf 83' lang='grc' dir='ltr'>τέλει</span> <span class='ocrx_word' id='word_1_787' title='bbox 1501 5533 1592 5583; x_wconf 74' lang='grc' dir='ltr'><strong>καὶ</strong></span> <span class='ocrx_word' id='word_1_788' title='bbox 1617 5545 1789 5599; x_wconf 72' lang='grc' dir='ltr'>σφρα-</span> 
     </span>
    </p>
   </div>
   <div class='ocr_carea' id='block_1_105' title="bbox 217 5623 1790 5694">
    <p class='ocr_par' dir='ltr' id='par_1_105' title="bbox 217 5623 1790 5694">
     <span class='ocr_line' id='line_1_105' title="bbox 217 5623 1790 5694; baseline 0 -18"><span class='ocrx_word' id='word_1_789' title='bbox 217 5623 334 5689; x_wconf 61' lang='grc' dir='ltr'>γῖδα</span> <span class='ocrx_word' id='word_1_790' title='bbox 364 5625 690 5693; x_wconf 77' lang='grc' dir='ltr'>γράμμασιν</span> <span class='ocrx_word' id='word_1_791' title='bbox 739 5623 1046 5694; x_wconf 81' lang='grc' dir='ltr'>Ἑϐραϊκοῖς</span> <span class='ocrx_word' id='word_1_792' title='bbox 1090 5625 1519 5692; x_wconf 81' lang='grc' dir='ltr'>ἐνσημανθεῖσαν</span> <span class='ocrx_word' id='word_1_793' title='bbox 1545 5625 1701 5684; x_wconf 68' lang='grc' dir='ltr'>ἑπτὰ,</span> <span class='ocrx_word' id='word_1_794' title='bbox 1756 5624 1790 5676; x_wconf 76' lang='grc' dir='ltr'><strong>ἆ</strong></span> 
     </span>
    </p>
   </div>
   <div class='ocr_carea' id='block_1_106' title="bbox 214 5715 1790 5785">
    <p class='ocr_par' dir='ltr' id='par_1_106' title="bbox 214 5715 1790 5785">
     <span class='ocr_line' id='line_1_106' title="bbox 214 5715 1790 5785; baseline -0.001 -18"><span class='ocrx_word' id='word_1_795' title='bbox 214 5730 333 5767; x_wconf 71' lang='grc' dir='ltr'>τινα</span> <span class='ocrx_word' id='word_1_796' title='bbox 370 5715 894 5785; x_wconf 68' lang='grc' dir='ltr'>μεθερμηνευόμενα</span> <span class='ocrx_word' id='word_1_797' title='bbox 943 5715 1115 5768; x_wconf 84' lang='grc' dir='ltr'>ταῦτα</span> <span class='ocrx_word' id='word_1_798' title='bbox 1143 5715 1384 5784; x_wconf 74' lang='grc' dir='ltr'>δηλοῦσι,</span> <span class='ocrx_word' id='word_1_799' title='bbox 1416 5715 1549 5767; x_wconf 89' lang='grc' dir='ltr'>Θεοῦ</span> <span class='ocrx_word' id='word_1_800' title='bbox 1601 5715 1790 5767; x_wconf 83' lang='grc' dir='ltr'>θεαθὲν</span> 
     </span>
    </p>
   </div>
   <div class='ocr_carea' id='block_1_107' title="bbox 222 5805 1788 5878">
    <p class='ocr_par' dir='ltr' id='par_1_107' title="bbox 222 5805 1788 5878">
     <span class='ocr_line' id='line_1_107' title="bbox 222 5805 1788 5878; baseline 0.001 -22"><span class='ocrx_word' id='word_1_801' title='bbox 222 5805 401 5874; x_wconf 67' lang='grc' dir='ltr'>θαῦμα</span> <span class='ocrx_word' id='word_1_802' title='bbox 461 5806 624 5861; x_wconf 84' lang='grc' dir='ltr'>θεῖον.</span> <span class='ocrx_word' id='word_1_803' title='bbox 696 5807 757 5860; x_wconf 81' lang='grc'><strong>’0</strong></span> <span class='ocrx_word' id='word_1_804' title='bbox 805 5807 860 5861; x_wconf 83' lang='grc' dir='ltr'>δὲ</span> <span class='ocrx_word' id='word_1_805' title='bbox 891 5808 1172 5878; x_wconf 83' lang='grc' dir='ltr'>τοπάρχης</span> <span class='ocrx_word' id='word_1_806' title='bbox 1221 5807 1470 5877; x_wconf 80' lang='grc' dir='ltr'>Αῦγαρος</span> <span class='ocrx_word' id='word_1_807' title='bbox 1501 5805 1788 5874; x_wconf 78' lang='grc' dir='ltr'>δεξάμενος</span> 
     </span>
    </p>
   </div>
   <div class='ocr_carea' id='block_1_108' title="bbox 220 5898 1782 5970">
    <p class='ocr_par' dir='ltr' id='par_1_108' title="bbox 220 5898 1782 5970">
     <span class='ocr_line' id='line_1_108' title="bbox 220 5898 1782 5970; baseline -0.001 -20"><span class='ocrx_word' id='word_1_808' title='bbox 220 5898 533 5970; x_wconf 70' lang='grc' dir='ltr'>περιχαρῶς</span> <span class='ocrx_word' id='word_1_809' title='bbox 592 5899 680 5954; x_wconf 74' lang='grc' dir='ltr'><strong>τὸν</strong></span> <span class='ocrx_word' id='word_1_810' title='bbox 742 5903 1010 5968; x_wconf 73' lang='grc' dir='ltr'>Ἀνανίαν,</span> <span class='ocrx_word' id='word_1_811' title='bbox 1049 5900 1229 5954; x_wconf 83' lang='grc' dir='ltr'>πεσὼν</span> <span class='ocrx_word' id='word_1_812' title='bbox 1263 5899 1632 5970; x_wconf 74' lang='grc' dir='ltr'>προσεκύνησε</span> <span class='ocrx_word' id='word_1_813' title='bbox 1687 5898 1782 5966; x_wconf 82' lang='grc' dir='ltr'>τὴν</span> 
     </span>
    </p>
   </div>
   <div class='ocr_carea' id='block_1_109' title="bbox 1897 4611 3482 4682">
    <p class='ocr_par' dir='ltr' id='par_1_109' title="bbox 1897 4611 3482 4682">
     <span class='ocr_line' id='line_1_109' title="bbox 1897 4611 3482 4682; baseline -0.013 0"><span class='ocrx_word' id='word_1_814' title='bbox 1897 4629 2146 4682; x_wconf 87' lang='lat' dir='ltr'><strong>miserat.</strong></span> <span class='ocrx_word' id='word_1_815' title='bbox 2187 4623 2266 4679; x_wconf 87' lang='grc' dir='ltr'>Εο</span> <span class='ocrx_word' id='word_1_816' title='bbox 2299 4625 2444 4680; x_wconf 81' lang='lat' dir='ltr'><strong>facto</strong></span> <span class='ocrx_word' id='word_1_817' title='bbox 2475 4623 2685 4676; x_wconf 87' lang='lat' dir='ltr'><strong>mittam</strong></span> <span class='ocrx_word' id='word_1_818' title='bbox 2728 4621 2793 4673; x_wconf 90' lang='lat' dir='ltr'><strong>ad</strong></span> <span class='ocrx_word' id='word_1_819' title='bbox 2835 4631 2887 4672; x_wconf 90' lang='lat' dir='ltr'><strong>te</strong></span> <span class='ocrx_word' id='word_1_820' title='bbox 2925 4633 3092 4672; x_wconf 92' lang='lat' dir='ltr'><strong>unum</strong></span> <span class='ocrx_word' id='word_1_821' title='bbox 3125 4627 3368 4668; x_wconf 86' lang='lat' dir='ltr'><strong>meorum</strong></span> <span class='ocrx_word' id='word_1_822' title='bbox 3400 4611 3482 4664; x_wconf 93' lang='lat' dir='ltr'><strong>di-</strong></span> 
     </span>
    </p>
   </div>
   <div class='ocr_carea' id='block_1_110' title="bbox 1899 4703 3478 4785">
    <p class='ocr_par' dir='ltr' id='par_1_110' title="bbox 1899 4703 3478 4785">
     <span class='ocr_line' id='line_1_110' title="bbox 1899 4703 3478 4785; baseline -0.011 -13"><span class='ocrx_word' id='word_1_823' title='bbox 1899 4717 2256 4785; x_wconf 87' lang='lat' dir='ltr'><strong>scipulorum,</strong></span> <span class='ocrx_word' id='word_1_824' title='bbox 2305 4715 2522 4768; x_wconf 88' lang='lat' dir='ltr'><strong>nomine</strong></span> <span class='ocrx_word' id='word_1_825' title='bbox 2567 4709 2898 4764; x_wconf 68' lang='lat' dir='ltr'><strong>Thaddmum</strong></span> <span class='ocrx_word' id='word_1_826' title='bbox 2935 4727 2947 4759; x_wconf 86' lang='lat'>:</span> <span class='ocrx_word' id='word_1_827' title='bbox 3001 4709 3046 4762; x_wconf 91' lang='lat' dir='ltr'><strong>is</strong></span> <span class='ocrx_word' id='word_1_828' title='bbox 3079 4713 3133 4760; x_wconf 89' lang='lat' dir='ltr'><strong>et</strong></span> <span class='ocrx_word' id='word_1_829' title='bbox 3194 4703 3387 4758; x_wconf 92' lang='lat' dir='ltr'><strong>morbo</strong></span> <span class='ocrx_word' id='word_1_830' title='bbox 3425 4709 3478 4755; x_wconf 88' lang='lat' dir='ltr'><strong>te</strong></span> 
     </span>
    </p>
   </div>
   <div class='ocr_carea' id='block_1_111' title="bbox 1898 4791 3472 4869">
    <p class='ocr_par' dir='ltr' id='par_1_111' title="bbox 1898 4791 3472 4869">
     <span class='ocr_line' id='line_1_111' title="bbox 1898 4791 3472 4869; baseline -0.013 -7"><span class='ocrx_word' id='word_1_831' title='bbox 1898 4807 2070 4862; x_wconf 78' lang='lat' dir='ltr'><strong>Solvet</strong></span> <span class='ocrx_word' id='word_1_832' title='bbox 2120 4813 2174 4859; x_wconf 88' lang='lat' dir='ltr'><strong>et</strong></span> <span class='ocrx_word' id='word_1_833' title='bbox 2223 4805 2387 4858; x_wconf 84' lang='lat' dir='ltr'><strong>vitam</strong></span> <span class='ocrx_word' id='word_1_834' title='bbox 2445 4810 2707 4855; x_wconf 67' lang='lat' dir='ltr'><strong>aeternam</strong></span> <span class='ocrx_word' id='word_1_835' title='bbox 2759 4812 3059 4869; x_wconf 87' lang='lat' dir='ltr'><strong>pacemque</strong></span> <span class='ocrx_word' id='word_1_836' title='bbox 3109 4795 3203 4849; x_wconf 89' lang='lat' dir='ltr'><strong>tibi</strong></span> <span class='ocrx_word' id='word_1_837' title='bbox 3252 4801 3306 4846; x_wconf 89' lang='lat' dir='ltr'><strong>et</strong></span> <span class='ocrx_word' id='word_1_838' title='bbox 3361 4791 3472 4844; x_wconf 83' lang='lat' dir='ltr'><strong>tuis</strong></span> 
     </span>
    </p>
   </div>
   <div class='ocr_carea' id='block_1_112' title="bbox 1897 4889 3478 4968">
    <p class='ocr_par' dir='ltr' id='par_1_112' title="bbox 1897 4889 3478 4968">
     <span class='ocr_line' id='line_1_112' title="bbox 1897 4889 3478 4968; baseline -0.012 -15"><span class='ocrx_word' id='word_1_839' title='bbox 1897 4898 2179 4968; x_wconf 85' lang='lat' dir='ltr'><strong>praebebit,</strong></span> <span class='ocrx_word' id='word_1_840' title='bbox 2213 4897 2456 4964; x_wconf 90' lang='lat' dir='ltr'><strong>urbsque</strong></span> <span class='ocrx_word' id='word_1_841' title='bbox 2488 4905 2577 4947; x_wconf 90' lang='lat' dir='ltr'><strong>tua</strong></span> <span class='ocrx_word' id='word_1_842' title='bbox 2610 4892 2677 4946; x_wconf 91' lang='lat' dir='ltr'><strong>ah</strong></span> <span class='ocrx_word' id='word_1_843' title='bbox 2707 4892 2965 4945; x_wconf 88' lang='lat' dir='ltr'><strong>omnibus</strong></span> <span class='ocrx_word' id='word_1_844' title='bbox 3006 4889 3254 4942; x_wconf 89' lang='lat' dir='ltr'><strong>hostibus</strong></span> <span class='ocrx_word' id='word_1_845' title='bbox 3283 4893 3399 4938; x_wconf 86' lang='lat' dir='ltr'><strong>tuta</strong></span> <span class='ocrx_word' id='word_1_846' title='bbox 3423 4890 3478 4935; x_wconf 92' lang='lat' dir='ltr'><strong>et</strong></span> 
     </span>
    </p>
   </div>
   <div class='ocr_carea' id='block_1_113' title="bbox 1895 4981 3472 5053">
    <p class='ocr_par' dir='ltr' id='par_1_113' title="bbox 1895 4981 3472 5053">
     <span class='ocr_line' id='line_1_113' title="bbox 1895 4981 3472 5053; baseline -0.011 -9"><span class='ocrx_word' id='word_1_847' title='bbox 1895 4993 2099 5044; x_wconf 85' lang='lat' dir='ltr'><strong>invicta</strong></span> <span class='ocrx_word' id='word_1_848' title='bbox 2131 4991 2236 5044; x_wconf 91' lang='lat' dir='ltr'><strong>tiet.</strong></span> <span class='ocrx_word' id='word_1_849' title='bbox 2272 5008 2290 5040; x_wconf 73' lang='grc' dir='ltr'><strong>ι</strong></span> <span class='ocrx_word' id='word_1_850' title='bbox 2325 4989 2378 5041; x_wconf 92' lang='lat' dir='ltr'><strong>ln</strong></span> <span class='ocrx_word' id='word_1_851' title='bbox 2415 4987 2519 5040; x_wconf 83' lang='lat' dir='ltr'><strong>fine</strong></span> <span class='ocrx_word' id='word_1_852' title='bbox 2552 4985 2790 5053; x_wconf 82' lang='lat' dir='ltr'><strong>sigillum</strong></span> <span class='ocrx_word' id='word_1_853' title='bbox 2819 4983 3007 5053; x_wconf 85' lang='lat' dir='ltr'><strong>posuit</strong></span> <span class='ocrx_word' id='word_1_854' title='bbox 3037 4981 3234 5033; x_wconf 88' lang='lat' dir='ltr'><strong>litteris</strong></span> <span class='ocrx_word' id='word_1_855' title='bbox 3267 4988 3472 5043; x_wconf 88' lang='lat' dir='ltr'><strong>septem</strong></span> 
     </span>
    </p>
   </div>
   <div class='ocr_carea' id='block_1_114' title="bbox 1886 5071 3481 5145">
    <p class='ocr_par' dir='ltr' id='par_1_114' title="bbox 1886 5071 3481 5145">
     <span class='ocr_line' id='line_1_114' title="bbox 1886 5071 3481 5145; baseline -0.011 -11"><span class='ocrx_word' id='word_1_856' title='bbox 1886 5080 2167 5136; x_wconf 80' lang='lat' dir='ltr'><strong>Hebraicis</strong></span> <span class='ocrx_word' id='word_1_857' title='bbox 2196 5088 2438 5134; x_wconf 88' lang='lat' dir='ltr'><strong>notatum</strong></span> <span class='ocrx_word' id='word_1_858' title='bbox 2464 5093 2475 5136; x_wconf 85' lang='lat'><strong>;</strong></span> <span class='ocrx_word' id='word_1_859' title='bbox 2507 5091 2736 5145; x_wconf 84' lang='lat' dir='ltr'><strong>quarum</strong></span> <span class='ocrx_word' id='word_1_860' title='bbox 2766 5089 2963 5128; x_wconf 86' lang='lat' dir='ltr'><strong>sensus</strong></span> <span class='ocrx_word' id='word_1_861' title='bbox 2994 5080 3077 5127; x_wconf 92' lang='lat' dir='ltr'><strong>est</strong></span> <span class='ocrx_word' id='word_1_862' title='bbox 3101 5089 3115 5124; x_wconf 89' lang='lat'>:</span> <span class='ocrx_word' id='word_1_863' title='bbox 3137 5071 3229 5124; x_wconf 90' lang='lat' dir='ltr'><strong>Dei</strong></span> <span class='ocrx_word' id='word_1_864' title='bbox 3268 5075 3481 5142; x_wconf 82' lang='lat' dir='ltr'><strong>specta-</strong></span> 
     </span>
    </p>
   </div>
   <div class='ocr_carea' id='block_1_115' title="bbox 1891 5171 3477 5236">
    <p class='ocr_par' dir='ltr' id='par_1_115' title="bbox 1891 5171 3477 5236">
     <span class='ocr_line' id='line_1_115' title="bbox 1891 5171 3477 5236; baseline -0.011 -8"><span class='ocrx_word' id='word_1_865' title='bbox 1891 5184 2004 5228; x_wconf 90' lang='lat' dir='ltr'><strong>tum</strong></span> <span class='ocrx_word' id='word_1_866' title='bbox 2049 5175 2290 5227; x_wconf 77' lang='lat' dir='ltr'><strong>divinum</strong></span> <span class='ocrx_word' id='word_1_867' title='bbox 2334 5171 2683 5222; x_wconf 91' lang='lat' dir='ltr'><strong>miraculum.</strong></span> <span class='ocrx_word' id='word_1_868' title='bbox 2726 5171 2978 5236; x_wconf 77' lang='lat' dir='ltr'><strong>Augarus</strong></span> <span class='ocrx_word' id='word_1_869' title='bbox 3021 5174 3238 5231; x_wconf 89' lang='lat' dir='ltr'><strong>recepto</strong></span> <span class='ocrx_word' id='word_1_870' title='bbox 3279 5173 3477 5227; x_wconf 83' lang='lat' dir='ltr'><strong>magna</strong></span> 
     </span>
    </p>
   </div>
   <div class='ocr_carea' id='block_1_116' title="bbox 1890 5250 3484 5325">
    <p class='ocr_par' dir='ltr' id='par_1_116' title="bbox 1890 5250 3484 5325">
     <span class='ocr_line' id='line_1_116' title="bbox 1890 5250 3484 5325; baseline -0.008 -13"><span class='ocrx_word' id='word_1_871' title='bbox 1890 5275 2013 5312; x_wconf 91' lang='lat' dir='ltr'><strong>cum</strong></span> <span class='ocrx_word' id='word_1_872' title='bbox 2069 5259 2250 5312; x_wconf 75' lang='lat' dir='ltr'><strong>lzctitia</strong></span> <span class='ocrx_word' id='word_1_873' title='bbox 2286 5257 2570 5310; x_wconf 88' lang='lat' dir='ltr'><strong>tabellario</strong></span> <span class='ocrx_word' id='word_1_874' title='bbox 2604 5269 2811 5325; x_wconf 92' lang='lat' dir='ltr'><strong>pronus</strong></span> <span class='ocrx_word' id='word_1_875' title='bbox 2844 5253 3104 5310; x_wconf 83' lang='lat' dir='ltr'><strong>concidit,</strong></span> <span class='ocrx_word' id='word_1_876' title='bbox 3133 5250 3484 5316; x_wconf 82' lang='lat' dir='ltr'><strong>divinamquo</strong></span> 
     </span>
    </p>
   </div>
   <div class='ocr_carea' id='block_1_117' title="bbox 1893 5338 3477 5414">
    <p class='ocr_par' dir='ltr' id='par_1_117' title="bbox 1893 5338 3477 5414">
     <span class='ocr_line' id='line_1_117' title="bbox 1893 5338 3477 5414; baseline -0.007 -14"><span class='ocrx_word' id='word_1_877' title='bbox 1893 5347 2144 5400; x_wconf 88' lang='lat' dir='ltr'><strong>adoravit</strong></span> <span class='ocrx_word' id='word_1_878' title='bbox 2197 5346 2487 5412; x_wconf 74' lang='lat' dir='ltr'><strong>imaginem</strong></span> <span class='ocrx_word' id='word_1_879' title='bbox 2535 5359 2728 5414; x_wconf 80' lang='lat' dir='ltr'><strong>magna</strong></span> <span class='ocrx_word' id='word_1_880' title='bbox 2762 5359 2884 5396; x_wconf 90' lang='lat' dir='ltr'><strong>cum</strong></span> <span class='ocrx_word' id='word_1_881' title='bbox 2925 5342 3029 5394; x_wconf 82' lang='lat' dir='ltr'><strong>fide</strong></span> <span class='ocrx_word' id='word_1_882' title='bbox 3067 5350 3120 5393; x_wconf 92' lang='lat' dir='ltr'><strong>et</strong></span> <span class='ocrx_word' id='word_1_883' title='bbox 3163 5338 3477 5398; x_wconf 88' lang='lat' dir='ltr'><strong>desiderio;</strong></span> 
     </span>
    </p>
   </div>
   <div class='ocr_carea' id='block_1_118' title="bbox 1893 5429 3474 5507">
    <p class='ocr_par' dir='ltr' id='par_1_118' title="bbox 1893 5429 3474 5507">
     <span class='ocr_line' id='line_1_118' title="bbox 1893 5429 3474 5507; baseline -0.006 -15"><span class='ocrx_word' id='word_1_884' title='bbox 1893 5440 2184 5507; x_wconf 84' lang='lat' dir='ltr'><strong>statimque</strong></span> <span class='ocrx_word' id='word_1_885' title='bbox 2215 5438 2421 5492; x_wconf 88' lang='lat' dir='ltr'><strong>morbis</strong></span> <span class='ocrx_word' id='word_1_886' title='bbox 2448 5439 2563 5492; x_wconf 90' lang='lat' dir='ltr'><strong>suis</strong></span> <span class='ocrx_word' id='word_1_887' title='bbox 2591 5438 2849 5490; x_wconf 88' lang='lat' dir='ltr'><strong>liberatus</strong></span> <span class='ocrx_word' id='word_1_888' title='bbox 2872 5443 2978 5498; x_wconf 89' lang='lat' dir='ltr'><strong>est,</strong></span> <span class='ocrx_word' id='word_1_889' title='bbox 3003 5433 3215 5500; x_wconf 78' lang='lat' dir='ltr'><strong>exiguis</strong></span> <span class='ocrx_word' id='word_1_890' title='bbox 3249 5431 3301 5482; x_wconf 93' lang='lat' dir='ltr'><strong>in</strong></span> <span class='ocrx_word' id='word_1_891' title='bbox 3336 5429 3474 5482; x_wconf 87' lang='lat' dir='ltr'><strong>facie</strong></span> 
     </span>
    </p>
   </div>
   <div class='ocr_carea' id='block_1_119' title="bbox 1895 5522 3480 5597">
    <p class='ocr_par' dir='ltr' id='par_1_119' title="bbox 1895 5522 3480 5597">
     <span class='ocr_line' id='line_1_119' title="bbox 1895 5522 3480 5597; baseline -0.009 -13"><span class='ocrx_word' id='word_1_892' title='bbox 1895 5529 2306 5585; x_wconf 81' lang='lat' dir='ltr'><strong>remanentibus</strong></span> <span class='ocrx_word' id='word_1_893' title='bbox 2340 5532 2516 5584; x_wconf 92' lang='lat' dir='ltr'><strong>adhuc</strong></span> <span class='ocrx_word' id='word_1_894' title='bbox 2547 5528 2812 5597; x_wconf 86' lang='lat' dir='ltr'><strong>reliquiis.</strong></span> <span class='ocrx_word' id='word_1_895' title='bbox 2849 5525 3060 5579; x_wconf 80' lang='lat' dir='ltr'><strong>Etenim</strong></span> <span class='ocrx_word' id='word_1_896' title='bbox 3088 5522 3305 5577; x_wconf 86' lang='lat' dir='ltr'><strong>duobus</strong></span> <span class='ocrx_word' id='word_1_897' title='bbox 3336 5533 3480 5572; x_wconf 84' lang='lat' dir='ltr'><strong>mor-</strong></span> 
     </span>
    </p>
   </div>
   <div class='ocr_carea' id='block_1_120' title="bbox 1899 5609 3478 5681">
    <p class='ocr_par' dir='ltr' id='par_1_120' title="bbox 1899 5609 3478 5681">
     <span class='ocr_line' id='line_1_120' title="bbox 1899 5609 3478 5681; baseline -0.013 -4"><span class='ocrx_word' id='word_1_898' title='bbox 1899 5624 1980 5677; x_wconf 81' lang='lat' dir='ltr'><strong>bis</strong></span> <span class='ocrx_word' id='word_1_899' title='bbox 2017 5621 2192 5674; x_wconf 82' lang='lat' dir='ltr'><strong>fuerat</strong></span> <span class='ocrx_word' id='word_1_900' title='bbox 2223 5621 2590 5681; x_wconf 85' lang='lat' dir='ltr'><strong>conﬂictatus,</strong></span> <span class='ocrx_word' id='word_1_901' title='bbox 2623 5618 2983 5671; x_wconf 85' lang='lat' dir='ltr'><strong>articulorum</strong></span> <span class='ocrx_word' id='word_1_902' title='bbox 3015 5614 3229 5669; x_wconf 86' lang='lat' dir='ltr'><strong>scilicet</strong></span> <span class='ocrx_word' id='word_1_903' title='bbox 3261 5609 3478 5662; x_wconf 84' lang='lat' dir='ltr'><strong>diutur-</strong></span> 
     </span>
    </p>
   </div>
   <div class='ocr_carea' id='block_1_121' title="bbox 1896 5699 3476 5782">
    <p class='ocr_par' dir='ltr' id='par_1_121' title="bbox 1896 5699 3476 5782">
     <span class='ocr_line' id='line_1_121' title="bbox 1896 5699 3476 5782; baseline -0.009 -16"><span class='ocrx_word' id='word_1_904' title='bbox 1896 5713 1981 5766; x_wconf 90' lang='lat' dir='ltr'><strong>nis</strong></span> <span class='ocrx_word' id='word_1_905' title='bbox 2019 5712 2297 5766; x_wconf 86' lang='lat' dir='ltr'><strong>duloribus</strong></span> <span class='ocrx_word' id='word_1_906' title='bbox 2339 5728 2401 5765; x_wconf 89' lang='lat' dir='ltr'><strong>ac</strong></span> <span class='ocrx_word' id='word_1_907' title='bbox 2435 5712 2583 5782; x_wconf 83' lang='lat' dir='ltr'><strong>lepra</strong></span> <span class='ocrx_word' id='word_1_908' title='bbox 2619 5711 2796 5780; x_wconf 74' lang='lat' dir='ltr'><strong>nigra,</strong></span> <span class='ocrx_word' id='word_1_909' title='bbox 2834 5723 2953 5778; x_wconf 64' lang='lat' dir='ltr'><strong>quae</strong></span> <span class='ocrx_word' id='word_1_910' title='bbox 2988 5718 3189 5774; x_wconf 87' lang='lat' dir='ltr'><strong>corpus</strong></span> <span class='ocrx_word' id='word_1_911' title='bbox 3222 5701 3341 5769; x_wconf 86' lang='lat' dir='ltr'><strong>ejus</strong></span> <span class='ocrx_word' id='word_1_912' title='bbox 3377 5699 3476 5750; x_wconf 86' lang='lat' dir='ltr'><strong>dc-</strong></span> 
     </span>
    </p>
   </div>
   <div class='ocr_carea' id='block_1_122' title="bbox 1897 5789 3469 5872">
    <p class='ocr_par' dir='ltr' id='par_1_122' title="bbox 1897 5789 3469 5872">
     <span class='ocr_line' id='line_1_122' title="bbox 1897 5789 3469 5872; baseline -0.01 -15"><span class='ocrx_word' id='word_1_913' title='bbox 1897 5817 2127 5872; x_wconf 89' lang='lat' dir='ltr'><strong>paseens</strong></span> <span class='ocrx_word' id='word_1_914' title='bbox 2182 5805 2321 5858; x_wconf 88' lang='lat' dir='ltr'><strong>adeo</strong></span> <span class='ocrx_word' id='word_1_915' title='bbox 2380 5803 2782 5857; x_wconf 88' lang='lat' dir='ltr'><strong>deformaverat</strong></span> <span class='ocrx_word' id='word_1_916' title='bbox 2842 5809 2899 5854; x_wconf 92' lang='lat' dir='ltr'><strong>ut</strong></span> <span class='ocrx_word' id='word_1_917' title='bbox 2957 5812 3069 5869; x_wconf 69' lang='lat' dir='ltr'><strong>prae</strong></span> <span class='ocrx_word' id='word_1_918' title='bbox 3132 5793 3339 5864; x_wconf 84' lang='lat' dir='ltr'><strong>pudore</strong></span> <span class='ocrx_word' id='word_1_919' title='bbox 3377 5789 3469 5844; x_wconf 73' lang='lat' dir='ltr'><strong>vix</strong></span> 
     </span>
    </p>
   </div>
   <div class='ocr_carea' id='block_1_123' title="bbox 1895 5889 3252 5969">
    <p class='ocr_par' dir='ltr' id='par_1_123' title="bbox 1895 5889 3252 5969">
     <span class='ocr_line' id='line_1_123' title="bbox 1895 5889 3252 5969; baseline -0.011 -17"><span class='ocrx_word' id='word_1_920' title='bbox 1895 5913 2131 5969; x_wconf 81' lang='lat' dir='ltr'><strong>unquam</strong></span> <span class='ocrx_word' id='word_1_921' title='bbox 2167 5916 2223 5953; x_wconf 87' lang='lat' dir='ltr'><strong>se</strong></span> <span class='ocrx_word' id='word_1_922' title='bbox 2254 5897 2584 5952; x_wconf 86' lang='lat' dir='ltr'><strong>cernendum</strong></span> <span class='ocrx_word' id='word_1_923' title='bbox 2621 5895 2934 5950; x_wconf 89' lang='lat' dir='ltr'><strong>hominibus</strong></span> <span class='ocrx_word' id='word_1_924' title='bbox 2968 5889 3252 5960; x_wconf 71' lang='lat' dir='ltr'><strong>prmbcret.</strong></span> 
     </span>
    </p>
   </div>
  </div>
