4214 6448
753 429 858 490 847
2019 422 2346 484 GEORGII
2388 424 2722 484 CEUREXI
3903 438 4014 504 343

750 543 913 611 ἁγίαν
953 538 1138 594 εἰκόνα
1191 538 1280 591 καὶ
1331 537 1598 608 ἄχραντον
1653 537 1746 591 τοῦ
1779 537 1984 608 Κυρίου
2021 537 2212 590 πίστεν
2229 534 2324 588 καὶ
2364 535 2514 607 πόθῳ
2572 537 2770 608 πολλῷ,
2811 541 2902 593 καὶ
2951 545 3294 614 παραχρῆμα
3351 544 3474 614 ἰάθη
3501 545 3608 599 ἀπὸ
3666 549 3773 600 τῶν
3839 551 4015 610 νόσων

749 635 938 702 αὐτοῦ,
977 633 1171 708 μικροῦ
1226 652 1371 698 τινος
1401 634 1655 705 λειψάνου
1709 633 2126 703 ὑπολειφθέντος
2157 633 2212 684 έν
2241 630 2319 700 τῷ
2371 631 2606 700 μετώπῳ
2633 633 2818 688 αὐτοῦ.
2865 629 2975 688 Ἦν
3020 637 3130 706 γὰρ
3175 640 3204 691 6
3267 636 3515 710 Λῠγαρος
3557 640 3677 694 δυσὶ
3740 644 4015 714 νοσήμασι

751 729 1288 799 ταλαιπωρούμενος,
1358 727 1438 780 ἐνὶ
1465 727 1562 797 μὲν
1615 726 1887 796 ἀρθρίτιδι
1971 725 2181 797 χρονίᾳ,
2238 723 2401 794 ἑτέρᾳ
2439 723 2494 776 δὲ
2525 723 2702 796 λέπρᾳ
2732 727 2980 798 μελαίνῃ,
3009 730 3370 802 ὲκδαπανώσῃ
3401 733 3461 785 τὸ
3493 734 3653 803 σῶμα
3687 737 3873 790 αὑτοῦ.
3912 740 4015 800 Ὃς

752 825 846 876 καὶ
876 824 996 887 ταῖς
1027 823 1135 877 ἀπὸ
1156 823 1268 876 τῶν
1294 820 1512 893 ἄρθρων
1540 819 1756 885 ὀδύναις
1786 820 2063 889 συνείχετο
2088 818 2180 872 καὶ
2220 818 2332 880 τοῖς
2368 817 2468 887 τῆς
2498 816 2707 890 λέπρας
2749 821 3178 894 ἐταλαιπωρείτο
3211 827 3420 890 κακοῖς,

3507 826 3607 894 ἀφῖ
3658 822 3724 898 ἧς
3796 830 4018 896 ἐγένετο

753 917 902 988 αὐτῷ
927 920 960 989 ή
981 917 1082 986 τῆς
1114 917 1390 986 ἀμορφίας
1428 915 1685 983 αἰσχύνη,
1720 915 1788 968 δι’
1818 915 1884 984 ἣν
1909 913 2029 967 οὐδὲ
2051 911 2240 973 θεατὸς
2261 907 2329 980 ἦν
2369 910 2555 978 σχεδὸν
2585 914 2696 974 τοῖς
2725 912 3054 983 ἀνθρώποις.

825 1015 1125 1080 Postquam
1157 1013 1412 1068 Christus
1451 1012 1723 1081 supplicio
1768 1011 1998 1065 tolerato
2041 1010 2094 1063 iu
2136 1010 2336 1065 ccelum
2369 1009 2413 1064 Α

759 1104 1266 1168 rediit,Thaddaeus
1290 1103 1549 1160 Edessam
1579 1105 1726 1158 venit
1751 1103 2054 1171 apostolus,
2082 1102 2339 1156 adduxit-

751 1214 859 1269 que
893 1199 1172 1268 Augarum
1203 1197 1268 1250 ad
1302 1198 1594 1266 piscinam,
1637 1210 1942 1266 omnesque
1968 1195 2060 1265 qui
2091 1211 2216 1250 cum
2244 1195 2337 1249 illo

752 1299 912 1345 erant
944 1291 998 1344 in
1030 1304 1229 1344 nomen
1248 1289 1429 1345 Patris
1455 1289 1576 1343 Filii
1604 1303 1669 1343 ac
1699 1288 1936 1358 Spiritus
1965 1289 2137 1343 sancti
2161 1287 2337 1357 bapti-

754 1379 917 1435 zavit.
943 1380 1123 1449 Atque
1153 1379 1407 1449 Augarus
1434 1393 1604 1449 purus
1635 1395 1697 1433 ac
1725 1392 1896 1434 sanus
1921 1379 1988 1432 de
2014 1392 2154 1448 aqua
2179 1376 2332 1441 exiit,

751 1473 932 1527 deleto
971 1472 1135 1526 etiam
1181 1487 1352 1540 parvo
1385 1471 1502 1534 illo,
1533 1470 1693 1540 311
1736 1471 1880 1542 quod
1912 1470 2244 1525 remansisse
2277 1470 2331 1523 in

750 1561 870 1631 ejus
905 1562 1088 1616 fronte
1118 1563 1382 1627 diximus,
1425 1563 1680 1633 vestigio.
1723 1562 1934 1618 Exinde
1962 1577 2178 1618 summo
2212 1573 2332 1617 stu-

751 1653 845 1709 dio
873 1655 1123 1724 Augarus
1149 1654 1513 1709 venerandam
1563 1655 1760 1708 divina:
1805 1655 1995 1708 forma:
2040 1654 2330 1725 imaginem

751 1747 941 1812 coluit,
966 1745 1287 1816 addiditque
1313 1747 1414 1802 hoc
1440 1748 1559 1801 aliis
1585 1746 1702 1800 suis
1733 1745 2054 1801 benefactis.
2080 1747 2335 1816 Antiqui-

755 1849 842 1893 tus
871 1846 997 1893 ante
1021 1833 1296 1910 publicam
1329 1838 1551 1894 Edessae
1582 1847 1797 1908 portam
1831 1840 1887 1893 in
1925 1840 2148 1895 sublimi
2177 1855 2330 1909 quaa-

749 1934 872 1986 dam
921 1931 1154 2000 alicujus
1200 1930 1514 1986 Graecorum
1577 1931 1807 1986 deorum
1857 1931 2059 2001 eliigies
2111 1932 2326 1995 stabat,

748 2037 911 2092 quam
961 2022 1193 2077 adorare
1243 2022 1544 2093 cogebatur
1588 2037 1651 2076 ac
1704 2023 1752 2078 ei
1799 2033 1921 2077 v0ta
1979 2022 2157 2077 facere
2201 2023 2327 2092 qui-

748 2131 968 2185 cunque
996 2116 1186 2170 urbem
1215 2121 1426 2170 intrare
1454 2116 1635 2170 vellet.
1669 2115 1800 2169 Eam
1826 2118 2079 2187 Augarus
2105 2118 2330 2171 sustulit

749 2221 911 2277 atque
955 2209 1371 2278 pessumdedit;
1423 2212 1586 2278 inque
1631 2209 1754 2277 ejus
1799 2209 1984 2264 locum
2033 2210 2325 2278 imaginem

747 2301 896 2354 illam
927 2301 1153 2369 Christi,
1189 2304 1307 2357 sine
1340 2318 1602 2356 manuum
1650 2317 1815 2370 opera
1860 2301 2084 2368 factam,
2119 2302 2326 2356 consti-

747 2392 853 2445 tuit
899 2393 1095 2449 tabulae
1142 2395 1532 2464 agglutinatam
1573 2405 2025 2462 exornatamque.
2062 2410 2186 2448 cum
2234 2396 2324 2449 tali

747 2483 1110 2553 i.iscriplione
1137 2503 1150 2539 :
1179 2505 1196 2537 ι
1240 2485 1455 2540 Christe
1480 2486 1644 2550 Deus,
1677 2485 1768 2554 qui
1808 2487 1860 2540 in
1893 2493 1946 2541 te
1976 2493 2183 2555 sperat,
2220 2486 2326 2540 voti

748 2574 805 2626 tit
842 2590 1103 2646 compos;
1138 2597 1154 2628 ι
1184 2577 1467 2647 jussitque
1503 2588 1563 2632 ut
1595 2578 1912 2646 quicunque
1960 2593 2056 2647 per
2090 2593 2209 2631 eam
2249 2578 2329 2631 in-

747 2677 896 2722 trare
945 2670 1109 2723 vellet
1165 2680 1424 2740 portam,
1478 2670 1702 2737 imagini
1762 2670 2007 2724 debitum
2060 2669 2325 2723 honorem

747 2767 913 2826 atque
957 2762 1366 2815 venerationem
1414 2761 1721 2815 exhiberet.
1780 2759 1895 2814 lloc
1946 2761 2035 2829 pio
2076 2760 2328 2815 instituto

742 2853 1179 2921 obtemperatum
1231 2863 1336 2916 est,
1403 2855 1646 2924 quandiu
1701 2854 1950 2922 Augarus
1996 2861 2160 2922 atque
2209 2863 2330 2922 post

748 2942 893 2996 hunc
919 2943 1063 2997 tilius
1087 2944 1363 2999 vixerunt.
1395 2942 1574 3011 Nepos
1606 2955 1781 2996 autem
1813 2959 1934 2996 cum
1957 2941 2008 2995 in
2031 2942 2113 2995 avi
2146 2942 2328 2997 locum

745 3046 798 3091 et
832 3051 1058 3105 regnum
1095 3036 1480 3100 successisset,
1513 3037 1723 3104 abjecla
1759 3036 1981 3105 pietate,
2001 3034 2067 3089 ad
2104 3035 2330 3088 simula-

747 3141 966 3180 crorum
1001 3129 1206 3180 cultum
1243 3125 1507 3189 descivit,
1539 3126 1843 3195 statuitque
1874 3126 2090 3180 sublata
2123 3124 2326 3180 Christi

747 3219 984 3287 imagine
1041 3226 1280 3272 statuam
1330 3218 1594 3272 daemonis
1666 3234 1948 3285 reponere.
2014 3217 2081 3271 At
2122 3217 2332 3288 episco-

746 3325 850 3377 pus
919 3309 1162 3373 Edessae,
1230 3324 1355 3363 cum
1421 3309 1526 3365 sibi
1591 3325 1652 3364 ea
1715 3326 1802 3365 res
1859 3310 2125 3366 divinitus
2183 3317 2329 3365 esset

747 3398 1039 3466 patefacta,
1075 3409 1280 3469 quanta
1314 3400 1474 3453 licuit
1501 3399 1843 3468 providentia
1881 3401 2026 3454 malo
2062 3401 2325 3456 occurrit.

745 3493 884 3556 Quia
921 3493 1067 3545 enim
1099 3492 1256 3546 locus
1285 3501 1403 3547 erat
1431 3493 1664 3562 cylindri
1696 3491 1892 3555 forma,
1926 3493 2204 3547 lucernam
2237 3508 2329 3546 ac-

745 3599 969 3639 censam
1039 3584 1237 3639 divinae
1306 3585 1533 3656 imagini
1600 3585 1946 3656 praeposuit;
2019 3585 2328 3655 injectaque

748 3674 949 3741 tegula,
1009 3685 1064 3728 et
1119 3674 1333 3744 reliqua
1382 3675 1690 3744 capacitate
1744 3676 1894 3729 calce
1946 3689 2010 3728 ac
2059 3677 2395 3753 lateribusc

746 3771 1053 3830 obstructa,
1087 3767 1160 3821 ita
1201 3767 1377 3821 locum
1417 3768 1812 3837 complanavit,
1858 3775 1917 3820 ut
1950 3766 2180 3836 aequalis
2219 3783 2326 3821 cac—

747 3867 866 3910 tt-ro
900 3874 1058 3912 muro
1087 3867 1254 3913 esset.
1291 3856 1479 3928 Itaque
1517 3859 1716 3927 impius
1751 3859 1861 3920 ille,
1887 3859 2048 3928 312
2078 3873 2202 3912 cum
2241 3859 2324 3912 in-

747 3951 864 4004 visa
907 3951 1008 4018 ipsi
1041 3951 1221 4019 imago
1252 3965 1362 4004 non
1400 3951 1836 4020 conspiceretur,
1880 3951 1949 4004 ab
1983 3952 2198 4020 incepto
2231 3950 2328 4004 de-

745 4041 908 4094 stitit.
941 4041 1045 4095 Sed
1087 4043 1250 4112 longo
1295 4042 1555 4112 deinceps
1590 4043 1851 4110 temporis
1886 4051 2067 4096 tractu
2101 4058 2326 4111 prorsns

748 4150 811 4187 ex
850 4134 1133 4186 hominum
1167 4135 1428 4188 memoria
1462 4149 1632 4188 sacrae
1666 4134 1821 4188 istius
1857 4134 2112 4204 imaginis
2143 4134 2328 4188 occul-

748 4228 880 4280 tatio
909 4226 1086 4281 deleta
1110 4236 1214 4281 est.
1244 4226 1399 4291 Post,
1432 4228 1744 4283 Justiniano
1767 4229 2097 4296 imperatore
2124 4225 2326 4280 Roma-

748 4337 967 4383 norum,
999 4321 1275 4377 Chosroes
1317 4320 1610 4376 Persarum
1651 4337 1744 4375 rex
1778 4320 1943 4375 urbes
1975 4321 2117 4376 Asia:
2148 4335 2323 4388 oppu-

747 4429 923 4480 gnans
952 4422 1117 4481 atque
1146 4421 1373 4467 vastans
1405 4412 1570 4466 etiam
1596 4411 1856 4466 Edessam
1881 4413 2120 4466 obsedit.
2151 4410 2326 4476 Quam

749 4519 874 4556 cum
917 4503 1173 4560 omnibus
1216 4501 1487 4555 machinis
1539 4516 1603 4555 ac
1651 4510 1852 4556 conatu
1901 4509 2160 4564 tentaret,
2199 4508 2328 4553 tor-

749 4593 971 4653 mentis,
1013 4591 1374 4646 concussione
1413 4606 1722 4653 murorum,
1781 4600 2062 4660 portarum
2128 4605 2326 4660 perru-

750 4684 938 4752 ptioue
970 4697 1193 4751 urgens,
1223 4696 1478 4747 magnum
1514 4681 1804 4750 oppidanis
1838 4691 2040 4736 metum
2074 4682 2324 4736 incussit.

752 4776 788 4823 Ιι
814 4789 936 4823 cum
962 4772 1072 4838 jam
1113 4771 1181 4825 de
1237 4771 1414 4824 salute
1441 4770 1798 4840 desperarent
1853 4770 2019 4838 inque
2067 4773 2329 4826 extremis

750 4872 935 4916 essent
961 4863 1253 4931 angustiis,
1276 4862 1343 4915 ad
1383 4861 1548 4915 Deum
1582 4860 1969 4927 confugerunt,
2017 4872 2178 4932 atque
2204 4877 2327 4917 eum

750 4967 896 5020 aegro
930 4955 1094 5007 corde
1153 4961 1210 5006 et
1271 4952 1529 5022 lacrymis
1583 4952 1928 5020 requirentes
1977 4954 2325 5017 invenerunt,

2513 1010 2667 1062 Μετὰ
2697 1009 2751 1062 δέ
2777 1027 2838 1078 γε
2875 1012 2939 1063 τὸ
2968 1011 3061 1064 τοῦ
3095 1013 3335 1083 Χριστοῦ
3367 1015 3538 1079 πάθος
3567 1017 3660 1070 καλ⁸
3684 1017 3783 1088 τὴν
3814 1020 3892 1080 είς
3919 1019 4018 1070 ού-

2443 1103 2642 1168 ρανοὺς
2689 1101 2857 1153 αὐτοῦ
2901 1103 3087 1156 ἀνοδον
3132 1104 3460 1158 καταλαϐὼν
3485 1109 3513 1160 6
3547 1108 3845 1172 ἀπόστολος
3875 1109 4019 1162 60.6-

2436 1191 2582 1255 δαῖος
2611 1193 2708 1264 τὴν
2746 1195 3032 1260 Ἔδεσσαν,
3067 1199 3389 1268 προσήγαγε
3419 1202 3484 1269 τῇ
3529 1199 3886 1272 κολυμϐήθρα
3915 1203 4017 1255 τὸν

2435 1283 2706 1355 Αῦγαρον,
2743 1287 2838 1340 καλ⁹
2875 1287 3083 1352 πάντας
3122 1291 3248 1351 τοὺς
3295 1291 3458 1343 αὐτοῦ
3507 1292 3799 1346 ἐϐάπτισεν
3841 1295 3922 1356 είς
3951 1296 4016 1348 τὸ

2435 1377 2602 1446 δνομα
2624 1377 2718 1431 τοῦ
2745 1379 2956 1449 Πατρὸς
2991 1383 3084 1434 καὶ
3113 1381 3206 1433 τοῦ
3241 1382 3370 1435 Υίοῦ
3403 1385 3495 1436 καὶ
3529 1385 3621 1436 τοῦ
3655 1387 3814 1452 ἀγίου
3841 1387 4020 1440 Πνεύ-

2438 1485 2626 1537 ματος.
2661 1469 2769 1522 Καὶ
2800 1470 2989 1540 ἐξῆλθε
3039 1471 3132 1524 τοῦ
3184 1471 3375 1534 ὓδατος
3411 1473 3649 1544 καθαρὸς
3683 1477 3776 1529 καὶ
3826 1477 4012 1546 ὑγιὴς,

2434 1561 2861 1628 ἁπαλειφθέντος
2892 1567 2985 1616 καὶ
3017 1565 3110 1616 τοῦ
3150 1565 3346 1635 μικροῦ
3387 1566 3644 1634 λειψάνου
3670 1569 3768 1630 τῆς
3800 1569 4014 1637 λέπρας

2433 1651 2526 1703 τοῦ
2560 1653 2982 1722 ὑπολειφθέντος
3012 1658 3081 1708 -ὲν
3119 1658 3207 1728 [Ρ.
3259 1657 3388 1730 177]
3425 1659 3502 1729 τῷ
3545 1660 3782 1730 μετώπῳ
3817 1661 4012 1715 αὑτοῦ.

2436 1744 2665 1796 Ἐκτοτε
2690 1746 2746 1798 δὲ
2775 1748 3047 1808 παντοίως
3068 1749 3290 1801 ἐσέϐετο
3318 1750 3410 1802 καὶ
3436 1750 3600 1818 ἐτίμα
3622 1750 3683 1802 τὸ
3712 1751 4014 1821 σεϐάσμιον

2431 1833 2735 1904 ὲκτύπωμα
2776 1837 2877 1905 τῆς
2929 1837 3024 1890 τοῦ
3056 1838 3264 1907 Κυρίου
3323 1838 3561 1908 μορφῆς,
3625 1841 3881 1908 προσθεὶς
3911 1843 4013 1894 καὶ

2432 1925 2632 1978 τοῦτοὸ
2661 1930 2942 1999 τοπάρχης
2971 1932 3082 1991 τοῖς
3110 1932 3317 1992 λοιποῖς
3345 1930 3512 1984 αὑτοῦ
3553 1931 3759 1995 καλοῖς.
3794 1934 4014 1986 Ἐκπα-

2431 2015 2518 2068 λαι
2542 2016 2650 2068 τῶν
2681 2020 2889 2087 καιρῶν
2918 2023 3025 2089 πρὸ
3055 2023 3152 2088 τῆς
3177 2022 3444 2091 δημοσίας
3481 2023 3655 2094 πύλης
3679 2025 3776 2093 τῆς
3800 2024 4011 2089 πόλεως

2443 2107 2699 2178 Ἐδέσσης
2727 2109 2952 2180 ἄγαλμά
2991 2129 3044 2164 τι
3077 2113 3186 2165 τῶν
3225 2114 3550 2183 Ἑλληνικῶν
3597 2115 3736 2169 θεῶν
3770 2116 4014 2185 ὕπερθεν

2430 2202 2796 2270 ἁνεστήλωτο,
2831 2203 2858 2254 ὃ
2892 2205 3067 2256 πάντα
3091 2205 3182 2257 τὸν
3199 2205 3349 2268 ἐντὸς
3372 2207 3473 2274 τῆς
3504 2207 3717 2270 πόλεως
3750 2208 3984 2279 βουλόμε

2432 2309 2522 2343 νον
2550 2295 2775 2346 εἰσιέναι
2818 2295 3031 2365 ἀνάγκη
3071 2291 3140 2366 ἦν
3178 2299 3505 2365 προσκυνεῖν
3538 2300 3635 2354 καὶ
3669 2301 3836 2370 εὐχὰς
3873 2303 4016 2356 ἀπο-

2433 2383 2652 2450 διδόναι,
2691 2388 2782 2438 καὶ
2812 2386 2986 2450 οὕτως
3025 2388 3373 2460 είσέρχεσθαι
3422 2391 3481 2444 ὲν
3509 2394 3576 2462 τῇ
3606 2391 3780 2447 πόλει.
3836 2393 4013 2446 Τοῦτο

2431 2471 2522 2528 οὖν
2565 2477 2623 2528 τὸ
2653 2477 2964 2547 ἀκάθαρτον
3001 2482 3095 2532 καὶ
3127 2481 3482 2552 διαμονιῶδες
3507 2484 3729 2554 ἄγαλμα
3763 2484 4013 2538 καθελὼν

2433 2569 2527 2620 καὶ
2552 2568 2739 2638 τελείῳ
2767 2570 3044 2640 παραδοὺς
3068 2572 3383 2644 ἀφανισμῷ,
3406 2577 3486 2639 είς
3507 2575 3598 2628 τὸν
3619 2578 3827 2629 ἐκείνου
3845 2579 4015 2630 τόπον

2429 2660 2528 2726 τὴν
2562 2659 2981 2731 ἀχειροποίητον
3012 2663 3215 2733 ταύτην
3238 2664 3424 2719 εἰκόνα
3453 2666 3544 2719 τοῦ
3570 2668 3820 2736 Σωτῆρος
3851 2669 4013 2737 ήμῶν

2432 2753 2525 2804 καὶ
2553 2753 2688 2805 Θεοῦ
2716 2753 2808 2806 ἐπὶ
2840 2755 3050 2818 σανίδος
3093 2757 3364 2826 κολλήσας
3405 2761 3497 2812 καὶ
3534 2761 3883 2821 καλλωπίσας
3916 2765 4015 2813 ἀν-

2431 2843 2680 2911 έστησεν,
2707 2846 3014 2916 ἐπιγράψας
3038 2848 3094 2900 ἐν
3111 2849 3246 2919 αὐτῇ
3271 2850 3441 2904 ταῦτα
3465 2851 3531 2904 τά
3551 2855 3794 2922 ῥήματαο
3820 2872 3840 2906 ι
3872 2855 4015 2925 Χρι-

2432 2936 2521 2988 στὲ
2557 2936 2585 2987 ό
2619 2937 2771 3000 Θεὸς,
2805 2939 2833 2989 6
2873 2941 2952 3002 εἰς
2999 2941 3057 2993 σὲ
3108 2942 3342 3006 ἐλπίζων
3391 2944 3491 2995 οὐκ
3554 2945 3943 3016 ἀποτυγχάνει.
3989 2968 4008 3000 ι

2430 3027 2540 3079 Καὶ
2560 3026 2746 3079 λοιπὸν
2774 3028 3024 3082 ἐθέσπισε
3045 3032 3221 3084 πάντα
3250 3032 3342 3085 τὸν
3362 3034 3449 3087 διὰ
3472 3035 3568 3104 τῆς
3586 3037 3764 3107 πύλης
3791 3041 4014 3105 ὲκείνής

2430 3118 2775 3188 είσέρχεσθαι
2805 3119 3067 3190 μέλλοντα
3108 3123 3168 3174 τὸ
3223 3125 3504 3194 προσῆκον
3554 3126 3718 3189 σέϐας
3772 3130 3867 3182 καὶ
3909 3132 4016 3198 τὴν

2427 3209 2596 3278 τιμὴν
2616 3209 2910 3277 ἀπονέμειν
2934 3215 3000 3280 τῇ
3019 3211 3461 3286 πολυθαυμάστῳ
3479 3217 3574 3268 καὶ
3596 3216 4012 3289 θαυματουργῷ

2429 3298 2522 3351 τοῦ
2560 3299 2798 3369 Χριστοῦ
2850 3300 3040 3366 εἰκόνι,
3075 3305 3168 3356 καὶ
3199 3303 3373 3366 οὕτως
3400 3308 3480 3369 είς
3508 3307 3608 3376 τὴν
3649 3308 3801 3361 πόλιν
3831 3311 4015 3380 εἰσέρ-

2430 3389 2644 3460 χεσθαι.
2678 3393 2788 3444 Καὶ
2821 3392 3121 3465 διετηρήθη
3155 3396 3214 3448 τὸ
3243 3397 3482 3450 τοιοῦτον
3509 3399 3602 3450 τοῦ
3638 3400 3831 3470 ἀνδρὸς
3857 3403 3984 3455 εύσε
4009 3435 4020 3443 -

2430 3483 2522 3545 ϐὲς
2555 3483 2832 3554 θέσπισμα
2867 3486 3030 3555 μέχρι
3068 3489 3166 3558 τῆς
3200 3491 3258 3541 ὲν
3289 3489 3364 3559 τῷ
3391 3491 3492 3560 βίῳ
3519 3493 3686 3547 αὑτοῦ
3715 3497 4017 3561 ’παροικίας

2431 3576 2523 3627 καὶ
2556 3576 2649 3629 τοῦ
2681 3577 2796 3628 υίοῦ
2829 3579 3015 3633 αὐτοῦ.
3060 3579 3118 3631 ’ϋ
3145 3579 3200 3633 δὲ
3235 3581 3426 3634 τούτου
3476 3583 3688 3651 ἕκγονις
3733 3585 3823 3654 τῆς
3860 3604 4016 3639 παττ-

2431 3664 2583 3734 πῴας
2609 3667 2782 3735 ἀρχῆς
2807 3666 3048 3737 διάδοχος
3079 3669 3319 3737 γεγονὼς
3351 3672 3684 3726 ἀπελάκτισε
3717 3676 3815 3743 τὴν
3847 3679 4014 3730 εὐσέ-

2430 3755 2583 3810 ϐειαν
2620 3760 2714 3810 καί
2763 3758 2900 3828 πρὸς
2949 3761 3017 3812 τὰ
3068 3762 3263 3814 εἴδωλα
3307 3763 3666 3834 ηὐτομόλησε,
3715 3767 3807 3818 καὶ
3848 3768 4020 3820 πᾶλιν

2428 3848 2705 3920 ἠϐουλήθη
2739 3849 3122 3920 ἀναστηλῶσαι
3171 3853 3496 3923 δαιμονικὴν
3528 3857 3750 3926 στήλην,
3795 3860 3889 3910 καὶ
3914 3861 4021 3928 τὴν

2427 3943 2522 3996 τοῦ
2557 3943 2794 4012 Χριστοῦ
2828 3944 3014 3997 εἰκόνα
3041 3944 3310 4000 καθελεῖν.
3350 3947 3520 4000 Τοῦτο
3543 3950 3702 4016 γνοὺς
3734 3951 3761 4001 6
3790 3950 4023 4004 ἐπίσκε-

2430 4055 2530 4098 πος
2573 4036 2827 4104 Ἐδέσσης
2853 4036 2942 4088 διὰ
2971 4036 3121 4099 θείας
3155 4037 3554 4107 ἀποκαλύψεως
3594 4041 3692 4107 τὴν
3725 4041 4023 4112 ἐνδεχομέ-

2429 4145 2526 4196 νην
2574 4127 2726 4180 ἔθετο
2775 4127 3055 4196 πρόνοιαν.
3101 4128 3322 4200 Ἐπειδὴ
3381 4131 3490 4200 γάρ
3540 4133 3567 4184 6
3601 4133 3761 4196 τόπος
3797 4135 4018 4205 ὑπῆρχε

2434 4218 2870 4289 κυλινδροειδὴς,
2927 4218 3224 4288 θρυαλλίδα
3287 4225 3393 4292 πρὸ
3440 4223 3539 4291 τῆς
3590 4225 3738 4287 θείας
3800 4229 4022 4292 είκόνος

2429 4308 2642 4376 ὰνάψας
2663 4310 2754 4361 καὶ
2785 4311 3028 4379 κέραμον
3051 4311 3284 4374 ἐπιθεὶς,
3313 4309 3432 4366 εἶτα
3461 4314 3662 4379 ἔξωθεν
3690 4319 3890 4388 τιτάνῳ
3917 4329 4025 4374 καὶ

2433 4398 2676 4460 πλίνθοις
2713 4399 3037 4470 ἀποςτράξας
3073 4402 3134 4453 τὸ
3164 4402 3422 4471 ἐμϐαδὸν,
3460 4407 3540 4467 είς
3569 4407 3781 4476 ὁμαλὴν
3811 4409 4028 4476 ἐπιφά-

2431 4505 2581 4542 νειαν
2606 4490 2668 4541 τὸ
2699 4493 2878 4558 τεῖχος
2903 4493 3208 4561 ἀπηύθυνε,
3240 4493 3335 4546 καὶ
3359 4496 3416 4547 ὲν
3445 4496 3520 4563 τῷ
3553 4496 3628 4568 μὴ
3650 4499 3874 4568 δρᾶσθαι
3911 4504 4026 4570 τὴν

2433 4580 2810 4650 φθονουμένην
2877 4584 3094 4653 μορφὴν
3143 4585 3356 4656 ἀπέστη
3411 4588 3507 4656 τῆς
3562 4589 3927 4660 ἐγχειρήσεως
3990 4597 4029 4645 ὁ

2430 4672 2716 4742 δυσσεϐὴς.
2774 4673 2966 4745 Ἐρῤει
3019 4677 3199 4728 τοίνυν
3227 4676 3313 4728 διὰ
3364 4679 3531 4747 μέσου
3578 4680 3766 4749 χρόνος
3819 4683 4026 4750 πολὺς,

2433 4767 2530 4817 καὶ
2564 4765 2664 4834 τῆς
2701 4765 2760 4829 ἐξ
2791 4767 3094 4836 ἀνθρώπων
3124 4769 3343 4838 μνήμης
3379 4769 3632 4840 ἀπερρύη
3667 4773 3697 4840 ή
3736 4775 3833 4840 τῆς
3858 4774 4032 4841 ἱερᾶς

2431 4856 2636 4926 ταύτης
2671 4858 2877 4921 εἰκόνος
2925 4858 3260 4928 ἀπόκρυψις.
3306 4861 3366 4913 Ὀ
3401 4861 3458 4913 δὲ
3495 4862 3604 4914 τῶν
3637 4863 3862 4931 Περσῶν
3921 4865 4031 4930 βα-

2435 4947 2613 5012 σιλεὺς
2641 4949 2888 5018 Χοσρόής
2926 4949 3027 5010 τάς
3068 4949 3169 5017 τῆς
3215 4950 3400 5012 Ἀσίας
3440 4951 3619 5016 πόλεις
3666 4953 3883 5023 πορθῶν
3923 4962 4032 5010 καὶ

752 5042 901 5110 quia,
943 5050 1000 5094 ut
1041 5041 1261 5097 divinus
1295 5042 1491 5096 cecinit
1523 5042 1784 5107 Davidus,
1837 5041 2179 5112 prepinquus
2242 5053 2328 5098 est

2434 5041 2946 5110 καταστρεψόμενος
2982 5041 3246 5093 κατέλαϐε
3307 5045 3400 5095 καὶ
3441 5044 3707 5097 Ἔδεσσαν
3767 5045 3861 5098 ἐπὶ
3918 5049 4034 5116 τῆς

755 5133 1014 5187 onmibus
1056 5132 1234 5200 ipsum
1289 5148 1414 5188 vere
1452 5133 1858 5187 invocantibus.
1891 5131 2131 5187 Proinde
2162 5145 2326 5188 noctu

755 5222 967 5276 Eulalio
989 5221 1247 5290 episcopo
1283 5222 1539 5290 apparuit
1568 5222 1760 5276 mulier
1786 5222 2032 5292 quaedam
2066 5222 2240 5277 forma
2273 5233 2330 5279 et

757 5327 954 5372 ornatu
1011 5333 1174 5387 quam
1223 5318 1462 5371 humana
1491 5317 1592 5372 fert
1623 5326 1819 5371 natura
1845 5317 2181 5386 augustiore,
2217 5333 2331 5372 mo-

758 5409 989 5477 nuitque
1013 5423 1135 5462 eum
1167 5422 1332 5476 supra
1352 5415 1562 5477 portam
1597 5408 1798 5476 (locum
1831 5423 1894 5461 ac
1913 5407 2136 5462 modum
2167 5407 2330 5462 simul

761 5502 1060 5571 iudicabat)
1123 5501 1290 5556 latere
1368 5502 1608 5556 abditam
1691 5503 2056 5556 venerandam
2125 5500 2327 5556 Christi

764 5594 1081 5664 imaginem,
1111 5609 1217 5664 qua
1253 5594 1471 5650 inventa
1497 5604 1550 5650 et
1573 5603 1788 5663 recepta
1819 5595 2004 5649 omnia
2036 5595 2226 5650 dextre
2255 5609 2336 5649 es-

2436 5132 2712 5201 βασιλείας
2736 5133 2871 5201 (29),
2903 5133 2996 5183 καὶ
3023 5135 3202 5186 πᾶσαν
3229 5135 3482 5202 μηχανὴν
3504 5135 3733 5202 κινήσας
3769 5136 3875 5204 πρὸ
3910 5140 4038 5188 τῶν

2431 5225 2606 5279 ἄλλων
2643 5223 2744 5291 τῆς
2782 5224 3008 5286 πόλεως.
3043 5218 3153 5275 οἷον
3187 5224 3356 5291 βελῶν
3381 5225 3632 5292 ἀφέσεις,
3663 5226 4040 5292 κατασείσεις

2434 5316 2649 5386 τειχῶν,
2679 5315 3025 5387 διαθραύσεις
3059 5316 3265 5376 πυλῶν,
3303 5317 3383 5379 είς
3433 5317 3599 5386 φόϐον
3632 5319 3724 5370 καὶ
3769 5319 4038 5384 ἀγωνίαν

2437 5406 2657 5459 ἐνέϐαλε
2691 5407 2815 5469 τοῦς
2844 5406 2944 5475 τῆς
2973 5407 3201 5468 πόλεως.
3237 5407 3299 5460 Οἳ
3332 5409 3390 5459 ὲν
3419 5409 3699 5479 ἀμηχανίᾳ
3746 5409 3841 5461 καὶ
3881 5411 4040 5463 ἀττε-

2440 5497 2636 5566 γνὼσει
2678 5501 3044 5562 καταστάντες
3081 5499 3217 5569 πρὸς
3253 5499 3346 5552 τὸν
3391 5498 3527 5552 Θεὸν
3576 5498 4037 5567 καταφεύγουσι,

2441 5594 2534 5645 καὶ
2563 5592 2679 5660 μετ’
2703 5590 2896 5661 ὀδύνης
2927 5591 3155 5663 καρδίας
3178 5593 3271 5646 κα)⁸
3292 5592 3547 5663 δακρύων
3575 5593 3802 5662 ἐζήτουν
3827 5593 4036 5661 αὐτὸν,

1893 5705 2244 5761 XYLANDlii
2283 5706 2369 5761 ET
2409 5706 2620 5763 GUARI
2661 5706 2892 5763 NOTAE.

835 5794 1254 5870 (‘39)Etlacuna
1286 5801 1552 5870 sequitur.
1577 5801 1844 5854 C:cterum
1877 5800 1958 5852 vel
1990 5816 2057 5870 ex
2072 5799 2318 5870 Ccdrenu

773 5874 892 5937 ipso
942 5868 1111 5936 liquet
1162 5868 1432 5928 excidisse
1469 5871 1603 5940 lucc,
1640 5869 2010 5922 Ίουστινιανοῦ
2079 5869 2171 5922 τοῦ
2225 5888 2316 5939 με·

2427 5800 2824 5924 χῖὶλουεςιιιιιι
2871 5817 2958 5858 res
3000 5800 3188 5857 incidit
3248 5800 3301 5855 in
3353 5802 3642 5872 Imperium
3714 5798 4037 5861 Justiniaui

2433 5909 2450 5924 .
2489 5886 2632 5924 astu.
2671 5912 2687 5924 .
2721 5888 2801 5924 τι..

2433 5886 2632 5941 Magni.
2671 5886 2801 5926 λιι..
