4214 6448
188 433 298 499 340

1297 431 1380 491 Hl
1393 429 1836 491 STORIARUM
1865 429 2164 492 COMPEN
2177 433 2220 491 D
2231 432 2251 490 ἰ
2262 432 2392 492 UM.

3353 437 3464 503 350

187 552 275 606 διδ
317 551 420 604 καὶ
452 543 644 622 εὖρον
685 549 858 618 ἐγγὺς
888 549 996 622 γάρ
1026 548 1232 620 Κύριος
1267 549 1404 602 πᾶσι
1438 547 1552 611 τοῖς
1596 549 1791 602 ἐπικα-

1900 555 1986 602 set
2007 557 2253 602 acturus.
2295 549 2602 620 Episcopus
2643 550 2907 606 immensa
2967 553 3207 621 repletus
3259 554 3472 621 laetitia.

194 642 502 713 λουμένοις
536 641 702 695 αὑτὸν
734 642 793 693 ἐν
819 639 1068 712 ἀληθείᾳ,
1116 639 1258 694 κατά
1290 640 1384 693 τὸν
1428 637 1786 693 θεῖον-Δαὸίδ.

189 735 460 787 Φαίνεται
499 732 611 804 γάρ
660 727 804 787 εἰναι
853 732 942 787 διὰ
995 732 1100 802 τῆς
1153 731 1351 794 νυκτὸς
1411 729 1658 799 Εύλαλιῳ
1712 730 1792 800 τῷ

195 828 501 896 ἐπισκόπῳ
532 829 668 896 γυνή
717 844 803 889 τις
841 827 1112 894 εὐσταλὴς
1141 827 1238 880 καὶ
1265 825 1492 896 κοσμία,
1527 823 1793 891 κρείττων

189 920 221 988 ἦ
254 918 405 971 κατά
454 917 768 987 ἄνθρωπον,
815 915 1179 986 ύποτιθεμένη
1209 914 1358 984 αύτῷ
1390 915 1484 969 καὶ
1538 915 1790 982 λέγουσα,

190 1012 276 1063 ὃτι
320 1008 547 1063 Ἐπάνω
565 1007 668 1077 τῆς
694 1007 869 1078 πύλης
890 1007 992 1075 τῆς
1016 1009 1242 1072 πόλεως,
1273 1010 1331 1061 ἐν
1357 1008 1495 1077 cquis
1520 1006 1598 1076 τῷ
1619 1006 1790 1075 τόπῳ,

190 1102 282 1153 διὰ
328 1101 488 1152 τόνδε
535 1101 628 1152 τὸν
659 1099 883 1171 τρόπον,
919 1100 954 1170 ὴ
1003 1099 1160 1168 τιμία
1204 1097 1368 1152 εἰκὼν
1413 1097 1508 1149 τοῦ
1551 1095 1790 1166 Χριστοῦ

191 1189 651 1258 ἀποκέκρυπται,
717 1189 787 1259 ἢν
842 1185 1192 1256 ἀναζητήσας
1235 1186 1332 1240 καὶ
1383 1183 1564 1237 λαϐὼν
1612 1185 1794 1237 πάντα

193 1279 283 1352 [Ρ.
328 1279 460 1351 I78]
511 1279 704 1344 αἰσίως
748 1279 1001 1350 πράξεις.
1064 1279 1124 1331 '0
1165 1278 1210 1331 δ’
1259 1279 1564 1337 ἐπίσκοπος
1616 1276 1791 1345 χαρᾶς

191 1373 411 1441 ἑφάτου
470 1371 736 1440 πλησθεὶς
791 1374 890 1426 καὶ
941 1371 1035 1425 τὸν
1070 1372 1236 1424 τόπον
1305 1367 1636 1423 καταλαϐὼν
1699 1367 1792 1420 καὶ

191 1466 388 1520 τοῦτον
413 1467 742 1539 διαρρήξας,
786 1465 833 1519 ὣ
859 1467 954 1520 τοῦ
982 1465 1264 1535 θαύματος
1289 1465 1303 1517 ἰ
1341 1458 1467 1534 εὗρε
1492 1461 1592 1533 τὴν
1640 1461 1793 1513 θείαν

191 1559 385 1611 εἰκόνα
446 1557 820 1628 άδιαλώόητον
881 1557 982 1612 καὶ
1046 1555 1472 1628 κεχαραγμένην
1535 1553 1631 1606 καὶ
1691 1551 1790 1621 τὴν

193 1647 498 1718 θρυαλλίδα
525 1651 582 1701 ἐν
608 1648 846 1719 τοσούτῳ
869 1647 1049 1718 χρόνῳ
1075 1647 1150 1719 μὴ
1181 1645 1631 1708 ἀποσϐεσθεῖσαν,
1656 1642 1792 1696 ἀλλά

191 1740 290 1792 καὶ
335 1742 397 1791 ἐν
431 1739 510 1808 τῷ
539 1739 677 1810 πρὸς
704 1739 953 1809 φυλακὴν
1003 1738 1311 1792 ἐπιτεθέντι
1339 1736 1446 1806 πρὸ
1471 1733 1566 1788 τοῦ
1592 1733 1788 1803 λύχνου

191 1833 441 1901 κεράμῳ
478 1832 798 1886 ἐκτυπωθέν
828 1832 1017 1902 ἕτερον
1067 1829 1322 1900 ὁμοίωμα
1370 1826 1791 1897 ἀπαράλλακτον

190 1922 286 1976 τοῦ
338 1925 727 1996 πρωτοτύπου.
802 1921 977 1977 Τοῦτο
1025 1922 1204 1976 λαὸὼν
1244 1924 1272 1974 6
1311 1921 1610 1982 ἐπίσκοπος
1655 1917 1795 1986 μετά
1826 1898 1864 1952 Β

192 2016 373 2085 χαρᾶς
431 2016 703 2087 ἀμέτρου,
753 2016 848 2069 καὶ
890 2016 1215 2077 λιτανεύσας
1239 2013 1334 2067 καὶ
1359 2010 1790 2082 εὐχαριστήσας,

192 2108 476 2162 κατέλαϐε
520 2109 614 2162 τὸν
651 2110 816 2162 τόπον
852 2107 976 2163 καθ’
1007 2107 1068 2161 ὃν
1110 2109 1159 2160 οἰ
1207 2107 1413 2176 Πέρσαι
1473 2102 1793 2172 διώρυττον.

205 2201 301 2264 Ὠς
337 2201 395 2253 δὲ
444 2200 674 2271 πλησίον
707 2200 957 2270 ἀλλήλων
1011 2200 1262 2268 ἐγένοντο
1293 2199 1350 2251 ἐν
1389 2197 1470 2266 τῷ
1500 2193 1794 2266 ὀρύγματι,

195 2294 311 2345 ἀπὸ
336 2293 441 2362 τῆς
468 2294 689 2362 λυχνίας
740 2293 955 2363 ἐκείνης
984 2293 1167 2346 ἐλαίου
1195 2289 1590 2354 ἐπιστάξαντες
1625 2286 1702 2346 εἰς
1729 2283 1790 2336 τὸ

1895 640 2017 693 loco
2041 640 2262 694 invento
2295 649 2350 694 et
2383 650 2593 712 aperto,
2631 644 2832 712 reperit
2897 643 3054 712 (proh
3088 645 3474 716 miraculum!)

1895 730 2138 785 divinam
2171 731 2464 800 imaginem
2494 733 2824 787 incolumem
2879 733 3273 807 lucernamque
3323 747 3475 794 tanto

1899 823 2170 890 temporis
2201 821 2444 876 decursu
2470 839 2575 878 non
2608 823 2966 888 exstinctam,
3013 833 3178 894 atque
3228 828 3366 884 adeo
3418 831 3472 884 in

1900 915 2084 982 tegula
2138 930 2260 984 quae
2293 914 2471 969 fuerat
2508 925 2633 971 ante
2681 917 2962 970 lucernam
3002 919 3266 973 custodia:
3307 934 3472 975 causa

1897 1006 2138 1075 objecta,
2165 1009 2328 1062 aliam
2358 1010 2658 1077 exemplari
2695 1025 2790 1078 per
2821 1010 3003 1062 omnia
3040 1011 3340 1065 assimilem
3371 1012 3473 1065 im-

1895 1112 2144 1166 pressam
2192 1101 2508 1170 imaginem.
2574 1099 2684 1154 llac
2737 1102 2827 1155 ille
2858 1102 3062 1171 ingenti
3101 1116 3226 1156 cum
3276 1102 3474 1171 gaudio

1894 1200 2108 1260 arrepta
2134 1229 2151 1255 ,
2187 1194 2584 1260 supplicatione
2618 1201 2674 1246 et
2707 1195 3006 1261 gratiarum
3077 1195 3293 1248 actione
3347 1209 3474 1264 per-

1895 1283 2056 1346 actis,
2080 1297 2204 1335 eum
2237 1283 2397 1353 313
2429 1286 2607 1338 locum
2646 1285 2798 1355 petiit
2831 1300 2936 1354 qua
2980 1286 3162 1339 Persae
3188 1287 3473 1341 cuniculos

1895 1374 2148 1444 agebant.
2179 1373 2426 1446 Cumque
2471 1393 2639 1447 prope
2710 1379 2833 1432 illos
2879 1380 3242 1446 pervenisset,
3288 1395 3357 1434 ex
3397 1380 3476 1432 ln-

1895 1480 2060 1518 cerna
2103 1467 2282 1519 oleum
2319 1468 2604 1522 instillavit
2661 1471 2713 1522 in
2743 1469 2923 1539 ignem
2971 1471 3041 1524 ab
3089 1471 3156 1524 iis
3200 1479 3472 1538 paratum,

1897 1557 2054 1624 isque
2083 1559 2228 1627 ignis
2279 1561 2467 1615 hostes
2522 1563 2588 1614 ad
2643 1579 2808 1615 unum
2869 1578 3064 1617 omnes
3107 1564 3472 1632 consumpsit.

1900 1648 2006 1703 Sed
2046 1658 2100 1702 et
2130 1650 2264 1705 foris
2302 1651 2484 1707 Persae
2517 1655 2581 1707 ad
2624 1655 2902 1711 laedendos
2943 1655 3245 1724 oppidanos
3280 1670 3470 1722 rogum

1896 1740 2329 1805 succenderant;
2359 1744 2450 1811 qui
2489 1745 2633 1812 ignis
2664 1760 2788 1798 cum
2821 1745 3058 1799 aleretur
3089 1745 3474 1814 copiosissima

1896 1831 2150 1894 materia,
2209 1831 2304 1885 ubi
2356 1851 2522 1903 prope
2571 1851 2696 1889 cum
2753 1837 2937 1891 divina
3003 1838 3179 1907 elligie
3238 1836 3474 1892 accessit

1895 1920 2206 1991 cpiscopus,
2267 1925 2447 1980 subito
2477 1936 2697 1982 exortus
2756 1928 2970 1982 validus
3000 1937 3220 1992 ventus,
3253 1943 3377 1982 eum
3418 1927 3474 1980 in

1897 2025 1992 2065 eos
2018 2014 2110 2079 qui
2148 2016 2554 2070 succenderant
2599 2019 2810 2074 distulit
2834 2035 3038 2088 eosque
3066 2036 3233 2075 urens
3270 2021 3471 2090 abegit.

1895 2099 1974 2154 Ita
2029 2101 2209 2159 Persae
2250 2121 2358 2160 non
2415 2110 2585 2164 semel
2646 2120 2882 2174 tantum,
2912 2112 3007 2164 sed
3074 2113 3276 2180 saepius
3333 2112 3475 2166 male

1901 2197 2132 2264 accepti,
2173 2199 2373 2253 Edessa
2405 2203 2615 2272 integra
2646 2212 2700 2258 et
2730 2219 2789 2258 re
2820 2203 3020 2258 inlecta
3075 2205 3314 2258 maximo
3347 2220 3472 2258 cum

1901 2283 2166 2342 dedecore
2194 2289 2588 2349 discesserunt.

191 2387 645 2457 πύτρεπισμένον
694 2384 807 2455 πῦρ
834 2385 1042 2449 πάντας
1087 2382 1375 2438 ἀπώλεσαν
1407 2380 1598 2452 άρδην.
1637 2378 1795 2431 Ἀλλά
1832 2378 1925 2430 καὶ
1953 2379 2052 2448 τὴν
2085 2382 2283 2447 ἔξωθεν
2329 2386 2664 2454 ἀναφθεῖσαν
2695 2389 2876 2458 πυράν
2906 2391 3010 2442 ὑπὸ
3077 2391 3186 2444 τῶν
3250 2391 3478 2461 Περσῶν

190 2483 340 2538 κατὰ
368 2478 481 2533 τῶν
513 2479 680 2544 ἔνδον,
714 2481 780 2550 ῆν
803 2479 1030 2550 ἄπειρος
1059 2477 1159 2548 ὕλη
1185 2476 1514 2548 ύπέτρεφεν,
1581 2473 1656 2534 ὡς
1716 2469 1946 2539 πλησίον
1986 2473 2158 2542 αὐτῆς
2230 2477 2450 2543 ἐγένετο
2513 2482 2543 2532 6
2602 2483 2900 2545 ἐπέσκοπος
2974 2483 3111 2552 μετά
3158 2485 3252 2536 τοῦ
3325 2485 3472 2538 θείου

191 2573 640 2642 ἐκτυπώματος,
666 2572 928 2641 ἐξαίφνης
961 2571 1138 2642 βίαιος
1158 2571 1354 2639 άνεμος
1379 2565 1627 2637 ἐγερθεὶς
1656 2565 1799 2616 κατά
1869 2564 1982 2616 τῶν
2026 2567 2441 2636 ἁναφλεγόντων
2489 2573 2698 2642 ταύτην
2754 2575 3138 2647 ἀντέστρεψεο,
3201 2576 3294 2639 οὒς
3373 2578 3470 2631 καὶ

196 2667 586 2736 ἑμπυρίζουσα
618 2663 953 2734 ἀπέστρεψε.
990 2660 1176 2714 Ταῦτα
1221 2658 1484 2718 παθόντες
1525 2654 1784 2726 μᾶλλονῆ
1827 2653 2124 2720 δράσαντες
2158 2661 2208 2712 οἱ
2237 2661 2464 2733 Πέρσαι,
2497 2665 2595 2734 οὐχ
2623 2665 2788 2731 ἅπαξ,
2839 2667 2976 2720 ἀλλά
3016 2668 3096 2731 δίς
3136 2670 3228 2721 καὶ
3277 2669 3478 2723 πολλά-

196 2778 306 2824 κις,
343 2757 468 2827 μετ’
499 2756 762 2826 αἰσχύνης
791 2756 1020 2826 ἀπείρου
1055 2753 1424 2824 ὑπεχώρησαν
1453 2751 1754 2820 ἄπρακτοι.

272 2851 441 2902 Ἐπεὶ
498 2849 557 2902 δὲ
610 2848 750 2918 πρὸς
797 2847 898 2916 τὴν
963 2846 1362 2916 βασιλεύουσαν
1407 2842 1519 2897 τῶν
1575 2841 1785 2895 πόλεων

197 2941 557 3012 πανταχόθεν
600 2941 872 3010 συνεῤῥύη
915 2940 985 2993 τὰ
1027 2939 1308 3006 ἁγιώτατα
1353 2937 1449 2990 καὶ
1501 2935 1786 2996 κάλλιστα,

196 3031 267 3105 ἦν
301 3034 360 3086 δὲ
393 3034 505 3102 ἄρα
538 3035 680 3084 θεῖον
720 3031 966 3102 βούλημα
1006 3029 1100 3082 καὶ
1127 3029 1230 3099 τὴν
1276 3029 1430 3097 ἰεράν
1456 3025 1660 3094 ταύτην
1692 3023 1790 3076 καὶ

201 3126 358 3179 θείαν
415 3123 602 3176 εἰκόνα
651 3121 791 3192 μετά
823 3121 933 3174 τῶν
989 3119 1165 3174 ἄλλων
1245 3115 1789 3188 ἀποθησαυρισθῆναι

203 3217 415 3280 καλῶν,
450 3218 478 3267 6
508 3214 617 3267 τῶν
651 3213 938 3282 Ῥωμαίων
967 3231 1033 3266 κυ
1045 3211 1285 3284 ριαρχῶν
1321 3208 1602 3278 Ῥωμανὸς
1628 3209 1656 3259 ὁ
1681 3208 1794 3259 Λα-

1966 2839 2255 2893 Enimvero
2286 2857 2408 2894 cum
2448 2842 2500 2894 in
2556 2842 2744 2896 urbem
2779 2859 2899 2912 qua:
2933 2843 3147 2913 imperii
3190 2857 3352 2916 caput
3395 2858 3480 2903 est

1895 2931 2078 2984 omnia
2120 2933 2362 3001 undique
2385 2934 2683 2988 saeerrima
2715 2945 2881 3004 atque
2945 2938 3314 3005 pulcherrima
3341 2956 3477 2994 cou-

1897 3020 2153 3086 ﬂuerent,
2185 3035 2252 3077 ac
2282 3022 2380 3077 Dei
2403 3025 2654 3079 voluntas
2678 3034 2824 3081 esset
2854 3037 2912 3080 ut
2945 3031 3088 3083 inter
3116 3031 3220 3084 alia
3255 3031 3327 3085 ibi
3360 3033 3480 3089 haec

1897 3130 2113 3184 quoque
2149 3116 2539 3170 recouderetur
2562 3116 2745 3171 divina
2775 3119 2974 3189 imago,
2997 3121 3275 3176 Romanus
3305 3123 3478 3178 Lacao

1899 3220 2094 3272 penus,
2154 3206 2453 3273 imperator
2511 3205 2908 3274 Romanorum,
2962 3223 3183 3277 operam
3234 3212 3384 3266 dedit
3417 3225 3478 3268 ut

207 3309 464 3376 καπηνίις
495 3307 824 3376 σπούδασμα
848 3307 1084 3358 ποιεῖται
1124 3302 1561 3372 κατευμοιρῆσαι
1584 3297 1789 3366 ταύτης

1897 3311 1959 3350 ea
1992 3297 2257 3364 potiretur
2281 3311 2455 3364 eaque
2502 3297 3037 3369 Constantinopolim
3066 3302 3283 3357 ditaret.
3321 3302 3477 3373 Same

202 3400 298 3450 καὶ
324 3396 768 3451 καταπλουτίσαι
793 3394 893 3464 τὴν
934 3392 1348 3462 βασιλεύουσαν.
1381 3391 1492 3444 Kal.
1530 3389 1594 3459 δὴ
1644 3388 1786 3442 κατὰ

204 3491 505 3559 διαφόρους
545 3487 777 3556 καιροὺς
826 3485 1171 3551 ἐξαπέστειλε
1205 3484 1340 3554 πρὸς
1382 3482 1481 3552 τὴν
1523 3482 1788 3534 Ἔδεσσαν

209 3579 379 3650 μηδὲν
417 3577 648 3639 ἀνύσας.
712 3577 774 3628 Ὀ
825 3577 924 3645 μὲν
949 3575 1062 3645 γὰρ
1110 3573 1364 3626 ἐπέκειτο
1410 3572 1609 3633 αὐτῶν,
1647 3572 1696 3624 οἰ
1733 3572 1788 3624 δὲ

205 3672 434 3724 ἀνέδυ)ον
457 3671 553 3722 καὶ
587 3667 1020 3739 παρεκρούοντο.
1047 3667 1160 3718 Καὶ
1197 3665 1511 3717 τελευταῖον
1541 3662 1790 3716 πεισθέν-

203 3781 292 3825 τες
343 3763 684 3815 ἐπένευσανο
733 3761 762 3812 6
805 3759 914 3828 γὰρ
947 3755 1084 3822 ἄναξ
1129 3756 1418 3826 Ῥωμαίων
1464 3759 1532 3824 τῇ
1605 3756 1789 3822 ἐφέσει

204 3855 300 3906 τοῦ
337 3853 590 3905 τοιούτου
645 3851 815 3903 καλοῦ
850 3849 988 3920 πρὸς
1039 3849 1216 3902 πάντα
1266 3847 1492 3910 ὑπείξας
1541 3845 1608 3896 τά
1657 3844 1788 3912 παρ’

206 3944 389 3996 αὐτῶν
446 3939 888 4012 προσαλλόμενα,
952 3940 1048 3992 καὶ
1079 3940 1203 4001 δοὺς
1257 3940 1439 3998 αὐτοῖς
1481 3936 1788 3998 διακοσίους

208 4035 566 4102 Σαρακηνοῦς
590 4034 685 4085 καὶ
717 4031 961 4101 ἀργύρου
982 4031 1256 4099 ἐπισήμου
1282 4029 1527 4099 χιλιάδας
1557 4027 1787 4091 δώδεκα,

207 4128 303 4178 καὶ
361 4123 809 4194 ἀσφαλισάμενος
841 4122 928 4175 διά
982 4121 1277 4190 σφραγῖδος
1323 4119 1532 4190 χρυσῆς
1582 4117 1676 4170 τοῦ
1714 4118 1788 4186 μὴ

208 4213 488 4284 πολεμίως
516 4211 850 4282 ἐπέρχεσθαι
866 4209 934 4264 τὰ
954 4210 1064 4263 τῶν
1090 4209 1378 4280 Ῥωμαίων
1404 4207 1788 4278 στρατεύματα

208 4310 351 4360 κατά
387 4306 501 4359 τῶν
530 4306 812 4374 τεσσάρων
833 4303 1042 4356 πόλεων
1073 4303 1319 4365 ἐκείνων,
1345 4300 1481 4370 μηδέ
1507 4298 1788 4370 ληῖζεσθαι

207 4399 440 4461 ταύτας,
474 4397 713 4465 ἐπέτυχε
760 4395 862 4464 τῆς
891 4396 1180 4464 αἰτήσεως.
1229 4394 1381 4447 Ἐπεὶ
1417 4392 1526 4462 γάρ
1553 4408 1789 4461 συνεχω-

211 4491 359 4556 ρεῐτο
375 4485 632 4554 γενέσθαι
662 4487 756 4539 καὶ
779 4484 1172 4555 παρεχώρησεν
1193 4485 1222 4536 6
1242 4484 1465 4553 ἀμηρᾶς
1489 4521 1504 4546 ,
1524 4480 1782 4542 λασόντες

207 4587 256 4633 οἰ
285 4580 606 4641 ἐπίσκοποι,
637 4579 667 4632 ὃ
694 4595 754 4630 τε
780 4578 1115 4647 Σαμοσάτων
1165 4577 1260 4630 καὶ
1285 4577 1314 4628 6
1352 4576 1450 4642 τῆς
1507 4573 1784 4643 Ἐδέσσης,

1896 3388 2017 3455 ejus
2052 3388 2128 3441 rei
2189 3401 2355 3442 causa
2417 3387 2620 3443 frustra
2674 3389 2880 3458 legatos
2933 3393 3173 3446 miserat.
3234 3391 3475 3446 Tandem

1895 3479 2194 3548 cupiditate
2232 3480 2352 3549 ejus
2414 3480 2696 3534 obtinendi
2753 3497 2874 3534 cum
2931 3481 3230 3537 Edesseuis
3289 3485 3474 3537 omnia

1899 3570 2140 3637 ipsorum
2175 3570 2446 3638 postulata
2476 3571 2860 3636 concessisset,
2895 3573 3153 3627 obtinuit.
3185 3574 3338 3628 Dedit
3369 3574 3478 3629 200

1897 3663 2221 3724 Saracenos,
2257 3664 2322 3716 12
2348 3663 2516 3718 millia
2561 3665 2769 3734 argenti
2810 3665 3045 3734 signati;
3079 3681 3353 3735 aureaque
3405 3668 3476 3719 si-

1898 3755 2025 3821 gillo
2080 3753 2423 3808 conlirmavit
2457 3770 2734 3823 nunquam
2767 3755 3008 3825 legiones
3050 3756 3326 3812 Romanas
3382 3758 3478 3811 lio-

1899 3847 2097 3900 stiliter
2133 3855 2370 3914 quatuor
2401 3846 2523 3900 illas
2556 3848 2721 3900 urbes
2765 3862 3080 3903 accesseras
3105 3859 3197 3902 aut
3242 3851 3478 3918 praedam

1899 3947 2140 3992 acturas.
2180 3937 2254 3990 lla
2290 3939 2400 3992 voti
2438 3953 2664 4007 compos
2698 3937 2896 4004 factus,
2929 3939 3094 4011 314
3121 3941 3314 3994 Amera
3346 3957 3479 3996 con-

1899 4031 2164 4095 cedente,
2200 4031 2444 4100 episcOpi
2485 4031 2882 4086 Samosatcnus
2923 4042 2977 4086 et
3009 4032 3319 4087 Edesscnus
3357 4033 3484 4087 alii-

1897 4137 2003 4190 que
2025 4121 2097 4191 pii
2120 4128 2366 4176 sanetam
2389 4121 2534 4174 illam
2553 4121 2778 4190 eﬂigiem
2805 4137 2867 4176 ae
2887 4123 3170 4192 epistolam
3191 4135 3219 4174 a
3242 4122 3466 4177 Christo

1898 4213 2158 4283 scriptam
2192 4211 2396 4267 Edessa
2441 4212 2755 4268 auferentes
2787 4213 3135 4282 iteringressi
3163 4221 3314 4269 sunt.
3345 4213 3482 4268 Rur-

1897 4321 1995 4360 sus
2041 4314 2154 4359 tum
2185 4303 2397 4358 inﬁnita
2431 4314 2558 4359 sunt
2587 4305 2733 4358 edita
2787 4307 3069 4359 miracula.
3101 4305 3236 4362 Cum
3291 4322 3481 4375 perve-

1899 4397 2109 4452 nissent
2163 4396 2229 4450 ad
2286 4396 2546 4463 templum
2616 4395 2710 4450 Dei
2766 4395 3267 4467 Genitricis,quod
3296 4408 3377 4452 est
3424 4399 3479 4452 in

1897 4491 2234 4561 Optimatum
2267 4489 2486 4556 regione
2515 4503 2578 4542 ac
2624 4486 2844 4542 Eusebii
2900 4488 3121 4551 dicitur,
3173 4490 3328 4542 multi
3377 4488 3480 4541 fide

1898 4582 2109 4653 praediti
2155 4581 2480 4635 accedentes
2509 4594 2539 4632 a
2570 4579 2736 4633 variis
2795 4581 3002 4645 morbis
3052 4587 3183 4632 sunt
3238 4579 3475 4634 liberati.

208 4673 304 4724 καὶ
324 4671 415 4722 ἓτε
427 4669 509 4738 ροί
539 4684 688 4730 τινες
715 4668 826 4720 τῶν
877 4666 1126 4720 εὐλαὸὦν
1153 4667 1212 4718 τὺ
1239 4666 1395 4733 άγιον
1421 4666 1598 4718 ἐκεῖνο
1627 4665 1788 4716 ἀπει-

1899 4675 1977 4729 Ibi
2007 4675 2172 4729 etiam
2203 4671 2424 4740 quidam
2449 4671 2787 4740 accessitqui
2819 4687 2847 4723 a
2879 4671 3126 4726 daemone
3149 4673 3477 4734 vexabatur,

207 4763 452 4828 κόνισμα
489 4760 584 4811 καὶ
633 4759 697 4811 τὸ
734 4758 1140 4828 χριστόγραφον
1180 4755 1540 4809 ἐπιστολίδιον
1581 4756 1789 4824 εἴχοντο

207 4853 309 4922 τῆς
337 4851 465 4906 ὁδοῦ
485 4867 500 4883 ο
535 4851 632 4904 καὶ
680 4849 844 4904 πάλιν
869 4848 1073 4918 άπειρα
1103 4847 1340 4901 ἐτελεῖτο
1384 4845 1662 4916 θαύματα.
1701 4845 1789 4908 Ὠς

204 4947 260 5000 δὲ
289 4946 642 5014 κατήντησαν
666 4944 725 4996 ἐν
763 4941 842 5013 τῷ
867 4943 977 4995 τῶν
1014 4940 1363 5009 Ὀπτιμάτων
1389 4939 1607 5008 θέματι,
1635 4938 1692 4989 ἐν
1712 4936 1789 5008 τῷ

203 5038 304 5108 τῆς
341 5036 614 5089 Θεοτόκου
639 5033 755 5104 ναῷ
790 5033 866 5104 τῷ
921 5031 1180 5086 Εὐσεσίου
1234 5030 1534 5100 λεγομένῳ,
1593 5027 1787 5082 Πολλοὶ

206 5127 610 5198 προσελθόντες
658 5126 799 5196 μετὰ
857 5125 1096 5187 πίστεως
1143 5123 1253 5177 ἀπὸ
1310 5121 1569 5176 ποικίλων
1618 5123 1789 5174 νόσων

210 5221 469 5291 ἰάθησαν.
529 5218 704 5272 Ἔνθα
759 5219 852 5271 καί
897 5235 984 5281 τις
1021 5216 1329 5288 προσῆλθεν
1379 5215 1485 5267 ὑπὸ
1537 5213 1791 5284 δαίμονος

208 5311 622 5382 ἐνοχλούμενος,
639 5309 733 5362 καὶ
750 5309 878 5363 τάδε
891 5311 1056 5363 οἱονεὶ
1070 5308 1462 5376 άπεφοίόασεν·
1497 5305 1763 5360 Ἀπόλαϐε
1774 5344 1788 5368 ,

212 5401 814 5467 Κωνσταντινούπολις,
832 5401 992 5466 δόξαν
1010 5401 1104 5456 καὶ
1129 5400 1325 5471 χαρὰν,
1355 5401 1450 5452 καί
1478 5398 1566 5460 σὺ,
1591 5416 1791 5467 πορφυο

213 5499 528 5568 ρογὲννητε,
561 5497 662 5568 τὴν
696 5496 976 5566 βασιλείαν
1015 5513 1132 5550 σου.
1165 5494 1279 5549 Καὶ
1307 5495 1566 5566 παραυτά
1607 5493 1731 5562 ἰάθη
1762 5495 1791 5546 6

214 5590 526 5660 ἄνθρωπος.
564 5589 644 5658 Τῇ
681 5588 739 5642 δὲ
771 5585 830 5642 ιε’
867 5587 961 5642 τοῦ
997 5588 1308 5656 Αὐγούστου
1342 5588 1532 5655 μηνὸς,
1565 5585 1705 5640 κατά
1733 5587 1794 5638 τὸ

219 5678 389 5750 ,ςυνβ’
422 5677 545 5741 ετος
572 5677 675 5748 τῆς
702 5675 798 5729 τοῦ
837 5676 923 5750 |P.
959 5675 1085 5749 179]
1108 5677 1316 5746 κόσμου
1356 5675 1640 5744 γενέσεως,
1669 5692 1792 5730 κατ-

219 5767 407 5822 έλαϐον
439 5767 534 5821 τὸν
573 5768 632 5820 ἐν
677 5765 1011 5838 Βλαχὲρναις
1048 5765 1173 5820 ναδν
1198 5765 1296 5835 τῆς
1326 5765 1629 5836 ὑπεραγίας
1657 5764 1788 5818 Θεο-

220 5858 374 5914 τόκου
399 5860 448 5913 οἰ
478 5858 540 5912 τδ
583 5856 741 5928 άγιον
773 5855 1236 5929 διακομιζόμενοι,
1271 5857 1298 5909 ὃ
1332 5856 1428 5910 καὶ
1473 5856 1789 5928 σεϐασμίως

1895 4774 2057 4833 atque
2095 4765 2212 4818 haec
2251 4763 2408 4830 quasi
2449 4761 2636 4816 divino
2681 4761 2945 4816 instinctu
2977 4763 3308 4816 vaticinatus
3345 4771 3428 4816 est
3460 4777 3478 4816 :

1894 4854 2116 4923 Recipe,
2135 4851 2661 4919 Constantinopolis,
2684 4852 2910 4922 gloriam
2934 4863 2986 4905 et
3007 4851 3267 4917 iretitiam,
3292 4863 3479 4923 tuque,

1893 4944 2450 5015 Porpliyrogennete,
2483 4950 2637 4996 tuum
2667 4957 2915 5011 regnum.
2950 4941 3261 5012 Statimque
3315 4958 3476 4998 sana-

1895 5045 1986 5089 tus
2023 5043 2126 5088 est.
2157 5033 2251 5088 Die
2283 5033 2492 5088 decima
2527 5033 2718 5101 quinta
2776 5034 3032 5102 Augusti,
3087 5047 3233 5086 anno
3285 5034 3475 5086 mundi

1894 5126 2058 5191 6452,
2099 5126 2134 5180 ii
2165 5123 2255 5194 qui
2284 5137 2493 5178 sacram
2527 5123 2820 5192 imaginem
2845 5121 3114 5186 ferebant,
3142 5121 3477 5176 Blaeliernas

1896 5219 1964 5274 ad
2011 5219 2180 5273 aedem
2237 5216 2570 5270 beatissima:
2602 5213 2698 5270 Dei
2732 5214 3030 5269 Geuitrieis
3083 5220 3471 5282 pervenerunt.

1892 5312 1964 5368 lbi
1997 5318 2218 5381 accepta
2255 5317 2341 5363 est
2374 5316 2685 5364 reverenter
2730 5322 2795 5361 ac
2839 5321 3036 5376 magno
3068 5320 3192 5359 cum
3247 5303 3474 5376 gaudio,

1894 5405 2278 5472 adorataquea
2321 5400 2650 5465 Ctesaribus,
2694 5414 2722 5452 a
2763 5398 3080 5468 proceribus
3130 5405 3184 5452 et
3247 5395 3479 5465 reliquis

1896 5494 2172 5548 omnibus.
2201 5490 2468 5546 Postridie
2530 5498 2652 5560 post
2728 5489 3110 5544 salutationem
3165 5496 3223 5542 et
3277 5487 3476 5541 adora-
3559 5525 3562 5528 .

1897 5585 2121 5649 tionem,
2154 5581 2399 5637 humeris
2430 5580 2548 5637 suis
2599 5581 2870 5636 sublatam
2920 5579 3208 5651 imaginem
3264 5577 3473 5633 Christi

1895 5691 2147 5734 summus
2211 5672 2450 5746 pontifex
2505 5671 2944 5744 Tlieophylactus
3011 5682 3064 5726 et
3121 5670 3471 5740 imperatoris

1895 5767 1990 5822 ﬁlii
2026 5767 2219 5838 (senex
2250 5765 2396 5820 enim
2425 5765 2800 5820 imbecillitate
2828 5763 3198 5830 detinebatur)
3229 5775 3292 5815 ac
3325 5776 3470 5830 pra:-

1895 5867 2041 5916 tcrea
2073 5864 2357 5915 senatores
2389 5869 2579 5912 omnes
2629 5871 2752 5913 cum
2821 5856 3074 5911 universa
3129 5852 3467 5910 ecclesiasti-
