4214 6448
740 396 840 461 351

2029 400 2279 461 GEORG
2292 404 2349 461 ll
2385 403 2715 462 CEDRENI

3891 398 4016 460 352

736 527 929 573 eorum
958 513 1141 582 turba,
1171 530 1281 584 quo
1308 515 1465 571 decet
1504 518 1768 571 comitatu
1797 532 1967 586 usque
1996 517 2062 571 ad
2094 525 2307 587 portam

2444 520 2524 571 (αἱ
2550 518 2860 588 περιχαρῶς
2895 517 3163 586 ὑπεδέχθη
3193 516 3283 569 καὶ
3327 516 3707 587 προσεκυνήθη
3740 516 3889 584 παρά
3941 533 4012 570 τε

740 604 972 655 Auream
1008 605 1371 660 deduxerunt.
1406 606 1535 661 Inde
1584 606 1772 661 eodem
1811 609 1938 671 ritu,
2008 609 2232 677 psalmis
2258 615 2313 661 et

740 694 958 763 hymnis
1010 696 1290 761 adhibitis,
1322 697 1388 751 ad
1449 698 1626 753 nobile
1666 708 1722 754 et
1782 700 2077 753 maximum
2118 700 2315 754 divina:

742 787 1027 854 sapientiae
1069 788 1324 856 templum
1361 789 1697 847 detulerunt.
1748 788 1943 845 Postea
1975 790 2038 843 ad
2077 790 2313 860 impera-

744 887 918 928 torem
947 880 1336 941 ascenderunt,
1400 881 1539 933 etin
1600 879 1802 946 Pharo,
1854 898 1972 950 quae
2034 888 2118 936 est
2172 881 2317 937 mdes

749 971 885 1022 diu?
913 967 1176 1037 Virginis,
1214 971 1572 1023 venerandam
1628 984 1790 1042 atque
1842 987 2055 1026 sacram
2113 971 2317 1026 Christi

745 1060 1032 1129 imaginem
1088 1062 1250 1132 315
1305 1068 1691 1133 deposuerunt,
1722 1082 1974 1134 magnum
2008 1066 2317 1136 pra‘sidium

748 1157 943 1220 I'i-gitIIB
1004 1154 1216 1206 urbium
1282 1156 1432 1209 urbis
1473 1166 1525 1209 et
1580 1158 1823 1210 omnium
1855 1155 2317 1214 Christianorum.

743 1241 919 1300 Αεοιιαε
961 1244 1070 1296 haec
1104 1245 1318 1312 quidem
1359 1246 1638 1302 hactenus.
1673 1248 1782 1302 Nos
1808 1249 1874 1303 ad
1926 1249 2167 1304 historia:
2189 1265 2321 1303 con-

746 1333 1101 1385 tinuationem
1153 1344 1511 1389 revertamur.

2424 611 2533 662 τῶν
2564 608 2832 676 βασιλέων
2866 608 2962 662 καὶ
2984 608 3092 661 τῶν
3116 610 3173 659 ἐν
3195 608 3339 660 τέλει
3375 607 3471 661 καὶ
3492 608 3601 662 τῶν
3627 608 3831 661 λοιπῶν
3854 609 4007 662 πάν-

2421 720 2552 755 των.
2587 702 2664 771 Τῇ
2701 702 2757 753 δὲ
2810 701 3074 771 ἐπαύριον
3111 700 3249 770 μετά
3280 700 3372 752 τὸν
3412 704 3705 770 ἀσπασμὸν
3745 703 3856 771 ('50)
3902 701 4012 754 καὶ

2424 795 2523 863 τὴν
2559 793 2929 861 προσκύνησιν
2962 793 3229 864 ἀράμενοι
3260 792 3358 862 τὴν
3398 793 3490 845 τοῦ
3526 794 3765 861 Χριστοῦ
3813 793 4011 846 εἰκόνα

2426 887 2519 935 ἐπὶ
2552 884 2662 937 τῶν
2711 884 2877 953 ὤμων
2903 885 2930 935 ὃ
2957 901 3015 935 τε
3062 884 3356 954 ἀρχιερεὺς
3398 884 3778 951 Θεοφύλακτος
3828 887 3919 936 καὶ
3951 884 4009 935 οἱ

2427 971 2711 1036 νεάζοντες
2745 972 2987 1042 βασιλεῖς
3026 972 3074 1035 (6
3103 977 3212 1041 γὰρ
3245 973 3423 1041 γέρων
3452 972 3518 1023 δι’
3550 971 3836 1024 ἀσθένειαν
3888 973 4009 1024 άπ-

2426 1066 2721 1133 ελείπετο),
2753 1065 2888 1117 ἀλλὰ
2924 1067 3016 1117 καὶ
3036 1067 3085 1116 ot
3113 1066 3210 1132 τῆς
3242 1066 3534 1133 γερουσίας
3585 1064 3825 1125 ἅπαντες
3864 1064 4015 1132 μετὰ

2428 1156 2629 1217 παντὸς
2664 1154 2759 1207 τοῦ
2786 1158 2883 1224 τῆς
2925 1155 3254 1222 Ἐκκλησίας
3301 1153 3692 1223 πληρώματος,
3737 1157 3801 1223 τῇ
3839 1171 4018 1222 προσ-

2425 1246 2634 1317 ηκούσῃ
2668 1246 2965 1317 δορυφορίᾳ
3004 1246 3368 1317 παρέπεμπον
3412 1246 3572 1315 μέχρι
3621 1249 3718 1314 τῆς
3744 1244 4017 1313 χρυσείας

2434 1336 2660 1405 πόρτης.
2699 1334 2970 1387 Κάκεῖθεν
3002 1335 3163 1389 πάλιν
3205 1334 3600 1404 ἀναλαϐόμενοι
3628 1336 3829 1404 ὁμοίως
3864 1334 4017 1405 μετὰ

744 1420 973 1490 ψαλμῶν
1007 1424 1099 1475 καὶ
1134 1424 1319 1493 ὓμνων
1366 1425 1663 1478 κατέλαδλν
1697 1428 1788 1481 τὸν
1829 1428 2173 1499 περιώνυμον
2218 1428 2474 1497 μέγιστον
2506 1426 2630 1478 ναὸν
2658 1426 2754 1494 τῆς
2800 1425 2983 1492 Ἀγίας
3026 1426 3248 1491 Σοφίας.
3304 1422 3439 1479 Εἶτα
3494 1426 3727 1495 ἀνῆλθον
3794 1428 3874 1489 εἰς
3915 1426 4017 1477 τὸν

746 1512 993 1581 βασιλέα.
1029 1518 1120 1569 καὶ
1172 1522 1228 1571 ἐν
1291 1520 1710 1592 τῷΘεομητρδς
1764 1523 1878 1591 ναῷ
1958 1525 2119 1593 Φάρῳ
2190 1524 2480 1577 κατέθεντο
2539 1521 2599 1574 τὸ
2669 1521 2849 1590 τίμιον
2901 1524 2994 1575 καὶ
3062 1522 3216 1588 ἆγιον
3263 1524 3563 1588 ἐκτύπωμα
3648 1523 3742 1574 τοῦ
3801 1523 4015 1589 Κυρίου

745 1608 902 1676 ἡμῶν
965 1611 1139 1677 Ἰησοῦ
1189 1611 1449 1682 Χριστοῦ,
1507 1619 1586 1676 εἰς
1645 1618 2014 1686 φυλακτήριον
2071 1619 2328 1687 μέγιστον
2367 1619 2467 1686 τῆς
2502 1616 2772 1684 βασιλίδος
2803 1617 2909 1670 τῶν
2943 1617 3150 1670 πόλεων
3176 1619 3269 1668 καὶ
3300 1620 3517 1672 πάντων
3581 1618 3689 1670 τῶν
3747 1619 4018 1684 Χριστια-

747 1700 872 1753 νῶν.
916 1703 1022 1754 Καὶ
1052 1705 1222 1757 ταῦτα
1253 1708 1351 1774 μὲν
1384 1708 1578 1769 οὕτως.
1618 1711 1782 1762 πάλιν
1812 1713 1866 1764 δὲ
1905 1713 2002 1780 τῆς
2036 1711 2143 1764 τῶν
2176 1710 2425 1780 ἱστοριῶν
2460 1710 2777 1772 ἀκολουθίας
2803 1710 3061 1778 ἑξόμεθα.

818 1790 952 1843 Nato
981 1792 1220 1856 Christo,
1281 1799 1463 1850 statim
1502 1800 1783 1869 Augustus
1837 1804 2021 1855 omnia
2081 1803 2133 1856 in
2169 1817 2322 1854 suam

746 1882 960 1951 redegit
1013 1894 1360 1952 potestatem,
1400 1904 1463 1942 ac
1538 1890 2007 1947 dominationibus
2076 1895 2322 1963 gentium

2512 1798 2617 1851 ἰὀῦ
2645 1799 2701 1851 δὲ
2729 1799 2932 1870 Κυρίου
2966 1800 3125 1868 ήμῶν
3176 1796 3351 1867 Ἰησοῦ
3387 1798 3625 1867 Χριστοῦ
3652 1798 3793 1851 κατὰ
3825 1799 4016 1867 σάρκα

2432 1889 2716 1958 τεχθέντος
2756 1890 2916 1953 εὐθὺς
2949 1889 3259 1957 Αὔγουστος
3312 1890 3528 1957 Καῖσαρ
3568 1888 3839 1955 ἐκράτησε
3876 1887 4023 1941 πάν-

749 1976 1038 2043 regnisque
1083 1980 1510 2045 particularibus
1570 1984 1789 2039 abolitis
1841 1988 2022 2040 omnia
2076 1986 2327 2038 Romano

2444 1999 2561 2041 των,
2587 1980 2684 2033 καὶ
2706 1981 2805 2044 τὰς
2828 1981 3119 2050 ἐθναρχίας
3141 1981 3320 2042 πάσας
3355 1979 3447 2032 καὶ
3474 1978 3703 2048 μερικάς
3731 1978 4021 2045 βασιλείας

754 2067 981 2134 imperio
1035 2071 1287 2139 subjecit.
1324 2073 1397 2125 Ita
1461 2084 1571 2126 tum
1643 2091 1855 2129 summa
1907 2095 2007 2148 pax
2071 2079 2327 2134 obtinuit.

684 2220 687 2221 ν
750 2156 962 2227 Quippe
994 2160 1107 2214 Deo
1152 2178 1260 2215 rem
1302 2165 1597 2218 Romanam
1628 2168 1921 2234 adjuvanle
1953 2175 2137 2225 hostes
2181 2180 2332 2241 terga

752 2256 1055 2308 verterunt,
1094 2258 1144 2302 et
1178 2264 1341 2319 regna
1374 2251 1585 2318 pridem
1638 2255 1866 2310 adversa
1916 2267 2029 2310 tum
2089 2260 2332 2313 cervices

752 2338 1113 2390 subdiderunt
1151 2339 1284 2411 jugo
1325 2343 1573 2398 salutari.
1626 2345 1760 2399 Nam
1798 2345 1940 2402 Deus
1992 2349 2225 2403 veritate
2280 2361 2334 2403 et

754 2444 937 2481 rerum
987 2430 1226 2499 ipsarum
1279 2435 1592 2490 testimonio
1639 2447 1897 2507 tanquam
1957 2456 2089 2495 voce
2146 2452 2331 2506 utens,

757 2535 911 2571 suam
938 2528 1068 2574 tunc
1102 2524 1436 2593 majestatem
1469 2527 1888 2585 demonstravit.
1916 2530 2153 2588 Proinde
2191 2533 2334 2587 Deus

754 2606 1067 2664 liud-acorum
1093 2616 1401 2668 vecordiam
1447 2619 1746 2684 praividens
1781 2636 1875 2689 per
1910 2631 2087 2675 vatem
2123 2623 2196 2677 ita
2253 2634 2336 2678 est

756 2704 1084 2757 vaticinatus
1122 2724 1132 2757 :
1161 2725 1177 2755 ι
1218 2707 1439 2763 Cessate
1462 2722 1513 2763 et
1543 2715 1856 2779 cognoscite
1888 2730 1973 2768 me
2002 2731 2121 2769 esse
2150 2717 2335 2778 Deum.

757 2794 849 2860 qui
886 2806 937 2847 et
970 2795 1109 2850 inter
1155 2809 1341 2867 grates
1377 2802 1511 2853 etin
1563 2810 1707 2857 terra
1765 2808 2065 2861 cataltabor.
2106 2826 2123 2857 ι
2170 2807 2337 2862 Nobis

763 2893 942 2939 autem
969 2889 1288 2955 si,.niiicans
1339 2894 1591 2961 quisnam
1624 2897 1712 2948 ille
1746 2898 1838 2959 sit,
1873 2914 1934 2953 ac
1965 2901 2120 2967 quasi
2155 2911 2341 2971 gratu-

767 2979 882 3031 ians
913 2982 1072 3034 nobis
1106 2992 1274 3049 vates,
1309 3004 1325 3034 ι
1372 2982 1533 3051 Deus,
1570 2986 1763 3057 inquit,
1793 2992 2130 3045 exercituum
2157 2993 2340 3045 Domi-

765 3084 891 3130 nas,
918 3084 957 3120 a'
982 3072 1229 3139 partibus
1300 3077 1503 3128 nostris
1563 3089 1681 3130 est:
1742 3082 2105 3146 patrocinium
2166 3084 2341 3137 nostri

764 3161 1383 3229 suscipitDeusJacobi.
1425 3186 1441 3217 ι
1470 3166 1655 3237 Neque
1682 3186 1807 3224 vero
1843 3172 2017 3227 otiosa
2037 3183 2119 3227 est
2149 3172 2337 3229 Jacobi

762 3253 990 3316 mentio,
1018 3255 1111 3309 sed
1142 3256 1263 3310 ideo
1295 3257 1437 3311 facta
1474 3260 1689 3327 quodis
1723 3263 1932 3331 primus
1961 3265 2029 3318 de
2053 3265 2340 3319 vocatione

2438 2071 2746 2132 καταλύσας
2802 2073 2911 2133 τοῖς
2976 2070 3265 2137 Ῥωμαίων
3296 2068 3437 2134 οἴαξι
3488 2069 3697 2130 πάντας
3726 2066 4019 2137 δὺπέταξε,

2436 2161 2530 2212 καὶ
2562 2160 2752 2229 βαθεῖα
2784 2160 2976 2229 εἰρήνη
3008 2158 3282 2228 πανταχοῦ
3311 2159 3502 2225 γέγονε
3528 2172 3540 2184 ·
3580 2157 3676 2224 τῆς
3727 2156 3834 2226 γὰρ
3861 2154 4021 2217 θείας

2439 2252 2693 2322 βοηθείας
2725 2252 3084 2319 ἐπιφανείσης
3113 2251 3262 2303 νῶτα
3300 2248 3599 2301 δεδώκασιν
3642 2250 3690 2300 ot
3742 2248 4019 2315 πολέμιοι,

2436 2345 2529 2396 καὶ
2561 2344 2614 2395 αἱ
2637 2343 2806 2396 πάλαι
2832 2342 3092 2396 τάναντία
3112 2339 3407 2411 φρονοῦσαι
3431 2338 3699 2409 βασιλεῖαι
3718 2338 4025 2390 ὑπέκλιναν

2435 2432 2527 2484 τὸν
2558 2433 2759 2502 αὐχένα
2782 2432 2877 2484 καὶ
2911 2432 3002 2484 τὸν
3046 2433 3313 2501 σωτήριον
3356 2430 3518 2496 ζυγὸν
3552 2428 3894 2491 ὑπεδέξαντο.
3934 2428 4021 2498 Τῇ

2439 2526 2546 2595 γὰρ
2578 2524 2807 2594 ἀληθείᾳ
2832 2524 2927 2577 καὶ
2951 2527 3018 2593 τῇ
3054 2523 3163 2574 τῶν
3200 2522 3543 2592 πραγμάτων
3586 2520 3868 2590 μαρτυρίᾳ
3901 2514 4025 2572 οἷόν

2438 2634 2546 2669 τινι
2578 2619 2729 2685 φωνῇ
2768 2616 3116 2685 χρησάμενος
3153 2616 3181 2667 6
3223 2614 3355 2675 Θεὸς
3388 2613 3447 2665 τὸ
3485 2614 3685 2665 οἰκεῖον
3736 2611 3870 2679 ὕψος
3908 2611 4023 2662 ύττ-

2441 2707 2629 2772 έδειξε.
2658 2706 2923 2777 Προειδὼς
2940 2705 3117 2758 τοίνυν
3137 2707 3163 2757 6
3183 2706 3313 2766 Θεὸς
3335 2705 3431 2773 τὴν
3467 2703 3738 2757 Ἰουδαίων
3754 2704 4024 2755 ἀπόνοιαν

2443 2798 2546 2869 ἔφη
2575 2798 2660 2850 διὰ
2688 2797 2783 2850 τοῦ
2810 2797 3115 2865 προφήτου·
3156 2813 3173 2845 ι
3212 2793 3542 2862 Σχολάσατε,
3588 2796 3684 2846 καὶ
3710 2793 3880 2859 γνῶτε
3933 2793 4023 2843 ὅτι

2444 2889 2554 2957 ἐγώ
2619 2890 2737 2957 εἰμι
2790 2890 2818 2940 6
2867 2887 3033 2949 Θεός·
3084 2885 3448 2953 ύψωθήσομαι
3502 2886 3559 2935 ἑν
3622 2887 3734 2947 τοῖς
3784 2884 4024 2944 ἔθνεσιν,

2444 2982 2804 3050 ύψωθήσομαι
2857 2981 2914 3030 ἐν
2967 2982 3031 3047 τῇ
3079 2981 3172 3047 γῇ.
3223 2996 3240 3026 ι
3299 2979 3461 3045 Ἡμῖν
3489 2977 3546 3028 δὲ
3579 2976 3904 3045 παραδηλῶν
3938 2978 4028 3038 τίς

2445 3066 2599 3134 οὗτός
2651 3074 2789 3135 ἐστι,
2845 3072 2936 3123 καὶ
2992 3069 3183 3140 ῶσπερ
3239 3070 3770 3138 συνευφραινόμενος
3804 3072 4027 3135 ἐπαγειθ

2452 3182 2470 3214 ι
2528 3163 2730 3232 Κύριος
2778 3162 2886 3215 τῶν
2938 3161 3223 3230 δυνάμεων
3280 3160 3396 3229 μεθ’
3455 3160 3634 3229 ἡμῶν,
3676 3159 4031 3228 ἀντιλήπτωρ

2449 3256 2606 3325 ἡμῶν
2632 3257 2658 3307 6
2692 3254 2824 3316 Θεὸς
2876 3253 3097 3307 Ἰακώὸ.
3135 3272 3152 3303 ι
3192 3251 3298 3304 Τοῦ
3345 3252 3401 3302 δὲ
3444 3250 3639 3304 Ἰακὼϐ
3667 3250 3764 3320 τὴν
3803 3251 4033 3319 μνήμην

762 3346 1002 3411 gentium
1042 3356 1126 3399 est
1187 3350 1534 3404 vaticinatus.
1587 3352 1762 3406 Verba
1809 3355 1931 3422 ejus
1962 3366 2129 3410 sunt:
2164 3375 2180 3406 ι
2218 3356 2337 3411 Non

2444 3348 2542 3415 οὐχ
2578 3344 2765 3407 ἁπλῶς
2797 3344 3123 3411 ἐποιήσατοο
3159 3342 3274 3396 ἀλλ’
3318 3341 3507 3411 ἐπειδὴ
3560 3341 3774 3410 πρῶτος
3820 3344 4031 3403 ἐκεῖνος

762 3438 936 3489 mserit
969 3439 1223 3509 princeps
1249 3440 1385 3495 Juda
1408 3444 1698 3511 oriundus,
1758 3447 1931 3501 donec
1968 3449 2014 3502 is
2041 3450 2223 3504 veniat
2249 3451 2338 3503 cui

764 3529 1000 3595 reposita
1030 3538 1110 3583 est
1142 3548 1353 3586 summa
1378 3550 1591 3587 rerum:
1625 3538 1669 3590 is
1693 3538 1795 3590 erit
1819 3554 1944 3606 spes
1966 3543 2205 3608 gentium
2234 3540 2299 3593 ⁸⁷.
2318 3561 2335 3592 ι

766 3618 952 3686 Itaque
984 3620 1221 3676 Davidus
1252 3626 1364 3693 jam
1397 3635 1507 3679 tum
1538 3629 1898 3682 mutationem
1930 3632 2172 3701 gentium
2206 3648 2344 3700 prte-

764 3714 975 3776 dicens,
1038 3718 1426 3771 convenienter
1454 3721 1528 3770 ait
1582 3720 1750 3773 Deum
1814 3718 2022 3779 Jacobi.
2089 3724 2181 3791 qui
2240 3724 2342 3777 ista

770 3802 872 3853 [nit
906 3805 1259 3871 vaticinatus,
1305 3824 1415 3860 rem
1464 3810 1724 3877 piaeclare
1773 3812 2024 3876 gessisse.
2081 3812 2344 3866 Casteruni

770 3907 915 3946 anno
953 3898 1102 3965 regni
1125 3897 1353 3967 Augusti
1381 3899 1469 3964 48,
1501 3916 1646 3955 anno
1681 3902 1869 3956 mundi
1905 3903 2044 3957 5506
2072 3920 2343 3959 annorum

767 3986 1220 4043 Antiochensium
1253 3992 1417 4062 316
1445 4009 1709 4048 numerus
1753 3997 1939 4064 cmpit.
1997 3996 2245 4067 Cumque
2282 4014 2347 4052 eo

769 4089 1016 4149 tempore
1042 4082 1282 4139 Herodes
1346 4088 1648 4157 alienigena
1672 4087 1984 4143 Judmorum
2042 4105 2137 4144 rex
2198 4099 2349 4146 esset

770 4171 1081 4229 declaratus
1104 4185 1235 4229 nato
1265 4176 1495 4231 Domino
1522 4188 1713 4233 nostro
1758 4179 1885 4235 Jesu
1918 4180 2144 4234 Christo
2175 4179 2350 4234 Hero-

772 4261 978 4330 desque
1008 4265 1175 4318 vitam
1207 4266 1406 4319 misere
1433 4281 1555 4319 eum
1590 4275 1763 4322 morte
1793 4276 2209 4331 commutasset,
2244 4270 2349 4322 ini-

773 4352 976 4419 pletum
1012 4363 1095 4408 est
1131 4356 1260 4409 illud
1298 4357 1603 4421 oraculum,
1637 4373 1747 4426 quo
1790 4374 1899 4413 non
1952 4367 2078 4414 ante
2130 4360 2353 4414 defutu-

773 4458 894 4498 rum
933 4448 1230 4519 principem
1256 4449 1596 4519 populiJuda
1654 4461 2000 4520 procreatum
2042 4454 2350 4517 dicebatur,

774 4550 943 4611 quam
992 4539 1037 4591 is
1064 4539 1149 4591 cui
1201 4540 1439 4607 reposita
1495 4553 1612 4593 erat
1664 4556 1876 4595 summa
1934 4558 2140 4607 rerum,
2188 4543 2239 4595 id
2273 4553 2354 4596 est

774 4630 1051 4691 Christus,
1080 4640 1415 4684 nasceretur.
1457 4631 1693 4696 Quando
1714 4633 1857 4684 enim
1890 4632 2131 4687 Herodes
2160 4633 2351 4686 alieni-

2442 3440 2540 3507 τὴν
2566 3437 2673 3489 τῶν
2708 3435 2878 3489 ἐθνῶν
2906 3435 3266 3504 προεθέσπισε
3294 3434 3485 3503 κλῆσιν
3516 3452 3527 3462 ·
3565 3453 3581 3483 ι
3620 3436 3732 3487 Οὐκ
3789 3433 4033 3502 ἐκλείψει

2445 3529 2556 3597 γὰρ
2588 3529 2796 3598 ,φησὶν,
2829 3527 3013 3595 ἀρχων
3044 3526 3103 3589 ἐξ
3141 3525 3334 3589 Ἰούδα,
3358 3526 3461 3586 ἓως
3482 3527 3547 3578 ἂν
3570 3525 3711 3578 ἔλθοι
3744 3526 3771 3576 ὃ
3798 3526 4037 3577 ἀπέχεις

2445 3637 2557 3681 ται,
2598 3619 2692 3670 καὶ
2722 3618 2883 3681 αὐτὸς
2918 3618 3219 3687 προσδοκία
3248 3617 3437 3680 ἐθνῶν,
3494 3636 3511 3667 ι
3562 3618 3660 3685 τὴν
3722 3617 4033 3686 μεταϐολὴν

2448 3715 2557 3769 τῶν
2587 3711 2758 3764 ἐθνῶν
2802 3709 3084 3765 κάνταῦθα
3118 3708 3525 3779 προθεσπίζων,
3557 3708 3778 3766 εἰκότως
3816 3709 3903 3759 τὸν
3933 3707 4035 3759 τοῦ

2459 3802 2657 3855 Ἰακὼὸ
2688 3801 2823 3855 Θεὸν
2857 3800 2951 3853 τοῦ
2981 3800 3157 3854 ταῦτα
3190 3799 3581 3868 προειρηκότος
3606 3799 3708 3867 ἔφη
3739 3799 4038 3867 κατωρθω-

2452 3895 2626 3947 κέναι.
2650 3894 2952 3964 Τοιγαροῦν
2972 3894 3029 3946 ἐν
3056 3892 3134 3962 τῷ
3168 3890 3253 3961 μβ¹
3274 3892 3374 3960 τῆς
3399 3892 3709 3957 Αὐγούστου
3733 3891 4041 3959 βασιλείας,

2453 3989 2510 4039 ὲν
2534 3986 2611 4055 τῷ
2652 3992 2791 4054 ,εφς’
2822 3986 2931 4038 ἔτει
2962 3985 3069 4038 ἀπὸ
3095 3985 3322 4047 κτίσεως
3367 3984 3599 4052 κόσμον,
3621 3984 3794 4052 ἧρχθη
3820 3985 3861 4047 ,ὁ
3893 3986 4042 4036 κατα

2465 4078 2798 4145 Ἀντιόχειαν
2848 4076 2956 4129 τῶν
2989 4074 3125 4129 ἑτῶν
3158 4075 3418 4145 ἀριθμός.
3478 4075 3586 4126 Καὶ
3646 4073 3892 4143 Ἡρώδης
3938 4075 4044 4142 μὲν

2452 4169 2513 4233 ἐξ
2545 4168 2715 4221 ἐθνῶν
2748 4169 2847 4238 ήδη
2872 4166 3123 4236 βασιλεὺς
3148 4167 3247 4235 τῆς
3286 4167 3551 4229 Ἰουδαίας
3574 4167 4042 4235 ἀνηγορευμένος,

2453 4263 2547 4313 καὶ
2577 4260 2668 4312 τοῦ
2706 4260 2913 4327 Κυρίου
2961 4259 3120 4327 ἡμῶν
3171 4257 3344 4325 Ἰησοῦ
3400 4257 3636 4327 Χριστοῦ
3675 4258 3814 4309 κατὰ
3860 4257 4047 4324 σάρκα

2455 4351 2834 4420 γεννηθέντος,
2872 4352 2965 4404 καὶ
2996 4350 3089 4403 τοῦ
3137 4349 3378 4418 Ἡρώδου
3416 4348 3599 4409 κακῶς
3629 4350 3719 4400 τὸν
3754 4348 3865 4415 βίον
3892 4347 4049 4399 δςαλ-

2455 4444 2735 4509 λάξαντος,
2786 4444 3143 4511 πεπλήρωται
3187 4442 3267 4503 τὸ,
3300 4459 3317 4490 ι
3365 4442 3478 4492 υῦκ
3512 4439 3598 4507 [Ρ.
3640 4438 3764 4510 180]
3799 4438 4048 4506 ἐκλείψει

2455 4538 2638 4607 ἄρχων
2666 4534 2725 4599 ἐξ
2769 4534 2939 4589 Ἰούδα
2976 4534 3077 4593 ἕως
3118 4532 3181 4584 ἂν
3213 4531 3341 4602 ἔλθῃ
3371 4532 3401 4583 '6
3438 4533 3746 4603 ἀπόκειται,
3794 4531 3849 4591 ὃς
3893 4531 4049 4581 ἐστιν

2458 4631 2485 4681 6
2521 4626 2777 4697 Χριστός.
2819 4644 2837 4675 ι
2896 4623 3114 4692 Ἐπειδὴ
3153 4623 3261 4691 γὰρ
3284 4622 3444 4683 αὐτὸς
3479 4623 3506 4674 6
3537 4622 3782 4690 Ἡρώδης
3809 4620 4050 4688 ἀλλόφυ-

776 4735 911 4789 ενιιιι
942 4720 1119 4788 posito
1162 4721 1425 4789 prmputio
1478 4737 1702 4791 regnum
1732 4722 1785 4774 in
1825 4721 2043 4776 Judaos
2093 4724 2342 4789 obtinuit,

2462 4720 2550 4782 λος
2575 4695 2657 4769 νῶν
2694 4714 3057 4785 περιτμηθε“ις
3105 4710 3239 4783 ἦρξε
3269 4713 3377 4764 τῶν
3418 4712 3689 4765 Ἰουδαίων
3730 4712 3825 4763 καὶ
3854 4712 4051 4780 ἀρχιε-

777 4820 831 4864 ct
864 4810 1156 4864 Auanilum
1194 4813 1555 4880 alienigenam
1588 4814 1912 4881 pontiﬁcatu
1947 4813 2185 4867 maximo
2217 4814 2353 4868 atie-

780 4904 879 4963 rit,
934 4904 1117 4957 statim
1181 4901 1468 4957 Judaicum
1536 4905 1847 4974 imperium,
1896 4906 2040 4974 quod
2096 4906 2359 4960 hactenus

781 4995 1113 5053 oluinuerat.
1168 4994 1381 5048 [initum
1443 4994 1564 5048 fuit.
1627 4996 1840 5049 Etenim
1902 4997 2214 5051 sacerdotes
2280 4997 2358 5050 rei

784 5085 1015 5153 publica:
1042 5085 1391 5152 praefuerant,
1427 5086 1599 5142 donec
1644 5088 1934 5155 Pompeius
1984 5088 2358 5142 Romanorum

784 5177 890 5228 dux
926 5174 1317 5246 Hierosolymis
1350 5179 1673 5246 expugnatis
1712 5179 1972 5247 templum
2026 5177 2238 5246 polluit,
2295 5193 2359 5232 ac

789 5266 1182 5331 Aristobulum,
1218 5267 1393 5336 quieo
1423 5285 1596 5339 usque
1622 5285 1844 5338 regnum
1889 5270 2045 5337 juxta
2077 5284 2140 5322 ac
2175 5268 2359 5338 ponti—

791 5356 1011 5410 ﬁcatum
1041 5373 1068 5409 a
1095 5359 1401 5427 majoribus
1424 5375 1517 5429 per
1556 5362 1957 5416 successionem
1993 5372 2213 5430 accepta
2236 5376 2361 5429 ges-

792 5457 962 5510 serat,
993 5451 1234 5504 vinctum
1269 5452 1494 5506 Romam
1538 5454 1706 5517 misit,
1754 5468 1817 5507 ac
1862 5453 2121 5521 populum
2176 5451 2364 5505 Judai-

858 5567 903 5597 ⁸⁷
945 5567 1080 5623 Gen.
1112 5584 1259 5634 nix,
1303 5570 1384 5623 lO.

2465 4812 2560 4881 ρέα
2580 4808 2916 4876 κατέστησεν
2938 4805 3200 4872 ἀλλογενῆ
3213 4805 3304 4856 τὸν
3335 4805 3388 4855 Ἀ
3398 4805 3631 4865 νάνιλον,
3652 4803 3810 4864 εὐθὺς
3829 4804 4051 4873 ἐπαύθη

2464 4901 2607 4954 κατά
2646 4899 2744 4968 τὴν
2789 4898 2941 4949 θείαν
2974 4897 3282 4967 πρόρρησιν
3326 4897 3357 4963 ἠ
3398 4896 3455 4960 ἐξ
3506 4895 3675 4947 Ἰούδα
3708 4897 3848 4963 ἁρχὴ
3882 4897 4053 4964 μέχρι

2462 4993 2582 5046 τότε
2616 4991 2961 5061 κρατήσασα.
2997 4990 3061 5040 Οἱ
3103 4990 3209 5056 γὰρ
3243 4989 3410 5056 ἱερεῖς
3447 4988 3903 5055 προειστήκεισαν
3940 4987 4052 5037 τῶν

2468 5088 2827 5156 πραγμάτων,
2847 5085 3005 5154 ἄχρις
3030 5076 3092 5135 οῦ
3126 5083 3405 5151 Πομπήϊος
3437 5081 3465 5132 ὁ
3501 5080 3788 5148 Ῥωμαίων
3840 5095 4052 5147 στρατ-

2469 5179 2599 5247 ηγὸς
2660 5177 2885 5237 ἐπιστὰς
2936 5174 3032 5243 τὴν
3088 5172 3187 5241 μὲν
3231 5170 3593 5240 Ἰερουσαλὴμ
3649 5171 3790 5222 κατὰ⁵
3847 5170 4053 5237 κράτος

2469 5270 2767 5337 πολιορκεῖ,
2801 5266 3004 5336 μιαίνει
3033 5266 3089 5317 δὲ
3114 5265 3183 5316 τὰ
3222 5266 3377 5330 ἆγια,
3401 5263 3494 5315 τὸν
3521 5263 3578 5315 δὲ
3610 5264 3671 5314 ἐκ
3709 5262 3806 5331 τῆς
3838 5264 4052 5329 προγο-

2467 5378 2573 5412 νων
2597 5360 2847 5427 διαδοχῆς
2882 5357 3076 5427 μέχρις
3106 5355 3316 5409 ὲκείνου
3342 5354 3436 5407 τοῦ
3465 5353 3656 5423 καιροῦ
3680 5353 3765 5405 δια
3774 5352 4054 5420 ρκέσανῖα

2462 5451 2692 5520 βασιλέα
2719 5466 2777 5502 τε
2809 5448 2946 5518 ὁμοῦ
2977 5450 3071 5501 καὶ
3091 5447 3358 5518 ἀρχιερέα
3393 5445 3803 5516 Ἀριστόϐουλον
3825 5443 4057 5514 δέσμιον

1922 5660 2270 5715 ΧιίΑΝῡιιι
2309 5659 2394 5713 ΕΤ
2425 5658 2633 5714 GOARI
2673 5655 2903 5712 NOT:E.

865 5752 975 5817 (3m
1044 5753 1377 5823 ’Λσπασμός,
1413 5754 1500 5807 ubi
1539 5754 1607 5807 de
1662 5757 1835 5809 sacris
1903 5756 2231 5823 imaginibus
2279 5766 2355 5811 cst
2394 5741 2868 5817 scrtumosrulum
2930 5749 3091 5806 etiam
3149 5747 3249 5802 sibi
3292 5747 3647 5816 coniunctum
3698 5747 3923 5813 expetit.
3964 5742 4054 5799 0f-

796 5822 918 5875 llcia
969 5824 1283 5879 Cum-orum
1325 5826 1599 5881 sexcentis
1636 5828 1686 5879 iu
1722 5828 1875 5880 locis.
1901 5822 2071 5880 iam.
