4214 6448
136 456 138 459 ·
175 431 293 491 353

1292 415 1830 478 Iilh‘TORlAl’tUM
1872 414 2398 481 COMI‘ENDIUM.

3348 417 3451 482 355.

175 546 278 596 ἐπὶ
325 540 547 611 Ῥώμην
581 537 872 608 ἐκπέμψας
900 535 961 588 τὸ
991 536 1097 589 πᾶν
1143 534 1412 587 Ἰουδαίων
1442 532 1592 594 έθνος
1638 529 1770 583 Ῥωο

1882 547 1998 585 cum
2027 547 2244 586 omnem
2267 530 2530 584 liornanis
2570 530 2987 600 stipendiarium
3020 530 3167 585 fecit.
3191 529 3264 584 Eo
3290 536 3454 586 modo

179 634 376 701 μαίοις
402 632 678 700 ὑπόφορον
709 630 1035 698 κατέστησε.
1068 627 1178 697 καὶ
1208 623 1352 678 οὕτω
1374 623 1588 693 πρῶτος
1618 621 1771 674 ἀλλό-

175 726 355 792 φυλος
404 725 672 795 Ἡρώδης,
711 723 786 786 ὡς
824 722 984 791 ἔφην,
1018 719 1081 772 τὸ
1122 718 1373 772 Ἰουδαῖον
1401 716 1552 778 ἔθνος
1593 716 1771 783 ἐγχει-

179 818 438 888 ρίζεται(
493 816 634 870 Καθ’
683 815 743 868 ὃν
813 813 1004 884 καιρὸν
1061 810 1310 882 ἐναργῶς
1369 809 1470 879 τῆς
1531 804 1770 876 Χριστοῦ

178 909 498 978 παρουσίας
523 908 789 974 ἐνστάσης
817 904 1065 969 ἐξέλιπον
1097 901 1147 954 οι
1176 901 1284 954 τῶν
1327 901 1597 954 Ἰουδαίων
1638 899 1772 968 ἁρχ-

183 1020 228 1054 ιε
241 1005 355 1069 ρείς
387 1003 485 1054 καὶ
515 999 828 1069 ἡγούμενοι.

254 1094 295 1145 Γ
299 1093 551 1162 εννηθεῖς
595 1092 777 1144 τοίνυν
817 1090 845 1141 6
894 1086 1128 1158 Χριστὸς
1178 1085 1286 1138 οὐδ’
1322 1085 1485 1148 αὐτὸς
1537 1087 1628 1139 ἐπὶ
1677 1085 1771 1140 τοῦ

186 1185 453 1251 αἰσθητοῦ
484 1184 676 1253 θρόνου
727 1181 892 1234 Δαὸὶδ
923 1178 1199 1244 ἐκάθισεν,
1232 1178 1370 1231 ἀλλὰ
1400 1178 1589 1247 θρόνον
1627 1179 1774 1246 λέγει

187 1277 354 1330 Δαϐὶδ
374 1278 479 1346 τὴν
500 1275 866 1345 άκαθαίρετον
899 1273 996 1324 καί⁵
1019 1271 1238 1323 αίώνιον
1272 1269 1572 1339 βασιλείαν.
1604 1271 1773 1333 Αὐτὸς

191 1371 302 1439 γάρ
340 1373 462 1421 ἐστι
497 1365 797 1436 προσδοκία
831 1364 1023 1427 ἐθνῶν,
1072 1363 1193 1431 οὐχὶ
1230 1361 1326 1414 τοῦ
1359 1363 1645 1430 ἐλαχίστου
1683 1362 1777 1430 μέ-

191 1479 319 1530 ρους
353 1461 459 1527 τῆς
508 1457 855 1527 σίκουμένης.
908 1475 927 1506 ι
970 1454 1164 1507 Ἔσται
1187 1453 1316 1524 γὰρ,
1360 1454 1546 1524 φησὶν,
1586 1455 1619 1522 ἡ
1653 1453 1774 1522 ῥίζα

185 1554 280 1606 τοῦ
345 1551 552 1605 Ἰεσσαὶ
601 1549 695 1603 καὶ
728 1552 756 1603 6
803 1545 1166 1616 ἀνιστάμενος
1212 1546 1403 1616 ἄρχειν
1448 1544 1652 1597 ἐθνῶν·
1689 1545 1773 1598 ἐπ’

185 1645 341 1714 αὐτῷ
370 1645 504 1712 ἐθνη
535 1643 782 1696 ἐλπιοῦσι
807 1658 852 1692 ⁸)
889 1641 1036 1704 καὶ,‹
1065 1637 1300 1692 Τέθεικὰ
1329 1653 1390 1689 σε
1417 1639 1496 1700 είς
1515 1637 1776 1706 διαθήκην

186 1737 410 1802 γένους,
436 1737 516 1798 είς
543 1734 658 1802 φῶς
679 1732 869 1786 ἐθνῶν⁸
888 1749 905 1782 ι
947 1731 1042 1783 καὶ
1070 1747 1089 1780 ‹
1120 1729 1369 1798 Θήσομαι
1397 1728 1476 1790 είς
1494 1727 1586 1780 τὸν
1605 1728 1778 1781 αἰῶνα

183 1826 279 1881 τοῦ
308 1827 510 1889 αἰῶνος
558 1826 618 1878 τὸ
653 1825 876 1896 σπέρμα
909 1821 1106 1883 αὐτοῦ,
1131 1819 1342 1872 καὶτὸν
1375 1818 1565 1890 θρόνον
1608 1818 1774 1871 αὑτοῦ

184 1923 257 1983 ὡς
291 1921 397 1982 τὰς
426 1918 638 1988 ἡμέρας
657 1917 753 1969 τοῦ
775 1912 1060 1986 οὐρανοῦ.)
1087 1905 1259 1974 Οὗτος
1288 1911 1380 1964 οὖν
1408 1913 1498 1964 καὶ
1521 1911 1776 1980 βασιλεὺς
1810 1893 1849 1946 Β

184 2013 371 2080 πάσης
404 2011 509 2079 τῆς
531 2009 636 2077 γῆς
657 2008 952 2077 διέμεινεν,
985 2007 1034 2058 εί
1065 2004 1159 2056 καὶ
1195 2002 1270 2074 μὴ
1295 2003 1363 2055 τὰ
1397 2003 1653 2072 σκῆπτρα
1680 2004 1778 2070 τῆς

196 2101 469 2162 Ἰουδαίας
519 2097 825 2168 παρέλαδε,
861 2096 959 2149 καὶ
1008 2094 1263 2164 βασιλεὺς
1317 2094 1499 2162 πάσης
1524 2094 1626 2160 τῆς
1675 2093 1779 2160 γῆς

182 2194 333 2244 ἐστιν
351 2193 380 2242 ὁ
394 2190 549 2252 Θεός.
571 2189 720 2256 Καὶή
738 2184 1016 2256 ἐλευθερία
1027 2183 1118 2236 τοῦ
1133 2182 1326 2236 Ἰακὼὸ
1346 2179 1669 2251 ἐϐεϐαιώθη,
1685 2183 1779 2234 καὶ

187 2282 633 2350 ἐνευλογήθησαν
650 2281 708 2332 ἐν
726 2277 803 2348 τῷ
829 2273 1289 2346 σπέρματιαύτοῦ
1315 2275 1484 2328 πᾶσαι
1514 2275 1571 2326 αἱ
1615 2273 1780 2342 φυλαὶ

181 2376 283 2444 τῆς
323 2376 454 2442 γῆς,
497 2371 594 2424 καὶ
616 2370 792 2422 πάντα
807 2369 876 2421 τὰ
901 2367 1028 2436 ἐθνη
1048 2365 1380 2436 μακαριοῦσι
1401 2364 1493 2417 τὸν
1519 2365 1778 2435 Χριστόν.

256 2465 382 2518 Ἱνα
425 2464 482 2516 δέ
518 2461 853 2531 σαφέστερον
884 2460 1111 2529 γένηται
1143 2459 1258 2520 πῶς
1294 2459 1328 2528 ὴ
1359 2457 1606 2527 ίερατικὴ
1639 2458 1781 2526 φυλὴ

184 2559 358 2627 ἐμίγη
411 2559 482 2624 τῇ
518 2555 792 2622 βασιλικῇ,
823 2553 1049 2620 λέξομεν
1088 2549 1282 2612 οὕτως.
1342 2547 1404 2603 '0
1435 2548 1534 2618 μὲν
1581 2549 1778 2611 Ἰούδας

183 2650 456 2716 ἐγέννησε
491 2645 582 2696 τὸν
627 2642 826 2711 Φαρὲς,
863 2644 891 2693 6
917 2639 976 2692 δέ
1008 2638 1185 2708 Φαρὲς
1233 2639 1327 2690 τὸν
1372 2635 1615 2706 Ἐσρὼμ,
1669 2639 1697 2689 6
1725 2637 1781 2689 δὲ

197 2736 434 2808 Ἐσρὼμ
479 2734 570 2786 τδν
613 2732 814 2802 Ἀρὰμ,
868 2733 897 2783 6
947 2729 1002 2783 δὲ
1048 2728 1229 2798 Ἀρὰμ
1260 2728 1353 2780 τὸν
1394 2725 1722 2796 Ἀμιναδᾶιμ,
1755 2729 1781 2778 ό

186 2828 243 2880 δὲ
287 2823 614 2896 Ἀμιναδᾶμ
642 2821 733 2873 τὸν
764 2817 1058 2878 Ναασσὼν,
1087 2820 1116 2870 6
1144 2817 1202 2870 δὲ
1233 2815 1503 2868 Ναασσὼν
1530 2816 1620 2867 τὸν
1647 2816 1782 2867 Σαλ-

193 2920 334 2988 μὼν,
369 2918 400 2969 6
431 2916 488 2968 δὲ
536 2912 770 2982 Σαλμὼν
804 2911 899 2963 τὸν
949 2909 1108 2973 Βόοζ,
1166 2907 1300 2971 Βόοζ⁹
1354 2907 1410 2959 δὲ
1456 2905 1547 2958 τὸν
1602 2905 1779 2975 Ὠϐὴδ,

203 3010 367 3080 Ὠδὴδ
422 3010 480 3062 δὲ
510 3009 602 3060 τὸν
647 3006 870 3068 Ἰεσσαὶ,
910 3003 1017 3056 ὁδέ
1060 3001 1260 3055 Ἰεσσαὶ
1295 2999 1461 3052 Δαϐὶδ
1497 3001 1587 3051 τὸν
1629 2998 1784 3068 βασι-

191 3105 312 3156 λέα.
353 3101 515 3156 Ἐπεὶ
538 3094 636 3152 οὖν
681 3100 709 3152 ὁ
741 3093 1013 3150 Ναασσὼν
1042 3093 1156 3156 υίὸς
1203 3089 1272 3162 ἦν
1301 3093 1396 3145 τοῦ
1453 3091 1782 3161 Ἀμιναδὰμ,

192 3195 387 3247 τούτου
419 3192 523 3261 τὴν
554 3188 792 3258 ἀδελφὴν
853 3185 1139 3239 Ἐλισάὸετ
1177 3184 1418 3252 ἠγάγετο
1473 3185 1705 3249 γυναῖκα
1758 3184 1784 3233 6
1811 3220 1852 3276 C

200 3285 376 3351 μέγας
433 3280 727 3349 ἀρχιερεὺς
793 3277 1037 3346 Ἀαρὼν,
1093 3273 1322 3341 ἀδελφὸς
1375 3273 1674 3334 Μωῡσὲως,
1721 3274 1785 3325 ἐκ

200 3373 374 3441 φυλῆς
411 3372 678 3440 ὑπάρχων
724 3367 816 3420 τοῦ
847 3369 1000 3422 Λευῖ.
1035 3366 1143 3418 Kal
1176 3365 1359 3434 μέντοι
1392 3365 1486 3416 καὶ
1517 3364 1545 3414 6
1585 3361 1782 3414 θεσπέ-

204 3483 318 3527 σιες
375 3463 645 3532 ίερὰρχης
706 3458 906 3519 Ἰωδαὲ,
965 3458 1139 3525 φυλῆς
1199 3455 1273 3508 ῶν
1329 3454 1429 3523 τῆς
1467 3453 1782 3522 Λευῖτικῆς,

201 3556 448 3623 ἡτέγετο
476 3555 718 3619 γυναῖκα
743 3550 842 3618 τὴν
874 3548 1110 3619 ἀδελφὴν
1140 3545 1408 3616 Ὀχοζίου,
1436 3544 1606 3612 φυλῆς
1623 3540 1785 3597 οὖσαν

203 3646 295 3699 τοῦ
343 3645 544 3698 Ἰούδα.
582 3639 892 3696 Κάντεῦθεν
933 3639 1120 3691 λοιπὸν
1155 3637 1252 3704 τῆς
1285 3636 1569 3705 βασιλικῆς
1615 3635 1786 3703 φυλῆς

209 3737 585 3806 συμμιγείσης
619 3736 685 3803 τῇ
721 3732 1004 3800 Λευῖτικῇ,
1034 3728 1178 3797 μάλα
1196 3745 1256 3796 γε
1281 3727 1506 3788 είκὸτως
1531 3728 1558 3777 6
1583 3725 1785 3794 Κύριος

205 3830 268 3882 ἐκ
306 3827 534 3897 Μαρίας
565 3825 662 3890 τῆς
711 3823 987 3892 Παρθένου
1038 3822 1131 3872 καὶ
1167 3818 1309 3872 κατὰ
1353 3819 1531 3888 σάρκα
1581 3815 1782 3884 μητρὸς

207 3919 374 3974 αὐτοῦ
411 3913 909 3986 γενεαλογούμενος
938 3910 1082 3964 οὕτω
1107 3909 1358 3978 βασιλεὺς
1380 3909 1471 3960 καὶ
1505 3907 1683 3976 ἱερεὺς
1704 3909 1780 3966 είς

1880 623 2116 693 primum
2145 624 2342 678 llerodi
2377 623 2694 694 alienigenae
2725 624 2778 676 in
2801 622 3018 678 Iudaeos
3046 638 3270 694 regnum
3299 641 3453 679 com-

1877 714 2106 768 missum
2161 712 2297 779 fuit;
2363 727 2473 783 quo
2551 721 2795 782 tempore
2855 713 3140 781 perspicue
3215 714 3454 768 instante

1874 806 2078 860 Christi
2135 805 2392 870 adventu,
2422 805 2737 861 Judaeorum
2767 815 2818 862 et
2851 806 3136 876 pontifices
3175 817 3229 862 et
3247 805 3455 878 princi-

1879 913 1974 968 pes
1997 897 2298 953 desierunt.

1947 1075 2118 1130 Natus
2163 1076 2418 1132 Christus
2476 1091 2584 1130 non
2622 1076 2820 1131 viSibili
2872 1075 3134 1130 Davidico
3189 1077 3327 1132 solio
3360 1093 3454 1131 rex

1877 1169 2150 1233 consedit,
2190 1170 2283 1222 sed
2321 1167 2520 1222 solium
2564 1165 2882 1220 Davidicum
2910 1227 2913 1229 _
2940 1168 3222 1236 Scriptura
3269 1166 3455 1234 appel-

1878 1263 1953 1316 lat
1977 1270 2244 1315 aeternum
2279 1268 2332 1312 et
2376 1257 2777 1312 indissolubile.
2813 1255 2930 1325 Ipse
2965 1259 3108 1310 enim
3166 1264 3252 1310 est
3294 1271 3453 1326 quem

1876 1361 2198 1424 exspectant
2217 1361 2424 1421 gentes,
2449 1367 2570 1422 quae
2592 1365 2699 1404 non
2729 1360 2858 1404 sunt
2904 1349 3127 1404 minima
3153 1346 3279 1419 pars
3304 1352 3454 1404 orbis

1881 1457 2168 1499 terrarum.
2192 1463 2208 1495 ι
2245 1443 2360 1497 Erit
2389 1446 2560 1508 enim,
2587 1443 2866 1510 ait,stirps
2899 1441 3082 1506 Jessaa,
3119 1452 3173 1496 et
3198 1442 3243 1496 is
3268 1444 3358 1511 qui
3385 1443 3455 1496 atl

1879 1537 2166 1604 imperium
2236 1538 2287 1591 in
2345 1549 2531 1606 gentes
2579 1538 2877 1607 gerendum
2932 1538 3239 1591 exorietur:
3306 1537 3358 1589 in
3391 1551 3455 1590 eo

1879 1640 2068 1698 gentes
2099 1647 2250 1697 spem
2280 1642 2506 1701 ponent.
2550 1631 2712 1685 Posni
2741 1639 2794 1684 te
2820 1630 2873 1684 in
2928 1629 3107 1682 fmdus
3167 1630 3380 1699 generis
3400 1637 3456 1682 et

1879 1723 2059 1777 lumen
2085 1724 2244 1792 317
2294 1725 2558 1791 gentium.
2614 1723 2667 1774 In
2689 1723 2868 1775 omnia
2903 1721 3090 1774 secula
3141 1721 3454 1789 propagatio

1879 1813 1997 1882 ejus
2049 1813 2405 1883 progeniem;
2437 1829 2613 1882 neque
2666 1820 2791 1865 ante
2835 1812 3028 1866 solium
3079 1811 3198 1879 ejus
3243 1808 3452 1880 regium

1880 1919 2198 1960 successore
2220 1908 2428 1960 carebit
2467 1922 2628 1974 quam
2688 1905 2808 1959 dies
2845 1907 2982 1960 coelo
3021 1920 3131 1958 non
3159 1906 3393 1958 oriatur.
3429 1923 3445 1953 ι

1879 1998 1930 2052 ls
1962 2012 2092 2067 ergo
2139 2006 2188 2050 et
2219 2012 2309 2050 rex
2373 1997 2640 2051 universae
2676 2004 2838 2051 teme
2893 1996 3213 2065 permansit,
3277 2009 3457 2063 quan-

1879 2096 2040 2159 quam
2067 2098 2280 2157 sceptra
2303 2087 2526 2142 Iudaica
2558 2103 2662 2142 non
2680 2089 2973 2157 acceperit;
3001 2097 3055 2142 et
3077 2103 3168 2144 rex
3186 2088 3455 2140 universa:

1880 2189 2041 2235 terra:
2071 2188 2154 2234 est
2195 2179 2357 2245 Deus,
2400 2195 2464 2235 ac
2513 2180 2735 2234 libertas
2768 2179 2957 2234 Jacobi
2992 2179 3313 2234 confirmata
3349 2186 3457 2235 est.

1881 2274 2048 2342 inque
2075 2273 2193 2342 ejus
2216 2275 2426 2328 semine
2447 2288 2639 2326 omnes
2664 2282 2824 2327 terrae
2869 2272 3042 2328 tribus
3083 2273 3254 2325 beotzc
3302 2269 3458 2323 factae

1881 2372 2029 2427 sunt,
2065 2379 2364 2433 omnesque
2395 2363 2579 2432 populi
2608 2363 2886 2417 Christum
2924 2361 3316 2430 praedicabunt.

1956 2455 2024 2510 Ut
2052 2468 2233 2510 autem
2261 2455 2607 2510 manifestius
2641 2455 2732 2507 ﬁat
2771 2453 3050 2524 quomodo
3098 2453 3458 2506 saeerdmalis

1884 2545 2060 2598 tribus
2087 2545 2354 2612 permixta
2382 2544 2550 2598 fuerit
2576 2559 2701 2599 cum
2745 2545 2916 2613 regia,
2949 2543 3030 2597 sic
3057 2557 3170 2596 rem
3217 2557 3460 2610 expone-

1883 2651 2006 2689 mus
2033 2651 2044 2686 :
2071 2633 2240 2689 Judas
2276 2635 2573 2688 l’harczum
2602 2634 2927 2703 procreavit.
2956 2633 3086 2687 lude
3113 2634 3302 2688 ordine
3333 2647 3460 2702 pro-

1883 2728 2028 2796 gnati
2050 2735 2177 2780 sunt
2202 2729 2484 2790 Esromus,
2507 2729 2754 2787 Aramus,
2774 2726 3184 2789 Aminadamus,
3213 2724 3461 2780 Naasson

1884 2817 2127 2880 Salmon,
2151 2817 2381 2880 Buozus,
2407 2816 2647 2880 Obedus,
2673 2814 2876 2879 Jessas,
2905 2832 2997 2869 rex
3033 2814 3288 2870 Davidus.
3314 2814 3464 2882 Quo-

1887 2910 2030 2961 niam
2069 2911 2234 2976 igitur
2265 2909 2509 2962 Naasson
2565 2908 2711 2961 ﬁlius
2744 2916 2861 2962 erat
2895 2909 3261 2972 Aminadami,
3297 2909 3458 2975 hujus

1887 3014 2129 3052 sororem
2215 2998 2544 3055 Elizabetam
2632 2999 2814 3052 Aaron
2874 2998 3116 3067 pontifex
3193 3000 3462 3054 maximus

1886 3107 2110 3144 uxorem
2148 3093 2322 3155 duxit,
2360 3092 2530 3145 frater
2581 3090 2768 3152 Mosis,
2796 3092 2940 3142 tribu
2978 3091 3184 3146 Levita.
3216 3091 3358 3158 Quin
3409 3100 3464 3146 et

1886 3183 2105 3239 divinus
2143 3182 2364 3246 Jodaas,
2427 3183 2671 3253 pontifex
2705 3193 2760 3239 et
2811 3185 2926 3254 ipse
2963 3185 3256 3245 maximus.
3317 3185 3464 3238 tribu

1889 3275 2098 3336 Levita,
2158 3277 2209 3328 in
2248 3275 2600 3328 matrimonio
2631 3277 2819 3330 habuit
2877 3291 3126 3329 sororem
3186 3275 3503 3345 Ochoziat._

1887 3363 2127 3419 Judazam
2159 3366 2323 3419 tribu.
2359 3365 2608 3434 Cumque
2665 3366 2861 3420 exinde
2893 3367 3068 3419 tribus
3105 3366 3252 3434 regia
3300 3366 3466 3420 fuerit

1889 3473 2014 3510 cum
2045 3456 2366 3511 sacerdotali
2421 3458 2710 3525 permixta,
2751 3458 3040 3511 admodum
3077 3458 3466 3511 convenienter

1889 3546 2146 3599 dominus
2192 3561 2255 3600 ex
2291 3546 2458 3600 Maria
2518 3547 2738 3615 Virgine
2773 3561 2838 3601 ac
2887 3557 3062 3601 matre
3107 3549 3292 3601 carnis
3354 3564 3466 3601 suae

1889 3647 2067 3693 natus.
2106 3635 2246 3690 serie
2283 3636 2500 3704 generis
2535 3637 2781 3705 exposita
2835 3646 2909 3690 et'
2939 3653 3034 3691 rex
3084 3646 3141 3691 et
3192 3639 3454 3693 sacerdos

1895 3726 2010 3785 Dei,
2048 3733 2104 3776 ut
2137 3725 2340 3778 dictum
2366 3733 2469 3786 cst,
2527 3723 2975 3792 deprehenditur.
3036 3723 3225 3791 Itaque
3284 3725 3462 3774 inani-

1892 3815 2030 3868 festo
2066 3816 2393 3884 praedicatur
2425 3830 2516 3868 rex
2543 3815 2924 3882 sempiternus,
2955 3815 3207 3882 idemque
3230 3823 3466 3868 teter-nus

1895 3907 2136 3975 pontifex
2170 3907 2471 3962 secundum
2507 3905 2885 3962 Melchisedeci
2913 3905 3182 3960 ordinem.

206 4013 273 4066 τὰ
295 4012 435 4080 πρὸς
470 4010 628 4073 Θεὸν,
666 4006 740 4067 ὠς
775 4004 931 4073 ἔφην,
971 4001 1276 4071 ἀνθρώποις
1309 3997 1394 4069 [Ρ.
1427 3995 1546 4066 181]
1593 3995 1988 4060 ἁναδέδεικται,
2019 4000 2114 4050 καὶ
2181 3999 2464 4068 προδήλως
2540 3997 2873 4066 κηρύττεται
2939 3995 3194 4063 βασιλεὺς
3251 3994 3469 4059 αἰώνιος

209 4108 301 4162 καὶ
332 4103 521 4172 ἱερεὺς
549 4100 628 4162 εἰς
657 4099 749 4149 τὸν
776 4097 947 4148 αἰῶνα
972 4096 1111 4148 κατὰ
1133 4095 1232 4162 τὴν
1257 4091 1408 4155 τάξιν
1429 4089 1788 4157 Μελχισεδέκ.

288 4193 580 4250 Ἐντεῦθεν
607 4190 787 4243 τοίνυν
815 4190 1040 4258 ἄρχεται
1073 4187 1108 4255 ἡ
1145 4183 1380 4253 τετάρτη
1423 4179 1690 4249 βασιλεία,
1721 4179 1788 4248 ἣν

209 4292 239 4342 6
271 4286 473 4354 Δανιὴλ
498 4285 558 4335 ἐν
579 4285 646 4351 τῇ
667 4279 776 4332 τῶν
799 4277 1081 4346 τεσσάρων
1109 4273 1314 4343 θηρίων
1336 4271 1573 4339 ὀπτασίᾳ
1593 4268 1788 4337 τέταρ-

210 4399 303 4434 τον
330 4377 530 4447 θηρίον
564 4371 822 4440 διαφέρον
861 4369 970 4422 τῶν
1005 4366 1181 4420 ἄλλων
1209 4362 1484 4434 τροπικῶς
1510 4359 1786 4424 ὀνομάζει,

211 4475 298 4543 ἐφ’
331 4467 394 4525 οὗ
443 4468 540 4522 καὶ
569 4467 598 4518 6
631 4463 740 4517 τῶν
789 4459 1020 4530 πρώτων
1065 4456 1349 4524 τεσσάρων
1385 4452 1662 4523 στοιχείων
1693 4451 1788 4520 δῆ-

1965 4174 2131 4245 318
2159 4173 2333 4242 Atque
2375 4171 2481 4225 hoc
2510 4177 2593 4225 est
2616 4169 2832 4224 initium
2867 4168 3047 4238 quarti
3092 4170 3266 4237 regni,
3321 4169 3468 4238 quod

1899 4268 2177 4328 Danielus,
2208 4279 2331 4318 cum
2362 4264 2411 4317 ei
2434 4273 2668 4332 quatuor
2694 4261 2950 4315 animalia
2977 4270 3324 4331 apparerent,
3359 4263 3467 4314 sibi

1896 4358 2150 4413 animalis
2198 4355 2378 4425 specie
2411 4369 2440 4406 a
2488 4353 2716 4422 reliquis
2772 4351 3057 4407 diﬂ‘erente
3107 4361 3468 4420 repraesenta-

1901 4465 2009 4505 tum
2047 4452 2145 4510 ait,
2171 4461 2281 4518 quo
2315 4446 2600 4500 veheretur
2634 4445 2934 4514 primorum
2963 4452 3197 4513 quatuor
3231 4444 3470 4498 elemen-

217 4519 487 4635 jtZOu'pvyoc
520 4560 616 4610 καὶ
645 4556 737 4607 τὸν
766 4519 1174 4621 τετραπέρατον
1203 4519 1410 4615 κόσμον
1443 4519 1708 4614 συνδήσας
1731 4519 1783 4594 ἐν

1898 4553 2074 4596 torum
2114 4537 2316 4606 opifex,
2357 4538 2448 4605 qui
2498 4535 2954 4603 quatripatentem
3010 4532 3272 4587 mundum
3335 4548 3465 4586 con-

211 4657 427 4716 τούτοις
470 4648 680 4718 Ἰησοῦς
703 4646 936 4716 Χριστὸς
959 4639 1250 4711 ἐσαρκώθη
1278 4638 1368 4691 διὰ
1395 4638 1494 4707 τὴν
1517 4636 1795 4706 ἡμετέραν

216 4746 521 4816 σωτηρίαν.
549 4740 712 4792 Ὀθεν
741 4737 966 4794 εἰκότως
1008 4734 1178 4802 μέγας
1204 4729 1458 4800 βασιλεὺς
1477 4730 1572 4780 καὶ
1603 4726 1793 4794 enim.

219 4859 318 4911 μσς
340 4841 487 4907 ὑπὲρ
518 4834 728 4893 πάντας
755 4831 784 4881 ὁ
807 4827 1114 4894 Αὖγουστος
1135 4824 1232 4875 καὶ
1253 4823 1476 4884 δυνατὸς
1507 4819 1797 4888 γενόμενος

217 4909 458 4992 ίδπέταξε
509 4925 610 4986 τὰς
646 4921 874 4993 μερικὰς
918 4915 1193 4986 βασιλείας
1243 4913 1441 4974 πάσας,
1476 4911 1565 4963 διὰ
1610 4909 1704 4962 τὸν
1739 4911 1796 4961 ὲν

215 5028 334 5085 ταῖς
363 5020 610 5090 ἡμέραις
637 5011 802 5067 αὑτοῦ
835 5009 1072 5063 Βασιλέα
1109 5005 1204 5061 τοῦ
1238 5004 1436 5066 παντὸς
1464 5003 1562 5056 καὶ
1591 5000 1798 5070 Κύριον

217 5113 502 5182 τεχθέντα,
536 5105 676 5160 κατὰ
696 5104 795 5174 τὴν
829 5100 1050 5155 Ἡσαΐου
1083 5097 1426 5170 προφητείαν
1447 5111 1459 5126 ⁸
1495 5094 1628 5162 φησὶ
1655 5092 1792 5160 γάρ’

226 5222 244 5252 ι
278 5202 390 5254 Καὶ
433 5198 588 5250 ἐσται
626 5197 684 5246 ἐν
713 5195 832 5253 ταῖς
864 5189 1122 5260 ἐσχάταις
1161 5187 1400 5257 ἡμέραις
1446 5182 1684 5253 ἐμφανὲς
1738 5182 1797 5231 τ’,

219 5293 342 5362 696;
377 5287 612 5358 Κυρίου,
648 5283 744 5336 καὶ
776 5284 804 5334 6
837 5276 984 5343 οἶκος
1015 5278 1112 5332 τοῦ
1143 5277 1278 5330 Θεοῦ
1336 5276 1422 5327 ἐπ’
1462 5275 1648 5342 ἄκρων
1687 5271 1797 5362 τῶν

221 5361 414 5452 ὀρέων.
453 5377 567 5432 Καὶ
602 5374 951 5443 ὑψωθήσεται
984 5370 1240 5441 ὑπεράνω
1285 5367 1394 5420 τῶν
1445 5361 1670 5432 βουνῶν,
1704 5361 1797 5414 καὶ

222 5475 446 5545 ἥξουσιν
475 5468 562 5523 ἐπ’
588 5469 750 5522 αὑτὸν
786 5469 961 5520 πάντα
991 5465 1063 5517 τὰ
1095 5462 1245 5534 ἔθνη,
1295 5460 1391 5513 καὶ
1437 5455 1797 5526 πορεύσονται

224 5567 342 5619 ὶαοί
371 5563 581 5626 πολλοὶ,
602 5560 700 5614 καὶ
722 5559 923 5630 ἐροῦσι·
954 5555 1140 5620 Δεῦτε,
1160 5552 1452 5622 ἀναδῶμεν
1482 5551 1560 5610 εἰς
1583 5548 1644 5600 τὸ
1673 5546 1797 5616 ὅρος

226 5656 433 5726 Κυρίου
482 5652 580 5706 καὶ
611 5653 691 5713 είς
727 5652 820 5703 τὸν
879 5643 1028 5702 οἷκον
1076 5645 1169 5700 τοῦ
1221 5643 1356 5698 Θεοῦ
1413 5638 1626 5694 Ἰακώό.
1681 5638 1793 5692 Καὶ

229 5746 520 5815 ἀναγγελεῖ
545 5745 680 5814 ἡμῖν
705 5744 804 5812 τὴν
840 5743 960 5798 ὁδὸν
991 5737 1182 5804 αὑτοῦ,
1209 5739 1305 5793 καὶ
1335 5731 1715 5805 πορευσόμεθα
1741 5731 1798 5781 ἐν

232 5839 386 5907 οὔτῇ.
441 5836 542 5890 Ἐκ
569 5836 678 5904 γὰρ
711 5832 852 5889 Σιὼν
892 5831 1233 5899 ἐξελεύσεται
1263 5827 1449 5899 νόμος,
1499 5825 1593 5878 καὶ
1643 5822 1798 5890 λόγος

300 5930 343 5962 ⁸⁸
379 5929 487 5985 lsa.
517 5943 579 5994 ιι,
616 5927 732 5982 1-4.

1897 4633 2171 4696 cinnavit;
2204 4645 2312 4699 quo
2350 4641 2519 4696 regno
2549 4626 2762 4680 scilicet
2815 4633 3017 4680 nostra:
3075 4625 3271 4679 salutis
3301 4639 3468 4678 causa

1894 4723 2056 4779 Jesus
2084 4723 2336 4778 Christus
2362 4720 2522 4771 homo
2549 4728 2706 4770 natus
2735 4725 2842 4772 est.
2891 4716 3073 4782 Quare
3103 4716 3300 4769 merito
3352 4730 3471 4768 om-

1897 4816 2060 4870 nibus
2083 4813 2301 4882 regibus
2345 4811 2518 4877 major
2570 4807 2946 4875 illustriorque
3001 4804 3105 4859 fuit
3168 4806 3468 4873 Angustus,

1897 4905 2191 4972 omniaque
2217 4901 2568 4971 particularia
2600 4914 2764 4968 regna
2813 4912 2915 4952 suo
2948 4896 3177 4966 imperio
3211 4895 3467 4962 subjecit,

1898 5002 2120 5066 propter
2150 5009 2274 5048 eum
2300 4993 2393 5060 qui
2424 4990 2597 5059 ipsius
2651 4998 2810 5042 aatate
2851 4988 3003 5042 nasci
3057 4986 3246 5040 debuit
3289 5001 3379 5038 rex
3417 4994 3472 5038 ct

1899 5088 2162 5142 Dominus
2183 5082 2444 5144 universi,
2493 5095 2615 5150 qua:
2641 5080 2812 5133 Isaias
2857 5079 2942 5132 his
2973 5076 3154 5132 verbis
3204 5076 3472 5145 praedixe-

1898 5185 1980 5231 rat
2024 5175 2070 5208 ⁸⁸
2120 5193 2134 5227 :
2185 5192 2203 5224 ι
2254 5170 2468 5225 Ultimis
2533 5185 2694 5236 porro
2755 5165 3094 5236 temporibus
3149 5180 3308 5219 mons
3369 5164 3470 5217 Do.

1899 5269 2033 5324 mini
2054 5268 2158 5322 erit
2179 5263 2425 5326 illustris,
2451 5264 2704 5330 aedesque
2729 5259 2821 5313 Dei
2847 5260 2900 5311 in
2925 5271 3141 5312 summo
3164 5258 3469 5308 montium:

1901 5357 2234 5414 exaltabitnr
2262 5368 2426 5423 supra
2455 5351 2644 5415 colles,
2671 5359 2723 5403 et
2755 5351 2822 5403 ad
2876 5363 2996 5402 eam
3048 5346 3471 5416 proficiscentur

1900 5463 2091 5504 omnes
2119 5444 2388 5500 nationes.
2423 5439 2684 5509 Multique
2722 5438 2905 5509 populi
2931 5437 3112 5500 ibunt,
3139 5449 3204 5488 ac
3247 5434 3466 5488 dicent:

1900 5542 2144 5610 Agedum
2166 5535 2600 5591 conscendamus
2623 5541 2859 5586 montem
2894 5527 3104 5582 Domini
3131 5535 3184 5582 et
3214 5525 3474 5579 adeamus

1903 5634 2077 5687 aedem
2108 5629 2202 5682 Dei
2251 5625 2513 5680 Jacobci:
2545 5626 2592 5678 is
2633 5624 2793 5676 nobis
2841 5622 2982 5674 viam
3020 5633 3173 5673 suam
3208 5622 3477 5669 monstra-

1903 5723 2004 5787 bit,
2047 5722 2212 5790 inque
2245 5733 2306 5772 ea
2341 5730 2440 5771 nos
2471 5715 2896 5770 ambulabimus.
2927 5710 3060 5765 Nam
3090 5709 3157 5763 de
3193 5705 3359 5760 Sione
3388 5705 3473 5758 lex

1902 5814 2236 5887 egredietur,
2270 5824 2322 5868 et
2359 5826 2538 5867 sermo
2587 5810 2794 5866 domini
2827 5803 3216 5875 Hierosolymis
3261 5799 3472 5867 exibit;
