  <div class='ocr_page' id='page_1' title='image "/cluster/home/n/w/nwhite01/storage/ocr_20150623/121/nnc1.0046980032/185.png"; bbox 0 0 4214 6448; ppageno 0'>
   <div class='ocr_carea' id='block_1_1' title="bbox 794 421 2753 491">
    <p class='ocr_par' dir='ltr' id='par_1_1' title="bbox 794 421 2753 491">
     <span class='ocr_line' id='line_1_1' title="bbox 794 421 2753 491; baseline -0.002 -5"><span class='ocrx_word' id='word_1_1' title='bbox 794 427 902 491; x_wconf 78' lang='grc'><strong>355</strong></span> <span class='ocrx_word' id='word_1_2' title='bbox 2055 421 2376 482; x_wconf 78' lang='lat' dir='ltr'><strong>GEORGII</strong></span> <span class='ocrx_word' id='word_1_3' title='bbox 2418 423 2718 486; x_wconf 68' lang='lat' dir='ltr'><strong>CEDREN</strong></span> <span class='ocrx_word' id='word_1_4' title='bbox 2729 425 2753 483; x_wconf 84' lang='lat' dir='ltr'><strong>I</strong></span> 
     </span>
    </p>
   </div>
   <div class='ocr_carea' id='block_1_2' title="bbox 797 525 2385 604">
    <p class='ocr_par' dir='ltr' id='par_1_2' title="bbox 797 525 2378 604">
     <span class='ocr_line' id='line_1_2' title="bbox 797 525 2378 604; baseline -0.004 -18"><span class='ocrx_word' id='word_1_5' title='bbox 797 545 963 604; x_wconf 80' lang='lat' dir='ltr'><strong>atque</strong></span> <span class='ocrx_word' id='word_1_6' title='bbox 1005 545 1204 588; x_wconf 80' lang='lat' dir='ltr'><strong>causas</strong></span> <span class='ocrx_word' id='word_1_7' title='bbox 1257 534 1554 582; x_wconf 90' lang='lat' dir='ltr'><strong>multarum</strong></span> <span class='ocrx_word' id='word_1_8' title='bbox 1615 527 1661 581; x_wconf 87' lang='lat' dir='ltr'><strong>is</strong></span> <span class='ocrx_word' id='word_1_9' title='bbox 1694 525 1977 581; x_wconf 87' lang='lat' dir='ltr'><strong>nationum</strong></span> <span class='ocrx_word' id='word_1_10' title='bbox 2029 527 2378 596; x_wconf 87' lang='lat' dir='ltr'><strong>disceptabit,</strong></span> 
     </span>
    </p>
   </div>
   <div class='ocr_carea' id='block_1_3' title="bbox 2485 525 4069 604">
    <p class='ocr_par' dir='ltr' id='par_1_3' title="bbox 2487 526 4069 600">
     <span class='ocr_line' id='line_1_3' title="bbox 2487 526 4069 600; baseline 0.003 -20"><span class='ocrx_word' id='word_1_11' title='bbox 2487 527 2696 596; x_wconf 79' lang='grc' dir='ltr'>Κυρίου</span> <span class='ocrx_word' id='word_1_12' title='bbox 2721 528 2780 594; x_wconf 77' lang='grc' dir='ltr'>ἐξ</span> <span class='ocrx_word' id='word_1_13' title='bbox 2817 526 3196 599; x_wconf 79' lang='grc' dir='ltr'>Ἰερουσαλήμ.</span> <span class='ocrx_word' id='word_1_14' title='bbox 3229 527 3340 581; x_wconf 72' lang='grc' dir='ltr'>Καὶ</span> <span class='ocrx_word' id='word_1_15' title='bbox 3373 529 3548 597; x_wconf 78' lang='grc' dir='ltr'>κρινεῖ</span> <span class='ocrx_word' id='word_1_16' title='bbox 3571 528 3675 582; x_wconf 84' lang='grc' dir='ltr'>ἀνά</span> <span class='ocrx_word' id='word_1_17' title='bbox 3702 528 3867 600; x_wconf 88' lang='grc' dir='ltr'>μέσον</span> <span class='ocrx_word' id='word_1_18' title='bbox 3892 531 4069 587; x_wconf 82' lang='grc' dir='ltr'>ἐθνῶν</span> 
     </span>
    </p>
   </div>
   <div class='ocr_carea' id='block_1_4' title="bbox 796 618 2385 695">
    <p class='ocr_par' dir='ltr' id='par_1_4' title="bbox 796 619 2381 695">
     <span class='ocr_line' id='line_1_4' title="bbox 796 619 2381 695; baseline -0.003 -16"><span class='ocrx_word' id='word_1_19' title='bbox 796 635 852 680; x_wconf 87' lang='lat' dir='ltr'><strong>et</strong></span> <span class='ocrx_word' id='word_1_20' title='bbox 873 625 1134 695; x_wconf 91' lang='lat' dir='ltr'><strong>populum</strong></span> <span class='ocrx_word' id='word_1_21' title='bbox 1192 621 1424 675; x_wconf 90' lang='lat' dir='ltr'><strong>multum</strong></span> <span class='ocrx_word' id='word_1_22' title='bbox 1472 630 1681 688; x_wconf 77' lang='lat' dir='ltr'><strong>arguet.</strong></span> <span class='ocrx_word' id='word_1_23' title='bbox 1717 619 1963 673; x_wconf 84' lang='lat' dir='ltr'><strong>&#39;luncde</strong></span> <span class='ocrx_word' id='word_1_24' title='bbox 2014 619 2210 688; x_wconf 72' lang='lat' dir='ltr'><strong>gladiis</strong></span> <span class='ocrx_word' id='word_1_25' title='bbox 2263 621 2381 675; x_wconf 86' lang='lat' dir='ltr'><strong>suis</strong></span> 
     </span>
    </p>
   </div>
   <div class='ocr_carea' id='block_1_5' title="bbox 2485 618 4068 695">
    <p class='ocr_par' dir='ltr' id='par_1_5' title="bbox 2485 618 4068 691">
     <span class='ocr_line' id='line_1_5' title="bbox 2485 618 4068 691; baseline 0.004 -20"><span class='ocrx_word' id='word_1_26' title='bbox 2485 619 2720 684; x_wconf 83' lang='grc' dir='ltr'><strong>πολλῶν,</strong></span> <span class='ocrx_word' id='word_1_27' title='bbox 2751 623 2848 674; x_wconf 71' lang='grc' dir='ltr'>καὶ</span> <span class='ocrx_word' id='word_1_28' title='bbox 2895 618 3106 687; x_wconf 77' lang='grc' dir='ltr'>ἐλέγξει</span> <span class='ocrx_word' id='word_1_29' title='bbox 3150 619 3280 682; x_wconf 71' lang='grc' dir='ltr'>λαὸν</span> <span class='ocrx_word' id='word_1_30' title='bbox 3325 619 3513 675; x_wconf 82' lang='grc' dir='ltr'>πολύν.</span> <span class='ocrx_word' id='word_1_31' title='bbox 3567 621 3678 674; x_wconf 77' lang='grc' dir='ltr'><strong>Καὶ</strong></span> <span class='ocrx_word' id='word_1_32' title='bbox 3728 623 4068 691; x_wconf 70' lang='grc' dir='ltr'>συγκόψουει</span> 
     </span>
    </p>
   </div>
   <div class='ocr_carea' id='block_1_6' title="bbox 797 709 2385 782">
    <p class='ocr_par' dir='ltr' id='par_1_6' title="bbox 797 709 2383 782">
     <span class='ocr_line' id='line_1_6' title="bbox 797 709 2383 782; baseline -0.001 -14"><span class='ocrx_word' id='word_1_33' title='bbox 797 728 1045 769; x_wconf 84' lang='lat' dir='ltr'><strong>vomeres</strong></span> <span class='ocrx_word' id='word_1_34' title='bbox 1071 721 1126 766; x_wconf 89' lang='lat' dir='ltr'><strong>et</strong></span> <span class='ocrx_word' id='word_1_35' title='bbox 1161 711 1228 766; x_wconf 87' lang='lat' dir='ltr'><strong>de</strong></span> <span class='ocrx_word' id='word_1_36' title='bbox 1264 710 1486 764; x_wconf 86' lang='lat' dir='ltr'><strong>frameis</strong></span> <span class='ocrx_word' id='word_1_37' title='bbox 1541 711 1656 764; x_wconf 85' lang='lat' dir='ltr'><strong>suis</strong></span> <span class='ocrx_word' id='word_1_38' title='bbox 1711 709 1879 765; x_wconf 78' lang='lat' dir='ltr'><strong>l&#39;alces</strong></span> <span class='ocrx_word' id='word_1_39' title='bbox 1924 710 2149 776; x_wconf 89' lang='lat' dir='ltr'><strong>cudent,</strong></span> <span class='ocrx_word' id='word_1_40' title='bbox 2205 727 2383 782; x_wconf 89' lang='lat' dir='ltr'><strong>neque</strong></span> 
     </span>
    </p>
   </div>
   <div class='ocr_carea' id='block_1_7' title="bbox 2485 709 4069 782">
    <p class='ocr_par' dir='ltr' id='par_1_7' title="bbox 2485 709 4069 781">
     <span class='ocr_line' id='line_1_7' title="bbox 2485 709 4069 781; baseline 0.003 -19"><span class='ocrx_word' id='word_1_41' title='bbox 2485 710 2581 772; x_wconf 73' lang='grc' dir='ltr'><strong>τὰς</strong></span> <span class='ocrx_word' id='word_1_42' title='bbox 2619 711 2898 781; x_wconf 79' lang='grc' dir='ltr'><strong>μαχαίρας</strong></span> <span class='ocrx_word' id='word_1_43' title='bbox 2956 709 3138 764; x_wconf 84' lang='grc' dir='ltr'>αὐτῶν</span> <span class='ocrx_word' id='word_1_44' title='bbox 3181 710 3262 773; x_wconf 84' lang='grc' dir='ltr'><strong>είς</strong></span> <span class='ocrx_word' id='word_1_45' title='bbox 3295 711 3503 780; x_wconf 78' lang='grc' dir='ltr'>ἄροτρα</span> <span class='ocrx_word' id='word_1_46' title='bbox 3555 711 3651 763; x_wconf 78' lang='grc' dir='ltr'>καὶ</span> <span class='ocrx_word' id='word_1_47' title='bbox 3699 711 3795 776; x_wconf 84' lang='grc' dir='ltr'><strong>τὰς</strong></span> <span class='ocrx_word' id='word_1_48' title='bbox 3837 713 4069 777; x_wconf 71' lang='grc' dir='ltr'>ζιϐύνχς</span> 
     </span>
    </p>
   </div>
   <div class='ocr_carea' id='block_1_8' title="bbox 797 802 2385 876">
    <p class='ocr_par' dir='ltr' id='par_1_8' title="bbox 797 802 2381 876">
     <span class='ocr_line' id='line_1_8' title="bbox 797 802 2381 876; baseline 0.001 -18"><span class='ocrx_word' id='word_1_49' title='bbox 797 822 931 876; x_wconf 78' lang='lat' dir='ltr'><strong>gens</strong></span> <span class='ocrx_word' id='word_1_50' title='bbox 1000 815 1192 860; x_wconf 90' lang='lat' dir='ltr'><strong>contra</strong></span> <span class='ocrx_word' id='word_1_51' title='bbox 1259 813 1474 874; x_wconf 77' lang='lat' dir='ltr'><strong>gentem</strong></span> <span class='ocrx_word' id='word_1_52' title='bbox 1555 802 1792 872; x_wconf 78' lang='lat' dir='ltr'><strong>gladium</strong></span> <span class='ocrx_word' id='word_1_53' title='bbox 1864 803 2132 873; x_wconf 91' lang='lat' dir='ltr'><strong>arripiet,</strong></span> <span class='ocrx_word' id='word_1_54' title='bbox 2205 820 2381 873; x_wconf 86' lang='lat' dir='ltr'><strong>neque</strong></span> 
     </span>
    </p>
   </div>
   <div class='ocr_carea' id='block_1_9' title="bbox 2485 802 4070 876">
    <p class='ocr_par' dir='ltr' id='par_1_9' title="bbox 2485 803 4070 874">
     <span class='ocr_line' id='line_1_9' title="bbox 2485 803 4070 874; baseline 0.003 -19"><span class='ocrx_word' id='word_1_55' title='bbox 2485 803 2666 856; x_wconf 85' lang='grc' dir='ltr'>αὐτῶν</span> <span class='ocrx_word' id='word_1_56' title='bbox 2704 804 2783 866; x_wconf 87' lang='grc' dir='ltr'><strong>είς</strong></span> <span class='ocrx_word' id='word_1_57' title='bbox 2816 803 3082 874; x_wconf 88' lang='grc' dir='ltr'>δρέπανα.</span> <span class='ocrx_word' id='word_1_58' title='bbox 3118 803 3227 856; x_wconf 76' lang='grc' dir='ltr'>Καὶ</span> <span class='ocrx_word' id='word_1_59' title='bbox 3258 803 3318 855; x_wconf 87' lang='grc' dir='ltr'><strong>οὐ</strong></span> <span class='ocrx_word' id='word_1_60' title='bbox 3353 803 3582 871; x_wconf 48' lang='grc' dir='ltr'>λὴᾁεται</span> <span class='ocrx_word' id='word_1_61' title='bbox 3609 803 3760 868; x_wconf 68' lang='grc' dir='ltr'>ἔθος</span> <span class='ocrx_word' id='word_1_62' title='bbox 3791 807 3878 857; x_wconf 85' lang='grc' dir='ltr'><strong>ἐπ’</strong></span> <span class='ocrx_word' id='word_1_63' title='bbox 3911 807 4070 869; x_wconf 80' lang='grc' dir='ltr'>ἑθνος</span> 
     </span>
    </p>
   </div>
   <div class='ocr_carea' id='block_1_10' title="bbox 3957 427 4070 492">
    <p class='ocr_par' dir='ltr' id='par_1_10' title="bbox 3957 427 4070 492">
     <span class='ocr_line' id='line_1_10' title="bbox 3957 427 4070 492; baseline -0.035 -1"><span class='ocrx_word' id='word_1_64' title='bbox 3957 427 4070 492; x_wconf 81' lang='grc'><strong>356</strong></span> 
     </span>
    </p>
   </div>
   <div class='ocr_carea' id='block_1_11' title="bbox 797 892 2382 966">
    <p class='ocr_par' dir='ltr' id='par_1_11' title="bbox 797 892 2382 966">
     <span class='ocr_line' id='line_1_11' title="bbox 797 892 2382 966; baseline -0.001 -16"><span class='ocrx_word' id='word_1_65' title='bbox 797 913 910 950; x_wconf 83' lang='lat' dir='ltr'><strong>rem</strong></span> <span class='ocrx_word' id='word_1_66' title='bbox 946 912 1110 966; x_wconf 90' lang='lat' dir='ltr'><strong>porro</strong></span> <span class='ocrx_word' id='word_1_67' title='bbox 1141 897 1386 949; x_wconf 86' lang='lat' dir='ltr'><strong>bellicam</strong></span> <span class='ocrx_word' id='word_1_68' title='bbox 1419 893 1648 948; x_wconf 89' lang='lat' dir='ltr'><strong>discent.</strong></span> <span class='ocrx_word' id='word_1_69' title='bbox 1685 911 1704 944; x_wconf 72' lang='grc' dir='ltr'><strong>ι</strong></span> <span class='ocrx_word' id='word_1_70' title='bbox 1757 892 1875 947; x_wconf 83' lang='lat' dir='ltr'><strong>Jam</strong></span> <span class='ocrx_word' id='word_1_71' title='bbox 1903 909 1990 948; x_wconf 91' lang='lat' dir='ltr'><strong>res</strong></span> <span class='ocrx_word' id='word_1_72' title='bbox 2026 895 2156 964; x_wconf 65' lang='lat' dir='ltr'><strong>ipsae</strong></span> <span class='ocrx_word' id='word_1_73' title='bbox 2180 904 2382 949; x_wconf 86' lang='lat' dir='ltr'><strong>testan-</strong></span> 
     </span>
    </p>
   </div>
   <div class='ocr_carea' id='block_1_12' title="bbox 799 985 2380 1056">
    <p class='ocr_par' dir='ltr' id='par_1_12' title="bbox 799 985 2380 1056">
     <span class='ocr_line' id='line_1_12' title="bbox 799 985 2380 1056; baseline -0.003 -14"><span class='ocrx_word' id='word_1_74' title='bbox 799 998 888 1042; x_wconf 88' lang='lat' dir='ltr'><strong>tur</strong></span> <span class='ocrx_word' id='word_1_75' title='bbox 931 990 1016 1043; x_wconf 92' lang='lat' dir='ltr'><strong>his</strong></span> <span class='ocrx_word' id='word_1_76' title='bbox 1053 989 1236 1042; x_wconf 80' lang='lat' dir='ltr'><strong>verbis</strong></span> <span class='ocrx_word' id='word_1_77' title='bbox 1290 997 1509 1056; x_wconf 91' lang='lat' dir='ltr'><strong>tempus</strong></span> <span class='ocrx_word' id='word_1_78' title='bbox 1559 986 1766 1041; x_wconf 91' lang='lat' dir='ltr'><strong>Christi</strong></span> <span class='ocrx_word' id='word_1_79' title='bbox 1817 986 2084 1040; x_wconf 84' lang='lat' dir='ltr'><strong>adventus</strong></span> <span class='ocrx_word' id='word_1_80' title='bbox 2140 985 2380 1055; x_wconf 69' lang='lat' dir='ltr'><strong>praedici.</strong></span> 
     </span>
    </p>
   </div>
   <div class='ocr_carea' id='block_1_13' title="bbox 797 1080 2383 1153">
    <p class='ocr_par' dir='ltr' id='par_1_13' title="bbox 797 1080 2383 1153">
     <span class='ocr_line' id='line_1_13' title="bbox 797 1080 2383 1153; baseline -0.001 -15"><span class='ocrx_word' id='word_1_81' title='bbox 797 1086 1102 1153; x_wconf 77' lang='lat' dir='ltr'><strong>Antequam</strong></span> <span class='ocrx_word' id='word_1_82' title='bbox 1149 1085 1296 1137; x_wconf 88' lang='lat' dir='ltr'><strong>enim</strong></span> <span class='ocrx_word' id='word_1_83' title='bbox 1340 1082 1646 1135; x_wconf 80' lang='lat' dir='ltr'><strong>Romanum</strong></span> <span class='ocrx_word' id='word_1_84' title='bbox 1694 1081 1983 1150; x_wconf 89' lang='lat' dir='ltr'><strong>imperium</strong></span> <span class='ocrx_word' id='word_1_85' title='bbox 2031 1080 2208 1144; x_wconf 91' lang='lat' dir='ltr'><strong>inivit,</strong></span> <span class='ocrx_word' id='word_1_86' title='bbox 2266 1097 2383 1136; x_wconf 89' lang='lat' dir='ltr'><strong>cre-</strong></span> 
     </span>
    </p>
   </div>
   <div class='ocr_carea' id='block_1_14' title="bbox 796 1170 2380 1242">
    <p class='ocr_par' dir='ltr' id='par_1_14' title="bbox 796 1170 2380 1242">
     <span class='ocr_line' id='line_1_14' title="bbox 796 1170 2380 1242; baseline -0.001 -16"><span class='ocrx_word' id='word_1_87' title='bbox 796 1174 894 1227; x_wconf 90' lang='lat' dir='ltr'><strong>bra</strong></span> <span class='ocrx_word' id='word_1_88' title='bbox 932 1173 1156 1227; x_wconf 79' lang='lat' dir='ltr'><strong>luerunt</strong></span> <span class='ocrx_word' id='word_1_89' title='bbox 1215 1172 1545 1242; x_wconf 87' lang='lat' dir='ltr'><strong>populorum</strong></span> <span class='ocrx_word' id='word_1_90' title='bbox 1603 1171 1828 1224; x_wconf 86' lang='lat' dir='ltr'><strong>alterius</strong></span> <span class='ocrx_word' id='word_1_91' title='bbox 1862 1170 2127 1226; x_wconf 89' lang='lat' dir='ltr'><strong>adversus</strong></span> <span class='ocrx_word' id='word_1_92' title='bbox 2151 1172 2380 1225; x_wconf 88' lang='lat' dir='ltr'><strong>alterum</strong></span> 
     </span>
    </p>
   </div>
   <div class='ocr_carea' id='block_1_15' title="bbox 797 1262 2386 1335">
    <p class='ocr_par' dir='ltr' id='par_1_15' title="bbox 797 1262 2386 1335">
     <span class='ocr_line' id='line_1_15' title="bbox 797 1262 2386 1335; baseline -0.002 -16"><span class='ocrx_word' id='word_1_93' title='bbox 797 1265 956 1330; x_wconf 86' lang='lat' dir='ltr'><strong>bella,</strong></span> <span class='ocrx_word' id='word_1_94' title='bbox 990 1266 1134 1335; x_wconf 87' lang='lat' dir='ltr'><strong>quod</strong></span> <span class='ocrx_word' id='word_1_95' title='bbox 1191 1279 1417 1333; x_wconf 77' lang='lat' dir='ltr'><strong>regnum</strong></span> <span class='ocrx_word' id='word_1_96' title='bbox 1475 1264 1785 1334; x_wconf 78' lang='lat' dir='ltr'><strong>singulatim</strong></span> <span class='ocrx_word' id='word_1_97' title='bbox 1832 1278 1928 1332; x_wconf 87' lang='lat' dir='ltr'><strong>per</strong></span> <span class='ocrx_word' id='word_1_98' title='bbox 1968 1265 2196 1332; x_wconf 91' lang='lat' dir='ltr'><strong>p0pulos</strong></span> <span class='ocrx_word' id='word_1_99' title='bbox 2246 1262 2386 1317; x_wconf 85' lang='lat' dir='ltr'><strong>divi-</strong></span> 
     </span>
    </p>
   </div>
   <div class='ocr_carea' id='block_1_16' title="bbox 797 1353 2385 1425">
    <p class='ocr_par' dir='ltr' id='par_1_16' title="bbox 797 1353 2385 1425">
     <span class='ocr_line' id='line_1_16' title="bbox 797 1353 2385 1425; baseline -0.001 -15"><span class='ocrx_word' id='word_1_100' title='bbox 797 1373 920 1411; x_wconf 91' lang='lat' dir='ltr'><strong>sum</strong></span> <span class='ocrx_word' id='word_1_101' title='bbox 952 1366 1122 1410; x_wconf 88' lang='lat' dir='ltr'><strong>esset.</strong></span> <span class='ocrx_word' id='word_1_102' title='bbox 1154 1354 1456 1425; x_wconf 82' lang='lat' dir='ltr'><strong>Postquam</strong></span> <span class='ocrx_word' id='word_1_103' title='bbox 1491 1371 1704 1410; x_wconf 89' lang='lat' dir='ltr'><strong>summa</strong></span> <span class='ocrx_word' id='word_1_104' title='bbox 1757 1370 1939 1409; x_wconf 88' lang='lat' dir='ltr'><strong>rerum</strong></span> <span class='ocrx_word' id='word_1_105' title='bbox 1983 1355 2048 1409; x_wconf 88' lang='lat' dir='ltr'><strong>ad</strong></span> <span class='ocrx_word' id='word_1_106' title='bbox 2107 1353 2385 1410; x_wconf 84' lang='lat' dir='ltr'><strong>Romanos</strong></span> 
     </span>
    </p>
   </div>
   <div class='ocr_carea' id='block_1_17' title="bbox 796 1445 2382 1518">
    <p class='ocr_par' dir='ltr' id='par_1_17' title="bbox 796 1445 2382 1518">
     <span class='ocr_line' id='line_1_17' title="bbox 796 1445 2382 1518; baseline -0.003 -15"><span class='ocrx_word' id='word_1_107' title='bbox 796 1449 1046 1503; x_wconf 84' lang='lat' dir='ltr'><strong>devoluta</strong></span> <span class='ocrx_word' id='word_1_108' title='bbox 1074 1447 1238 1518; x_wconf 80' lang='lat'><strong>319</strong></span> <span class='ocrx_word' id='word_1_109' title='bbox 1261 1458 1363 1513; x_wconf 88' lang='lat' dir='ltr'><strong>est,</strong></span> <span class='ocrx_word' id='word_1_110' title='bbox 1400 1449 1506 1500; x_wconf 88' lang='lat' dir='ltr'><strong>alta</strong></span> <span class='ocrx_word' id='word_1_111' title='bbox 1533 1463 1627 1517; x_wconf 88' lang='lat' dir='ltr'><strong>per</strong></span> <span class='ocrx_word' id='word_1_112' title='bbox 1663 1455 1834 1501; x_wconf 92' lang='lat' dir='ltr'><strong>totum</strong></span> <span class='ocrx_word' id='word_1_113' title='bbox 1893 1447 2086 1501; x_wconf 90' lang='lat' dir='ltr'><strong>orbem</strong></span> <span class='ocrx_word' id='word_1_114' title='bbox 2121 1463 2224 1516; x_wconf 77' lang='lat' dir='ltr'><strong>pax</strong></span> <span class='ocrx_word' id='word_1_115' title='bbox 2259 1445 2382 1512; x_wconf 83' lang='lat' dir='ltr'><strong>fuit,</strong></span> 
     </span>
    </p>
   </div>
   <div class='ocr_carea' id='block_1_18' title="bbox 794 1538 2384 1608">
    <p class='ocr_par' dir='ltr' id='par_1_18' title="bbox 794 1538 2384 1608">
     <span class='ocr_line' id='line_1_18' title="bbox 794 1538 2384 1608; baseline 0 -16"><span class='ocrx_word' id='word_1_116' title='bbox 794 1541 1092 1608; x_wconf 89' lang='lat' dir='ltr'><strong>populique</strong></span> <span class='ocrx_word' id='word_1_117' title='bbox 1123 1540 1327 1592; x_wconf 87' lang='lat' dir='ltr'><strong>mutuis</strong></span> <span class='ocrx_word' id='word_1_118' title='bbox 1351 1538 1507 1592; x_wconf 85' lang='lat' dir='ltr'><strong>bellis</strong></span> <span class='ocrx_word' id='word_1_119' title='bbox 1529 1538 1746 1593; x_wconf 90' lang='lat' dir='ltr'><strong>omissis</strong></span> <span class='ocrx_word' id='word_1_120' title='bbox 1774 1538 2122 1607; x_wconf 68' lang='lat' dir='ltr'><strong>agriculturae</strong></span> <span class='ocrx_word' id='word_1_121' title='bbox 2160 1553 2384 1592; x_wconf 76' lang='lat' dir='ltr'><strong>vacave-</strong></span> 
     </span>
    </p>
   </div>
   <div class='ocr_carea' id='block_1_19' title="bbox 795 1629 2381 1699">
    <p class='ocr_par' dir='ltr' id='par_1_19' title="bbox 795 1629 2381 1699">
     <span class='ocr_line' id='line_1_19' title="bbox 795 1629 2381 1699; baseline -0.001 -16"><span class='ocrx_word' id='word_1_122' title='bbox 795 1639 945 1684; x_wconf 88' lang='lat' dir='ltr'><strong>runt.</strong></span> <span class='ocrx_word' id='word_1_123' title='bbox 963 1631 1037 1683; x_wconf 87' lang='lat' dir='ltr'><strong>lta</strong></span> <span class='ocrx_word' id='word_1_124' title='bbox 1059 1630 1298 1684; x_wconf 82' lang='lat' dir='ltr'><strong>vaticinii</strong></span> <span class='ocrx_word' id='word_1_125' title='bbox 1315 1629 1472 1684; x_wconf 79' lang='lat' dir='ltr'><strong>istius</strong></span> <span class='ocrx_word' id='word_1_126' title='bbox 1489 1630 1669 1684; x_wconf 80' lang='lat' dir='ltr'><strong>exitus</strong></span> <span class='ocrx_word' id='word_1_127' title='bbox 1689 1629 2034 1699; x_wconf 86' lang='lat' dir='ltr'><strong>apertissime</strong></span> <span class='ocrx_word' id='word_1_128' title='bbox 2049 1629 2381 1682; x_wconf 80' lang='lat' dir='ltr'><strong>declaratur.</strong></span> 
     </span>
    </p>
   </div>
   <div class='ocr_carea' id='block_1_20' title="bbox 795 1721 2380 1792">
    <p class='ocr_par' dir='ltr' id='par_1_20' title="bbox 795 1721 2380 1792">
     <span class='ocr_line' id='line_1_20' title="bbox 795 1721 2380 1792; baseline 0 -16"><span class='ocrx_word' id='word_1_129' title='bbox 795 1724 981 1792; x_wconf 81' lang='lat' dir='ltr'><strong>Itaque</strong></span> <span class='ocrx_word' id='word_1_130' title='bbox 1007 1722 1436 1776; x_wconf 85' lang='lat' dir='ltr'><strong>etiamDanielus</strong></span> <span class='ocrx_word' id='word_1_131' title='bbox 1460 1723 1793 1775; x_wconf 88' lang='lat' dir='ltr'><strong>vaticinatus</strong></span> <span class='ocrx_word' id='word_1_132' title='bbox 1835 1728 1918 1774; x_wconf 88' lang='lat' dir='ltr'><strong>est</strong></span> <span class='ocrx_word' id='word_1_133' title='bbox 1947 1721 2034 1775; x_wconf 86' lang='lat' dir='ltr'><strong>his</strong></span> <span class='ocrx_word' id='word_1_134' title='bbox 2091 1721 2270 1775; x_wconf 85' lang='lat' dir='ltr'><strong>verbis</strong></span> <span class='ocrx_word' id='word_1_135' title='bbox 2288 1721 2333 1754; x_wconf 75' lang='grc' dir='ltr'>θ’</span> <span class='ocrx_word' id='word_1_136' title='bbox 2367 1741 2380 1776; x_wconf 86' lang='lat'>:</span> 
     </span>
    </p>
   </div>
   <div class='ocr_carea' id='block_1_21' title="bbox 800 1813 2385 1885">
    <p class='ocr_par' dir='ltr' id='par_1_21' title="bbox 800 1813 2385 1885">
     <span class='ocr_line' id='line_1_21' title="bbox 800 1813 2385 1885; baseline 0.001 -20"><span class='ocrx_word' id='word_1_137' title='bbox 800 1834 818 1865; x_wconf 75' lang='grc' dir='ltr'><strong>ι</strong></span> <span class='ocrx_word' id='word_1_138' title='bbox 854 1816 1163 1885; x_wconf 80' lang='lat' dir='ltr'><strong>Cognosces</strong></span> <span class='ocrx_word' id='word_1_139' title='bbox 1224 1823 1404 1870; x_wconf 89' lang='lat' dir='ltr'><strong>autem</strong></span> <span class='ocrx_word' id='word_1_140' title='bbox 1451 1823 1504 1868; x_wconf 87' lang='lat' dir='ltr'><strong>et</strong></span> <span class='ocrx_word' id='word_1_141' title='bbox 1553 1813 1819 1880; x_wconf 72' lang='lat' dir='ltr'><strong>inteLliges</strong></span> <span class='ocrx_word' id='word_1_142' title='bbox 1863 1828 1931 1866; x_wconf 75' lang='lat' dir='ltr'><strong>ex</strong></span> <span class='ocrx_word' id='word_1_143' title='bbox 1979 1813 2128 1866; x_wconf 80' lang='lat' dir='ltr'><strong>exitu</strong></span> <span class='ocrx_word' id='word_1_144' title='bbox 2180 1829 2385 1867; x_wconf 90' lang='lat' dir='ltr'><strong>sermo-</strong></span> 
     </span>
    </p>
   </div>
   <div class='ocr_carea' id='block_1_22' title="bbox 801 1903 2379 1972">
    <p class='ocr_par' dir='ltr' id='par_1_22' title="bbox 801 1903 2379 1972">
     <span class='ocr_line' id='line_1_22' title="bbox 801 1903 2379 1972; baseline -0.002 -14"><span class='ocrx_word' id='word_1_145' title='bbox 801 1906 910 1969; x_wconf 90' lang='lat' dir='ltr'><strong>nis,</strong></span> <span class='ocrx_word' id='word_1_146' title='bbox 938 1921 1060 1958; x_wconf 90' lang='lat' dir='ltr'><strong>cum</strong></span> <span class='ocrx_word' id='word_1_147' title='bbox 1095 1905 1374 1959; x_wconf 87' lang='lat' dir='ltr'><strong>decretum</strong></span> <span class='ocrx_word' id='word_1_148' title='bbox 1407 1905 1494 1957; x_wconf 74' lang='lat' dir='ltr'><strong>lict</strong></span> <span class='ocrx_word' id='word_1_149' title='bbox 1516 1912 1568 1958; x_wconf 90' lang='lat' dir='ltr'><strong>et</strong></span> <span class='ocrx_word' id='word_1_150' title='bbox 1593 1903 1954 1957; x_wconf 66' lang='lat' dir='ltr'><strong>aadilicabitur</strong></span> <span class='ocrx_word' id='word_1_151' title='bbox 1977 1903 2379 1972; x_wconf 87' lang='lat' dir='ltr'><strong>Hierosolyma,</strong></span> 
     </span>
    </p>
   </div>
   <div class='ocr_carea' id='block_1_23' title="bbox 803 1997 2376 2068">
    <p class='ocr_par' dir='ltr' id='par_1_23' title="bbox 803 1997 2376 2068">
     <span class='ocr_line' id='line_1_23' title="bbox 803 1997 2376 2068; baseline 0 -18"><span class='ocrx_word' id='word_1_152' title='bbox 803 2013 981 2068; x_wconf 88' lang='lat' dir='ltr'><strong>usque</strong></span> <span class='ocrx_word' id='word_1_153' title='bbox 1007 1999 1070 2050; x_wconf 87' lang='lat' dir='ltr'><strong>ad</strong></span> <span class='ocrx_word' id='word_1_154' title='bbox 1102 1997 1308 2050; x_wconf 87' lang='lat' dir='ltr'><strong>Christi</strong></span> <span class='ocrx_word' id='word_1_155' title='bbox 1358 1997 1726 2066; x_wconf 81' lang='lat' dir='ltr'><strong>principatum</strong></span> <span class='ocrx_word' id='word_1_156' title='bbox 1760 1998 2094 2066; x_wconf 84' lang='lat' dir='ltr'><strong>septimanas</strong></span> <span class='ocrx_word' id='word_1_157' title='bbox 2119 1997 2172 2059; x_wconf 88' lang='lat'><strong>7,</strong></span> <span class='ocrx_word' id='word_1_158' title='bbox 2203 1998 2376 2066; x_wconf 86' lang='lat' dir='ltr'><strong>septi-</strong></span> 
     </span>
    </p>
   </div>
   <div class='ocr_carea' id='block_1_24' title="bbox 2488 895 4068 970">
    <p class='ocr_par' dir='ltr' id='par_1_24' title="bbox 2488 895 4068 970">
     <span class='ocr_line' id='line_1_24' title="bbox 2488 895 4068 970; baseline 0.001 -20"><span class='ocrx_word' id='word_1_159' title='bbox 2488 898 2791 970; x_wconf 85' lang='grc' dir='ltr'>μάχαιραν,</span> <span class='ocrx_word' id='word_1_160' title='bbox 2827 898 2923 951; x_wconf 82' lang='grc' dir='ltr'>καὶ</span> <span class='ocrx_word' id='word_1_161' title='bbox 2952 898 3012 950; x_wconf 91' lang='grc' dir='ltr'><strong>οὐ</strong></span> <span class='ocrx_word' id='word_1_162' title='bbox 3046 896 3120 968; x_wconf 85' lang='grc' dir='ltr'>μὴ</span> <span class='ocrx_word' id='word_1_163' title='bbox 3151 896 3396 966; x_wconf 75' lang='grc' dir='ltr'><strong>μάθωσιν</strong></span> <span class='ocrx_word' id='word_1_164' title='bbox 3425 895 3505 948; x_wconf 81' lang='grc' dir='ltr'>ἔτι</span> <span class='ocrx_word' id='word_1_165' title='bbox 3552 897 3828 965; x_wconf 85' lang='grc' dir='ltr'>πολεμεῖν.</span> <span class='ocrx_word' id='word_1_166' title='bbox 3874 916 3892 948; x_wconf 68' lang='grc' dir='ltr'><strong>ι</strong></span> <span class='ocrx_word' id='word_1_167' title='bbox 3937 900 4068 951; x_wconf 83' lang='grc' dir='ltr'>Ὀτι</span> 
     </span>
    </p>
   </div>
   <div class='ocr_carea' id='block_1_25' title="bbox 2488 985 4070 1060">
    <p class='ocr_par' dir='ltr' id='par_1_25' title="bbox 2488 985 4070 1060">
     <span class='ocr_line' id='line_1_25' title="bbox 2488 985 4070 1060; baseline 0.002 -20"><span class='ocrx_word' id='word_1_168' title='bbox 2488 988 2544 1040; x_wconf 82' lang='grc' dir='ltr'>δὲ</span> <span class='ocrx_word' id='word_1_169' title='bbox 2577 991 2666 1042; x_wconf 68' lang='grc' dir='ltr'><strong>τὸν</strong></span> <span class='ocrx_word' id='word_1_170' title='bbox 2697 989 2834 1060; x_wconf 81' lang='grc' dir='ltr'>μετὰ</span> <span class='ocrx_word' id='word_1_171' title='bbox 2859 990 2958 1057; x_wconf 79' lang='grc' dir='ltr'>τὴν</span> <span class='ocrx_word' id='word_1_172' title='bbox 2987 989 3082 1040; x_wconf 82' lang='grc' dir='ltr'>τοῦ</span> <span class='ocrx_word' id='word_1_173' title='bbox 3109 988 3313 1059; x_wconf 77' lang='grc' dir='ltr'>Κυρίου</span> <span class='ocrx_word' id='word_1_174' title='bbox 3340 985 3644 1058; x_wconf 76' lang='grc' dir='ltr'>παρουσίαν</span> <span class='ocrx_word' id='word_1_175' title='bbox 3662 991 4070 1059; x_wconf 82' lang='grc' dir='ltr'>προσημαίνον-</span> 
     </span>
    </p>
   </div>
   <div class='ocr_carea' id='block_1_26' title="bbox 2481 1079 4063 1151">
    <p class='ocr_par' dir='ltr' id='par_1_26' title="bbox 2481 1079 4063 1151">
     <span class='ocr_line' id='line_1_26' title="bbox 2481 1079 4063 1151; baseline 0.003 -21"><span class='ocrx_word' id='word_1_176' title='bbox 2481 1097 2572 1132; x_wconf 86' lang='grc' dir='ltr'><strong>ται</strong></span> <span class='ocrx_word' id='word_1_177' title='bbox 2599 1079 2772 1135; x_wconf 78' lang='grc' dir='ltr'>ταῦτα</span> <span class='ocrx_word' id='word_1_178' title='bbox 2803 1080 3015 1150; x_wconf 79' lang='grc' dir='ltr'>καιρὸν,</span> <span class='ocrx_word' id='word_1_179' title='bbox 3040 1080 3109 1132; x_wconf 82' lang='grc' dir='ltr'>τὰ</span> <span class='ocrx_word' id='word_1_180' title='bbox 3140 1080 3441 1150; x_wconf 86' lang='grc' dir='ltr'>πράγματα</span> <span class='ocrx_word' id='word_1_181' title='bbox 3467 1081 3654 1150; x_wconf 75' lang='grc' dir='ltr'>σαφῶς</span> <span class='ocrx_word' id='word_1_182' title='bbox 3693 1080 4063 1151; x_wconf 79' lang='grc' dir='ltr'><strong>μαρτυροῦσι.</strong></span> 
     </span>
    </p>
   </div>
   <div class='ocr_carea' id='block_1_27' title="bbox 2486 1171 4067 1243">
    <p class='ocr_par' dir='ltr' id='par_1_27' title="bbox 2486 1171 4067 1243">
     <span class='ocr_line' id='line_1_27' title="bbox 2486 1171 4067 1243; baseline -0.001 -19"><span class='ocrx_word' id='word_1_183' title='bbox 2486 1172 2598 1242; x_wconf 84' lang='grc' dir='ltr'><strong>Πρὸ</strong></span> <span class='ocrx_word' id='word_1_184' title='bbox 2630 1173 2729 1242; x_wconf 84' lang='grc' dir='ltr'>μὲν</span> <span class='ocrx_word' id='word_1_185' title='bbox 2764 1174 2871 1243; x_wconf 86' lang='grc' dir='ltr'><strong>γάρ</strong></span> <span class='ocrx_word' id='word_1_186' title='bbox 2907 1172 3008 1242; x_wconf 80' lang='grc' dir='ltr'>τῆς</span> <span class='ocrx_word' id='word_1_187' title='bbox 3047 1171 3338 1240; x_wconf 86' lang='grc' dir='ltr'>Ῥωμαίων</span> <span class='ocrx_word' id='word_1_188' title='bbox 3391 1171 3671 1240; x_wconf 77' lang='grc' dir='ltr'><strong>βασιλείας</strong></span> <span class='ocrx_word' id='word_1_189' title='bbox 3718 1173 3910 1240; x_wconf 79' lang='grc' dir='ltr'>συχναὶ</span> <span class='ocrx_word' id='word_1_190' title='bbox 3952 1174 4067 1224; x_wconf 84' lang='grc' dir='ltr'><strong>τῶν</strong></span> 
     </span>
    </p>
   </div>
   <div class='ocr_carea' id='block_1_28' title="bbox 2485 1263 4068 1334">
    <p class='ocr_par' dir='ltr' id='par_1_28' title="bbox 2485 1263 4068 1334">
     <span class='ocr_line' id='line_1_28' title="bbox 2485 1263 4068 1334; baseline 0 -18"><span class='ocrx_word' id='word_1_191' title='bbox 2485 1264 2654 1316; x_wconf 87' lang='grc' dir='ltr'>ἐθνῶν</span> <span class='ocrx_word' id='word_1_192' title='bbox 2692 1264 2813 1317; x_wconf 81' lang='grc' dir='ltr'>κατ’</span> <span class='ocrx_word' id='word_1_193' title='bbox 2859 1263 3109 1334; x_wconf 82' lang='grc' dir='ltr'>ἀλλήλων</span> <span class='ocrx_word' id='word_1_194' title='bbox 3144 1264 3538 1325; x_wconf 76' lang='grc' dir='ltr'>ἐπαναστάσεις</span> <span class='ocrx_word' id='word_1_195' title='bbox 3574 1264 3832 1331; x_wconf 82' lang='grc' dir='ltr'>ἐγίνοντο,</span> <span class='ocrx_word' id='word_1_196' title='bbox 3868 1263 3961 1316; x_wconf 57' lang='lat' dir='ltr'><strong>an</strong></span> <span class='ocrx_word' id='word_1_197' title='bbox 3998 1265 4068 1332; x_wconf 78' lang='grc' dir='ltr'>δὴ</span> 
     </span>
    </p>
   </div>
   <div class='ocr_carea' id='block_1_29' title="bbox 2485 1352 4066 1422">
    <p class='ocr_par' dir='ltr' id='par_1_29' title="bbox 2485 1352 4066 1422">
     <span class='ocr_line' id='line_1_29' title="bbox 2485 1352 4066 1422; baseline -0.002 -16"><span class='ocrx_word' id='word_1_198' title='bbox 2485 1354 2607 1406; x_wconf 86' lang='grc' dir='ltr'>καθ’</span> <span class='ocrx_word' id='word_1_199' title='bbox 2652 1354 2885 1406; x_wconf 85' lang='grc' dir='ltr'>ἑκαστον</span> <span class='ocrx_word' id='word_1_200' title='bbox 2940 1354 3093 1415; x_wconf 75' lang='grc' dir='ltr'>ἔθνος</span> <span class='ocrx_word' id='word_1_201' title='bbox 3139 1353 3238 1421; x_wconf 85' lang='grc' dir='ltr'>τῆς</span> <span class='ocrx_word' id='word_1_202' title='bbox 3281 1352 3555 1421; x_wconf 79' lang='grc' dir='ltr'>βασιλείας</span> <span class='ocrx_word' id='word_1_203' title='bbox 3611 1354 4020 1422; x_wconf 55' lang='grc' dir='ltr'>μεμερισμένης</span> <span class='ocrx_word' id='word_1_204' title='bbox 4050 1371 4066 1385; x_wconf 89' lang='grc'><strong>·</strong></span> 
     </span>
    </p>
   </div>
   <div class='ocr_carea' id='block_1_30' title="bbox 2485 1448 4069 1520">
    <p class='ocr_par' dir='ltr' id='par_1_30' title="bbox 2485 1448 4069 1520">
     <span class='ocr_line' id='line_1_30' title="bbox 2485 1448 4069 1520; baseline -0.001 -18"><span class='ocrx_word' id='word_1_205' title='bbox 2485 1451 2668 1520; x_wconf 84' lang='grc' dir='ltr'>πάσης</span> <span class='ocrx_word' id='word_1_206' title='bbox 2725 1449 2779 1502; x_wconf 85' lang='grc' dir='ltr'>δὲ</span> <span class='ocrx_word' id='word_1_207' title='bbox 2816 1448 3114 1518; x_wconf 81' lang='grc' dir='ltr'>ἡγεμονίας</span> <span class='ocrx_word' id='word_1_208' title='bbox 3163 1451 3242 1511; x_wconf 88' lang='grc' dir='ltr'><strong>είς</strong></span> <span class='ocrx_word' id='word_1_209' title='bbox 3308 1448 3612 1517; x_wconf 80' lang='grc' dir='ltr'>Ῥωμαίους</span> <span class='ocrx_word' id='word_1_210' title='bbox 3672 1449 4069 1517; x_wconf 74' lang='grc' dir='ltr'><strong>μετατεθείσης</strong></span> 
     </span>
    </p>
   </div>
   <div class='ocr_carea' id='block_1_31' title="bbox 2486 1540 4068 1612">
    <p class='ocr_par' dir='ltr' id='par_1_31' title="bbox 2486 1540 4068 1612">
     <span class='ocr_line' id='line_1_31' title="bbox 2486 1540 4068 1612; baseline -0.003 -19"><span class='ocrx_word' id='word_1_211' title='bbox 2486 1544 2679 1612; x_wconf 85' lang='grc' dir='ltr'>εἰρήνη</span> <span class='ocrx_word' id='word_1_212' title='bbox 2718 1540 2909 1610; x_wconf 87' lang='grc' dir='ltr'>βαθεῖα</span> <span class='ocrx_word' id='word_1_213' title='bbox 2948 1540 3179 1609; x_wconf 83' lang='grc' dir='ltr'>κατέσχε</span> <span class='ocrx_word' id='word_1_214' title='bbox 3219 1541 3317 1610; x_wconf 80' lang='grc' dir='ltr'>τὴν</span> <span class='ocrx_word' id='word_1_215' title='bbox 3345 1540 3692 1610; x_wconf 85' lang='grc' dir='ltr'>οἰκουμένην,</span> <span class='ocrx_word' id='word_1_216' title='bbox 3737 1541 3812 1602; x_wconf 86' lang='grc' dir='ltr'><strong>ώς</strong></span> <span class='ocrx_word' id='word_1_217' title='bbox 3862 1542 4068 1608; x_wconf 77' lang='grc' dir='ltr'><strong>μηκέτι</strong></span> 
     </span>
    </p>
   </div>
   <div class='ocr_carea' id='block_1_32' title="bbox 2485 1631 4068 1702">
    <p class='ocr_par' dir='ltr' id='par_1_32' title="bbox 2485 1631 4068 1702">
     <span class='ocr_line' id='line_1_32' title="bbox 2485 1631 4068 1702; baseline -0.001 -20"><span class='ocrx_word' id='word_1_218' title='bbox 2485 1632 2637 1694; x_wconf 73' lang='grc' dir='ltr'>ἔθνος</span> <span class='ocrx_word' id='word_1_219' title='bbox 2679 1632 2797 1685; x_wconf 83' lang='grc' dir='ltr'>κατ’</span> <span class='ocrx_word' id='word_1_220' title='bbox 2842 1633 3025 1694; x_wconf 72' lang='grc' dir='ltr'>ἔθνους</span> <span class='ocrx_word' id='word_1_221' title='bbox 3055 1633 3487 1701; x_wconf 82' lang='grc' dir='ltr'>ἐπιστρατεύειν,</span> <span class='ocrx_word' id='word_1_222' title='bbox 3529 1631 3663 1684; x_wconf 75' lang='grc' dir='ltr'>ἀλλὰ</span> <span class='ocrx_word' id='word_1_223' title='bbox 3701 1635 3764 1702; x_wconf 86' lang='grc' dir='ltr'>τῇ</span> <span class='ocrx_word' id='word_1_224' title='bbox 3813 1632 4068 1702; x_wconf 69' lang='grc' dir='ltr'>γεωργίᾳ</span> 
     </span>
    </p>
   </div>
   <div class='ocr_carea' id='block_1_33' title="bbox 2488 1723 4066 1794">
    <p class='ocr_par' dir='ltr' id='par_1_33' title="bbox 2488 1723 4066 1794">
     <span class='ocr_line' id='line_1_33' title="bbox 2488 1723 4066 1794; baseline -0.001 -20"><span class='ocrx_word' id='word_1_225' title='bbox 2488 1723 2796 1794; x_wconf 84' lang='grc' dir='ltr'>προσέχειν,</span> <span class='ocrx_word' id='word_1_226' title='bbox 2850 1723 3060 1776; x_wconf 77' lang='grc' dir='ltr'>Οὐκοῦν</span> <span class='ocrx_word' id='word_1_227' title='bbox 3097 1723 3243 1792; x_wconf 86' lang='grc' dir='ltr'>μάλα</span> <span class='ocrx_word' id='word_1_228' title='bbox 3294 1723 3571 1776; x_wconf 81' lang='grc' dir='ltr'>δείκνυται</span> <span class='ocrx_word' id='word_1_229' title='bbox 3626 1723 3812 1790; x_wconf 74' lang='grc' dir='ltr'>σαφῶς</span> <span class='ocrx_word' id='word_1_230' title='bbox 3854 1723 3915 1775; x_wconf 80' lang='grc' dir='ltr'>τὸ</span> <span class='ocrx_word' id='word_1_231' title='bbox 3961 1723 4066 1792; x_wconf 71' lang='grc' dir='ltr'>τῆς</span> 
     </span>
    </p>
   </div>
   <div class='ocr_carea' id='block_1_34' title="bbox 2486 1812 4063 1885">
    <p class='ocr_par' dir='ltr' id='par_1_34' title="bbox 2486 1812 4063 1885">
     <span class='ocr_line' id='line_1_34' title="bbox 2486 1812 4063 1885; baseline -0.005 -18"><span class='ocrx_word' id='word_1_232' title='bbox 2486 1813 2848 1885; x_wconf 76' lang='grc' dir='ltr'>προρρήσεως</span> <span class='ocrx_word' id='word_1_233' title='bbox 2865 1812 3038 1876; x_wconf 86' lang='grc' dir='ltr'>τέλος.</span> <span class='ocrx_word' id='word_1_234' title='bbox 3063 1813 3152 1866; x_wconf 83' lang='grc' dir='ltr'>Διὸ</span> <span class='ocrx_word' id='word_1_235' title='bbox 3169 1814 3261 1865; x_wconf 82' lang='grc' dir='ltr'>καὶ</span> <span class='ocrx_word' id='word_1_236' title='bbox 3289 1813 3485 1881; x_wconf 84' lang='grc' dir='ltr'>Δανιὴλ</span> <span class='ocrx_word' id='word_1_237' title='bbox 3506 1812 3839 1882; x_wconf 68' lang='grc' dir='ltr'>προφητεύει</span> <span class='ocrx_word' id='word_1_238' title='bbox 3861 1812 4063 1879; x_wconf 75' lang='grc' dir='ltr'>λέγω-,ο</span> 
     </span>
    </p>
   </div>
   <div class='ocr_carea' id='block_1_35' title="bbox 2491 1903 4064 1976">
    <p class='ocr_par' dir='ltr' id='par_1_35' title="bbox 2491 1903 4064 1976">
     <span class='ocr_line' id='line_1_35' title="bbox 2491 1903 4064 1976; baseline -0.001 -20"><span class='ocrx_word' id='word_1_239' title='bbox 2491 1922 2510 1956; x_wconf 81' lang='grc' dir='ltr'><strong>ι</strong></span> <span class='ocrx_word' id='word_1_240' title='bbox 2547 1905 2658 1957; x_wconf 78' lang='grc' dir='ltr'><strong>Καὶ</strong></span> <span class='ocrx_word' id='word_1_241' title='bbox 2685 1903 2871 1976; x_wconf 80' lang='grc' dir='ltr'>γνώσῃ</span> <span class='ocrx_word' id='word_1_242' title='bbox 2920 1905 3016 1958; x_wconf 76' lang='grc' dir='ltr'>καὶ</span> <span class='ocrx_word' id='word_1_243' title='bbox 3059 1905 3312 1974; x_wconf 89' lang='grc' dir='ltr'>συνήσεις</span> <span class='ocrx_word' id='word_1_244' title='bbox 3359 1903 3468 1956; x_wconf 81' lang='grc' dir='ltr'><strong>ἀπὸ</strong></span> <span class='ocrx_word' id='word_1_245' title='bbox 3514 1905 3694 1969; x_wconf 70' lang='grc' dir='ltr'>ἐξόδου</span> <span class='ocrx_word' id='word_1_246' title='bbox 3745 1903 3918 1970; x_wconf 80' lang='grc' dir='ltr'>λόγων</span> <span class='ocrx_word' id='word_1_247' title='bbox 3962 1903 4064 1955; x_wconf 75' lang='grc' dir='ltr'>τοῦ</span> 
     </span>
    </p>
   </div>
   <div class='ocr_carea' id='block_1_36' title="bbox 2491 1994 4064 2066">
    <p class='ocr_par' dir='ltr' id='par_1_36' title="bbox 2491 1994 4064 2066">
     <span class='ocr_line' id='line_1_36' title="bbox 2491 1994 4064 2066; baseline -0.003 -16"><span class='ocrx_word' id='word_1_248' title='bbox 2491 1997 2887 2066; x_wconf 80' lang='grc' dir='ltr'>ἀποκριθῆναι,</span> <span class='ocrx_word' id='word_1_249' title='bbox 2923 1997 3021 2049; x_wconf 68' lang='grc' dir='ltr'><strong>κα)⁵</strong></span> <span class='ocrx_word' id='word_1_250' title='bbox 3051 1995 3144 2049; x_wconf 82' lang='grc' dir='ltr'>τοῦ</span> <span class='ocrx_word' id='word_1_251' title='bbox 3180 1995 3530 2064; x_wconf 76' lang='grc' dir='ltr'>οἰκοδομῆσαι</span> <span class='ocrx_word' id='word_1_252' title='bbox 3566 1994 3919 2066; x_wconf 72' lang='grc' dir='ltr'>Ἰερουσαλὴμ</span> <span class='ocrx_word' id='word_1_253' title='bbox 3952 1995 4064 2057; x_wconf 81' lang='grc' dir='ltr'>ἓως</span> 
     </span>
    </p>
   </div>
   <div class='ocr_carea' id='block_1_37' title="bbox 800 2086 2385 2158">
    <p class='ocr_par' dir='ltr' id='par_1_37' title="bbox 800 2086 2382 2158">
     <span class='ocr_line' id='line_1_37' title="bbox 800 2086 2382 2158; baseline 0.001 -17"><span class='ocrx_word' id='word_1_254' title='bbox 800 2103 993 2141; x_wconf 88' lang='lat' dir='ltr'><strong>manas</strong></span> <span class='ocrx_word' id='word_1_255' title='bbox 1023 2087 1110 2141; x_wconf 75' lang='lat'><strong>62.</strong></span> <span class='ocrx_word' id='word_1_256' title='bbox 1151 2106 1168 2138; x_wconf 73' lang='grc' dir='ltr'><strong>ι</strong></span> <span class='ocrx_word' id='word_1_257' title='bbox 1224 2086 1316 2140; x_wconf 68' lang='lat' dir='ltr'><strong>liae</strong></span> <span class='ocrx_word' id='word_1_258' title='bbox 1347 2103 1521 2158; x_wconf 73' lang='lat' dir='ltr'><strong>annos</strong></span> <span class='ocrx_word' id='word_1_259' title='bbox 1580 2087 1981 2152; x_wconf 73' lang='lat' dir='ltr'><strong>cﬂiciunt485;</strong></span> <span class='ocrx_word' id='word_1_260' title='bbox 2047 2088 2382 2156; x_wconf 87' lang='lat' dir='ltr'><strong>totidemque</strong></span> 
     </span>
    </p>
   </div>
   <div class='ocr_carea' id='block_1_38' title="bbox 2485 2086 4056 2158">
    <p class='ocr_par' dir='ltr' id='par_1_38' title="bbox 2485 2086 4056 2158">
     <span class='ocr_line' id='line_1_38' title="bbox 2485 2086 4056 2158; baseline -0.003 -18"><span class='ocrx_word' id='word_1_261' title='bbox 2485 2087 2724 2158; x_wconf 79' lang='grc' dir='ltr'>Χριστοῦ</span> <span class='ocrx_word' id='word_1_262' title='bbox 2749 2090 3056 2158; x_wconf 80' lang='grc' dir='ltr'>ἡγουμένου</span> <span class='ocrx_word' id='word_1_263' title='bbox 3080 2087 3381 2158; x_wconf 82' lang='grc' dir='ltr'>ἑϐδομάδας</span> <span class='ocrx_word' id='word_1_264' title='bbox 3402 2087 3448 2150; x_wconf 78' lang='grc' dir='ltr'><strong>ζ’</strong></span> <span class='ocrx_word' id='word_1_265' title='bbox 3477 2088 3572 2139; x_wconf 77' lang='grc' dir='ltr'>καὶ</span> <span class='ocrx_word' id='word_1_266' title='bbox 3589 2086 3884 2157; x_wconf 77' lang='grc' dir='ltr'>ἑϐδομάδας</span> <span class='ocrx_word' id='word_1_267' title='bbox 3906 2086 4013 2154; x_wconf 67' lang='grc' dir='ltr'><strong>ἒβη</strong></span> <span class='ocrx_word' id='word_1_268' title='bbox 4037 2106 4056 2136; x_wconf 68' lang='grc' dir='ltr'><strong>ι</strong></span> 
     </span>
    </p>
   </div>
   <div class='ocr_carea' id='block_1_39' title="bbox 799 2144 2377 2253">
    <p class='ocr_par' dir='ltr' id='par_1_39' title="bbox 799 2144 2377 2253">
     <span class='ocr_line' id='line_1_39' title="bbox 799 2144 2377 2253; baseline 0.004 -22"><span class='ocrx_word' id='word_1_269' title='bbox 799 2193 974 2232; x_wconf 89' lang='lat' dir='ltr'><strong>annos</strong></span> <span class='ocrx_word' id='word_1_270' title='bbox 1007 2181 1156 2233; x_wconf 93' lang='lat' dir='ltr'><strong>uncti</strong></span> <span class='ocrx_word' id='word_1_271' title='bbox 1199 2144 1523 2248; x_wconf 68' lang='lat' dir='ltr'><strong>potestateni</strong></span> <span class='ocrx_word' id='word_1_272' title='bbox 1555 2181 1607 2232; x_wconf 91' lang='lat' dir='ltr'><strong>in</strong></span> <span class='ocrx_word' id='word_1_273' title='bbox 1640 2181 1900 2250; x_wconf 87' lang='lat' dir='ltr'><strong>populum</strong></span> <span class='ocrx_word' id='word_1_274' title='bbox 1936 2180 2222 2236; x_wconf 87' lang='lat' dir='ltr'><strong>Judaicum</strong></span> <span class='ocrx_word' id='word_1_275' title='bbox 2254 2200 2377 2253; x_wconf 77' lang='lat' dir='ltr'><strong>ges-</strong></span> 
     </span>
    </p>
   </div>
   <div class='ocr_carea' id='block_1_40' title="bbox 798 2270 2380 2343">
    <p class='ocr_par' dir='ltr' id='par_1_40' title="bbox 798 2270 2380 2343">
     <span class='ocr_line' id='line_1_40' title="bbox 798 2270 2380 2343; baseline 0.005 -18"><span class='ocrx_word' id='word_1_276' title='bbox 798 2279 1011 2325; x_wconf 86' lang='lat' dir='ltr'><strong>serunt.</strong></span> <span class='ocrx_word' id='word_1_277' title='bbox 1037 2270 1278 2336; x_wconf 80' lang='lat' dir='ltr'><strong>Quorum</strong></span> <span class='ocrx_word' id='word_1_278' title='bbox 1319 2273 1545 2330; x_wconf 90' lang='lat' dir='ltr'><strong>ultimus</strong></span> <span class='ocrx_word' id='word_1_279' title='bbox 1579 2274 1886 2343; x_wconf 81' lang='lat' dir='ltr'><strong>Hyrcanus,</strong></span> <span class='ocrx_word' id='word_1_280' title='bbox 1950 2290 2075 2330; x_wconf 90' lang='lat' dir='ltr'><strong>cum</strong></span> <span class='ocrx_word' id='word_1_281' title='bbox 2104 2291 2132 2330; x_wconf 94' lang='lat' dir='ltr'><strong>a</strong></span> <span class='ocrx_word' id='word_1_282' title='bbox 2167 2276 2380 2334; x_wconf 86' lang='lat' dir='ltr'><strong>Parthis</strong></span> 
     </span>
    </p>
   </div>
   <div class='ocr_carea' id='block_1_41' title="bbox 798 2364 2377 2437">
    <p class='ocr_par' dir='ltr' id='par_1_41' title="bbox 798 2364 2377 2437">
     <span class='ocr_line' id='line_1_41' title="bbox 798 2364 2377 2437; baseline 0.004 -21"><span class='ocrx_word' id='word_1_283' title='bbox 798 2370 946 2416; x_wconf 85' lang='lat' dir='ltr'><strong>esset</strong></span> <span class='ocrx_word' id='word_1_284' title='bbox 986 2372 1198 2431; x_wconf 91' lang='lat' dir='ltr'><strong>captus,</strong></span> <span class='ocrx_word' id='word_1_285' title='bbox 1250 2364 1532 2433; x_wconf 78' lang='lat' dir='ltr'><strong>Augustus</strong></span> <span class='ocrx_word' id='word_1_286' title='bbox 1594 2364 1794 2420; x_wconf 89' lang='lat' dir='ltr'><strong>llerodi</strong></span> <span class='ocrx_word' id='word_1_287' title='bbox 1844 2382 2070 2437; x_wconf 77' lang='lat' dir='ltr'><strong>regnum</strong></span> <span class='ocrx_word' id='word_1_288' title='bbox 2123 2369 2377 2433; x_wconf 84' lang='lat' dir='ltr'><strong>tradidit;</strong></span> 
     </span>
    </p>
   </div>
   <div class='ocr_carea' id='block_1_42' title="bbox 799 2451 2376 2526">
    <p class='ocr_par' dir='ltr' id='par_1_42' title="bbox 799 2451 2376 2526">
     <span class='ocr_line' id='line_1_42' title="bbox 799 2451 2376 2526; baseline 0.005 -22"><span class='ocrx_word' id='word_1_289' title='bbox 799 2451 961 2520; x_wconf 85' lang='lat' dir='ltr'><strong>cujus</strong></span> <span class='ocrx_word' id='word_1_290' title='bbox 1001 2453 1206 2522; x_wconf 87' lang='lat' dir='ltr'><strong>posteri</strong></span> <span class='ocrx_word' id='word_1_291' title='bbox 1240 2453 1497 2523; x_wconf 84' lang='lat' dir='ltr'><strong>deinceps</strong></span> <span class='ocrx_word' id='word_1_292' title='bbox 1527 2455 1579 2508; x_wconf 88' lang='lat' dir='ltr'><strong>id</strong></span> <span class='ocrx_word' id='word_1_293' title='bbox 1606 2464 1898 2510; x_wconf 89' lang='lat' dir='ltr'><strong>tenuerunt</strong></span> <span class='ocrx_word' id='word_1_294' title='bbox 1944 2472 2118 2526; x_wconf 89' lang='lat' dir='ltr'><strong>usque</strong></span> <span class='ocrx_word' id='word_1_295' title='bbox 2153 2457 2216 2511; x_wconf 91' lang='lat' dir='ltr'><strong>ad</strong></span> <span class='ocrx_word' id='word_1_296' title='bbox 2247 2455 2376 2512; x_wconf 85' lang='lat' dir='ltr'><strong>Hie-</strong></span> 
     </span>
    </p>
   </div>
   <div class='ocr_carea' id='block_1_43' title="bbox 799 2543 2380 2616">
    <p class='ocr_par' dir='ltr' id='par_1_43' title="bbox 799 2543 2380 2616">
     <span class='ocr_line' id='line_1_43' title="bbox 799 2543 2380 2616; baseline 0.006 -21"><span class='ocrx_word' id='word_1_297' title='bbox 799 2545 1201 2614; x_wconf 86' lang='lat' dir='ltr'><strong>rosolymorum</strong></span> <span class='ocrx_word' id='word_1_298' title='bbox 1260 2545 1552 2599; x_wconf 75' lang='lat' dir='ltr'><strong>excidium.</strong></span> <span class='ocrx_word' id='word_1_299' title='bbox 1610 2543 1770 2610; x_wconf 85' lang='lat' dir='ltr'><strong>Nam,</strong></span> <span class='ocrx_word' id='word_1_300' title='bbox 1827 2545 1974 2615; x_wconf 83' lang='lat' dir='ltr'><strong>quod</strong></span> <span class='ocrx_word' id='word_1_301' title='bbox 2019 2556 2073 2601; x_wconf 93' lang='lat' dir='ltr'><strong>et</strong></span> <span class='ocrx_word' id='word_1_302' title='bbox 2106 2547 2380 2616; x_wconf 82' lang='lat' dir='ltr'><strong>Josephus</strong></span> 
     </span>
    </p>
   </div>
   <div class='ocr_carea' id='block_1_44' title="bbox 799 2629 2384 2706">
    <p class='ocr_par' dir='ltr' id='par_1_44' title="bbox 799 2629 2384 2706">
     <span class='ocr_line' id='line_1_44' title="bbox 799 2629 2384 2706; baseline 0.007 -26"><span class='ocrx_word' id='word_1_303' title='bbox 799 2638 1052 2691; x_wconf 88' lang='lat' dir='ltr'><strong>testatur,</strong></span> <span class='ocrx_word' id='word_1_304' title='bbox 1073 2629 1142 2682; x_wconf 89' lang='lat' dir='ltr'><strong>ab</strong></span> <span class='ocrx_word' id='word_1_305' title='bbox 1173 2644 1240 2684; x_wconf 87' lang='lat' dir='ltr'><strong>eo</strong></span> <span class='ocrx_word' id='word_1_306' title='bbox 1260 2638 1501 2700; x_wconf 88' lang='lat' dir='ltr'><strong>tempore</strong></span> <span class='ocrx_word' id='word_1_307' title='bbox 1530 2633 1766 2702; x_wconf 89' lang='lat' dir='ltr'><strong>nonjam</strong></span> <span class='ocrx_word' id='word_1_308' title='bbox 1791 2649 1858 2688; x_wconf 81' lang='lat' dir='ltr'><strong>ex</strong></span> <span class='ocrx_word' id='word_1_309' title='bbox 1886 2650 2224 2690; x_wconf 89' lang='lat' dir='ltr'><strong>summorum</strong></span> <span class='ocrx_word' id='word_1_310' title='bbox 2249 2653 2384 2706; x_wconf 91' lang='lat' dir='ltr'><strong>pon-</strong></span> 
     </span>
    </p>
   </div>
   <div class='ocr_carea' id='block_1_45' title="bbox 796 2719 2379 2795">
    <p class='ocr_par' dir='ltr' id='par_1_45' title="bbox 796 2719 2379 2795">
     <span class='ocr_line' id='line_1_45' title="bbox 796 2719 2379 2795; baseline 0.006 -23"><span class='ocrx_word' id='word_1_311' title='bbox 796 2719 1004 2773; x_wconf 69' lang='lat' dir='ltr'><strong>tiﬁcum</strong></span> <span class='ocrx_word' id='word_1_312' title='bbox 1049 2721 1221 2790; x_wconf 84' lang='lat' dir='ltr'><strong>stirpe</strong></span> <span class='ocrx_word' id='word_1_313' title='bbox 1252 2731 1345 2774; x_wconf 88' lang='lat' dir='ltr'><strong>aut</strong></span> <span class='ocrx_word' id='word_1_314' title='bbox 1398 2724 1815 2791; x_wconf 85' lang='lat' dir='ltr'><strong>Asmoneorum,</strong></span> <span class='ocrx_word' id='word_1_315' title='bbox 1849 2727 1942 2795; x_wconf 88' lang='lat' dir='ltr'><strong>qui</strong></span> <span class='ocrx_word' id='word_1_316' title='bbox 1981 2735 2037 2780; x_wconf 90' lang='lat' dir='ltr'><strong>et</strong></span> <span class='ocrx_word' id='word_1_317' title='bbox 2093 2727 2379 2782; x_wconf 67' lang='lat' dir='ltr'><strong>Llaccabzci</strong></span> 
     </span>
    </p>
   </div>
   <div class='ocr_carea' id='block_1_46' title="bbox 801 2809 2379 2880">
    <p class='ocr_par' dir='ltr' id='par_1_46' title="bbox 801 2809 2379 2880">
     <span class='ocr_line' id='line_1_46' title="bbox 801 2809 2379 2880; baseline 0.008 -19"><span class='ocrx_word' id='word_1_318' title='bbox 801 2809 1084 2876; x_wconf 87' lang='lat' dir='ltr'><strong>dicuntur,</strong></span> <span class='ocrx_word' id='word_1_319' title='bbox 1121 2811 1229 2865; x_wconf 89' lang='lat' dir='ltr'><strong>Deo</strong></span> <span class='ocrx_word' id='word_1_320' title='bbox 1254 2812 1536 2880; x_wconf 77' lang='lat' dir='ltr'><strong>pontifices</strong></span> <span class='ocrx_word' id='word_1_321' title='bbox 1563 2815 1892 2869; x_wconf 88' lang='lat' dir='ltr'><strong>creabantur</strong></span> <span class='ocrx_word' id='word_1_322' title='bbox 1930 2832 1946 2871; x_wconf 90' lang='lat'><strong>:</strong></span> <span class='ocrx_word' id='word_1_323' title='bbox 1979 2817 2072 2872; x_wconf 90' lang='lat' dir='ltr'><strong>sed</strong></span> <span class='ocrx_word' id='word_1_324' title='bbox 2097 2817 2148 2871; x_wconf 90' lang='lat' dir='ltr'><strong>id</strong></span> <span class='ocrx_word' id='word_1_325' title='bbox 2179 2833 2379 2876; x_wconf 89' lang='lat' dir='ltr'><strong>munus</strong></span> 
     </span>
    </p>
   </div>
   <div class='ocr_carea' id='block_1_47' title="bbox 801 2899 2378 2975">
    <p class='ocr_par' dir='ltr' id='par_1_47' title="bbox 801 2899 2378 2975">
     <span class='ocr_line' id='line_1_47' title="bbox 801 2899 2378 2975; baseline 0.005 -21"><span class='ocrx_word' id='word_1_326' title='bbox 801 2899 1023 2954; x_wconf 83' lang='lat' dir='ltr'><strong>obscuri</strong></span> <span class='ocrx_word' id='word_1_327' title='bbox 1051 2901 1303 2956; x_wconf 88' lang='lat' dir='ltr'><strong>ho:uines</strong></span> <span class='ocrx_word' id='word_1_328' title='bbox 1332 2903 1422 2955; x_wconf 88' lang='lat' dir='ltr'><strong>alii</strong></span> <span class='ocrx_word' id='word_1_329' title='bbox 1456 2918 1552 2972; x_wconf 90' lang='lat' dir='ltr'><strong>per</strong></span> <span class='ocrx_word' id='word_1_330' title='bbox 1580 2919 1782 2958; x_wconf 90' lang='lat' dir='ltr'><strong>annum</strong></span> <span class='ocrx_word' id='word_1_331' title='bbox 1826 2908 2110 2975; x_wconf 80' lang='lat' dir='ltr'><strong>gerebant,</strong></span> <span class='ocrx_word' id='word_1_332' title='bbox 2147 2908 2240 2962; x_wconf 88' lang='lat' dir='ltr'><strong>alii</strong></span> <span class='ocrx_word' id='word_1_333' title='bbox 2272 2911 2378 2962; x_wconf 89' lang='lat' dir='ltr'><strong>alia</strong></span> 
     </span>
    </p>
   </div>
   <div class='ocr_carea' id='block_1_48' title="bbox 801 2993 2382 3067">
    <p class='ocr_par' dir='ltr' id='par_1_48' title="bbox 801 2993 2382 3067">
     <span class='ocr_line' id='line_1_48' title="bbox 801 2993 2382 3067; baseline 0.006 -23"><span class='ocrx_word' id='word_1_334' title='bbox 801 2994 1037 3057; x_wconf 82' lang='lat' dir='ltr'><strong>ratione,</strong></span> <span class='ocrx_word' id='word_1_335' title='bbox 1069 2994 1409 3062; x_wconf 88' lang='lat' dir='ltr'><strong>redemptum</strong></span> <span class='ocrx_word' id='word_1_336' title='bbox 1454 3009 1483 3048; x_wconf 90' lang='lat' dir='ltr'><strong>a</strong></span> <span class='ocrx_word' id='word_1_337' title='bbox 1515 2993 1776 3052; x_wconf 83' lang='lat' dir='ltr'><strong>Romanis</strong></span> <span class='ocrx_word' id='word_1_338' title='bbox 1825 3001 2076 3067; x_wconf 87' lang='lat' dir='ltr'><strong>pecunia.</strong></span> <span class='ocrx_word' id='word_1_339' title='bbox 2127 3001 2254 3056; x_wconf 88' lang='lat' dir='ltr'><strong>Ideo</strong></span> <span class='ocrx_word' id='word_1_340' title='bbox 2277 3000 2382 3054; x_wconf 88' lang='lat' dir='ltr'><strong>Da-</strong></span> 
     </span>
    </p>
   </div>
   <div class='ocr_carea' id='block_1_49' title="bbox 800 3084 2382 3162">
    <p class='ocr_par' dir='ltr' id='par_1_49' title="bbox 800 3084 2382 3162">
     <span class='ocr_line' id='line_1_49' title="bbox 800 3084 2382 3162; baseline 0.006 -24"><span class='ocrx_word' id='word_1_341' title='bbox 800 3084 932 3138; x_wconf 88' lang='lat' dir='ltr'><strong>nieli</strong></span> <span class='ocrx_word' id='word_1_342' title='bbox 959 3099 1179 3154; x_wconf 90' lang='lat' dir='ltr'><strong>quoque</strong></span> <span class='ocrx_word' id='word_1_343' title='bbox 1209 3086 1496 3139; x_wconf 84' lang='lat' dir='ltr'><strong>oraculum</strong></span> <span class='ocrx_word' id='word_1_344' title='bbox 1543 3088 1619 3140; x_wconf 89' lang='lat' dir='ltr'><strong>ait</strong></span> <span class='ocrx_word' id='word_1_345' title='bbox 1651 3098 1772 3158; x_wconf 86' lang='lat' dir='ltr'><strong>post</strong></span> <span class='ocrx_word' id='word_1_346' title='bbox 1799 3089 1829 3141; x_wconf 85' lang='lat'><strong>7</strong></span> <span class='ocrx_word' id='word_1_347' title='bbox 1852 3099 1904 3144; x_wconf 90' lang='lat' dir='ltr'><strong>et</strong></span> <span class='ocrx_word' id='word_1_348' title='bbox 1935 3099 2056 3160; x_wconf 84' lang='lat' dir='ltr'><strong>post</strong></span> <span class='ocrx_word' id='word_1_349' title='bbox 2105 3091 2175 3146; x_wconf 74' lang='lat'><strong>62</strong></span> <span class='ocrx_word' id='word_1_350' title='bbox 2212 3095 2382 3162; x_wconf 89' lang='lat' dir='ltr'><strong>septi-</strong></span> 
     </span>
    </p>
   </div>
   <div class='ocr_carea' id='block_1_50' title="bbox 2493 2178 4064 2250">
    <p class='ocr_par' dir='ltr' id='par_1_50' title="bbox 2493 2178 4064 2250">
     <span class='ocr_line' id='line_1_50' title="bbox 2493 2178 4064 2250; baseline -0.004 -15"><span class='ocrx_word' id='word_1_351' title='bbox 2493 2179 2549 2235; x_wconf 79' lang='grc' dir='ltr'>αἶ</span> <span class='ocrx_word' id='word_1_352' title='bbox 2580 2178 2996 2249; x_wconf 82' lang='grc' dir='ltr'>συμπληροῦσιν</span> <span class='ocrx_word' id='word_1_353' title='bbox 3017 2179 3111 2250; x_wconf 84' lang='grc' dir='ltr'><strong>ἑτη</strong></span> <span class='ocrx_word' id='word_1_354' title='bbox 3131 2185 3277 2249; x_wconf 83' lang='grc' dir='ltr'>υπγ’,</span> <span class='ocrx_word' id='word_1_355' title='bbox 3298 2181 3399 2232; x_wconf 83' lang='grc' dir='ltr'>ὅσα</span> <span class='ocrx_word' id='word_1_356' title='bbox 3419 2178 3488 2230; x_wconf 74' lang='grc' dir='ltr'>τὰ</span> <span class='ocrx_word' id='word_1_357' title='bbox 3509 2179 3607 2246; x_wconf 78' lang='grc' dir='ltr'>τῆς</span> <span class='ocrx_word' id='word_1_358' title='bbox 3631 2179 3805 2249; x_wconf 79' lang='grc' dir='ltr'>ἀρχῆς</span> <span class='ocrx_word' id='word_1_359' title='bbox 3825 2178 4064 2248; x_wconf 81' lang='grc' dir='ltr'>ὑπάρχει</span> 
     </span>
    </p>
   </div>
   <div class='ocr_carea' id='block_1_51' title="bbox 2482 2263 4051 2341">
    <p class='ocr_par' dir='ltr' id='par_1_51' title="bbox 2482 2263 4051 2341">
     <span class='ocr_line' id='line_1_51' title="bbox 2482 2263 4051 2341; baseline -0.002 -17"><span class='ocrx_word' id='word_1_360' title='bbox 2482 2272 2592 2324; x_wconf 88' lang='grc' dir='ltr'><strong>τῶν</strong></span> <span class='ocrx_word' id='word_1_361' title='bbox 2625 2270 2862 2341; x_wconf 87' lang='grc' dir='ltr'>χριστῶν</span> <span class='ocrx_word' id='word_1_362' title='bbox 2909 2271 3228 2341; x_wconf 79' lang='grc' dir='ltr'>ἡγουμένων</span> <span class='ocrx_word' id='word_1_363' title='bbox 3255 2311 3270 2335; x_wconf 89' lang='grc'><strong>,</strong></span> <span class='ocrx_word' id='word_1_364' title='bbox 3306 2263 3382 2325; x_wconf 80' lang='grc' dir='ltr'>ὧν</span> <span class='ocrx_word' id='word_1_365' title='bbox 3424 2270 3735 2324; x_wconf 86' lang='grc' dir='ltr'>τελευταίου</span> <span class='ocrx_word' id='word_1_366' title='bbox 3777 2271 4051 2341; x_wconf 74' lang='grc' dir='ltr'>Ὑρκανοῦ</span> 
     </span>
    </p>
   </div>
   <div class='ocr_carea' id='block_1_52' title="bbox 2484 2361 4066 2434">
    <p class='ocr_par' dir='ltr' id='par_1_52' title="bbox 2484 2361 4066 2434">
     <span class='ocr_line' id='line_1_52' title="bbox 2484 2361 4066 2434; baseline -0.002 -18"><span class='ocrx_word' id='word_1_367' title='bbox 2484 2363 2592 2417; x_wconf 84' lang='grc' dir='ltr'><strong>ὐπδ</strong></span> <span class='ocrx_word' id='word_1_368' title='bbox 2617 2363 2848 2433; x_wconf 85' lang='grc' dir='ltr'>Πάρθων</span> <span class='ocrx_word' id='word_1_369' title='bbox 2873 2361 3408 2433; x_wconf 73' lang='grc' dir='ltr'>αἰχμαλωτισθέντος</span> <span class='ocrx_word' id='word_1_370' title='bbox 3443 2363 3688 2434; x_wconf 71' lang='grc' dir='ltr'>Ἡρώδης</span> <span class='ocrx_word' id='word_1_371' title='bbox 3717 2364 3822 2416; x_wconf 68' lang='grc' dir='ltr'>ἀπὸ</span> <span class='ocrx_word' id='word_1_372' title='bbox 3847 2362 4066 2428; x_wconf 52' lang='lat' dir='ltr'><strong>A5705-</strong></span> 
     </span>
    </p>
   </div>
   <div class='ocr_carea' id='block_1_53' title="bbox 2486 2452 4062 2523">
    <p class='ocr_par' dir='ltr' id='par_1_53' title="bbox 2486 2452 4062 2523">
     <span class='ocr_line' id='line_1_53' title="bbox 2486 2452 4062 2523; baseline -0.001 -18"><span class='ocrx_word' id='word_1_373' title='bbox 2486 2469 2612 2506; x_wconf 87' lang='grc' dir='ltr'>στου</span> <span class='ocrx_word' id='word_1_374' title='bbox 2648 2452 3073 2523; x_wconf 83' lang='grc' dir='ltr'>παραλαμϐάνει</span> <span class='ocrx_word' id='word_1_375' title='bbox 3102 2453 3202 2523; x_wconf 86' lang='grc' dir='ltr'>τὴν</span> <span class='ocrx_word' id='word_1_376' title='bbox 3229 2453 3529 2520; x_wconf 87' lang='grc' dir='ltr'>βασιλείαν,</span> <span class='ocrx_word' id='word_1_377' title='bbox 3567 2455 3684 2523; x_wconf 89' lang='grc' dir='ltr'>μεθ’</span> <span class='ocrx_word' id='word_1_378' title='bbox 3711 2455 3836 2508; x_wconf 82' lang='grc' dir='ltr'>ὃνοί</span> <span class='ocrx_word' id='word_1_379' title='bbox 3865 2453 4062 2506; x_wconf 78' lang='grc' dir='ltr'>τούτου</span> 
     </span>
    </p>
   </div>
   <div class='ocr_carea' id='block_1_54' title="bbox 2485 2543 4061 2617">
    <p class='ocr_par' dir='ltr' id='par_1_54' title="bbox 2485 2543 4061 2617">
     <span class='ocr_line' id='line_1_54' title="bbox 2485 2543 4061 2617; baseline 0.003 -21"><span class='ocrx_word' id='word_1_380' title='bbox 2485 2543 2672 2607; x_wconf 87' lang='grc' dir='ltr'>παῖδες</span> <span class='ocrx_word' id='word_1_381' title='bbox 2700 2544 2862 2613; x_wconf 88' lang='grc' dir='ltr'>μέχρι</span> <span class='ocrx_word' id='word_1_382' title='bbox 2892 2548 2993 2614; x_wconf 85' lang='grc' dir='ltr'>τῆς</span> <span class='ocrx_word' id='word_1_383' title='bbox 3021 2545 3259 2614; x_wconf 75' lang='grc' dir='ltr'>ὑστάτης</span> <span class='ocrx_word' id='word_1_384' title='bbox 3299 2543 3689 2617; x_wconf 82' lang='grc' dir='ltr'>Ἱεροσολύμων</span> <span class='ocrx_word' id='word_1_385' title='bbox 3718 2546 4061 2616; x_wconf 77' lang='grc' dir='ltr'>πολιορκίας.</span> 
     </span>
    </p>
   </div>
   <div class='ocr_carea' id='block_1_55' title="bbox 2483 2635 4063 2708">
    <p class='ocr_par' dir='ltr' id='par_1_55' title="bbox 2483 2635 4063 2708">
     <span class='ocr_line' id='line_1_55' title="bbox 2483 2635 4063 2708; baseline 0.003 -21"><span class='ocrx_word' id='word_1_386' title='bbox 2483 2635 2682 2688; x_wconf 79' lang='grc' dir='ltr'>Οὐκέτι</span> <span class='ocrx_word' id='word_1_387' title='bbox 2739 2636 2849 2706; x_wconf 85' lang='grc' dir='ltr'><strong>γὰρ</strong></span> <span class='ocrx_word' id='word_1_388' title='bbox 2883 2639 2950 2690; x_wconf 85' lang='grc' dir='ltr'><strong>ἐκ</strong></span> <span class='ocrx_word' id='word_1_389' title='bbox 2985 2636 3237 2706; x_wconf 80' lang='grc' dir='ltr'>διαδοχῆς</span> <span class='ocrx_word' id='word_1_390' title='bbox 3283 2638 3378 2691; x_wconf 81' lang='grc' dir='ltr'><strong>τοῦ</strong></span> <span class='ocrx_word' id='word_1_391' title='bbox 3421 2639 3808 2708; x_wconf 81' lang='grc' dir='ltr'>ἀρχιερατικοῦ</span> <span class='ocrx_word' id='word_1_392' title='bbox 3865 2640 4063 2707; x_wconf 82' lang='grc' dir='ltr'>γένους</span> 
     </span>
    </p>
   </div>
   <div class='ocr_carea' id='block_1_56' title="bbox 2483 2728 4064 2801">
    <p class='ocr_par' dir='ltr' id='par_1_56' title="bbox 2483 2728 4064 2801">
     <span class='ocr_line' id='line_1_56' title="bbox 2483 2728 4064 2801; baseline 0.001 -20"><span class='ocrx_word' id='word_1_393' title='bbox 2483 2728 2593 2782; x_wconf 84' lang='grc' dir='ltr'><strong>τῶν</strong></span> <span class='ocrx_word' id='word_1_394' title='bbox 2623 2728 2897 2781; x_wconf 84' lang='grc' dir='ltr'>Ἰουδαίων</span> <span class='ocrx_word' id='word_1_395' title='bbox 2918 2729 3012 2781; x_wconf 74' lang='grc' dir='ltr'>καὶ</span> <span class='ocrx_word' id='word_1_396' title='bbox 3049 2729 3398 2798; x_wconf 82' lang='grc' dir='ltr'>’Δσαμονέων</span> <span class='ocrx_word' id='word_1_397' title='bbox 3417 2730 3951 2801; x_wconf 81' lang='grc' dir='ltr'>ἡτοιΜακκαϐαίων,</span> <span class='ocrx_word' id='word_1_398' title='bbox 3981 2729 4064 2790; x_wconf 85' lang='grc' dir='ltr'><strong>ῶς</strong></span> 
     </span>
    </p>
   </div>
   <div class='ocr_carea' id='block_1_57' title="bbox 2485 2821 4060 2893">
    <p class='ocr_par' dir='ltr' id='par_1_57' title="bbox 2485 2821 4060 2893">
     <span class='ocr_line' id='line_1_57' title="bbox 2485 2821 4060 2893; baseline 0.001 -19"><span class='ocrx_word' id='word_1_399' title='bbox 2485 2837 2652 2892; x_wconf 84' lang='grc' dir='ltr'>φησιν</span> <span class='ocrx_word' id='word_1_400' title='bbox 2697 2821 2980 2892; x_wconf 86' lang='grc' dir='ltr'>Ἰώσηπος,</span> <span class='ocrx_word' id='word_1_401' title='bbox 3038 2821 3292 2893; x_wconf 83' lang='grc' dir='ltr'>ίερῶνται</span> <span class='ocrx_word' id='word_1_402' title='bbox 3355 2822 3432 2890; x_wconf 83' lang='grc' dir='ltr'>τῷ</span> <span class='ocrx_word' id='word_1_403' title='bbox 3478 2823 3618 2893; x_wconf 81' lang='grc' dir='ltr'>Θεῷ,</span> <span class='ocrx_word' id='word_1_404' title='bbox 3671 2823 3786 2876; x_wconf 82' lang='grc' dir='ltr'>ἀλλ’</span> <span class='ocrx_word' id='word_1_405' title='bbox 3846 2822 4060 2893; x_wconf 76' lang='grc' dir='ltr'>ἄσημοι</span> 
     </span>
    </p>
   </div>
   <div class='ocr_carea' id='block_1_58' title="bbox 2483 2911 4063 2984">
    <p class='ocr_par' dir='ltr' id='par_1_58' title="bbox 2483 2911 4063 2984">
     <span class='ocr_line' id='line_1_58' title="bbox 2483 2911 4063 2984; baseline 0.001 -22"><span class='ocrx_word' id='word_1_406' title='bbox 2483 2928 2648 2977; x_wconf 89' lang='grc' dir='ltr'>τινες,</span> <span class='ocrx_word' id='word_1_407' title='bbox 2675 2913 2724 2963; x_wconf 77' lang='grc' dir='ltr'>οἱ</span> <span class='ocrx_word' id='word_1_408' title='bbox 2763 2911 2861 2980; x_wconf 84' lang='grc' dir='ltr'>μὲν</span> <span class='ocrx_word' id='word_1_409' title='bbox 2899 2912 3188 2977; x_wconf 85' lang='grc' dir='ltr'>ἐνιαύσιοι,</span> <span class='ocrx_word' id='word_1_410' title='bbox 3236 2913 3286 2964; x_wconf 88' lang='grc' dir='ltr'>οἱ</span> <span class='ocrx_word' id='word_1_411' title='bbox 3325 2911 3382 2964; x_wconf 86' lang='grc' dir='ltr'><strong>δέ</strong></span> <span class='ocrx_word' id='word_1_412' title='bbox 3413 2913 3506 2965; x_wconf 73' lang='grc' dir='ltr'>ἐπὶ</span> <span class='ocrx_word' id='word_1_413' title='bbox 3547 2911 3708 2982; x_wconf 82' lang='grc' dir='ltr'>λόγῳ,</span> <span class='ocrx_word' id='word_1_414' title='bbox 3765 2912 3915 2984; x_wconf 80' lang='grc' dir='ltr'>παρὰ</span> <span class='ocrx_word' id='word_1_415' title='bbox 3947 2912 4063 2964; x_wconf 87' lang='grc' dir='ltr'><strong>τῶν</strong></span> 
     </span>
    </p>
   </div>
   <div class='ocr_carea' id='block_1_59' title="bbox 2497 3005 4062 3078">
    <p class='ocr_par' dir='ltr' id='par_1_59' title="bbox 2497 3005 4062 3078">
     <span class='ocr_line' id='line_1_59' title="bbox 2497 3005 4062 3078; baseline -0.002 -20"><span class='ocrx_word' id='word_1_416' title='bbox 2497 3005 2786 3077; x_wconf 83' lang='grc' dir='ltr'>Ῥωμαίων</span> <span class='ocrx_word' id='word_1_417' title='bbox 2811 3007 2910 3076; x_wconf 74' lang='grc' dir='ltr'>τὴν</span> <span class='ocrx_word' id='word_1_418' title='bbox 2939 3006 3244 3078; x_wconf 77' lang='grc' dir='ltr'>ἱερωσύνην</span> <span class='ocrx_word' id='word_1_419' title='bbox 3272 3006 3596 3077; x_wconf 85' lang='grc' dir='ltr'>ὠνούμενοι.</span> <span class='ocrx_word' id='word_1_420' title='bbox 3627 3005 3718 3058; x_wconf 86' lang='grc' dir='ltr'>Διὸ</span> <span class='ocrx_word' id='word_1_421' title='bbox 3737 3007 3832 3058; x_wconf 77' lang='grc' dir='ltr'>καὶ</span> <span class='ocrx_word' id='word_1_422' title='bbox 3858 3005 4062 3073; x_wconf 75' lang='grc' dir='ltr'>Δανιὴλ</span> 
     </span>
    </p>
   </div>
   <div class='ocr_carea' id='block_1_60' title="bbox 2484 3097 4058 3171">
    <p class='ocr_par' dir='ltr' id='par_1_60' title="bbox 2484 3097 4058 3171">
     <span class='ocr_line' id='line_1_60' title="bbox 2484 3097 4058 3171; baseline -0.012 -4"><span class='ocrx_word' id='word_1_423' title='bbox 2484 3097 2818 3165; x_wconf 82' lang='grc' dir='ltr'>προφητεύει</span> <span class='ocrx_word' id='word_1_424' title='bbox 2836 3097 3032 3162; x_wconf 81' lang='grc' dir='ltr'>λέγων’</span> <span class='ocrx_word' id='word_1_425' title='bbox 3055 3097 3142 3168; x_wconf 88' lang='grc' dir='ltr'><strong>[Ρ.</strong></span> <span class='ocrx_word' id='word_1_426' title='bbox 3176 3097 3301 3171; x_wconf 75' lang='grc'><strong>182]</strong></span> <span class='ocrx_word' id='word_1_427' title='bbox 3339 3100 3492 3168; x_wconf 68' lang='grc' dir='ltr'>εἶκαὶ</span> <span class='ocrx_word' id='word_1_428' title='bbox 3525 3098 3663 3168; x_wconf 86' lang='grc' dir='ltr'>μετὰ</span> <span class='ocrx_word' id='word_1_429' title='bbox 3677 3098 3772 3161; x_wconf 76' lang='grc' dir='ltr'>τὰς</span> <span class='ocrx_word' id='word_1_430' title='bbox 3789 3098 3926 3150; x_wconf 70' lang='grc' dir='ltr'>ἑπτὰ</span> <span class='ocrx_word' id='word_1_431' title='bbox 3961 3098 4058 3149; x_wconf 79' lang='grc' dir='ltr'>καὶ</span> 
     </span>
    </p>
   </div>
   <div class='ocr_carea' id='block_1_61' title="bbox 801 3175 2385 3266">
    <p class='ocr_par' dir='ltr' id='par_1_61' title="bbox 801 3175 2377 3253">
     <span class='ocr_line' id='line_1_61' title="bbox 801 3175 2377 3253; baseline 0.006 -26"><span class='ocrx_word' id='word_1_432' title='bbox 801 3189 995 3228; x_wconf 88' lang='lat' dir='ltr'><strong>manas</strong></span> <span class='ocrx_word' id='word_1_433' title='bbox 1047 3175 1313 3228; x_wconf 86' lang='lat' dir='ltr'><strong>abolitum</strong></span> <span class='ocrx_word' id='word_1_434' title='bbox 1347 3176 1410 3230; x_wconf 93' lang='lat' dir='ltr'><strong>iri</strong></span> <span class='ocrx_word' id='word_1_435' title='bbox 1459 3179 1790 3243; x_wconf 90' lang='lat' dir='ltr'><strong>unetionem,</strong></span> <span class='ocrx_word' id='word_1_436' title='bbox 1843 3196 2018 3250; x_wconf 81' lang='lat' dir='ltr'><strong>neque</strong></span> <span class='ocrx_word' id='word_1_437' title='bbox 2067 3181 2185 3239; x_wconf 81' lang='lat' dir='ltr'><strong>fore</strong></span> <span class='ocrx_word' id='word_1_438' title='bbox 2230 3183 2377 3253; x_wconf 82' lang='lat' dir='ltr'><strong>judi-</strong></span> 
     </span>
    </p>
   </div>
   <div class='ocr_carea' id='block_1_62' title="bbox 2485 3175 4060 3266">
    <p class='ocr_par' dir='ltr' id='par_1_62' title="bbox 2485 3188 4060 3262">
     <span class='ocr_line' id='line_1_62' title="bbox 2485 3188 4060 3262; baseline 0.001 -23"><span class='ocrx_word' id='word_1_439' title='bbox 2485 3188 2752 3259; x_wconf 79' lang='grc' dir='ltr'>ἐξήκοντα</span> <span class='ocrx_word' id='word_1_440' title='bbox 2790 3188 2886 3241; x_wconf 92' lang='grc' dir='ltr'><strong>δύο</strong></span> <span class='ocrx_word' id='word_1_441' title='bbox 2937 3189 3241 3260; x_wconf 88' lang='grc' dir='ltr'>ἑϐδομάδας</span> <span class='ocrx_word' id='word_1_442' title='bbox 3285 3189 3801 3262; x_wconf 83' lang='grc' dir='ltr'>ἐξολοθρευθὴσεται</span> <span class='ocrx_word' id='word_1_443' title='bbox 3844 3191 4060 3260; x_wconf 77' lang='grc' dir='ltr'>χρίσμα</span> 
     </span>
    </p>
   </div>
   <div class='ocr_carea' id='block_1_63' title="bbox 800 3266 2380 3345">
    <p class='ocr_par' dir='ltr' id='par_1_63' title="bbox 800 3266 2380 3345">
     <span class='ocr_line' id='line_1_63' title="bbox 800 3266 2380 3345; baseline 0.007 -25"><span class='ocrx_word' id='word_1_444' title='bbox 800 3266 972 3329; x_wconf 90' lang='lat' dir='ltr'><strong>cium,</strong></span> <span class='ocrx_word' id='word_1_445' title='bbox 997 3273 1052 3319; x_wconf 89' lang='lat' dir='ltr'><strong>et</strong></span> <span class='ocrx_word' id='word_1_446' title='bbox 1077 3275 1296 3321; x_wconf 65' lang='lat' dir='ltr'><strong>caetera.</strong></span> <span class='ocrx_word' id='word_1_447' title='bbox 1324 3266 1412 3322; x_wconf 89' lang='lat' dir='ltr'><strong>Sic</strong></span> <span class='ocrx_word' id='word_1_448' title='bbox 1433 3278 1612 3323; x_wconf 90' lang='lat' dir='ltr'><strong>autem</strong></span> <span class='ocrx_word' id='word_1_449' title='bbox 1637 3270 1942 3326; x_wconf 74' lang='lat' dir='ltr'><strong>dividendae</strong></span> <span class='ocrx_word' id='word_1_450' title='bbox 1963 3282 2089 3328; x_wconf 91' lang='lat' dir='ltr'><strong>sunt</strong></span> <span class='ocrx_word' id='word_1_451' title='bbox 2117 3274 2184 3328; x_wconf 88' lang='lat'><strong>69</strong></span> <span class='ocrx_word' id='word_1_452' title='bbox 2212 3278 2380 3345; x_wconf 84' lang='lat' dir='ltr'><strong>septi-</strong></span> 
     </span>
    </p>
   </div>
   <div class='ocr_carea' id='block_1_64' title="bbox 801 3357 2373 3436">
    <p class='ocr_par' dir='ltr' id='par_1_64' title="bbox 801 3357 2373 3436">
     <span class='ocr_line' id='line_1_64' title="bbox 801 3357 2373 3436; baseline 0.009 -27"><span class='ocrx_word' id='word_1_453' title='bbox 801 3371 978 3410; x_wconf 66' lang='lat' dir='ltr'><strong>mante</strong></span> <span class='ocrx_word' id='word_1_454' title='bbox 1007 3375 1018 3410; x_wconf 94' lang='lat'><strong>:</strong></span> <span class='ocrx_word' id='word_1_455' title='bbox 1050 3357 1126 3410; x_wconf 89' lang='lat' dir='ltr'><strong>7a</strong></span> <span class='ocrx_word' id='word_1_456' title='bbox 1157 3357 1334 3412; x_wconf 91' lang='lat' dir='ltr'><strong>reditu</strong></span> <span class='ocrx_word' id='word_1_457' title='bbox 1366 3374 1430 3412; x_wconf 79' lang='lat' dir='ltr'><strong>ex</strong></span> <span class='ocrx_word' id='word_1_458' title='bbox 1459 3361 1653 3414; x_wconf 79' lang='lat' dir='ltr'><strong>exsilio</strong></span> <span class='ocrx_word' id='word_1_459' title='bbox 1685 3377 1859 3431; x_wconf 88' lang='lat' dir='ltr'><strong>usque</strong></span> <span class='ocrx_word' id='word_1_460' title='bbox 1884 3364 1951 3418; x_wconf 91' lang='lat' dir='ltr'><strong>ad</strong></span> <span class='ocrx_word' id='word_1_461' title='bbox 1991 3367 2178 3436; x_wconf 87' lang='lat' dir='ltr'><strong>templi</strong></span> <span class='ocrx_word' id='word_1_462' title='bbox 2208 3368 2373 3423; x_wconf 89' lang='lat' dir='ltr'><strong>abso-</strong></span> 
     </span>
    </p>
   </div>
   <div class='ocr_carea' id='block_1_65' title="bbox 804 3449 2384 3520">
    <p class='ocr_par' dir='ltr' id='par_1_65' title="bbox 804 3449 2384 3520">
     <span class='ocr_line' id='line_1_65' title="bbox 804 3449 2384 3520; baseline 0.008 -18"><span class='ocrx_word' id='word_1_463' title='bbox 804 3449 1101 3513; x_wconf 75' lang='lat' dir='ltr'><strong>lutionem;</strong></span> <span class='ocrx_word' id='word_1_464' title='bbox 1137 3450 1363 3520; x_wconf 70' lang='lat' dir='ltr'><strong>reliquae</strong></span> <span class='ocrx_word' id='word_1_465' title='bbox 1394 3451 1463 3505; x_wconf 78' lang='grc'><strong>62</strong></span> <span class='ocrx_word' id='word_1_466' title='bbox 1511 3452 1595 3504; x_wconf 90' lang='lat' dir='ltr'><strong>his</strong></span> <span class='ocrx_word' id='word_1_467' title='bbox 1616 3452 1733 3508; x_wconf 89' lang='lat' dir='ltr'><strong>sine</strong></span> <span class='ocrx_word' id='word_1_468' title='bbox 1757 3454 2042 3510; x_wconf 86' lang='lat' dir='ltr'><strong>intervallo</strong></span> <span class='ocrx_word' id='word_1_469' title='bbox 2089 3459 2384 3516; x_wconf 81' lang='lat' dir='ltr'><strong>succeden-</strong></span> 
     </span>
    </p>
   </div>
   <div class='ocr_carea' id='block_1_66' title="bbox 803 3541 2372 3616">
    <p class='ocr_par' dir='ltr' id='par_1_66' title="bbox 803 3541 2372 3616">
     <span class='ocr_line' id='line_1_66' title="bbox 803 3541 2372 3616; baseline 0.008 -23"><span class='ocrx_word' id='word_1_470' title='bbox 803 3548 887 3594; x_wconf 88' lang='lat' dir='ltr'><strong>tes</strong></span> <span class='ocrx_word' id='word_1_471' title='bbox 915 3541 970 3593; x_wconf 92' lang='lat' dir='ltr'><strong>in</strong></span> <span class='ocrx_word' id='word_1_472' title='bbox 1015 3550 1226 3610; x_wconf 88' lang='lat' dir='ltr'><strong>tempus</strong></span> <span class='ocrx_word' id='word_1_473' title='bbox 1250 3559 1359 3612; x_wconf 85' lang='lat' dir='ltr'><strong>quo</strong></span> <span class='ocrx_word' id='word_1_474' title='bbox 1417 3546 1568 3598; x_wconf 87' lang='lat' dir='ltr'><strong>uncti</strong></span> <span class='ocrx_word' id='word_1_475' title='bbox 1621 3561 1800 3600; x_wconf 89' lang='lat' dir='ltr'><strong>rerum</strong></span> <span class='ocrx_word' id='word_1_476' title='bbox 1865 3549 2017 3616; x_wconf 90' lang='lat' dir='ltr'><strong>potiti</strong></span> <span class='ocrx_word' id='word_1_477' title='bbox 2060 3558 2188 3603; x_wconf 90' lang='lat' dir='ltr'><strong>sunt</strong></span> <span class='ocrx_word' id='word_1_478' title='bbox 2223 3568 2237 3614; x_wconf 90' lang='lat'><strong>;</strong></span> <span class='ocrx_word' id='word_1_479' title='bbox 2269 3568 2372 3606; x_wconf 89' lang='lat' dir='ltr'><strong>una</strong></span> 
     </span>
    </p>
   </div>
   <div class='ocr_carea' id='block_1_67' title="bbox 805 3631 2382 3712">
    <p class='ocr_par' dir='ltr' id='par_1_67' title="bbox 805 3631 2382 3712">
     <span class='ocr_line' id='line_1_67' title="bbox 805 3631 2382 3712; baseline 0.01 -31"><span class='ocrx_word' id='word_1_480' title='bbox 805 3641 988 3684; x_wconf 90' lang='lat' dir='ltr'><strong>autem</strong></span> <span class='ocrx_word' id='word_1_481' title='bbox 1029 3631 1085 3684; x_wconf 91' lang='lat' dir='ltr'><strong>in</strong></span> <span class='ocrx_word' id='word_1_482' title='bbox 1114 3640 1328 3701; x_wconf 85' lang='lat' dir='ltr'><strong>tempus</strong></span> <span class='ocrx_word' id='word_1_483' title='bbox 1360 3649 1468 3703; x_wconf 88' lang='lat' dir='ltr'><strong>quo</strong></span> <span class='ocrx_word' id='word_1_484' title='bbox 1505 3634 1759 3690; x_wconf 88' lang='lat' dir='ltr'><strong>Christus</strong></span> <span class='ocrx_word' id='word_1_485' title='bbox 1788 3652 1984 3692; x_wconf 86' lang='lat' dir='ltr'><strong>novum</strong></span> <span class='ocrx_word' id='word_1_486' title='bbox 2037 3637 2215 3696; x_wconf 72' lang='lat' dir='ltr'><strong>fmdus</strong></span> <span class='ocrx_word' id='word_1_487' title='bbox 2253 3658 2382 3712; x_wconf 90' lang='lat' dir='ltr'><strong>pro-</strong></span> 
     </span>
    </p>
   </div>
   <div class='ocr_carea' id='block_1_68' title="bbox 801 3725 2384 3794">
    <p class='ocr_par' dir='ltr' id='par_1_68' title="bbox 801 3725 2384 3794">
     <span class='ocr_line' id='line_1_68' title="bbox 801 3725 2384 3794; baseline 0.009 -18"><span class='ocrx_word' id='word_1_488' title='bbox 801 3725 1234 3794; x_wconf 76' lang='lat' dir='ltr'><strong>mulgavit;qua</strong></span> <span class='ocrx_word' id='word_1_489' title='bbox 1284 3725 1459 3778; x_wconf 86' lang='lat' dir='ltr'><strong>media</strong></span> <span class='ocrx_word' id='word_1_490' title='bbox 1500 3727 1662 3782; x_wconf 88' lang='lat' dir='ltr'><strong>nobis</strong></span> <span class='ocrx_word' id='word_1_491' title='bbox 1724 3729 2078 3784; x_wconf 82' lang='lat' dir='ltr'><strong>salutiferum</strong></span> <span class='ocrx_word' id='word_1_492' title='bbox 2129 3730 2384 3790; x_wconf 88' lang='lat' dir='ltr'><strong>Christus</strong></span> 
     </span>
    </p>
   </div>
   <div class='ocr_carea' id='block_1_69' title="bbox 802 3815 2387 3886">
    <p class='ocr_par' dir='ltr' id='par_1_69' title="bbox 802 3815 2387 3886">
     <span class='ocr_line' id='line_1_69' title="bbox 802 3815 2387 3886; baseline 0.006 -17"><span class='ocrx_word' id='word_1_493' title='bbox 802 3815 971 3869; x_wconf 90' lang='lat' dir='ltr'><strong>subiit</strong></span> <span class='ocrx_word' id='word_1_494' title='bbox 999 3817 1355 3886; x_wconf 91' lang='lat' dir='ltr'><strong>supplicium,</strong></span> <span class='ocrx_word' id='word_1_495' title='bbox 1379 3828 1433 3872; x_wconf 87' lang='lat' dir='ltr'><strong>et</strong></span> <span class='ocrx_word' id='word_1_496' title='bbox 1453 3819 1728 3872; x_wconf 86' lang='lat' dir='ltr'><strong>sublatum</strong></span> <span class='ocrx_word' id='word_1_497' title='bbox 1748 3831 1879 3876; x_wconf 89' lang='lat' dir='ltr'><strong>este</strong></span> <span class='ocrx_word' id='word_1_498' title='bbox 1897 3824 2077 3877; x_wconf 86' lang='lat' dir='ltr'><strong>medio</strong></span> <span class='ocrx_word' id='word_1_499' title='bbox 2095 3833 2387 3881; x_wconf 86' lang='lat' dir='ltr'><strong>testamen-</strong></span> 
     </span>
    </p>
   </div>
   <div class='ocr_carea' id='block_1_70' title="bbox 801 3907 2381 3980">
    <p class='ocr_par' dir='ltr' id='par_1_70' title="bbox 801 3907 2381 3980">
     <span class='ocr_line' id='line_1_70' title="bbox 801 3907 2381 3980; baseline 0.008 -21"><span class='ocrx_word' id='word_1_500' title='bbox 801 3916 914 3960; x_wconf 92' lang='lat' dir='ltr'><strong>tum</strong></span> <span class='ocrx_word' id='word_1_501' title='bbox 964 3908 1113 3975; x_wconf 92' lang='lat' dir='ltr'><strong>quod</strong></span> <span class='ocrx_word' id='word_1_502' title='bbox 1175 3907 1354 3962; x_wconf 77' lang='lat' dir='ltr'><strong>fuerat</strong></span> <span class='ocrx_word' id='word_1_503' title='bbox 1412 3925 1509 3980; x_wconf 88' lang='lat' dir='ltr'><strong>per</strong></span> <span class='ocrx_word' id='word_1_504' title='bbox 1545 3909 1747 3964; x_wconf 84' lang='lat' dir='ltr'><strong>Mosem</strong></span> <span class='ocrx_word' id='word_1_505' title='bbox 1805 3914 2087 3970; x_wconf 91' lang='lat' dir='ltr'><strong>traditum.</strong></span> <span class='ocrx_word' id='word_1_506' title='bbox 2113 3915 2324 3972; x_wconf 92' lang='lat' dir='ltr'><strong>Rursus</strong></span> <span class='ocrx_word' id='word_1_507' title='bbox 2367 3935 2381 3972; x_wconf 93' lang='lat'><strong>:</strong></span> 
     </span>
    </p>
   </div>
   <div class='ocr_carea' id='block_1_71' title="bbox 807 3998 2387 4081">
    <p class='ocr_par' dir='ltr' id='par_1_71' title="bbox 807 3998 2387 4081">
     <span class='ocr_line' id='line_1_71' title="bbox 807 3998 2387 4081; baseline 0.008 -31"><span class='ocrx_word' id='word_1_508' title='bbox 807 4016 826 4049; x_wconf 81' lang='grc' dir='ltr'><strong>ι</strong></span> <span class='ocrx_word' id='word_1_509' title='bbox 858 3998 1244 4052; x_wconf 90' lang='lat' dir='ltr'><strong>Corroborabit</strong></span> <span class='ocrx_word' id='word_1_510' title='bbox 1283 3999 1458 4054; x_wconf 66' lang='lat' dir='ltr'><strong>imitus</strong></span> <span class='ocrx_word' id='word_1_511' title='bbox 1493 4003 1680 4058; x_wconf 89' lang='lat' dir='ltr'><strong>multis</strong></span> <span class='ocrx_word' id='word_1_512' title='bbox 1725 4020 1830 4057; x_wconf 88' lang='lat' dir='ltr'><strong>una</strong></span> <span class='ocrx_word' id='word_1_513' title='bbox 1853 4007 2156 4074; x_wconf 89' lang='lat' dir='ltr'><strong>septimana</strong></span> <span class='ocrx_word' id='word_1_514' title='bbox 2185 4010 2387 4081; x_wconf 79' lang='lat'><strong>;320</strong></span> 
     </span>
    </p>
   </div>
   <div class='ocr_carea' id='block_1_72' title="bbox 800 4089 2385 4157">
    <p class='ocr_par' dir='ltr' id='par_1_72' title="bbox 800 4089 2385 4157">
     <span class='ocr_line' id='line_1_72' title="bbox 800 4089 2385 4157; baseline 0.009 -15"><span class='ocrx_word' id='word_1_515' title='bbox 800 4089 1031 4157; x_wconf 87' lang='lat' dir='ltr'><strong>ejusque</strong></span> <span class='ocrx_word' id='word_1_516' title='bbox 1090 4090 1320 4144; x_wconf 86' lang='lat' dir='ltr'><strong>dimidio</strong></span> <span class='ocrx_word' id='word_1_517' title='bbox 1369 4093 1589 4146; x_wconf 80' lang='lat' dir='ltr'><strong>tolletur</strong></span> <span class='ocrx_word' id='word_1_518' title='bbox 1635 4096 1969 4150; x_wconf 83' lang='lat' dir='ltr'><strong>sacriﬁcium</strong></span> <span class='ocrx_word' id='word_1_519' title='bbox 2014 4109 2070 4152; x_wconf 88' lang='lat' dir='ltr'><strong>ct</strong></span> <span class='ocrx_word' id='word_1_520' title='bbox 2113 4100 2298 4153; x_wconf 87' lang='lat' dir='ltr'><strong>libatiu</strong></span> <span class='ocrx_word' id='word_1_521' title='bbox 2331 4113 2385 4156; x_wconf 89' lang='lat' dir='ltr'><strong>ct</strong></span> 
     </span>
    </p>
   </div>
   <div class='ocr_carea' id='block_1_73' title="bbox 801 4177 2385 4262">
    <p class='ocr_par' dir='ltr' id='par_1_73' title="bbox 801 4177 2385 4262">
     <span class='ocr_line' id='line_1_73' title="bbox 801 4177 2385 4262; baseline 0.01 -30"><span class='ocrx_word' id='word_1_522' title='bbox 801 4177 858 4232; x_wconf 81' lang='lat' dir='ltr'><strong>In</strong></span> <span class='ocrx_word' id='word_1_523' title='bbox 916 4183 1118 4250; x_wconf 83' lang='lat' dir='ltr'><strong>templo</strong></span> <span class='ocrx_word' id='word_1_524' title='bbox 1144 4181 1564 4236; x_wconf 87' lang='lat' dir='ltr'><strong>abominandum</strong></span> <span class='ocrx_word' id='word_1_525' title='bbox 1611 4188 1886 4240; x_wconf 88' lang='lat' dir='ltr'><strong>vastitatis</strong></span> <span class='ocrx_word' id='word_1_526' title='bbox 1952 4189 2163 4257; x_wconf 85' lang='lat' dir='ltr'><strong>signum</strong></span> <span class='ocrx_word' id='word_1_527' title='bbox 2220 4207 2385 4262; x_wconf 83' lang='lat' dir='ltr'><strong>pone-</strong></span> 
     </span>
    </p>
   </div>
   <div class='ocr_carea' id='block_1_74' title="bbox 804 4272 2380 4348">
    <p class='ocr_par' dir='ltr' id='par_1_74' title="bbox 804 4272 2380 4348">
     <span class='ocr_line' id='line_1_74' title="bbox 804 4272 2380 4348; baseline 0.011 -27"><span class='ocrx_word' id='word_1_528' title='bbox 804 4279 912 4333; x_wconf 89' lang='lat' dir='ltr'><strong>tur,</strong></span> <span class='ocrx_word' id='word_1_529' title='bbox 946 4285 1009 4326; x_wconf 87' lang='lat' dir='ltr'><strong>ac</strong></span> <span class='ocrx_word' id='word_1_530' title='bbox 1065 4272 1342 4326; x_wconf 83' lang='lat' dir='ltr'><strong>excidium</strong></span> <span class='ocrx_word' id='word_1_531' title='bbox 1400 4273 1901 4346; x_wconf 77' lang='lat' dir='ltr'><strong>Hierosolymorum</strong></span> <span class='ocrx_word' id='word_1_532' title='bbox 1966 4280 2292 4348; x_wconf 89' lang='lat' dir='ltr'><strong>pertieietur.</strong></span> <span class='ocrx_word' id='word_1_533' title='bbox 2361 4303 2380 4336; x_wconf 71' lang='grc' dir='ltr'>δ</span> 
     </span>
    </p>
   </div>
   <div class='ocr_carea' id='block_1_75' title="bbox 800 4358 2381 4442">
    <p class='ocr_par' dir='ltr' id='par_1_75' title="bbox 800 4358 2381 4442">
     <span class='ocr_line' id='line_1_75' title="bbox 800 4358 2381 4442; baseline 0.008 -30"><span class='ocrx_word' id='word_1_534' title='bbox 800 4358 1034 4431; x_wconf 84' lang='lat' dir='ltr'><strong>Reliqua</strong></span> <span class='ocrx_word' id='word_1_535' title='bbox 1059 4361 1133 4415; x_wconf 90' lang='lat' dir='ltr'><strong>ibi</strong></span> <span class='ocrx_word' id='word_1_536' title='bbox 1160 4361 1428 4429; x_wconf 82' lang='lat' dir='ltr'><strong>invenies,</strong></span> <span class='ocrx_word' id='word_1_537' title='bbox 1456 4364 1548 4418; x_wconf 86' lang='lat' dir='ltr'><strong>ubi</strong></span> <span class='ocrx_word' id='word_1_538' title='bbox 1587 4380 1812 4434; x_wconf 77' lang='lat' dir='ltr'><strong>regnum</strong></span> <span class='ocrx_word' id='word_1_539' title='bbox 1840 4365 1946 4422; x_wconf 85' lang='lat' dir='ltr'><strong>Titi</strong></span> <span class='ocrx_word' id='word_1_540' title='bbox 1971 4369 2381 4442; x_wconf 89' lang='lat' dir='ltr'><strong>descripsimus.</strong></span> 
     </span>
    </p>
   </div>
   <div class='ocr_carea' id='block_1_76' title="bbox 873 4533 2456 4614">
    <p class='ocr_par' dir='ltr' id='par_1_76' title="bbox 873 4533 2456 4614">
     <span class='ocr_line' id='line_1_76' title="bbox 873 4533 2456 4614; baseline 0.005 -27"><span class='ocrx_word' id='word_1_541' title='bbox 873 4533 1144 4588; x_wconf 74' lang='lat' dir='ltr'><strong>Caeterum</strong></span> <span class='ocrx_word' id='word_1_542' title='bbox 1186 4534 1469 4607; x_wconf 83' lang='lat' dir='ltr'><strong>Augustus</strong></span> <span class='ocrx_word' id='word_1_543' title='bbox 1509 4538 1757 4596; x_wconf 88' lang='lat' dir='ltr'><strong>collectis</strong></span> <span class='ocrx_word' id='word_1_544' title='bbox 1803 4555 1898 4610; x_wconf 89' lang='lat' dir='ltr'><strong>per</strong></span> <span class='ocrx_word' id='word_1_545' title='bbox 1947 4541 2158 4597; x_wconf 87' lang='lat' dir='ltr'><strong>Italiam</strong></span> <span class='ocrx_word' id='word_1_546' title='bbox 2205 4547 2379 4614; x_wconf 87' lang='lat' dir='ltr'><strong>copiis</strong></span> <span class='ocrx_word' id='word_1_547' title='bbox 2414 4541 2456 4595; x_wconf 91' lang='lat' dir='ltr'><strong>D</strong></span> 
     </span>
    </p>
   </div>
   <div class='ocr_carea' id='block_1_77' title="bbox 802 4628 2375 4700">
    <p class='ocr_par' dir='ltr' id='par_1_77' title="bbox 802 4628 2375 4700">
     <span class='ocr_line' id='line_1_77' title="bbox 802 4628 2375 4700; baseline 0.009 -22"><span class='ocrx_word' id='word_1_548' title='bbox 802 4635 997 4679; x_wconf 89' lang='lat' dir='ltr'><strong>contra</strong></span> <span class='ocrx_word' id='word_1_549' title='bbox 1019 4628 1313 4680; x_wconf 80' lang='lat' dir='ltr'><strong>Antonium</strong></span> <span class='ocrx_word' id='word_1_550' title='bbox 1339 4631 1525 4684; x_wconf 87' lang='lat' dir='ltr'><strong>movit.</strong></span> <span class='ocrx_word' id='word_1_551' title='bbox 1547 4628 1737 4686; x_wconf 84' lang='lat' dir='ltr'><strong>Victus</strong></span> <span class='ocrx_word' id='word_1_552' title='bbox 1762 4633 1944 4700; x_wconf 69' lang='lat' dir='ltr'><strong>praalio</strong></span> <span class='ocrx_word' id='word_1_553' title='bbox 1961 4634 2230 4692; x_wconf 82' lang='lat' dir='ltr'><strong>Antonius</strong></span> <span class='ocrx_word' id='word_1_554' title='bbox 2254 4654 2375 4692; x_wconf 88' lang='lat' dir='ltr'><strong>cum</strong></span> 
     </span>
    </p>
   </div>
   <div class='ocr_carea' id='block_1_78' title="bbox 800 4720 2382 4798">
    <p class='ocr_par' dir='ltr' id='par_1_78' title="bbox 800 4720 2382 4798">
     <span class='ocr_line' id='line_1_78' title="bbox 800 4720 2382 4798; baseline 0.008 -27"><span class='ocrx_word' id='word_1_555' title='bbox 800 4720 1092 4788; x_wconf 82' lang='lat' dir='ltr'><strong>Cleopatra</strong></span> <span class='ocrx_word' id='word_1_556' title='bbox 1126 4722 1179 4773; x_wconf 92' lang='lat' dir='ltr'><strong>in</strong></span> <span class='ocrx_word' id='word_1_557' title='bbox 1211 4720 1506 4792; x_wconf 64' lang='lat' dir='ltr'><strong>Egyptum</strong></span> <span class='ocrx_word' id='word_1_558' title='bbox 1543 4724 1699 4793; x_wconf 78' lang='lat' dir='ltr'><strong>fugit,</strong></span> <span class='ocrx_word' id='word_1_559' title='bbox 1733 4725 1916 4795; x_wconf 87' lang='lat' dir='ltr'><strong>ibique</strong></span> <span class='ocrx_word' id='word_1_560' title='bbox 1947 4728 2050 4781; x_wconf 91' lang='lat' dir='ltr'><strong>sibi</strong></span> <span class='ocrx_word' id='word_1_561' title='bbox 2095 4731 2207 4798; x_wconf 87' lang='lat' dir='ltr'><strong>ipse</strong></span> <span class='ocrx_word' id='word_1_562' title='bbox 2238 4746 2382 4784; x_wconf 81' lang='lat' dir='ltr'><strong>mor-</strong></span> 
     </span>
    </p>
   </div>
   <div class='ocr_carea' id='block_1_79' title="bbox 803 4813 2379 4886">
    <p class='ocr_par' dir='ltr' id='par_1_79' title="bbox 803 4813 2379 4886">
     <span class='ocr_line' id='line_1_79' title="bbox 803 4813 2379 4886; baseline 0.009 -25"><span class='ocrx_word' id='word_1_563' title='bbox 803 4821 913 4862; x_wconf 90' lang='lat' dir='ltr'><strong>tem</strong></span> <span class='ocrx_word' id='word_1_564' title='bbox 967 4813 1258 4882; x_wconf 88' lang='lat' dir='ltr'><strong>conscivit.</strong></span> <span class='ocrx_word' id='word_1_565' title='bbox 1303 4814 1590 4882; x_wconf 87' lang='lat' dir='ltr'><strong>Cleopatra</strong></span> <span class='ocrx_word' id='word_1_566' title='bbox 1639 4831 1762 4869; x_wconf 90' lang='lat' dir='ltr'><strong>cum</strong></span> <span class='ocrx_word' id='word_1_567' title='bbox 1806 4819 2379 4886; x_wconf 86' lang='lat' dir='ltr'><strong>comprehenderetur,</strong></span> 
     </span>
    </p>
   </div>
   <div class='ocr_carea' id='block_1_80' title="bbox 801 4898 2382 4979">
    <p class='ocr_par' dir='ltr' id='par_1_80' title="bbox 801 4898 2382 4979">
     <span class='ocr_line' id='line_1_80' title="bbox 801 4898 2382 4979; baseline 0.011 -27"><span class='ocrx_word' id='word_1_568' title='bbox 801 4915 873 4952; x_wconf 84' lang='lat' dir='ltr'><strong>ne</strong></span> <span class='ocrx_word' id='word_1_569' title='bbox 905 4898 1133 4953; x_wconf 81' lang='lat' dir='ltr'><strong>Romam</strong></span> <span class='ocrx_word' id='word_1_570' title='bbox 1167 4904 1221 4955; x_wconf 92' lang='lat' dir='ltr'><strong>in</strong></span> <span class='ocrx_word' id='word_1_571' title='bbox 1258 4904 1538 4974; x_wconf 90' lang='lat' dir='ltr'><strong>triumpho</strong></span> <span class='ocrx_word' id='word_1_572' title='bbox 1567 4907 2026 4973; x_wconf 84' lang='lat' dir='ltr'><strong>introduceretur,</strong></span> <span class='ocrx_word' id='word_1_573' title='bbox 2066 4912 2238 4979; x_wconf 91' lang='lat' dir='ltr'><strong>aspidi</strong></span> <span class='ocrx_word' id='word_1_574' title='bbox 2262 4929 2382 4969; x_wconf 89' lang='lat' dir='ltr'><strong>ser-</strong></span> 
     </span>
    </p>
   </div>
   <div class='ocr_carea' id='block_1_81' title="bbox 803 4990 2384 5070">
    <p class='ocr_par' dir='ltr' id='par_1_81' title="bbox 803 4990 2384 5070">
     <span class='ocr_line' id='line_1_81' title="bbox 803 4990 2384 5070; baseline 0.011 -30"><span class='ocrx_word' id='word_1_575' title='bbox 803 4990 951 5052; x_wconf 88' lang='lat' dir='ltr'><strong>penti</strong></span> <span class='ocrx_word' id='word_1_576' title='bbox 987 5004 1109 5044; x_wconf 86' lang='lat' dir='ltr'><strong>sese</strong></span> <span class='ocrx_word' id='word_1_577' title='bbox 1129 4994 1479 5046; x_wconf 77' lang='lat' dir='ltr'><strong>mordendum</strong></span> <span class='ocrx_word' id='word_1_578' title='bbox 1513 4997 1766 5064; x_wconf 61' lang='lat' dir='ltr'><strong>praebuit,</strong></span> <span class='ocrx_word' id='word_1_579' title='bbox 1795 4997 1978 5068; x_wconf 88' lang='lat' dir='ltr'><strong>itaque</strong></span> <span class='ocrx_word' id='word_1_580' title='bbox 2007 5002 2184 5070; x_wconf 88' lang='lat' dir='ltr'><strong>periit.</strong></span> <span class='ocrx_word' id='word_1_581' title='bbox 2217 5002 2308 5057; x_wconf 91' lang='lat' dir='ltr'><strong>Sol</strong></span> <span class='ocrx_word' id='word_1_582' title='bbox 2329 5012 2384 5057; x_wconf 89' lang='lat' dir='ltr'><strong>et</strong></span> 
     </span>
    </p>
   </div>
   <div class='ocr_carea' id='block_1_82' title="bbox 803 5079 2380 5161">
    <p class='ocr_par' dir='ltr' id='par_1_82' title="bbox 803 5079 2380 5161">
     <span class='ocr_line' id='line_1_82' title="bbox 803 5079 2380 5161; baseline 0.01 -29"><span class='ocrx_word' id='word_1_583' title='bbox 803 5079 981 5147; x_wconf 86' lang='lat' dir='ltr'><strong>Luna,</strong></span> <span class='ocrx_word' id='word_1_584' title='bbox 1035 5081 1189 5138; x_wconf 85' lang='lat' dir='ltr'><strong>liberi</strong></span> <span class='ocrx_word' id='word_1_585' title='bbox 1237 5085 1506 5154; x_wconf 88' lang='lat' dir='ltr'><strong>ipsorum,</strong></span> <span class='ocrx_word' id='word_1_586' title='bbox 1552 5090 1608 5142; x_wconf 89' lang='lat' dir='ltr'><strong>in</strong></span> <span class='ocrx_word' id='word_1_587' title='bbox 1651 5091 1928 5161; x_wconf 89' lang='lat' dir='ltr'><strong>triumpho</strong></span> <span class='ocrx_word' id='word_1_588' title='bbox 1965 5092 2193 5148; x_wconf 85' lang='lat' dir='ltr'><strong>Romam</strong></span> <span class='ocrx_word' id='word_1_589' title='bbox 2233 5095 2380 5149; x_wconf 88' lang='lat' dir='ltr'><strong>ducti</strong></span> 
     </span>
    </p>
   </div>
   <div class='ocr_carea' id='block_1_83' title="bbox 805 5183 955 5227">
    <p class='ocr_par' dir='ltr' id='par_1_83' title="bbox 805 5183 955 5227">
     <span class='ocr_line' id='line_1_83' title="bbox 805 5183 955 5227; baseline -0.007 0"><span class='ocrx_word' id='word_1_590' title='bbox 805 5183 955 5227; x_wconf 88' lang='lat' dir='ltr'><strong>sunt.</strong></span> 
     </span>
    </p>
   </div>
   <div class='ocr_carea' id='block_1_84' title="bbox 878 5344 2381 5434">
    <p class='ocr_par' dir='ltr' id='par_1_84' title="bbox 878 5344 2381 5434">
     <span class='ocr_line' id='line_1_84' title="bbox 878 5344 2381 5434; baseline 0.015 -36"><span class='ocrx_word' id='word_1_591' title='bbox 878 5344 994 5400; x_wconf 89' lang='lat' dir='ltr'><strong>Sub</strong></span> <span class='ocrx_word' id='word_1_592' title='bbox 1056 5357 1160 5403; x_wconf 86' lang='lat' dir='ltr'><strong>hoc</strong></span> <span class='ocrx_word' id='word_1_593' title='bbox 1225 5352 1491 5421; x_wconf 76' lang='lat' dir='ltr'><strong>Augusto,</strong></span> <span class='ocrx_word' id='word_1_594' title='bbox 1544 5364 1604 5408; x_wconf 91' lang='lat' dir='ltr'><strong>ut</strong></span> <span class='ocrx_word' id='word_1_595' title='bbox 1651 5357 1919 5415; x_wconf 85' lang='lat' dir='ltr'><strong>Eusebius</strong></span> <span class='ocrx_word' id='word_1_596' title='bbox 1977 5361 2240 5434; x_wconf 82' lang='lat' dir='ltr'><strong>Pamphili</strong></span> <span class='ocrx_word' id='word_1_597' title='bbox 2287 5369 2381 5432; x_wconf 89' lang='lat' dir='ltr'><strong>ait,</strong></span> 
     </span>
    </p>
   </div>
   <div class='ocr_carea' id='block_1_85' title="bbox 803 5445 2383 5520">
    <p class='ocr_par' dir='ltr' id='par_1_85' title="bbox 803 5445 2383 5520">
     <span class='ocr_line' id='line_1_85' title="bbox 803 5445 2383 5520; baseline 0.018 -34"><span class='ocrx_word' id='word_1_598' title='bbox 803 5445 1058 5504; x_wconf 85' lang='lat' dir='ltr'><strong>quartum</strong></span> <span class='ocrx_word' id='word_1_599' title='bbox 1083 5455 1310 5510; x_wconf 74' lang='lat' dir='ltr'><strong>regnum</strong></span> <span class='ocrx_word' id='word_1_600' title='bbox 1343 5447 1673 5514; x_wconf 90' lang='lat' dir='ltr'><strong>eepit,quod</strong></span> <span class='ocrx_word' id='word_1_601' title='bbox 1705 5450 1757 5503; x_wconf 92' lang='lat' dir='ltr'><strong>iu</strong></span> <span class='ocrx_word' id='word_1_602' title='bbox 1780 5461 2018 5520; x_wconf 89' lang='lat' dir='ltr'><strong>quatuor</strong></span> <span class='ocrx_word' id='word_1_603' title='bbox 2067 5457 2383 5514; x_wconf 89' lang='lat' dir='ltr'><strong>animalium</strong></span> 
     </span>
    </p>
   </div>
   <div class='ocr_carea' id='block_1_86' title="bbox 809 5526 2381 5607">
    <p class='ocr_par' dir='ltr' id='par_1_86' title="bbox 809 5526 2381 5607">
     <span class='ocr_line' id='line_1_86' title="bbox 809 5526 2381 5607; baseline 0.015 -28"><span class='ocrx_word' id='word_1_604' title='bbox 809 5526 1020 5581; x_wconf 86' lang='lat' dir='ltr'><strong>visione</strong></span> <span class='ocrx_word' id='word_1_605' title='bbox 1052 5527 1307 5586; x_wconf 80' lang='lat' dir='ltr'><strong>Danielus</strong></span> <span class='ocrx_word' id='word_1_606' title='bbox 1335 5535 1537 5588; x_wconf 88' lang='lat' dir='ltr'><strong>animal</strong></span> <span class='ocrx_word' id='word_1_607' title='bbox 1569 5547 1823 5607; x_wconf 86' lang='lat' dir='ltr'><strong>quartum</strong></span> <span class='ocrx_word' id='word_1_608' title='bbox 1842 5545 2085 5600; x_wconf 84' lang='lat' dir='ltr'><strong>terribile</strong></span> <span class='ocrx_word' id='word_1_609' title='bbox 2115 5548 2381 5604; x_wconf 87' lang='lat' dir='ltr'><strong>nominat.</strong></span> 
     </span>
    </p>
   </div>
   <div class='ocr_carea' id='block_1_87' title="bbox 816 5618 2383 5710">
    <p class='ocr_par' dir='ltr' id='par_1_87' title="bbox 816 5618 2383 5710">
     <span class='ocr_line' id='line_1_87' title="bbox 816 5618 2383 5710; baseline 0.015 -37"><span class='ocrx_word' id='word_1_610' title='bbox 816 5618 967 5710; x_wconf 86' lang='lat' dir='ltr'><strong>Tunc</strong></span> <span class='ocrx_word' id='word_1_611' title='bbox 1005 5621 1261 5690; x_wconf 81' lang='lat' dir='ltr'><strong>primum,</strong></span> <span class='ocrx_word' id='word_1_612' title='bbox 1293 5627 1430 5684; x_wconf 88' lang='lat' dir='ltr'><strong>inito</strong></span> <span class='ocrx_word' id='word_1_613' title='bbox 1469 5629 1580 5699; x_wconf 86' lang='lat' dir='ltr'><strong>jam</strong></span> <span class='ocrx_word' id='word_1_614' title='bbox 1623 5639 1821 5702; x_wconf 87' lang='lat' dir='ltr'><strong>quarto</strong></span> <span class='ocrx_word' id='word_1_615' title='bbox 1868 5650 2061 5705; x_wconf 79' lang='lat' dir='ltr'><strong>regno,</strong></span> <span class='ocrx_word' id='word_1_616' title='bbox 2101 5641 2383 5710; x_wconf 77' lang='lat' dir='ltr'><strong>Augustus</strong></span> 
     </span>
    </p>
   </div>
   <div class='ocr_carea' id='block_1_88' title="bbox 810 5709 2382 5797">
    <p class='ocr_par' dir='ltr' id='par_1_88' title="bbox 810 5709 2382 5797">
     <span class='ocr_line' id='line_1_88' title="bbox 810 5709 2382 5797; baseline 0.015 -35"><span class='ocrx_word' id='word_1_617' title='bbox 810 5709 958 5765; x_wconf 84' lang='lat' dir='ltr'><strong>solus</strong></span> <span class='ocrx_word' id='word_1_618' title='bbox 988 5725 1206 5766; x_wconf 90' lang='lat' dir='ltr'><strong>omnem</strong></span> <span class='ocrx_word' id='word_1_619' title='bbox 1237 5727 1557 5784; x_wconf 87' lang='lat' dir='ltr'><strong>potestatem</strong></span> <span class='ocrx_word' id='word_1_620' title='bbox 1581 5724 1768 5792; x_wconf 73' lang='lat' dir='ltr'><strong>gessit.</strong></span> <span class='ocrx_word' id='word_1_621' title='bbox 1798 5725 1917 5790; x_wconf 81' lang='lat' dir='ltr'><strong>Quo</strong></span> <span class='ocrx_word' id='word_1_622' title='bbox 1945 5709 2382 5797; x_wconf 85' lang='lat' dir='ltr'><strong>temporeetiam</strong></span> 
     </span>
    </p>
   </div>
   <div class='ocr_carea' id='block_1_89' title="bbox 809 5797 2380 5879">
    <p class='ocr_par' dir='ltr' id='par_1_89' title="bbox 809 5797 2380 5879">
     <span class='ocr_line' id='line_1_89' title="bbox 809 5797 2380 5879; baseline 0.018 -28"><span class='ocrx_word' id='word_1_623' title='bbox 809 5797 1076 5858; x_wconf 90' lang='lat' dir='ltr'><strong>Dominus</strong></span> <span class='ocrx_word' id='word_1_624' title='bbox 1113 5813 1304 5861; x_wconf 89' lang='lat' dir='ltr'><strong>noster</strong></span> <span class='ocrx_word' id='word_1_625' title='bbox 1343 5807 1506 5870; x_wconf 80' lang='lat' dir='ltr'><strong>Jesus</strong></span> <span class='ocrx_word' id='word_1_626' title='bbox 1539 5812 1790 5872; x_wconf 88' lang='lat' dir='ltr'><strong>Christus</strong></span> <span class='ocrx_word' id='word_1_627' title='bbox 1836 5819 2006 5874; x_wconf 89' lang='lat' dir='ltr'><strong>nostri</strong></span> <span class='ocrx_word' id='word_1_628' title='bbox 2039 5833 2200 5877; x_wconf 88' lang='lat' dir='ltr'><strong>causa</strong></span> <span class='ocrx_word' id='word_1_629' title='bbox 2229 5825 2380 5879; x_wconf 90' lang='lat' dir='ltr'><strong>nasci</strong></span> 
     </span>
    </p>
   </div>
   <div class='ocr_carea' id='block_1_90' title="bbox 864 5888 1317 5967">
    <p class='ocr_par' dir='ltr' id='par_1_90' title="bbox 864 5888 1317 5967">
     <span class='ocr_line' id='line_1_90' title="bbox 864 5888 1317 5967; baseline 0.018 -20"><span class='ocrx_word' id='word_1_630' title='bbox 864 5888 910 5923; x_wconf 83' lang='grc'><strong>⁸⁹</strong></span> <span class='ocrx_word' id='word_1_631' title='bbox 944 5892 1078 5951; x_wconf 86' lang='lat' dir='ltr'><strong>Dan.</strong></span> <span class='ocrx_word' id='word_1_632' title='bbox 1114 5913 1191 5967; x_wconf 69' lang='grc' dir='ltr'><strong>ιτ,</strong></span> <span class='ocrx_word' id='word_1_633' title='bbox 1228 5899 1317 5955; x_wconf 74' lang='lat'><strong>25.</strong></span> 
     </span>
    </p>
   </div>
   <div class='ocr_carea' id='block_1_91' title="bbox 2485 3280 4062 3353">
    <p class='ocr_par' dir='ltr' id='par_1_91' title="bbox 2485 3280 4062 3353">
     <span class='ocr_line' id='line_1_91' title="bbox 2485 3280 4062 3353; baseline 0.001 -22"><span class='ocrx_word' id='word_1_634' title='bbox 2485 3280 2580 3332; x_wconf 73' lang='grc' dir='ltr'>καὶ</span> <span class='ocrx_word' id='word_1_635' title='bbox 2602 3281 2773 3350; x_wconf 86' lang='grc' dir='ltr'>κρῖμα</span> <span class='ocrx_word' id='word_1_636' title='bbox 2803 3281 2904 3334; x_wconf 85' lang='grc' dir='ltr'><strong>οὐκ</strong></span> <span class='ocrx_word' id='word_1_637' title='bbox 2935 3280 3107 3346; x_wconf 81' lang='grc' dir='ltr'>ἔσται,</span> <span class='ocrx_word' id='word_1_638' title='bbox 3135 3300 3155 3333; x_wconf 68' lang='grc' dir='ltr'><strong>ι</strong></span> <span class='ocrx_word' id='word_1_639' title='bbox 3185 3280 3370 3335; x_wconf 77' lang='grc' dir='ltr'>καὶτὰ</span> <span class='ocrx_word' id='word_1_640' title='bbox 3395 3282 3542 3350; x_wconf 77' lang='grc' dir='ltr'>ἑξῆς.</span> <span class='ocrx_word' id='word_1_641' title='bbox 3561 3281 3753 3353; x_wconf 71' lang='grc' dir='ltr'>Διέλης</span> <span class='ocrx_word' id='word_1_642' title='bbox 3774 3281 3831 3333; x_wconf 80' lang='grc' dir='ltr'>δὲ</span> <span class='ocrx_word' id='word_1_643' title='bbox 3861 3282 3956 3343; x_wconf 77' lang='grc' dir='ltr'>τὰς</span> <span class='ocrx_word' id='word_1_644' title='bbox 3983 3281 4062 3344; x_wconf 70' lang='grc' dir='ltr'><strong>ἕν’</strong></span> 
     </span>
    </p>
   </div>
   <div class='ocr_carea' id='block_1_92' title="bbox 2485 3371 4064 3443">
    <p class='ocr_par' dir='ltr' id='par_1_92' title="bbox 2485 3371 4064 3443">
     <span class='ocr_line' id='line_1_92' title="bbox 2485 3371 4064 3443; baseline -0.002 -21"><span class='ocrx_word' id='word_1_645' title='bbox 2485 3371 2787 3440; x_wconf 88' lang='grc' dir='ltr'>ἑϐδομάδας</span> <span class='ocrx_word' id='word_1_646' title='bbox 2812 3372 2985 3436; x_wconf 79' lang='grc' dir='ltr'>οὕτως</span> <span class='ocrx_word' id='word_1_647' title='bbox 3013 3390 3028 3404; x_wconf 87' lang='grc'><strong>·</strong></span> <span class='ocrx_word' id='word_1_648' title='bbox 3061 3375 3162 3436; x_wconf 78' lang='grc' dir='ltr'>τὰς</span> <span class='ocrx_word' id='word_1_649' title='bbox 3191 3373 3290 3442; x_wconf 82' lang='grc' dir='ltr'>μὲν</span> <span class='ocrx_word' id='word_1_650' title='bbox 3321 3372 3462 3425; x_wconf 85' lang='grc' dir='ltr'>ἐπτά</span> <span class='ocrx_word' id='word_1_651' title='bbox 3493 3373 3633 3443; x_wconf 77' lang='grc' dir='ltr'>μετὰ</span> <span class='ocrx_word' id='word_1_652' title='bbox 3663 3373 3761 3441; x_wconf 82' lang='grc' dir='ltr'>τὴν</span> <span class='ocrx_word' id='word_1_653' title='bbox 3799 3372 4064 3424; x_wconf 67' lang='grc' dir='ltr'>ἐπάνοδον</span> 
     </span>
    </p>
   </div>
   <div class='ocr_carea' id='block_1_93' title="bbox 2487 3462 4066 3534">
    <p class='ocr_par' dir='ltr' id='par_1_93' title="bbox 2487 3462 4066 3534">
     <span class='ocr_line' id='line_1_93' title="bbox 2487 3462 4066 3534; baseline 0.001 -21"><span class='ocrx_word' id='word_1_654' title='bbox 2487 3462 2585 3530; x_wconf 84' lang='grc' dir='ltr'>τῆς</span> <span class='ocrx_word' id='word_1_655' title='bbox 2624 3463 2999 3532; x_wconf 72' lang='grc' dir='ltr'>αἰχμαλωσίας</span> <span class='ocrx_word' id='word_1_656' title='bbox 3049 3463 3157 3527; x_wconf 85' lang='grc' dir='ltr'><strong>ἑως</strong></span> <span class='ocrx_word' id='word_1_657' title='bbox 3187 3464 3286 3532; x_wconf 86' lang='grc' dir='ltr'>τῆς</span> <span class='ocrx_word' id='word_1_658' title='bbox 3313 3464 3600 3534; x_wconf 78' lang='grc' dir='ltr'>οἰκοδομῆς</span> <span class='ocrx_word' id='word_1_659' title='bbox 3639 3464 3733 3517; x_wconf 79' lang='grc' dir='ltr'>τοῦ</span> <span class='ocrx_word' id='word_1_660' title='bbox 3771 3462 3925 3528; x_wconf 82' lang='grc' dir='ltr'>ναοῦ,</span> <span class='ocrx_word' id='word_1_661' title='bbox 3959 3464 4066 3523; x_wconf 74' lang='grc' dir='ltr'>τὰς</span> 
     </span>
    </p>
   </div>
   <div class='ocr_carea' id='block_1_94' title="bbox 2486 3549 4066 3625">
    <p class='ocr_par' dir='ltr' id='par_1_94' title="bbox 2486 3549 4066 3625">
     <span class='ocr_line' id='line_1_94' title="bbox 2486 3549 4066 3625; baseline 0.002 -23"><span class='ocrx_word' id='word_1_662' title='bbox 2486 3549 2542 3603; x_wconf 87' lang='grc' dir='ltr'>δὲ</span> <span class='ocrx_word' id='word_1_663' title='bbox 2575 3549 2649 3620; x_wconf 78' lang='grc' dir='ltr'><strong>ξβ¹</strong></span> <span class='ocrx_word' id='word_1_664' title='bbox 2689 3553 3096 3621; x_wconf 85' lang='grc' dir='ltr'>συναπτομένας</span> <span class='ocrx_word' id='word_1_665' title='bbox 3127 3556 3247 3617; x_wconf 84' lang='grc' dir='ltr'>ταῖς</span> <span class='ocrx_word' id='word_1_666' title='bbox 3286 3552 3331 3619; x_wconf 81' lang='grc' dir='ltr'><strong>ζ’</strong></span> <span class='ocrx_word' id='word_1_667' title='bbox 3374 3557 3453 3616; x_wconf 82' lang='grc' dir='ltr'><strong>είς</strong></span> <span class='ocrx_word' id='word_1_668' title='bbox 3486 3555 3577 3607; x_wconf 87' lang='grc' dir='ltr'>τὸν</span> <span class='ocrx_word' id='word_1_669' title='bbox 3611 3556 3800 3625; x_wconf 83' lang='grc' dir='ltr'>χρόνον</span> <span class='ocrx_word' id='word_1_670' title='bbox 3838 3555 3894 3607; x_wconf 86' lang='grc' dir='ltr'>ὃν</span> <span class='ocrx_word' id='word_1_671' title='bbox 3927 3572 4066 3606; x_wconf 81' lang='grc' dir='ltr'>κατ-</span> 
     </span>
    </p>
   </div>
   <div class='ocr_carea' id='block_1_95' title="bbox 2487 3638 4064 3714">
    <p class='ocr_par' dir='ltr' id='par_1_95' title="bbox 2487 3638 4064 3714">
     <span class='ocr_line' id='line_1_95' title="bbox 2487 3638 4064 3714; baseline 0.006 -24"><span class='ocrx_word' id='word_1_672' title='bbox 2487 3638 2644 3706; x_wconf 90' lang='grc' dir='ltr'>έσχον</span> <span class='ocrx_word' id='word_1_673' title='bbox 2679 3640 2726 3691; x_wconf 86' lang='grc' dir='ltr'>οἱ</span> <span class='ocrx_word' id='word_1_674' title='bbox 2787 3642 3000 3709; x_wconf 74' lang='grc' dir='ltr'>χριστοὶ</span> <span class='ocrx_word' id='word_1_675' title='bbox 3042 3642 3356 3712; x_wconf 79' lang='grc' dir='ltr'>ἡγούμενοι,</span> <span class='ocrx_word' id='word_1_676' title='bbox 3384 3644 3482 3708; x_wconf 81' lang='grc' dir='ltr'>τὴν</span> <span class='ocrx_word' id='word_1_677' title='bbox 3512 3644 3566 3696; x_wconf 86' lang='grc' dir='ltr'>δὲ</span> <span class='ocrx_word' id='word_1_678' title='bbox 3604 3645 3732 3713; x_wconf 91' lang='grc' dir='ltr'>μίαν</span> <span class='ocrx_word' id='word_1_679' title='bbox 3765 3644 4064 3714; x_wconf 74' lang='grc' dir='ltr'>ἑϐδομάδα,</span> 
     </span>
    </p>
   </div>
   <div class='ocr_carea' id='block_1_96' title="bbox 2489 3731 4066 3808">
    <p class='ocr_par' dir='ltr' id='par_1_96' title="bbox 2489 3731 4066 3808">
     <span class='ocr_line' id='line_1_96' title="bbox 2489 3731 4066 3808; baseline 0.003 -26"><span class='ocrx_word' id='word_1_680' title='bbox 2489 3731 2608 3783; x_wconf 80' lang='grc' dir='ltr'>καθ’</span> <span class='ocrx_word' id='word_1_681' title='bbox 2637 3731 2704 3800; x_wconf 79' lang='grc' dir='ltr'>ἢν</span> <span class='ocrx_word' id='word_1_682' title='bbox 2737 3731 2764 3783; x_wconf 80' lang='grc' dir='ltr'>ὁ</span> <span class='ocrx_word' id='word_1_683' title='bbox 2816 3733 3023 3803; x_wconf 82' lang='grc' dir='ltr'>Κύριος</span> <span class='ocrx_word' id='word_1_684' title='bbox 3055 3733 3290 3804; x_wconf 81' lang='grc' dir='ltr'>ἐκήρυξε</span> <span class='ocrx_word' id='word_1_685' title='bbox 3319 3734 3418 3805; x_wconf 77' lang='grc' dir='ltr'>τὴν</span> <span class='ocrx_word' id='word_1_686' title='bbox 3448 3736 3640 3806; x_wconf 81' lang='grc' dir='ltr'>καινὴν</span> <span class='ocrx_word' id='word_1_687' title='bbox 3677 3737 3961 3808; x_wconf 74' lang='grc' dir='ltr'>διαθήκην,</span> <span class='ocrx_word' id='word_1_688' title='bbox 3991 3736 4066 3807; x_wconf 79' lang='grc' dir='ltr'>ἧς</span> 
     </span>
    </p>
   </div>
   <div class='ocr_carea' id='block_1_97' title="bbox 2487 3822 4064 3900">
    <p class='ocr_par' dir='ltr' id='par_1_97' title="bbox 2487 3822 4064 3900">
     <span class='ocr_line' id='line_1_97' title="bbox 2487 3822 4064 3900; baseline 0.004 -25"><span class='ocrx_word' id='word_1_689' title='bbox 2487 3822 2784 3892; x_wconf 87' lang='grc' dir='ltr'>ἑϐδομάδος</span> <span class='ocrx_word' id='word_1_690' title='bbox 2801 3825 2858 3876; x_wconf 87' lang='grc' dir='ltr'><strong>ἐν</strong></span> <span class='ocrx_word' id='word_1_691' title='bbox 2881 3824 2960 3895; x_wconf 83' lang='grc' dir='ltr'>τῷ</span> <span class='ocrx_word' id='word_1_692' title='bbox 2985 3826 3169 3895; x_wconf 78' lang='grc' dir='ltr'>ἡμίσει</span> <span class='ocrx_word' id='word_1_693' title='bbox 3191 3823 3351 3897; x_wconf 80' lang='grc' dir='ltr'>ἦλθεν</span> <span class='ocrx_word' id='word_1_694' title='bbox 3374 3827 3468 3879; x_wconf 74' lang='grc' dir='ltr'>ἐπὶ</span> <span class='ocrx_word' id='word_1_695' title='bbox 3492 3829 3551 3880; x_wconf 75' lang='grc' dir='ltr'>τὸ</span> <span class='ocrx_word' id='word_1_696' title='bbox 3574 3831 3836 3900; x_wconf 75' lang='grc' dir='ltr'>σωτήριον</span> <span class='ocrx_word' id='word_1_697' title='bbox 3863 3830 4064 3893; x_wconf 70' lang='grc' dir='ltr'>πάθες,</span> 
     </span>
    </p>
   </div>
   <div class='ocr_carea' id='block_1_98' title="bbox 2489 3915 4067 3992">
    <p class='ocr_par' dir='ltr' id='par_1_98' title="bbox 2489 3915 4067 3992">
     <span class='ocr_line' id='line_1_98' title="bbox 2489 3915 4067 3992; baseline 0.005 -25"><span class='ocrx_word' id='word_1_698' title='bbox 2489 3917 2582 3968; x_wconf 76' lang='grc' dir='ltr'>καὶ</span> <span class='ocrx_word' id='word_1_699' title='bbox 2622 3915 2763 3988; x_wconf 78' lang='grc' dir='ltr'>ἡρθη</span> <span class='ocrx_word' id='word_1_700' title='bbox 2813 3917 2877 3968; x_wconf 86' lang='grc' dir='ltr'><strong>ἐκ</strong></span> <span class='ocrx_word' id='word_1_701' title='bbox 2909 3918 3074 3987; x_wconf 88' lang='grc' dir='ltr'>μέσου</span> <span class='ocrx_word' id='word_1_702' title='bbox 3121 3920 3153 3988; x_wconf 86' lang='grc' dir='ltr'><strong>ἡ</strong></span> <span class='ocrx_word' id='word_1_703' title='bbox 3195 3919 3288 3972; x_wconf 80' lang='grc' dir='ltr'>διὰ</span> <span class='ocrx_word' id='word_1_704' title='bbox 3319 3921 3602 3984; x_wconf 80' lang='grc' dir='ltr'>Μωῦσέως</span> <span class='ocrx_word' id='word_1_705' title='bbox 3648 3923 4067 3992; x_wconf 72' lang='grc' dir='ltr'>παραδιδομένη</span> 
     </span>
    </p>
   </div>
   <div class='ocr_carea' id='block_1_99' title="bbox 2487 4007 4070 4082">
    <p class='ocr_par' dir='ltr' id='par_1_99' title="bbox 2487 4007 4070 4082">
     <span class='ocr_line' id='line_1_99' title="bbox 2487 4007 4070 4082; baseline 0.003 -22"><span class='ocrx_word' id='word_1_706' title='bbox 2487 4007 2740 4075; x_wconf 77' lang='grc' dir='ltr'>διαθήκη.</span> <span class='ocrx_word' id='word_1_707' title='bbox 2774 4009 2884 4062; x_wconf 76' lang='grc' dir='ltr'><strong>Καὶ</strong></span> <span class='ocrx_word' id='word_1_708' title='bbox 2915 4008 3093 4073; x_wconf 79' lang='grc' dir='ltr'>αὖθις·</span> <span class='ocrx_word' id='word_1_709' title='bbox 3129 4027 3148 4061; x_wconf 81' lang='grc' dir='ltr'><strong>ι</strong></span> <span class='ocrx_word' id='word_1_710' title='bbox 3181 4012 3290 4064; x_wconf 76' lang='grc' dir='ltr'><strong>Καὶ</strong></span> <span class='ocrx_word' id='word_1_711' title='bbox 3312 4011 3898 4082; x_wconf 77' lang='grc' dir='ltr'>δυναμώσειδιαθήκην</span> <span class='ocrx_word' id='word_1_712' title='bbox 3926 4014 4070 4065; x_wconf 66' lang='grc' dir='ltr'>πολ-</span> 
     </span>
    </p>
   </div>
   <div class='ocr_carea' id='block_1_100' title="bbox 2486 4097 4068 4171">
    <p class='ocr_par' dir='ltr' id='par_1_100' title="bbox 2486 4097 4068 4171">
     <span class='ocr_line' id='line_1_100' title="bbox 2486 4097 4068 4171; baseline 0.003 -21"><span class='ocrx_word' id='word_1_713' title='bbox 2486 4097 2599 4162; x_wconf 89' lang='grc' dir='ltr'>λοῖς</span> <span class='ocrx_word' id='word_1_714' title='bbox 2644 4099 2879 4167; x_wconf 77' lang='grc' dir='ltr'>ἑϐδομὰς</span> <span class='ocrx_word' id='word_1_715' title='bbox 2912 4100 3032 4169; x_wconf 85' lang='grc' dir='ltr'>μία,</span> <span class='ocrx_word' id='word_1_716' title='bbox 3076 4103 3175 4154; x_wconf 72' lang='grc' dir='ltr'>καὶ</span> <span class='ocrx_word' id='word_1_717' title='bbox 3204 4103 3261 4154; x_wconf 89' lang='grc' dir='ltr'><strong>ἐν</strong></span> <span class='ocrx_word' id='word_1_718' title='bbox 3291 4101 3369 4170; x_wconf 86' lang='grc' dir='ltr'>τῷ</span> <span class='ocrx_word' id='word_1_719' title='bbox 3416 4102 3602 4170; x_wconf 82' lang='grc' dir='ltr'>ἡμίσει</span> <span class='ocrx_word' id='word_1_720' title='bbox 3635 4103 3733 4171; x_wconf 75' lang='grc' dir='ltr'>τῆς</span> <span class='ocrx_word' id='word_1_721' title='bbox 3765 4103 4068 4171; x_wconf 78' lang='grc' dir='ltr'>ἑϐδομάδος</span> 
     </span>
    </p>
   </div>
   <div class='ocr_carea' id='block_1_101' title="bbox 2488 4189 4070 4264">
    <p class='ocr_par' dir='ltr' id='par_1_101' title="bbox 2488 4189 4070 4264">
     <span class='ocr_line' id='line_1_101' title="bbox 2488 4189 4070 4264; baseline 0.002 -21"><span class='ocrx_word' id='word_1_722' title='bbox 2488 4189 2790 4259; x_wconf 86' lang='grc' dir='ltr'>ἀρθήσεται</span> <span class='ocrx_word' id='word_1_723' title='bbox 2825 4191 2984 4243; x_wconf 84' lang='grc' dir='ltr'>θυσία</span> <span class='ocrx_word' id='word_1_724' title='bbox 3015 4193 3112 4244; x_wconf 72' lang='grc' dir='ltr'><strong>καὶ</strong></span> <span class='ocrx_word' id='word_1_725' title='bbox 3144 4193 3367 4262; x_wconf 78' lang='grc' dir='ltr'>σπονδή.</span> <span class='ocrx_word' id='word_1_726' title='bbox 3400 4195 3509 4246; x_wconf 76' lang='grc' dir='ltr'><strong>Καὶ</strong></span> <span class='ocrx_word' id='word_1_727' title='bbox 3536 4193 3628 4245; x_wconf 73' lang='grc' dir='ltr'>ἐπὶ</span> <span class='ocrx_word' id='word_1_728' title='bbox 3659 4193 3720 4245; x_wconf 82' lang='grc' dir='ltr'>τὸ</span> <span class='ocrx_word' id='word_1_729' title='bbox 3761 4194 3901 4264; x_wconf 68' lang='grc' dir='ltr'>ἱερὸν</span> <span class='ocrx_word' id='word_1_730' title='bbox 3941 4195 4070 4264; x_wconf 76' lang='grc' dir='ltr'>βδέ-</span> 
     </span>
    </p>
   </div>
   <div class='ocr_carea' id='block_1_102' title="bbox 2485 4280 4070 4354">
    <p class='ocr_par' dir='ltr' id='par_1_102' title="bbox 2485 4280 4070 4354">
     <span class='ocr_line' id='line_1_102' title="bbox 2485 4280 4070 4354; baseline 0.003 -23"><span class='ocrx_word' id='word_1_731' title='bbox 2485 4280 2668 4349; x_wconf 84' lang='grc' dir='ltr'>λυγμα</span> <span class='ocrx_word' id='word_1_732' title='bbox 2698 4281 3036 4352; x_wconf 83' lang='grc' dir='ltr'>ἐρημώσεως</span> <span class='ocrx_word' id='word_1_733' title='bbox 3069 4283 3350 4353; x_wconf 85' lang='grc' dir='ltr'>συντελείᾳ</span> <span class='ocrx_word' id='word_1_734' title='bbox 3372 4283 3658 4353; x_wconf 85' lang='grc' dir='ltr'>δοθήσεται</span> <span class='ocrx_word' id='word_1_735' title='bbox 3684 4285 3773 4336; x_wconf 70' lang='grc' dir='ltr'><strong>ἐπὶ</strong></span> <span class='ocrx_word' id='word_1_736' title='bbox 3809 4284 3905 4354; x_wconf 75' lang='grc' dir='ltr'>τὴν</span> <span class='ocrx_word' id='word_1_737' title='bbox 3928 4286 4070 4354; x_wconf 68' lang='grc' dir='ltr'>ἐρή-</span> 
     </span>
    </p>
   </div>
   <div class='ocr_carea' id='block_1_103' title="bbox 2488 4372 4066 4447">
    <p class='ocr_par' dir='ltr' id='par_1_103' title="bbox 2488 4372 4066 4447">
     <span class='ocr_line' id='line_1_103' title="bbox 2488 4372 4066 4447; baseline 0.003 -23"><span class='ocrx_word' id='word_1_738' title='bbox 2488 4389 2665 4440; x_wconf 87' lang='grc' dir='ltr'>μωσιν</span> <span class='ocrx_word' id='word_1_739' title='bbox 2704 4372 3083 4444; x_wconf 85' lang='grc' dir='ltr'>Ίερουσαλὴμ.</span> <span class='ocrx_word' id='word_1_740' title='bbox 3116 4393 3134 4425; x_wconf 74' lang='grc' dir='ltr'><strong>ι</strong></span> <span class='ocrx_word' id='word_1_741' title='bbox 3172 4374 3286 4428; x_wconf 76' lang='grc' dir='ltr'><strong>Καὶ</strong></span> <span class='ocrx_word' id='word_1_742' title='bbox 3323 4376 3391 4428; x_wconf 82' lang='grc' dir='ltr'><strong>τά</strong></span> <span class='ocrx_word' id='word_1_743' title='bbox 3419 4375 3580 4427; x_wconf 76' lang='grc' dir='ltr'>λοιπά</span> <span class='ocrx_word' id='word_1_744' title='bbox 3599 4375 3851 4444; x_wconf 80' lang='grc' dir='ltr'>εὑρήσεις</span> <span class='ocrx_word' id='word_1_745' title='bbox 3885 4377 3945 4426; x_wconf 79' lang='grc' dir='ltr'><strong>ἐν</strong></span> <span class='ocrx_word' id='word_1_746' title='bbox 3993 4380 4066 4447; x_wconf 78' lang='grc' dir='ltr'>τῇ</span> 
     </span>
    </p>
   </div>
   <div class='ocr_carea' id='block_1_104' title="bbox 2488 4463 2948 4534">
    <p class='ocr_par' dir='ltr' id='par_1_104' title="bbox 2488 4463 2948 4534">
     <span class='ocr_line' id='line_1_104' title="bbox 2488 4463 2948 4534; baseline 0.004 -18"><span class='ocrx_word' id='word_1_747' title='bbox 2488 4463 2734 4534; x_wconf 69' lang='grc' dir='ltr'>βασιλεία</span> <span class='ocrx_word' id='word_1_748' title='bbox 2766 4465 2948 4518; x_wconf 89' lang='grc' dir='ltr'>Τίτου.</span> 
     </span>
    </p>
   </div>
   <div class='ocr_carea' id='block_1_105' title="bbox 2566 4554 4069 4626">
    <p class='ocr_par' dir='ltr' id='par_1_105' title="bbox 2566 4554 4069 4626">
     <span class='ocr_line' id='line_1_105' title="bbox 2566 4554 4069 4626; baseline 0.003 -20"><span class='ocrx_word' id='word_1_749' title='bbox 2566 4554 2626 4606; x_wconf 90' lang='lat'><strong>&#39;0</strong></span> <span class='ocrx_word' id='word_1_750' title='bbox 2670 4554 2800 4621; x_wconf 81' lang='grc' dir='ltr'>γοῦν</span> <span class='ocrx_word' id='word_1_751' title='bbox 2829 4554 3137 4621; x_wconf 71' lang='grc' dir='ltr'>Αὔγουστος</span> <span class='ocrx_word' id='word_1_752' title='bbox 3173 4555 3271 4625; x_wconf 79' lang='grc' dir='ltr'>τὴν</span> <span class='ocrx_word' id='word_1_753' title='bbox 3317 4556 3377 4621; x_wconf 78' lang='grc' dir='ltr'>ἐξ</span> <span class='ocrx_word' id='word_1_754' title='bbox 3423 4556 3654 4618; x_wconf 83' lang='grc' dir='ltr'>Ἰταλίας</span> <span class='ocrx_word' id='word_1_755' title='bbox 3698 4557 4069 4626; x_wconf 62' lang='grc' dir='ltr'>συναθροίσας</span> 
     </span>
    </p>
   </div>
   <div class='ocr_carea' id='block_1_106' title="bbox 2483 4643 4068 4719">
    <p class='ocr_par' dir='ltr' id='par_1_106' title="bbox 2483 4643 4068 4719">
     <span class='ocr_line' id='line_1_106' title="bbox 2483 4643 4068 4719; baseline 0.005 -23"><span class='ocrx_word' id='word_1_756' title='bbox 2483 4644 2713 4714; x_wconf 82' lang='grc' dir='ltr'>δύναμιν</span> <span class='ocrx_word' id='word_1_757' title='bbox 2749 4643 2994 4698; x_wconf 76' lang='grc' dir='ltr'>κάτεισιν</span> <span class='ocrx_word' id='word_1_758' title='bbox 3025 4647 3118 4698; x_wconf 67' lang='grc' dir='ltr'>ἐπὶ</span> <span class='ocrx_word' id='word_1_759' title='bbox 3157 4647 3462 4701; x_wconf 84' lang='grc' dir='ltr'>Ἀντώνιον.</span> <span class='ocrx_word' id='word_1_760' title='bbox 3509 4650 3616 4700; x_wconf 78' lang='lat' dir='ltr'><strong>Kal.</strong></span> <span class='ocrx_word' id='word_1_761' title='bbox 3657 4651 3924 4718; x_wconf 72' lang='grc' dir='ltr'>συμϐολῆς</span> <span class='ocrx_word' id='word_1_762' title='bbox 3964 4669 4068 4719; x_wconf 83' lang='grc' dir='ltr'>γε-</span> 
     </span>
    </p>
   </div>
   <div class='ocr_carea' id='block_1_107' title="bbox 2485 4736 4068 4812">
    <p class='ocr_par' dir='ltr' id='par_1_107' title="bbox 2485 4736 4068 4812">
     <span class='ocr_line' id='line_1_107' title="bbox 2485 4736 4068 4812; baseline 0.004 -25"><span class='ocrx_word' id='word_1_763' title='bbox 2485 4737 2720 4805; x_wconf 85' lang='grc' dir='ltr'>νομένης</span> <span class='ocrx_word' id='word_1_764' title='bbox 2768 4737 2998 4805; x_wconf 79' lang='grc' dir='ltr'>ἡττᾶται</span> <span class='ocrx_word' id='word_1_765' title='bbox 3053 4736 3357 4803; x_wconf 82' lang='grc' dir='ltr'>Ἀντώνιος,</span> <span class='ocrx_word' id='word_1_766' title='bbox 3399 4739 3495 4791; x_wconf 76' lang='grc' dir='ltr'>καὶ</span> <span class='ocrx_word' id='word_1_767' title='bbox 3544 4740 3734 4810; x_wconf 77' lang='grc' dir='ltr'>φεύγει</span> <span class='ocrx_word' id='word_1_768' title='bbox 3775 4742 3912 4810; x_wconf 80' lang='grc' dir='ltr'>μετά</span> <span class='ocrx_word' id='word_1_769' title='bbox 3963 4745 4068 4812; x_wconf 69' lang='grc' dir='ltr'>τῆς</span> 
     </span>
    </p>
   </div>
   <div class='ocr_carea' id='block_1_108' title="bbox 2487 4826 4068 4900">
    <p class='ocr_par' dir='ltr' id='par_1_108' title="bbox 2487 4826 4068 4900">
     <span class='ocr_line' id='line_1_108' title="bbox 2487 4826 4068 4900; baseline 0.006 -23"><span class='ocrx_word' id='word_1_770' title='bbox 2487 4826 2846 4896; x_wconf 78' lang='grc' dir='ltr'>Κλεοπάτρας</span> <span class='ocrx_word' id='word_1_771' title='bbox 2893 4829 2973 4890; x_wconf 83' lang='grc' dir='ltr'><strong>είς</strong></span> <span class='ocrx_word' id='word_1_772' title='bbox 3027 4828 3320 4896; x_wconf 73' lang='grc' dir='ltr'>Αἴγυπτον.</span> <span class='ocrx_word' id='word_1_773' title='bbox 3377 4830 3550 4884; x_wconf 80' lang='grc' dir='ltr'><strong>Καὶὸ</strong></span> <span class='ocrx_word' id='word_1_774' title='bbox 3615 4832 3713 4900; x_wconf 81' lang='grc' dir='ltr'>μὲν</span> <span class='ocrx_word' id='word_1_775' title='bbox 3771 4831 4068 4899; x_wconf 75' lang='grc' dir='ltr'>Ἀντώνιςς</span> 
     </span>
    </p>
   </div>
   <div class='ocr_carea' id='block_1_109' title="bbox 2485 4917 4064 4994">
    <p class='ocr_par' dir='ltr' id='par_1_109' title="bbox 2485 4917 4064 4994">
     <span class='ocr_line' id='line_1_109' title="bbox 2485 4917 4064 4994; baseline 0.004 -24"><span class='ocrx_word' id='word_1_776' title='bbox 2485 4918 2675 4970; x_wconf 70' lang='grc' dir='ltr'>ἑαυτὸν</span> <span class='ocrx_word' id='word_1_777' title='bbox 2705 4917 3067 4988; x_wconf 86' lang='grc' dir='ltr'>διεχειρίσατο</span> <span class='ocrx_word' id='word_1_778' title='bbox 3088 4960 3102 4985; x_wconf 86' lang='grc'><strong>,</strong></span> <span class='ocrx_word' id='word_1_779' title='bbox 3148 4923 3182 4990; x_wconf 95' lang='grc' dir='ltr'><strong>ἡ</strong></span> <span class='ocrx_word' id='word_1_780' title='bbox 3214 4919 3270 4974; x_wconf 80' lang='grc' dir='ltr'>δὲ</span> <span class='ocrx_word' id='word_1_781' title='bbox 3307 4921 3634 4993; x_wconf 81' lang='grc' dir='ltr'>Κλεοπάτρα</span> <span class='ocrx_word' id='word_1_782' title='bbox 3679 4922 4064 4994; x_wconf 79' lang='grc' dir='ltr'>εὐλαϐουμένη</span> 
     </span>
    </p>
   </div>
   <div class='ocr_carea' id='block_1_110' title="bbox 2483 5008 4067 5086">
    <p class='ocr_par' dir='ltr' id='par_1_110' title="bbox 2483 5008 4067 5086">
     <span class='ocr_line' id='line_1_110' title="bbox 2483 5008 4067 5086; baseline 0.006 -26"><span class='ocrx_word' id='word_1_783' title='bbox 2483 5009 2575 5060; x_wconf 85' lang='grc' dir='ltr'>τὸν</span> <span class='ocrx_word' id='word_1_784' title='bbox 2603 5010 2664 5060; x_wconf 89' lang='grc' dir='ltr'><strong>ἐν</strong></span> <span class='ocrx_word' id='word_1_785' title='bbox 2710 5011 2776 5078; x_wconf 83' lang='grc' dir='ltr'><strong>τῇ</strong></span> <span class='ocrx_word' id='word_1_786' title='bbox 2822 5008 3012 5082; x_wconf 84' lang='grc' dir='ltr'>Ῥώμῃ</span> <span class='ocrx_word' id='word_1_787' title='bbox 3051 5011 3320 5081; x_wconf 87' lang='grc' dir='ltr'>θρίαμϐον</span> <span class='ocrx_word' id='word_1_788' title='bbox 3355 5015 3701 5082; x_wconf 79' lang='grc' dir='ltr'>συσχεθεῖσα,</span> <span class='ocrx_word' id='word_1_789' title='bbox 3760 5015 3951 5068; x_wconf 85' lang='grc' dir='ltr'>ἀσπίδι</span> <span class='ocrx_word' id='word_1_790' title='bbox 3983 5018 4067 5086; x_wconf 74' lang='grc' dir='ltr'>τῷ</span> 
     </span>
    </p>
   </div>
   <div class='ocr_carea' id='block_1_111' title="bbox 2485 5099 4068 5176">
    <p class='ocr_par' dir='ltr' id='par_1_111' title="bbox 2485 5099 4068 5176">
     <span class='ocr_line' id='line_1_111' title="bbox 2485 5099 4068 5176; baseline 0.006 -22"><span class='ocrx_word' id='word_1_791' title='bbox 2485 5099 2662 5172; x_wconf 84' lang='grc' dir='ltr'>θηρίῳ</span> <span class='ocrx_word' id='word_1_792' title='bbox 2711 5101 2910 5171; x_wconf 82' lang='grc' dir='ltr'>ἑαυτὴν</span> <span class='ocrx_word' id='word_1_793' title='bbox 2957 5106 3444 5176; x_wconf 82' lang='grc' dir='ltr'>προσενεγκαμένη</span> <span class='ocrx_word' id='word_1_794' title='bbox 3491 5108 3738 5176; x_wconf 79' lang='grc' dir='ltr'>τελευτᾷ.</span> <span class='ocrx_word' id='word_1_795' title='bbox 3777 5108 3969 5172; x_wconf 81' lang='grc' dir='ltr'>Ἤλιος</span> <span class='ocrx_word' id='word_1_796' title='bbox 4007 5113 4068 5164; x_wconf 81' lang='grc' dir='ltr'><strong>δέ</strong></span> 
     </span>
    </p>
   </div>
   <div class='ocr_carea' id='block_1_112' title="bbox 2485 5193 4067 5269">
    <p class='ocr_par' dir='ltr' id='par_1_112' title="bbox 2485 5193 4067 5269">
     <span class='ocr_line' id='line_1_112' title="bbox 2485 5193 4067 5269; baseline 0.006 -26"><span class='ocrx_word' id='word_1_797' title='bbox 2485 5193 2579 5244; x_wconf 83' lang='grc' dir='ltr'>καὶ</span> <span class='ocrx_word' id='word_1_798' title='bbox 2601 5193 2806 5262; x_wconf 87' lang='grc' dir='ltr'>Σελήνη</span> <span class='ocrx_word' id='word_1_799' title='bbox 2830 5193 2900 5245; x_wconf 86' lang='grc' dir='ltr'>τὰ</span> <span class='ocrx_word' id='word_1_800' title='bbox 2921 5194 3086 5247; x_wconf 86' lang='grc' dir='ltr'>τέκνα</span> <span class='ocrx_word' id='word_1_801' title='bbox 3106 5196 3286 5250; x_wconf 82' lang='grc' dir='ltr'>αὐτῶν</span> <span class='ocrx_word' id='word_1_802' title='bbox 3308 5196 3634 5268; x_wconf 88' lang='grc' dir='ltr'>συσχεθέντα</span> <span class='ocrx_word' id='word_1_803' title='bbox 3665 5199 4067 5269; x_wconf 76' lang='grc' dir='ltr'>προσήχθησαν</span> 
     </span>
    </p>
   </div>
   <div class='ocr_carea' id='block_1_113' title="bbox 2484 5281 3132 5357">
    <p class='ocr_par' dir='ltr' id='par_1_113' title="bbox 2484 5281 3132 5357">
     <span class='ocr_line' id='line_1_113' title="bbox 2484 5281 3132 5357; baseline 0.014 -23"><span class='ocrx_word' id='word_1_804' title='bbox 2484 5281 2562 5351; x_wconf 80' lang='grc' dir='ltr'>τῷ</span> <span class='ocrx_word' id='word_1_805' title='bbox 2593 5283 2846 5354; x_wconf 83' lang='grc' dir='ltr'>θριάμϐῳ</span> <span class='ocrx_word' id='word_1_806' title='bbox 2892 5284 3132 5357; x_wconf 82' lang='grc' dir='ltr'>Ῥώμης.</span> 
     </span>
    </p>
   </div>
   <div class='ocr_carea' id='block_1_114' title="bbox 2571 5374 4065 5450">
    <p class='ocr_par' dir='ltr' id='par_1_114' title="bbox 2571 5374 4065 5450">
     <span class='ocr_line' id='line_1_114' title="bbox 2571 5374 4065 5450; baseline 0.006 -24"><span class='ocrx_word' id='word_1_807' title='bbox 2571 5375 2693 5428; x_wconf 78' lang='grc' dir='ltr'>Ἐπὶ</span> <span class='ocrx_word' id='word_1_808' title='bbox 2726 5374 2917 5429; x_wconf 81' lang='grc' dir='ltr'>τούτου</span> <span class='ocrx_word' id='word_1_809' title='bbox 2968 5379 3062 5432; x_wconf 79' lang='grc' dir='ltr'>τοῦ</span> <span class='ocrx_word' id='word_1_810' title='bbox 3116 5380 3454 5448; x_wconf 79' lang='grc' dir='ltr'>Αὐγούστου,</span> <span class='ocrx_word' id='word_1_811' title='bbox 3492 5381 3569 5443; x_wconf 83' lang='grc' dir='ltr'>ὥς</span> <span class='ocrx_word' id='word_1_812' title='bbox 3598 5383 3762 5450; x_wconf 77' lang='grc' dir='ltr'>φησιν</span> <span class='ocrx_word' id='word_1_813' title='bbox 3793 5382 4065 5449; x_wconf 74' lang='grc' dir='ltr'>Εὐσέϐιος</span> 
     </span>
    </p>
   </div>
   <div class='ocr_carea' id='block_1_115' title="bbox 2484 5463 4063 5542">
    <p class='ocr_par' dir='ltr' id='par_1_115' title="bbox 2484 5463 4063 5542">
     <span class='ocr_line' id='line_1_115' title="bbox 2484 5463 4063 5542; baseline 0.008 -25"><span class='ocrx_word' id='word_1_814' title='bbox 2484 5463 2578 5518; x_wconf 72' lang='grc' dir='ltr'>τοῦ</span> <span class='ocrx_word' id='word_1_815' title='bbox 2605 5465 2918 5535; x_wconf 86' lang='grc' dir='ltr'>Παμφίλου,</span> <span class='ocrx_word' id='word_1_816' title='bbox 2951 5469 3126 5541; x_wconf 81' lang='grc' dir='ltr'>ἀρχὴν</span> <span class='ocrx_word' id='word_1_817' title='bbox 3155 5472 3187 5540; x_wconf 80' lang='grc' dir='ltr'><strong>ἡ</strong></span> <span class='ocrx_word' id='word_1_818' title='bbox 3218 5473 3451 5541; x_wconf 88' lang='grc' dir='ltr'>τετάρτη</span> <span class='ocrx_word' id='word_1_819' title='bbox 3491 5471 3754 5542; x_wconf 87' lang='grc' dir='ltr'>λαμϐάνει</span> <span class='ocrx_word' id='word_1_820' title='bbox 3782 5473 4063 5542; x_wconf 78' lang='grc' dir='ltr'>βασιλεία,</span> 
     </span>
    </p>
   </div>
   <div class='ocr_carea' id='block_1_116' title="bbox 2485 5555 4066 5637">
    <p class='ocr_par' dir='ltr' id='par_1_116' title="bbox 2485 5555 4066 5637">
     <span class='ocr_line' id='line_1_116' title="bbox 2485 5555 4066 5637; baseline 0.007 -32"><span class='ocrx_word' id='word_1_821' title='bbox 2485 5557 2552 5624; x_wconf 76' lang='grc' dir='ltr'>ἣν</span> <span class='ocrx_word' id='word_1_822' title='bbox 2593 5555 2622 5606; x_wconf 85' lang='grc' dir='ltr'><strong>ὁ</strong></span> <span class='ocrx_word' id='word_1_823' title='bbox 2661 5556 2859 5626; x_wconf 83' lang='grc' dir='ltr'>Δανιὴλ</span> <span class='ocrx_word' id='word_1_824' title='bbox 2893 5559 2950 5610; x_wconf 89' lang='grc' dir='ltr'><strong>ἐν</strong></span> <span class='ocrx_word' id='word_1_825' title='bbox 2978 5561 3044 5628; x_wconf 79' lang='grc' dir='ltr'>τῇ</span> <span class='ocrx_word' id='word_1_826' title='bbox 3084 5560 3194 5613; x_wconf 88' lang='grc' dir='ltr'><strong>τῶν</strong></span> <span class='ocrx_word' id='word_1_827' title='bbox 3237 5560 3523 5630; x_wconf 86' lang='grc' dir='ltr'>τεσσάρων</span> <span class='ocrx_word' id='word_1_828' title='bbox 3571 5562 3775 5631; x_wconf 85' lang='grc' dir='ltr'>θηρίων</span> <span class='ocrx_word' id='word_1_829' title='bbox 3814 5563 4066 5637; x_wconf 62' lang='grc' dir='ltr'>ὀπτασίᾳ</span> 
     </span>
    </p>
   </div>
   <div class='ocr_carea' id='block_1_117' title="bbox 2485 5647 4066 5726">
    <p class='ocr_par' dir='ltr' id='par_1_117' title="bbox 2485 5647 4066 5726">
     <span class='ocr_line' id='line_1_117' title="bbox 2485 5647 4066 5726; baseline 0.008 -28"><span class='ocrx_word' id='word_1_830' title='bbox 2485 5647 2745 5718; x_wconf 89' lang='grc' dir='ltr'>τέταρτον</span> <span class='ocrx_word' id='word_1_831' title='bbox 2795 5648 2983 5719; x_wconf 89' lang='grc' dir='ltr'>θηρίον</span> <span class='ocrx_word' id='word_1_832' title='bbox 3036 5650 3267 5723; x_wconf 73' lang='grc' dir='ltr'>φοϐερὸν</span> <span class='ocrx_word' id='word_1_833' title='bbox 3313 5654 3591 5724; x_wconf 79' lang='grc' dir='ltr'>ὀνομάζει.</span> <span class='ocrx_word' id='word_1_834' title='bbox 3648 5654 3779 5708; x_wconf 85' lang='grc' dir='ltr'>Τότε</span> <span class='ocrx_word' id='word_1_835' title='bbox 3836 5655 4066 5726; x_wconf 66' lang='grc' dir='ltr'>πρῶτον</span> 
     </span>
    </p>
   </div>
   <div class='ocr_carea' id='block_1_118' title="bbox 2486 5738 4062 5816">
    <p class='ocr_par' dir='ltr' id='par_1_118' title="bbox 2486 5738 4062 5816">
     <span class='ocr_line' id='line_1_118' title="bbox 2486 5738 4062 5816; baseline 0.01 -28"><span class='ocrx_word' id='word_1_836' title='bbox 2486 5739 2581 5789; x_wconf 81' lang='grc' dir='ltr'>ἐπὶ</span> <span class='ocrx_word' id='word_1_837' title='bbox 2628 5738 2728 5808; x_wconf 81' lang='grc' dir='ltr'>τῆς</span> <span class='ocrx_word' id='word_1_838' title='bbox 2759 5738 2797 5790; x_wconf 87' lang='grc' dir='ltr'>δ’</span> <span class='ocrx_word' id='word_1_839' title='bbox 2833 5739 3111 5809; x_wconf 85' lang='grc' dir='ltr'>βασιλείας</span> <span class='ocrx_word' id='word_1_840' title='bbox 3165 5744 3541 5816; x_wconf 83' lang='grc' dir='ltr'>ἐμονάρχησεν</span> <span class='ocrx_word' id='word_1_841' title='bbox 3588 5745 3918 5814; x_wconf 72' lang='grc' dir='ltr'>Αὔγουστος,</span> <span class='ocrx_word' id='word_1_842' title='bbox 3968 5752 4062 5804; x_wconf 75' lang='grc' dir='ltr'>ὅτε</span> 
     </span>
    </p>
   </div>
   <div class='ocr_carea' id='block_1_119' title="bbox 2491 5830 4063 5909">
    <p class='ocr_par' dir='ltr' id='par_1_119' title="bbox 2491 5830 4063 5909">
     <span class='ocr_line' id='line_1_119' title="bbox 2491 5830 4063 5909; baseline 0.008 -28"><span class='ocrx_word' id='word_1_843' title='bbox 2491 5831 2585 5882; x_wconf 66' lang='grc' dir='ltr'>καὶ</span> <span class='ocrx_word' id='word_1_844' title='bbox 2609 5831 2637 5882; x_wconf 83' lang='grc' dir='ltr'>ὁ</span> <span class='ocrx_word' id='word_1_845' title='bbox 2669 5830 2876 5900; x_wconf 79' lang='grc' dir='ltr'>Κύριος</span> <span class='ocrx_word' id='word_1_846' title='bbox 2905 5832 3062 5902; x_wconf 85' lang='grc' dir='ltr'>ἡμῶν</span> <span class='ocrx_word' id='word_1_847' title='bbox 3093 5833 3298 5904; x_wconf 82' lang='grc' dir='ltr'>Ἰησοῦς</span> <span class='ocrx_word' id='word_1_848' title='bbox 3325 5836 3556 5906; x_wconf 79' lang='grc' dir='ltr'>Χριστὸς</span> <span class='ocrx_word' id='word_1_849' title='bbox 3584 5838 3681 5909; x_wconf 82' lang='grc' dir='ltr'>τὴν</span> <span class='ocrx_word' id='word_1_850' title='bbox 3709 5838 3770 5891; x_wconf 84' lang='grc' dir='ltr'><strong>ἐκ</strong></span> <span class='ocrx_word' id='word_1_851' title='bbox 3793 5841 4063 5904; x_wconf 71' lang='grc' dir='ltr'>γυναικὸς</span> 
     </span>
    </p>
   </div>
  </div>
