  <div class='ocr_page' id='page_1' title='image "/cluster/home/n/w/nwhite01/storage/ocr_20150623/121/nnc1.0046980032/186.png"; bbox 0 0 4214 6448; ppageno 0'>
   <div class='ocr_carea' id='block_1_1' title="bbox 136 381 242 443">
    <p class='ocr_par' dir='ltr' id='par_1_1' title="bbox 136 381 242 443">
     <span class='ocr_line' id='line_1_1' title="bbox 136 381 242 443; baseline -0.038 0"><span class='ocrx_word' id='word_1_1' title='bbox 136 381 242 443; x_wconf 66' lang='lat'><strong>357</strong></span> 
     </span>
    </p>
   </div>
   <div class='ocr_carea' id='block_1_2' title="bbox 1245 364 2353 426">
    <p class='ocr_par' dir='ltr' id='par_1_2' title="bbox 1245 364 2353 426">
     <span class='ocr_line' id='line_1_2' title="bbox 1245 364 2353 426; baseline -0.001 -1"><span class='ocrx_word' id='word_1_2' title='bbox 1245 364 1793 425; x_wconf 77' lang='lat' dir='ltr'><strong>HISTORIAHUM</strong></span> <span class='ocrx_word' id='word_1_3' title='bbox 1827 365 2353 426; x_wconf 74' lang='lat' dir='ltr'><strong>COMPENDIUM.</strong></span> 
     </span>
    </p>
   </div>
   <div class='ocr_carea' id='block_1_3' title="bbox 3301 367 3409 431">
    <p class='ocr_par' dir='ltr' id='par_1_3' title="bbox 3301 367 3409 431">
     <span class='ocr_line' id='line_1_3' title="bbox 3301 367 3409 431; baseline 0.037 -4"><span class='ocrx_word' id='word_1_4' title='bbox 3301 367 3409 431; x_wconf 73' lang='lat'><strong>358</strong></span> 
     </span>
    </p>
   </div>
   <div class='ocr_carea' id='block_1_4' title="bbox 141 470 1734 557">
    <p class='ocr_par' dir='ltr' id='par_1_4' title="bbox 141 474 1730 557">
     <span class='ocr_line' id='line_1_4' title="bbox 141 474 1730 557; baseline -0.011 -15"><span class='ocrx_word' id='word_1_5' title='bbox 141 486 529 557; x_wconf 76' lang='grc' dir='ltr'><strong>ἁειπαρθένου</strong></span> <span class='ocrx_word' id='word_1_6' title='bbox 581 482 834 550; x_wconf 78' lang='grc' dir='ltr'><strong>γέννησιν</strong></span> <span class='ocrx_word' id='word_1_7' title='bbox 888 477 953 530; x_wconf 87' lang='grc' dir='ltr'><strong>δι’</strong></span> <span class='ocrx_word' id='word_1_8' title='bbox 987 477 1130 548; x_wconf 75' lang='grc' dir='ltr'><strong>ἡμᾶς</strong></span> <span class='ocrx_word' id='word_1_9' title='bbox 1181 476 1522 540; x_wconf 79' lang='grc' dir='ltr'><strong>κατεδέξατο.</strong></span> <span class='ocrx_word' id='word_1_10' title='bbox 1585 475 1643 526; x_wconf 89' lang='lat'><strong>&#39;0</strong></span> <span class='ocrx_word' id='word_1_11' title='bbox 1675 474 1730 526; x_wconf 84' lang='grc' dir='ltr'><strong>δὲ</strong></span> 
     </span>
    </p>
   </div>
   <div class='ocr_carea' id='block_1_5' title="bbox 1829 470 3412 557">
    <p class='ocr_par' dir='ltr' id='par_1_5' title="bbox 1835 470 3412 542">
     <span class='ocr_line' id='line_1_5' title="bbox 1835 470 3412 542; baseline 0 -12"><span class='ocrx_word' id='word_1_12' title='bbox 1835 490 1901 530; x_wconf 75' lang='grc' dir='ltr'><strong>ει</strong></span> <span class='ocrx_word' id='word_1_13' title='bbox 1962 474 2192 529; x_wconf 78' lang='lat' dir='ltr'><strong>muliere</strong></span> <span class='ocrx_word' id='word_1_14' title='bbox 2252 480 2567 542; x_wconf 83' lang='lat' dir='ltr'><strong>perpetuam</strong></span> <span class='ocrx_word' id='word_1_15' title='bbox 2629 470 2994 542; x_wconf 73' lang='lat' dir='ltr'><strong>virginitatem</strong></span> <span class='ocrx_word' id='word_1_16' title='bbox 3047 482 3412 530; x_wconf 87' lang='lat' dir='ltr'><strong>conservante</strong></span> 
     </span>
    </p>
   </div>
   <div class='ocr_carea' id='block_1_6' title="bbox 142 564 1729 648">
    <p class='ocr_par' dir='ltr' id='par_1_6' title="bbox 142 564 1729 648">
     <span class='ocr_line' id='line_1_6' title="bbox 142 564 1729 648; baseline -0.013 -13"><span class='ocrx_word' id='word_1_17' title='bbox 142 585 312 643; x_wconf 62' lang='grc' dir='ltr'><strong>αὐτᾶς</strong></span> <span class='ocrx_word' id='word_1_18' title='bbox 347 594 517 648; x_wconf 77' lang='grc' dir='ltr'><strong>φησιν</strong></span> <span class='ocrx_word' id='word_1_19' title='bbox 536 573 794 633; x_wconf 82' lang='grc' dir='ltr'><strong>Εὐσέϐιος</strong></span> <span class='ocrx_word' id='word_1_20' title='bbox 817 571 900 623; x_wconf 83' lang='grc' dir='ltr'><strong>ὅτι</strong></span> <span class='ocrx_word' id='word_1_21' title='bbox 923 565 1078 630; x_wconf 77' lang='grc' dir='ltr'><strong>οὗτος</strong></span> <span class='ocrx_word' id='word_1_22' title='bbox 1097 568 1128 620; x_wconf 89' lang='lat'><strong>6</strong></span> <span class='ocrx_word' id='word_1_23' title='bbox 1149 565 1456 635; x_wconf 78' lang='grc' dir='ltr'><strong>Αὔγουστος</strong></span> <span class='ocrx_word' id='word_1_24' title='bbox 1481 564 1729 618; x_wconf 86' lang='grc' dir='ltr'><strong>ἀπελθὼν</strong></span> 
     </span>
    </p>
   </div>
   <div class='ocr_carea' id='block_1_7' title="bbox 142 655 1728 737">
    <p class='ocr_par' dir='ltr' id='par_1_7' title="bbox 142 655 1728 737">
     <span class='ocr_line' id='line_1_7' title="bbox 142 655 1728 737; baseline -0.012 -9"><span class='ocrx_word' id='word_1_25' title='bbox 142 677 224 736; x_wconf 80' lang='grc' dir='ltr'><strong>εἰς</strong></span> <span class='ocrx_word' id='word_1_26' title='bbox 257 669 512 737; x_wconf 75' lang='grc' dir='ltr'><strong>Δελφοὺς</strong></span> <span class='ocrx_word' id='word_1_27' title='bbox 541 665 794 736; x_wconf 77' lang='grc' dir='ltr'><strong>ἠρώτησε</strong></span> <span class='ocrx_word' id='word_1_28' title='bbox 817 662 901 724; x_wconf 86' lang='grc' dir='ltr'><strong>τίς</strong></span> <span class='ocrx_word' id='word_1_29' title='bbox 932 661 1054 730; x_wconf 78' lang='grc' dir='ltr'><strong>μετ’</strong></span> <span class='ocrx_word' id='word_1_30' title='bbox 1074 658 1240 712; x_wconf 78' lang='grc' dir='ltr'><strong>αὑτὸν</strong></span> <span class='ocrx_word' id='word_1_31' title='bbox 1273 656 1610 728; x_wconf 79' lang='grc' dir='ltr'><strong>βασιλεύσει·</strong></span> <span class='ocrx_word' id='word_1_32' title='bbox 1636 655 1728 710; x_wconf 80' lang='grc' dir='ltr'><strong>τοῦ</strong></span> 
     </span>
    </p>
   </div>
   <div class='ocr_carea' id='block_1_8' title="bbox 142 747 1729 830">
    <p class='ocr_par' dir='ltr' id='par_1_8' title="bbox 142 747 1729 830">
     <span class='ocr_line' id='line_1_8' title="bbox 142 747 1729 830; baseline -0.014 -9"><span class='ocrx_word' id='word_1_33' title='bbox 142 767 200 820; x_wconf 80' lang='grc' dir='ltr'><strong>δὲ</strong></span> <span class='ocrx_word' id='word_1_34' title='bbox 227 763 446 820; x_wconf 82' lang='grc' dir='ltr'><strong>Πυθίου</strong></span> <span class='ocrx_word' id='word_1_35' title='bbox 479 757 647 830; x_wconf 75' lang='grc' dir='ltr'><strong>μηδὲν</strong></span> <span class='ocrx_word' id='word_1_36' title='bbox 681 751 1138 824; x_wconf 77' lang='grc' dir='ltr'><strong>ἀποκρινομένου,</strong></span> <span class='ocrx_word' id='word_1_37' title='bbox 1169 751 1266 804; x_wconf 76' lang='grc' dir='ltr'><strong>καὶ</strong></span> <span class='ocrx_word' id='word_1_38' title='bbox 1294 747 1390 802; x_wconf 81' lang='grc' dir='ltr'><strong>τοῦ</strong></span> <span class='ocrx_word' id='word_1_39' title='bbox 1420 747 1729 816; x_wconf 82' lang='grc' dir='ltr'><strong>Αὐγούστου</strong></span> 
     </span>
    </p>
   </div>
   <div class='ocr_carea' id='block_1_9' title="bbox 142 838 1731 924">
    <p class='ocr_par' dir='ltr' id='par_1_9' title="bbox 142 838 1731 924">
     <span class='ocr_line' id='line_1_9' title="bbox 142 838 1731 924; baseline -0.003 -26"><span class='ocrx_word' id='word_1_40' title='bbox 142 858 315 910; x_wconf 65' lang='grc' dir='ltr'><strong>πάλιν</strong></span> <span class='ocrx_word' id='word_1_41' title='bbox 350 853 730 924; x_wconf 64' lang='grc' dir='ltr'><strong>ἐρωτήσαντος</strong></span> <span class='ocrx_word' id='word_1_42' title='bbox 759 844 847 897; x_wconf 83' lang='grc' dir='ltr'><strong>διὰ</strong></span> <span class='ocrx_word' id='word_1_43' title='bbox 891 841 945 894; x_wconf 85' lang='grc' dir='ltr'><strong>τί</strong></span> <span class='ocrx_word' id='word_1_44' title='bbox 979 842 1107 912; x_wconf 78' lang='grc' dir='ltr'><strong>σιγᾷ</strong></span> <span class='ocrx_word' id='word_1_45' title='bbox 1153 839 1216 893; x_wconf 81' lang='grc' dir='ltr'><strong>τὸ</strong></span> <span class='ocrx_word' id='word_1_46' title='bbox 1251 843 1524 909; x_wconf 78' lang='grc' dir='ltr'><strong>μαντεῖον,</strong></span> <span class='ocrx_word' id='word_1_47' title='bbox 1560 838 1664 908; x_wconf 69' lang='grc' dir='ltr'><strong>ἔφη</strong></span> <span class='ocrx_word' id='word_1_48' title='bbox 1697 839 1731 908; x_wconf 82' lang='grc' dir='ltr'><strong>ἡ</strong></span> 
     </span>
    </p>
   </div>
   <div class='ocr_carea' id='block_1_10' title="bbox 144 939 611 1000">
    <p class='ocr_par' dir='ltr' id='par_1_10' title="bbox 144 939 611 1000">
     <span class='ocr_line' id='line_1_10' title="bbox 144 939 611 1000; baseline -0.011 0"><span class='ocrx_word' id='word_1_49' title='bbox 144 944 328 1000; x_wconf 81' lang='grc' dir='ltr'><strong>Πυθία</strong></span> <span class='ocrx_word' id='word_1_50' title='bbox 386 939 560 992; x_wconf 81' lang='grc' dir='ltr'><strong>ταῦτα</strong></span> <span class='ocrx_word' id='word_1_51' title='bbox 597 952 611 966; x_wconf 83' lang='grc'><em>“</em></span> 
     </span>
    </p>
   </div>
   <div class='ocr_carea' id='block_1_11' title="bbox 140 1019 1734 1160">
    <p class='ocr_par' dir='ltr' id='par_1_11' title="bbox 140 1019 1734 1160">
     <span class='ocr_line' id='line_1_11' title="bbox 140 1019 1734 1160; baseline -0.019 -68"><span class='ocrx_word' id='word_1_52' title='bbox 140 1039 294 1104; x_wconf 81' lang='grc' dir='ltr'><strong>Παῖς</strong></span> <span class='ocrx_word' id='word_1_53' title='bbox 328 1031 598 1102; x_wconf 77' lang='grc' dir='ltr'><strong>Ἐϐραῖος</strong></span> <span class='ocrx_word' id='word_1_54' title='bbox 618 1026 857 1081; x_wconf 77' lang='grc' dir='ltr'><strong>κέλεταί</strong></span> <span class='ocrx_word' id='word_1_55' title='bbox 871 1041 965 1095; x_wconf 81' lang='grc' dir='ltr'><strong>με,</strong></span> <span class='ocrx_word' id='word_1_56' title='bbox 988 1027 1132 1092; x_wconf 83' lang='grc' dir='ltr'><strong>Θεὸς</strong></span> <span class='ocrx_word' id='word_1_57' title='bbox 1147 1025 1528 1160; x_wconf 71' lang='grc' dir='ltr'><strong>μακάρεσσιῖ-</strong></span> <span class='ocrx_word' id='word_1_58' title='bbox 1554 1019 1734 1142; x_wconf 46' lang='lat' dir='ltr'><strong>ett-da.</strong></span> 
     </span>
     <span class='ocr_line' id='line_1_12' title="bbox 1513 1109 1661 1152; baseline -0.02 -7"><span class='ocrx_word' id='word_1_59' title='bbox 1513 1111 1600 1145; x_wconf 84' lang='grc' dir='ltr'><strong>σω</strong></span> <span class='ocrx_word' id='word_1_60' title='bbox 1621 1109 1661 1152; x_wconf 63' lang='grc' dir='ltr'><strong>π,</strong></span> 
     </span>
    </p>
   </div>
   <div class='ocr_carea' id='block_1_12' title="bbox 1513 1109 1661 1152">
    <p class='ocr_par' dir='ltr' id='par_1_12' title="bbox 1513 1109 1661 1152">
     <span class='ocr_line' id='line_1_13' title="bbox 1513 1109 1661 1152; baseline -0.02 -7"><span class='ocrx_word' id='word_1_61' title='bbox 1513 1109 1661 1152; x_wconf 77' lang='grc' dir='ltr'><strong>σων,</strong></span> 
     </span>
    </p>
   </div>
   <div class='ocr_carea' id='block_1_13' title="bbox 148 1162 1695 1244">
    <p class='ocr_par' dir='ltr' id='par_1_13' title="bbox 148 1162 1695 1244">
     <span class='ocr_line' id='line_1_14' title="bbox 148 1162 1695 1244; baseline -0.017 -6"><span class='ocrx_word' id='word_1_62' title='bbox 148 1177 342 1233; x_wconf 69' lang='grc' dir='ltr'><strong>Τόνδε</strong></span> <span class='ocrx_word' id='word_1_63' title='bbox 369 1175 559 1244; x_wconf 73' lang='grc' dir='ltr'><strong>δόμον</strong></span> <span class='ocrx_word' id='word_1_64' title='bbox 587 1174 902 1242; x_wconf 73' lang='grc' dir='ltr'><strong>προλιπεῖν</strong></span> <span class='ocrx_word' id='word_1_65' title='bbox 931 1170 1028 1244; x_wconf 79' lang='grc' dir='ltr'><strong>καὶ</strong></span> <span class='ocrx_word' id='word_1_66' title='bbox 1057 1167 1205 1244; x_wconf 70' lang='grc' dir='ltr'><strong>ὁδὸν</strong></span> <span class='ocrx_word' id='word_1_67' title='bbox 1235 1166 1409 1244; x_wconf 43' lang='grc' dir='ltr'><strong>αὖθι-ς</strong></span> <span class='ocrx_word' id='word_1_68' title='bbox 1443 1162 1695 1218; x_wconf 67' lang='grc' dir='ltr'><strong>λιτέσθαι.</strong></span> 
     </span>
    </p>
   </div>
   <div class='ocr_carea' id='block_1_14' title="bbox 145 1235 1436 1312">
    <p class='ocr_par' dir='ltr' id='par_1_14' title="bbox 145 1235 1436 1312">
     <span class='ocr_line' id='line_1_15' title="bbox 145 1235 1436 1312; baseline -0.013 -7"><span class='ocrx_word' id='word_1_69' title='bbox 145 1252 361 1304; x_wconf 73' lang='grc' dir='ltr'><strong>’Δπιθι</strong></span> <span class='ocrx_word' id='word_1_70' title='bbox 385 1235 604 1300; x_wconf 74' lang='grc' dir='ltr'><strong>λόιπὸν</strong></span> <span class='ocrx_word' id='word_1_71' title='bbox 626 1235 694 1300; x_wconf 71' lang='grc' dir='ltr'><strong>ἓκ</strong></span> <span class='ocrx_word' id='word_1_72' title='bbox 719 1245 912 1312; x_wconf 75' lang='grc' dir='ltr'><strong>δόμων</strong></span> <span class='ocrx_word' id='word_1_73' title='bbox 948 1237 1254 1310; x_wconf 73' lang='grc' dir='ltr'><strong>ἡμετέρων</strong></span> <span class='ocrx_word' id='word_1_74' title='bbox 1301 1235 1436 1305; x_wconf 75' lang='grc'><strong>(51).</strong></span> 
     </span>
    </p>
   </div>
   <div class='ocr_carea' id='block_1_15' title="bbox 222 1321 1733 1412">
    <p class='ocr_par' dir='ltr' id='par_1_15' title="bbox 222 1321 1733 1412">
     <span class='ocr_line' id='line_1_16' title="bbox 222 1321 1733 1412; baseline -0.013 -18"><span class='ocrx_word' id='word_1_75' title='bbox 222 1342 318 1412; x_wconf 77' lang='grc' dir='ltr'>Τῷ</span> <span class='ocrx_word' id='word_1_76' title='bbox 367 1341 428 1393; x_wconf 78' lang='grc' dir='ltr'><strong>δὲ</strong></span> <span class='ocrx_word' id='word_1_77' title='bbox 482 1345 625 1409; x_wconf 35' lang='grc' dir='ltr'><strong>γεφς⁹</strong></span> <span class='ocrx_word' id='word_1_78' title='bbox 680 1338 790 1391; x_wconf 73' lang='grc' dir='ltr'><strong>ἔτει</strong></span> <span class='ocrx_word' id='word_1_79' title='bbox 837 1334 946 1388; x_wconf 82' lang='grc' dir='ltr'><strong>ἀπὸ</strong></span> <span class='ocrx_word' id='word_1_80' title='bbox 999 1331 1229 1393; x_wconf 89' lang='grc' dir='ltr'><strong>κτίσεως</strong></span> <span class='ocrx_word' id='word_1_81' title='bbox 1280 1329 1509 1397; x_wconf 85' lang='grc' dir='ltr'><strong>κόσμου,</strong></span> <span class='ocrx_word' id='word_1_82' title='bbox 1557 1322 1642 1392; x_wconf 82' lang='grc' dir='ltr'><strong>μβ¹</strong></span> <span class='ocrx_word' id='word_1_83' title='bbox 1679 1321 1733 1375; x_wconf 76' lang='grc' dir='ltr'><strong>δὲ</strong></span> 
     </span>
    </p>
   </div>
   <div class='ocr_carea' id='block_1_16' title="bbox 143 1414 1736 1503">
    <p class='ocr_par' dir='ltr' id='par_1_16' title="bbox 143 1414 1736 1503">
     <span class='ocr_line' id='line_1_17' title="bbox 143 1414 1736 1503; baseline -0.015 -14"><span class='ocrx_word' id='word_1_84' title='bbox 143 1434 472 1503; x_wconf 72' lang='grc' dir='ltr'><strong>Αὐγούστου</strong></span> <span class='ocrx_word' id='word_1_85' title='bbox 503 1430 693 1500; x_wconf 79' lang='grc' dir='ltr'><strong>ἐξῆλθε</strong></span> <span class='ocrx_word' id='word_1_86' title='bbox 735 1430 914 1496; x_wconf 82' lang='grc' dir='ltr'><strong>δόγμα</strong></span> <span class='ocrx_word' id='word_1_87' title='bbox 958 1423 1087 1493; x_wconf 85' lang='grc' dir='ltr'><strong>παρ’</strong></span> <span class='ocrx_word' id='word_1_88' title='bbox 1113 1420 1278 1474; x_wconf 82' lang='grc' dir='ltr'><strong>αὐτοῦ</strong></span> <span class='ocrx_word' id='word_1_89' title='bbox 1323 1414 1736 1484; x_wconf 57' lang='grc' dir='ltr'><strong>ἀπογράςεσθαι</strong></span> 
     </span>
    </p>
   </div>
   <div class='ocr_carea' id='block_1_17' title="bbox 145 1508 1736 1596">
    <p class='ocr_par' dir='ltr' id='par_1_17' title="bbox 145 1508 1736 1596">
     <span class='ocr_line' id='line_1_18' title="bbox 145 1508 1736 1596; baseline -0.016 -14"><span class='ocrx_word' id='word_1_90' title='bbox 145 1531 340 1582; x_wconf 72' lang='grc' dir='ltr'><strong>πᾶσαν</strong></span> <span class='ocrx_word' id='word_1_91' title='bbox 362 1526 467 1596; x_wconf 78' lang='grc' dir='ltr'><strong>τὴν</strong></span> <span class='ocrx_word' id='word_1_92' title='bbox 487 1526 832 1592; x_wconf 78' lang='grc' dir='ltr'><strong>οἰκουμένην.</strong></span> <span class='ocrx_word' id='word_1_93' title='bbox 852 1520 942 1570; x_wconf 85' lang='grc' dir='ltr'><strong>Ἐν</strong></span> <span class='ocrx_word' id='word_1_94' title='bbox 1030 1517 1137 1568; x_wconf 81' lang='grc' dir='ltr'><strong>ἔτει</strong></span> <span class='ocrx_word' id='word_1_95' title='bbox 1172 1515 1265 1567; x_wconf 72' lang='grc' dir='ltr'><strong>καὶ</strong></span> <span class='ocrx_word' id='word_1_96' title='bbox 1296 1515 1323 1564; x_wconf 97' lang='lat'><strong>6</strong></span> <span class='ocrx_word' id='word_1_97' title='bbox 1356 1509 1559 1580; x_wconf 81' lang='grc' dir='ltr'><strong>Κύριος</strong></span> <span class='ocrx_word' id='word_1_98' title='bbox 1582 1508 1736 1578; x_wconf 82' lang='grc' dir='ltr'><strong>ἡμῶν</strong></span> 
     </span>
    </p>
   </div>
   <div class='ocr_carea' id='block_1_18' title="bbox 157 1597 1737 1686">
    <p class='ocr_par' dir='ltr' id='par_1_18' title="bbox 157 1597 1737 1686">
     <span class='ocr_line' id='line_1_19' title="bbox 157 1597 1737 1686; baseline -0.015 -17"><span class='ocrx_word' id='word_1_99' title='bbox 157 1614 377 1686; x_wconf 80' lang='grc' dir='ltr'><strong>Ἰησοῦς</strong></span> <span class='ocrx_word' id='word_1_100' title='bbox 428 1612 664 1684; x_wconf 74' lang='grc' dir='ltr'><strong>Χριστὸς</strong></span> <span class='ocrx_word' id='word_1_101' title='bbox 710 1607 998 1677; x_wconf 83' lang='grc' dir='ltr'><strong>ἐγεννήθη.</strong></span> <span class='ocrx_word' id='word_1_102' title='bbox 1068 1602 1310 1674; x_wconf 84' lang='grc' dir='ltr'><strong>Ἡρώδου</strong></span> <span class='ocrx_word' id='word_1_103' title='bbox 1365 1597 1737 1668; x_wconf 79' lang='grc' dir='ltr'><strong>βασιλεύοντος</strong></span> 
     </span>
    </p>
   </div>
   <div class='ocr_carea' id='block_1_19' title="bbox 145 1690 1732 1771">
    <p class='ocr_par' dir='ltr' id='par_1_19' title="bbox 145 1690 1732 1771">
     <span class='ocr_line' id='line_1_20' title="bbox 145 1690 1732 1771; baseline -0.008 -15"><span class='ocrx_word' id='word_1_104' title='bbox 145 1707 247 1771; x_wconf 80' lang='grc' dir='ltr'><strong>τῆς</strong></span> <span class='ocrx_word' id='word_1_105' title='bbox 280 1703 570 1764; x_wconf 80' lang='grc' dir='ltr'><strong>Ἰουδαίας,</strong></span> <span class='ocrx_word' id='word_1_106' title='bbox 592 1701 651 1752; x_wconf 83' lang='grc' dir='ltr'><strong>δν</strong></span> <span class='ocrx_word' id='word_1_107' title='bbox 671 1703 699 1753; x_wconf 88' lang='lat'><strong>6</strong></span> <span class='ocrx_word' id='word_1_108' title='bbox 722 1701 939 1769; x_wconf 82' lang='grc' dir='ltr'><strong>Καῖσαρ</strong></span> <span class='ocrx_word' id='word_1_109' title='bbox 955 1695 1267 1763; x_wconf 73' lang='grc' dir='ltr'><strong>Αὔγουστος</strong></span> <span class='ocrx_word' id='word_1_110' title='bbox 1296 1690 1732 1761; x_wconf 84' lang='grc' dir='ltr'><strong>προεχειρίσατο.</strong></span> 
     </span>
    </p>
   </div>
   <div class='ocr_carea' id='block_1_20' title="bbox 148 1782 1735 1863">
    <p class='ocr_par' dir='ltr' id='par_1_20' title="bbox 148 1782 1735 1863">
     <span class='ocr_line' id='line_1_21' title="bbox 148 1782 1735 1863; baseline -0.011 -13"><span class='ocrx_word' id='word_1_111' title='bbox 148 1791 326 1859; x_wconf 73' lang='grc' dir='ltr'><strong>Οὗτος</strong></span> <span class='ocrx_word' id='word_1_112' title='bbox 355 1797 385 1847; x_wconf 80' lang='lat'><strong>6</strong></span> <span class='ocrx_word' id='word_1_113' title='bbox 416 1796 640 1863; x_wconf 80' lang='grc' dir='ltr'><strong>Καῖσαρ</strong></span> <span class='ocrx_word' id='word_1_114' title='bbox 665 1793 757 1845; x_wconf 80' lang='grc' dir='ltr'><strong>τὸν</strong></span> <span class='ocrx_word' id='word_1_115' title='bbox 786 1792 990 1861; x_wconf 84' lang='grc' dir='ltr'><strong>κόσμον</strong></span> <span class='ocrx_word' id='word_1_116' title='bbox 1021 1786 1201 1857; x_wconf 79' lang='grc' dir='ltr'><strong>ἐαυτῷ</strong></span> <span class='ocrx_word' id='word_1_117' title='bbox 1234 1785 1452 1838; x_wconf 80' lang='grc' dir='ltr'><strong>ἅπαντα</strong></span> <span class='ocrx_word' id='word_1_118' title='bbox 1493 1782 1735 1836; x_wconf 85' lang='grc' dir='ltr'><strong>καθυπο-</strong></span> 
     </span>
    </p>
   </div>
   <div class='ocr_carea' id='block_1_21' title="bbox 145 1875 1735 1955">
    <p class='ocr_par' dir='ltr' id='par_1_21' title="bbox 145 1875 1735 1955">
     <span class='ocr_line' id='line_1_22' title="bbox 145 1875 1735 1955; baseline -0.011 -14"><span class='ocrx_word' id='word_1_119' title='bbox 145 1890 343 1954; x_wconf 75' lang='grc' dir='ltr'><strong>τάξας,</strong></span> <span class='ocrx_word' id='word_1_120' title='bbox 388 1888 450 1938; x_wconf 81' lang='grc' dir='ltr'><strong>ἐν</strong></span> <span class='ocrx_word' id='word_1_121' title='bbox 493 1884 569 1954; x_wconf 80' lang='grc' dir='ltr'><strong>τῷ</strong></span> <span class='ocrx_word' id='word_1_122' title='bbox 623 1884 838 1955; x_wconf 83' lang='grc' dir='ltr'><strong>μέλλειν</strong></span> <span class='ocrx_word' id='word_1_123' title='bbox 875 1881 1041 1935; x_wconf 76' lang='grc' dir='ltr'><strong>αὑτὸν</strong></span> <span class='ocrx_word' id='word_1_124' title='bbox 1087 1882 1144 1932; x_wconf 81' lang='grc' dir='ltr'><strong>ὲν</strong></span> <span class='ocrx_word' id='word_1_125' title='bbox 1207 1877 1393 1947; x_wconf 82' lang='grc' dir='ltr'><strong>Ῥώμη</strong></span> <span class='ocrx_word' id='word_1_126' title='bbox 1434 1875 1564 1928; x_wconf 78' lang='grc' dir='ltr'><strong>ὄντα</strong></span> <span class='ocrx_word' id='word_1_127' title='bbox 1599 1875 1735 1925; x_wconf 84' lang='grc' dir='ltr'><strong>ἁπο-</strong></span> 
     </span>
    </p>
   </div>
   <div class='ocr_carea' id='block_1_22' title="bbox 143 1967 1732 2048">
    <p class='ocr_par' dir='ltr' id='par_1_22' title="bbox 143 1967 1732 2048">
     <span class='ocr_line' id='line_1_23' title="bbox 143 1967 1732 2048; baseline -0.013 -13"><span class='ocrx_word' id='word_1_128' title='bbox 143 1983 366 2042; x_wconf 84' lang='grc' dir='ltr'><strong>ϐιῶναι,</strong></span> <span class='ocrx_word' id='word_1_129' title='bbox 416 1976 782 2048; x_wconf 75' lang='grc' dir='ltr'><strong>παρηγγύησε</strong></span> <span class='ocrx_word' id='word_1_130' title='bbox 829 1975 952 2037; x_wconf 73' lang='grc' dir='ltr'><strong>τοὺς</strong></span> <span class='ocrx_word' id='word_1_131' title='bbox 989 1975 1048 2025; x_wconf 78' lang='grc' dir='ltr'><strong>ἐν</strong></span> <span class='ocrx_word' id='word_1_132' title='bbox 1102 1973 1246 2024; x_wconf 86' lang='grc' dir='ltr'><strong>τέλει</strong></span> <span class='ocrx_word' id='word_1_133' title='bbox 1301 1971 1509 2027; x_wconf 78' lang='grc' dir='ltr'><strong>πάντας</strong></span> <span class='ocrx_word' id='word_1_134' title='bbox 1563 1967 1621 2016; x_wconf 85' lang='grc' dir='ltr'><strong>ὲν</strong></span> <span class='ocrx_word' id='word_1_135' title='bbox 1667 1967 1732 2032; x_wconf 74' lang='grc' dir='ltr'><strong>τῇ</strong></span> 
     </span>
    </p>
   </div>
   <div class='ocr_carea' id='block_1_23' title="bbox 144 2056 1737 2143">
    <p class='ocr_par' dir='ltr' id='par_1_23' title="bbox 144 2056 1737 2143">
     <span class='ocr_line' id='line_1_24' title="bbox 144 2056 1737 2143; baseline -0.013 -16"><span class='ocrx_word' id='word_1_136' title='bbox 144 2075 374 2143; x_wconf 79' lang='grc' dir='ltr'><strong>τελευτῇ</strong></span> <span class='ocrx_word' id='word_1_137' title='bbox 407 2067 577 2124; x_wconf 78' lang='grc' dir='ltr'><strong>αὑτοῦ</strong></span> <span class='ocrx_word' id='word_1_138' title='bbox 609 2069 792 2138; x_wconf 79' lang='grc' dir='ltr'><strong>χεῖρας</strong></span> <span class='ocrx_word' id='word_1_139' title='bbox 833 2065 1100 2136; x_wconf 85' lang='grc' dir='ltr'><strong>κροτῆσαι</strong></span> <span class='ocrx_word' id='word_1_140' title='bbox 1131 2063 1226 2116; x_wconf 67' lang='grc' dir='ltr'><strong>καὶ</strong></span> <span class='ocrx_word' id='word_1_141' title='bbox 1263 2059 1493 2127; x_wconf 83' lang='grc' dir='ltr'><strong>γελάσαι</strong></span> <span class='ocrx_word' id='word_1_142' title='bbox 1536 2056 1610 2117; x_wconf 87' lang='grc' dir='ltr'><strong>ώς</strong></span> <span class='ocrx_word' id='word_1_143' title='bbox 1642 2057 1737 2107; x_wconf 75' lang='grc' dir='ltr'><strong>ἐπὶ</strong></span> 
     </span>
    </p>
   </div>
   <div class='ocr_carea' id='block_1_24' title="bbox 1833 564 3412 636">
    <p class='ocr_par' dir='ltr' id='par_1_24' title="bbox 1833 564 3412 636">
     <span class='ocr_line' id='line_1_25' title="bbox 1833 564 3412 636; baseline -0.002 -12"><span class='ocrx_word' id='word_1_144' title='bbox 1833 567 2121 624; x_wconf 75' lang='lat' dir='ltr'><strong>sustinuit.</strong></span> <span class='ocrx_word' id='word_1_145' title='bbox 2152 566 2294 621; x_wconf 91' lang='lat' dir='ltr'><strong>Idem</strong></span> <span class='ocrx_word' id='word_1_146' title='bbox 2321 564 2596 620; x_wconf 84' lang='lat' dir='ltr'><strong>Eusebius</strong></span> <span class='ocrx_word' id='word_1_147' title='bbox 2629 573 2814 617; x_wconf 84' lang='lat' dir='ltr'><strong>narrat</strong></span> <span class='ocrx_word' id='word_1_148' title='bbox 2837 565 3142 634; x_wconf 79' lang='lat' dir='ltr'><strong>Augustum</strong></span> <span class='ocrx_word' id='word_1_149' title='bbox 3179 564 3412 636; x_wconf 86' lang='lat' dir='ltr'><strong>Delphos</strong></span> 
     </span>
    </p>
   </div>
   <div class='ocr_carea' id='block_1_25' title="bbox 1831 654 3413 729">
    <p class='ocr_par' dir='ltr' id='par_1_25' title="bbox 1831 654 3413 729">
     <span class='ocr_line' id='line_1_26' title="bbox 1831 654 3413 729; baseline 0 -17"><span class='ocrx_word' id='word_1_150' title='bbox 1831 659 2140 729; x_wconf 87' lang='lat' dir='ltr'><strong>profectum</strong></span> <span class='ocrx_word' id='word_1_151' title='bbox 2176 657 2242 710; x_wconf 88' lang='lat' dir='ltr'><strong>de</strong></span> <span class='ocrx_word' id='word_1_152' title='bbox 2277 671 2610 711; x_wconf 89' lang='lat' dir='ltr'><strong>successuro</strong></span> <span class='ocrx_word' id='word_1_153' title='bbox 2642 654 2747 710; x_wconf 86' lang='lat' dir='ltr'><strong>sibi</strong></span> <span class='ocrx_word' id='word_1_154' title='bbox 2781 658 3060 712; x_wconf 83' lang='lat' dir='ltr'><strong>oraculum</strong></span> <span class='ocrx_word' id='word_1_155' title='bbox 3095 659 3413 714; x_wconf 87' lang='lat' dir='ltr'><strong>consuluis-</strong></span> 
     </span>
    </p>
   </div>
   <div class='ocr_carea' id='block_1_26' title="bbox 1833 749 3413 819">
    <p class='ocr_par' dir='ltr' id='par_1_26' title="bbox 1833 749 3413 819">
     <span class='ocr_line' id='line_1_27' title="bbox 1833 749 3413 819; baseline -0.002 -13"><span class='ocrx_word' id='word_1_156' title='bbox 1833 767 1918 816; x_wconf 85' lang='lat' dir='ltr'><strong>se,</strong></span> <span class='ocrx_word' id='word_1_157' title='bbox 1952 759 2008 804; x_wconf 92' lang='lat' dir='ltr'><strong>et</strong></span> <span class='ocrx_word' id='word_1_158' title='bbox 2039 765 2164 803; x_wconf 87' lang='lat' dir='ltr'><strong>cum</strong></span> <span class='ocrx_word' id='word_1_159' title='bbox 2197 759 2346 801; x_wconf 85' lang='lat' dir='ltr'><strong>vates</strong></span> <span class='ocrx_word' id='word_1_160' title='bbox 2392 750 2524 803; x_wconf 85' lang='lat' dir='ltr'><strong>nihil</strong></span> <span class='ocrx_word' id='word_1_161' title='bbox 2569 749 2949 819; x_wconf 77' lang='lat' dir='ltr'><strong>responderet,</strong></span> <span class='ocrx_word' id='word_1_162' title='bbox 2985 751 3238 804; x_wconf 87' lang='lat' dir='ltr'><strong>scitatum</strong></span> <span class='ocrx_word' id='word_1_163' title='bbox 3282 766 3413 803; x_wconf 87' lang='lat' dir='ltr'><strong>can-</strong></span> 
     </span>
    </p>
   </div>
   <div class='ocr_carea' id='block_1_27' title="bbox 1835 840 3410 912">
    <p class='ocr_par' dir='ltr' id='par_1_27' title="bbox 1835 840 3410 912">
     <span class='ocr_line' id='line_1_28' title="bbox 1835 840 3410 912; baseline -0.002 -15"><span class='ocrx_word' id='word_1_164' title='bbox 1835 859 1953 898; x_wconf 91' lang='lat' dir='ltr'><strong>sam</strong></span> <span class='ocrx_word' id='word_1_165' title='bbox 2012 857 2112 896; x_wconf 89' lang='lat' dir='ltr'><strong>cur</strong></span> <span class='ocrx_word' id='word_1_166' title='bbox 2166 842 2448 896; x_wconf 88' lang='lat' dir='ltr'><strong>oraculum</strong></span> <span class='ocrx_word' id='word_1_167' title='bbox 2512 840 2864 905; x_wconf 89' lang='lat' dir='ltr'><strong>conticuerit,</strong></span> <span class='ocrx_word' id='word_1_168' title='bbox 2923 841 3026 896; x_wconf 87' lang='lat' dir='ltr'><strong>hoc</strong></span> <span class='ocrx_word' id='word_1_169' title='bbox 3086 855 3410 912; x_wconf 83' lang='lat' dir='ltr'><strong>responsum</strong></span> 
     </span>
    </p>
   </div>
   <div class='ocr_carea' id='block_1_28' title="bbox 1837 936 2076 990">
    <p class='ocr_par' dir='ltr' id='par_1_28' title="bbox 1837 936 2076 990">
     <span class='ocr_line' id='line_1_29' title="bbox 1837 936 2076 990; baseline 0 0"><span class='ocrx_word' id='word_1_170' title='bbox 1837 936 2030 990; x_wconf 90' lang='lat' dir='ltr'><strong>tulisse</strong></span> <span class='ocrx_word' id='word_1_171' title='bbox 2063 952 2076 989; x_wconf 86' lang='lat'><strong>:</strong></span> 
     </span>
    </p>
   </div>
   <div class='ocr_carea' id='block_1_29' title="bbox 1906 1024 3234 1095">
    <p class='ocr_par' dir='ltr' id='par_1_29' title="bbox 1906 1024 3234 1095">
     <span class='ocr_line' id='line_1_30' title="bbox 1906 1024 3234 1095; baseline 0 -15"><span class='ocrx_word' id='word_1_172' title='bbox 1906 1026 1996 1081; x_wconf 79' lang='lat' dir='ltr'><strong>Me</strong></span> <span class='ocrx_word' id='word_1_173' title='bbox 2010 1043 2140 1095; x_wconf 85' lang='lat' dir='ltr'><strong>puer</strong></span> <span class='ocrx_word' id='word_1_174' title='bbox 2169 1025 2424 1080; x_wconf 63' lang='lat' dir='ltr'><strong>Helymus</strong></span> <span class='ocrx_word' id='word_1_175' title='bbox 2447 1024 2592 1094; x_wconf 84' lang='lat' dir='ltr'><strong>jubet</strong></span> <span class='ocrx_word' id='word_1_176' title='bbox 2619 1025 2712 1078; x_wconf 85' lang='lat' dir='ltr'><strong>hoc</strong></span> <span class='ocrx_word' id='word_1_177' title='bbox 2733 1027 2994 1080; x_wconf 70' lang='lat' dir='ltr'><strong>discedere</strong></span> <span class='ocrx_word' id='word_1_178' title='bbox 3021 1026 3234 1093; x_wconf 81' lang='lat' dir='ltr'><strong>templo,</strong></span> 
     </span>
    </p>
   </div>
   <div class='ocr_carea' id='block_1_30' title="bbox 1913 1161 3414 1232">
    <p class='ocr_par' dir='ltr' id='par_1_30' title="bbox 1913 1161 3414 1232">
     <span class='ocr_line' id='line_1_31' title="bbox 1913 1161 3414 1232; baseline 0.001 -17"><span class='ocrx_word' id='word_1_179' title='bbox 1913 1164 2022 1217; x_wconf 70' lang='lat' dir='ltr'><strong>Rex</strong></span> <span class='ocrx_word' id='word_1_180' title='bbox 2038 1164 2235 1226; x_wconf 80' lang='lat' dir='ltr'><strong>divum,</strong></span> <span class='ocrx_word' id='word_1_181' title='bbox 2255 1174 2302 1216; x_wconf 81' lang='lat' dir='ltr'><strong>et</strong></span> <span class='ocrx_word' id='word_1_182' title='bbox 2327 1161 2571 1232; x_wconf 78' lang='lat' dir='ltr'><strong>Stygium</strong></span> <span class='ocrx_word' id='word_1_183' title='bbox 2591 1179 2798 1215; x_wconf 80' lang='lat' dir='ltr'><strong>rursum</strong></span> <span class='ocrx_word' id='word_1_184' title='bbox 2826 1179 3059 1218; x_wconf 84' lang='lat' dir='ltr'><strong>remeare</strong></span> <span class='ocrx_word' id='word_1_185' title='bbox 3075 1164 3171 1219; x_wconf 80' lang='lat' dir='ltr'><strong>sub</strong></span> <span class='ocrx_word' id='word_1_186' title='bbox 3193 1164 3414 1224; x_wconf 82' lang='lat' dir='ltr'><strong>Orcum.</strong></span> 
     </span>
    </p>
   </div>
   <div class='ocr_carea' id='block_1_31' title="bbox 1913 1233 3341 1304">
    <p class='ocr_par' dir='ltr' id='par_1_31' title="bbox 1913 1233 3341 1304">
     <span class='ocr_line' id='line_1_32' title="bbox 1913 1233 3341 1304; baseline 0.003 -19"><span class='ocrx_word' id='word_1_187' title='bbox 1913 1233 1991 1287; x_wconf 86' lang='lat' dir='ltr'><strong>Tu</strong></span> <span class='ocrx_word' id='word_1_188' title='bbox 2027 1236 2221 1288; x_wconf 80' lang='lat' dir='ltr'><strong>tacitus</strong></span> <span class='ocrx_word' id='word_1_189' title='bbox 2245 1245 2432 1288; x_wconf 78' lang='lat' dir='ltr'><strong>nostra</strong></span> <span class='ocrx_word' id='word_1_190' title='bbox 2459 1234 2569 1285; x_wconf 73' lang='lat' dir='ltr'><strong>fure</strong></span> <span class='ocrx_word' id='word_1_191' title='bbox 2593 1234 2710 1300; x_wconf 88' lang='lat' dir='ltr'><strong>jam</strong></span> <span class='ocrx_word' id='word_1_192' title='bbox 2740 1249 2876 1285; x_wconf 83' lang='lat' dir='ltr'><strong>nunc</strong></span> <span class='ocrx_word' id='word_1_193' title='bbox 2913 1235 3110 1288; x_wconf 81' lang='lat' dir='ltr'><strong>altaria</strong></span> <span class='ocrx_word' id='word_1_194' title='bbox 3143 1237 3341 1304; x_wconf 83' lang='lat' dir='ltr'><strong>linque.</strong></span> 
     </span>
    </p>
   </div>
   <div class='ocr_carea' id='block_1_32' title="bbox 1907 1323 3413 1394">
    <p class='ocr_par' dir='ltr' id='par_1_32' title="bbox 1907 1323 3413 1394">
     <span class='ocr_line' id='line_1_33' title="bbox 1907 1323 3413 1394; baseline 0.002 -16"><span class='ocrx_word' id='word_1_195' title='bbox 1907 1324 2066 1393; x_wconf 77' lang='lat'><strong>321</strong></span> <span class='ocrx_word' id='word_1_196' title='bbox 2104 1325 2262 1377; x_wconf 88' lang='lat' dir='ltr'><strong>Anno</strong></span> <span class='ocrx_word' id='word_1_197' title='bbox 2299 1325 2487 1377; x_wconf 87' lang='lat' dir='ltr'><strong>mundi</strong></span> <span class='ocrx_word' id='word_1_198' title='bbox 2520 1323 2681 1383; x_wconf 83' lang='lat'><strong>5506,</strong></span> <span class='ocrx_word' id='word_1_199' title='bbox 2724 1324 2816 1393; x_wconf 90' lang='lat' dir='ltr'><strong>qui</strong></span> <span class='ocrx_word' id='word_1_200' title='bbox 2851 1339 3016 1392; x_wconf 84' lang='lat' dir='ltr'><strong>regno</strong></span> <span class='ocrx_word' id='word_1_201' title='bbox 3046 1325 3273 1394; x_wconf 83' lang='lat' dir='ltr'><strong>Augusti</strong></span> <span class='ocrx_word' id='word_1_202' title='bbox 3312 1325 3413 1381; x_wconf 81' lang='lat' dir='ltr'><strong>fuit</strong></span> 
     </span>
    </p>
   </div>
   <div class='ocr_carea' id='block_1_33' title="bbox 1838 1416 3420 1482">
    <p class='ocr_par' dir='ltr' id='par_1_33' title="bbox 1838 1416 3420 1482">
     <span class='ocr_line' id='line_1_34' title="bbox 1838 1416 3420 1482; baseline 0.003 -12"><span class='ocrx_word' id='word_1_203' title='bbox 1838 1417 1929 1479; x_wconf 67' lang='lat'><strong>4&#39;2,</strong></span> <span class='ocrx_word' id='word_1_204' title='bbox 1958 1416 2240 1470; x_wconf 80' lang='lat' dir='ltr'><strong>decretum</strong></span> <span class='ocrx_word' id='word_1_205' title='bbox 2273 1416 2341 1468; x_wconf 91' lang='lat' dir='ltr'><strong>ab</strong></span> <span class='ocrx_word' id='word_1_206' title='bbox 2368 1417 2486 1482; x_wconf 83' lang='lat' dir='ltr'><strong>ipso</strong></span> <span class='ocrx_word' id='word_1_207' title='bbox 2527 1417 2657 1470; x_wconf 80' lang='lat' dir='ltr'><strong>exiit</strong></span> <span class='ocrx_word' id='word_1_208' title='bbox 2691 1425 2751 1469; x_wconf 90' lang='lat' dir='ltr'><strong>ut</strong></span> <span class='ocrx_word' id='word_1_209' title='bbox 2783 1425 2930 1469; x_wconf 90' lang='lat' dir='ltr'><strong>totus</strong></span> <span class='ocrx_word' id='word_1_210' title='bbox 2966 1417 3202 1472; x_wconf 91' lang='lat' dir='ltr'><strong>mundus</strong></span> <span class='ocrx_word' id='word_1_211' title='bbox 3229 1434 3420 1474; x_wconf 84' lang='lat' dir='ltr'><strong>cense-</strong></span> 
     </span>
    </p>
   </div>
   <div class='ocr_carea' id='block_1_34' title="bbox 1841 1506 3420 1581">
    <p class='ocr_par' dir='ltr' id='par_1_34' title="bbox 1841 1506 3420 1581">
     <span class='ocr_line' id='line_1_35' title="bbox 1841 1506 3420 1581; baseline 0.001 -18"><span class='ocrx_word' id='word_1_212' title='bbox 1841 1519 2016 1563; x_wconf 86' lang='lat' dir='ltr'><strong>retur.</strong></span> <span class='ocrx_word' id='word_1_213' title='bbox 2059 1509 2136 1561; x_wconf 89' lang='lat' dir='ltr'><strong>Eo</strong></span> <span class='ocrx_word' id='word_1_214' title='bbox 2162 1522 2306 1560; x_wconf 89' lang='lat' dir='ltr'><strong>anno</strong></span> <span class='ocrx_word' id='word_1_215' title='bbox 2343 1507 2596 1562; x_wconf 75' lang='lat' dir='ltr'><strong>Christus</strong></span> <span class='ocrx_word' id='word_1_216' title='bbox 2631 1519 2792 1562; x_wconf 90' lang='lat' dir='ltr'><strong>natus</strong></span> <span class='ocrx_word' id='word_1_217' title='bbox 2831 1517 2936 1581; x_wconf 50' lang='lat' dir='ltr'><strong>est,</strong></span> <span class='ocrx_word' id='word_1_218' title='bbox 2981 1506 3193 1564; x_wconf 85' lang='lat' dir='ltr'><strong>Herode</strong></span> <span class='ocrx_word' id='word_1_219' title='bbox 3221 1507 3420 1564; x_wconf 63' lang='lat' dir='ltr'><strong>Juda&#39;te</strong></span> 
     </span>
    </p>
   </div>
   <div class='ocr_carea' id='block_1_35' title="bbox 1840 1600 3419 1672">
    <p class='ocr_par' dir='ltr' id='par_1_35' title="bbox 1840 1600 3419 1672">
     <span class='ocr_line' id='line_1_36' title="bbox 1840 1600 3419 1672; baseline -0.001 -16"><span class='ocrx_word' id='word_1_220' title='bbox 1840 1617 2064 1670; x_wconf 85' lang='lat' dir='ltr'><strong>regnum</strong></span> <span class='ocrx_word' id='word_1_221' title='bbox 2099 1600 2203 1654; x_wconf 83' lang='lat' dir='ltr'><strong>sibi</strong></span> <span class='ocrx_word' id='word_1_222' title='bbox 2230 1600 2298 1653; x_wconf 89' lang='lat' dir='ltr'><strong>ab</strong></span> <span class='ocrx_word' id='word_1_223' title='bbox 2330 1602 2574 1668; x_wconf 77' lang='lat' dir='ltr'><strong>Augusto</strong></span> <span class='ocrx_word' id='word_1_224' title='bbox 2610 1616 2934 1655; x_wconf 85' lang='lat' dir='ltr'><strong>concessum</strong></span> <span class='ocrx_word' id='word_1_225' title='bbox 2967 1611 3204 1657; x_wconf 89' lang='lat' dir='ltr'><strong>tenente.</strong></span> <span class='ocrx_word' id='word_1_226' title='bbox 3235 1604 3419 1672; x_wconf 79' lang='lat' dir='ltr'><strong>Augu-</strong></span> 
     </span>
    </p>
   </div>
   <div class='ocr_carea' id='block_1_36' title="bbox 1839 1691 3421 1765">
    <p class='ocr_par' dir='ltr' id='par_1_36' title="bbox 1839 1691 3421 1765">
     <span class='ocr_line' id='line_1_37' title="bbox 1839 1691 3421 1765; baseline 0.001 -21"><span class='ocrx_word' id='word_1_227' title='bbox 1839 1703 1955 1745; x_wconf 87' lang='lat' dir='ltr'><strong>stus</strong></span> <span class='ocrx_word' id='word_1_228' title='bbox 1996 1706 2121 1744; x_wconf 90' lang='lat' dir='ltr'><strong>eum</strong></span> <span class='ocrx_word' id='word_1_229' title='bbox 2165 1699 2338 1744; x_wconf 87' lang='lat' dir='ltr'><strong>totum</strong></span> <span class='ocrx_word' id='word_1_230' title='bbox 2378 1691 2484 1744; x_wconf 82' lang='lat' dir='ltr'><strong>sibi</strong></span> <span class='ocrx_word' id='word_1_231' title='bbox 2528 1692 2794 1745; x_wconf 88' lang='lat' dir='ltr'><strong>mundum</strong></span> <span class='ocrx_word' id='word_1_232' title='bbox 2850 1693 3199 1758; x_wconf 88' lang='lat' dir='ltr'><strong>subjecisset,</strong></span> <span class='ocrx_word' id='word_1_233' title='bbox 3245 1696 3421 1765; x_wconf 82' lang='lat' dir='ltr'><strong>morte</strong></span> 
     </span>
    </p>
   </div>
   <div class='ocr_carea' id='block_1_37' title="bbox 1766 1780 3423 1879">
    <p class='ocr_par' dir='ltr' id='par_1_37' title="bbox 1766 1780 3423 1879">
     <span class='ocr_line' id='line_1_38' title="bbox 1766 1780 3423 1879; baseline 0.002 -45"><span class='ocrx_word' id='word_1_234' title='bbox 1766 1822 1812 1879; x_wconf 79' lang='grc' dir='ltr'><strong>Β</strong></span> <span class='ocrx_word' id='word_1_235' title='bbox 1836 1783 1947 1851; x_wconf 90' lang='lat' dir='ltr'><strong>jam</strong></span> <span class='ocrx_word' id='word_1_236' title='bbox 1975 1791 2286 1849; x_wconf 89' lang='lat' dir='ltr'><strong>appetente,</strong></span> <span class='ocrx_word' id='word_1_237' title='bbox 2305 1780 2493 1836; x_wconf 66' lang='lat' dir='ltr'><strong>Romae</strong></span> <span class='ocrx_word' id='word_1_238' title='bbox 2525 1783 2845 1852; x_wconf 88' lang='lat' dir='ltr'><strong>proceribus</strong></span> <span class='ocrx_word' id='word_1_239' title='bbox 2870 1785 3125 1838; x_wconf 88' lang='lat' dir='ltr'><strong>onmibus</strong></span> <span class='ocrx_word' id='word_1_240' title='bbox 3143 1783 3423 1838; x_wconf 78' lang='lat' dir='ltr'><strong>mandavit</strong></span> 
     </span>
    </p>
   </div>
   <div class='ocr_carea' id='block_1_38' title="bbox 1843 1871 3422 1942">
    <p class='ocr_par' dir='ltr' id='par_1_38' title="bbox 1843 1871 3422 1942">
     <span class='ocr_line' id='line_1_39' title="bbox 1843 1871 3422 1942; baseline 0.003 -18"><span class='ocrx_word' id='word_1_241' title='bbox 1843 1880 1902 1924; x_wconf 91' lang='lat' dir='ltr'><strong>nt</strong></span> <span class='ocrx_word' id='word_1_242' title='bbox 1935 1887 1993 1925; x_wconf 89' lang='lat' dir='ltr'><strong>se</strong></span> <span class='ocrx_word' id='word_1_243' title='bbox 2022 1871 2281 1926; x_wconf 86' lang='lat' dir='ltr'><strong>defuncto</strong></span> <span class='ocrx_word' id='word_1_244' title='bbox 2315 1874 2639 1942; x_wconf 88' lang='lat' dir='ltr'><strong>plauderent</strong></span> <span class='ocrx_word' id='word_1_245' title='bbox 2669 1889 2731 1929; x_wconf 85' lang='lat' dir='ltr'><strong>ac</strong></span> <span class='ocrx_word' id='word_1_246' title='bbox 2763 1875 2936 1928; x_wconf 87' lang='lat' dir='ltr'><strong>risum</strong></span> <span class='ocrx_word' id='word_1_247' title='bbox 2969 1876 3244 1940; x_wconf 90' lang='lat' dir='ltr'><strong>tollerent,</strong></span> <span class='ocrx_word' id='word_1_248' title='bbox 3279 1875 3422 1929; x_wconf 83' lang='lat' dir='ltr'><strong>sicut</strong></span> 
     </span>
    </p>
   </div>
   <div class='ocr_carea' id='block_1_39' title="bbox 1844 1964 3420 2024">
    <p class='ocr_par' dir='ltr' id='par_1_39' title="bbox 1844 1964 3420 2024">
     <span class='ocr_line' id='line_1_40' title="bbox 1844 1964 3420 2024; baseline 0.003 -7"><span class='ocrx_word' id='word_1_249' title='bbox 1844 1964 1898 2017; x_wconf 90' lang='lat' dir='ltr'><strong>in</strong></span> <span class='ocrx_word' id='word_1_250' title='bbox 1929 1965 2216 2018; x_wconf 90' lang='lat' dir='ltr'><strong>mimorum</strong></span> <span class='ocrx_word' id='word_1_251' title='bbox 2249 1966 2354 2020; x_wconf 88' lang='lat' dir='ltr'><strong>ﬁne</strong></span> <span class='ocrx_word' id='word_1_252' title='bbox 2386 1966 2499 2020; x_wconf 89' lang='lat' dir='ltr'><strong>ﬁeri</strong></span> <span class='ocrx_word' id='word_1_253' title='bbox 2529 1968 2824 2022; x_wconf 87' lang='lat' dir='ltr'><strong>assolebat.</strong></span> <span class='ocrx_word' id='word_1_254' title='bbox 2863 1969 2941 2021; x_wconf 86' lang='lat' dir='ltr'><strong>Eo</strong></span> <span class='ocrx_word' id='word_1_255' title='bbox 2968 1969 3224 2024; x_wconf 89' lang='lat' dir='ltr'><strong>mandato</strong></span> <span class='ocrx_word' id='word_1_256' title='bbox 3254 1970 3420 2022; x_wconf 81' lang='lat' dir='ltr'><strong>vitam</strong></span> 
     </span>
    </p>
   </div>
   <div class='ocr_carea' id='block_1_40' title="bbox 1843 2057 3244 2126">
    <p class='ocr_par' dir='ltr' id='par_1_40' title="bbox 1843 2057 3244 2126">
     <span class='ocr_line' id='line_1_41' title="bbox 1843 2057 3244 2126; baseline 0.004 -18"><span class='ocrx_word' id='word_1_257' title='bbox 1843 2057 2142 2110; x_wconf 82' lang='lat' dir='ltr'><strong>humanam</strong></span> <span class='ocrx_word' id='word_1_258' title='bbox 2187 2066 2375 2126; x_wconf 88' lang='lat' dir='ltr'><strong>utpote</strong></span> <span class='ocrx_word' id='word_1_259' title='bbox 2407 2059 2692 2112; x_wconf 86' lang='lat' dir='ltr'><strong>ridiculam</strong></span> <span class='ocrx_word' id='word_1_260' title='bbox 2721 2075 2838 2114; x_wconf 90' lang='lat' dir='ltr'><strong>rem</strong></span> <span class='ocrx_word' id='word_1_261' title='bbox 2869 2061 3244 2115; x_wconf 87' lang='lat' dir='ltr'><strong>subsannavit.</strong></span> 
     </span>
    </p>
   </div>
   <div class='ocr_carea' id='block_1_41' title="bbox 149 2143 3420 2235">
    <p class='ocr_par' dir='ltr' id='par_1_41' title="bbox 149 2143 3420 2235">
     <span class='ocr_line' id='line_1_42' title="bbox 149 2143 3420 2235; baseline -0.005 -18"><span class='ocrx_word' id='word_1_262' title='bbox 149 2168 320 2235; x_wconf 71' lang='grc' dir='ltr'><strong>μίμου</strong></span> <span class='ocrx_word' id='word_1_263' title='bbox 374 2158 658 2224; x_wconf 73' lang='grc' dir='ltr'><strong>τελευτῆς.</strong></span> <span class='ocrx_word' id='word_1_264' title='bbox 693 2156 860 2208; x_wconf 81' lang='grc' dir='ltr'><strong>Τοῦτο</strong></span> <span class='ocrx_word' id='word_1_265' title='bbox 883 2155 939 2208; x_wconf 82' lang='grc' dir='ltr'><strong>δὲ</strong></span> <span class='ocrx_word' id='word_1_266' title='bbox 967 2155 1194 2221; x_wconf 84' lang='grc' dir='ltr'><strong>ποιῆσαι</strong></span> <span class='ocrx_word' id='word_1_267' title='bbox 1223 2148 1514 2218; x_wconf 84' lang='grc' dir='ltr'><strong>διωρίσατο</strong></span> <span class='ocrx_word' id='word_1_268' title='bbox 1557 2143 1939 2199; x_wconf 81' lang='grc' dir='ltr'><strong>ἀποσκώπτων</strong></span> <span class='ocrx_word' id='word_1_269' title='bbox 2004 2148 2084 2208; x_wconf 87' lang='grc' dir='ltr'><strong>είς</strong></span> <span class='ocrx_word' id='word_1_270' title='bbox 2114 2145 2204 2200; x_wconf 76' lang='grc' dir='ltr'><strong>τὸν</strong></span> <span class='ocrx_word' id='word_1_271' title='bbox 2253 2146 2596 2218; x_wconf 86' lang='grc' dir='ltr'><strong>ἀνθρώπινον</strong></span> <span class='ocrx_word' id='word_1_272' title='bbox 2662 2149 2776 2218; x_wconf 85' lang='grc' dir='ltr'><strong>βίον</strong></span> <span class='ocrx_word' id='word_1_273' title='bbox 2836 2150 2911 2212; x_wconf 86' lang='grc' dir='ltr'><strong>ώς</strong></span> <span class='ocrx_word' id='word_1_274' title='bbox 2977 2152 3212 2218; x_wconf 85' lang='grc' dir='ltr'><strong>γέλωτος</strong></span> <span class='ocrx_word' id='word_1_275' title='bbox 3247 2150 3420 2217; x_wconf 80' lang='grc' dir='ltr'><strong>ἄξιον,</strong></span> 
     </span>
    </p>
   </div>
   <div class='ocr_carea' id='block_1_42' title="bbox 215 2244 1736 2332">
    <p class='ocr_par' dir='ltr' id='par_1_42' title="bbox 215 2244 1736 2332">
     <span class='ocr_line' id='line_1_43' title="bbox 215 2244 1736 2332; baseline -0.014 -17"><span class='ocrx_word' id='word_1_276' title='bbox 215 2263 308 2332; x_wconf 81' lang='grc' dir='ltr'><strong>[Ρ.</strong></span> <span class='ocrx_word' id='word_1_277' title='bbox 352 2255 484 2327; x_wconf 72' lang='grc'><strong>183]</strong></span> <span class='ocrx_word' id='word_1_278' title='bbox 530 2257 655 2310; x_wconf 77' lang='grc' dir='ltr'><strong>Ὀτι</strong></span> <span class='ocrx_word' id='word_1_279' title='bbox 725 2253 974 2326; x_wconf 81' lang='grc' dir='ltr'><strong>Ἡρώδης</strong></span> <span class='ocrx_word' id='word_1_280' title='bbox 1026 2251 1088 2302; x_wconf 82' lang='grc' dir='ltr'><strong>οὐ</strong></span> <span class='ocrx_word' id='word_1_281' title='bbox 1147 2248 1304 2317; x_wconf 82' lang='grc' dir='ltr'><strong>μόνον</strong></span> <span class='ocrx_word' id='word_1_282' title='bbox 1348 2247 1437 2299; x_wconf 75' lang='grc' dir='ltr'><strong>διὰ</strong></span> <span class='ocrx_word' id='word_1_283' title='bbox 1494 2247 1620 2306; x_wconf 74' lang='grc' dir='ltr'><strong>τοὺς</strong></span> <span class='ocrx_word' id='word_1_284' title='bbox 1679 2244 1736 2294; x_wconf 85' lang='grc' dir='ltr'><strong>ὲν</strong></span> 
     </span>
    </p>
   </div>
   <div class='ocr_carea' id='block_1_43' title="bbox 151 2333 1738 2426">
    <p class='ocr_par' dir='ltr' id='par_1_43' title="bbox 151 2333 1738 2426">
     <span class='ocr_line' id='line_1_44' title="bbox 151 2333 1738 2426; baseline -0.015 -17"><span class='ocrx_word' id='word_1_285' title='bbox 151 2354 400 2426; x_wconf 79' lang='grc' dir='ltr'><strong>Βηθλεὲμ.</strong></span> <span class='ocrx_word' id='word_1_286' title='bbox 453 2347 848 2416; x_wconf 79' lang='grc' dir='ltr'><strong>ἀναιρεθέντας</strong></span> <span class='ocrx_word' id='word_1_287' title='bbox 903 2345 996 2396; x_wconf 75' lang='grc' dir='ltr'><strong>ἐπὶ</strong></span> <span class='ocrx_word' id='word_1_288' title='bbox 1039 2344 1104 2413; x_wconf 82' lang='grc' dir='ltr'><strong>τῇ</strong></span> <span class='ocrx_word' id='word_1_289' title='bbox 1158 2339 1302 2393; x_wconf 80' lang='grc' dir='ltr'><strong>κατὰ</strong></span> <span class='ocrx_word' id='word_1_290' title='bbox 1358 2338 1452 2392; x_wconf 76' lang='grc' dir='ltr'><strong>τοῦ</strong></span> <span class='ocrx_word' id='word_1_291' title='bbox 1501 2333 1738 2407; x_wconf 79' lang='grc' dir='ltr'><strong>Χριστοῦ</strong></span> 
     </span>
    </p>
   </div>
   <div class='ocr_carea' id='block_1_44' title="bbox 1916 2245 3422 2320">
    <p class='ocr_par' dir='ltr' id='par_1_44' title="bbox 1916 2245 3422 2320">
     <span class='ocr_line' id='line_1_45' title="bbox 1916 2245 3422 2320; baseline 0.006 -22"><span class='ocrx_word' id='word_1_292' title='bbox 1916 2245 2159 2302; x_wconf 70' lang='lat' dir='ltr'><strong>Herodes</strong></span> <span class='ocrx_word' id='word_1_293' title='bbox 2187 2250 2464 2317; x_wconf 85' lang='lat' dir='ltr'><strong>puerieida</strong></span> <span class='ocrx_word' id='word_1_294' title='bbox 2485 2250 2789 2318; x_wconf 81' lang='lat' dir='ltr'><strong>appellatur</strong></span> <span class='ocrx_word' id='word_1_295' title='bbox 2815 2265 2922 2304; x_wconf 92' lang='lat' dir='ltr'><strong>non</strong></span> <span class='ocrx_word' id='word_1_296' title='bbox 2945 2251 3105 2305; x_wconf 92' lang='lat' dir='ltr'><strong>modo</strong></span> <span class='ocrx_word' id='word_1_297' title='bbox 3132 2251 3202 2304; x_wconf 81' lang='lat' dir='ltr'><strong>ob</strong></span> <span class='ocrx_word' id='word_1_298' title='bbox 3221 2266 3422 2320; x_wconf 86' lang='lat' dir='ltr'><strong>pueros</strong></span> 
     </span>
    </p>
   </div>
   <div class='ocr_carea' id='block_1_45' title="bbox 1859 2335 3419 2409">
    <p class='ocr_par' dir='ltr' id='par_1_45' title="bbox 1859 2335 3419 2409">
     <span class='ocr_line' id='line_1_46' title="bbox 1859 2335 3419 2409; baseline 0.004 -20"><span class='ocrx_word' id='word_1_299' title='bbox 1859 2335 2222 2393; x_wconf 75' lang='lat' dir='ltr'><strong>Bethlehema:</strong></span> <span class='ocrx_word' id='word_1_300' title='bbox 2258 2341 2324 2394; x_wconf 82' lang='lat' dir='ltr'><strong>ab</strong></span> <span class='ocrx_word' id='word_1_301' title='bbox 2344 2341 2627 2409; x_wconf 87' lang='lat' dir='ltr'><strong>ipso,cum</strong></span> <span class='ocrx_word' id='word_1_302' title='bbox 2652 2349 2841 2395; x_wconf 80' lang='lat' dir='ltr'><strong>contra</strong></span> <span class='ocrx_word' id='word_1_303' title='bbox 2871 2341 3148 2396; x_wconf 84' lang='lat' dir='ltr'><strong>Christum</strong></span> <span class='ocrx_word' id='word_1_304' title='bbox 3182 2341 3419 2404; x_wconf 66' lang='lat' dir='ltr'><strong>saeviret,</strong></span> 
     </span>
    </p>
   </div>
   <div class='ocr_carea' id='block_1_46' title="bbox 152 2426 1734 2518">
    <p class='ocr_par' dir='ltr' id='par_1_46' title="bbox 152 2426 1734 2518">
     <span class='ocr_line' id='line_1_47' title="bbox 152 2426 1734 2518; baseline -0.015 -17"><span class='ocrx_word' id='word_1_305' title='bbox 152 2449 321 2518; x_wconf 71' lang='grc' dir='ltr'><strong>μανία</strong></span> <span class='ocrx_word' id='word_1_306' title='bbox 354 2444 560 2504; x_wconf 83' lang='grc' dir='ltr'><strong>παῖδας</strong></span> <span class='ocrx_word' id='word_1_307' title='bbox 591 2438 941 2500; x_wconf 85' lang='grc' dir='ltr'><strong>παιδοκτόνος</strong></span> <span class='ocrx_word' id='word_1_308' title='bbox 966 2434 1314 2504; x_wconf 78' lang='grc' dir='ltr'><strong>ὀνομάζεται,</strong></span> <span class='ocrx_word' id='word_1_309' title='bbox 1351 2430 1487 2483; x_wconf 76' lang='grc' dir='ltr'><strong>ἀλλὰ</strong></span> <span class='ocrx_word' id='word_1_310' title='bbox 1520 2428 1612 2480; x_wconf 73' lang='grc' dir='ltr'><strong>καὶ</strong></span> <span class='ocrx_word' id='word_1_311' title='bbox 1651 2426 1734 2479; x_wconf 75' lang='grc' dir='ltr'><strong>διὰ</strong></span> 
     </span>
    </p>
   </div>
   <div class='ocr_carea' id='block_1_47' title="bbox 1829 2426 3420 2518">
    <p class='ocr_par' dir='ltr' id='par_1_47' title="bbox 1841 2428 3420 2502">
     <span class='ocr_line' id='line_1_48' title="bbox 1841 2428 3420 2502; baseline 0.002 -21"><span class='ocrx_word' id='word_1_312' title='bbox 1841 2428 2182 2494; x_wconf 74' lang='lat' dir='ltr'><strong>interfectos.</strong></span> <span class='ocrx_word' id='word_1_313' title='bbox 2217 2433 2311 2486; x_wconf 88' lang='lat' dir='ltr'><strong>sed</strong></span> <span class='ocrx_word' id='word_1_314' title='bbox 2364 2436 2528 2487; x_wconf 86' lang='lat' dir='ltr'><strong>etiam</strong></span> <span class='ocrx_word' id='word_1_315' title='bbox 2570 2433 2714 2502; x_wconf 89' lang='lat' dir='ltr'><strong>quod</strong></span> <span class='ocrx_word' id='word_1_316' title='bbox 2751 2448 2884 2488; x_wconf 90' lang='lat' dir='ltr'><strong>suos</strong></span> <span class='ocrx_word' id='word_1_317' title='bbox 2914 2432 3087 2501; x_wconf 81' lang='lat' dir='ltr'><strong>ipsius</strong></span> <span class='ocrx_word' id='word_1_318' title='bbox 3125 2442 3234 2488; x_wconf 83' lang='lat' dir='ltr'><strong>tres</strong></span> <span class='ocrx_word' id='word_1_319' title='bbox 3277 2435 3420 2486; x_wconf 83' lang='lat' dir='ltr'><strong>ﬁlios</strong></span> 
     </span>
    </p>
   </div>
   <div class='ocr_carea' id='block_1_48' title="bbox 148 2521 1740 2602">
    <p class='ocr_par' dir='ltr' id='par_1_48' title="bbox 148 2521 1740 2602">
     <span class='ocr_line' id='line_1_49' title="bbox 148 2521 1740 2602; baseline -0.015 -9"><span class='ocrx_word' id='word_1_320' title='bbox 148 2543 203 2592; x_wconf 78' lang='grc' dir='ltr'><strong>τὸ</strong></span> <span class='ocrx_word' id='word_1_321' title='bbox 234 2541 372 2600; x_wconf 71' lang='grc' dir='ltr'><strong>τοῖος</strong></span> <span class='ocrx_word' id='word_1_322' title='bbox 408 2536 580 2595; x_wconf 76' lang='grc' dir='ltr'><strong>ἰδίους</strong></span> <span class='ocrx_word' id='word_1_323' title='bbox 611 2534 763 2602; x_wconf 79' lang='grc' dir='ltr'><strong>τρεῖς</strong></span> <span class='ocrx_word' id='word_1_324' title='bbox 800 2531 948 2591; x_wconf 77' lang='grc' dir='ltr'><strong>υἱοὺς</strong></span> <span class='ocrx_word' id='word_1_325' title='bbox 992 2527 1335 2586; x_wconf 83' lang='grc' dir='ltr'><strong>ἀποκτείναι,</strong></span> <span class='ocrx_word' id='word_1_326' title='bbox 1369 2523 1465 2575; x_wconf 80' lang='grc' dir='ltr'><strong>καὶ</strong></span> <span class='ocrx_word' id='word_1_327' title='bbox 1501 2521 1598 2591; x_wconf 83' lang='grc' dir='ltr'><strong>τὴν</strong></span> <span class='ocrx_word' id='word_1_328' title='bbox 1636 2536 1740 2587; x_wconf 87' lang='grc' dir='ltr'><strong>μη-</strong></span> 
     </span>
    </p>
   </div>
   <div class='ocr_carea' id='block_1_49' title="bbox 149 2612 1738 2706">
    <p class='ocr_par' dir='ltr' id='par_1_49' title="bbox 149 2612 1738 2706">
     <span class='ocr_line' id='line_1_50' title="bbox 149 2612 1738 2706; baseline -0.018 -16"><span class='ocrx_word' id='word_1_329' title='bbox 149 2639 281 2706; x_wconf 80' lang='grc' dir='ltr'><strong>τέρα</strong></span> <span class='ocrx_word' id='word_1_330' title='bbox 303 2632 528 2691; x_wconf 67' lang='grc' dir='ltr'><strong>τούτοις</strong></span> <span class='ocrx_word' id='word_1_331' title='bbox 561 2625 882 2694; x_wconf 72' lang='grc' dir='ltr'><strong>ἐπισφάξαι,</strong></span> <span class='ocrx_word' id='word_1_332' title='bbox 914 2622 1008 2674; x_wconf 67' lang='grc' dir='ltr'><strong>καὶ</strong></span> <span class='ocrx_word' id='word_1_333' title='bbox 1033 2620 1124 2671; x_wconf 69' lang='grc' dir='ltr'><strong>τὸν</strong></span> <span class='ocrx_word' id='word_1_334' title='bbox 1151 2618 1253 2686; x_wconf 75' lang='grc' dir='ltr'><strong>τῆς</strong></span> <span class='ocrx_word' id='word_1_335' title='bbox 1291 2614 1553 2684; x_wconf 78' lang='grc' dir='ltr'><strong>γυναικὸς</strong></span> <span class='ocrx_word' id='word_1_336' title='bbox 1585 2612 1738 2665; x_wconf 83' lang='grc' dir='ltr'><strong>ἀδελ-</strong></span> 
     </span>
    </p>
   </div>
   <div class='ocr_carea' id='block_1_50' title="bbox 149 2704 1735 2798">
    <p class='ocr_par' dir='ltr' id='par_1_50' title="bbox 149 2704 1735 2798">
     <span class='ocr_line' id='line_1_51' title="bbox 149 2704 1735 2798; baseline -0.016 -18"><span class='ocrx_word' id='word_1_337' title='bbox 149 2704 241 2798; x_wconf 62' lang='grc' dir='ltr'><strong>φὸν</strong></span> <span class='ocrx_word' id='word_1_338' title='bbox 271 2726 508 2794; x_wconf 78' lang='grc' dir='ltr'><strong>ἐτέρους</strong></span> <span class='ocrx_word' id='word_1_339' title='bbox 542 2736 600 2771; x_wconf 86' lang='grc' dir='ltr'><strong>τε</strong></span> <span class='ocrx_word' id='word_1_340' title='bbox 631 2716 861 2777; x_wconf 70' lang='grc' dir='ltr'><strong>πολλοὺς</strong></span> <span class='ocrx_word' id='word_1_341' title='bbox 887 2713 994 2765; x_wconf 85' lang='grc' dir='ltr'><strong>τῶν</strong></span> <span class='ocrx_word' id='word_1_342' title='bbox 1024 2712 1242 2763; x_wconf 84' lang='grc' dir='ltr'><strong>οἰκείων</strong></span> <span class='ocrx_word' id='word_1_343' title='bbox 1275 2710 1368 2761; x_wconf 76' lang='grc' dir='ltr'><strong>καὶ</strong></span> <span class='ocrx_word' id='word_1_344' title='bbox 1395 2705 1605 2783; x_wconf 78' lang='grc' dir='ltr'><strong>’πλῆθος</strong></span> <span class='ocrx_word' id='word_1_345' title='bbox 1635 2704 1735 2756; x_wconf 80' lang='grc' dir='ltr'><strong>οὐκ</strong></span> 
     </span>
    </p>
   </div>
   <div class='ocr_carea' id='block_1_51' title="bbox 149 2799 1663 2887">
    <p class='ocr_par' dir='ltr' id='par_1_51' title="bbox 149 2799 1663 2887">
     <span class='ocr_line' id='line_1_52' title="bbox 149 2799 1663 2887; baseline -0.018 -13"><span class='ocrx_word' id='word_1_346' title='bbox 149 2823 346 2887; x_wconf 72' lang='grc' dir='ltr'><strong>ὀλίγων</strong></span> <span class='ocrx_word' id='word_1_347' title='bbox 387 2812 666 2867; x_wconf 80' lang='grc' dir='ltr'><strong>Ἰουδαίων</strong></span> <span class='ocrx_word' id='word_1_348' title='bbox 693 2809 1012 2862; x_wconf 79' lang='grc' dir='ltr'><strong>ἀποκτείναι</strong></span> <span class='ocrx_word' id='word_1_349' title='bbox 1042 2807 1100 2856; x_wconf 83' lang='grc' dir='ltr'><strong>ἐν</strong></span> <span class='ocrx_word' id='word_1_350' title='bbox 1122 2806 1187 2871; x_wconf 79' lang='grc' dir='ltr'><strong>τῇ</strong></span> <span class='ocrx_word' id='word_1_351' title='bbox 1221 2799 1384 2853; x_wconf 78' lang='grc' dir='ltr'><strong>αὐτοῦ</strong></span> <span class='ocrx_word' id='word_1_352' title='bbox 1413 2799 1663 2866; x_wconf 73' lang='grc' dir='ltr'><strong>τελευτῇ.</strong></span> 
     </span>
    </p>
   </div>
   <div class='ocr_carea' id='block_1_52' title="bbox 227 2887 1734 2965">
    <p class='ocr_par' dir='ltr' id='par_1_52' title="bbox 227 2887 1734 2965">
     <span class='ocr_line' id='line_1_53' title="bbox 227 2887 1734 2965; baseline -0.015 -6"><span class='ocrx_word' id='word_1_353' title='bbox 227 2907 438 2960; x_wconf 74' lang='grc' dir='ltr'><strong>’ἰστέον</strong></span> <span class='ocrx_word' id='word_1_354' title='bbox 465 2901 523 2954; x_wconf 81' lang='grc' dir='ltr'><strong>δὲ</strong></span> <span class='ocrx_word' id='word_1_355' title='bbox 552 2902 632 2952; x_wconf 81' lang='grc' dir='ltr'><strong>ὃτι</strong></span> <span class='ocrx_word' id='word_1_356' title='bbox 665 2900 808 2961; x_wconf 80' lang='grc' dir='ltr'><strong>τρεῖς</strong></span> <span class='ocrx_word' id='word_1_357' title='bbox 839 2896 996 2965; x_wconf 75' lang='grc' dir='ltr'><strong>ἔσχεν</strong></span> <span class='ocrx_word' id='word_1_358' title='bbox 1030 2895 1057 2946; x_wconf 91' lang='lat'><strong>6</strong></span> <span class='ocrx_word' id='word_1_359' title='bbox 1091 2894 1262 2962; x_wconf 78' lang='grc' dir='ltr'><strong>μέγας</strong></span> <span class='ocrx_word' id='word_1_360' title='bbox 1296 2889 1540 2958; x_wconf 82' lang='grc' dir='ltr'><strong>Ἡρώδης</strong></span> <span class='ocrx_word' id='word_1_361' title='bbox 1564 2887 1734 2949; x_wconf 82' lang='grc' dir='ltr'><strong>υίοὺς,</strong></span> 
     </span>
    </p>
   </div>
   <div class='ocr_carea' id='block_1_53' title="bbox 160 2975 1736 3065">
    <p class='ocr_par' dir='ltr' id='par_1_53' title="bbox 160 2975 1736 3065">
     <span class='ocr_line' id='line_1_54' title="bbox 160 2975 1736 3065; baseline -0.015 -15"><span class='ocrx_word' id='word_1_362' title='bbox 160 2996 415 3065; x_wconf 82' lang='grc' dir='ltr'><strong>Ἡρώδην</strong></span> <span class='ocrx_word' id='word_1_363' title='bbox 447 2990 537 3043; x_wconf 87' lang='grc' dir='ltr'><strong>τδν</strong></span> <span class='ocrx_word' id='word_1_364' title='bbox 567 2989 662 3042; x_wconf 68' lang='grc' dir='ltr'><strong>καὶ</strong></span> <span class='ocrx_word' id='word_1_365' title='bbox 686 2985 1074 3048; x_wconf 81' lang='grc' dir='ltr'><strong>Ἀντίπαν,τὸν</strong></span> <span class='ocrx_word' id='word_1_366' title='bbox 1101 2979 1449 3047; x_wconf 85' lang='grc' dir='ltr'><strong>ἀποτεμόντα</strong></span> <span class='ocrx_word' id='word_1_367' title='bbox 1480 2977 1569 3028; x_wconf 80' lang='grc' dir='ltr'><strong>τὸν</strong></span> <span class='ocrx_word' id='word_1_368' title='bbox 1598 2975 1736 3045; x_wconf 87' lang='grc' dir='ltr'><strong>Πρό-</strong></span> 
     </span>
    </p>
   </div>
   <div class='ocr_carea' id='block_1_54' title="bbox 150 3069 1734 3160">
    <p class='ocr_par' dir='ltr' id='par_1_54' title="bbox 150 3069 1734 3160">
     <span class='ocr_line' id='line_1_55' title="bbox 150 3069 1734 3160; baseline -0.016 -17"><span class='ocrx_word' id='word_1_369' title='bbox 150 3092 375 3160; x_wconf 79' lang='grc' dir='ltr'><strong>δρομον,</strong></span> <span class='ocrx_word' id='word_1_370' title='bbox 403 3084 496 3152; x_wconf 72' lang='grc' dir='ltr'><strong>ἐφ’</strong></span> <span class='ocrx_word' id='word_1_371' title='bbox 523 3075 584 3136; x_wconf 75' lang='grc' dir='ltr'><strong>οὗ</strong></span> <span class='ocrx_word' id='word_1_372' title='bbox 608 3083 702 3133; x_wconf 72' lang='grc' dir='ltr'><strong>καὶ</strong></span> <span class='ocrx_word' id='word_1_373' title='bbox 730 3081 758 3131; x_wconf 92' lang='lat'><strong>6</strong></span> <span class='ocrx_word' id='word_1_374' title='bbox 793 3079 998 3147; x_wconf 80' lang='grc' dir='ltr'><strong>Κύριρς</strong></span> <span class='ocrx_word' id='word_1_375' title='bbox 1023 3073 1341 3144; x_wconf 78' lang='grc' dir='ltr'><strong>ἐσταυρώθη</strong></span> <span class='ocrx_word' id='word_1_376' title='bbox 1367 3072 1459 3160; x_wconf 53' lang='lat' dir='ltr'><strong>hac}</strong></span> <span class='ocrx_word' id='word_1_377' title='bbox 1485 3069 1734 3138; x_wconf 85' lang='grc' dir='ltr'><strong>Τιϐερίου</strong></span> 
     </span>
    </p>
   </div>
   <div class='ocr_carea' id='block_1_55' title="bbox 1835 2524 3423 2594">
    <p class='ocr_par' dir='ltr' id='par_1_55' title="bbox 1835 2524 3423 2594">
     <span class='ocr_line' id='line_1_56' title="bbox 1835 2524 3423 2594; baseline 0.002 -19"><span class='ocrx_word' id='word_1_378' title='bbox 1835 2524 2182 2593; x_wconf 84' lang='lat' dir='ltr'><strong>jngulasset,</strong></span> <span class='ocrx_word' id='word_1_379' title='bbox 2247 2524 2570 2594; x_wconf 83' lang='lat' dir='ltr'><strong>facinusque</strong></span> <span class='ocrx_word' id='word_1_380' title='bbox 2631 2537 2856 2580; x_wconf 89' lang='lat' dir='ltr'><strong>matrem</strong></span> <span class='ocrx_word' id='word_1_381' title='bbox 2921 2541 3108 2579; x_wconf 90' lang='lat' dir='ltr'><strong>eorum</strong></span> <span class='ocrx_word' id='word_1_382' title='bbox 3174 2526 3423 2579; x_wconf 87' lang='lat' dir='ltr'><strong>necando</strong></span> 
     </span>
    </p>
   </div>
   <div class='ocr_carea' id='block_1_56' title="bbox 1841 2615 3423 2686">
    <p class='ocr_par' dir='ltr' id='par_1_56' title="bbox 1841 2615 3423 2686">
     <span class='ocr_line' id='line_1_57' title="bbox 1841 2615 3423 2686; baseline 0 -16"><span class='ocrx_word' id='word_1_383' title='bbox 1841 2619 2196 2677; x_wconf 78' lang='lat' dir='ltr'><strong>cumulaSSet,</strong></span> <span class='ocrx_word' id='word_1_384' title='bbox 2231 2627 2285 2670; x_wconf 87' lang='lat' dir='ltr'><strong>et</strong></span> <span class='ocrx_word' id='word_1_385' title='bbox 2323 2615 2543 2671; x_wconf 80' lang='lat' dir='ltr'><strong>fratrem</strong></span> <span class='ocrx_word' id='word_1_386' title='bbox 2573 2618 2762 2672; x_wconf 71' lang='lat' dir='ltr'><strong>uxoris</strong></span> <span class='ocrx_word' id='word_1_387' title='bbox 2795 2633 2856 2671; x_wconf 91' lang='lat' dir='ltr'><strong>ac</strong></span> <span class='ocrx_word' id='word_1_388' title='bbox 2883 2618 3122 2686; x_wconf 89' lang='lat' dir='ltr'><strong>reliquos</strong></span> <span class='ocrx_word' id='word_1_389' title='bbox 3153 2617 3423 2670; x_wconf 71' lang='lat' dir='ltr'><strong>domesti-</strong></span> 
     </span>
    </p>
   </div>
   <div class='ocr_carea' id='block_1_57' title="bbox 1842 2707 3419 2779">
    <p class='ocr_par' dir='ltr' id='par_1_57' title="bbox 1842 2707 3419 2779">
     <span class='ocr_line' id='line_1_58' title="bbox 1842 2707 3419 2779; baseline -0.003 -16"><span class='ocrx_word' id='word_1_390' title='bbox 1842 2725 2032 2763; x_wconf 90' lang='lat' dir='ltr'><strong>corum</strong></span> <span class='ocrx_word' id='word_1_391' title='bbox 2092 2710 2406 2779; x_wconf 89' lang='lat' dir='ltr'><strong>complures</strong></span> <span class='ocrx_word' id='word_1_392' title='bbox 2473 2709 2540 2762; x_wconf 92' lang='lat' dir='ltr'><strong>iis</strong></span> <span class='ocrx_word' id='word_1_393' title='bbox 2597 2709 2919 2764; x_wconf 85' lang='lat' dir='ltr'><strong>addidisset.</strong></span> <span class='ocrx_word' id='word_1_394' title='bbox 2996 2707 3112 2761; x_wconf 90' lang='lat' dir='ltr'><strong>Non</strong></span> <span class='ocrx_word' id='word_1_395' title='bbox 3194 2723 3419 2778; x_wconf 86' lang='lat' dir='ltr'><strong>parvam</strong></span> 
     </span>
    </p>
   </div>
   <div class='ocr_carea' id='block_1_58' title="bbox 1841 2801 3420 2856">
    <p class='ocr_par' dir='ltr' id='par_1_58' title="bbox 1841 2801 3420 2856">
     <span class='ocr_line' id='line_1_59' title="bbox 1841 2801 3420 2856; baseline 0.001 -3"><span class='ocrx_word' id='word_1_396' title='bbox 1841 2801 2005 2854; x_wconf 86' lang='lat' dir='ltr'><strong>etiam</strong></span> <span class='ocrx_word' id='word_1_397' title='bbox 2052 2801 2362 2856; x_wconf 66' lang='lat' dir='ltr'><strong>Iudaeorum</strong></span> <span class='ocrx_word' id='word_1_398' title='bbox 2387 2801 2792 2855; x_wconf 88' lang='lat' dir='ltr'><strong>multitudinem</strong></span> <span class='ocrx_word' id='word_1_399' title='bbox 2843 2802 3139 2854; x_wconf 74' lang='lat' dir='ltr'><strong>moriturus</strong></span> <span class='ocrx_word' id='word_1_400' title='bbox 3185 2802 3420 2855; x_wconf 79' lang='lat' dir='ltr'><strong>necavit.</strong></span> 
     </span>
    </p>
   </div>
   <div class='ocr_carea' id='block_1_59' title="bbox 1911 2891 3414 2963">
    <p class='ocr_par' dir='ltr' id='par_1_59' title="bbox 1911 2891 3414 2963">
     <span class='ocr_line' id='line_1_60' title="bbox 1911 2891 3414 2963; baseline -0.001 -18"><span class='ocrx_word' id='word_1_401' title='bbox 1911 2891 2220 2946; x_wconf 83' lang='lat' dir='ltr'><strong>Notandum</strong></span> <span class='ocrx_word' id='word_1_402' title='bbox 2271 2903 2355 2948; x_wconf 91' lang='lat' dir='ltr'><strong>est</strong></span> <span class='ocrx_word' id='word_1_403' title='bbox 2385 2893 2586 2947; x_wconf 88' lang='lat' dir='ltr'><strong>Herodi</strong></span> <span class='ocrx_word' id='word_1_404' title='bbox 2633 2907 2827 2963; x_wconf 87' lang='lat' dir='ltr'><strong>magno</strong></span> <span class='ocrx_word' id='word_1_405' title='bbox 2875 2900 2986 2946; x_wconf 89' lang='lat' dir='ltr'><strong>tres</strong></span> <span class='ocrx_word' id='word_1_406' title='bbox 3026 2892 3193 2945; x_wconf 90' lang='lat' dir='ltr'><strong>fuisse</strong></span> <span class='ocrx_word' id='word_1_407' title='bbox 3233 2892 3414 2945; x_wconf 87' lang='lat' dir='ltr'><strong>ﬁlios:</strong></span> 
     </span>
    </p>
   </div>
   <div class='ocr_carea' id='block_1_60' title="bbox 1845 2982 3419 3052">
    <p class='ocr_par' dir='ltr' id='par_1_60' title="bbox 1845 2982 3419 3052">
     <span class='ocr_line' id='line_1_61' title="bbox 1845 2982 3419 3052; baseline -0.001 -16"><span class='ocrx_word' id='word_1_408' title='bbox 1845 2982 2136 3046; x_wconf 89' lang='lat' dir='ltr'><strong>Herodem,</strong></span> <span class='ocrx_word' id='word_1_409' title='bbox 2173 2983 2266 3052; x_wconf 91' lang='lat' dir='ltr'><strong>qui</strong></span> <span class='ocrx_word' id='word_1_410' title='bbox 2312 2992 2367 3037; x_wconf 90' lang='lat' dir='ltr'><strong>et</strong></span> <span class='ocrx_word' id='word_1_411' title='bbox 2392 2982 2624 3052; x_wconf 81' lang='lat' dir='ltr'><strong>Antipas</strong></span> <span class='ocrx_word' id='word_1_412' title='bbox 2655 2984 2980 3052; x_wconf 85' lang='lat' dir='ltr'><strong>appellatur,</strong></span> <span class='ocrx_word' id='word_1_413' title='bbox 3024 2983 3116 3051; x_wconf 87' lang='lat' dir='ltr'><strong>qui</strong></span> <span class='ocrx_word' id='word_1_414' title='bbox 3152 2985 3419 3036; x_wconf 75' lang='lat' dir='ltr'><strong>cervicem</strong></span> 
     </span>
    </p>
   </div>
   <div class='ocr_carea' id='block_1_61' title="bbox 1846 3073 3424 3145">
    <p class='ocr_par' dir='ltr' id='par_1_61' title="bbox 1846 3073 3424 3145">
     <span class='ocr_line' id='line_1_62' title="bbox 1846 3073 3424 3145; baseline -0.003 -17"><span class='ocrx_word' id='word_1_415' title='bbox 1846 3073 2068 3145; x_wconf 79' lang='lat' dir='ltr'><strong>praecidi</strong></span> <span class='ocrx_word' id='word_1_416' title='bbox 2125 3073 2458 3128; x_wconf 62' lang='lat' dir='ltr'><strong>Prmcursori</strong></span> <span class='ocrx_word' id='word_1_417' title='bbox 2514 3073 2718 3128; x_wconf 87' lang='lat' dir='ltr'><strong>Christi</strong></span> <span class='ocrx_word' id='word_1_418' title='bbox 2774 3073 2942 3142; x_wconf 90' lang='lat' dir='ltr'><strong>jussit</strong></span> <span class='ocrx_word' id='word_1_419' title='bbox 2995 3075 3102 3142; x_wconf 88' lang='lat' dir='ltr'><strong>(eo</strong></span> <span class='ocrx_word' id='word_1_420' title='bbox 3158 3084 3424 3142; x_wconf 82' lang='lat' dir='ltr'><strong>regnante</strong></span> 
     </span>
    </p>
   </div>
   <div class='ocr_carea' id='block_1_62' title="bbox 151 3157 1734 3252">
    <p class='ocr_par' dir='ltr' id='par_1_62' title="bbox 151 3157 1734 3252">
     <span class='ocr_line' id='line_1_63' title="bbox 151 3157 1734 3252; baseline -0.016 -16"><span class='ocrx_word' id='word_1_421' title='bbox 151 3157 438 3252; x_wconf 59' lang='grc' dir='ltr'><strong>Καίσαρος</strong></span> <span class='ocrx_word' id='word_1_422' title='bbox 463 3217 477 3238; x_wconf 87' lang='lat'><strong>,</strong></span> <span class='ocrx_word' id='word_1_423' title='bbox 530 3174 781 3245; x_wconf 80' lang='grc' dir='ltr'><strong>Ἡρώδην</strong></span> <span class='ocrx_word' id='word_1_424' title='bbox 818 3172 910 3224; x_wconf 65' lang='grc' dir='ltr'><strong>τὸν</strong></span> <span class='ocrx_word' id='word_1_425' title='bbox 957 3171 1051 3222; x_wconf 75' lang='grc' dir='ltr'><strong>καὶ</strong></span> <span class='ocrx_word' id='word_1_426' title='bbox 1083 3169 1380 3225; x_wconf 80' lang='grc' dir='ltr'><strong>Φίλιππον,</strong></span> <span class='ocrx_word' id='word_1_427' title='bbox 1503 3161 1734 3230; x_wconf 84' lang='grc' dir='ltr'><strong>πρώτως</strong></span> 
     </span>
    </p>
   </div>
   <div class='ocr_carea' id='block_1_63' title="bbox 1829 3157 3420 3252">
    <p class='ocr_par' dir='ltr' id='par_1_63' title="bbox 1843 3165 3420 3234">
     <span class='ocr_line' id='line_1_64' title="bbox 1843 3165 3420 3234; baseline -0.001 -14"><span class='ocrx_word' id='word_1_428' title='bbox 1843 3167 2092 3220; x_wconf 80' lang='lat' dir='ltr'><strong>Christus</strong></span> <span class='ocrx_word' id='word_1_429' title='bbox 2114 3167 2530 3230; x_wconf 78' lang='lat' dir='ltr'><strong>crueiﬁxusest,</strong></span> <span class='ocrx_word' id='word_1_430' title='bbox 2559 3165 2862 3234; x_wconf 86' lang='lat' dir='ltr'><strong>imperante</strong></span> <span class='ocrx_word' id='word_1_431' title='bbox 2878 3165 3099 3219; x_wconf 84' lang='lat' dir='ltr'><strong>Tiberio</strong></span> <span class='ocrx_word' id='word_1_432' title='bbox 3133 3165 3370 3230; x_wconf 86' lang='lat' dir='ltr'><strong>Caesare)</strong></span> <span class='ocrx_word' id='word_1_433' title='bbox 3401 3179 3420 3229; x_wconf 86' lang='grc'>;</span> 
     </span>
    </p>
   </div>
   <div class='ocr_carea' id='block_1_64' title="bbox 164 3252 1738 3340">
    <p class='ocr_par' dir='ltr' id='par_1_64' title="bbox 164 3252 1738 3340">
     <span class='ocr_line' id='line_1_65' title="bbox 164 3252 1738 3340; baseline -0.015 -14"><span class='ocrx_word' id='word_1_434' title='bbox 164 3271 441 3340; x_wconf 71' lang='grc' dir='ltr'><strong>Ἡρωδιὰς</strong></span> <span class='ocrx_word' id='word_1_435' title='bbox 473 3265 753 3334; x_wconf 80' lang='grc' dir='ltr'><strong>ἐγαμήθη,</strong></span> <span class='ocrx_word' id='word_1_436' title='bbox 794 3261 853 3324; x_wconf 75' lang='grc' dir='ltr'><strong>ἐξ</strong></span> <span class='ocrx_word' id='word_1_437' title='bbox 891 3255 958 3330; x_wconf 84' lang='grc' dir='ltr'><strong>ἦς</strong></span> <span class='ocrx_word' id='word_1_438' title='bbox 987 3259 1113 3328; x_wconf 78' lang='grc' dir='ltr'><strong>ἔσχε</strong></span> <span class='ocrx_word' id='word_1_439' title='bbox 1164 3255 1442 3323; x_wconf 81' lang='grc' dir='ltr'><strong>θυγατέρα</strong></span> <span class='ocrx_word' id='word_1_440' title='bbox 1473 3252 1738 3322; x_wconf 86' lang='grc' dir='ltr'><strong>Σαλώμην</strong></span> 
     </span>
    </p>
   </div>
   <div class='ocr_carea' id='block_1_65' title="bbox 151 3345 1737 3430">
    <p class='ocr_par' dir='ltr' id='par_1_65' title="bbox 151 3345 1737 3430">
     <span class='ocr_line' id='line_1_66' title="bbox 151 3345 1737 3430; baseline -0.009 -20"><span class='ocrx_word' id='word_1_441' title='bbox 151 3363 246 3430; x_wconf 73' lang='grc' dir='ltr'><strong>τὴν</strong></span> <span class='ocrx_word' id='word_1_442' title='bbox 280 3362 378 3415; x_wconf 77' lang='grc' dir='ltr'><strong>καὶ</strong></span> <span class='ocrx_word' id='word_1_443' title='bbox 410 3352 826 3426; x_wconf 83' lang='grc' dir='ltr'><strong>ὀρχησαμένην,</strong></span> <span class='ocrx_word' id='word_1_444' title='bbox 861 3351 956 3404; x_wconf 70' lang='grc' dir='ltr'><strong>καὶ</strong></span> <span class='ocrx_word' id='word_1_445' title='bbox 988 3346 1238 3418; x_wconf 87' lang='grc' dir='ltr'><strong>Ἡρώδην</strong></span> <span class='ocrx_word' id='word_1_446' title='bbox 1266 3346 1357 3397; x_wconf 81' lang='grc' dir='ltr'><strong>τὸν</strong></span> <span class='ocrx_word' id='word_1_447' title='bbox 1381 3345 1475 3397; x_wconf 76' lang='grc' dir='ltr'><strong>καὶ</strong></span> <span class='ocrx_word' id='word_1_448' title='bbox 1518 3345 1737 3414; x_wconf 86' lang='grc' dir='ltr'><strong>Ἀγρίπ-</strong></span> 
     </span>
    </p>
   </div>
   <div class='ocr_carea' id='block_1_66' title="bbox 152 3437 1452 3520">
    <p class='ocr_par' dir='ltr' id='par_1_66' title="bbox 152 3437 1452 3520">
     <span class='ocr_line' id='line_1_67' title="bbox 152 3437 1452 3520; baseline -0.014 -12"><span class='ocrx_word' id='word_1_449' title='bbox 152 3474 278 3520; x_wconf 73' lang='grc' dir='ltr'><strong>παν,</strong></span> <span class='ocrx_word' id='word_1_450' title='bbox 303 3453 401 3504; x_wconf 85' lang='grc' dir='ltr'><strong>τὸν</strong></span> <span class='ocrx_word' id='word_1_451' title='bbox 436 3447 701 3502; x_wconf 81' lang='grc' dir='ltr'><strong>ἀνελόντα</strong></span> <span class='ocrx_word' id='word_1_452' title='bbox 736 3442 829 3495; x_wconf 85' lang='grc' dir='ltr'><strong>τὸν</strong></span> <span class='ocrx_word' id='word_1_453' title='bbox 854 3439 1141 3496; x_wconf 84' lang='grc' dir='ltr'><strong>Ζεϐεδαίου</strong></span> <span class='ocrx_word' id='word_1_454' title='bbox 1179 3437 1452 3492; x_wconf 85' lang='grc' dir='ltr'><strong>Ἰάκωϐον.</strong></span> 
     </span>
    </p>
   </div>
   <div class='ocr_carea' id='block_1_67' title="bbox 223 3614 1736 3693">
    <p class='ocr_par' dir='ltr' id='par_1_67' title="bbox 223 3614 1736 3693">
     <span class='ocr_line' id='line_1_68' title="bbox 223 3614 1736 3693; baseline -0.011 -12"><span class='ocrx_word' id='word_1_455' title='bbox 223 3631 350 3680; x_wconf 88' lang='grc' dir='ltr'><strong>Ὀτι</strong></span> <span class='ocrx_word' id='word_1_456' title='bbox 387 3623 651 3693; x_wconf 82' lang='grc' dir='ltr'><strong>Ἠρώδης</strong></span> <span class='ocrx_word' id='word_1_457' title='bbox 683 3622 711 3672; x_wconf 80' lang='grc' dir='ltr'><strong>ὁ</strong></span> <span class='ocrx_word' id='word_1_458' title='bbox 746 3620 919 3688; x_wconf 81' lang='grc' dir='ltr'><strong>μέγας</strong></span> <span class='ocrx_word' id='word_1_459' title='bbox 949 3618 1211 3686; x_wconf 77' lang='grc' dir='ltr'><strong>τέθνηκεν</strong></span> <span class='ocrx_word' id='word_1_460' title='bbox 1240 3616 1610 3685; x_wconf 79' lang='grc' dir='ltr'><strong>ἑϐδομήκοντα</strong></span> <span class='ocrx_word' id='word_1_461' title='bbox 1642 3614 1736 3685; x_wconf 77' lang='grc' dir='ltr'><strong>ἐτη</strong></span> 
     </span>
    </p>
   </div>
   <div class='ocr_carea' id='block_1_68' title="bbox 152 3704 1738 3788">
    <p class='ocr_par' dir='ltr' id='par_1_68' title="bbox 152 3704 1738 3788">
     <span class='ocr_line' id='line_1_69' title="bbox 152 3704 1738 3788; baseline -0.003 -25"><span class='ocrx_word' id='word_1_462' title='bbox 152 3721 344 3788; x_wconf 62' lang='grc' dir='ltr'><strong>ζήσεις,</strong></span> <span class='ocrx_word' id='word_1_463' title='bbox 376 3713 442 3776; x_wconf 79' lang='grc' dir='ltr'>ἐξ</span> <span class='ocrx_word' id='word_1_464' title='bbox 483 3707 561 3763; x_wconf 76' lang='grc' dir='ltr'><strong>ὧν</strong></span> <span class='ocrx_word' id='word_1_465' title='bbox 594 3709 916 3761; x_wconf 68' lang='grc' dir='ltr'><strong>ἐϐασίλευσε</strong></span> <span class='ocrx_word' id='word_1_466' title='bbox 963 3707 1063 3778; x_wconf 80' lang='grc' dir='ltr'><strong>τῆς</strong></span> <span class='ocrx_word' id='word_1_467' title='bbox 1103 3705 1366 3768; x_wconf 84' lang='grc' dir='ltr'><strong>Ἰουδαίας</strong></span> <span class='ocrx_word' id='word_1_468' title='bbox 1398 3705 1491 3776; x_wconf 80' lang='grc' dir='ltr'><strong>ἔτη</strong></span> <span class='ocrx_word' id='word_1_469' title='bbox 1525 3704 1602 3768; x_wconf 75' lang='grc' dir='ltr'><strong>λζ’</strong></span> <span class='ocrx_word' id='word_1_470' title='bbox 1632 3722 1738 3758; x_wconf 73' lang='grc' dir='ltr'><strong>πα-</strong></span> 
     </span>
    </p>
   </div>
   <div class='ocr_carea' id='block_1_69' title="bbox 155 3795 1737 3878">
    <p class='ocr_par' dir='ltr' id='par_1_69' title="bbox 155 3795 1737 3878">
     <span class='ocr_line' id='line_1_70' title="bbox 155 3795 1737 3878; baseline -0.009 -17"><span class='ocrx_word' id='word_1_471' title='bbox 155 3810 430 3878; x_wconf 69' lang='grc' dir='ltr'><strong>ρανόμως.</strong></span> <span class='ocrx_word' id='word_1_472' title='bbox 461 3802 587 3854; x_wconf 74' lang='grc' dir='ltr'><strong>Ἐπὶ</strong></span> <span class='ocrx_word' id='word_1_473' title='bbox 615 3798 781 3851; x_wconf 75' lang='grc' dir='ltr'><strong>αὑτοῦ</strong></span> <span class='ocrx_word' id='word_1_474' title='bbox 804 3799 911 3868; x_wconf 72' lang='grc' dir='ltr'><strong>γὰρ</strong></span> <span class='ocrx_word' id='word_1_475' title='bbox 941 3800 971 3866; x_wconf 81' lang='grc' dir='ltr'><strong>η</strong></span> <span class='ocrx_word' id='word_1_476' title='bbox 1000 3799 1306 3868; x_wconf 70' lang='grc' dir='ltr'><strong>πρόρρησις</strong></span> <span class='ocrx_word' id='word_1_477' title='bbox 1334 3795 1431 3848; x_wconf 82' lang='grc' dir='ltr'><strong>τοῦ</strong></span> <span class='ocrx_word' id='word_1_478' title='bbox 1465 3796 1737 3864; x_wconf 76' lang='grc' dir='ltr'><strong>πατριάρο</strong></span> 
     </span>
    </p>
   </div>
   <div class='ocr_carea' id='block_1_70' title="bbox 151 3887 1734 3971">
    <p class='ocr_par' dir='ltr' id='par_1_70' title="bbox 151 3887 1734 3971">
     <span class='ocr_line' id='line_1_71' title="bbox 151 3887 1734 3971; baseline -0.011 -17"><span class='ocrx_word' id='word_1_479' title='bbox 151 3919 242 3971; x_wconf 71' lang='grc' dir='ltr'><strong>κον</strong></span> <span class='ocrx_word' id='word_1_480' title='bbox 305 3895 510 3950; x_wconf 80' lang='grc' dir='ltr'><strong>Ἰακὼϐ</strong></span> <span class='ocrx_word' id='word_1_481' title='bbox 551 3891 845 3959; x_wconf 76' lang='grc' dir='ltr'><strong>ἐπληρώθη</strong></span> <span class='ocrx_word' id='word_1_482' title='bbox 895 3889 1228 3959; x_wconf 81' lang='grc' dir='ltr'><strong>ήλέγουσα·</strong></span> <span class='ocrx_word' id='word_1_483' title='bbox 1276 3907 1295 3939; x_wconf 79' lang='grc' dir='ltr'><strong>ι</strong></span> <span class='ocrx_word' id='word_1_484' title='bbox 1330 3889 1445 3941; x_wconf 81' lang='grc' dir='ltr'><strong>Οὐκ</strong></span> <span class='ocrx_word' id='word_1_485' title='bbox 1496 3887 1734 3956; x_wconf 73' lang='grc' dir='ltr'><strong>ἐκλείψει</strong></span> 
     </span>
    </p>
   </div>
   <div class='ocr_carea' id='block_1_71' title="bbox 152 3981 1734 4063">
    <p class='ocr_par' dir='ltr' id='par_1_71' title="bbox 152 3981 1734 4063">
     <span class='ocr_line' id='line_1_72' title="bbox 152 3981 1734 4063; baseline -0.011 -15"><span class='ocrx_word' id='word_1_486' title='bbox 152 3997 329 4063; x_wconf 71' lang='grc' dir='ltr'><strong>ἄρχω-ι</strong></span> <span class='ocrx_word' id='word_1_487' title='bbox 360 3990 424 4053; x_wconf 76' lang='grc' dir='ltr'>ἐξ</span> <span class='ocrx_word' id='word_1_488' title='bbox 456 3986 628 4040; x_wconf 81' lang='grc' dir='ltr'><strong>Ἰούδα</strong></span> <span class='ocrx_word' id='word_1_489' title='bbox 659 3986 752 4037; x_wconf 71' lang='grc' dir='ltr'><strong>καὶ</strong></span> <span class='ocrx_word' id='word_1_490' title='bbox 774 3986 1075 4053; x_wconf 79' lang='grc' dir='ltr'><strong>ἡγούμενος</strong></span> <span class='ocrx_word' id='word_1_491' title='bbox 1108 3985 1171 4036; x_wconf 82' lang='grc' dir='ltr'><strong>ὲκ</strong></span> <span class='ocrx_word' id='word_1_492' title='bbox 1196 3982 1305 4034; x_wconf 83' lang='grc' dir='ltr'><strong>τῶν</strong></span> <span class='ocrx_word' id='word_1_493' title='bbox 1335 3981 1524 4052; x_wconf 83' lang='grc' dir='ltr'><strong>μηρῶν</strong></span> <span class='ocrx_word' id='word_1_494' title='bbox 1547 3981 1734 4046; x_wconf 71' lang='grc' dir='ltr'><strong>αὐτοῦ,</strong></span> 
     </span>
    </p>
   </div>
   <div class='ocr_carea' id='block_1_72' title="bbox 152 4072 1736 4150">
    <p class='ocr_par' dir='ltr' id='par_1_72' title="bbox 152 4072 1736 4150">
     <span class='ocr_line' id='line_1_73' title="bbox 152 4072 1736 4150; baseline -0.01 -11"><span class='ocrx_word' id='word_1_495' title='bbox 152 4090 252 4148; x_wconf 76' lang='grc' dir='ltr'><strong>ἕως</strong></span> <span class='ocrx_word' id='word_1_496' title='bbox 283 4085 350 4137; x_wconf 74' lang='grc' dir='ltr'><strong>ἂν</strong></span> <span class='ocrx_word' id='word_1_497' title='bbox 385 4081 522 4150; x_wconf 78' lang='grc' dir='ltr'><strong>ἔλθῃ</strong></span> <span class='ocrx_word' id='word_1_498' title='bbox 547 4078 574 4130; x_wconf 82' lang='grc' dir='ltr'><strong>ὃ</strong></span> <span class='ocrx_word' id='word_1_499' title='bbox 612 4079 923 4138; x_wconf 80' lang='grc' dir='ltr'><strong>ἀπόκειται,</strong></span> <span class='ocrx_word' id='word_1_500' title='bbox 956 4094 974 4128; x_wconf 73' lang='grc' dir='ltr'><strong>ι</strong></span> <span class='ocrx_word' id='word_1_501' title='bbox 1015 4076 1132 4142; x_wconf 79' lang='grc' dir='ltr'><strong>ἦτοι</strong></span> <span class='ocrx_word' id='word_1_502' title='bbox 1170 4077 1198 4127; x_wconf 88' lang='lat'><strong>6</strong></span> <span class='ocrx_word' id='word_1_503' title='bbox 1226 4074 1480 4144; x_wconf 69' lang='grc' dir='ltr'><strong>Χριστός.</strong></span> <span class='ocrx_word' id='word_1_504' title='bbox 1515 4072 1736 4143; x_wconf 83' lang='grc' dir='ltr'><strong>Πρῶτος</strong></span> 
     </span>
    </p>
   </div>
   <div class='ocr_carea' id='block_1_73' title="bbox 151 4162 1736 4246">
    <p class='ocr_par' dir='ltr' id='par_1_73' title="bbox 151 4162 1736 4246">
     <span class='ocr_line' id='line_1_74' title="bbox 151 4162 1736 4246; baseline -0.009 -17"><span class='ocrx_word' id='word_1_505' title='bbox 151 4177 254 4246; x_wconf 77' lang='grc' dir='ltr'><strong>γὰρ</strong></span> <span class='ocrx_word' id='word_1_506' title='bbox 289 4173 600 4240; x_wconf 59' lang='grc' dir='ltr'><strong>ἀλλόψυλος</strong></span> <span class='ocrx_word' id='word_1_507' title='bbox 647 4169 893 4240; x_wconf 85' lang='grc' dir='ltr'><strong>Ἡρώδης</strong></span> <span class='ocrx_word' id='word_1_508' title='bbox 929 4167 1197 4220; x_wconf 85' lang='grc' dir='ltr'><strong>Ἰουδαίων</strong></span> <span class='ocrx_word' id='word_1_509' title='bbox 1234 4162 1420 4237; x_wconf 80' lang='grc' dir='ltr'><strong>ἧρξεν,</strong></span> <span class='ocrx_word' id='word_1_510' title='bbox 1448 4163 1631 4234; x_wconf 85' lang='grc' dir='ltr'><strong>Ἀραψ</strong></span> <span class='ocrx_word' id='word_1_511' title='bbox 1661 4163 1736 4216; x_wconf 84' lang='grc' dir='ltr'><strong>ὢν</strong></span> 
     </span>
    </p>
   </div>
   <div class='ocr_carea' id='block_1_74' title="bbox 163 4258 1734 4337">
    <p class='ocr_par' dir='ltr' id='par_1_74' title="bbox 163 4258 1734 4337">
     <span class='ocr_line' id='line_1_75' title="bbox 163 4258 1734 4337; baseline -0.008 -15"><span class='ocrx_word' id='word_1_512' title='bbox 163 4270 502 4337; x_wconf 78' lang='grc' dir='ltr'><strong>Ἰδουμαῖος,</strong></span> <span class='ocrx_word' id='word_1_513' title='bbox 546 4264 642 4316; x_wconf 76' lang='grc' dir='ltr'><strong>καὶ</strong></span> <span class='ocrx_word' id='word_1_514' title='bbox 704 4261 918 4330; x_wconf 80' lang='grc' dir='ltr'><strong>πρῶτος</strong></span> <span class='ocrx_word' id='word_1_515' title='bbox 956 4258 1253 4327; x_wconf 76' lang='grc' dir='ltr'><strong>ἀλλόφυλον</strong></span> <span class='ocrx_word' id='word_1_516' title='bbox 1301 4259 1560 4329; x_wconf 84' lang='grc' dir='ltr'><strong>ἀρχιερέα</strong></span> <span class='ocrx_word' id='word_1_517' title='bbox 1601 4275 1734 4311; x_wconf 89' lang='grc' dir='ltr'><strong>κατ-</strong></span> 
     </span>
    </p>
   </div>
   <div class='ocr_carea' id='block_1_75' title="bbox 151 4349 1446 4427">
    <p class='ocr_par' dir='ltr' id='par_1_75' title="bbox 151 4349 1446 4427">
     <span class='ocr_line' id='line_1_76' title="bbox 151 4349 1446 4427; baseline -0.013 -14"><span class='ocrx_word' id='word_1_518' title='bbox 151 4363 370 4427; x_wconf 73' lang='grc' dir='ltr'><strong>έστησε,</strong></span> <span class='ocrx_word' id='word_1_519' title='bbox 414 4356 511 4406; x_wconf 78' lang='grc' dir='ltr'><strong>τὸν</strong></span> <span class='ocrx_word' id='word_1_520' title='bbox 547 4353 846 4415; x_wconf 81' lang='grc' dir='ltr'><strong>Ἀνάνιλον,</strong></span> <span class='ocrx_word' id='word_1_521' title='bbox 878 4349 951 4413; x_wconf 88' lang='grc' dir='ltr'><strong>ώς</strong></span> <span class='ocrx_word' id='word_1_522' title='bbox 982 4349 1249 4419; x_wconf 85' lang='grc' dir='ltr'><strong>Ἰώσηπος</strong></span> <span class='ocrx_word' id='word_1_523' title='bbox 1280 4349 1446 4416; x_wconf 84' lang='grc' dir='ltr'><strong>λέγει.</strong></span> 
     </span>
    </p>
   </div>
   <div class='ocr_carea' id='block_1_76' title="bbox 159 4437 1734 4512">
    <p class='ocr_par' dir='ltr' id='par_1_76' title="bbox 159 4437 1734 4512">
     <span class='ocr_line' id='line_1_77' title="bbox 159 4437 1734 4512; baseline -0.004 -14"><span class='ocrx_word' id='word_1_524' title='bbox 159 4456 185 4479; x_wconf 64' lang='grc' dir='ltr'><strong>ν</strong></span> <span class='ocrx_word' id='word_1_525' title='bbox 218 4449 350 4499; x_wconf 72' lang='grc' dir='ltr'><strong>Ὀτι</strong></span> <span class='ocrx_word' id='word_1_526' title='bbox 391 4441 647 4512; x_wconf 83' lang='grc' dir='ltr'><strong>Ἡρώδης</strong></span> <span class='ocrx_word' id='word_1_527' title='bbox 682 4442 710 4492; x_wconf 89' lang='lat'><strong>6</strong></span> <span class='ocrx_word' id='word_1_528' title='bbox 748 4440 1029 4509; x_wconf 79' lang='grc' dir='ltr'><strong>μιαιφόνος</strong></span> <span class='ocrx_word' id='word_1_529' title='bbox 1059 4439 1194 4506; x_wconf 84' lang='grc' dir='ltr'><strong>πρὸς</strong></span> <span class='ocrx_word' id='word_1_530' title='bbox 1234 4441 1350 4502; x_wconf 89' lang='grc' dir='ltr'><strong>ταῖς</strong></span> <span class='ocrx_word' id='word_1_531' title='bbox 1380 4438 1600 4502; x_wconf 84' lang='grc' dir='ltr'><strong>πολλαῖς</strong></span> <span class='ocrx_word' id='word_1_532' title='bbox 1627 4437 1734 4492; x_wconf 85' lang='grc' dir='ltr'><strong>τῶν</strong></span> 
     </span>
    </p>
   </div>
   <div class='ocr_carea' id='block_1_77' title="bbox 154 4528 1734 4604">
    <p class='ocr_par' dir='ltr' id='par_1_77' title="bbox 154 4528 1734 4604">
     <span class='ocr_line' id='line_1_78' title="bbox 154 4528 1734 4604; baseline -0.006 -15"><span class='ocrx_word' id='word_1_533' title='bbox 154 4535 443 4604; x_wconf 71' lang='grc' dir='ltr'><strong>συγγενῶν</strong></span> <span class='ocrx_word' id='word_1_534' title='bbox 491 4529 862 4599; x_wconf 76' lang='grc' dir='ltr'><strong>φονοκτονίαις</strong></span> <span class='ocrx_word' id='word_1_535' title='bbox 915 4531 1128 4597; x_wconf 86' lang='grc' dir='ltr'><strong>ἀναιρεί</strong></span> <span class='ocrx_word' id='word_1_536' title='bbox 1183 4528 1276 4581; x_wconf 74' lang='grc' dir='ltr'><strong>καὶ</strong></span> <span class='ocrx_word' id='word_1_537' title='bbox 1325 4528 1590 4598; x_wconf 76' lang='grc' dir='ltr'><strong>Ὑρκανὸν</strong></span> <span class='ocrx_word' id='word_1_538' title='bbox 1643 4529 1734 4582; x_wconf 77' lang='grc' dir='ltr'><strong>τὸν</strong></span> 
     </span>
    </p>
   </div>
   <div class='ocr_carea' id='block_1_78' title="bbox 153 4618 1734 4691">
    <p class='ocr_par' dir='ltr' id='par_1_78' title="bbox 153 4618 1734 4691">
     <span class='ocr_line' id='line_1_79' title="bbox 153 4618 1734 4691; baseline -0.003 -14"><span class='ocrx_word' id='word_1_539' title='bbox 153 4626 314 4680; x_wconf 59' lang='lat' dir='ltr'><strong>mihi.</strong></span> <span class='ocrx_word' id='word_1_540' title='bbox 347 4621 624 4691; x_wconf 83' lang='grc' dir='ltr'><strong>ἀρχιερέα</strong></span> <span class='ocrx_word' id='word_1_541' title='bbox 656 4619 752 4671; x_wconf 84' lang='grc' dir='ltr'><strong>καὶ</strong></span> <span class='ocrx_word' id='word_1_542' title='bbox 787 4619 877 4671; x_wconf 80' lang='grc' dir='ltr'><strong>τὸν</strong></span> <span class='ocrx_word' id='word_1_543' title='bbox 919 4618 1110 4670; x_wconf 82' lang='grc' dir='ltr'><strong>τούτου</strong></span> <span class='ocrx_word' id='word_1_544' title='bbox 1140 4620 1252 4671; x_wconf 84' lang='grc' dir='ltr'><strong>υίδν</strong></span> <span class='ocrx_word' id='word_1_545' title='bbox 1290 4619 1384 4672; x_wconf 71' lang='grc' dir='ltr'><strong>καὶ</strong></span> <span class='ocrx_word' id='word_1_546' title='bbox 1418 4619 1516 4690; x_wconf 79' lang='grc' dir='ltr'><strong>τὴν</strong></span> <span class='ocrx_word' id='word_1_547' title='bbox 1545 4620 1734 4672; x_wconf 87' lang='grc' dir='ltr'><strong>τούτου</strong></span> 
     </span>
    </p>
   </div>
   <div class='ocr_carea' id='block_1_79' title="bbox 156 4710 1736 4783">
    <p class='ocr_par' dir='ltr' id='par_1_79' title="bbox 156 4710 1736 4783">
     <span class='ocr_line' id='line_1_80' title="bbox 156 4710 1736 4783; baseline -0.003 -14"><span class='ocrx_word' id='word_1_548' title='bbox 156 4717 415 4783; x_wconf 72' lang='grc' dir='ltr'><strong>ἀδελφὴν,</strong></span> <span class='ocrx_word' id='word_1_549' title='bbox 447 4711 647 4765; x_wconf 75' lang='grc' dir='ltr'><strong>ἑαυτοῦ</strong></span> <span class='ocrx_word' id='word_1_550' title='bbox 677 4711 736 4763; x_wconf 85' lang='grc' dir='ltr'><strong>δὲ</strong></span> <span class='ocrx_word' id='word_1_551' title='bbox 764 4711 1018 4778; x_wconf 87' lang='grc' dir='ltr'><strong>γυναῖκα,</strong></span> <span class='ocrx_word' id='word_1_552' title='bbox 1050 4711 1178 4773; x_wconf 84' lang='grc' dir='ltr'><strong>τοὺς</strong></span> <span class='ocrx_word' id='word_1_553' title='bbox 1205 4710 1299 4763; x_wconf 91' lang='grc' dir='ltr'><strong>δύο</strong></span> <span class='ocrx_word' id='word_1_554' title='bbox 1326 4712 1557 4774; x_wconf 84' lang='grc' dir='ltr'><strong>οἰκείους</strong></span> <span class='ocrx_word' id='word_1_555' title='bbox 1587 4713 1736 4774; x_wconf 76' lang='grc' dir='ltr'><strong>υἱοὺς</strong></span> 
     </span>
    </p>
   </div>
   <div class='ocr_carea' id='block_1_80' title="bbox 152 4799 1734 4874">
    <p class='ocr_par' dir='ltr' id='par_1_80' title="bbox 152 4799 1734 4874">
     <span class='ocr_line' id='line_1_81' title="bbox 152 4799 1734 4874; baseline -0.004 -16"><span class='ocrx_word' id='word_1_556' title='bbox 152 4809 228 4868; x_wconf 85' lang='grc' dir='ltr'><strong>είς</strong></span> <span class='ocrx_word' id='word_1_557' title='bbox 256 4807 470 4874; x_wconf 74' lang='grc' dir='ltr'><strong>ἄνδρας</strong></span> <span class='ocrx_word' id='word_1_558' title='bbox 502 4800 815 4865; x_wconf 83' lang='grc' dir='ltr'><strong>τελοῦντας,</strong></span> <span class='ocrx_word' id='word_1_559' title='bbox 848 4801 942 4854; x_wconf 77' lang='grc' dir='ltr'><strong>καὶ</strong></span> <span class='ocrx_word' id='word_1_560' title='bbox 969 4799 1067 4870; x_wconf 82' lang='grc' dir='ltr'><strong>τὴν</strong></span> <span class='ocrx_word' id='word_1_561' title='bbox 1097 4799 1390 4868; x_wconf 85' lang='grc' dir='ltr'><strong>πενθερὰν,</strong></span> <span class='ocrx_word' id='word_1_562' title='bbox 1425 4800 1503 4852; x_wconf 76' lang='grc' dir='ltr'><strong>ἔτι</strong></span> <span class='ocrx_word' id='word_1_563' title='bbox 1533 4801 1589 4852; x_wconf 86' lang='grc' dir='ltr'><strong>δὲ</strong></span> <span class='ocrx_word' id='word_1_564' title='bbox 1634 4802 1734 4851; x_wconf 84' lang='grc' dir='ltr'><strong>Σα-</strong></span> 
     </span>
    </p>
   </div>
   <div class='ocr_carea' id='block_1_81' title="bbox 151 4891 1729 4966">
    <p class='ocr_par' dir='ltr' id='par_1_81' title="bbox 151 4891 1729 4966">
     <span class='ocr_line' id='line_1_82' title="bbox 151 4891 1729 4966; baseline -0.005 -16"><span class='ocrx_word' id='word_1_565' title='bbox 151 4899 340 4966; x_wconf 76' lang='grc' dir='ltr'><strong>λώμης</strong></span> <span class='ocrx_word' id='word_1_566' title='bbox 371 4895 478 4962; x_wconf 81' lang='grc' dir='ltr'><strong>τῆς</strong></span> <span class='ocrx_word' id='word_1_567' title='bbox 529 4893 666 4955; x_wconf 78' lang='grc' dir='ltr'><strong>ἰδίας</strong></span> <span class='ocrx_word' id='word_1_568' title='bbox 708 4891 940 4961; x_wconf 81' lang='grc' dir='ltr'><strong>ἀδελφῆς</strong></span> <span class='ocrx_word' id='word_1_569' title='bbox 968 4891 1060 4944; x_wconf 81' lang='grc' dir='ltr'><strong>τὸν</strong></span> <span class='ocrx_word' id='word_1_570' title='bbox 1107 4891 1311 4962; x_wconf 79' lang='grc' dir='ltr'><strong>ἄνδρα⁶</strong></span> <span class='ocrx_word' id='word_1_571' title='bbox 1359 4893 1636 4961; x_wconf 81' lang='grc' dir='ltr'><strong>γήμαντος</strong></span> <span class='ocrx_word' id='word_1_572' title='bbox 1673 4891 1729 4943; x_wconf 81' lang='grc' dir='ltr'><strong>δὲ</strong></span> 
     </span>
    </p>
   </div>
   <div class='ocr_carea' id='block_1_82' title="bbox 152 4984 1730 5060">
    <p class='ocr_par' dir='ltr' id='par_1_82' title="bbox 152 4984 1730 5060">
     <span class='ocr_line' id='line_1_83' title="bbox 152 4984 1730 5060; baseline -0.006 -16"><span class='ocrx_word' id='word_1_573' title='bbox 152 4991 319 5060; x_wconf 69' lang='grc' dir='ltr'><strong>αὐτὴν</strong></span> <span class='ocrx_word' id='word_1_574' title='bbox 368 4987 589 5058; x_wconf 79' lang='grc' dir='ltr'><strong>ἐτέρου,</strong></span> <span class='ocrx_word' id='word_1_575' title='bbox 625 4986 719 5038; x_wconf 68' lang='grc' dir='ltr'><strong>καὶ</strong></span> <span class='ocrx_word' id='word_1_576' title='bbox 766 4985 948 5037; x_wconf 85' lang='grc' dir='ltr'><strong>τοῦτον</strong></span> <span class='ocrx_word' id='word_1_577' title='bbox 975 4984 1317 5055; x_wconf 83' lang='grc' dir='ltr'><strong>προστίθησι,</strong></span> <span class='ocrx_word' id='word_1_578' title='bbox 1365 4985 1502 5054; x_wconf 81' lang='grc' dir='ltr'><strong>πρὸς</strong></span> <span class='ocrx_word' id='word_1_579' title='bbox 1546 4985 1602 5037; x_wconf 78' lang='grc' dir='ltr'><strong>δὲ</strong></span> <span class='ocrx_word' id='word_1_580' title='bbox 1639 4984 1730 5037; x_wconf 82' lang='grc' dir='ltr'><strong>καὶ</strong></span> 
     </span>
    </p>
   </div>
   <div class='ocr_carea' id='block_1_83' title="bbox 152 5076 1732 5146">
    <p class='ocr_par' dir='ltr' id='par_1_83' title="bbox 152 5076 1732 5146">
     <span class='ocr_line' id='line_1_84' title="bbox 152 5076 1732 5146; baseline -0.002 -14"><span class='ocrx_word' id='word_1_581' title='bbox 152 5084 273 5144; x_wconf 65' lang='grc' dir='ltr'><strong>τοὺς</strong></span> <span class='ocrx_word' id='word_1_582' title='bbox 303 5079 599 5146; x_wconf 73' lang='grc' dir='ltr'><strong>ὑφηγητάς</strong></span> <span class='ocrx_word' id='word_1_583' title='bbox 631 5077 742 5128; x_wconf 86' lang='grc' dir='ltr'><strong>τῶν</strong></span> <span class='ocrx_word' id='word_1_584' title='bbox 778 5076 938 5146; x_wconf 78' lang='grc' dir='ltr'><strong>ἱερῶν</strong></span> <span class='ocrx_word' id='word_1_585' title='bbox 965 5077 1167 5146; x_wconf 88' lang='grc' dir='ltr'><strong>νόμων,</strong></span> <span class='ocrx_word' id='word_1_586' title='bbox 1209 5076 1305 5128; x_wconf 63' lang='grc' dir='ltr'><strong>καὶ⁵</strong></span> <span class='ocrx_word' id='word_1_587' title='bbox 1333 5078 1458 5139; x_wconf 83' lang='grc' dir='ltr'><strong>τοὺς</strong></span> <span class='ocrx_word' id='word_1_588' title='bbox 1480 5077 1588 5128; x_wconf 81' lang='grc' dir='ltr'><strong>τῶν</strong></span> <span class='ocrx_word' id='word_1_589' title='bbox 1627 5093 1732 5129; x_wconf 83' lang='grc' dir='ltr'><strong>πα-</strong></span> 
     </span>
    </p>
   </div>
   <div class='ocr_carea' id='block_1_84' title="bbox 153 5167 1731 5241">
    <p class='ocr_par' dir='ltr' id='par_1_84' title="bbox 153 5167 1731 5241">
     <span class='ocr_line' id='line_1_85' title="bbox 153 5167 1731 5241; baseline -0.002 -18"><span class='ocrx_word' id='word_1_590' title='bbox 153 5173 319 5241; x_wconf 86' lang='grc' dir='ltr'><strong>τρίων</strong></span> <span class='ocrx_word' id='word_1_591' title='bbox 378 5167 651 5238; x_wconf 77' lang='grc' dir='ltr'><strong>ζηλωτάς.</strong></span> <span class='ocrx_word' id='word_1_592' title='bbox 717 5167 974 5236; x_wconf 80' lang='grc' dir='ltr'><strong>Θεηλάτῳ</strong></span> <span class='ocrx_word' id='word_1_593' title='bbox 1019 5168 1074 5220; x_wconf 84' lang='grc' dir='ltr'><strong>δὲ</strong></span> <span class='ocrx_word' id='word_1_594' title='bbox 1131 5168 1312 5239; x_wconf 81' lang='grc' dir='ltr'><strong>πληγῇ</strong></span> <span class='ocrx_word' id='word_1_595' title='bbox 1380 5169 1473 5221; x_wconf 68' lang='grc' dir='ltr'><strong>καὶ</strong></span> <span class='ocrx_word' id='word_1_596' title='bbox 1523 5167 1731 5238; x_wconf 81' lang='grc' dir='ltr'><strong>ὕδρωπι</strong></span> 
     </span>
    </p>
   </div>
   <div class='ocr_carea' id='block_1_85' title="bbox 156 5257 1733 5332">
    <p class='ocr_par' dir='ltr' id='par_1_85' title="bbox 156 5257 1733 5332">
     <span class='ocr_line' id='line_1_86' title="bbox 156 5257 1733 5332; baseline 0 -18"><span class='ocrx_word' id='word_1_597' title='bbox 156 5261 444 5329; x_wconf 73' lang='grc' dir='ltr'><strong>συσχεθεὶς</strong></span> <span class='ocrx_word' id='word_1_598' title='bbox 475 5257 769 5326; x_wconf 84' lang='grc' dir='ltr'><strong>σκώληκας</strong></span> <span class='ocrx_word' id='word_1_599' title='bbox 793 5258 900 5311; x_wconf 75' lang='grc' dir='ltr'><strong>ἀπὸ</strong></span> <span class='ocrx_word' id='word_1_600' title='bbox 923 5258 1018 5312; x_wconf 83' lang='grc' dir='ltr'><strong>τοῦ</strong></span> <span class='ocrx_word' id='word_1_601' title='bbox 1049 5259 1301 5329; x_wconf 88' lang='grc' dir='ltr'><strong>σώματος</strong></span> <span class='ocrx_word' id='word_1_602' title='bbox 1327 5259 1614 5332; x_wconf 80' lang='grc' dir='ltr'><strong>ὲξέϐρασε,</strong></span> <span class='ocrx_word' id='word_1_603' title='bbox 1636 5263 1733 5314; x_wconf 74' lang='grc' dir='ltr'><strong>καὶ</strong></span> 
     </span>
    </p>
   </div>
   <div class='ocr_carea' id='block_1_86' title="bbox 155 5344 1399 5422">
    <p class='ocr_par' dir='ltr' id='par_1_86' title="bbox 155 5344 1399 5422">
     <span class='ocr_line' id='line_1_87' title="bbox 155 5344 1399 5422; baseline 0.005 -18"><span class='ocrx_word' id='word_1_604' title='bbox 155 5351 325 5413; x_wconf 67' lang='grc' dir='ltr'><strong>οὕτως</strong></span> <span class='ocrx_word' id='word_1_605' title='bbox 355 5349 552 5412; x_wconf 85' lang='grc' dir='ltr'><strong>δεινῶς</strong></span> <span class='ocrx_word' id='word_1_606' title='bbox 583 5348 916 5419; x_wconf 85' lang='grc' dir='ltr'><strong>ὀδυνώμενος</strong></span> <span class='ocrx_word' id='word_1_607' title='bbox 949 5350 1231 5422; x_wconf 81' lang='grc' dir='ltr'><strong>τέθνηκεν.</strong></span> <span class='ocrx_word' id='word_1_608' title='bbox 1393 5344 1399 5353; x_wconf 67' lang='grc'><strong>”</strong></span> 
     </span>
    </p>
   </div>
   <div class='ocr_carea' id='block_1_87' title="bbox 1842 3258 3422 3329">
    <p class='ocr_par' dir='ltr' id='par_1_87' title="bbox 1842 3258 3422 3329">
     <span class='ocr_line' id='line_1_88' title="bbox 1842 3258 3422 3329; baseline 0 -17"><span class='ocrx_word' id='word_1_609' title='bbox 1842 3259 2109 3313; x_wconf 79' lang='lat' dir='ltr'><strong>Herodem</strong></span> <span class='ocrx_word' id='word_1_610' title='bbox 2167 3267 2529 3329; x_wconf 81' lang='lat' dir='ltr'><strong>Cognomento</strong></span> <span class='ocrx_word' id='word_1_611' title='bbox 2577 3259 2908 3328; x_wconf 85' lang='lat' dir='ltr'><strong>Philippum,</strong></span> <span class='ocrx_word' id='word_1_612' title='bbox 2967 3258 3125 3327; x_wconf 90' lang='lat' dir='ltr'><strong>cujus</strong></span> <span class='ocrx_word' id='word_1_613' title='bbox 3184 3259 3422 3328; x_wconf 83' lang='lat' dir='ltr'><strong>primum</strong></span> 
     </span>
    </p>
   </div>
   <div class='ocr_carea' id='block_1_88' title="bbox 1843 3349 3421 3420">
    <p class='ocr_par' dir='ltr' id='par_1_88' title="bbox 1843 3349 3421 3420">
     <span class='ocr_line' id='line_1_89' title="bbox 1843 3349 3421 3420; baseline -0.001 -16"><span class='ocrx_word' id='word_1_614' title='bbox 1843 3365 1981 3404; x_wconf 84' lang='lat' dir='ltr'><strong>uxor</strong></span> <span class='ocrx_word' id='word_1_615' title='bbox 2012 3349 2113 3404; x_wconf 87' lang='lat' dir='ltr'><strong>fuit</strong></span> <span class='ocrx_word' id='word_1_616' title='bbox 2150 3349 2451 3414; x_wconf 89' lang='lat' dir='ltr'><strong>Herodias,</strong></span> <span class='ocrx_word' id='word_1_617' title='bbox 2494 3350 2656 3419; x_wconf 81' lang='lat' dir='ltr'><strong>eique</strong></span> <span class='ocrx_word' id='word_1_618' title='bbox 2693 3350 2942 3404; x_wconf 90' lang='lat' dir='ltr'><strong>Salomen</strong></span> <span class='ocrx_word' id='word_1_619' title='bbox 2986 3350 3151 3402; x_wconf 89' lang='lat' dir='ltr'><strong>ﬁliam</strong></span> <span class='ocrx_word' id='word_1_620' title='bbox 3207 3351 3421 3420; x_wconf 76' lang='lat' dir='ltr'><strong>peperit</strong></span> 
     </span>
    </p>
   </div>
   <div class='ocr_carea' id='block_1_89' title="bbox 1838 3438 3420 3509">
    <p class='ocr_par' dir='ltr' id='par_1_89' title="bbox 1838 3438 3420 3509">
     <span class='ocr_line' id='line_1_90' title="bbox 1838 3438 3420 3509; baseline -0.001 -15"><span class='ocrx_word' id='word_1_621' title='bbox 1838 3454 1958 3494; x_wconf 89' lang='lat' dir='ltr'><strong>eam</strong></span> <span class='ocrx_word' id='word_1_622' title='bbox 1992 3456 2111 3508; x_wconf 83' lang='lat' dir='ltr'><strong>quae</strong></span> <span class='ocrx_word' id='word_1_623' title='bbox 2146 3439 2358 3493; x_wconf 67' lang='lat' dir='ltr'><strong>saltavit</strong></span> <span class='ocrx_word' id='word_1_624' title='bbox 2381 3457 2394 3503; x_wconf 94' lang='lat'>;</span> <span class='ocrx_word' id='word_1_625' title='bbox 2420 3438 2683 3494; x_wconf 85' lang='lat' dir='ltr'><strong>Herodem</strong></span> <span class='ocrx_word' id='word_1_626' title='bbox 2717 3440 2951 3508; x_wconf 90' lang='lat' dir='ltr'><strong>denique</strong></span> <span class='ocrx_word' id='word_1_627' title='bbox 2980 3440 3301 3509; x_wconf 79' lang='lat' dir='ltr'><strong>Agrippam,</strong></span> <span class='ocrx_word' id='word_1_628' title='bbox 3324 3438 3420 3508; x_wconf 86' lang='lat' dir='ltr'><strong>qui</strong></span> 
     </span>
    </p>
   </div>
   <div class='ocr_carea' id='block_1_90' title="bbox 1839 3531 2859 3585">
    <p class='ocr_par' dir='ltr' id='par_1_90' title="bbox 1839 3531 2859 3585">
     <span class='ocr_line' id='line_1_91' title="bbox 1839 3531 2859 3585; baseline -0.001 -1"><span class='ocrx_word' id='word_1_629' title='bbox 1839 3531 2103 3585; x_wconf 86' lang='lat' dir='ltr'><strong>Jacobum</strong></span> <span class='ocrx_word' id='word_1_630' title='bbox 2139 3531 2382 3584; x_wconf 63' lang='lat' dir='ltr'><strong>Zeheda-‘i</strong></span> <span class='ocrx_word' id='word_1_631' title='bbox 2428 3531 2595 3584; x_wconf 86' lang='lat' dir='ltr'><strong>ﬁliuni</strong></span> <span class='ocrx_word' id='word_1_632' title='bbox 2625 3532 2859 3585; x_wconf 76' lang='lat' dir='ltr'><strong>necavit.</strong></span> 
     </span>
    </p>
   </div>
   <div class='ocr_carea' id='block_1_91' title="bbox 1911 3618 3415 3690">
    <p class='ocr_par' dir='ltr' id='par_1_91' title="bbox 1911 3618 3415 3690">
     <span class='ocr_line' id='line_1_92' title="bbox 1911 3618 3415 3690; baseline 0 -16"><span class='ocrx_word' id='word_1_633' title='bbox 1911 3620 2155 3675; x_wconf 87' lang='lat' dir='ltr'><strong>Herodes</strong></span> <span class='ocrx_word' id='word_1_634' title='bbox 2212 3635 2443 3690; x_wconf 79' lang='lat' dir='ltr'><strong>magnus</strong></span> <span class='ocrx_word' id='word_1_635' title='bbox 2499 3629 2748 3675; x_wconf 89' lang='lat' dir='ltr'><strong>mortuus</strong></span> <span class='ocrx_word' id='word_1_636' title='bbox 2802 3628 2886 3674; x_wconf 85' lang='lat' dir='ltr'><strong>est</strong></span> <span class='ocrx_word' id='word_1_637' title='bbox 2945 3618 3415 3689; x_wconf 77' lang='lat' dir='ltr'><strong>septuagenarius.</strong></span> 
     </span>
    </p>
   </div>
   <div class='ocr_carea' id='block_1_92' title="bbox 1842 3711 3413 3781">
    <p class='ocr_par' dir='ltr' id='par_1_92' title="bbox 1842 3711 3413 3781">
     <span class='ocr_line' id='line_1_93' title="bbox 1842 3711 3413 3781; baseline -0.005 -13"><span class='ocrx_word' id='word_1_638' title='bbox 1842 3717 2026 3768; x_wconf 86' lang='lat' dir='ltr'><strong>Annos</strong></span> <span class='ocrx_word' id='word_1_639' title='bbox 2058 3715 2122 3768; x_wconf 82' lang='lat'><strong>57</strong></span> <span class='ocrx_word' id='word_1_640' title='bbox 2162 3729 2386 3778; x_wconf 71' lang='lat' dir='ltr'><strong>regnum</strong></span> <span class='ocrx_word' id='word_1_641' title='bbox 2435 3714 2486 3764; x_wconf 90' lang='lat' dir='ltr'><strong>in</strong></span> <span class='ocrx_word' id='word_1_642' title='bbox 2527 3712 2768 3765; x_wconf 68' lang='lat' dir='ltr'><strong>Jndmam</strong></span> <span class='ocrx_word' id='word_1_643' title='bbox 2813 3711 3151 3781; x_wconf 81' lang='lat' dir='ltr'><strong>illegitimum</strong></span> <span class='ocrx_word' id='word_1_644' title='bbox 3193 3712 3362 3762; x_wconf 77' lang='lat' dir='ltr'><strong>tenuit</strong></span> <span class='ocrx_word' id='word_1_645' title='bbox 3397 3728 3413 3775; x_wconf 88' lang='lat'><strong>;</strong></span> 
     </span>
    </p>
   </div>
   <div class='ocr_carea' id='block_1_93' title="bbox 1840 3801 3414 3876">
    <p class='ocr_par' dir='ltr' id='par_1_93' title="bbox 1840 3801 3414 3876">
     <span class='ocr_line' id='line_1_94' title="bbox 1840 3801 3414 3876; baseline -0.004 -15"><span class='ocrx_word' id='word_1_646' title='bbox 1840 3809 2006 3876; x_wconf 88' lang='lat' dir='ltr'><strong>inque</strong></span> <span class='ocrx_word' id='word_1_647' title='bbox 2061 3807 2180 3874; x_wconf 91' lang='lat' dir='ltr'><strong>ipso</strong></span> <span class='ocrx_word' id='word_1_648' title='bbox 2228 3805 2510 3872; x_wconf 87' lang='lat' dir='ltr'><strong>impletum</strong></span> <span class='ocrx_word' id='word_1_649' title='bbox 2556 3813 2640 3857; x_wconf 92' lang='lat' dir='ltr'><strong>est</strong></span> <span class='ocrx_word' id='word_1_650' title='bbox 2675 3802 2999 3870; x_wconf 63' lang='lat' dir='ltr'><strong>patriarchae</strong></span> <span class='ocrx_word' id='word_1_651' title='bbox 3033 3801 3220 3855; x_wconf 86' lang='lat' dir='ltr'><strong>Jacobi</strong></span> <span class='ocrx_word' id='word_1_652' title='bbox 3252 3801 3414 3871; x_wconf 78' lang='lat'><strong>322</strong></span> 
     </span>
    </p>
   </div>
   <div class='ocr_carea' id='block_1_94' title="bbox 1838 3893 3411 3965">
    <p class='ocr_par' dir='ltr' id='par_1_94' title="bbox 1838 3893 3411 3965">
     <span class='ocr_line' id='line_1_95' title="bbox 1838 3893 3411 3965; baseline -0.004 -13"><span class='ocrx_word' id='word_1_653' title='bbox 1838 3898 2181 3961; x_wconf 74' lang='lat' dir='ltr'><strong>vaticinium,</strong></span> <span class='ocrx_word' id='word_1_654' title='bbox 2223 3896 2315 3965; x_wconf 91' lang='lat' dir='ltr'><strong>qui</strong></span> <span class='ocrx_word' id='word_1_655' title='bbox 2365 3911 2472 3948; x_wconf 91' lang='lat' dir='ltr'><strong>non</strong></span> <span class='ocrx_word' id='word_1_656' title='bbox 2517 3906 2641 3947; x_wconf 85' lang='lat' dir='ltr'><strong>ante</strong></span> <span class='ocrx_word' id='word_1_657' title='bbox 2686 3893 3001 3948; x_wconf 85' lang='lat' dir='ltr'><strong>defuturum</strong></span> <span class='ocrx_word' id='word_1_658' title='bbox 3052 3893 3190 3947; x_wconf 82' lang='lat' dir='ltr'><strong>Juda</strong></span> <span class='ocrx_word' id='word_1_659' title='bbox 3230 3905 3411 3948; x_wconf 86' lang='lat' dir='ltr'><strong>ortum</strong></span> 
     </span>
    </p>
   </div>
   <div class='ocr_carea' id='block_1_95' title="bbox 1839 3985 3406 4059">
    <p class='ocr_par' dir='ltr' id='par_1_95' title="bbox 1839 3985 3406 4059">
     <span class='ocr_line' id='line_1_96' title="bbox 1839 3985 3406 4059; baseline -0.004 -17"><span class='ocrx_word' id='word_1_660' title='bbox 1839 3989 2141 4059; x_wconf 85' lang='lat' dir='ltr'><strong>principem</strong></span> <span class='ocrx_word' id='word_1_661' title='bbox 2185 3997 2238 4040; x_wconf 91' lang='lat' dir='ltr'><strong>et</strong></span> <span class='ocrx_word' id='word_1_662' title='bbox 2269 3987 2463 4039; x_wconf 71' lang='lat' dir='ltr'><strong>ducem</strong></span> <span class='ocrx_word' id='word_1_663' title='bbox 2517 3986 2726 4039; x_wconf 88' lang='lat' dir='ltr'><strong>semine</strong></span> <span class='ocrx_word' id='word_1_664' title='bbox 2756 3985 2873 4052; x_wconf 85' lang='lat' dir='ltr'><strong>ejus</strong></span> <span class='ocrx_word' id='word_1_665' title='bbox 2907 3993 3114 4039; x_wconf 82' lang='lat' dir='ltr'><strong>eretum</strong></span> <span class='ocrx_word' id='word_1_666' title='bbox 3143 3985 3406 4050; x_wconf 84' lang='lat' dir='ltr'><strong>edixerat,</strong></span> 
     </span>
    </p>
   </div>
   <div class='ocr_carea' id='block_1_96' title="bbox 1840 4075 3416 4150">
    <p class='ocr_par' dir='ltr' id='par_1_96' title="bbox 1840 4075 3416 4150">
     <span class='ocr_line' id='line_1_97' title="bbox 1840 4075 3416 4150; baseline -0.004 -16"><span class='ocrx_word' id='word_1_667' title='bbox 1840 4095 2006 4150; x_wconf 88' lang='lat' dir='ltr'><strong>quam</strong></span> <span class='ocrx_word' id='word_1_668' title='bbox 2054 4079 2100 4132; x_wconf 92' lang='lat' dir='ltr'><strong>is</strong></span> <span class='ocrx_word' id='word_1_669' title='bbox 2153 4079 2365 4132; x_wconf 82' lang='lat' dir='ltr'><strong>veniret</strong></span> <span class='ocrx_word' id='word_1_670' title='bbox 2402 4077 2488 4130; x_wconf 92' lang='lat' dir='ltr'><strong>cui</strong></span> <span class='ocrx_word' id='word_1_671' title='bbox 2523 4076 2763 4145; x_wconf 85' lang='lat' dir='ltr'><strong>reposita</strong></span> <span class='ocrx_word' id='word_1_672' title='bbox 2810 4077 2991 4128; x_wconf 86' lang='lat' dir='ltr'><strong>omnia</strong></span> <span class='ocrx_word' id='word_1_673' title='bbox 3025 4083 3180 4130; x_wconf 88' lang='lat' dir='ltr'><strong>erant</strong></span> <span class='ocrx_word' id='word_1_674' title='bbox 3206 4117 3220 4141; x_wconf 90' lang='lat'><strong>,</strong></span> <span class='ocrx_word' id='word_1_675' title='bbox 3250 4075 3301 4129; x_wconf 91' lang='lat' dir='ltr'><strong>id</strong></span> <span class='ocrx_word' id='word_1_676' title='bbox 3330 4083 3416 4130; x_wconf 90' lang='lat' dir='ltr'><strong>est</strong></span> 
     </span>
    </p>
   </div>
   <div class='ocr_carea' id='block_1_97' title="bbox 1838 4165 3414 4237">
    <p class='ocr_par' dir='ltr' id='par_1_97' title="bbox 1838 4165 3414 4237">
     <span class='ocr_line' id='line_1_98' title="bbox 1838 4165 3414 4237; baseline -0.003 -11"><span class='ocrx_word' id='word_1_677' title='bbox 1838 4172 2112 4226; x_wconf 85' lang='lat' dir='ltr'><strong>Christus.</strong></span> <span class='ocrx_word' id='word_1_678' title='bbox 2137 4168 2352 4224; x_wconf 85' lang='lat' dir='ltr'><strong>Primus</strong></span> <span class='ocrx_word' id='word_1_679' title='bbox 2375 4169 2519 4222; x_wconf 88' lang='lat' dir='ltr'><strong>enim</strong></span> <span class='ocrx_word' id='word_1_680' title='bbox 2543 4168 2856 4237; x_wconf 84' lang='lat' dir='ltr'><strong>alienigena</strong></span> <span class='ocrx_word' id='word_1_681' title='bbox 2888 4165 3090 4221; x_wconf 66' lang='lat' dir='ltr'><strong>Judzeis</strong></span> <span class='ocrx_word' id='word_1_682' title='bbox 3123 4167 3414 4232; x_wconf 79' lang='lat' dir='ltr'><strong>imperavit</strong></span> 
     </span>
    </p>
   </div>
   <div class='ocr_carea' id='block_1_98' title="bbox 1839 4256 3414 4326">
    <p class='ocr_par' dir='ltr' id='par_1_98' title="bbox 1839 4256 3414 4326">
     <span class='ocr_line' id='line_1_99' title="bbox 1839 4256 3414 4326; baseline -0.003 -12"><span class='ocrx_word' id='word_1_683' title='bbox 1839 4259 2083 4317; x_wconf 86' lang='lat' dir='ltr'><strong>Herodes</strong></span> <span class='ocrx_word' id='word_1_684' title='bbox 2110 4258 2380 4312; x_wconf 76' lang='lat' dir='ltr'><strong>Idumaeus</strong></span> <span class='ocrx_word' id='word_1_685' title='bbox 2408 4256 2584 4311; x_wconf 82' lang='lat' dir='ltr'><strong>Arabs</strong></span> <span class='ocrx_word' id='word_1_686' title='bbox 2611 4297 2625 4321; x_wconf 92' lang='lat'><strong>,</strong></span> <span class='ocrx_word' id='word_1_687' title='bbox 2662 4258 3011 4326; x_wconf 88' lang='lat' dir='ltr'><strong>primumque</strong></span> <span class='ocrx_word' id='word_1_688' title='bbox 3049 4256 3414 4324; x_wconf 86' lang='lat' dir='ltr'><strong>alienigenam</strong></span> 
     </span>
    </p>
   </div>
   <div class='ocr_carea' id='block_1_99' title="bbox 1837 4346 3411 4420">
    <p class='ocr_par' dir='ltr' id='par_1_99' title="bbox 1837 4346 3411 4420">
     <span class='ocr_line' id='line_1_100' title="bbox 1837 4346 3411 4420; baseline -0.001 -18"><span class='ocrx_word' id='word_1_689' title='bbox 1837 4348 2153 4420; x_wconf 86' lang='lat' dir='ltr'><strong>pontiﬁcem</strong></span> <span class='ocrx_word' id='word_1_690' title='bbox 2185 4347 2470 4401; x_wconf 89' lang='lat' dir='ltr'><strong>constituit</strong></span> <span class='ocrx_word' id='word_1_691' title='bbox 2505 4346 3187 4418; x_wconf 79' lang='lat' dir='ltr'><strong>Ananilum,utJosephus</strong></span> <span class='ocrx_word' id='word_1_692' title='bbox 3206 4355 3411 4400; x_wconf 89' lang='lat' dir='ltr'><strong>narrat.</strong></span> 
     </span>
    </p>
   </div>
   <div class='ocr_carea' id='block_1_100' title="bbox 1913 4437 3416 4507">
    <p class='ocr_par' dir='ltr' id='par_1_100' title="bbox 1913 4437 3416 4507">
     <span class='ocr_line' id='line_1_101' title="bbox 1913 4437 3416 4507; baseline 0.001 -16"><span class='ocrx_word' id='word_1_693' title='bbox 1913 4437 2154 4493; x_wconf 86' lang='lat' dir='ltr'><strong>Herodes</strong></span> <span class='ocrx_word' id='word_1_694' title='bbox 2183 4437 2451 4506; x_wconf 88' lang='lat' dir='ltr'><strong>parricida</strong></span> <span class='ocrx_word' id='word_1_695' title='bbox 2486 4447 2679 4507; x_wconf 84' lang='lat' dir='ltr'><strong>praeter</strong></span> <span class='ocrx_word' id='word_1_696' title='bbox 2704 4438 2902 4491; x_wconf 88' lang='lat' dir='ltr'><strong>multas</strong></span> <span class='ocrx_word' id='word_1_697' title='bbox 2934 4448 3292 4507; x_wconf 87' lang='lat' dir='ltr'><strong>cognatorum</strong></span> <span class='ocrx_word' id='word_1_698' title='bbox 3325 4452 3416 4492; x_wconf 85' lang='lat' dir='ltr'><strong>nc-</strong></span> 
     </span>
    </p>
   </div>
   <div class='ocr_carea' id='block_1_101' title="bbox 1839 4528 3414 4600">
    <p class='ocr_par' dir='ltr' id='par_1_101' title="bbox 1839 4528 3414 4600">
     <span class='ocr_line' id='line_1_102' title="bbox 1839 4528 3414 4600; baseline -0.002 -15"><span class='ocrx_word' id='word_1_699' title='bbox 1839 4545 1933 4586; x_wconf 87' lang='lat' dir='ltr'><strong>ces</strong></span> <span class='ocrx_word' id='word_1_700' title='bbox 1962 4530 2126 4584; x_wconf 88' lang='lat' dir='ltr'><strong>etiam</strong></span> <span class='ocrx_word' id='word_1_701' title='bbox 2167 4528 2474 4600; x_wconf 84' lang='lat' dir='ltr'><strong>Hyrcanum</strong></span> <span class='ocrx_word' id='word_1_702' title='bbox 2511 4529 2804 4593; x_wconf 79' lang='lat' dir='ltr'><strong>interfecit,</strong></span> <span class='ocrx_word' id='word_1_703' title='bbox 2849 4531 3131 4599; x_wconf 90' lang='lat' dir='ltr'><strong>antiquum</strong></span> <span class='ocrx_word' id='word_1_704' title='bbox 3178 4529 3414 4599; x_wconf 86' lang='lat' dir='ltr'><strong>pontiﬁ-</strong></span> 
     </span>
    </p>
   </div>
   <div class='ocr_carea' id='block_1_102' title="bbox 1839 4621 3413 4690">
    <p class='ocr_par' dir='ltr' id='par_1_102' title="bbox 1839 4621 3413 4690">
     <span class='ocr_line' id='line_1_103' title="bbox 1839 4621 3413 4690; baseline -0.001 -14"><span class='ocrx_word' id='word_1_705' title='bbox 1839 4636 1954 4676; x_wconf 89' lang='lat' dir='ltr'><strong>cem</strong></span> <span class='ocrx_word' id='word_1_706' title='bbox 1989 4621 2310 4684; x_wconf 77' lang='lat' dir='ltr'><strong>maximum,</strong></span> <span class='ocrx_word' id='word_1_707' title='bbox 2335 4621 2565 4690; x_wconf 88' lang='lat' dir='ltr'><strong>ejusque</strong></span> <span class='ocrx_word' id='word_1_708' title='bbox 2588 4631 2641 4675; x_wconf 93' lang='lat' dir='ltr'><strong>et</strong></span> <span class='ocrx_word' id='word_1_709' title='bbox 2663 4621 2832 4675; x_wconf 84' lang='lat' dir='ltr'><strong>filium</strong></span> <span class='ocrx_word' id='word_1_710' title='bbox 2871 4631 2925 4675; x_wconf 92' lang='lat' dir='ltr'><strong>et</strong></span> <span class='ocrx_word' id='word_1_711' title='bbox 2959 4636 3413 4690; x_wconf 85' lang='lat' dir='ltr'><strong>sororeni,quam</strong></span> 
     </span>
    </p>
   </div>
   <div class='ocr_carea' id='block_1_103' title="bbox 1840 4713 3413 4782">
    <p class='ocr_par' dir='ltr' id='par_1_103' title="bbox 1840 4713 3413 4782">
     <span class='ocr_line' id='line_1_104' title="bbox 1840 4713 3413 4782; baseline 0.001 -16"><span class='ocrx_word' id='word_1_712' title='bbox 1840 4714 1956 4782; x_wconf 89' lang='lat' dir='ltr'><strong>ipse</strong></span> <span class='ocrx_word' id='word_1_713' title='bbox 1978 4727 2202 4766; x_wconf 78' lang='lat' dir='ltr'><strong>uxorein</strong></span> <span class='ocrx_word' id='word_1_714' title='bbox 2225 4713 2476 4777; x_wconf 85' lang='lat' dir='ltr'><strong>habebat,</strong></span> <span class='ocrx_word' id='word_1_715' title='bbox 2507 4714 2634 4767; x_wconf 87' lang='lat' dir='ltr'><strong>item</strong></span> <span class='ocrx_word' id='word_1_716' title='bbox 2651 4714 2791 4766; x_wconf 88' lang='lat' dir='ltr'><strong>duos</strong></span> <span class='ocrx_word' id='word_1_717' title='bbox 2816 4714 2956 4768; x_wconf 87' lang='lat' dir='ltr'><strong>ﬁlios</strong></span> <span class='ocrx_word' id='word_1_718' title='bbox 2985 4714 3095 4782; x_wconf 90' lang='lat' dir='ltr'><strong>jam</strong></span> <span class='ocrx_word' id='word_1_719' title='bbox 3109 4714 3175 4767; x_wconf 74' lang='lat' dir='ltr'><strong>ad</strong></span> <span class='ocrx_word' id='word_1_720' title='bbox 3198 4713 3413 4768; x_wconf 79' lang='lat' dir='ltr'><strong>virilem</strong></span> 
     </span>
    </p>
   </div>
   <div class='ocr_carea' id='block_1_104' title="bbox 1834 4804 3414 4872">
    <p class='ocr_par' dir='ltr' id='par_1_104' title="bbox 1834 4804 3414 4872">
     <span class='ocr_line' id='line_1_105' title="bbox 1834 4804 3414 4872; baseline 0.001 -14"><span class='ocrx_word' id='word_1_721' title='bbox 1834 4811 2048 4859; x_wconf 69' lang='lat' dir='ltr'><strong>aetatem</strong></span> <span class='ocrx_word' id='word_1_722' title='bbox 2097 4813 2406 4872; x_wconf 85' lang='lat' dir='ltr'><strong>provectos,</strong></span> <span class='ocrx_word' id='word_1_723' title='bbox 2461 4819 2703 4867; x_wconf 88' lang='lat' dir='ltr'><strong>socrum,</strong></span> <span class='ocrx_word' id='word_1_724' title='bbox 2751 4804 2998 4859; x_wconf 89' lang='lat' dir='ltr'><strong>Salomes</strong></span> <span class='ocrx_word' id='word_1_725' title='bbox 3039 4820 3151 4860; x_wconf 68' lang='lat' dir='ltr'><strong>suae</strong></span> <span class='ocrx_word' id='word_1_726' title='bbox 3204 4806 3414 4860; x_wconf 76' lang='lat' dir='ltr'><strong>sororis</strong></span> 
     </span>
    </p>
   </div>
   <div class='ocr_carea' id='block_1_105' title="bbox 1838 4892 3414 4964">
    <p class='ocr_par' dir='ltr' id='par_1_105' title="bbox 1838 4892 3414 4964">
     <span class='ocr_line' id='line_1_106' title="bbox 1838 4892 3414 4964; baseline 0.003 -19"><span class='ocrx_word' id='word_1_727' title='bbox 1838 4892 2120 4956; x_wconf 84' lang='lat' dir='ltr'><strong>maritum,</strong></span> <span class='ocrx_word' id='word_1_728' title='bbox 2156 4907 2220 4945; x_wconf 90' lang='lat' dir='ltr'><strong>ac</strong></span> <span class='ocrx_word' id='word_1_729' title='bbox 2251 4908 2445 4948; x_wconf 89' lang='lat' dir='ltr'><strong>rursus</strong></span> <span class='ocrx_word' id='word_1_730' title='bbox 2473 4894 2704 4948; x_wconf 88' lang='lat' dir='ltr'><strong>alterum</strong></span> <span class='ocrx_word' id='word_1_731' title='bbox 2738 4909 2988 4964; x_wconf 90' lang='lat' dir='ltr'><strong>cumquo</strong></span> <span class='ocrx_word' id='word_1_732' title='bbox 3020 4896 3107 4949; x_wconf 89' lang='lat' dir='ltr'><strong>illa</strong></span> <span class='ocrx_word' id='word_1_733' title='bbox 3138 4899 3414 4950; x_wconf 86' lang='lat' dir='ltr'><strong>secundas</strong></span> 
     </span>
    </p>
   </div>
   <div class='ocr_carea' id='block_1_106' title="bbox 1835 4983 3410 5057">
    <p class='ocr_par' dir='ltr' id='par_1_106' title="bbox 1835 4983 3410 5057">
     <span class='ocr_line' id='line_1_107' title="bbox 1835 4983 3410 5057; baseline 0.004 -20"><span class='ocrx_word' id='word_1_734' title='bbox 1835 4983 2058 5052; x_wconf 88' lang='lat' dir='ltr'><strong>nuptias</strong></span> <span class='ocrx_word' id='word_1_735' title='bbox 2084 4983 2308 5038; x_wconf 87' lang='lat' dir='ltr'><strong>fecerat.</strong></span> <span class='ocrx_word' id='word_1_736' title='bbox 2327 4985 2549 5039; x_wconf 86' lang='lat' dir='ltr'><strong>Addidit</strong></span> <span class='ocrx_word' id='word_1_737' title='bbox 2569 4997 2620 5040; x_wconf 89' lang='lat' dir='ltr'><strong>et</strong></span> <span class='ocrx_word' id='word_1_738' title='bbox 2643 4985 2841 5040; x_wconf 75' lang='lat' dir='ltr'><strong>divina:</strong></span> <span class='ocrx_word' id='word_1_739' title='bbox 2870 4987 3005 5057; x_wconf 85' lang='lat' dir='ltr'><strong>legis</strong></span> <span class='ocrx_word' id='word_1_740' title='bbox 3038 4997 3410 5056; x_wconf 87' lang='lat' dir='ltr'><strong>enarratores,</strong></span> 
     </span>
    </p>
   </div>
   <div class='ocr_carea' id='block_1_107' title="bbox 1836 5076 3409 5148">
    <p class='ocr_par' dir='ltr' id='par_1_107' title="bbox 1836 5076 3409 5148">
     <span class='ocr_line' id='line_1_108' title="bbox 1836 5076 3409 5148; baseline 0.001 -17"><span class='ocrx_word' id='word_1_741' title='bbox 1836 5086 1889 5132; x_wconf 88' lang='lat' dir='ltr'><strong>et</strong></span> <span class='ocrx_word' id='word_1_742' title='bbox 1915 5076 2004 5145; x_wconf 91' lang='lat' dir='ltr'><strong>qui</strong></span> <span class='ocrx_word' id='word_1_743' title='bbox 2030 5077 2239 5147; x_wconf 90' lang='lat' dir='ltr'><strong>patrios</strong></span> <span class='ocrx_word' id='word_1_744' title='bbox 2267 5078 2405 5132; x_wconf 88' lang='lat' dir='ltr'><strong>ritus</strong></span> <span class='ocrx_word' id='word_1_745' title='bbox 2426 5079 2921 5148; x_wconf 88' lang='lat' dir='ltr'><strong>amplectebantur.</strong></span> <span class='ocrx_word' id='word_1_746' title='bbox 2943 5078 3214 5136; x_wconf 83' lang='lat' dir='ltr'><strong>Divinitus</strong></span> <span class='ocrx_word' id='word_1_747' title='bbox 3231 5088 3409 5136; x_wconf 87' lang='lat' dir='ltr'><strong>autem</strong></span> 
     </span>
    </p>
   </div>
   <div class='ocr_carea' id='block_1_108' title="bbox 1835 5170 3410 5242">
    <p class='ocr_par' dir='ltr' id='par_1_108' title="bbox 1835 5170 3410 5242">
     <span class='ocr_line' id='line_1_109' title="bbox 1835 5170 3410 5242; baseline 0.003 -20"><span class='ocrx_word' id='word_1_748' title='bbox 1835 5185 1973 5237; x_wconf 91' lang='lat' dir='ltr'><strong>aqua</strong></span> <span class='ocrx_word' id='word_1_749' title='bbox 2022 5174 2292 5224; x_wconf 84' lang='lat' dir='ltr'><strong>intercute</strong></span> <span class='ocrx_word' id='word_1_750' title='bbox 2321 5170 2544 5238; x_wconf 91' lang='lat' dir='ltr'><strong>punitus</strong></span> <span class='ocrx_word' id='word_1_751' title='bbox 2567 5210 2582 5234; x_wconf 93' lang='lat'><strong>,</strong></span> <span class='ocrx_word' id='word_1_752' title='bbox 2626 5172 3043 5242; x_wconf 85' lang='lat' dir='ltr'><strong>erumpentibus</strong></span> <span class='ocrx_word' id='word_1_753' title='bbox 3083 5188 3150 5227; x_wconf 81' lang='lat' dir='ltr'><strong>ex</strong></span> <span class='ocrx_word' id='word_1_754' title='bbox 3180 5187 3410 5242; x_wconf 90' lang='lat' dir='ltr'><strong>corpore</strong></span> 
     </span>
    </p>
   </div>
   <div class='ocr_carea' id='block_1_109' title="bbox 1836 5262 3410 5334">
    <p class='ocr_par' dir='ltr' id='par_1_109' title="bbox 1836 5262 3410 5334">
     <span class='ocr_line' id='line_1_110' title="bbox 1836 5262 3410 5334; baseline 0.001 -16"><span class='ocrx_word' id='word_1_755' title='bbox 1836 5262 1958 5331; x_wconf 88' lang='lat' dir='ltr'><strong>ejus</strong></span> <span class='ocrx_word' id='word_1_756' title='bbox 2019 5263 2342 5329; x_wconf 88' lang='lat' dir='ltr'><strong>vermibus,</strong></span> <span class='ocrx_word' id='word_1_757' title='bbox 2404 5265 2745 5334; x_wconf 84' lang='lat' dir='ltr'><strong>gravissimis</strong></span> <span class='ocrx_word' id='word_1_758' title='bbox 2795 5266 3078 5320; x_wconf 79' lang='lat' dir='ltr'><strong>doloribus</strong></span> <span class='ocrx_word' id='word_1_759' title='bbox 3129 5267 3410 5320; x_wconf 87' lang='lat' dir='ltr'><strong>cruciatus</strong></span> 
     </span>
    </p>
   </div>
   <div class='ocr_carea' id='block_1_110' title="bbox 1837 5356 2014 5424">
    <p class='ocr_par' dir='ltr' id='par_1_110' title="bbox 1837 5356 2014 5424">
     <span class='ocr_line' id='line_1_111' title="bbox 1837 5356 2014 5424; baseline -0.006 -15"><span class='ocrx_word' id='word_1_760' title='bbox 1837 5356 2014 5424; x_wconf 91' lang='lat' dir='ltr'><strong>periit.</strong></span> 
     </span>
    </p>
   </div>
   <div class='ocr_carea' id='block_1_111' title="bbox 1309 5443 2311 5504">
    <p class='ocr_par' dir='ltr' id='par_1_111' title="bbox 1309 5443 2311 5504">
     <span class='ocr_line' id='line_1_112' title="bbox 1309 5443 2311 5504; baseline 0.002 -4"><span class='ocrx_word' id='word_1_761' title='bbox 1309 5443 1662 5500; x_wconf 79' lang='lat' dir='ltr'><strong>XYLANDRI</strong></span> <span class='ocrx_word' id='word_1_762' title='bbox 1721 5445 1809 5501; x_wconf 79' lang='lat' dir='ltr'><strong>ET</strong></span> <span class='ocrx_word' id='word_1_763' title='bbox 1849 5447 2060 5502; x_wconf 81' lang='lat' dir='ltr'><strong>GOAHI</strong></span> <span class='ocrx_word' id='word_1_764' title='bbox 2083 5447 2311 5504; x_wconf 76' lang='grc' dir='ltr'><strong>ΝΟΤᾸΞ.</strong></span> 
     </span>
    </p>
   </div>
   <div class='ocr_carea' id='block_1_112' title="bbox 226 5531 1728 5604">
    <p class='ocr_par' dir='ltr' id='par_1_112' title="bbox 226 5531 1728 5604">
     <span class='ocr_line' id='line_1_113' title="bbox 226 5531 1728 5604; baseline 0.005 -18"><span class='ocrx_word' id='word_1_765' title='bbox 226 5533 342 5604; x_wconf 74' lang='lat'><strong>(31)</strong></span> <span class='ocrx_word' id='word_1_766' title='bbox 401 5531 698 5588; x_wconf 86' lang='lat' dir='ltr'><strong>Oraculum</strong></span> <span class='ocrx_word' id='word_1_767' title='bbox 754 5533 857 5588; x_wconf 93' lang='lat' dir='ltr'><strong>hoc</strong></span> <span class='ocrx_word' id='word_1_768' title='bbox 912 5535 1191 5602; x_wconf 86' lang='lat' dir='ltr'><strong>mendose,</strong></span> <span class='ocrx_word' id='word_1_769' title='bbox 1243 5546 1302 5591; x_wconf 94' lang='lat' dir='ltr'><strong>ut</strong></span> <span class='ocrx_word' id='word_1_770' title='bbox 1379 5539 1558 5590; x_wconf 90' lang='lat' dir='ltr'><strong>omnia</strong></span> <span class='ocrx_word' id='word_1_771' title='bbox 1628 5539 1728 5594; x_wconf 89' lang='lat' dir='ltr'><strong>alia</strong></span> 
     </span>
    </p>
   </div>
   <div class='ocr_carea' id='block_1_113' title="bbox 160 5605 1734 5677">
    <p class='ocr_par' dir='ltr' id='par_1_113' title="bbox 160 5605 1734 5677">
     <span class='ocr_line' id='line_1_114' title="bbox 160 5605 1734 5677; baseline 0.003 -19"><span class='ocrx_word' id='word_1_772' title='bbox 160 5605 740 5677; x_wconf 32' lang='grc' dir='ltr'><strong>ωόιιιιΙειᾎιξιιιῆριιιιιι.Δ</strong></span> <span class='ocrx_word' id='word_1_773' title='bbox 767 5613 876 5677; x_wconf 68' lang='grc' dir='ltr'><strong>εει.</strong></span> <span class='ocrx_word' id='word_1_774' title='bbox 904 5605 1148 5660; x_wconf 89' lang='lat' dir='ltr'><strong>Primum</strong></span> <span class='ocrx_word' id='word_1_775' title='bbox 1187 5623 1402 5662; x_wconf 82' lang='lat' dir='ltr'><strong>versum</strong></span> <span class='ocrx_word' id='word_1_776' title='bbox 1465 5608 1544 5662; x_wconf 91' lang='lat' dir='ltr'><strong>sic</strong></span> <span class='ocrx_word' id='word_1_777' title='bbox 1591 5608 1734 5677; x_wconf 82' lang='lat' dir='ltr'><strong>lege-</strong></span> 
     </span>
    </p>
   </div>
   <div class='ocr_carea' id='block_1_114' title="bbox 163 5671 1730 5746">
    <p class='ocr_par' dir='ltr' id='par_1_114' title="bbox 163 5671 1730 5746">
     <span class='ocr_line' id='line_1_115' title="bbox 163 5671 1730 5746; baseline 0.003 -21"><span class='ocrx_word' id='word_1_778' title='bbox 163 5686 291 5736; x_wconf 81' lang='lat' dir='ltr'><strong>rem,</strong></span> <span class='ocrx_word' id='word_1_779' title='bbox 344 5671 630 5746; x_wconf 63' lang='grc' dir='ltr'><strong>ΔἙϐραῖος</strong></span> <span class='ocrx_word' id='word_1_780' title='bbox 659 5671 985 5746; x_wconf 20' lang='grc' dir='ltr'><strong>κέλεταίλμι</strong></span> <span class='ocrx_word' id='word_1_781' title='bbox 1022 5680 1148 5737; x_wconf 86' lang='grc' dir='ltr'><strong>παῖς</strong></span> <span class='ocrx_word' id='word_1_782' title='bbox 1178 5677 1538 5746; x_wconf 4' lang='grc' dir='ltr'><strong>,μακάρεσσιν</strong></span> <span class='ocrx_word' id='word_1_783' title='bbox 1559 5671 1730 5730; x_wconf 75' lang='grc' dir='ltr'><strong>ἀνάσ-</strong></span> 
     </span>
    </p>
   </div>
   <div class='ocr_carea' id='block_1_115' title="bbox 1841 5540 3406 5610">
    <p class='ocr_par' dir='ltr' id='par_1_115' title="bbox 1841 5540 3406 5610">
     <span class='ocr_line' id='line_1_116' title="bbox 1841 5540 3406 5610; baseline -0.002 -16"><span class='ocrx_word' id='word_1_784' title='bbox 1841 5540 2064 5595; x_wconf 83' lang='lat' dir='ltr'><strong>Suidam</strong></span> <span class='ocrx_word' id='word_1_785' title='bbox 2120 5543 2174 5595; x_wconf 91' lang='lat' dir='ltr'><strong>in</strong></span> <span class='ocrx_word' id='word_1_786' title='bbox 2233 5540 2559 5610; x_wconf 71' lang='grc' dir='ltr'><strong>Αὔγουστος.</strong></span> <span class='ocrx_word' id='word_1_787' title='bbox 2625 5540 2719 5597; x_wconf 88' lang='lat' dir='ltr'><strong>ubi</strong></span> <span class='ocrx_word' id='word_1_788' title='bbox 2777 5557 2874 5610; x_wconf 92' lang='lat' dir='ltr'><strong>pro</strong></span> <span class='ocrx_word' id='word_1_789' title='bbox 2931 5541 3108 5595; x_wconf 87' lang='grc' dir='ltr'><strong>ἀοιδόν</strong></span> <span class='ocrx_word' id='word_1_790' title='bbox 3149 5541 3266 5605; x_wconf 72' lang='lat' dir='ltr'><strong>lege</strong></span> <span class='ocrx_word' id='word_1_791' title='bbox 3316 5541 3406 5593; x_wconf 78' lang='grc' dir='ltr'><strong>ἄϊ-</strong></span> 
     </span>
    </p>
   </div>
   <div class='ocr_carea' id='block_1_116' title="bbox 1838 5610 3408 5681">
    <p class='ocr_par' dir='ltr' id='par_1_116' title="bbox 1838 5610 3408 5681">
     <span class='ocr_line' id='line_1_117' title="bbox 1838 5610 3408 5681; baseline 0.004 -20"><span class='ocrx_word' id='word_1_792' title='bbox 1838 5611 1956 5672; x_wconf 85' lang='grc' dir='ltr'><strong>δος;</strong></span> <span class='ocrx_word' id='word_1_793' title='bbox 2009 5612 2345 5681; x_wconf 16' lang='grc' dir='ltr'><strong>υιννὶάειιιιιι·</strong></span> <span class='ocrx_word' id='word_1_794' title='bbox 2401 5613 2503 5681; x_wconf 86' lang='lat' dir='ltr'><strong>legi</strong></span> <span class='ocrx_word' id='word_1_795' title='bbox 2555 5627 2725 5681; x_wconf 78' lang='lat' dir='ltr'><strong>posse</strong></span> <span class='ocrx_word' id='word_1_796' title='bbox 2757 5624 3054 5681; x_wconf 87' lang='lat' dir='ltr'><strong>utrumque</strong></span> <span class='ocrx_word' id='word_1_797' title='bbox 3116 5611 3268 5666; x_wconf 77' lang='grc' dir='ltr'><strong>τόνδε</strong></span> <span class='ocrx_word' id='word_1_798' title='bbox 3322 5610 3408 5681; x_wconf 67' lang='grc' dir='ltr'><strong>βό-</strong></span> 
     </span>
    </p>
   </div>
   <div class='ocr_carea' id='block_1_117' title="bbox 1843 5678 3408 5750">
    <p class='ocr_par' dir='ltr' id='par_1_117' title="bbox 1843 5678 3408 5750">
     <span class='ocr_line' id='line_1_118' title="bbox 1843 5678 3408 5750; baseline 0.002 -18"><span class='ocrx_word' id='word_1_799' title='bbox 1843 5697 1942 5748; x_wconf 86' lang='grc' dir='ltr'><strong>μον</strong></span> <span class='ocrx_word' id='word_1_800' title='bbox 1973 5680 2258 5750; x_wconf 84' lang='grc' dir='ltr'><strong>προλιπεῖν</strong></span> <span class='ocrx_word' id='word_1_801' title='bbox 2301 5683 2396 5734; x_wconf 73' lang='grc' dir='ltr'><strong>καὶ</strong></span> <span class='ocrx_word' id='word_1_802' title='bbox 2455 5678 2600 5746; x_wconf 77' lang='grc' dir='ltr'><strong>ἇῖδός</strong></span> <span class='ocrx_word' id='word_1_803' title='bbox 2663 5678 2822 5746; x_wconf 82' lang='grc' dir='ltr'><strong>αὖθις</strong></span> <span class='ocrx_word' id='word_1_804' title='bbox 2890 5678 3122 5737; x_wconf 82' lang='grc' dir='ltr'><strong>ἱκέσθαι.</strong></span> <span class='ocrx_word' id='word_1_805' title='bbox 3187 5679 3408 5736; x_wconf 80' lang='lat' dir='ltr'><strong>Tertius</strong></span> 
     </span>
    </p>
   </div>
   <div class='ocr_carea' id='block_1_118' title="bbox 163 5740 2342 5818">
    <p class='ocr_par' dir='ltr' id='par_1_118' title="bbox 163 5740 2342 5818">
     <span class='ocr_line' id='line_1_119' title="bbox 163 5740 2342 5818; baseline 0.004 -23"><span class='ocrx_word' id='word_1_806' title='bbox 163 5757 288 5797; x_wconf 74' lang='grc' dir='ltr'><strong>συν.</strong></span> <span class='ocrx_word' id='word_1_807' title='bbox 341 5740 452 5800; x_wconf 83' lang='lat' dir='ltr'><strong>Sed</strong></span> <span class='ocrx_word' id='word_1_808' title='bbox 477 5740 681 5799; x_wconf 73' lang='lat' dir='ltr'><strong>caetera</strong></span> <span class='ocrx_word' id='word_1_809' title='bbox 719 5743 859 5799; x_wconf 90' lang='lat' dir='ltr'><strong>male</strong></span> <span class='ocrx_word' id='word_1_810' title='bbox 893 5740 1112 5803; x_wconf 83' lang='lat' dir='ltr'><strong>habent.</strong></span> <span class='ocrx_word' id='word_1_811' title='bbox 1143 5740 1338 5804; x_wconf 80' lang='lat' dir='ltr'><strong>Videre</strong></span> <span class='ocrx_word' id='word_1_812' title='bbox 1357 5740 1519 5818; x_wconf 79' lang='lat' dir='ltr'><strong>potes</strong></span> <span class='ocrx_word' id='word_1_813' title='bbox 1555 5749 1718 5802; x_wconf 88' lang='lat' dir='ltr'><strong>etiam</strong></span> <span class='ocrx_word' id='word_1_814' title='bbox 1753 5779 1756 5782; x_wconf 81' lang='lat'><strong><em>~</em></strong></span> <span class='ocrx_word' id='word_1_815' title='bbox 1829 5740 2056 5806; x_wconf 77' lang='lat' dir='ltr'><strong>mancus</strong></span> <span class='ocrx_word' id='word_1_816' title='bbox 2087 5761 2187 5807; x_wconf 88' lang='lat' dir='ltr'><strong>est.</strong></span> <span class='ocrx_word' id='word_1_817' title='bbox 2213 5751 2342 5804; x_wconf 72' lang='grc' dir='ltr'><strong>Χιι..</strong></span> 
     </span>
    </p>
   </div>
  </div>
