4214 6448
229 440 337 505 361

1330 416 1875 483 HISTORIARUM
1905 415 2439 479 COMPENDIUM.

3392 408 3500 472 362

225 545 406 606 οὗτος
437 545 493 598 δὲ
537 539 604 611 ἦν
651 539 895 610 Ἡρώδης
943 538 971 590 6
999 534 1366 605 Ἀντιπάτρου
1411 535 1506 587 τοῦ
1539 534 1819 586 Ἀσκαλω-

1924 528 2309 599 appetentibus
2336 525 2650 582 Judamrum
2689 522 2743 577 in
2789 521 3162 579 sacerdotium
3189 527 3243 576 et
3276 534 3503 591 regnum

229 643 388 691 νξτου
410 636 536 693 παῖς
560 632 655 686 καὶ
686 627 892 700 μητρὸς
915 625 1191 697 Κύπριδος
1219 623 1570 692 ⁸Δρα61σσης.
1603 620 1738 674 Καθ’
1759 622 1816 674 δν

1921 621 2202 676 successio
2234 618 2490 683 cessavit,
2517 616 2740 688 impleto
2765 615 2952 670 Jacobi
2977 613 3256 669 vaticinio.

227 730 432 797 καιρὸν
464 727 562 795 τῆς
593 722 831 795 Χριστοῦ
867 723 1176 791 γεννήσεως
1227 717 1699 790 πλησιαζούσης-ἠ
1751 721 1815 770 ἐκ
1889 717 2170 787 προγόνων
2222 717 2443 786 διαδοχὴ
2511 712 2894 786 ἀρχιερωσύνη
2951 729 3010 764 τε
3055 712 3152 765 καὶ
3197 710 3342 784 ἀρχὴ
3396 707 3506 763 τῶν

241 817 518 873 Ἰουδαίων
567 813 862 883 κατελύθη,
911 809 1413 881 συμπληρουμένης
1454 807 1572 877 τῆς.
1603 807 1939 879 προςεητείας
1987 805 2196 860 Ἰακώϐ.

321 910 483 979 Ἑξῆς
503 910 562 962 δὲ
583 909 611 959 6
641 907 841 976 Δανιὴλ
877 903 1212 975 προφητεύει
1245 901 1451 968 λέγων·
1495 919 1512 951 ι
1540 900 1648 953 Καὶ
1679 901 1818 970 μετὰ

236 1020 333 1062 τις
360 1003 628 1070 ἐξήκοντα
663 997 758 1050 δύο
795 994 1096 1064 ἐὸδομάδας
1139 992 1402 1063 ἐξολοθρ.ι
1438 992 1654 1062 λήσεται
1685 992 1811 1061 χρί-

234 1111 374 1152 ctu.
405 1092 500 1144 καὶ
531 1092 705 1160 κρῖμα
733 1088 828 1140 οδε
867 1085 1022 1140 ἔσται
1052 1087 1110 1139 ἐν
1137 1082 1310 1152 αὐτῷ,
1340 1083 1516 1136 καὶτὸ
1552 1083 1694 1150 ἱερὸν
1724 1078 1821 1132 καὶ

229 1204 288 1235 τί
332 1186 491 1248 ἅγιον
530 1181 814 1250 διαφθερετ
851 1178 974 1240 λαὸς
1023 1173 1330 1246 ἡγουμένου
1379 1171 1697 1243 ἐρχομένου,
1726 1172 1818 1223 καὶ

233 1280 578 1344 κοπήσονται
627 1278 684 1324 ἐν
740 1270 1114 1339 κατακλυσμῷ
1162 1267 1424 1338 πολέμου.
1477 1286 1496 1318 ι
1547 1267 1655 1318 Καὶ
1694 1264 1819 1332 ἑξῆς

234 1371 324 1437 ιε».
356 1367 486 1438 185]
519 1381 673 1435 φησιο
704 1383 722 1416 ι
751 1364 857 1418 Καὶ
883 1364 974 1414 ἐπὶ
1000 1362 1061 1414 τὸ
1094 1359 1238 1432 ἱερὸν
1256 1359 1536 1430 βδέλυγμα
1569 1356 1665 1424 τῆς
1694 1360 1818 1425 ἐρη-

237 1465 495 1529 μώσεως,
538 1461 634 1511 καὶ
691 1460 796 1520 ἓως
832 1453 1145 1518 συντελείας
1175 1452 1368 1524 καιροῦ
1413 1449 1692 1502 συντέλεια
1731 1449 1816 1500 δο-

231 1554 471 1619 θήσεται
525 1552 652 1622 περὶ
690 1550 790 1618 τὴν
825 1548 1128 1616 ἐρήμωσιν.
1162 1564 1181 1598 ι
1216 1544 1293 1598 T6
1326 1542 1384 1594 δὲ
1433 1539 1819 1610 ἐξολοθρευθὴ-

232 1644 431 1696 σεσθαι
459 1644 695 1711 χρίσμα,
729 1643 823 1695 καὶ
859 1643 1030 1711 κρῖμα
1056 1640 1130 1709 μὴ
1170 1633 1310 1691 εἶναι
1339 1637 1397 1688 ἐν
1437 1633 1585 1704 αὐτῷ
1616 1634 1715 1702 τήν
1758 1648 1818 1683 τε

233 1737 401 1788 πόλιν
436 1736 530 1788 καὶ
561 1736 621 1787 τὸ
671 1734 825 1802 ἅγιον
863 1729 1340 1801 διαφθαρήσεσθαι
1382 1727 1552 1797 δηλοῖ.
1585 1724 1815 1778 Δύναται

227 1829 290 1882 δὲ
321 1826 586 1896 νοηθῆναι
635 1825 794 1878 τοῦτο
844 1825 936 1878 ἐπὶ
969 1822 1063 1876 τοῦ
1095 1821 1334 1890 Χριστοῦ
1358 1836 1370 1850 '
1422 1818 1670 1880 ἐλθόντος
1712 1815 1816 1886 γὰρ

228 1919 409 1972 αὑτοῦ
432 1920 509 1981 είς
539 1919 638 1987 τὴν
665 1917 759 1970 τοῦ
784 1917 972 1978 ἔθνους
997 1915 1292 1984 σωτηρίαν,
1311 1911 1398 1966 διὰ
1419 1912 1517 1982 τὴν
1553 1913 1634 1972 είς
1657 1908 1819 1961 αὑτὸν

235 2009 596 2080 παρανομίαν
631 2010 721 2059 καὶ
755 2005 918 2077 ῦδριν
941 2005 975 2076 ἦ
1001 2023 1058 2058 τε
1085 2003 1350 2076 ἱερωσύνη
1384 2003 1566 2064 αὐτοῖς
1591 1998 1820 2053 καθόλου

233 2101 334 2153 καὶ
356 2102 385 2152 6
411 2097 684 2166 ἁγιασμὸς
706 2095 802 2150 καὶ
819 2098 853 2168 ἡ
874 2095 1029 2158 πόλις
1050 2091 1443 2164 ἀντανῄρηται.
1476 2089 1623 2153 Μιᾶς
1644 2087 1697 2140 δὲ
1729 2085 1819 2139 οὕ·-

235 2207 339 2260 σης
363 2187 658 2257 ἑϐδομάδος
675 2189 812 2259 πρὸς
830 2187 928 2256 τὴν
945 2186 1051 2239 τῶν
1072 2193 1113 2238 ο¹
1133 2183 1552 2253 συμπλήρωσιν,
1571 2180 1630 2231 τὸ
1647 2180 1817 2247 ἥμισυ

241 2282 346 2348 μὲν
372 2279 541 2348 αὐτῆς
570 2279 599 2328 6
626 2277 720 2330 τοῦ
748 2293 1106 2346 κηρύγματος
1137 2272 1231 2325 τοῦ
1268 2271 1601 2338 Εύαγγελίου
1631 2269 1819 2332 νενοή-

239 2374 358 2426 σθω
385 2373 598 2442 χρόνος.
619 2369 780 2439 Τρισὶ
806 2369 914 2438 γὰρ
937 2367 1084 2419 ἔτεσι
1118 2367 1213 2419 καὶ
1241 2365 1429 2434 ἡμίσει
1453 2363 1514 2414 τὸ
1539 2362 1698 2430 ἔργον
1728 2359 1819 2410 τοῦ

236 2461 456 2528 [ἰατρὸς
492 2456 872 2528 πεπληρωκὼς
909 2457 938 2508 6
968 2455 1278 2523 Μονογενὴς
1308 2451 1613 2519 ἀνελήφθη.
1653 2448 1820 2499 Πνεῦ-

239 2569 375 2619 ματι
417 2549 473 2601 δὲ
525 2548 664 2617 ἁγίῳ
711 2545 837 2608 τοὺς
891 2545 1082 2612 ἁγίους
1130 2541 1420 2611 ἐμπλήσας
1459 2539 1702 2609 μαθητὰς
1736 2537 1822 2590 ἐπ’

233 2641 424 2702 ἄλλοις
482 2640 663 2706 τρισὶν
716 2637 895 2688 ἐτεσιν
948 2634 1044 2687 καὶ
1081 2633 1272 2702 ἡμίσει
1327 2634 1406 2692 είς
1468 2630 1822 2701 Ἰερουσαλὴμ

235 2731 654 2801 παρακατεῖχεν
682 2727 902 2790 αὐτοὺς,
939 2725 1074 2796 ὁμοῦ
1126 2726 1225 2794 μὲν
1260 2723 1397 2793 πρὸς
1433 2724 1524 2775 τὸν
1565 2723 1821 2790 μέγιστοι

235 2819 407 2878 ἆθλον
430 2823 525 2875 καὶ
554 2821 647 2873 τὸν
677 2819 786 2873 τῶν
810 2818 982 2871 ἐθνῶν
1012 2817 1234 2877 τούτους
1254 2814 1442 2882 ἀγῶνα
1472 2831 1823 2882 παρασκευα-

234 2913 496 2983 ζόμενος,
521 2911 657 2982 ὁμοῦ
687 2911 744 2963 δὲ
766 2909 861 2962 καὶ
894 2908 1018 2967 τοὺς
1058 2910 1136 2969 είς
1170 2908 1315 2973 ζωὴν
1357 2907 1724 2975 τεταγμένους
1760 2908 1824 2957 ἐκ

233 3005 334 3058 τοῦ
365 3005 553 3065 ἔθνους
577 3002 663 3055 διὰ
705 3001 944 3061 πίστεως
975 2998 1549 3067 προσλαμϐανόμενος,
1587 2999 1677 3048 καὶ
1716 2997 1822 3045 τῶν

235 3094 415 3148 σκιῶν
437 3094 535 3147 καὶ
551 3092 658 3146 τῶν
678 3091 865 3145 τύπων
879 3091 976 3160 τῆς
999 3090 1237 3150 Παλαιᾶς
1264 3088 1537 3157 Διαθήκης
1556 3087 1819 3154 ἀεριςτῶν,

235 3188 333 3239 καὶ
357 3187 427 3256 τῇ
460 3183 690 3255 ἀληθείᾳ
719 3181 812 3236 τοῦ
850 3181 1181 3248 Εύαγγελίου
1211 3181 1303 3233 καὶ
1333 3182 1430 3248 τῆς
1463 3180 1670 3246 Καινῆς
1701 3181 1825 3230 Δια-

1995 898 2253 955 Danielus
2279 913 2444 968 porro
2461 898 2534 953 ita
2560 895 2844 969 praedicit:
2881 912 2900 947 ι
2919 892 3050 949 Post
3079 893 3147 948 6%
3174 895 3506 963 septimanas

1926 991 2229 1046 abolebitur
2243 990 2429 1044 unctio
2444 1003 2622 1058 neque
2633 989 2737 1044 erit
2746 986 3017 1057 judicium
3033 1005 3048 1051 ;
3065 993 3171 1040 tem
3181 987 3435 1056 piumque
3445 995 3506 1042 et

1925 1084 2224 1138 sacrarium
2251 1089 2672 1150 corrumpentur
2692 1094 2721 1132 a
2744 1078 2966 1149 populo,
2981 1093 3107 1134 cum
3132 1078 3242 1132 dux
3263 1075 3502 1132 advene-

1927 1179 1996 1230 rit
2020 1193 2035 1242 ;
2063 1176 2450 1245 caedenturque
2473 1171 2831 1228 inundatione
2849 1170 2975 1225 belli
2995 1171 3065 1223 ".
3091 1189 3110 1220 ι
3137 1168 3230 1224 His
3247 1167 3399 1224 addit
3418 1169 3466 1200 "
3490 1185 3503 1222 :

1930 1286 1947 1318 ι
1979 1269 2040 1319 Et
2074 1269 2128 1321 in
2152 1268 2413 1334 templum
2449 1262 2816 1319 abominabile
2840 1262 3120 1317 vastitatis
3139 1263 3381 1332 signum.
3417 1259 3503 1323 Et,

1923 1361 2051 1411 dum
2085 1367 2300 1428 tempus
2335 1355 2663 1426 implebitur,
2684 1354 2927 1412 vastitati
2975 1354 3376 1408 consummatio
3408 1352 3505 1405 da-

1926 1452 2091 1504 bitur.
2119 1468 2139 1503 ι
2175 1449 2328 1516 Quod
2357 1450 2673 1504 unctionem
2692 1448 2954 1502 abolitum
2977 1447 3041 1500 iri
3066 1461 3246 1517 neque
3263 1447 3318 1500 in
3338 1444 3502 1516 325

1927 1543 2061 1597 urbe
2087 1540 2489 1610 forcjudicium
2520 1542 2617 1604 ait,
2655 1538 2707 1594 id
2740 1539 2892 1595 urbis
2922 1554 2986 1593 ac
3018 1539 3201 1609 templi
3228 1538 3505 1594 excidium

1923 1633 2166 1688 denotat.
2214 1633 2402 1687 Potest
2447 1632 2610 1685 etiam
2656 1630 2723 1685 de
2773 1631 2997 1687 Christo
3055 1631 3325 1702 intelligi:
3373 1645 3503 1686 cum

1925 1728 2068 1781 enim
2096 1726 2142 1779 is
2162 1724 2226 1778 ad
2256 1725 2489 1781 salutem
2515 1723 2716 1794 pepulo
2741 1737 2843 1778 suo
2860 1724 3219 1794 reparandum
3238 1724 3503 1788 venisset,

1929 1819 2018 1872 hic
2042 1818 2185 1887 quod
2216 1834 2338 1873 eum
2371 1818 2637 1885 injuriose
2661 1831 2724 1870 ac
2751 1830 2845 1885 per
2861 1815 3252 1870 contumeliam
3285 1799 3508 1869 habuis-

1926 1917 2026 1971 set,
2063 1923 2166 1963 una
2193 1925 2314 1964 cum
2347 1909 2465 1977 ipsa
2508 1907 2640 1963 urbe
2676 1916 2729 1962 et
2758 1907 3126 1963 sacerdotium
3151 1914 3206 1962 et
3240 1907 3506 1960 sanctita-

1924 2010 2028 2054 tem
2078 2002 2280 2056 amisit.
2319 2001 2440 2055 Jam
2473 2001 2615 2071 quod
2658 2001 2724 2054 ad
2761 2015 3035 2054 summam
3072 2000 3140 2052 70
3171 2000 3505 2069 septimana-

1920 2109 2043 2148 rum
2079 2110 2184 2147 una
2224 2094 2404 2148 adhuc
2435 2079 2755 2162 requiritur,
2808 2092 2929 2162 eius
2959 2091 3245 2148 dimidium
3277 2092 3504 2162 intelligi

1922 2186 2083 2240 debet
2118 2187 2427 2255 impensum
2472 2184 2750 2257 Evangelii
2794 2185 3173 2255 publicationi.
3205 2181 3339 2239 Nam
3384 2185 3507 2240 uni-

1922 2277 2136 2346 genitus
2184 2276 2276 2332 Dei
2321 2275 2498 2332 Filius
2546 2292 2670 2331 cum
2717 2291 2892 2333 annos
2947 2277 2981 2331 3
3027 2293 3074 2332 s.
3128 2290 3159 2331 a
3199 2275 3363 2332 Patre
3399 2277 3505 2334 sibl

1923 2369 2311 2422 demandatum
2340 2370 2620 2439 negotium
2649 2371 2932 2439 gessisset,
2952 2371 3005 2423 in
3028 2369 3230 2424 caelum
3253 2379 3507 2439 receptus

1926 2467 2030 2511 est.
2058 2457 2188 2512 Inde
2218 2474 2340 2514 cum
2371 2456 2579 2530 Spiritu
2610 2469 2802 2514 sancto
2828 2459 3130 2530 discipulos
3150 2475 3284 2516 suos
3311 2462 3504 2534 imple-

1928 2551 2116 2612 visset,
2151 2551 2185 2604 3
2209 2566 2255 2604 s.
2287 2565 2463 2606 annos
2480 2566 2576 2605 eos
2596 2551 2992 2622 Hierosolymis
3016 2551 3275 2620 detinuit,
3296 2569 3422 2608 cum
3446 2562 3507 2610 ut

1925 2657 2018 2696 eos
2064 2641 2131 2695 ad
2188 2641 2487 2695 maximum
2545 2652 2824 2695 certamen
2893 2643 3389 2698 convertendarum
3437 2647 3507 2699 ad

1931 2734 2097 2784 Drnm
2129 2733 2418 2787 nationum
2448 2743 2803 2804 praepararet,
2848 2744 2960 2790 tum
2999 2747 3055 2790 ut
3081 2737 3148 2790 de
3179 2735 3388 2793 Judais
3409 2753 3513 2794 eos

1927 2825 2018 2892 qui
2052 2836 2208 2878 erant
2241 2828 2362 2880 vitm
2393 2825 2691 2891 destinati,
2726 2827 2944 2882 interim
2992 2828 3098 2884 ﬁde
3129 2829 3400 2885 imbueret
3427 2840 3510 2884 at-

1927 2929 2033 2983 que
2077 2917 2145 2970 ab
2181 2917 2391 2971 umbris
2425 2927 2478 2971 et
2513 2919 2778 2986 exemplis
2815 2919 3018 2975 veteris
3055 2919 3395 2977 Testamenti
3439 2925 3507 2978 ad

1930 3006 2212 3059 veritatem
2262 3004 2539 3077 Eiangelii
2575 3019 2628 3062 et
2661 3011 3204 3078 repraesentationem
3240 3011 3365 3067 novi
3400 3011 3508 3068 Te-

1928 3097 2184 3150 stamenti
2205 3099 2519 3152 adduceret.
2543 3102 2728 3169 Itaque
2740 3101 2902 3155 etiam
2920 3103 3200 3158 oraculum
3217 3103 3291 3158 ita
3309 3103 3508 3158 habet:

1936 3206 1953 3238 ι
1982 3188 2047 3241 Et
2080 3203 2186 3243 una
2218 3192 2524 3259 septimana
2554 3190 2968 3249 Testamentum
2993 3195 3183 3252 multis
3215 3197 3508 3251 conﬁrma-

235 3279 418 3348 θήκης
461 3277 897 3347 προσαγόμενος.
942 3275 1033 3325 Διὸ
1075 3275 1168 3326 καὶ
1206 3275 1233 3324 6
1269 3273 1410 3342 ίερὺς
1450 3289 1582 3339 φησι
1632 3270 1820 3338 λόγος·

1931 3279 2030 3345 bit,
2067 3299 2084 3330 ι
2122 3281 2382 3337 nimirum
2415 3283 2482 3339 iis
2514 3285 2605 3354 qui
2639 3284 2862 3342 Christo
2895 3287 3120 3343 credent
3147 3288 3324 3358 spatio
3347 3289 3509 3344 istius

244 3388 263 3421 ι
291 3371 404 3421 Καὶ
449 3368 760 3433 δυναμώσει
803 3364 1068 3433 διαθήκην
1114 3365 1328 3426 πολλοῖς
1371 3363 1603 3432 ἑϐδομὰς
1644 3363 1762 3430 μία,
1797 3383 1814 3414 ι

237 3459 325 3512 δια
358 3459 470 3511 τῶν
499 3457 809 3527 εἰρημένων
837 3455 1082 3524 δηλονότι
1129 3458 1266 3508 ἐπτὰ
1293 3458 1426 3509 ἐτῶν
1455 3459 1563 3517 τοῖς
1603 3455 1821 3508 πιστεύ-

240 3567 361 3602 σασι
407 3549 488 3618 τῷ
525 3549 768 3618 Χριστῷ.

313 3642 440 3694 Ὀτι
473 3642 551 3709 τῷ
578 3648 718 3711 σεφς¹
753 3641 845 3693 τοῦ
879 3642 1085 3711 κόσμου
1118 3642 1250 3704 ἐτει,
1279 3640 1374 3691 τοῦ
1409 3639 1466 3692 δὲ
1507 3638 1818 3706 Αὐγούστου

242 3734 521 3800 Καίσαρος
554 3734 662 3800 pf},
701 3733 938 3801 Ἡρώδου
989 3734 1044 3785 δὲ
1096 3731 1196 3800 λβ’,
1255 3731 1468 3800 ἑϐδόμῳ
1523 3734 1651 3800 μηνὶ
1699 3731 1819 3783 καθ’

252 3817 544 3886 Ἐϐραίους
592 3819 799 3889 δεκάτῳ
834 3821 967 3888 (32),
1007 3823 1125 3890 ἤτοι
1158 3822 1534 3887 Σεπτεμϐρίου
1574 3817 1676 3885 κγ’,
1715 3823 1816 3872 Ζι-

242 3911 435 3979 χαρίας
475 3912 687 3978 θυμιῶν
724 3913 803 3973 εἰς
834 3912 893 3962 τὸ
933 3911 1174 3979 ἀγίασμα
1227 3912 1367 3963 κατὰ
1408 3911 1505 3977 τὴν
1537 3912 1689 3974 τάξιν
1721 3911 1817 3978 τῆς

242 4004 551 4072 ἐξημερὲας
583 4004 746 4055 αὑτοῦ
782 4000 887 4056 εἶδε
931 4006 1020 4056 τὸν
1052 4005 1390 4073 ἀρχάγγελον
1451 4003 1686 4070 Γαϐριὴλ
1721 4005 1817 4070 τὴν

241 4094 331 4146 τοῦ
393 4094 634 4162 μεγάλου
695 4095 1009 4164 Προδρύμου
1069 4099 1160 4146 καὶ
1221 4094 1521 4149 Βαπτιστοῦ
1575 4094 1817 4147 Ἰωάννο)

245 4184 509 4251 σύλληψιν
547 4185 1032 4252 εὐαγγελιζόμενον
1066 4184 1234 4255 αὐτῷ.

311 4278 438 4327 Ὀτι
477 4275 736 4342 Ἱωακεὶμ
767 4275 875 4326 ἔτει
909 4275 961 4327 π’
994 4277 1238 4344 τελευτᾷ,
1269 4277 1300 4345 ἡ
1331 4276 1386 4328 δὲ
1415 4277 1581 4330 ’Λννα
1620 4277 1715 4330 σθ’.
1756 4279 1814 4331 ’11

240 4368 504 4423 Ges-.610;
534 4367 588 4418 δὲ
623 4367 712 4417 ὑπ’
756 4366 936 4417 αὐτῶν
970 4367 1316 4435 τριετίζουσα
1349 4368 1578 4436 εἰσήχθη
1619 4370 1698 4430 είς
1729 4371 1816 4420 τὶν

239 4460 363 4509 ναῖεν
385 4459 620 4526 Καρίου,
638 4457 828 4509 ’ἐκδεκι
853 4457 908 4509 δὲ
941 4458 1206 4524 γενομένη
1231 4458 1367 4510 ἐτῶν
1394 4460 1812 4529 ἀπωρφανίσθη.

238 4550 360 4602 Οὐδ’
401 4552 541 4610 ὅλως
572 4549 630 4600 δέ
660 4547 808 4618 ἐξῄει
839 4548 932 4600 τοῦ
964 4549 1118 4613 ναοῦ,
1160 4548 1275 4600 ἀλλ’
1303 4552 1348 4600 εἰ
1375 4553 1465 4600 καὶ
1488 4550 1675 4619 χρείαν
1703 4548 1814 4619 εἴ.χὲ

236 4658 404 4701 τινος,
444 4643 525 4701 εἰς
564 4641 731 4709 μόνην
765 4641 932 4709 ἀπῄει
963 4641 1064 4705 τὴν
1107 4639 1387 4693 Ἐλισάθετ
1419 4641 1493 4702 ὡς
1529 4642 1810 4708 συγγενὲδα
1851 4655 1886 4704 υ

238 4733 330 4785 καὶ
367 4731 602 4798 πλησέον
629 4732 718 4783 τοῦ
747 4733 874 4784 ναοῦ
907 4732 1182 4784 οἰκοῦσαν.
1221 4733 1300 4783 Τὰ
1334 4734 1516 4801 μέντοι
1555 4734 1814 4801 Ἑϐραϊκὰ

237 4825 552 4890 γράμματα
580 4821 660 4872 ἔτι
685 4822 883 4884 ζῶντος
913 4822 1007 4874 τοῦ
1044 4823 1300 4891 Ὶωακεὶμ
1334 4823 1553 4892 ἔμαθε-νο
1586 4826 1815 4894 Ἀφίδρι·

241 4914 437 4980 σμένος
464 4914 523 4964 δὲ
553 4909 621 4981 ἦν
650 4913 811 4974 τόπος
843 4914 900 4964 ἐν
919 4912 995 4982 τῷ
1025 4913 1137 4982 ναῷ
1156 4914 1379 4983 πλησίον
1400 4913 1492 4966 τοῦ
1527 4914 1815 4986 θυσιαστη-

240 5003 356 5068 ρίου
375 5002 507 5054 ἔνθα
541 5003 699 5072 μόναι
726 5007 942 5058 ἵσταντο
967 5006 1019 5056 αί
1050 5005 1333 5074 παρθένον
1353 5007 1444 5058 καὶ
1462 5010 1516 5059 αἱ
1546 5007 1643 5075 μὲν
1661 5008 1815 5061 ἄλλαι

239 5098 376 5163 μετὰ
433 5096 533 5165 τὴν
561 5096 820 5148 ἀπόλυσιν
849 5097 1095 5167 ἀπῄεσαν
1136 5098 1269 5166 πρὸς
1300 5099 1425 5158 τοὺς
1470 5099 1652 5158 ἰδίους,
1685 5101 1716 5168 ἡ
1760 5100 1815 5152 δὲ

237 5183 517 5254 Παρθένος
551 5189 983 5257 προσεκαρτέρει.
1008 5187 1085 5258 τῷ
1111 5187 1225 5257 ναῷ
1257 5187 1346 5239 ὑπ’
1368 5188 1598 5253 ἀγγέλου
1621 5206 1816 5257 τρεφο-

239 5278 398 5345 μένη.
426 5271 540 5328 Ἠν
567 5275 625 5328 δὲ
655 5279 721 5345 τῇ
762 5278 949 5348 ἡλικίᾳ
982 5279 1146 5347 μέση,
1190 5279 1473 5347 σιτόχρους
1514 5280 1650 5348 (55),
1693 5282 1818 5345 ξαν-

304 5389 346 5420 ⁹¹
375 5391 518 5443 Dan.
552 5405 628 5451 lx,
663 5391 756 5444 26.
837 5391 881 5424 ”
909 5391 1040 5446 ibid.
1068 5390 1162 5443 27.

1930 3375 2198 3442 scptennii
2211 3412 2226 3426 .

2003 3643 2161 3697 Anno
2190 3645 2378 3698 mundi
2411 3645 2571 3709 5506,
2593 3660 2738 3701 anno
2764 3648 2918 3717 regni
2942 3648 3176 3719 Augusti
3208 3648 3298 3715 48,
3331 3649 3503 3706 Hero-

1930 3736 2014 3788 dis
2035 3735 2334 3801 32,1ncnse
2355 3733 2712 3794 Hebraeorum
2743 3741 3001 3810 septimo,
3035 3741 3230 3815 quiest
3257 3741 3508 3814 Septem-

1931 3827 2049 3889 ber,
2078 3826 2375 3882 Zacharias
2406 3845 2530 3882 cum
2570 3832 2621 3883 in
2651 3832 2900 3887 sacrario
2921 3828 3172 3889 adoleret
3200 3836 3503 3891 secundum

1926 3917 2174 3970 ordinent
2266 3934 2378 3970 suae
2471 3919 2712 3986 classis,
2796 3922 3102 3991 principem
3181 3925 3504 3996 angelorum

1925 4009 2231 4063 Galwielem
2281 4011 2410 4064 vidit
2444 4012 2547 4066 sibi
2584 4022 2800 4082 partum
2834 4015 3018 4084 magni
3054 4015 3420 4074 Praecursoris
3441 4035 3504 4072 ac

1930 4095 2186 4167 Baptistae
2219 4098 2448 4155 Joannis
2475 4103 2915 4156 annuntiantem.

1996 4269 2159 4339 326
2210 4269 2528 4324 Jour-bimus
2576 4277 2967 4337 octogenarius
3023 4277 3296 4342 decessit,
3346 4279 3502 4332 Anna

1925 4375 2099 4415 annos
2145 4372 2270 4414 nata
2328 4364 2760 4435 undeoctoginta
2802 4368 2966 4419 vitam
3019 4369 3179 4423 liniit.
3217 4370 3296 4424 Ab
3346 4371 3415 4427 iis
3444 4371 3500 4426 in

1929 4454 2184 4521 templum
2238 4455 2470 4510 deducta
2507 4458 2598 4512 Dei
2663 4456 2913 4513 Genitrix
2974 4475 3119 4514 anno
3164 4467 3342 4517 atatis
3389 4476 3502 4517 suae

1927 4544 2110 4604 tertio,
2136 4543 2386 4597 undecim
2424 4560 2598 4600 annos
2624 4556 2748 4600 nata
2783 4558 3043 4617 parentes
3086 4551 3296 4604 amisit.
3318 4549 3502 4621 Neque

1927 4651 2054 4687 Vt'l‘O
2089 4650 2328 4703 unquam
2363 4639 2563 4705 templo
2587 4639 2903 4704 excedebat,
2931 4640 3026 4694 sed
3057 4642 3105 4696 si
3137 4656 3243 4711 qua
3277 4657 3338 4698 re
3363 4658 3503 4711 opus

1928 4729 2172 4790 haberet,
2224 4729 2288 4780 ad
2329 4730 2499 4782 solam
2539 4729 2874 4784 Elisabetam
2925 4733 3057 4797 ibat,
3121 4742 3411 4804 cognatam
3446 4745 3502 4789 et

1925 4820 2128 4888 templo
2199 4821 2457 4873 vicinam.
2539 4822 2774 4878 Litteras
2838 4824 3138 4881 Hebraicas
3207 4827 3500 4895 superstite

1921 4910 2223 4966 etiamnum
2258 4910 2546 4966 Joachimo
2572 4914 2783 4967 didicit.
2813 4915 2944 4968 Erat
2987 4917 3042 4972 in
3079 4917 3282 4986 templo
3310 4932 3498 4972 secre-

1923 5007 2010 5054 tus
2045 4999 2194 5056 locus
2222 5018 2328 5055 anc
2359 5003 2594 5069 vicinus,
2630 5004 2724 5058 ubi
2751 5006 2881 5060 solae
2916 5007 3154 5077 virgines
3177 5017 3327 5064 stare
3351 5009 3497 5063 sole-

1925 5094 2074 5146 bant.
2105 5094 2180 5147 Ac
2209 5095 2431 5162 reliquae
2454 5111 2587 5152 sane
2613 5096 2811 5167 populo
2831 5097 3064 5156 dimisso
3086 5101 3308 5156 domum
3334 5116 3493 5156 suam

1925 5186 2194 5247 redibant,
2231 5184 2399 5241 Maria
2431 5198 2611 5243 autem
2640 5189 2694 5243 in
2723 5190 2932 5260 templo
2955 5191 3309 5262 permanebat
3329 5201 3496 5264 atque

1925 5281 1991 5331 ab
2053 5279 2246 5348 angelo
2310 5281 2678 5337 nutriebatur.
2739 5281 2869 5337 Erat
2927 5291 3138 5338 statura
3200 5283 3537 5355 mediocri,_

1378 5462 1742 5517 XYLANDIH
1775 5461 1859 5515 ΕΤ
1886 5460 2097 5515 C(iARl
2129 5462 2358 5519 ΝΟΤΑΞ.

308 5555 422 5622 (³52)
459 5551 730 5608 Ultimum
763 5557 1087 5610 vocabulum
1144 5566 1228 5611 est
1269 5558 1612 5616 mendosum,
1637 5570 1809 5622 neque

241 5627 393 5678 video
442 5625 720 5694 quomodo
757 5629 1064 5680 restituam.
1103 5627 1341 5682 ilebrieis
1381 5627 1697 5694 September
1726 5632 1808 5676 est

241 5693 767 5762 onminoiseptimus
814 5699 1039 5757 mensis,
1071 5712 1177 5750 non
1203 5698 1426 5751 minima
1460 5693 1666 5750 saltent
1726 5693 1806 5745 sui

241 5773 407 5829 parte.
463 5761 613 5817 Tisei
676 5772 729 5815 et
778 5764 952 5818 Ethnn
1015 5779 1212 5820 vocant
1259 5782 1382 5820 eum
1429 5765 1570 5820 :sed
1630 5766 1808 5830 ροιηί-

243 5849 359 5888 cere
413 5832 586 5888 fuisse
637 5836 898 5902 scriptum
978 5836 1034 5888 δὲ
1064 5837 1191 5889 ἔϐαν
1230 5846 1326 5890 aut
1382 5837 1531 5898 ἔθαν,
1587 5842 1670 5888 est
1703 5835 1806 5887 du-

574 5926 842 5987 i‘nttot..
885 5929 1001 5989 Gn.
1036 5928 1223 5989 CXXI
1242 5975 1254 5987 .

1918 5568 2059 5606 rum.
2096 5551 2230 5606 XvL.

1987 5622 2099 5691 (35)
2157 5624 2235 5695 Ad
2270 5634 2512 5687 verbum,
2551 5627 2810 5681 frumenti
2841 5629 3045 5685 colore.
3078 5629 3487 5695 Quodvocabu-

1917 5693 2025 5744 lum
2057 5694 2274 5759 qualem
2314 5697 2550 5750 colorem
2607 5697 2846 5760 denotet,
2901 5715 3023 5753 cum
3055 5693 3312 5754 frumenti
3373 5720 3483 5756 non

1914 5765 1984 5885 siit
2015 5777 2231 5884 semp§r
2291 5766 2458 5830 idem,
2481 5782 2586 5820 non
2616 5767 2751 5821 satis
2774 5769 2952 5822 video.
2983 5769 3041 5823 Si
3090 5771 3215 5838 quis
3269 5771 3483 5839 doceat,

1914 5853 1930 5885 ι
1955 5846 2139 5885 iseam.
2220 5849 2300 5885 γι..

1914 5846 2139 5886 01503111.
2169 5846 2300 5886 ᾹΥΙ..

3041 5927 3118 5989 12
