4214 6448
685 394 789 457 367

1958 394 2275 455 GEORGII
2318 395 2649 455 CEDllENI

3844 396 3953 460 368

688 519 833 565 octo.
864 508 1014 565 Vixit
1040 525 1170 581 ergo
1200 508 1391 579 viginti
1424 518 1658 579 quatuor
1700 523 1876 564 annos
1903 519 2027 579 post
2054 508 2257 563 Christi
2288 510 2336 569 Α

2288 510 2336 569 Α
2361 509 2501 562 ὥστε
2544 512 2683 578 μετά
2718 510 2815 579 τὴν
2860 509 3128 581 ἀνάληψιν
3157 510 3251 562 τοῦ
3308 511 3543 581 Χριστοῦ
3585 511 3949 564 εἰκοσιτέσσα-

694 602 747 655 in
777 601 952 657 cccios
984 617 1299 657 ascensum.

762 692 1070 751 Undecimo
1143 711 1293 751 anno
1368 694 1600 752 Herodis
1672 695 1963 750 tetrarchae
2020 711 2270 752 summus

695 785 940 858 pontifex
972 787 1200 841 Ananus
1235 787 1487 841 moritur.
1515 785 1648 843 Post
1678 786 1822 841 hunc
1853 802 2035 841 annua
2078 787 2182 840 fuit
2209 803 2270 842 ca

695 878 956 949 dignitas,
987 879 1134 949 quod
1166 887 1218 935 et
1260 879 1536 949 Iosephus
1598 879 1802 942 refert;
1858 889 1912 935 et
1968 894 2093 935 eum
2145 894 2273 933 vere

696 970 880 1025 dicere
915 986 1072 1026 sacra
1102 970 1397 1040 Evangelia
1453 981 1745 1037 testantur,
1805 972 1880 1025 ita
1933 973 1999 1027 de
2027 971 2271 1042 Caiapha

696 1061 1034 1130 loquentia:
1078 1082 1096 1114 ι
1133 1062 1185 1115 ld
1215 1077 1345 1118 vero
1419 1080 1525 1119 non
1579 1064 1646 1118 de
1703 1080 1805 1119 suo
1869 1064 2110 1128 dicebat,
2176 1066 2271 1121 sed

694 1155 823 1220 quia
879 1164 999 1207 erat
1062 1151 1302 1222 pontifex
1350 1153 1624 1209 maximus
1672 1155 1801 1209 anni
1863 1154 2025 1209 istius
2059 1196 2075 1220 ,
2136 1156 2274 1209 vati-

693 1245 982 1299 cinabatur
1007 1246 1074 1298 ⁸⁸.
1098 1265 1116 1297 ι

767 1336 905 1391 Cum
945 1336 1285 1393 admirabilis
1310 1338 1363 1392 in
1401 1338 1564 1392 vitam
1591 1337 1799 1393 reditus
1830 1346 1993 1408 atque
2024 1338 2077 1392 in
2105 1339 2274 1395 ccelos

699 1427 957 1483 ascensio
986 1426 1301 1483 Servatoris
1337 1428 1513 1482 nostri
1545 1426 1688 1482 fama
1714 1426 1827 1497 jam
1867 1428 2027 1499 longe
2054 1428 2276 1499 lateque

700 1519 1090 1583 incrcbuisset,
1156 1518 1369 1575 Pilatus
1402 1520 1569 1572 animi
1606 1518 1827 1583 anxius,
1877 1519 2023 1590 quod
2073 1520 2139 1574 de
2190 1520 2276 1574 his

699 1626 823 1681 qua:
885 1618 1188 1665 evenerant
1235 1610 1520 1664 miraculis
1568 1610 1705 1663 nihil
1766 1610 1833 1664 ad
1887 1611 2272 1680 imperatorem

699 1700 1002 1765 retulisset,
1073 1702 1289 1754 tandem
1360 1700 1694 1756 necessitate
1760 1701 1989 1757 adactus
2054 1700 2276 1756 Tiberio

699 1790 904 1845 Caesari
933 1791 1258 1862 perscripsit
1286 1791 1567 1846 Christum
1618 1799 1895 1847 mortuum
1932 1792 2098 1846 vitam
2126 1807 2277 1847 rece-

2374 616 2472 667 ρας
2512 602 2739 670 χρόνους
2770 601 3094 654 ἐπεϐίωσεν.

2443 694 2569 746 Ὀτι
2619 693 2676 745 ὲν
2726 692 2803 763 τῷ
2856 700 2923 746 ια’
2985 693 3095 746 ἔτει
3150 694 3391 765 Ἡρώδου
3425 693 3519 747 τοῦ
3571 695 3871 765 τετράρχου
3923 698 3952 748 ό

2380 784 2664 855 ὶρχιερεὺς
2716 784 2939 847 Ἀνανος
2976 785 3294 853 ἐτελεύτησε
3319 801 3332 816 ο
3368 784 3488 855 μεθ’
3520 784 3580 838 ὃν
3626 786 3946 840 ὲνιαυσιαῖοι

2370 876 2646 946 ἀρχιερεῖς
2677 876 3052 941 καθίστανται,
3076 878 3151 940 ώς
3190 878 3451 949 Ἰώσηπος
3480 880 3704 949 ἱστορεῖ.
3739 882 3849 933 Καὶ
3878 883 3947 933 τὰ

2374 967 2491 1021 θεῖα
2524 968 2836 1036 Εὑαγγέλια
2882 969 3029 1039 αύτῷ
3076 972 3343 1040 μαρτυρεῖ
3391 971 3713 1041 ἀληθεύοντι
3759 974 3818 1025 έν
3869 968 3951 1036 οἷς

2376 1064 2502 1133 περὶ
2530 1064 2623 1115 τοῦ
2658 1062 2881 1130 Καῖάφα
2909 1062 3078 1130 λέγει·
3118 1081 3135 1113 ι
3166 1063 3337 1117 Τοῦτο
3378 1064 3433 1117 δὲ
3467 1062 3562 1133 ἀφ’
3608 1064 3801 1118 ἑαυτοῦ
3850 1066 3952 1118 οὐκ

2376 1153 2551 1219 εἶπεν,
2591 1154 2707 1208 ἀλλ’
2737 1156 3028 1225 ἀρχιερεὺς
3057 1154 3131 1209 ὢν
3159 1154 3252 1208 τοῦ
3293 1156 3544 1209 ἐνιαυτοῦ
3572 1156 3781 1210 ἐκείνου
3816 1172 3953 1226 προ-

2376 1249 2673 1316 εφήτευσεν
2689 1285 2701 1299 .
2731 1266 2748 1297 ι

2446 1337 2570 1389 ’Ότι
2604 1337 2701 1405 τῆς
2745 1336 3052 1407 παραδόξου
3106 1336 3200 1389 τοῦ
3234 1336 3486 1408 Σωτῆρος
3521 1338 3679 1408 ἡμῶν
3713 1338 3950 1391 ἀναστά-

2380 1428 2517 1493 σεώς
2542 1445 2602 1481 τε
2637 1430 2732 1482 καὶ
2773 1432 2853 1493 είς
2881 1430 3147 1499 οὐρανοὺς
3178 1430 3500 1501 ἀναλήψεως
3532 1433 3645 1493 τοῖς
3674 1429 3950 1491 πλείστοις

2377 1520 2480 1590 ήδη
2513 1520 2841 1591 περιϐοήτου
2875 1521 3250 1591 καθεστώσης,
3283 1522 3514 1583 Πιλᾶτος
3545 1522 3855 1591 ἀγωνιάσας
3875 1524 3951 1584 ὡς

2381 1612 2455 1680 μὴ
2484 1612 2784 1679 ἀνενέγκας
2800 1610 2877 1680 τῷ
2904 1608 3116 1680 βασιλεί
3139 1610 3367 1664 τοιαῦτα
3389 1612 3659 1682 γενόμενα
3675 1613 3948 1682 θαύματα,

2377 1704 2533 1767 τέλος
2578 1705 2967 1773 ἀναγκασθεὶς,
2999 1704 3074 1767 ώς
3106 1705 3180 1773 μή
3216 1704 3377 1778 λάθῃ,
3424 1705 3825 1759 ἀνεκοινώσατο
3872 1705 3952 1774 τῷ

2381 1796 2594 1866 βασιλεῖ
2622 1796 2857 1866 Τιϐερίῳ
2885 1800 2952 1849 τὰ
2984 1796 3115 1867 περὶ⁷
3138 1796 3235 1864 τῆς
3269 1798 3333 1848 ὲκ
3354 1797 3564 1867 νεκρῶν
3600 1798 3952 1862 ἀναστάσεως

2308 1852 2349 1908 Β
2381 1852 2475 1908 '__,~_

700 1883 867 1952 pisse,
912 1892 1026 1936 tum
1062 1898 1185 1952 qua:
1229 1881 1278 1937 is
1342 1881 1606 1936 miracula
1663 1882 1933 1948 ediderat,
1999 1892 2168 1952 utque
2207 1883 2277 1937 de
2308 1881 2349 1908 ”

2308 1881 2349 1908 ⁸³
2382 1885 2478 1940 τοῦ
2511 1887 2765 1957 Σωτῆρος
2800 1886 2956 1956 ήμῶν
2998 1884 3174 1956 Ἰησοῦ
3224 1886 3485 1956 Χριστοῦ,
3540 1887 3638 1947 τάς
3690 1903 3752 1938 τε
3782 1885 3952 1948 ἄλλας

702 1987 882 2031 morte
919 1976 973 2030 in
1007 1976 1173 2031 vitam
1203 1989 1462 2031 reversus
1511 1975 1624 2045 jam
1673 1989 1702 2028 a
1742 1975 1928 2031 multis
1958 1973 2101 2030 Deus
2155 1989 2279 2030 esse

704 2068 980 2123 credatur.
1012 2069 1090 2122 Ac
1122 2066 1381 2123 Tiberius
1412 2067 1629 2138 quidem
1684 2082 1884 2123 nomen
1938 2067 2278 2123 Christianoo

706 2176 825 2215 rum
861 2175 958 2232 per
990 2159 1180 2215 orbem
1207 2159 1318 2229 jam
1354 2168 1718 2230 propagatura
1753 2160 1998 2215 sentiens
2028 2160 2095 2213 de
2126 2174 2189 2215 ea
2221 2175 2281 2215 re

706 2253 774 2307 ad
804 2259 1058 2308 senatum
1101 2251 1309 2318 retulit,
1340 2266 1520 2321 neque
1543 2250 1781 2306 obscure
1822 2251 1949 2305 tulit
1997 2250 2101 2305 sibi
2147 2250 2279 2306 reli-

706 2347 922 2418 gionem
958 2346 1327 2401 Christianam
1358 2345 1601 2415 probari.
1633 2344 1871 2401 Senatus
1900 2355 2105 2412 autem,
2132 2345 2279 2415 quod

706 2454 827 2495 eam
882 2439 1241 2510 improbaret,
1296 2439 1412 2509 ipse
1463 2453 1681 2508 quoque
1753 2438 2099 2509 repudiavit.
2139 2436 2279 2493 Vera

707 2546 876 2587 causa
905 2533 1028 2601 ejus
1058 2532 1134 2586 rei
1158 2530 1421 2602 est,quod
1449 2532 1695 2585 divinum
1720 2530 1916 2587 salutis
1942 2529 2281 2600 praeconium

710 2627 1006 2680 humanam
1039 2624 1494 2694 approbationem
1528 2634 1696 2693 atque
1746 2622 2281 2678 commendationem

711 2731 1057 2785 nequaquam
1080 2717 1333 2786 requirit.
1359 2717 1487 2771 Haec
1508 2713 1882 2770 Tertullianus
1903 2713 2062 2785 331
2090 2713 2279 2770 refert.

710 2808 856 2861 Idem
886 2806 1141 2862 Tiberius
1166 2816 1397 2861 mortem
1428 2806 1873 2863 Christianorum
1932 2805 2279 2862 accusatori-

710 2898 813 2952 bus
848 2899 1090 2953 miuatus
1122 2904 1231 2953 est.

782 2988 940 3043 Anno
990 2986 1194 3043 Tiberii
1242 2987 1654 3043 undevicesimo
1729 2985 1972 3044 Joannes
2040 2986 2284 3059 Baptista

712 3080 892 3146 rapite
945 3085 1296 3133 truucatura
1343 3078 1565 3149 juniore
1617 3076 1838 3133 Herode
1890 3087 1946 3133 et
1990 3076 2281 3148 Cleopatra

712 3178 934 3239 propter
985 3167 1370 3235 Ilerodiadem,
1424 3176 1488 3221 ut
1551 3166 1828 3236 Josephus
1883 3168 2079 3225 scribit
2140 3168 2281 3223 libro
2313 3198 2359 3260 ε

710 3262 1106 3329 Αηιὶᾳιιίιαιιιηι
1143 3260 1356 3315 decimo
1382 3268 1597 3314 octavo.
1624 3258 1779 3315 Tunc
1804 3274 2023 3329 quoque
2073 3258 2276 3315 bellum

712 3354 1014 3421 suscipitur
1064 3362 1255 3407 contra
1306 3351 1553 3417 Aretam,
1618 3352 1713 3423 qui
1768 3351 1935 3407 filiam
2000 3358 2158 3408 suam
2212 3354 2283 3408 ab

713 3448 931 3503 Herode
955 3446 1353 3503 contumeliose
1402 3446 1646 3500 habitam
1681 3444 2043 3515 querebatur.
2100 3444 2178 3500 Eo
2228 3446 2283 3499 in

714 3542 855 3599 bello
880 3541 955 3595 ait
987 3548 1208 3610 propter
1235 3536 1465 3593 Joannis
1497 3553 1683 3593 necem
1721 3536 1956 3593 llcrodis
1980 3539 2281 3593 exercitum

692 3635 1031 3689 'univcrsum
1078 3633 1330 3702 periisse.

780 3733 941 3784 Anno
967 3727 1169 3783 Tiberii
1196 3726 1343 3795 regni
1375 3724 1782 3779 undevicesimo
1808 3722 2072 3779 Dominus
2099 3733 2286 3780 noster

713 3821 870 3876 Jesus
904 3818 1157 3872 Christus
1193 3814 1524 3885 supplicium
1560 3814 1715 3877 adiit,
1744 3814 1909 3867 sicuti
1942 3814 2011 3867 de
2035 3828 2100 3868 eo
2131 3825 2286 3868 vates

716 3909 1101 3981 praedixerant.
1134 3904 1254 3970 Quo
1293 3914 1538 3973 tempore
1593 3902 1712 3958 hzee
1761 3905 1815 3957 in
1873 3903 2079 3959 Gra'cis
2134 3919 2286 3959 com-

716 3995 1004 4050 mcntariis
1035 4000 1297 4047 annotata
1327 3993 1464 4062 ipsis
1496 3992 1680 4047 verbis
1709 3991 2046 4048 referemus:
2090 4012 2107 4045 ι
2141 3992 2285 4048 Solis

714 4086 923 4140 exstitit
945 4082 1217 4147 defectus,
1242 4083 1501 4137 omnibus
1525 4083 1802 4152 prioribus
1825 4085 2001 4154 major
2027 4102 2042 4150 ;
2070 4100 2285 4154 noxque

715 4177 820 4231 dici
848 4183 1001 4231 sexta
1030 4176 1162 4228 hora
1198 4175 1393 4229 oborta
1426 4181 1531 4239 est,
1567 4175 1640 4229 ita
1676 4183 1735 4227 ut
1765 4182 1817 4229 et
1855 4176 2026 4231 stella:
2056 4178 2111 4229 in
2145 4178 2286 4233 cmlo

716 4278 1024 4337 conspecta:
1060 4268 1193 4322 sint.
1245 4285 1262 4316 ι
1302 4266 1486 4321 Terrae
1513 4278 1695 4322 motus
1736 4282 1957 4337 quoque
2008 4268 2200 4339 ingens
2230 4270 2285 4323 in

718 4360 973 4431 Iiithyuia
1005 4358 1131 4424 fuit,
1175 4359 1267 4427 qui
1299 4372 1553 4427 magnam
1580 4356 1774 4413 Nicataa
1809 4366 2017 4428 partem
2046 4369 2289 4429 prostra-

722 4452 817 4504 vit.
860 4448 984 4505 Haec
1012 4448 1272 4519 Phlegon.
1311 4449 1603 4505 Africanus
1630 4452 1795 4506 etiam
1821 4459 2030 4515 narrat,
2064 4467 2174 4521 quo
2201 4454 2287 4507 die

2377 1978 2771 2049 τερατουργίας
2823 1976 3013 2041 αὑτοῦ,
3046 1978 3140 2030 καὶ
3172 1976 3247 2041 ὡς
3301 1979 3383 2030 ὅτι
3442 1977 3580 2048 μετὰ
3613 1977 3841 2031 θάνατον
3888 1978 3953 2029 ὲκ

2381 2071 2594 2144 νεκρῶν
2635 2070 2875 2133 ἀναστὰς
2907 2069 3039 2133 Θεὸς
3086 2069 3186 2141 ήδη
3220 2070 3371 2140 παρά
3420 2070 3637 2133 πολλοῖς
3686 2064 3825 2123 εἷναι
3860 2087 3952 2121 πι-

2384 2163 2652 2216 στεύεται.
2697 2162 2948 2233 Τιϐέριος
2994 2158 3107 2227 οὖν,
3149 2161 3235 2230 ἐφ’
3266 2156 3324 2216 οὗ
3362 2160 3420 2214 τὸ
3460 2159 3571 2213 τῶν
3614 2161 3955 2231 Χριστιανῶν

2382 2254 2552 2327 ϐνομα
2599 2257 2678 2317 είς
2725 2254 2817 2307 τὸν
2846 2255 3050 2325 κόσμον
3079 2252 3446 2323 εἰσελήλυθεν,
3484 2250 3673 2321 μαθὼν
3710 2253 3776 2321 τῇ
3828 2267 3957 2317 συγ-

2385 2347 2567 2419 κλήτῳ
2592 2346 3176 2417 ἀνεκοινώσατο,δῆλος
3197 2344 3271 2399 ῶν
3292 2330 3497 2408 ἐκεῖνος
3518 2345 3594 2407 ώς
3622 2342 3701 2413 τῷ
3724 2343 3957 2412 δόγματι

2383 2439 2692 2510 ἀρέσκοιτο.
2734 2438 2800 2492 Ἦ
2824 2438 2880 2491 δὲ
2914 2436 3241 2506 σύγκλητος,
3281 2437 3403 2490 ἐπεὶ
3440 2436 3541 2489 οὐκ
3570 2435 3708 2505 αὐτὴ
3745 2434 3957 2487 δεδοκιι

2388 2529 2575 2601 μάκει,
2605 2529 2889 2595 ἀπώσατο,
2944 2532 3012 2601 τῇ
3061 2529 3119 2583 δὲ
3168 2528 3426 2600 ἀληθείᾳ,
3461 2529 3543 2581 ὅτι
3602 2528 3736 2597 μηδὲ
3770 2525 3869 2595 τῆς
3898 2526 3959 2590 ἐξ

2385 2624 2485 2679 ἀνθ
2497 2624 2695 2694 ρώπων
2722 2615 3052 2695 ὲπικρίσεώς
3072 2640 3132 2675 τε
3165 2622 3263 2675 καὶ
3290 2621 3607 2683 συστάσεως
3636 2622 3666 2689 ή
3692 2622 3959 2690 σωτήριος

2387 2715 2482 2769 τοῦ
2511 2715 2657 2769 θείου
2684 2714 3043 2787 κηρύγματος
3067 2714 3235 2767 ἐδεῖτο
3254 2710 3796 2765 διδασκαλία.Ταῦτά
3823 2727 3959 2779 φησι

2387 2806 2750 2879 Τερτυλιανός
2956 2800 3124 2868 Οὗτος
3161 2807 3189 2858 ὁ
3233 2803 3481 2874 Τιϐέριος
3538 2802 3765 2856 θάνατον
3794 2804 3959 2873 ἠπεί-

2388 2899 2521 2970 λησε
2545 2901 2657 2961 τοῖς
2694 2897 3033 2968 Χριστιανῶν
3065 2896 3417 2966 κατηγόροις.

2460 2992 2583 3043 Ὅτι
2616 2991 2672 3042 ὲν
2722 2990 2797 3057 τῷ
2832 2988 2896 3042 ιθ¹
2944 2989 3056 3041 ἔτει
3103 2986 3357 3056 Τιϐερίου
3417 2985 3671 3054 Ἰωάννης
3696 2985 3725 3037 ὁ
3762 2986 3960 3037 Barm-

2389 3081 2520 3153 στὴς
2548 3083 2864 3151 ἀφαιρεῖται
2884 3080 2983 3149 τὴν
3014 3078 3257 3148 κεφαλὴν
3287 3078 3392 3130 ὑπὸ
3442 3077 3536 3130 τοῦ
3557 3078 3677 3129 νέου
3720 3077 3959 3146 Ἡρώδου

2390 3176 2483 3228 καὶ
2510 3174 2865 3243 Κλεοπάτρας
2894 3172 2984 3225 διὰ
3026 3172 3351 3243 Ἡρωδιάδα,
3385 3170 3565 3233 καθὼς
3606 3171 3809 3239 ἱστορεῖ
3850 3171 3961 3221 Ἰώ-

2391 3283 2564 3335 σηπος
2587 3266 2644 3317 ὲν
2664 3264 2741 3335 τῷ
2774 3271 2842 3333 ιη’
2866 3264 2964 3334 τῆς
3007 3262 3652 3332 ’.ἀρχαιολογίας-,Ἔνθα
3684 3263 3773 3314 καὶ
3804 3261 3962 3313 πόλε-

2391 3375 2488 3426 μος
2528 3358 2742 3428 αίρεται
2769 3356 2905 3425 πρὸς
2962 3356 3051 3409 τον
3108 3355 3336 3425 Ἀρέταν
3367 3395 3381 3418 ,
3438 3354 3515 3418 ὡς
3566 3352 3958 3423 ἀτιμασθείσης

2387 3449 2535 3518 αύτῷ
2572 3449 2671 3518 τῆς
2731 3447 2997 3517 θυγατρός
3018 3463 3033 3477 ⁶
3077 3447 3134 3499 έν
3163 3440 3209 3514 ᾧ
3232 3446 3452 3517 πολέμῳ
3480 3448 3655 3500 πάντα
3702 3445 3835 3514 φησὶ
3863 3445 3955 3499 τὸν

2397 3538 2636 3609 Ἡρώδου
2671 3540 2899 3611 στρατὸν
2926 3540 3288 3610 διαφθαρῆναι
3320 3539 3406 3593 διὰ
3434 3539 3522 3591 τὸν
3572 3538 3816 3590 Ἰωάννου
3856 3536 3956 3589 θά-

2388 3648 2566 3684 νατον.

2460 3720 2866 3788 ὈτιὸΚύριος
2903 3721 3057 3790 ήμῶν
3116 3720 3318 3788 Ἰησοῦς
3377 3720 3609 3789 Χριστὸς
3666 3722 3809 3773 κατά
3862 3722 3961 3784 τὰς

2388 3811 2517 3881 περὶ
2547 3812 2706 3863 αὐτοῦ
2726 3812 3061 3882 προφητείας
3086 3812 3176 3863 ἐπὶ
3199 3812 3257 3862 τὸ
3279 3810 3449 3873 πάθος
3478 3812 3670 3881 προῄει
3718 3811 3871 3872 ἔτους
3900 3812 3963 3861 ιθ’

2388 3906 2485 3973 τῆς
2524 3902 2776 3972 Τιϐερίου
2806 3902 3101 3971 βασιλείας.
3129 3902 3263 3955 Ka‘l’
3317 3902 3377 3954 ὃν
3406 3903 3598 3971 καιρὸν
3631 3905 3723 3955 καὶ
3781 3904 3838 3954 ὲν
3870 3903 3963 3955 ἆλ-

2388 3994 2498 4056 λοις
2529 3994 2628 4062 μὲν
2666 3993 2993 4061 Ἑλληνικοῖς
3024 3994 3409 4063 ὑπομνήμασιν
3438 3994 3673 4063 εὕρομεν
3714 3995 3963 4065 ἱστορυύο

2392 4101 2528 4155 μενα
2547 4084 2713 4136 ταῦτα
2738 4084 2877 4137 κατά
2907 4084 3071 4147 λέξιν
3103 4084 3353 4151 Ἐγένετο
3392 4085 3633 4154 ἔκλειψις
3666 4087 3817 4154 ήλίου
3868 4106 3961 4155 με-

2389 4175 2547 4244 γίστη
2577 4173 2686 4226 τῶν
2720 4172 3076 4241 ἐγνωσμένων
3106 4174 3385 4245 πρότερον,
3424 4176 3518 4226 καὶ
3556 4176 3650 4239 νὺξ
3668 4176 3785 4245 ὥρᾳ
3829 4176 3964 4248 ἕκτῃ

2389 4267 2487 4335 τῆς
2510 4268 2721 4336 ἡμέρας
2751 4266 2967 4334 ἐγένετο
2988 4266 3063 4329 ὡς
3095 4268 3187 4319 καὶ
3216 4268 3453 4336 ἀστέρας
3482 4270 3539 4319 ὲν
3591 4269 3805 4339 οὐρανῷ
3861 4289 3966 4337 φα-

2390 4362 2568 4430 νῆναι·
2601 4360 2822 4429 σεισμός
2846 4376 2906 4411 τε
2940 4358 3109 4427 μέγας
3141 4361 3282 4413 κατὰ
3316 4360 3569 4412 Βιθυνίαν
3591 4363 3965 4430 γενόμενοςτὰ

2394 4449 2562 4502 πολλὰ
2621 4449 2721 4517 τῆς
2756 4448 2989 4509 Νικαίας
3046 4448 3467 4518 κατεστρέψατο.
3509 4449 3694 4502 Ταῦτα
3749 4452 3967 4519 Φλέγων

717 4542 973 4598 Christus
998 4550 1083 4597 cst
1110 4541 1380 4611 supplicio
1408 4540 1656 4606 affectus,
1698 4542 1956 4597 tenebras
1988 4543 2283 4599 admodum
2316 4539 2369 4598 D

2316 4539 2369 4598 D
2397 4542 2547 4610 φησί.
2568 4542 2677 4593 Καὶ
2714 4540 3039 4609 Ἀφρικανὸς
3063 4540 3119 4592 δὲ
3151 4540 3353 4609 ἱστορεῖ
3383 4542 3501 4591 κατ’
3519 4541 3689 4608 αὐτὴν
3711 4543 3809 4610 τὴν
3834 4546 3966 4612 ᾑμέ-

723 4635 997 4691 terribiles
1016 4649 1111 4704 per
1136 4641 1314 4687 totum
1340 4634 1606 4687 mundum
1638 4634 1885 4695 obortas.
1932 4643 2092 4688 terraa
2142 4645 2289 4689 motu

720 4742 853 4782 saxa
883 4724 1125 4794 dirupta,
1174 4726 1525 4793 multumque
1562 4732 1720 4778 terra:
1773 4732 2129 4793 prostratum.
2188 4724 2291 4779 Eas

729 4818 983 4873 tenebras
1013 4814 1184 4871 Judaei
1210 4817 1343 4871 solis
1383 4815 1657 4871 defectum
1696 4816 1999 4885 appellant,
2048 4814 2289 4870 absurde

723 4910 774 4960 id
816 4906 1036 4976 quidem
1086 4921 1206 4960 meo
1261 4905 1471 4975 judicio
1525 4913 1577 4960 et
1635 4912 1978 4975 repugnante
2035 4905 2284 4958 veritate.

724 4998 858 5052 Nam
901 4996 1201 5054 secundum
1239 4997 1383 5051 luna:
1412 5006 1618 5051 motum
1644 4995 1856 5051 Hebraei
1887 4995 2095 5051 Pascha
2132 4995 2291 5051 insti-

725 5099 907 5145 tuunt.
934 5088 1119 5145 Pridie
1146 5100 1324 5144 autem
1382 5088 1662 5158 pasehatis
1706 5087 1961 5143 Christus
2014 5090 2067 5142 in
2129 5103 2293 5142 cruce

728 5182 1056 5251 supplicium
1086 5195 1283 5249 passus
1330 5188 1434 5236 est.
1468 5179 1587 5235 Jam
1627 5180 1763 5236 solis
1804 5180 2048 5235 defectus
2093 5195 2199 5233 non
2233 5178 2293 5232 tit

728 5276 834 5331 nisi
866 5289 989 5328 cum
1023 5286 1144 5329 eum
1170 5272 1299 5327 luna
1331 5274 1510 5340 subit;
1541 5289 1719 5342 neque
1765 5272 1925 5343 332
1964 5280 2145 5342 potest
2188 5271 2290 5327 nisi

729 5367 783 5420 iu
822 5365 1126 5430 novilunio,
1156 5380 1281 5419 cum
1314 5364 1602 5419 luminaria
1632 5373 1853 5428 coeunt,
1890 5371 1985 5417 aut
2026 5364 2291 5431 proxime,

786 5484 832 5513 ’³
868 5480 1028 5537 Joau.
1065 5499 1141 5545 χι,
1173 5483 1261 5543 49.
1285 5483 1374 5537 51.

2402 4652 2502 4702 ραν
2531 4632 2615 4704 [Ρ.
2646 4631 2770 4703 189]
2793 4632 2885 4684 τοῦ
2906 4632 3108 4693 πάθους
3136 4633 3323 4694 σκότος
3338 4632 3457 4685 καθ’
3486 4634 3606 4685 ὅλου
3637 4634 3730 4686 τοῦ
3760 4636 3967 4703 κόσμου

2401 4725 2774 4794 φοϐερώτατον
2802 4724 3073 4791 γενέσθαι.
3106 4723 3321 4793 Σεισμῷ
3345 4742 3402 4775 τε
3452 4727 3505 4777 αἱ
3568 4725 3763 4797 πέτραι
3821 4727 3967 4799 διερο

2402 4818 2686 4887 ῥήγνυντο,
2712 4815 2805 4865 καὶ
2832 4813 2999 4866 πολλὰ
3030 4814 3131 4882 τῆς
3167 4812 3269 4883 γῆς
3304 4815 3628 4883 κατερρίφη.
3685 4816 3856 4867 Τοῦτο
3910 4819 3972 4869 τὸ

2401 4907 2589 4966 σκότος
2623 4904 2863 4974 ἔκλειψιν
2892 4904 3043 4974 ήλίου
3075 4906 3124 4955 οἱ
3166 4904 3408 4957 Ἰουδαῖοι
3437 4905 3715 4969 καλοῦσιν,
3736 4908 3967 4974 ἀλόγως,

2398 5000 2471 5061 ώς
2498 4999 2621 5067 ἐμοὶ
2652 4997 2743 5050 καὶ
2778 5000 2842 5066 τῇ
2876 4996 3102 5067 ἀληθεία
3140 4999 3304 5049 δοκεῖ·
3351 4998 3586 5067 Ἑϐραῖοι
3632 5000 3741 5068 γὰρ
3775 5003 3971 5067 ἄγουσι

2399 5090 2458 5142 τὸ
2480 5089 2668 5158 Πάσχα
2697 5087 2835 5140 κατά
2866 5087 3112 5158 σελήνην,
3140 5088 3244 5156 πρὸ
3276 5087 3333 5140 δὲ
3363 5088 3462 5155 τῆς
3499 5089 3625 5155 μιᾶς
3658 5088 3748 5140 τοῦ
3779 5090 3970 5160 Πάσχα

2399 5181 2468 5233 τὰ
2501 5180 2628 5249 περὶ
2666 5178 2753 5230 τὸν
2781 5179 3007 5247 Σωτῆρα
3040 5176 3519 5248 σύνὲὗη,ἒκλειψις
3572 5180 3627 5231 δὲ
3673 5178 3820 5248 ἡλίου
3871 5183 3970 5249 τῆς

2401 5270 2630 5343 σελήνης
2661 5269 2828 5325 αὐτὸν
2856 5268 3191 5338 ὑπελθούσης
3231 5272 3460 5336 γίνεται,
3510 5271 3770 5323 ἀδύνατον
3816 5273 3871 5325 δὲ
3911 5274 3971 5325 ἐν

2401 5360 2547 5431 ἄλλῳ
2572 5360 2748 5431 χρόνῳ
2778 5359 2917 5428 πλὴν
2951 5362 3009 5411 ὲν
3036 5359 3115 5430 τῷ
3143 5362 3347 5429 μεταξὺ
3399 5362 3693 5432 νουμηνίας
3724 5363 3817 5416 καὶ
3868 5363 3971 5430 τῆς

1841 5570 2196 5626 XYLANDRI
2232 5569 2319 5625 ET
2370 5569 2585 5626 GOARI
2616 5570 2846 5627 ΝΟΤΑΞ.

802 5688 914 5760 ('56)
944 5688 1138 5760 Locus,
1154 5693 1332 5760 exstat
1358 5700 1465 5760 non
1499 5686 1572 5745 ita
1600 5685 1787 5760 procul
1820 5685 1887 5739 ab
1916 5682 2069 5760 initio
2091 5683 2295 5760 Apolo-

2396 5693 2613 5755 coustat
2640 5684 3158 5755 glegeudmuifuissc
3195 5689 3274 5749 ei;
3306 5685 3398 5737 τὲν
3440 5686 3645 5754 κόσμον
3691 5683 3975 5754 εἰσελήλυ-

730 5753 914 5830 getici,
937 5759 1143 5827 etapud
1164 5758 1357 5830 Euseb.
1382 5756 1523 5830 Hist.
1547 5753 1810 5830 "(Graece
1826 5756 2137 5830 exponitur,
2158 5753 2300 5830 unde
2400 5754 2513 5819 θεν,
2553 5753 2760 5830 μαθών.
2800 5754 3225 5830 Post'Herodias
3283 5755 3571 5830 CleOpatra
3635 5753 3973 5818 nominatur,

731 5824 945 5886 videtur
974 5824 1261 5883 mutuatus
1284 5826 1584 5881 Ccilreuus.
1634 5825 1901 5879 Cancrum
1952 5825 2077 5879 inde
2133 5824 2297 5878 etiam

2404 5841 2514 5879 nun
2556 5826 2671 5879 scio
2705 5841 2769 5877 an
2798 5828 3006 5895 absque
3032 5825 3249 5879 menda.
3283 5824 3418 5880 th.
