4248 6456
719 389 828 449 375

1983 385 2304 449 GEORGII
2345 385 2683 450 C-EDRENI

3867 385 3974 450 376

723 503 780 552 ι’.
813 500 871 552 ιι.
912 499 1130 566 ﬂebant,
1165 500 1427 571 impedire
1451 501 1692 572 aggressi
1728 499 1956 556 Pilatum
1992 503 2293 565 irritarnnt;
2329 502 2370 559 Δ

2329 502 2370 559 Δ
2403 500 2664 570 βασιλέως
2716 496 2988 568 σωτηρίας
3019 496 3112 549 καὶ
3161 494 3254 550 τοῦ
3296 496 3585 566 Ῥωμαίων
3640 496 3825 558 ἔθνους
3881 495 3971 548 θυ-

719 595 878 662 isque
916 591 1515 663 Galilzeosjussitapud
1543 593 1811 648 sacriﬂcia
1834 608 1954 662 qua:
1987 595 2288 648 secundum

726 683 904 752 legem
964 684 1290 738 videbantur
1329 699 1515 754 agere,
1570 688 1754 740 necari
1789 703 1803 738 :
1835 686 2022 754 itaque
2052 685 2292 740 victimis

717 791 884 831 cruor
905 775 1249 832 oll'erentium
1279 792 1374 834 eas
1402 779 1698 849 permistus
1720 787 1828 834 est.

786 1049 853 1100 At
873 1063 1006 1104 vero
1034 1049 1308 1116 Tiberius,
1345 1051 1437 1120 qui
1470 1051 1524 1106 in
1551 1051 1840 1120 juventute
1869 1053 2180 1107 rectissime
2211 1054 2288 1107 vi-

719 1148 894 1204 xerat,
921 1142 1263 1212 philosophia
1282 1151 1335 1198 et
1351 1143 1671 1212 eloquentiae
1689 1153 1804 1197 arte
1821 1144 2153 1213 optimisque
2173 1160 2293 1198 mo-

717 1232 871 1286 ribus
889 1233 1173 1290 institutus
1191 1250 1257 1290 ac
1272 1234 1496 1299 ﬂorens,
1514 1234 1624 1304 jam
1649 1243 1902 1304 provecta
1936 1235 2102 1306 338
2130 1245 2290 1292 aetate

719 1323 905 1377 subito
927 1323 1163 1379 descivit
1188 1325 1255 1379 ad
1282 1325 1434 1392 vitia,
1461 1327 1535 1380 ita
1564 1327 1782 1397 quidem
1816 1334 1874 1380 ut
1908 1328 1977 1382 de
2019 1336 2289 1397 potestate

717 1415 921 1474 mentis
946 1419 1149 1474 exiisse
1181 1427 1488 1488 putaretur,
1521 1427 1578 1474 et
1603 1434 1631 1472 a
1669 1420 1812 1474 male
1837 1420 2018 1490 aliquo
2039 1422 2201 1491 genio
2221 1421 2287 1474 ad

716 1509 898 1562 omnia
955 1509 1179 1580 ﬂagitia,
1215 1512 1509 1580 parricidia
1553 1513 1937 1581 insaniamque
1996 1513 2286 1583 exagitari.

717 1596 834 1653 Non
863 1601 1009 1655 enim
1043 1603 1300 1657 omnibus
1329 1603 1490 1656 modo
1513 1609 1567 1657 et
1601 1604 1944 1658 naturalibus
1983 1613 2036 1657 et
2083 1612 2288 1656 naturae

718 1693 966 1750 adversis
994 1695 1253 1764 majorem
1285 1695 1337 1749 in
1366 1696 1583 1750 modum
1611 1713 1733 1751 sese
1758 1698 2028 1768 polluebat
2055 1697 2289 1751 libidini-

721 1783 842 1846 bus,
859 1784 953 1838 sed
984 1784 1051 1839 iis
1081 1785 1303 1852 insuper
1327 1800 1490 1840 omne
1519 1787 1800 1856 injustitia:
1829 1802 1892 1842 ac
1946 1787 2287 1843 crudelitatis

2396 589 2538 654 σίας,
2559 590 2783 652 είκότως
2805 589 2898 641 ἐπὶ
2919 587 3129 650 τούτοις
3156 587 3457 654 ἀγανακτεί
3488 586 3627 656 πρὸς
3651 584 3967 647 Γαλιλαίους

2394 683 2644 744 Πιλᾶτος,
2677 680 2772 734 καὶ
2790 679 3002 732 κελεύει
3039 679 3188 747 παρά
3219 679 3337 754 ταῖς
3393 677 3606 740 θυσίαις
3657 676 3723 740 ἃς
3757 676 3975 729 ἐδόκουν

2394 774 2535 828 κατὰ
2558 776 2720 843 νόμον
2763 771 3096 842 προσφέρειν
3142 771 3524 842 ἀναιρεθῆναι,
3567 770 3708 823 ὥστε
3763 770 3963 836 ἀναμι-

2393 865 2592 934 χθῆναι
2620 867 2744 928 ταῖς
2799 863 3273 933 προσφερομέναις
3325 865 3537 927 θυσίαις
3586 863 3647 916 τὸ
3693 856 3834 933 αἷμα
3865 859 3974 912 τῶν

2393 975 2601 1026 προσφε
2613 957 2832 1028 ρόντων.

2474 1049 2536 1101 ’0
2565 1047 2694 1115 γοῦν
2727 1047 2975 1118 Τιϐέριος
3005 1047 3242 1110 τοιοῦτος
3263 1047 3521 1118 ὑπάρχων
3546 1049 3602 1100 ἐν
3624 1049 3834 1118 νεότητι
3851 1050 3972 1120 ἄρι-

2393 1157 2516 1204 στος
2532 1141 2627 1193 καὶ
2639 1139 2815 1208 λόγοις
2829 1138 3139 1208 φιλοσόφοις
3152 1139 3558 1209 καὶρητορικοῖς
3571 1142 3661 1192 καὶ
3675 1139 3970 1208 βελτίστοις

2388 1234 2610 1303 τρόποις
2672 1233 2764 1284 καὶ
2815 1232 2996 1301 ἔργοις
3033 1230 3268 1300 κομῶνό
3295 1229 3578 1298 γεννάδας,
3628 1232 3763 1300 πρὸς
3793 1232 3970 1301 γῆρας

2391 1324 2562 1379 ἐλθὼν
2596 1326 2862 1396 αἰφνίδιον
2884 1327 2962 1388 είς
2997 1325 3095 1396 τὴν
3118 1325 3337 1394 χείρονα
3371 1323 3678 1393 μετεϐλήθη
3717 1323 3967 1394 γνώμην,

2392 1416 2535 1470 ὥστε
2567 1417 2660 1470 καὶ
2685 1417 3055 1486 παραφρονεῖν
3082 1415 3248 1468 αὑτὸν
3273 1415 3593 1484 νομισθῆναι
3628 1415 3720 1467 καὶ
3766 1414 3842 1477 ὡς
3865 1415 3972 1466 ὑπὸ

2397 1509 2652 1580 δαίμονος
2680 1508 2997 1562 ἐλαύνεσθαι
3033 1508 3168 1577 πρὸς
3197 1508 3378 1561 πᾶσαν
3434 1506 3818 1578 άνοσιουργίαν
3877 1508 3972 1559 καὶ

2396 1601 2713 1671 μιαιφονίαν
2750 1617 2808 1653 τε
2842 1600 2938 1654 καὶ
2991 1599 3402 1668 οίστρηλασίαν.
3453 1598 3562 1650 Καὶ
3591 1598 3652 1649 οὐ
3697 1598 3858 1666 μόνον
3913 1599 3973 1649 ἐν

2389 1694 2505 1755 τοῖς
2541 1693 2684 1746 κατὰ
2713 1691 2878 1759 φύσιν
2909 1693 3002 1745 καὶ
3025 1691 3175 1760 παρὰ
3223 1689 3386 1758 φύσιν
3443 1689 3634 1742 ἑαυτὸν
3667 1689 3970 1758 ἐϐεϐήλωσε

2391 1784 2516 1838 καθ’
2543 1783 2866 1855 ὑπερϐολήν,
2901 1782 3038 1836 ἀλλὰ
3057 1783 3151 1835 καὶ
3177 1784 3238 1834 ἐν
3268 1781 3418 1852 πάσῃ
3436 1782 3621 1848 ἀδικία
3647 1783 3744 1834 καὶ
3766 1798 3966 1851 τυραν-

717 1891 892 1943 genus
933 1876 1185 1931 addebat.
1220 1877 1295 1931 Ita
1323 1893 1454 1948 ergo
1507 1889 1660 1948 gesto
1685 1878 1913 1947 imperio
1942 1885 2000 1932 ut
2028 1893 2057 1932 a
2085 1881 2290 1935 virtute
2321 1871 2364 1926 Β
2384 1899 2394 1929 .‘

2281 1897 2290 1935 ι
2321 1871 2364 1926 Β
2384 1878 2515 1931 ,νίδι.
2547 1875 2732 1938 Οὕτως
2763 1873 2856 1930 οὖν
2878 1876 2976 1946 τήν
3005 1876 3181 1946 ἀρχὴν
3195 1875 3476 1945 διοικήσας
3494 1875 3588 1926 καὶ
3609 1874 3667 1938 ἐξ
3693 1874 3958 1944 ἀγαθοερ-

716 1967 782 2019 ad
815 1967 1212 2036 turpitudinem
1237 1969 1525 2037 prolapsus
1550 1968 1778 2023 terribili
1801 1966 2007 2022 saevitia
2037 1966 2292 2036 finitaque

719 2058 956 2112 avaritia
990 2065 1044 2112 et
1077 2057 1418 2112 obscenitate
1444 2057 1663 2149 iqfamis
1716 2067 1888 2121 esset,
1924 2060 2088 2113 vitam
2152 2060 2291 2114 [iniit

718 2149 874 2204 nullo
903 2149 1152 2219 pristinae
1179 2151 1398 2205 virtutis
1425 2159 1683 2220 percepto
1737 2150 1944 2218 fructu,
1985 2153 2080 2209 sed
2139 2163 2292 2210 tanto

720 2241 894 2311 magis
924 2255 1124 2296 exosus
1163 2242 1446 2306 omnibus,
1479 2243 1572 2312 qui
1603 2242 1669 2296 ad
1703 2251 2010 2298 extremum
2037 2243 2289 2299 libidino-

721 2345 781 2386 se
821 2332 1004 2385 omnia
1065 2331 1408 2399 delurpasset
1440 2340 1607 2402 atque
1659 2334 2026 2400 pervertisset.
2077 2333 2125 2390 Is
2158 2350 2291 2405 ergo

724 2423 790 2478 ad
827 2431 1030 2479 a-terna
1063 2425 1332 2494 supplicia
1363 2439 1488 2478 cum
1520 2425 1778 2481 omnibus
1816 2427 1986 2495 ipsius
2015 2425 2289 2482 similibus

721 2512 1002 2569 toleranda
1055 2515 1193 2568 abiit
1224 2531 1237 2568 :
1269 2516 1360 2585 qui
1422 2515 1564 2566 enim
1627 2514 1680 2568 in
1710 2514 1958 2570 salebras
1985 2517 2288 2582 declinant,

715 2615 812 2655 eos
842 2601 1105 2657 Dominus
1157 2619 1278 2658 cum
1327 2603 1611 2674 ﬂagitiosis
1675 2603 2022 2659 abducet”.
2057 2605 2292 2662 Proinde

728 2697 986 2750 convenit
1045 2698 1150 2751 huc
1208 2699 1352 2766 quod
1419 2698 1715 2768 Apostolus
1775 2698 1966 2753 dixit:
2032 2719 2050 2750 ι
2097 2701 2147 2756 Is
2197 2702 2289 2771 qui

716 2798 912 2842 auctor
936 2788 1091 2842 vobis
1127 2789 1226 2843 fuit
1259 2798 1402 2843 recte
1432 2789 1650 2858 agendi,
1687 2789 1734 2844 is
1758 2790 1920 2845 etiam
1945 2791 2187 2861 perﬁciet
2210 2794 2286 2858 ⁷,»

717 2879 1063 2959 οιοῡοηιίιιιιε
1097 2897 1108 2932 :
1169 2897 1186 2930 ι
1222 2879 1325 2945 Qui
1353 2878 1420 2933 ad
1463 2878 1621 2934 linem
1658 2895 1831 2950 usque
1860 2891 2192 2951 perseverat,
2245 2885 2290 2938 is

719 2965 1026 3019 servabitur
1053 2966 1094 3019 ⁸.
1137 2984 1156 3017 ι

794 3055 1088 3121 Eusebius,
1123 3057 1306 3112 multge
1333 3059 1414 3110 vir
1444 3059 1789 3122 eruditionis,
1821 3061 2292 3131 plurimarutnque

722 3163 902 3202 rerum
931 3151 1243 3216 cognitione
1267 3150 1515 3217 insignis.
1552 3151 1603 3203 in
1634 3150 1858 3206 Tabulis
1889 3153 2195 3208 Annalibus
2227 3155 2291 3206 de

721 3241 1027 3306 Antiochis,
1058 3241 1324 3305 Seleucis,
1357 3241 1684 3307 Ptolemais,
1730 3253 1782 3296 et
1817 3244 2165 3312 pontiﬁcibus-
2195 3247 2286 3312 ῳιὶ

721 3343 845 3402 post
884 3334 1116 3387 reditum
1151 3349 1215 3387 ex
1249 3334 1519 3404 Babylone
1560 3336 1758 3404 populo
1784 3335 2014 3390 Jurlaico
2057 3337 2286 3406 praeluc-

722 3435 868 3492 rnnt,
901 3427 1013 3480 lucc
1051 3427 1370 3496 compendio
1409 3427 1623 3481 scribit.
1681 3428 1985 3482 Alexander
2042 3429 2290 3482 Macedo-

725 3533 854 3570 nnnt
892 3534 983 3571 rer
1047 3532 1196 3571 anno
1249 3518 1332 3571 sui
1364 3519 1513 3587 regni
1571 3529 1727 3571 sexto
1783 3518 2001 3572 Darium
2047 3522 2290 3573 Arsamis

725 3610 892 3660 lilium
945 3608 1168 3669 devicit,
1201 3605 1598 3676 Persarumque
1654 3609 1934 3675 imperium
1997 3608 2288 3675 destruxit,

724 3700 868 3764 quod
899 3699 963 3751 ad
1021 3697 1185 3767 339
1220 3713 1342 3753 eum
1377 3713 1403 3749 a
1437 3698 1577 3766 Cyro
1608 3696 1900 3750 duraverat
1954 3712 2126 3750 anuus
2160 3698 2285 3752 250.

728 3788 1142 3844 Macedonicum
1181 3803 1407 3858 regnum
1443 3804 1469 3839 a
1501 3789 1717 3841 Gratiae
1759 3803 1930 3856 usque
1959 3788 2024 3841 ad
2055 3790 2290 3843 Alexan-

724 3882 886 3934 drum
914 3881 1157 3935 obtinuit
1187 3896 1280 3948 per
1307 3895 1481 3934 annos
1515 3880 1639 3933 518.
1678 3878 1753 3932 E0
1777 3878 2049 3950 Babylone
2077 3890 2292 3936 mortuo

727 3989 952 4038 regnum
983 3971 1314 4025 Macedoniae
1336 3971 1584 4039 Philippo
1605 3971 1818 4041 obtigit,
1838 3971 1982 4025 Asia:
1997 3970 2290 4042 Antigono,

725 4063 943 4134 Δίωνι)ιὶ
963 4063 1254 4117 Ptolemaeo
1271 4061 1399 4131 Lagi
1422 4061 1554 4125 lilio,
1577 4060 1746 4132 Syria:
1765 4060 1991 4117 Seleuco
2011 4062 2291 4120 Nicanori.

727 4156 826 4210 llic
854 4157 992 4210 duas
1025 4155 1188 4209 urbes
1230 4152 1498 4218 condidit,
1535 4153 1586 4205 in
1634 4153 1822 4206 Cilicia
1859 4153 2162 4208 Seleuciam
2194 4170 2294 4210 suo

723 4245 792 4298 de
821 4245 1045 4300 nomine
1070 4283 1088 4310 ,
1117 4245 1169 4297 in
1203 4243 1359 4314 Syria
1393 4241 1736 4296 Antiochiam
1790 4242 1901 4296 lilio
1955 4259 2060 4298 suo
2089 4257 2293 4315 cogno-

728 4339 952 4401 minem,
989 4337 1229 4406 itemque
1260 4335 1582 4389 Laodiceam
1612 4351 1641 4388 a
1678 4335 1785 4388 lilia
1818 4351 1916 4390 sua
1947 4338 2029 4392 sic
2057 4339 2288 4394 dictam.

727 4431 971 4496 Regnum
997 4445 1128 4499 ergo
1153 4430 1322 4499 Syria:
1352 4438 1468 4498 post
1509 4429 1878 4483 Alexandrum
1917 4432 2291 4502 higesserunt,

2395 1970 2520 2036 γίας
2552 1971 2630 2031 εἰς
2659 1969 2992 2039 κακοεργίαν
3033 1968 3375 2038 κατενεχθεὶς
3426 1969 3634 2037 φοϐερᾷ
3693 1967 3792 2037 μὲν
3823 1966 3972 2036 ὡμό-

2391 2077 2537 2129 τητι,
2576 2062 2792 2130 μυσαρᾷ
2820 2060 2877 2112 δὲ
2912 2060 3195 2130 πλεονεξία
3243 2060 3336 2111 καὶ
3381 2057 3742 2127 αἰσχρουργίᾳ
3799 2074 3966 2109 κατασ

2393 2154 2617 2224 στρέφει
2646 2152 2737 2204 τὸν
2769 2153 2903 2222 βίον,
2939 2151 3104 2223 μηδὲν
3125 2153 3190 2205 ἐκ
3223 2150 3324 2220 τῆς
3381 2149 3760 2220 προλαϐούσης
3811 2148 3972 2200 καλο-

2399 2244 2669 2311 καγαθίας
2697 2245 2794 2297 καὶ
2821 2245 3104 2313 ἀριστείας
3135 2241 3466 2311 ὠφεληθεὶς,
3487 2240 3627 2296 ἀλλὰ
3653 2240 3971 2309 καὶμᾶλλον

2393 2337 2496 2389 ὑπὸ
2522 2337 2740 2391 πάντων
2774 2336 3021 2406 μισηθεὶς
3052 2337 3129 2398 ὡς
3183 2338 3242 2388 ἐν
3263 2333 3342 2405 τῷ
3389 2333 3532 2386 τέλει
3574 2332 3636 2385 τὸ
3669 2333 3777 2384 πᾶν
3838 2331 3928 2396 ἐξυ
3949 2360 3961 2368 -

2391 2428 2586 2500 ϐρίσας
2613 2430 2707 2482 καὶ
2733 2428 3070 2496 διαφθείρας,
3099 2429 3191 2480 καὶ
3221 2428 3302 2489 εἰς
3323 2426 3543 2480 αἰώνιον
3572 2425 3796 2477 κόλασιν
3824 2425 3963 2491 μετὰ

2392 2522 2499 2575 τῶν
2532 2521 2698 2575 αὑτοῦ
2720 2521 2920 2590 ὁμοίων
2976 2518 3189 2572 ἀσεϐῶν
3236 2517 3593 2586 άπενεχθείςο
3656 2519 3780 2578 τοὺς
3844 2515 3955 2582 γὰρ

2393 2613 2743 2684 ἐγκρίνοντας
2766 2614 2844 2674 εἰς
2865 2612 2962 2672 τὰς
2985 2611 3357 2681 στραγγαλίας
3380 2609 3575 2672 ἀπάξει
3605 2608 3802 2674 Κύριος
3831 2608 3968 2676 μετᾶ

2391 2705 2500 2757 τῶν
2524 2702 2908 2772 ἐργαζομένων
2938 2702 3034 2772 τὴν
3087 2702 3339 2771 ἀνομίαν,
3399 2701 3637 2761 Εἰκότως
3668 2695 3761 2752 οὖν
3813 2700 3839 2749 ό
3871 2702 3971 2766 μὲν

2392 2798 2709 2859 Ἀπόστολος
2732 2797 2949 2864 ἔλεγεν·
2988 2814 3008 2848 ι
3055 2795 3114 2849 '0
3136 2796 3498 2864 ἐναρξάμενος
3537 2796 3594 2847 ἐν
3634 2796 3760 2862 ὑμῖν
3811 2793 3972 2861 ἔργον

2392 2890 2595 2957 ἀγαθὸν
2631 2889 2950 2941 ἐπιτελέσει.
2982 2906 3000 2936 ι
3041 2887 3098 2940 Ὀ
3126 2886 3182 2938 δὲ
3205 2887 3408 2957 Κύριός
3454 2901 3638 2955 φησιν’
3681 2903 3698 2935 ι
3749 2883 3806 2936 '0
3835 2883 3968 2932 ὑπο-

2397 2982 2582 3051 μείνας
2611 2982 2690 3042 εἰς
2711 2981 2884 3042 τέλος,
2920 2974 3074 3042 οὗτος
3121 2979 3480 3049 σωθήσεται.»

2465 3073 2550 3144 [Ρ.
2582 3071 2705 3142 ωδ]
2746 3073 2804 3124 Ὀ
2827 3072 3002 3124 τοίνυν
3036 3070 3352 3141 πολυμαθής
3383 3074 3476 3122 καὶ
3511 3073 3816 3142 πολυίστωρ
3850 3075 3952 3127 Εἰρ-

2396 3165 2593 3228 σέϐιος,
2632 3165 2689 3215 ἐν
2717 3166 2831 3224 τοῖς
2859 3163 3142 3231 Χρονικοῖς
3194 3165 3395 3216 Κανότι
3444 3166 3561 3231 περὶ
3600 3166 3708 3216 τῶν
3768 3168 3968 3218 Ἀντιο-

2393 3272 2524 3324 χων,
2556 3254 2648 3305 καὶ
2694 3253 2994 3318 Σελεύκων,
3043 3254 3136 3306 καὶ
3159 3255 3532 3322 Πτολεμαίων,
3563 3257 3782 3308 καὶτῶν
3822 3259 3962 3324 μετά

2390 3342 2488 3409 τὴν
2522 3343 2584 3392 ἐκ
2606 3341 2706 3409 τῆς
2734 3340 3050 3403 Βαϐυλῶνος
3075 3342 3328 3395 ἐπάνοδον
3348 3344 3818 3413 καθηγησαμένου
3861 3349 3964 3414 αρ-

2393 3432 2619 3498 χιερέων
2669 3433 2880 3495 διεξιὼν
2908 3436 2963 3483 ἐν
2997 3437 3249 3504 ἐπιτομῇ.
3298 3436 3422 3487 τάδε
3455 3437 3615 3503 φησίν
3647 3454 3658 3466 ·
3732 3438 3791 3491 Ὀ
3837 3438 3967 3504 γοῦν

3647 3529 3800 3581 ἕκτον
3849 3533 3967 3592 ἔτος

2391 3618 2540 3684 ἄγων
2572 3619 2667 3687 τῆς
2730 3618 3024 3686 βασιλείας,
3074 3624 3298 3688 Δαρεῖον
3346 3622 3431 3672 τὶν
3464 3622 3738 3692 Ἄρσαμον
3770 3643 3965 3692 [azym-

2395 3711 2649 3777 σάμενος,
2686 3710 2898 3760 καθεῖλε
2925 3712 3017 3779 τὴν
3059 3714 3281 3780 Περσῶν
3327 3713 3646 3764 δυναστείαν
3679 3715 3968 3782 διαρκέσα-

2405 3523 2747 3594 ’Λλέξανδρος
2784 3527 2808 3576 ο
2848 3526 2955 3574 τὼν
2989 3526 3314 3578 Μακεδόνων
3345 3528 3596 3595 βασιλεὺς

2396 3817 2495 3854 σαν
2517 3802 2624 3853 άπὸ
2669 3801 2848 3870 Κύρου
2882 3804 3040 3870 μέχρι
3091 3804 3318 3873 Δαρείου
3350 3805 3443 3873 ἔτη
3493 3805 3583 3856 εἴ.
3620 3806 3727 3873 Τῆς
3760 3806 3813 3856 δὲ
3862 3806 3969 3856 te};

2394 3893 2722 3946 Μακεδόνων
2771 3893 3046 3961 βασιλείας
3114 3897 3493 3965 κατασχούσης
3545 3899 3649 3948 ἀπὸ
3713 3897 3968 3966 Rga-.125

2392 3985 2496 4047 ἕως
2527 3984 2874 4054 Ἀλεξάνδρου
2904 3988 2996 4054 Ξτη
3040 3994 3180 4055 φιη’,
3211 3990 3304 4041 καὶ
3333 3989 3519 4040 τούτου
3551 3990 3968 4057 τελευτήσαντος

2395 4077 2453 4126 ἐν
2489 4075 2765 4126 Βαϐυλῶνι
2797 4076 3128 4144 διαδέχονται
3182 4078 3280 4146 τὴν
3312 4078 3485 4147 ἀρχὴν
3518 4077 3615 4144 τῆς
3653 4077 3748 4145 μὲν
3781 4079 3970 4130 Μακε-

2393 4167 2569 4228 δονίας
2585 4168 2870 4232 Φίλιππος,
2903 4171 2997 4236 τῆς
3016 4169 3072 4220 δὲ
3091 4171 3144 4220 Ἀ
3156 4171 3270 4231 σίας
3289 4171 3608 4238 Ἀντίγονος,
3623 4172 3717 4238 τῆς
3737 4172 3789 4222 δὲ
3811 4176 3846 4222 Α
3862 4173 3941 4236 Ῐ

2395 4277 2529 4314 πτου
2557 4261 2891 4332 Πτολεμαῖος
2919 4266 2948 4316 ό
2981 4266 3180 4330 Λάγου,
3215 4269 3312 4334 τῆς
3333 4267 3387 4318 δὲ
3414 4267 3613 4336 Συρίας
3663 4268 3917 4325 Σέὶενκος
3944 4270 3969 4317 ὁ

2395 4353 2653 4422 Νικάνωρ
2682 4369 2697 4382 ⁸
2732 4353 2788 4414 ὃς
2819 4355 2913 4406 καὶ
2944 4356 3126 4417 πόλεις
3154 4356 3246 4408 δύο
3267 4357 3479 4409 ἔκτισεν
3508 4359 3584 4418 εἰς
3611 4359 3678 4408 τὰ
3714 4359 3851 4426 μέρει
3874 4360 3911 4408 Κ
3930 4381 3969 4406 ιν

2395 4444 2574 4508 λικίας
2603 4446 2696 4500 καὶ
2717 4447 2911 4515 ἑτέραν
2943 4450 3019 4508 είς
3040 4449 3258 4516 Συρίαν,
3297 4450 3387 4499 καὶ
3405 4449 3501 4516 τήν
3522 4449 3620 4517 μὲν
3645 4449 3931 4501 Σελεύκεια
3957 4490 3962 4495 .

727 4521 994 4574 Seleucus
1045 4518 1302 4581 Nicanor,
1383 4519 1683 4572 Antiochus
1743 4519 1923 4582 Soter,
1984 4521 2404 4600 AntiochusDt

2288 4542 2291 4576 ἱ
2324 4545 2368 4600 ι)
2397 4535 2659 4588 ἐκάλεσεν
2685 4537 2764 4598 είς
2791 4536 2853 4587 τὸ
2873 4535 3042 4587 αὑτοῦ
3078 4536 3266 4605 όνομα,
3296 4537 3395 4606 τήν
3423 4537 3480 4588 δέ
3539 4537 3866 4605 Ἀντιόχειαν
3889 4540 3965 4600 είς

727 4610 966 4674 Nothus,
1000 4610 1053 4665 id
1083 4619 1170 4666 est
1209 4610 1451 4681 spurius,
1507 4610 1768 4665 Seleucus
1794 4612 2114 4679 Callinicus,
2164 4615 2291 4672 Ale-

727 4706 934 4759 x:mder
970 4703 1295 4767 Antiochus,
1331 4701 1592 4758 Seleucus
1624 4703 1954 4772 Philopator,
1990 4706 2292 4765 Antiochus

728 4794 1055 4865 Epiphanes.
1077 4793 1175 4848 llic
1191 4792 1386 4848 Oniam
1415 4793 1724 4864 pontiﬁcem
1755 4797 2048 4851 maximum
2079 4799 2293 4853 .Iudzeo-

724 4901 844 4940 rum
897 4884 1108 4954 depulit
1161 4885 1469 4941 sacerdotio
1502 4926 1517 4950 ,
1584 4895 1923 4957 conatusque
1973 4901 2057 4944 est
2114 4901 2287 4945 totum

725 4975 987 5044 populum
1013 4988 1044 5026 a
1071 4975 1263 5044 patriis
1299 4975 1500 5028 ritibus
1533 4975 1864 5031 detrudere:
1924 4979 2094 5034 aedem
2133 4980 2224 5034 Dei
2257 4997 2287 5036 a

724 5081 785 5120 se
815 5064 1162 5134 profanatam
1218 5063 1370 5121 Jovis
1426 5065 1662 5135 Olympii
1728 5067 1912 5120 fanum
1973 5072 2288 5139 appellavit.

723 5155 1052 5226 Judeosque
1079 5156 1418 5226 gravissimis
1477 5158 1738 5225 supplicis
1775 5159 1842 5212 ad
1877 5159 2098 5216 Graecus
2155 5163 2292 5218 ritus

724 5248 943 5318 adegit;
975 5263 1081 5317 quo
1115 5256 1359 5317 tempore
1402 5250 1566 5302 etiam
1602 5248 1886 5304 Maccabaei
1920 5253 2290 5307 excarniﬁcati

723 5348 874 5395 sunt.
915 5339 1200 5410 Templum
1236 5350 1346 5396 tres
1371 5357 1546 5396 annos
1582 5351 1853 5397 vastatum
1885 5342 2054 5398 Judas
2083 5345 2289 5400 Macca-

725 5431 878 5486 btens
911 5432 1076 5502 impio
1110 5433 1261 5486 cultu
1289 5449 1351 5486 ex
1387 5433 1571 5489 Iudaea
1604 5434 1892 5504 proﬂigato
1934 5439 2283 5495 instauravit.

729 5525 1010 5580 Successit
1045 5523 1307 5594 Epipltani
1344 5527 1648 5583 Antiochus
1707 5528 1972 5598 Eupator,
2031 5529 2154 5584 inde
2187 5531 2290 5586 De-

727 5616 956 5673 metrius
986 5615 1271 5682 Seleucus,
1295 5618 1603 5674 Alexander
1622 5619 1768 5676 Baiis
1797 5622 1964 5686 lilins,
1987 5622 2292 5677 Demetrius

796 5799 864 5830 Μ
903 5796 1045 5853 Psal.
1080 5814 1266 5867 cutv,
1303 5800 1356 5855 5.
1471 5803 1488 5832 ⁷
1533 5801 1764 5872 ΡΙιίΙίΡΡο
1803 5819 1843 5865 ³·
1877 5805 1908 5854 (⁵

2398 4626 2460 4678 τὸ
2511 4625 2606 4678 τοῦ
2665 4624 2785 4678 υίοῦ
2831 4625 3018 4688 αὐτοῦ,
3055 4628 3155 4696 τὴν
3201 4627 3257 4678 δὲ
3308 4626 3625 4679 Λαοδίκειαν
3657 4629 3735 4689 εἰς
3759 4627 3817 4679 τὸ
3862 4628 3958 4696 τῆς

2398 4715 2664 4786 θυγατρὸς
2694 4717 2881 4768 αὑτοῦ.
2908 4719 3016 4768 Καὶ
3031 4719 3080 4768 ot
3115 4719 3213 4786 μὲν
3257 4718 3354 4785 τῆς
3376 4719 3571 4786 Συρίας
3611 4718 3966 4783 βασιλεύσαν-

2395 4824 2486 4868 τες
2516 4807 2651 4874 μετά
2684 4806 3035 4876 Ἀλέξανδρον
3071 4808 3208 4859 εἰσιν
3242 4803 3405 4861 οὗτοι.
3442 4809 3705 4870 Σέλευκος
3742 4809 3770 4858 ὁ
3793 4808 3966 4860 Νικά-

2396 4915 2529 4968 νωρ,
2548 4897 2815 4966 ’Λντίοχος
2832 4900 2860 4950 ό
2877 4897 3190 4965 ἐπικληθεῖς
3206 4899 3415 4968 Σωτὴρ,
3445 4899 3712 4969 Ἀντίοχος
3727 4901 3754 4951 ό
3771 4899 3964 4962 Νὸθος,

2395 4985 2695 5049 Σέλευκοςὸ
2717 4987 3058 5052 Καλλίνικος,
3089 4989 3431 5058 Ἀλέξανδρο;
3459 4990 3747 5058 Ἀντίοχος,
3775 4991 3968 5042 Σέλευ-

2392 5093 2485 5140 κος
2514 5078 2542 5128 ὁ
2567 5075 2908 5144 φιλοπάτωρ,
2961 5076 3226 5146 Ἀντίοχος
3260 5079 3288 5129 ὁ
3331 5076 3653 5147 Ἐπιφανὴς,
3700 5078 3759 5140 ὃς
3785 5078 3969 5129 ὐνίαν

2387 5172 2480 5221 τὸν
2503 5165 2768 5237 ἀρχιερέα
2796 5165 2904 5218 τῶν
2945 5167 3217 5221 Ἰουδαίων
3260 5169 3475 5229 παύσας
3520 5168 3618 5235 τῆς
3666 5168 3967 5237 ἱερωσύνης

2388 5257 2621 5328 ὡρμήθη
2691 5258 3031 5326 μεταστῆσαι
3085 5259 3146 5310 τὸ
3197 5259 3305 5312 πᾶν
3361 5258 3512 5320 ἔθνος
3564 5259 3665 5326 τῆς
3709 5241 3968 5327 πατρῴας

2394 5349 2838 5419 θρησκείας.Καὶ
2867 5352 2926 5404 τὸ
2946 5352 3044 5419 μὲν
3094 5351 3239 5420 ἱερὸν
3293 5355 3488 5418 μιάνας
3530 5351 3828 5419 Ὀλυμπὲου
3847 5354 3966 5406 AA;

2395 5443 2523 5495 ναὸν
2550 5445 2980 5515 προσηγόρευσε,
3004 5443 3082 5512 τῷ
3101 5443 3156 5494 δὲ
3196 5442 3338 5494 ἔθνει
3364 5444 3612 5504 κολάσεις
3632 5447 3797 5510 ανηκέ
3814 5461 3900 5494 ετο
3915 5464 3969 5503 ις

2396 5534 2614 5601 ἐπάγων
2635 5537 2931 5605 ἑλληνίζειν
2947 5535 3274 5606 ἠνάγκαζεν.
3318 5535 3432 5602 Ἐφ’
3457 5529 3517 5588 οὗ
3537 5537 3628 5588 καὶ
3659 5537 3706 5587 οἱ
3733 5537 3971 5588 Μακκα-

2399 5623 2540 5678 ϐαἰοι
2579 5627 2987 5698 ἐμαρτύρησαν.
3018 5627 3091 5679 Τὸ
3108 5626 3162 5680 δὲ
3186 5625 3328 5694 ίερὸν
3353 5625 3494 5677 ἔτεσι
3526 5627 3704 5697 τρισῖν
3748 5628 3969 5695 ἐρημω-

2045 5802 2066 5833 ⁸
2103 5801 2290 5857 Matth.
2326 5819 2378 5870 ι,
2407 5804 2496 5858 2‘2.
