4248 6456
194 450 312 514 385

1306 439 1845 501 HISTORIARUM
1885 437 2413 499 COMPENDIUM.

3365 436 3477 502 386

272 559 446 620 Οὗτος
483 558 640 608 πόλιν
671 554 906 614 ἔκτισεν,
941 553 1031 604 ἐπὶ
1078 552 1156 621 τῷ
1201 551 1319 621 ἰδίῳ
1361 552 1585 619 ὀνόματι
1634 551 1784 603 καλέ-

1964 549 2231 604 Claudius
2260 548 2448 602 urbem
2475 543 2722 600 condidit
2752 545 2822 601 de
2846 560 2947 602 suo
2968 547 3193 603 nomine
3219 546 3480 605 Claudio.

201 671 304 717 σας
340 649 513 718 αὐτὴν
551 645 820 699 Κλαυδίου
852 645 1025 708 πόλιν,
1061 643 1156 694 καὶ
1197 642 1484 704 Ἰουδαίους
1507 643 1605 709 τῆς
1653 640 1788 692 Ῥώ-

203 762 315 811 μης
373 740 674 810 ἀπήλασεν.
750 737 873 790 Ἐπὶ
922 736 1114 788 τούτου
1162 736 1303 786 κατᾶ
1341 733 1441 803 τὴν
1471 734 1667 802 ἑορτὴν
1698 733 1791 783 τοῦ

201 836 404 902 Πάσχα
434 831 753 899 συγχύσεως
792 827 1094 897 γενομένης
1126 827 1184 878 ἐν
1214 823 1609 894 Ἰεροσολύμόις
1643 824 1794 892 μόνοι

199 924 542 993 πατηθέντες
573 922 667 975 καὶ
698 920 1064 980 ἀποθανόντες
1097 917 1402 986 εὑρέθησαν
1453 917 1789 984 τρισμύριοι.

198 1012 376 1076 υῦτος
405 1015 467 1067 ού
504 1014 665 1084 μόνον
700 1011 990 1072 Ἰουδαίους
1019 1011 1326 1079 ἐτυράννει,
1359 1005 1496 1061 ἀλιλά
1537 1009 1631 1058 καὶ
1657 1008 1795 1057 πάν-

199 1125 302 1169 τας
331 1108 462 1169 τοὺς
512 1108 570 1159 ἐν
631 1103 818 1174 Ῥώμῃ
858 1105 1167 1171 ἐπισήμους
1203 1100 1444 1172 ἀναιρῶν
1492 1100 1798 1171 ἐλάμϐανεν

199 1199 391 1254 αὐτῶν
427 1198 531 1260 τὰς
555 1196 766 1260 οὐσίας.
809 1195 952 1266 Πρὸς
992 1193 1205 1256 τούτοις
1237 1191 1323 1265 [Ρ.
1366 1191 1492 1263 198]
1536 1193 1632 1244 καὶ
1674 1191 1797 1244 δου-

203 1288 501 1360 λοκρατίαν
549 1288 924 1357 νομοθετήσας
978 1287 1249 1357 ἐπέτρεψε
1298 1287 1629 1356 κατηγορεῖν
1686 1285 1796 1337 τῶν

204 1381 528 1444 δεσποτῶν,
586 1379 644 1432 εί
703 1397 758 1433 τι
816 1379 1075 1432 συνίδοιεν
1147 1379 1334 1440 αὐτοῖς
1391 1377 1792 1448 πλημμέλημα.

207 1471 528 1527 Κάντεῦθεν
572 1470 722 1540 δεινὴ
753 1469 1014 1539 συμφορὰ
1045 1469 1369 1539 κατειλήφει
1407 1470 1506 1538 τὴν
1541 1470 1799 1538 οἰκουμέ-

206 1583 306 1636 νην
357 1565 544 1617 πᾶσαν
577 1563 715 1634 (45),
759 1563 867 1616 τῶν
919 1560 1151 1616 οἰκετῶν
1203 1559 1472 1629 μεγάλαις
1509 1559 1802 1629 τιμωρίαις

208 1655 634 1710 ὑποϐαλλόντων
657 1654 786 1717 τοὺς
811 1652 1099 1715 δεσπότας.
1165 1653 1240 1704 Οὐ
1291 1651 1398 1722 μὴν
1433 1651 1570 1704 ἀλλὰ
1599 1653 1691 1703 καὶ
1725 1654 1804 1714 είς

209 1747 413 1817 μανίαν
444 1745 746 1816 ἐκτραπεὶς
778 1745 997 1814 ἄθεσμά
1025 1761 1148 1797 τινα
1181 1744 1560 1813 διεπράττετο.
1604 1742 1803 1795 Φονεύ-

209 1852 313 1898 σας
363 1835 425 1888 δὲ
459 1835 590 1897 τοὺς
633 1835 812 1903 φονεῖς
873 1833 1040 1885 Γαΐου
1099 1832 1342 1904 ἀνῃρέθη
1393 1833 1498 1886 ὑπὸ
1526 1833 1625 1902 τῆς
1669 1833 1804 1894 ίδίας

206 1925 472 1993 γυναικὸς
508 1923 804 1995 φαρμάκῳ.

295 2017 425 2068 Ἐπὶ
473 2017 667 2068 τούτου
729 2015 988 2077 Ἰάκωϐος
1032 2017 1060 2066 ὁ
1092 2015 1377 2068 Ζεεεδαίου
1426 2013 1798 2083 ἐμαρτύρησε,

211 2109 309 2158 καὶ
343 2106 575 2175 Μάρκος
607 2104 664 2158 δέ
689 2107 717 2157 ὁ
745 2103 1144 2175 εὐαγγελιστὴς
1173 2105 1234 2156 τὸ
1269 2105 1389 2157 κατ’
1426 2104 1593 2156 αὐτὸν
1626 2104 1803 2170 Εὐαγ-

210 2198 398 2264 γέλιον
429 2198 715 2266 προτροπῇ
745 2196 954 2266 Πέτρου
984 2195 1388 2267 συνεγράψατο,
1426 2196 1521 2248 καὶ
1559 2197 1616 2247 ἐν
1639 2197 1805 2261 Αίγύ-

212 2305 337 2358 πτῳ
362 2287 586 2350 σταλεὶς
627 2287 722 2340 ὑπ’
767 2286 960 2350 αὐτοῦ,
996 2288 1215 2360 πρῶτος
1248 2287 1580 2357 Ἐκκλησίαν
1625 2287 1804 2358 πηξά-

215 2397 405 2452 μενος,
451 2380 626 2434 πολλά
682 2381 1026 2451 μοναστήρια
1083 2381 1475 2451 συνεστήσατο,
1526 2381 1670 2451 ἆπερ
1713 2398 1804 2432 σεο

216 2475 380 2541 μνεῖα
431 2473 555 2525 τότε
597 2471 1148 2542 προσηγορεύθησαν,
1200 2472 1384 2535 καθώς
1426 2490 1591 2543 φησιν
1639 2473 1809 2524 Εὐσέ-

211 2563 332 2626 ϐιος
358 2565 389 2615 ό
421 2562 732 2632 Παμφίλου,
760 2563 843 2615 ὃτι
871 2561 1099 2634 Μάρκον
1125 2565 1344 2635 πρῶτον
1374 2563 1532 2634 ίσμεν
1556 2565 1612 2617 ἑν
1641 2565 1806 2630 Αἰγύ-

215 2672 338 2724 πτῳ
383 2655 448 2706 τὸ
506 2654 841 2721 Εὐαγγέλιον
884 2657 1325 2726 συγγεγραφέναι
1359 2656 1454 2708 καὶ
1479 2655 1806 2725 Ἐκκλησίαν

214 2747 440 2814 πρῶτον
467 2747 556 2798 ἐπ’
597 2746 771 2815 αὐτῆς
799 2745 1213 2816 ’Δλεξανδρείας
1243 2746 1641 2816 συστήσασθαι.
1673 2746 1808 2799 Τοσ-

215 2838 357 2908 αύτη
411 2838 469 2891 δὲ
494 2839 605 2892 τῶν
653 2839 842 2892 αὐτόθι
884 2838 1330 2892 πεπιστευκότων
1365 2837 1574 2908 πληθὺς
1601 2838 1807 2908 ἀνδρῶν

216 2949 276 2985 τε
332 2931 432 2984 καὶ
462 2931 740 2998 γυναικῶν
795 2932 860 2983 ἐκ
912 2929 1138 2999 πρώτης
1191 2927 1451 2996 ἐπιϐολῆς
1484 2928 1713 2998 συνέστη
1743 2928 1807 2980 δι’

217 3024 514 3094 ἀσκήσεως
564 3022 1010 3091 φιλοσοφωτάτης
1052 3020 1146 3073 καὶ
1183 3019 1574 3089 σφοδροτάτης,
1605 3020 1679 3082 ὡς
1714 3019 1810 3072 καὶ¹

224 3114 555 3184 συγγραφῆς
604 3113 834 3178 ἀξιῶσαι
883 3113 984 3175 τὰς
1013 3110 1298 3182 διατριϐάς
1329 3127 1389 3162 τε
1430 3111 1522 3163 καὶ
1549 3108 1808 3163 συνελεύ-

225 3223 341 3268 σεις
397 3208 494 3258 καὶ
541 3207 724 3259 πᾶσαν
771 3204 937 3274 ἀλλην
966 3203 1060 3258 τοῦ
1111 3203 1334 3274 ἀρίστου
1373 3202 1488 3271 βίου
1532 3201 1810 3270 διαγωγὴν

220 3299 440 3352 1κλῶνα
468 3299 561 3352 τὸν
595 3300 925 3367 σοφώτατον,
962 3296 1038 3359 ὡς
1082 3295 1178 3348 καὶ
1212 3295 1493 3362 αὐτόπτην
1538 3293 1633 3346 τοῦ
1675 3295 1812 3346 ἀπο-

223 3389 423 3442 στόλου
449 3390 660 3460 Πέτρου
686 3389 783 3443 καὶ
809 3388 1077 3458 αὑτήκοον
1099 3388 1192 3439 καὶ
1217 3384 1507 3456 συνόμιλον
1534 3386 1592 3437 ἐν
1625 3383 1810 3454 Ῥώμῃ

221 3481 542 3550 γενόμενον.
606 3481 728 3535 Τῶν
762 3480 870 3550 γὰρ
903 3481 1031 3550 παρ’
1065 3477 1224 3550 ἡμῶν
1256 3477 1510 3546 ἀσκητῶν
1549 3476 1811 3544 ἀποδεχό-

226 3585 391 3637 μενος
423 3570 517 3622 τὸν
563 3569 699 3639 βίον,
735 3569 1008 3633 ὲκθειάζει
1038 3567 1243 3638 σφόδρα
1277 3568 1370 3620 καὶ
1403 3565 1658 3636 σεμνύνει
1689 3566 1812 3627 τοὺς

225 3661 350 3713 κατ’
401 3660 565 3712 αὐτὸν
598 3660 991 3721 ἁποστολικοὺς
1037 3657 1258 3731 ἄνδρας,
1293 3658 1352 3724 ἐξ
1396 3657 1686 3729 Ἐϐραίων,
1736 3657 1812 3720 ὡς

225 3753 396 3814 ἔοικε,
426 3749 719 3818 γεγονότας
753 3750 846 3802 καὶ
871 3749 982 3801 τῶν
1007 3748 1276 3802 Ἐσσαίων
1313 3749 1414 3820 τὴν
1440 3748 1677 3819 ἄσκησιν
1718 3749 1812 3801 καὶ

225 3842 513 3893 Δπολιτείαν
560 3835 621 3894 εὖ
654 3840 801 3910 μάλα
834 3840 1398 3910 προακοντισθέντων,
1445 3840 1566 3910 ἥτις
1615 3857 1676 3906 γε
1703 3839 1814 3895 τῶν

225 3932 619 4004 Γραμματέων
650 3933 743 3984 καὶ
769 3933 1081 4001 Φαρισαέων
1109 3931 1208 4001 τὴν
1234 3930 1582 4000 δικαιοσύνην
1612 3931 1672 3995 ἐξ
1695 3933 1815 3983 ἐπι-

231 4027 438 4096 μέτρου
471 4025 835 4092 διενέστηκεν.
899 4023 1031 4077 Ἀπὸ
1063 4024 1171 4094 γὰρ
1216 4022 1486 4092 Ἰωναδὰμ
1540 4024 1650 4094 (44)
1694 4023 1812 4076 υίοῦ

242 4115 441 4184 Ῥιχὰϐ
471 4114 834 4184 καταγόμενοι
867 4107 1013 4168 οὗτοι
1058 4114 1157 4184 τὴν
1201 4115 1542 4184 πανάρεστον
1570 4116 1815 4182 ὰκτημοο

230 4207 427 4276 σύνην,
450 4206 545 4258 καὶ
561 4204 928 4275 δικαιοσύνην,
944 4205 1039 4258 καὶ
1063 4202 1440 4274 σωφροσύνην,
1465 4203 1557 4255 καὶ
1578 4205 1816 4272 σκληρα-

1833 1914 1873 1968 Β

1837 3250 1879 3308 C

1894 645 2064 713 pulit),
2091 654 2140 695 cl
2175 642 2392 696 Judmos
2423 639 2594 692 Rtlma
2623 639 2850 708 expulit.
2886 639 3018 707 Ejus
3049 649 3302 710 tempore
3342 656 3472 698 cum

1899 747 2040 788 .nter
2067 732 2356 786 Pasehatis
2386 729 2814 785 celebrationem
2841 730 3111 786 tumultus
3141 732 3472 799 exstitisset,

1895 825 1964 876 50
1994 823 2166 876 millia
2194 821 2481 874 hominum
2540 826 2756 874 tantum
2817 819 2941 874 elisi
2989 829 3153 890 atque
3201 821 3479 878 interiecti

1895 926 2053 970 sunt.
2086 913 2278 984 Neque
2323 914 2378 966 in
2408 910 2629 967 Judmos
2689 912 2854 965 modo
2895 910 2989 965 ille
3035 911 3232 979 saeviit,
3283 913 3379 969 sed
3426 925 3483 970 ct

1899 1010 2089 1064 Romae
2143 1007 2554 1062 nobilissimum
2589 1020 2864 1076 quemque
2914 1005 3214 1060 trucidavit
3249 1005 3482 1076 ejusque

1896 1101 2038 1154 bona
2094 1097 2198 1151 sibi
2240 1095 2558 1151 vindicavit.
2600 1094 2679 1148 Ad
2720 1093 2838 1149 haec
2871 1096 3058 1150 servili
3096 1103 3369 1166 potestate
3403 1097 3485 1150 le-

1897 1191 2056 1261 gibus
2093 1189 2438 1250 conlirmata,
2474 1186 2651 1241 servis
2683 1186 2932 1255 permisit
2963 1195 3022 1242 ut
3058 1189 3314 1245 dominos
3349 1204 3486 1246 suos

1900 1286 2248 1339 accusarent.
2283 1277 2329 1330 si
2370 1276 2532 1346 cujus
2567 1291 2759 1329 eorum
2812 1275 2999 1331 delicti
3030 1289 3220 1335 essent
3249 1280 3482 1338 conscii.

1901 1369 2035 1436 Quae
2064 1385 2151 1424 res
2201 1377 2420 1424 atroces
2467 1383 2564 1438 per
2599 1369 2788 1424 orbem
2823 1377 3093 1425 terrarum
3145 1372 3486 1428 calamitates

1901 1462 2182 1525 excitavit.
2217 1475 2344 1516 cum
2380 1475 2572 1517 omnes
2617 1463 2822 1530 passim
2889 1464 3034 1517 servi
3079 1463 3320 1519 dominis
3369 1464 3487 1520 suis

1903 1557 2084 1626 gravia
2131 1553 2400 1624 supplicia
2431 1553 2810 1608 conciliarent.
2846 1553 2990 1621 Quin
3023 1563 3078 1611 et
3108 1571 3176 1613 eo
3216 1556 3489 1611 vecordiae

1902 1653 1988 1698 est
2033 1645 2324 1713 prolapsus
2374 1651 2432 1695 ut
2471 1641 2705 1696 summis
2755 1657 2878 1698 sese
2930 1643 3149 1713 ﬂagitiis
3195 1646 3486 1714 pollueret.

1905 1734 2147 1788 Tandem
2204 1749 2329 1786 cum
2381 1733 2498 1789 Caii
2534 1748 2896 1803 percussores
2949 1745 3223 1803 necasset,
3276 1751 3490 1792 veneno

1903 1832 1989 1878 est
2024 1824 2093 1877 ab
2125 1838 2298 1878 uxore
2332 1837 2431 1877 sua
2466 1823 2741 1879 sublatus.

1974 1999 2089 2056 Hoc
2111 2015 2295 2055 rerum
2345 1991 2586 2070 potiente
2611 1999 2854 2057 Iacobus
2881 2001 3128 2056 Zebedaii
3176 2003 3323 2059 illius
3356 2019 3491 2073 sup-

1905 2093 2075 2162 plicio
2138 2107 2242 2148 suo
2286 2093 2506 2148 veritati
2560 2093 2940 2149 testimonium
2975 2093 3119 2149 tulit.
3162 2092 3227 2148 Et
3272 2094 3492 2151 Marcus

1905 2185 2258 2256 Evangelium
2292 2183 2441 2241 Petri
2473 2186 2686 2239 monitu
2741 2184 3112 2255 conscripsit;
3169 2185 3488 2254 missuSque

1905 2275 1974 2329 ab
2005 2275 2156 2328 eoin
2187 2274 2484 2346 [Egyptum
2542 2276 2754 2344 primus
2807 2275 3033 2330 fundata
3094 2275 3365 2338 Ecclesia.
3417 2279 3490 2332 ibi

1906 2368 2076 2420 multa
2107 2367 2442 2423 monasteria
2465 2366 2634 2438 348
2673 2368 2936 2434 instituit,
2968 2383 3091 2437 qua:
3140 2385 3168 2422 a
3221 2371 3493 2439 gravitate

1909 2459 2073 2512 vitam
2108 2460 2184 2513 ibi
2215 2459 2532 2529 degentium
2565 2459 2819 2514 Semneia
2873 2469 3002 2516 tunc
3050 2462 3492 2532 appellabantur,

1907 2550 2365 2618 quemadmodum
2391 2549 2659 2606 Eusebius
2683 2549 2956 2621 Pamphili
2985 2553 3180 2607 scribit
3214 2570 3228 2608 :
3255 2554 3491 2624 primum

1913 2641 2155 2697 Marcum
2199 2644 2407 2698 scimus
2461 2644 2515 2697 in
2574 2642 2812 2714 Egypto
2860 2643 3214 2713 Evangeliqu
3268 2660 3496 2717 compo-

1924 2733 2126 2796 suisse,
2165 2734 2516 2803 primumque
2546 2727 2850 2790 Ecclesiain
2881 2736 3021 2804 apud
3048 2735 3220 2805 ipsam
3254 2737 3495 2792 Alexan-

1908 2823 2085 2878 driam
2138 2825 2464 2880 instituisse.
2499 2824 2672 2879 Tanta
2705 2833 2887 2880 autem
2919 2827 3097 2896 primo
3130 2843 3198 2884 eo
3233 2843 3496 2899 aggressu

1909 2913 2207 2967 multitudo
2246 2912 2487 2967 virorum
2548 2913 2954 2985 mulierumque
3011 2914 3171 2970 iidem
3199 2914 3498 2986 Evangelia

1911 3005 2178 3060 adhibens
2198 3005 2579 3060 exercitationi
2612 3006 2876 3060 virtutum
2913 3006 3414 3064 vehementissima:
3442 3018 3500 3065 et

1912 3110 2075 3166 quam
2109 3095 2346 3149 maxime
2395 3095 2789 3167 philosophica:
2833 3111 2957 3152 sese
2998 3096 3170 3165 dedit,
3204 3108 3266 3153 ut
3303 3115 3508 3155 eorum

1914 3190 2341 3246 consuetudines
2372 3199 2678 3246 conventus
2710 3199 3078 3262 ceteramque
3123 3195 3344 3264 Optima;
3375 3197 3500 3256 vita:

1917 3283 2185 3338 rationem
2215 3281 2529 3339 describere
2561 3285 2822 3356 dignatus
2855 3287 2928 3340 sit
2949 3287 3126 3355 Philo,
3147 3287 3501 3345 doctissimus

1918 3376 2022 3442 vir,
2058 3375 2151 3445 qui
2202 3372 2391 3430 Romae
2444 3373 2665 3430 Petrum
2709 3378 3018 3446 apostolum
3063 3378 3215 3443 vidit,
3266 3379 3499 3447 audivit,

1917 3481 2154 3535 cumque
2184 3481 2249 3521 eo
2277 3473 2363 3520 est
2391 3465 2724 3522 collocutus.
2754 3467 2807 3524 Is
2831 3469 2977 3523 enim
3001 3480 3337 3536 nostrorum,
3361 3489 3503 3541 quos

1919 3558 1988 3612 ab
2025 3556 2415 3611 exercitatione
2464 3556 2732 3611 bonorum
2785 3573 3013 3629 operum
3070 3573 3286 3618 ascetas
3335 3579 3501 3619 voca-

1920 3648 2073 3712 bant,
2099 3645 2342 3716 probans
2372 3647 2563 3709 vitam.
2599 3649 2798 3703 mirum
2849 3651 2906 3705 in
2955 3653 3178 3708 modum
3243 3654 3499 3713 laudibus

1917 3739 2059 3794 tollit
2096 3753 2159 3793 ac
2193 3738 2481 3808 magniﬁce
2507 3741 2772 3811 praedicat
2820 3744 3156 3813 apostolicos
3183 3762 3298 3802 suae
3323 3750 3504 3806 aetatis

1917 3832 2086 3895 viros,
2120 3831 2189 3885 ab
2214 3829 2478 3896 Hebraeis,
2509 3843 2566 3887 ut
2596 3834 2837 3901 videtur,
2869 3837 3161 3904 oriundos,
3193 3855 3258 3894 ac
3287 3839 3500 3897 Essaeo-

1920 3938 2039 3977 rum
2078 3922 2329 3978 moribus
2379 3933 2434 3979 et
2465 3925 2754 3994 disciplina
2787 3929 3049 3997 prmclare
3083 3932 3234 4002 prius
3280 3932 3501 3988 institu-

1918 4027 2022 4071 tos.
2060 4016 2370 4070 Essaaorum
2418 4025 2565 4071 secta
2624 4015 2939 4073 Scribarum
2986 4029 3040 4075 et
3093 4021 3502 4079 Pharisteorum

1917 4109 2188 4178 justitiam
2249 4125 2446 4179 magno
2503 4119 2627 4180 post
2675 4127 2732 4166 se
2767 4112 2989 4182 reliquit
3041 4115 3352 4172 intervallo.
3391 4116 3497 4171 lia

1921 4201 2201 4257 Jonadabo
2233 4198 2461 4257 Riehabi
2499 4205 2609 4258 lilio
2639 4220 2810 4275 genus
2842 4205 3126 4272 ducentes,
3156 4212 3499 4280 praestantis-

230 4296 444 4364 γωγίαν
490 4295 796 4361 ἐπέτειναν,
828 4293 1011 4357 καθώς
1066 4311 1202 4363 φησι
1241 4294 1336 4347 καὶ
1375 4291 1638 4364 Ἰώσηπος
1690 4293 1802 4363 περ

1930 4295 2128 4352 simam
2173 4295 2329 4363 longe
2356 4295 2490 4349 nihil
2525 4296 2840 4366 possidendi
2877 4301 3169 4366 rationem,
3200 4301 3495 4372 justitiam,

1360 4451 1715 4507 XYLANDRI
1768 4453 1858 4507 ET
1909 4452 2115 4508 GOARI
2152 4451 2385 4508 ΝΟΤΔιι.

231 4573 268 4625 4
296 4569 640 4641 Olympiadis
688 4570 791 4626 155
829 4571 1203 4641 Theram__et_
1236 4568 1554 4641 Therasiam
1602 4579 1814 4626 enatas.

234 4639 383 4694 Fuit'
419 4649 605 4694 autem
637 4641 754 4710 hoc
783 4657 930 4696 anno
960 4641 1030 4695 ab
1062 4639 1229 4710 U.iC.
1265 4640 1395 4704 516,
1434 4642 1816 4710 quinquennio
1850 4642 1892 4696 D
1921 4639 2146 4708 praecise
2175 4642 2421 4693 numeris
2461 4641 2761 4697 annotatis.

1923 4585 2048 4622 vum
2080 4584 2183 4622 non
2209 4577 2313 4632 est,
2358 4568 2458 4623 150
2508 4585 2605 4639 pro
2637 4571 2739 4624 155
2790 4571 2939 4639 poni,
2981 4587 3091 4627 non
3143 4579 3337 4627 exacte
3396 4581 3496 4628 aut

2840 4656 2968 4696 orro
2988 4641 3228 4698 Theram
3263 4653 3318 4697 et
3354 4642 3500 4698 The-

233 4721 358 4782 post
388 4710 607 4782 [initum
633 4709 835 4782 bellum
868 4712 1101 4782 primum
1126 4709 1413 4764 Punicum.
1437 4709 1816 4782 ldetnl’linius
1927 4710 2125 4782 rasiam
2158 4710 2357 4782 (neque
2386 4711 2767 4782 hicrloquorde
2782 4725 2843 4765 ea
2871 4728 2992 4782 qua:
3032 4728 3139 4766 una
3175 4729 3242 4767 ex
3295 4711 3503 4769 Aeoliis

236 4779 446 4849 ibidem
466 4779 850 4849 scribitinter
869 4779 1100 4834 easdem
1134 4789 1258 4849 post
1284 4796 1457 4835 annos
1493 4780 1591 4833 150
1624 4780 1697 4849 (id
1732 4789 1817 4834 est

235 4865 384 4905 anno
412 4847 520 4902 646
543 4850 612 4902 ab
646 4846 713 4902 U.
735 4850 824 4911 6.,
867 4850 1087 4903 biennio
1134 4846 1427 4918 antequam
1461 4846 1656 4918 Cicero
1691 4866 1820 4905 nas-

236 4929 480 4982 ceretur,
518 4921 573 4971 in
609 4918 713 4972 [ine
771 4920 896 4973 belli
935 4917 1291 4987 Jugurthini)’
1315 4930 1530 4974 enatam
1571 4917 1814 4981 Hleram,

235 5005 359 5060 qua:
393 4997 449 5042 et
470 4989 770 5042 Antomate
797 4990 1029 5060 dicatur.
1054 4989 1131 5060 Et
1153 4989 1221 5042 ab
1243 5004 1330 5054 ea,
1370 4991 1568 5058 inquit,
1590 4989 1818 5060 duobus

236 5059 436 5115 stadiis
495 5068 619 5127 post
675 5074 850 5112 annos
885 5059 1007 5124 110,
1052 5059 1105 5112 in
1143 5067 1331 5112 nostro
1379 5075 1514 5123 arvo,
1554 5059 1623 5111 ill.
1655 5059 1819 5114 Junio

240 5129 432 5184 Silano
460 5128 520 5181 L.
566 5129 736 5183 Balbo
772 5144 918 5184 coss.
950 5144 1003 5181 a.
1052 5129 1106 5182 d.
1137 5142 1237 5182 vm
1272 5131 1391 5181 idus
1421 5127 1616 5194 Julias,
1658 5129 1816 5182 Titia.

243 5202 282 5252 li
311 5201 579 5252 consules
625 5207 907 5268 ponuntur
947 5201 1012 5253 ad
1045 5213 1246 5251 annum
1280 5198 1376 5252 771
1411 5199 1479 5252 ab
1515 5199 1577 5252 U.
1610 5203 1694 5265 (2.,
1722 5199 1817 5252 Ti-

244 5272 378 5323 berii
414 5267 693 5337 quintum.
752 5267 934 5332 Quare
994 5269 1152 5322 Plinii
1196 5271 1370 5333 locus,
1429 5271 1472 5322 si
1522 5287 1626 5323 non
1676 5279 1820 5323 ρμειιι

243 5342 566 5399 mendosus.
595 5337 912 5392 dissentiret
943 5353 972 5391 a
1006 5343 1283 5391 communi
1322 5340 1531 5392 calculo
1577 5343 1705 5394 totis
1757 5341 1819 5393 15

241 5410 423 5462 annis.
451 5407 610 5474 Quod
643 5424 815 5474 neque
846 5410 1019 5476 ipsius
1059 5408 1352 5477 diligenthc
1385 5426 1556 5476 neque
1589 5411 1817 5462 alierum

242 5481 575 5548 scriptorum
608 5493 730 5531 cum
759 5480 1238 5548 eofcunvenientlaz
1262 5491 1342 5532 cst
1363 5492 1816 5532 consentaneum.

243 5547 337 5601 Diu
365 5549 638 5618 Cocceius
659 5549 693 5618 l.
722 5548 792 5599 60
824 5547 1056 5603 insulam
1092 5549 1165 5600 ait
1185 5563 1354 5618 prope
1384 5550 1618 5602 Tllt‘l‘alll
1653 5552 1821 5604 fuisse

242 5631 459 5670 enatam
496 5616 730 5670 Claudio
766 5619 818 5678 4,
849 5618 907 5670 L.
949 5618 1162 5672 Vitellio
1186 5616 1219 5672 5
1248 5621 1494 5684 cunsulu,
1519 5636 1611 5678 cui
1647 5634 1821 5673 annus

245 5689 344 5740 iuit
374 5691 444 5740 ab
469 5687 538 5743 υ.
561 5686 624 5739 C.
647 5687 753 5741 800
777 5699 892 5751 aut,
926 5697 983 5740 ιιι
1011 5689 1187 5742 visum
1217 5691 1358 5744 aliis.
1401 5690 1518 5743 770.
1553 5689 1822 5758 Loquitur

245 5760 603 5827 :mtenthauli
641 5759 805 5812 dubie
839 5760 941 5812 hac
961 5758 1029 5812 de
1052 5773 1109 5811 re
1135 5768 1188 5811 et
1220 5760 1287 5812 de
1313 5758 1448 5810 Tiliu
1486 5761 1609 5813 ista.
1641 5763 1821 5827 Itaque

250 5826 544 5896 videndum
575 5841 662 5882 est
692 5843 874 5881 annon
917 5830 1202 5896 scripserit
1252 5829 1460 5882 Plinius
1510 5841 1625 5894 post
1655 5844 1819 5882 annos

250 5895 367 5962 150,
408 5898 500 5951 ubi
538 5912 687 5952 nunc
717 5897 818 5952 150
849 5895 1102 5970 leguntur
1130 5916 1143 5951 :
1181 5915 1305 5953 nam
1339 5899 1440 5954 hoc
1470 5901 1689 5970 quidem
1723 5914 1820 5954 n0-

1925 4779 2046 4849 fuit,
2089 4777 2298 4832 Plinius
2320 4795 2412 4849 rm,
2447 4781 2500 4849 9)
2556 4777 2764 4835 insulas
2817 4777 2941 4848 esse
2984 4783 3143 4839 duas.
3215 4798 3326 4838 non
3389 4799 3500 4838 una

1923 4864 1986 4922 ex
2006 4846 2166 4900 Plinii
2199 4865 2272 4922 iv,
2312 4848 2399 4913 12,
2429 4846 2589 4922 lac-ile
2628 4846 2930 4922 intelliges;
2968 4853 3059 4908 ubi
3091 4851 3411 4908 Therasiam
3469 4868 3499 4905 a

1926 4917 2104 4970 Thr-ra
2131 4921 2400 4993 avulsam,
2430 4921 2682 4993 interque
2736 4917 2831 4976 eas
2881 4917 3116 4993 primum
3149 4925 3500 4990 Automaten,

1924 4998 2123 5062 postea
2142 4989 2307 5062 etiam
2342 4987 2790 5062 'lhianre'natam
2838 4987 3051 5062 scribit.
3102 4987 3500 5062 Blaudiopoliui

1926 5074 1977 5135 _p_.
2021 5058 2124 5111 517
2146 5074 2194 5111 v.
2217 5058 2306 5135 _i_0
2340 5058 2699 5135 Cappadociae
2745 5061 2884 5135 idem
2916 5061 3154 5135 refertv,
3185 5063 3278 5135 24.
3304 5058 3500 5135 Xiphi-

1923 5127 2074 5203 linus
2096 5143 2160 5182 cx
2215 5127 2692 5203 Dionis‘Atlrianu
2722 5133 2968 5203 nominat
2995 5133 3344 5203 Bithynidem
3376 5127 3503 5186 ’Βὶ-

1927 5199 2128 5273 thyniae
2181 5199 2395 5273 urbem,
2438 5216 2556 5266 qua:
2593 5202 2728 5273 alias
2767 5199 3139 5273 Claudiopolis
3161 5203 3398 5273 dicatur.
3436 5203 3503 5256 Et

1925 5268 1990 5343 de
2027 5270 2259 5343 tumultu
2291 5267 2605 5343 Juidteorum
2638 5272 2739 5343 sub
2769 5267 3017 5343 Claudio'
3041 5272 3162 5326 vide
3199 5271 3500 5343 Josephunt

1925 5339 2185 5412 ᾼιιιὶᾳιιίι.
2221 5354 2306 5402 xx,
2332 5342 2393 5412 ό,
2429 5339 2628 5394 Euseb.
2659 5342 2804 5394 Hist.
2839 5341 3041 5396 Eccles.
3075 5358 3136 5405 ιι,
3191 5344 3280 5397 19.
3330 5339 3503 5412 Ἀριιό

1923 5405 2223 5483 losophum
2251 5409 2469 5483 quidem
2491 5412 2795 5483 an_tutn_8tio
2827 5412 3082 5480 μυριάδες
3102 5413 3356 5483 leguntur
3382 5405 3502 5482 ῥυν-

1926 5479 2074 5537 iisse.
2099 5479 2169 5530 ‘20
2195 5480 2380 5532 millia.
2404 5478 2508 5534 Sed
2542 5480 2808 5534 Eusebius
2828 5478 3000 5535 lla—bet
3029 5491 3085 5535 ut
3127 5478 3332 5537 noster.
3367 5478 3502 5537 Σγι..

1997 5549 2111 5616 (45)
2142 5549 2202 5602 ln
2250 5552 2531 5627 margille,_
2565 5550 2983 5627 'Ava‘foyiﬁ‘ogat
3040 5553 3130 5627 καὶ
3155 5552 3346 5627 Δαιΰςςὸς
3403 5572 3505 5627 την

1925 5618 2046 5691 τότε
2081 5618 2400 5691 ,συμφορᾲνίο
2465 5621 2624 5686 φύσει
2654 5621 2762 5688 γὰρ
2819 5622 3010 5691 ἐχθρὸν
3043 5622 3115 5691 τὸ
3150 5621 3340 5691 δούλαν
3389 5618 3504 5685 τοὶς

1923 5687 2229 5750 δεσπόταις.
2293 5688 2468 5743 Nerva
2509 5693 2611 5744 huc
2633 5687 2892 5756 ,cdictuin
2920 5687 3192 5746 abolevit.
3223 5689 3358 5753 Xrt.

1998 5759 2110 5844 (μ)
2134 5757 2277 5844 γπιθ
2294 5756 2495 5844 ³81⁵6111.
2529 5776 2688 5844 xxxv.
2717 5759 2796 5844 Pe
2822 5761 3170 5844 E_ss:eisnle_ge
3189 5759 3497 5844 gosephum

1927 5828 2184 5902 Antiquit.
2220 5843 2379 5902 _x_\'tlt,
2413 5830 2467 5894 2,
2524 5839 2578 5884 el.
2602 5834 2789 5902 inulto
2819 5828 3145 5902 βίω-οβεζῇ
3172 5828 3389 5887 Iudaici
3430 5845 3496 5902 tl,

1930 5900 2016 5965 1'2,
2046 5901 2185 5953 unde
2218 5897 2409 5956 Noster
2436 5900 2723 5971 complura
2749 5897 3046 5957 transtulit.
3082 5899 3214 5956 Χιί..
