4248 6456
185 438 308 507 359

1306 424 1355 482 Ii
1370 424 1438 481 ῐ.·;›
1452 420 1616 481 l'ORl
1630 420 1783 478 ΑΒΕ
1798 419 1849 478 Μ
1875 416 2408 480 COMPENDIUM.

3363 416 3474 488 390

188 553 258 602 δὲ
290 548 476 613 πάσης
510 541 758 601 ἐναντίας
810 535 970 606 δόξης
1007 534 1103 588 καὶ
1148 533 1435 605 λατρείας.
1490 531 1581 583 καὶ
1615 528 1789 600 ταύτῃ
1820 534 1865 591 Α

1820 534 1868 591 Α
1901 544 2015 582 crae
2050 527 2211 583 istius
2275 522 2542 580 doctrina:
2598 537 2663 580 ac
2716 523 3114 582 venerabilium
3162 524 3470 583 studiorum

202 640 349 710 μόνῃ
388 635 750 707 προσανέχειν
778 631 845 700 τῇ
877 628 999 698 θείᾳ
1041 625 1236 697 μέχρις
1267 625 1496 694 αἵματος
1521 621 1790 695 θρησκείᾳ

201 732 303 784 καὶ
343 725 706 783 καταστάσει.
766 721 859 774 Ἐκ
905 719 1010 788 τῆς
1043 716 1248 786 πολλῆς
1277 714 1335 769 δὲ
1380 715 1668 783 ἀσκήσεως
1699 713 1791 763 καὶ

200 821 583 891 καθαρότητος
610 813 796 868 πολλοὶ
818 811 917 867 καὶ
942 808 1012 864 τὰ
1036 808 1300 879 μέλλοντα
1318 805 1790 877 προγινώσκουσιν

201 917 269 967 ἑκ
319 911 480 973 θείας
522 907 812 967 ἐπιπνοίας
839 902 933 955 καὶ
976 902 1220 972 χάριτος,
1250 896 1666 966 ἀκαταπαύστῳ
1701 914 1794 966 με..

201 1003 334 1072 an
367 998 667 1072 προφητῶν
716 996 811 1049 καὶ
836 993 1040 1046 λοιπῶν
1073 992 1236 1062 ἱερῶν
1270 990 1465 1057 λογων
1498 988 1591 1041 καὶ
1623 1004 1795 1056 προσ-

200 1094 336 1164 ευχῇ
369 1086 981 1161 ἐμπαιδοτριϐούμενοι,

1893 634 2054 673 secus
2112 617 2437 671 traditurum
2489 629 2653 685 quam
2702 614 2810 684 ipsi
2867 614 3203 686 acceperint,
3253 629 3475 672 omnem

1896 710 2173 765 diversam
2204 707 2524 780 opinionem
2555 720 2621 761 ac
2652 706 2971 778 religionem
3002 709 3293 773 vitaturos,
3342 707 3477 762 huic

1897 800 2097 856 divinae
2127 799 2378 868 religioni
2401 798 2570 854 unice
2622 813 2800 870 usque
2831 798 2900 854 ad
2948 800 3269 867 sanguinem
3295 814 3357 855 se
3383 797 3477 869 pie

1905 906 1971 944 ac
2030 896 2351 943 reverenter
2406 902 2629 957 operam
2679 896 2998 942 navaturos.
3042 886 3470 957 Consequuntur

1905 985 2009 1037 hoc
2040 981 2196 1036 multi
2238 980 2485 1050 ipsorum
2540 990 2806 1050 perpetua
2855 979 3253 1035 exercitatione
3309 984 3477 1047 atque

1906 1075 2145 1141 puritate
2182 1083 2239 1125 ut
2272 1070 2461 1123 divino
2495 1078 2631 1123 nutu
2679 1080 2841 1135 atque
2874 1069 3047 1140 gratia
3095 1070 3261 1121 etiam
3293 1065 3475 1120 futura

203 1161 571 1256 pratvideant,
598 1184 729 1237 dum
762 1180 870 1251 iugi
904 1178 1062 1249 351
1092 1175 1278 1233 studio
1323 1184 1509 1228 vatum
1562 1170 1784 1227 oracula
1824 1175 1876 1219 et
1901 1167 2172 1236 reliquum
2207 1178 2488 1219 sacrarum
2523 1161 2855 1218 Litterarum
2918 1162 3224 1218 lectitantes
3289 1162 3475 1231 preci-

206 1283 425 1351 basque
454 1276 830 1334 incumbentes
866 1276 941 1329 ita
986 1271 1333 1328 erudiuntur.

272 1370 502 1438 Ταύτην
529 1368 614 1436 (P.
646 1366 773 1435 200)
808 1361 903 1418 οὖν
949 1365 979 1416 ὁ
1020 1361 1282 1430 Ἰώσηπος
1313 1361 1500 1428 ἄκρως
1533 1355 1783 1425 ἀσκήσας

198 1464 304 1531 τὴν
346 1457 668 1525 φιλοσοφίαν
720 1454 813 1507 ἐπὶ
872 1452 1079 1523 μείζονι
1135 1452 1465 1518 προκόπτειν
1505 1448 1785 1499 ἔσπευσεν.

215 1553 494 1612 ’Δκούσας
525 1548 635 1617 γάρ
661 1563 783 1599 τινα
826 1544 1190 1614 διαφερόντως
1221 1541 1490 1594 ἀσκοῦντα
1526 1539 1661 1591 κατὰ
1692 1537 1791 1604 τὴν

204 1645 420 1713 ἔρημον
465 1640 665 1693 ’Ᾱσδᾶν
695 1636 1123 1707 ὀνομαζόμενον,
1173 1634 1358 1703 ἐσθῆτι
1406 1632 1505 1699 μὲν
1541 1630 1647 1683 ἀπὸ
1675 1628 1791 1678 δέν-

203 1737 349 1807 ὅρων
396 1730 834 1800 καλυπτόμενον,
873 1731 1049 1801 τροφῇ
1080 1727 1137 1780 δὲ
1177 1726 1501 1793 αὐτομάτως
1545 1721 1784 1789 φυομένῃ
1818 1759 1863 1817 Β

204 1826 520 1896 χρώμενον,
564 1824 656 1878 καὶ
705 1824 806 1893 τὴν
834 1822 1012 1891 ἄκραν
1067 1821 1300 1888 ἄσκησιν
1331 1814 1498 1869 αὑτοῦ
1538 1812 1787 1883 ζηλώσας

204 1918 345 1987 πρὸς
397 1918 564 1971 αὑτὸν
599 1917 850 1983 ἀφίκετο,
889 1913 993 1964 -καὶ
1025 1913 1175 1980 τρεῖς
1208 1910 1337 1978 παρ’
1382 1908 1532 1977 αὐτῴ
1560 1908 1789 1975 ποιήσας

204 2010 495 2070 ἐνιαυτοὺς
530 2010 609 2069 εις
634 2007 733 2076 τὴν
771 2006 927 2060 πόλιν
961 2000 1268 2073 ὑπέστρεψε
1293 2001 1387 2055 καὶ
1413 2004 1478 2072 τῇ
1522 2000 1633 2052 τῶν
1686 1999 1794 2050 Φα-

200 2099 448 2171 ρισαίων
486 2097 833 2151 ἐπολιτεύετο
860 2095 1196 2165 δικαιοσύνῃ.

295 2181 355 2242 ’0
387 2189 449 2241 δέ
475 2206 540 2256 γε
568 2188 766 2249 Φίλων,
808 2188 883 2249 ὡς
905 2186 1144 2256 εἴρηται,
1182 2184 1309 2253 περὶ
1336 2186 1442 2236 τῶν
1476 2182 1534 2245 ἐξ
1573 2180 1792 2250 Ἐϐραί-

194 2299 284 2334 ων
365 2282 661 2353 ἡμετέρων
726 2279 980 2348 ἀσκητῶν
1050 2276 1442 2343 ἀναφανέντων
1517 2276 1791 2343 μέμνηται

208 2373 404 2442 σαφῶς
435 2375 495 2425 ὲν
526 2371 604 2441 τῷ
634 2371 780 2437 λόγῳ
805 2375 862 2424 ὲν
900 2366 944 2437 ᾧ
975 2365 1258 2437 ἐπέγραψε
1292 2367 1422 2433 περὶ
1456 2364 1790 2434 θεωρητικοῦ

208 2463 355 2533 βίου,
410 2462 508 2524 οὓς
558 2461 911 2531 Θεραπευτὰς
962 2459 1054 2511 καὶ
1107 2460 1206 2519 τὰς
1239 2458 1641 2527 ὁμοιοσχήμους
1694 2459 1789 2509 καὶ

206 2553 559 2622 ὁμοτρόπους
609 2554 872 2621 γυναῖκας
922 2549 1330 2619 Θεραπεύτιδας
1364 2548 1637 2616 ὠνόμασε.
1684 2549 1794 2600 Καὶ

207 2645 557 2715 θεραπευταὶ
596 2642 721 2712 μὲν,
761 2641 946 2712 φησὶν,
990 2640 1284 2710 ὲκέκληντο
1310 2638 1344 2708 ἢ
1391 2637 1542 2706 παρὰ
1584 2636 1645 2689 τὸ
1699 2639 1795 2701 τὰς

208 2737 391 2807 ψυχὰς
431 2736 545 2788 τῶν
590 2735 925 2804 προσιόντων
964 2731 1144 2792 αὐτοῖς
1195 2728 1304 2781 ἀπὸ
1356 2727 1560 2789 κακίας
1607 2727 1795 2778 παθῶν

211 2828 424 2896 ἰατρῶν
453 2827 611 2894 δίκην
633 2825 1076 2885 ἀπαλλάττοντας
1103 2819 1451 2892 θεραπεύειν,
1486 2820 1518 2889 ἢ
1547 2818 1645 2887 τῆς
1667 2817 1794 2885 περὶ

208 2922 269 2973 τὺ
298 2922 451 2973 θεῖον
511 2918 757 2986 καθαρᾶς
798 2916 893 2969 καὶ
952 2914 1277 2984 εἰλικρινοῦς
1338 2911 1632 2980 θεραπείας
1701 2908 1795 2961 καὶ

210 3009 518 3079 θρησκείας
576 3007 759 3062 ἕνεκα.
812 3002 947 3059 Εἶτά
984 3020 1151 3074 φησι·
1198 3002 1391 3073 πρῶτα
1426 3004 1524 3071 μὲν
1563 3002 1795 3071 ἀρχόμε-

1963 1349 2018 1401 ln
2048 1348 2151 1400 hoc
2191 1344 2375 1400 studio
2410 1359 2536 1398 cum
2589 1342 2860 1411 .Insephus
2909 1342 2975 1395 ad
3025 1355 3295 1395 summam
3345 1356 3475 1412 perc

1893 1443 2186 1496 lectionem
2226 1448 2522 1507 provectus
2564 1435 2799 1503 majores
2857 1434 3042 1488 adhuc
3101 1433 3285 1488 facere
3333 1447 3467 1503 pro-

1895 1548 2119 1602 gressus
2176 1538 2422 1597 cuperet,
2469 1526 2657 1579 audito
2714 1525 3005 1594 quemdam
3058 1526 3112 1579 in
3171 1522 3475 1581 solitudine

1896 1628 2058 1677 vitam
2094 1622 2312 1690 degere,
2337 1619 2546 1673 Abbam
2594 1618 2836 1677 nomine,
2884 1615 2975 1668 cui
3028 1616 3128 1669 sub
3176 1615 3472 1671 arboribus

1896 1715 2141 1777 latibula,
2174 1716 2360 1775 vestis,
2395 1712 2553 1763 cibus
2585 1723 2751 1777 quem
2809 1713 2957 1760 terra
3009 1705 3153 1757 ultro
3190 1705 3470 1768 educeret,

1891 1807 2091 1860 ductus
2119 1802 2467 1856 temulatione
2519 1802 2638 1868 ejus
2692 1807 2802 1851 tam
2868 1795 3138 1850 absoluta:
3193 1795 3470 1849 exercita-

1894 1893 2066 1948 tionis
2125 1898 2189 1944 ad
2242 1892 2420 1959 ipsum
2465 1905 2522 1943 se
2575 1890 2830 1948 contulit.
2883 1887 3289 1953 trienniumque
3345 1899 3470 1939 cum

1893 1985 2117 2039 homine
2149 1990 2400 2036 versatus
2420 1981 2476 2034 in
2507 1979 2697 2033 urbem
2730 1980 2908 2043 rediit,
2941 1977 3465 2050 Pharisazorumque

1889 2078 2095 2149 justam
2132 2076 2296 2128 vitam
2330 2072 2522 2127 coluit.

1960 2169 2231 2225 Caeterum
2297 2164 2457 2220 Philo
2522 2164 2591 2219 de
2647 2162 2930 2218 Hebraicis
3002 2163 3208 2219 nostris
3270 2161 3470 2218 ascetis

1892 2243 2237 2331 perspicuam
2269 2258 2400 2313 facit
2448 2256 2781 2311 mentionem
2814 2256 2868 2309 in
2904 2255 3044 2309 libro
3076 2270 3237 2324 quem
3262 2254 3332 2308 de
3354 2254 3465 2307 vita

1893 2350 2356 2420 contemplationi
2408 2347 2595 2403 dedita
2625 2345 2927 2415 inscripsit.
2965 2343 3143 2399 Mares
3170 2344 3467 2413 therapeu-

1892 2454 2000 2504 tas,
2045 2441 2279 2495 feminas
2342 2439 2535 2493 habitu
2581 2447 2636 2493 et
2692 2437 2939 2492 moribus
2993 2444 3210 2492 utentes
3274 2436 3470 2491 iisdem

1892 2531 2307 2601 therapeutidas
2368 2529 2655 2594 nominat;
2728 2528 2892 2596 idque
2944 2526 3187 2581 nominis
3242 2529 3325 2581 eis
3390 2527 3470 2580 ait

1895 2625 2128 2677 inditum
2182 2622 2265 2677 vel
2315 2620 2460 2690 quod
2498 2620 2709 2673 animas
2761 2633 2951 2672 eorum
2995 2617 3091 2687 qui
3144 2632 3203 2673 se
3261 2618 3328 2672 ad
3383 2618 3469 2687 ip-

1897 2731 1990 2769 sos
2015 2713 2330 2774 conferunt,
2381 2725 2412 2764 a
2445 2710 2596 2765 vitiis
2647 2708 2988 2763 medicorum
3042 2708 3217 2763 instar
3250 2719 3468 2774 sanant,

1895 2808 2039 2874 quod
2095 2804 2283 2859 Graece
2313 2812 2397 2859 est
2433 2802 2819 2872 therapeuein;
2853 2801 2939 2856 vel
2987 2802 3130 2871 quod
3166 2801 3278 2857 Deo
3335 2817 3473 2873 pure

1896 2904 2063 2964 atquo
2096 2895 2324 2947 sincere
2353 2892 2585 2947 colendo
2607 2890 2855 2945 serviunt
2890 2907 2904 2943 :
2938 2904 3064 2943 nam
3084 2890 3471 2945 servireetiam

1898 3001 1993 3038 seu
2052 2983 2317 3037 famulum
2346 2997 2471 3037 esse
2509 2981 2758 3035 Graecum
2807 2980 3133 3035 vocabulum
3175 2980 3469 3051 signiticet.

210 3116 292 3150 vat
346 3098 668 3165 φιλοσοφεῖν
725 3095 1036 3160 ἐξίστανται
1089 3095 1199 3144 τῶν
1257 3090 1648 3160 προσηκόντων
1690 3088 1789 3141 καὶ
1819 3095 1861 3153 C

1819 3095 1861 3153 ς
1899 3074 2061 3130 Addit
2102 3075 2295 3130 deinde
2325 3072 2526 3128 Philo:
2572 3071 2637 3125 Hi
2663 3085 2797 3142 ergo
2846 3086 2969 3126 cum
3007 3072 3243 3142 primum
3284 3088 3344 3127 se
3402 3072 3470 3125 a-l

208 3189 320 3239 τῶν
376 3187 760 3256 ὑπαρχόντων·
808 3183 1001 3237 ἔπειτα
1045 3183 1102 3234 δὲ
1151 3182 1350 3244 πάσαις
1392 3181 1796 3249 άποταξάμενοι

207 3283 334 3342 ταῖς
367 3280 467 3332 τοῦ
503 3277 623 3347 βίου
658 3274 904 3346 φροντίσι
930 3275 1023 3326 καὶ
1062 3273 1169 3336 ἔξω
1192 3272 1391 3341 τειχῶν
1445 3271 1796 3341 προελθόντες

207 3376 270 3425 ἐν
321 3369 624 3440 μονάγροις
672 3367 769 3420 καὶ
799 3366 996 3434 κήποις
1046 3362 1142 3415 καὶ
1172 3362 1323 3430 ὄρεσι
1371 3360 1469 3422 τὰς
1516 3359 1796 3428 διατριϐὰς

207 3454 522 3521 ποιοῦνται,
556 3457 655 3520 τὰς
700 3457 765 3509 ὲκ
800 3455 908 3509 τῶν
940 3452 1186 3522 ἀνομιῶν
1232 3451 1518 3519 ἐπιμιξίας
1551 3451 1798 3503 ἀλυσιτε-

209 3556 325 3615 λεῖς
346 3567 410 3603 τι
433 3550 532 3603 καὶ
557 3546 827 3620 βλαϐεράς
855 3542 1078 3607 εἰδότες,
1105 3542 1196 3593 τὸν
1222 3541 1557 3611 προφητικὸν
1577 3540 1796 3610 ζηλοῦσι

209 3646 308 3697 καὶ
358 3639 597 3695 ἀσκοῦσι
654 3637 789 3707 βίον.
842 3634 999 3689 Οὕτω
1030 3633 1300 3702 πολλαχοῦ
1351 3634 1451 3701 μὲν
1487 3635 1584 3702 τῆς
1616 3635 1795 3685 οἰκου-

213 3736 391 3806 μένης
426 3732 544 3786 ἐστί
582 3731 644 3783 τὸ
678 3729 831 3796 γένος
866 3726 995 3798 (ἔδει
1025 3725 1135 3793 γὰρ
1162 3724 1365 3791 ἀγαθοῦ
1390 3725 1595 3777 τελείου
1630 3744 1794 3795 μετα-

213 3830 368 3894 σχεῖν
424 3825 523 3875 καὶ
585 3820 683 3889 τὴν
756 3816 981 3871 Ἐλλάδα
1036 3817 1129 3869 καὶ
1188 3815 1286 3883 τὴν
1341 3815 1642 3885 Βάρὸαρον)
1672 3857 1685 3879 ,
1737 3819 1795 3869 ὲν

210 3917 480 3984 Αἰγύπτῳ
539 3912 595 3964 δὲ
652 3906 976 3972 πλεονάζει,
1040 3908 1134 3959 καὶ
1204 3904 1440 3974 μάλιστα
1513 3907 1642 3973 περὶ
1697 3907 1795 3973 τὴν

225 4006 665 4073 Ἀλεξάνδρειαν.
727 4003 836 4056 Καὶ
890 4003 946 4053 ὲν
994 4000 1199 4067 ἑκάστῃ
1257 3997 1535 4065 συμμορίᾳ
1591 3996 1797 4065 οἴκημά

212 4104 366 4153 ἐστιν
423 4098 603 4165 ἱερὸν,
645 4094 674 4146 ὃ
710 4091 938 4147 καλοῦσι
988 4092 1236 4160 σεμνείον
1274 4089 1367 4141 καὶ
1412 4088 1794 4157 μοναστήριον,

214 4194 273 4244 ὲν
312 4184 360 4258 ᾧ
422 4188 748 4258 μονούμενοι
806 4185 875 4237 τά
936 4182 1027 4235 τοῦ
1093 4180 1291 4250 σεμνοῦ
1350 4179 1463 4250 βίου
1521 4181 1796 4249 μυστήρια

212 4279 525 4339 τελοῦνται,
561 4276 749 4345 μηδεὶς
783 4274 949 4344 μηδὲν
984 4274 1303 4343 κομίζοντες
1326 4311 1340 4336 ,
1378 4272 1451 4340 μὴ
1484 4271 1665 4335 ποτὸν,
1719 4270 1792 4339 μὴ

216 4375 391 4439 σῖτον,
422 4369 560 4440 μηδέ
587 4385 639 4420 τι
669 4368 779 4419 τῶν
807 4365 980 4418 ἄλλων
1006 4365 1108 4417 ὅσα
1135 4363 1270 4434 πρὸς
1297 4362 1395 4431 τὴν
1421 4364 1511 4414 τοῦ
1546 4360 1793 4430 σώματος

1897 3168 2184 3238 sapientiae
2222 3166 2467 3220 studium
2522 3165 2822 3234 applicant,
2851 3165 2993 3219 bona
3032 3177 3130 3217 sua
3158 3173 3325 3233 atque
3347 3179 3475 3234 pos-

1897 3260 2177 3316 sessiones
2208 3258 2525 3325 resiguant;
2574 3255 2771 3310 deinde
2833 3255 3090 3310 omnibus
3154 3256 3280 3308 vitae
3320 3254 3473 3309 curis

1895 3352 2077 3404 valere
2138 3348 2312 3418 jussis
2364 3346 2531 3402 urbes
2596 3347 2827 3417 egressi,
2887 3348 2945 3401 in
3006 3346 3270 3402 solitariis
3325 3346 3471 3401 villis

1897 3442 2077 3496 hortis
2129 3448 2226 3494 aut
2258 3438 2541 3493 montibus
2573 3440 2737 3492 vitam
2775 3438 3007 3508 degunt.
3072 3439 3286 3508 Quippe
3335 3453 3471 3493 cun-

1896 3531 2243 3585 suetudinem
2280 3541 2607 3598 peccantum
2639 3529 2964 3584 damnosam
3018 3529 3256 3584 scientes
3288 3537 3471 3582 vatum

1895 3621 2205 3691 priscorum
2232 3620 2564 3674 aemulantur
2620 3629 2785 3687 atque
2816 3620 3106 3674 imitantur
3141 3621 3328 3674 vitam.
3354 3619 3469 3674 lloc

1897 3727 2069 3782 genus
2108 3711 2406 3765 hominum
2448 3711 2717 3782 cst352
2757 3712 2808 3765 iu
2860 3712 3093 3766 diversis
3136 3712 3321 3765 mundi
3347 3727 3472 3781 par-

1898 3804 2090 3857 tibus:
2135 3802 2337 3856 bonum
2388 3803 2534 3855 enim
2600 3803 2904 3871 perfectum
2966 3802 3251 3871 oportebat
3298 3810 3352 3856 et
3401 3801 3469 3855 ad

1896 3892 2114 3947 Graecos
2187 3894 2473 3961 pervenire
2516 3902 2571 3946 et
2619 3893 2685 3946 ad
2743 3892 3035 3947 Barbaros.
3102 3894 3164 3945 in
3232 3892 3469 3962 Egypto

1897 3995 2078 4039 autem
2113 3999 2307 4051 magna
2337 3995 2419 4038 est
2444 3984 2565 4051 ejus
2596 3986 2775 4054 copia,
2807 3985 3043 4039 maxime
3071 3984 3214 4048 apud
3229 3985 3469 4039 Alexan-

1897 4076 2070 4131 driam
2106 4095 2120 4140 ;
2166 4084 2219 4130 et
2259 4078 2312 4130 in
2344 4077 2538 4144 quavis
2566 4076 2743 4130 classe
2770 4075 2966 4129 domus
2992 4082 3076 4129 est
3106 4089 3286 4139 sacra,
3319 4075 3466 4143 quod

1900 4184 2181 4223 seinneum
2211 4167 2438 4230 dicitur,
2501 4178 2555 4221 et
2630 4166 3049 4233 monasterium,
3112 4167 3255 4237 quod
3304 4166 3358 4220 in
3403 4181 3467 4220 ea

1897 4259 1967 4311 ab
1997 4258 2277 4310 hominum
2308 4255 2466 4308 turba
2494 4243 2704 4309 seclusi
2740 4255 3070 4309 venerabilis
3102 4255 3228 4309 vita
3251 4261 3462 4325 myste-

1899 4350 1997 4402 riis
2071 4347 2382 4410 initiantur,
2446 4347 2585 4401 nihil
2654 4347 2942 4415 quisquam
2999 4345 3309 4409 alTet-eutes,
3355 4360 3467 4400 non

216 4435 737 4533 ges-laudatarum,
758 4456 893 4509 ἀλλὰ
916 4457 1111 4525 νόμους
1139 4455 1233 4507 καὶ
1252 4454 1405 4521 λόγια
1436 4453 1795 4506 θεσπισθέντα
1824 4435 1874 4497 1)

1787 4435 2108 4511 ιοροιυιη,
2138 4456 2248 4494 non
2295 4440 2501 4504 cibum,
2563 4453 2671 4492 non
2723 4438 3023 4507 quidquam
3076 4438 3223 4492 aliud
3270 4452 3464 4494 eorum

216 4555 304 4604 διὰ
354 4549 659 4621 προφητῶν
704 4546 800 4600 καὶ
848 4545 1053 4615 ὕμνους
1089 4545 1184 4597 καὶ
1217 4539 1385 4597 τᾶλλα
1406 4538 1498 4616 οἷς.
1519 4545 1795 4611 ἐπιστήμη

218 4646 311 4694 καὶ
340 4641 598 4693 εὐσέϐεια
625 4636 982 4705 συναύξονται
1017 4636 1110 4688 καὶ
1142 4633 1500 4688 τελειοῦνται.
1556 4632 1631 4687 Τὸ
1654 4633 1709 4685 δὲ
1741 4634 1798 4698 ἐξ

214 4731 449 4786 ἑωθινοῦ
500 4730 693 4799 μέχρις
744 4727 983 4795 ἑσπέρας
1029 4726 1306 4795 διάστημα
1347 4725 1569 4794 σύμπαν
1617 4725 1798 4786 αὐτοῖς

217 4825 367 4873 ἐστιν
444 4821 678 4886 ἄσκησις
707 4831 721 4844 ·
798 4814 1212 4883 ἐντυγχάνοντες
1290 4813 1397 4882 γὰρ
1465 4814 1576 4876 τοῖς
1637 4814 1799 4881 ἱεροῖς

221 4912 524 4979 γράμμασι
579 4903 927 4972 φιλοσοφοῦσι
992 4902 1089 4971 τὴν
1156 4902 1392 4971 πατρίαν
1460 4902 1794 4971 φιλοσοφίαν.

230 5000 598 5069 Ἐγκράτειαν
632 4995 691 5047 δὲ
740 4994 931 5062 ῶσπερ
962 4995 1084 5047 τινὰ
1118 4992 1368 5061 θεμέλιον
1408 4993 1794 5061 προκαταῧαλ-

219 5091 440 5159 Mtte-nt
482 5092 549 5158 τῇ
572 5088 719 5156 ψυχῇ
755 5088 852 5147 τὰς
885 5087 1051 5148 ἄλλας
1086 5083 1529 5151 ὲποικοδομοῦσιν
1572 5084 1791 5152 ἀρετάς·

224 5180 394 5233 σιτίον
423 5180 535 5249 γὰρ
566 5178 600 5247 ἢ
631 5176 797 5229 ποτὸν
825 5174 1001 5235 οὐδεὶς
1032 5172 1211 5225 αὐτῶν
1241 5171 1663 5242 προσενέγκοιτο
1693 5172 1797 5241 πρὸ

222 5269 372 5340 ἡλίου
406 5267 634 5328 δύσεως.
670 5266 967 5335 ἐπειδήπερ
1017 5263 1079 5315 τὸ
1132 5262 1228 5331 μὲν
1285 5262 1598 5331 φιλοσοφεῖν
1650 5262 1796 5327 ἄξιον

223 5363 398 5431 φωτὸς
432 5360 704 5431 κρίνουσι,
746 5357 968 5418 σκότους
993 5355 1049 5408 δὲ
1084 5355 1178 5415 τὰς
1222 5355 1315 5407 τοῦ
1349 5355 1596 5424 σώματος
1624 5355 1791 5422 ἀνάγ-

225 5471 343 5515 κις.
405 5451 582 5502 Ἔνιοι
635 5449 693 5503 δὲ
737 5449 831 5501 καὶ
874 5449 942 5500 δι’
979 5446 1198 5515 ἡμερῶν
1245 5446 1411 5512 τριῶν
1476 5446 1786 5513 ὑπομιμνή-

227 5560 444 5595 σκονται
499 5540 729 5611 τροφῆς,
782 5534 863 5602 οἷς
895 5538 1059 5592 πλέον
1088 5540 1116 5589 ό
1168 5536 1330 5598 πόθος
1361 5537 1457 5607 τῆς
1487 5536 1792 5606 ἐπιστήμης

225 5635 519 5704 ἐνίδρυται.
577 5632 733 5692 Τινὲς
760 5631 815 5686 δὲ
845 5631 1014 5696 εῦιως
1062 5629 1504 5704 ὲνευφραὶνονται
1536 5631 1626 5681 καὶ
1664 5645 1790 5696 τρυ-

227 5727 395 5792 φώσνν
439 5726 549 5779 ὑπὸ
580 5724 773 5791 σοφίας
813 5724 1128 5790 ἑστιώμενοι
1173 5721 1438 5785 πλουσίως
1488 5723 1578 5775 καὶ
1625 5720 1791 5788 ἀφθό-⁸

228 5832 324 5879 νως
360 5817 428 5870 τὰ
473 5815 723 5887 δόγματα
772 5814 1131 5886 χορηγούσης,
1168 5813 1242 5877 ὡς
1296 5813 1556 5884 καὶπρὸς
1605 5813 1793 5865 διπλα-

1899 4543 2020 4591 qua:
2058 4528 2126 4581 ad
2166 4540 2302 4581 usus
2352 4526 2601 4594 corporis
2640 4534 2770 4579 sunt
2801 4528 3152 4581 necessaria:
3185 4528 3279 4581 sed
3321 4529 3467 4595 leges

1899 4628 1952 4673 et
1977 4619 2200 4673 oracula
2234 4628 2439 4680 vatum,
2468 4618 2719 4687 hymnos,
2765 4628 2930 4687 atque
2967 4619 3072 4671 alia
3121 4619 3326 4687 quibus
3372 4618 3463 4673 Dei

1899 4709 2138 4777 cognitio
2190 4718 2244 4762 et
2293 4708 2475 4762 cultus
2542 4714 2810 4776 augentur
2874 4714 3038 4774 atque
3082 4707 3466 4775 perﬁciuntur.

1899 4797 2174 4867 Quidquid
2209 4808 2295 4851 est
2336 4799 2404 4851 ab
2432 4812 2633 4852 aurora
2667 4796 2734 4850 ad
2780 4811 3063 4866 vesperam
3102 4812 3275 4865 usque
3329 4806 3466 4851 tetu-

1900 4891 2066 4957 poris,
2128 4888 2179 4942 id
2228 4902 2391 4942 omne
2454 4887 2523 4941 iis
2578 4887 3065 4941 exercitationibus
3108 4886 3469 4956 impenditur.

1900 4980 2095 5035 δ;1(1“.15
2120 4980 2263 5032 enim
2294 4978 2532 5033 Litteras
2574 4978 2815 5046 legentes
2845 4977 3241 5048 philosophiam
3288 4987 3467 5047 pater—

1898 5089 2023 5125 nam
2065 5081 2341 5125 exerrent.
2381 5067 2792 5123 Continentiam
2843 5079 3101 5137 tanquam
3136 5068 3463 5123 fundamen-

1899 5174 2013 5217 tum
2049 5164 2103 5216 in
2135 5163 2313 5214 animo
2368 5175 2468 5214 suo
2501 5161 2705 5224 locant,
2741 5175 3015 5229 superque
3063 5174 3181 5214 eam
3228 5161 3464 5229 reliquas

1898 5263 2188 5309 exstruunt
2222 5252 2476 5305 virtutes.
2528 5250 2699 5304 Nemo
2735 5266 2925 5305 eorum
2979 5250 3160 5303 cibum
3206 5262 3464 5318 potumve

1897 5354 2077 5413 gustat
2112 5350 2237 5395 ante
2301 5342 2437 5396 solis
2471 5356 2747 5395 occasum.
2799 5341 3017 5395 Etenim
3080 5341 3458 5411 philosophari

1896 5437 2116 5504 dignum
2164 5436 2287 5488 luce
2316 5444 2527 5504 putant,
2571 5434 2827 5487 tenebras
2864 5435 3121 5504 corporis
3158 5432 3464 5489 necessita-

1899 5532 2044 5584 tibus
2078 5544 2400 5596 congruere.
2440 5525 2671 5591 Quidam
2709 5526 2958 5582 scientiae
2982 5526 3283 5581 ardentiori
3317 5525 3461 5580 desi-

1898 5625 2051 5678 derio
2085 5621 2343 5674 alimenta
2378 5620 2535 5673 tertio
2559 5627 2767 5671 tantum
2790 5633 3008 5689 quoque
3024 5618 3114 5674 die
3138 5617 3457 5671 admittunt.

1896 5717 2004 5772 Alii
2036 5723 2246 5771 tantum
2295 5714 2495 5767 laetitia:
2537 5725 2602 5765 ac
2638 5696 3145 5781 voluptatisstudio
3174 5706 3461 5778 sapientiae

1904 5808 2243 5866 imtnorando
2273 5806 2600 5876 percipiunt,
2646 5805 2861 5861 abunde
2882 5803 3142 5859 doctrina:
3192 5796 3469 5877 suppedi-_
