4248 6456
766 395 875 459 395

2073 403 2391 465 GEORGII
2424 406 2758 472 CEDRENI

3917 432 4040 496 396

769 517 998 571 nastiem
1035 515 1405 570 traditionem.
1444 513 1650 581 Quodsi
1683 533 1824 588 quos
1855 520 2020 573 etiam
2053 530 2343 579 extraneos
2376 537 2416 588 Α

2376 537 2416 588 Α
2448 543 2564 594 γοις
2601 529 3041 586 διαϐεϐαιοῦνται
3079 533 3317 606 ἀρχαίαν
3361 537 3456 590 καὶ
3501 538 3864 609 ἀποστολικὴν
3897 546 4042 602 εῖναι

769 614 940 662 testes
993 606 1298 668 laudemus.
1351 605 1488 662 vitio
1521 609 1681 665 nobis
1736 609 1788 664 id
1835 611 1970 664 verti
2005 627 2113 666 non
2163 614 2344 670 debet.

769 700 926 755 Plato
951 699 1180 769 proinde
1202 714 1366 770 quam
1399 714 1524 754 rara
1556 702 1666 755 sint
1701 717 1762 755 ea
1795 717 1916 771 quae
1943 706 2190 760 absoluta
2219 718 2350 761 sunt

766 793 1037 856 indicans,
1071 792 1216 846 haud
1250 792 1486 847 absurde
1512 799 1584 847 ita
1609 793 1804 848 scribit
1836 814 1850 849 :
1888 814 1906 846 t
1942 797 2063 852 Non
2105 799 2236 853 mihi
2267 799 2350 854 vi-

766 884 969 938 dentur
1010 885 1284 951 homines,
1321 885 1425 939 nisi
1463 886 1644 954 pauci,
1700 889 1842 941 beati
1892 904 1956 944 ac
2007 889 2191 945 felices
2229 891 2344 946 ﬁeri

761 992 951 1047 posse,
1007 978 1327 1048 quantisper
1388 980 1532 1032 hanc
1588 979 1755 1033 vitam
1822 982 2126 1036 ducimus:
2185 983 2341 1037 multi

760 1069 909 1122 enim
936 1078 1063 1124 sunt
1087 1069 1352 1139 virgil‘eri,
1385 1069 1546 1137 pauci
1575 1081 1758 1125 autem
1785 1081 1835 1125 et
1866 1072 1974 1124 rari
2007 1072 2339 1142 philosophi.

767 1161 935 1216 Recte
975 1170 1157 1216 autem
1190 1159 1425 1214 traditur
1488 1176 1552 1214 ac
1599 1161 1842 1216 creditur
1897 1175 2142 1218 mortuos
2201 1164 2341 1218 bona

764 1255 1052 1323 consequi.
1093 1272 1111 1304 ι
1159 1252 1256 1307 His
1286 1252 1452 1307 infert
1486 1254 1569 1307 vir
1593 1255 1807 1308 sincero
1839 1253 2022 1307 animo
2055 1262 2218 1323 atque
2253 1271 2340 1325 ge-

763 1361 984 1408 neroso,
1005 1345 1220 1414 qualem
1257 1344 1550 1414 IEschylus
1578 1343 1861 1407 describit,
1892 1346 2129 1412 praemiis
2156 1361 2217 1400 ac
2247 1346 2343 1400 do-

761 1442 845 1494 nis
876 1439 1165 1494 aﬂicietur.
1201 1437 1304 1504 Qui
1353 1437 1571 1492 videtur
1607 1438 1734 1491 talis
1766 1453 1912 1493 esse.
1955 1441 2118 1507 Atqui
2157 1440 2209 1493 in
2263 1440 2344 1494 in-

757 1542 909 1588 certo
935 1540 1041 1596 est,
1070 1531 1372 1601 justitiazne
1400 1544 1469 1584 an
1503 1545 1637 1584 vero
1667 1547 1955 1585 munerum
1987 1541 2044 1585 et
2072 1532 2341 1586 honorum

761 1638 924 1676 causa
966 1623 1086 1675 talis
1124 1622 1217 1677 sit.
1242 1620 1548 1676 Nudaudus
1583 1623 1753 1692 igitur
1796 1624 2054 1677 omnibus
2088 1632 2195 1687 est,
2234 1625 2340 1676 ita-

754 1731 861 1784 que
909 1715 1244 1784 redigendus
1291 1725 1350 1769 ut
1380 1715 1453 1769 sit
1483 1715 1604 1783 ejus
1636 1729 1796 1783 quem
1843 1715 1998 1784 prius
2047 1715 2342 1784 descripsi-

761 1823 885 1863 mus
943 1809 1278 1862 contrarius.
1337 1806 1495 1860 Nulla
1527 1807 1672 1860 enim
1725 1821 1784 1860 re
1824 1808 2086 1876 praeditus
2127 1807 2340 1876 Opinio-

767 1916 890 1954 nem
922 1901 1119 1955 habeat
1172 1916 1400 1956 summae
1443 1899 1747 1970 injustitim,
1783 1907 1842 1952 ut
1894 1901 1965 1952 ita
1997 1900 2338 1969 exploratum

760 1997 833 2050 sit
856 2009 978 2049 eum
1003 2010 1131 2050 esse
1154 1995 1388 2064 justum,
1417 2010 1540 2049 cum
1574 2009 1680 2048 non
1705 1991 1864 2046 cedat
1886 1991 2125 2046 sinistrae
2159 1989 2336 2057 famae,

757 2103 937 2158 neque
957 2087 1262 2142 ambitione
1294 2096 1389 2141 aut
1424 2087 1496 2162 iis
1514 2101 1633 2155 quae
1664 2083 1791 2138 inde
1819 2083 2078 2136 oriuntur
2119 2082 2340 2151 propel-

759 2180 926 2244 latur,
961 2179 1055 2235 sed
1083 2178 1156 2234 sit
1185 2177 1488 2241 mutabilis,
1522 2184 1635 2230 toto
1661 2176 1785 2229 vita:
1813 2176 1993 2245 spatio
2027 2189 2152 2229 cum
2183 2183 2340 2244 pute-

761 2284 850 2326 tur
886 2287 1010 2327 esse
1037 2270 1300 2336 injustus.
1325 2268 1394 2323 Et
1423 2268 1642 2339 quidem
1695 2268 1859 2323 etiam
1906 2265 2181 2330 Socrates,
2217 2266 2339 2332 ejus

754 2369 1081 2433 praeceptor,
1108 2362 1180 2416 ita
1209 2360 1373 2432 357
1409 2376 1533 2416 eum
1572 2359 1958 2428 interrogavit:
1981 2361 2058 2410 An
2075 2357 2338 2412 debemus

753 2455 899 2524 vulgi
945 2454 1013 2509 de
1037 2453 1200 2508 nobis
1225 2453 1431 2522 judicia
1463 2449 1749 2504 metuere?
1771 2458 1866 2503 aut
1905 2449 2114 2519 potius,
2139 2448 2337 2518 spretis

751 2547 1011 2602 omnibus
1043 2545 1190 2606 aliis,
1217 2541 1611 2613 ejusjudicium
1633 2543 1868 2596 revereri
1900 2541 1991 2611 qui
2015 2541 2064 2594 ei
2091 2540 2235 2610 quod
2254 2554 2339 2595 re-

751 2645 902 2694 ctum
932 2646 1017 2693 est
1040 2636 1406 2706 obtemperet?
1426 2633 1516 2688 cui
1553 2632 1663 2688 nisi
1695 2648 2010 2703 pareamus,
2040 2633 2230 2700 ingens
2259 2630 2337 2685 si-

752 2747 876 2786 mus
909 2732 1170 2786 damnum
1199 2727 1525 2798 percepturi.
1576 2724 1692 2778 Non
1725 2725 2003 2794 equidem,
2064 2725 2203 2778 heus
2253 2733 2334 2789 tu,

751 2825 1054 2882 curandum
1087 2822 1244 2876 nobis
1267 2828 1346 2875 est
1374 2819 1502 2890 quid
1536 2819 1687 2889 plehs
1707 2816 1938 2888 judicet,
1967 2816 2061 2871 sed
2087 2814 2219 2885 quid
2243 2829 2335 2869 ve-

752 2918 890 2971 ritas
919 2915 1132 2983 probet,
1167 2929 1290 2982 quat
1315 2904 1526 2980 justum
1556 2912 1623 2963 ah
1657 2909 1866 2978 injusto
1901 2909 2184 2962 discernit.
2211 2905 2338 2961 llaec

751 3011 1038 3081 perspicue
1073 3009 1249 3076 magis
1297 3004 1633 3060 conveniunt
1688 3001 1893 3055 nostris
1940 3001 2115 3054 sacris
2170 3008 2334 3068 atque

751 3099 1069 3167 apostolicis
1142 3096 1514 3152 sermonibus.
1573 3093 1710 3147 Nam
1769 3091 1970 3145 Paulus
2030 3090 2104 3144 ita
2156 3090 2334 3159 loqui-

755 3202 842 3244 tur
872 3192 953 3244 “z
992 3209 1009 3241 ι
1045 3190 1224 3243 Armis
1262 3187 1492 3258 justitia:
1553 3185 1761 3238 dextris
1815 3192 1871 3238 et
1922 3183 2183 3244 sinistris,
2239 3197 2336 3252 per

751 3284 976 3354 gloriam
1001 3291 1054 3336 et
1077 3280 1459 3351 ignominiam,
1477 3293 1572 3348 per
1595 3276 1890 3346 Opprobria
1911 3286 1962 3329 et
1988 3275 2328 3340 tumstitiam;

756 3387 1018 3443 tanquam
1048 3375 1400 3443 impostores,
1455 3385 1580 3424 cum
1629 3369 1852 3439 quidem
1889 3367 2064 3422 simus
2088 3379 2329 3425 veraces,

754 3483 1012 3540 tanquam
1070 3467 1263 3538 ignnti,
1297 3480 1422 3519 cum
1475 3464 1652 3517 simus
1697 3463 1837 3524 noti,
1883 3469 2145 3528 tanquam
2213 3473 2329 3510 mo-

755 3564 979 3625 tientes,
1013 3573 1139 3614 cum
1167 3557 1388 3626 quidem
1425 3556 1697 3615 vivamus,
1747 3561 1807 3605 ttt
1863 3553 1954 3620 qui
2003 3550 2332 3617 castigantur

757 3667 931 3720 neque
955 3659 1137 3703 tamen
1176 3661 1440 3701 necamttr
1477 3665 1493 3698 ι
1537 3656 1643 3699 etc.
1695 3642 1848 3696 llanc
1887 3643 1954 3696 de
1994 3641 2209 3710 justitia
2267 3654 2331 3693 ac

755 3744 876 3796 vita:
929 3741 1140 3794 ratione
1168 3737 1276 3792 Deo
1309 3745 1545 3806 acceptae
1575 3735 1883 3790 doctrinam
1914 3733 2189 3801 principes
2211 3731 2333 3800 phi-

755 3833 1114 3903 losophorum
1170 3829 1430 3883 Socrates
1457 3841 1522 3880 ac
1571 3825 1725 3880 Plato
1760 3824 2125 3886 tradiderunt,
2156 3822 2331 3875 admi-

753 3925 979 3978 rabilem
1012 3919 1284 3991 profecto,
1312 3926 1366 3973 et
1394 3918 1555 3971 laude
1612 3917 1854 3986 dignam,
1886 3924 1945 3968 ut
1971 3930 2092 3984 qum
2116 3914 2188 3967 sit
2241 3928 2331 3966 ra-

755 4017 889 4069 tioni
925 4013 1168 4068 hominis
1223 4010 1462 4065 naturali
1508 4016 1902 4063 consentanea.
1961 4007 2175 4063 Etenim
2233 4007 2331 4059 do-

751 4105 927 4159 ctrina
983 4119 1196 4157 morum
1249 4115 1439 4155 omnes
1517 4099 1768 4151 homines
1838 4098 1905 4149 ab
1954 4098 2072 4164 ipsa
2139 4104 2330 4149 natura

754 4197 1140 4249 instituuntur.
1179 4193 1392 4261 Quippe
1440 4189 1582 4243 Dens
1638 4203 1759 4242 cum
1805 4188 2100 4240 humanum
2159 4203 2330 4257 genus

752 4286 1116 4352 condidisset,
1137 4284 1259 4353 ejus
1285 4291 1495 4336 natura;
1529 4281 1670 4334 bona
1706 4293 1771 4331 ac
1809 4279 1943 4330 mala
1972 4278 2326 4332 discernendi

759 4380 1030 4433 rationem
1061 4375 1298 4440 indidit;
1364 4374 1620 4440 idemque
1651 4380 1838 4440 gentes
1893 4368 2092 4421 erudiit
2127 4377 2179 4422 et
2228 4370 2330 4421 ho-

751 4472 954 4525 minem
1021 4467 1339 4537 cognitione
1397 4464 1610 4518 imbuit.
1704 4462 1890 4530 Itaque
1949 4475 2057 4511 non
2120 4469 2328 4512 tantunt

2454 620 2554 689 τὴν
2582 621 2674 672 τοῦ
2720 623 2989 694 μονήρους
3037 622 3154 692 βίου
3197 628 3519 696 παράδοσιν.
3554 629 3616 682 ΕΞ
3657 632 3713 685 δὲ
3757 637 3849 688 καί
3881 656 4043 704 τινας

2449 713 2560 764 τῶν
2591 712 2826 783 θύραθεν
2850 717 2930 778 είς
2961 720 3162 786 ταύτην
3205 719 3304 787 τὴν
3340 725 3648 794 μαρτυρίαν
3693 729 4038 799 παράξομεν,

2453 805 2643 876 μηδεὶς
2668 808 2968 876 μεμφέσθω
2993 810 3147 880 ἡμῖν.
3171 810 3411 876 Εἰκότως
3437 809 3530 867 οὖν
3555 816 3585 867 ὁ
3613 817 3837 871 Πλάτων
3858 821 3963 874 ὑπε
3976 841 4041 890 μ-

2451 899 2658 966 φαίνων
2707 899 2817 951 τῶν
2848 901 3078 955 τελείων
3107 903 3168 955 τὸ
3202 904 3430 959 σπάνιον
3457 907 3700 978 ἔφασκεν
3722 927 3738 943 ·
3771 929 3790 963 t
3828 911 3904 966 Οὔ
3939 931 4038 982 μοι

2447 993 2594 1046 δοκεῖ
2621 992 2846 1047 δυνατὸν
2878 994 3186 1064 ἀνθρώποις
3218 999 3510 1071 μακαρίοις
3537 1019 3595 1056 τε
3625 1005 3718 1057 καὶ
3745 1005 4035 1074 εὐδαίμοσι

2449 1085 2727 1152 γενέσθαι,
2755 1085 2897 1156 πλὴν
2933 1087 3152 1156 ὀλίγων.
3186 1093 3364 1162 Μέχρι
3400 1110 3506 1164 περ
3537 1094 3605 1147 ἂν
3633 1096 3836 1166 ζῶμεν,
3870 1097 4037 1151 τοῦτο

2446 1175 2790 1248 διορίζομεν·
2838 1180 3238 1252 ναρθηκοφόροι
3279 1187 3512 1256 μὲνγὰρ
3561 1189 3765 1251 πολλοὶ,
3814 1192 4032 1259 φιλόσο-

2450 1285 2540 1336 φοι
2565 1272 2622 1322 δὲ
2652 1273 2869 1326 σπάνιοι
2893 1274 2983 1327 καὶ
3010 1275 3198 1341 ὀλίγοι.
3233 1280 3385 1349 Καλὴ
3412 1280 3468 1332 δὲ
3494 1280 3694 1348 πρᾶξις
3727 1283 3820 1333 καὶ
3846 1287 4035 1347 πίστις

2447 1360 2847 1431 τελευτήσαντα
2898 1369 3081 1437 τυχεῖν
3141 1368 3416 1421 ἁπάντων.
3457 1390 3475 1421 ›
3531 1372 3692 1425 Ὅθεν
3743 1374 4035 1441 ἐπήγαγεν

2449 1453 2619 1522 ἄνδρα
2650 1455 2858 1508 ἁπλοῦν
2891 1459 2985 1511 καὶ
3018 1462 3263 1525 γενναῖον
3298 1461 3415 1511 κατ’
3451 1464 3735 1532 Αἰσχύλον.
3768 1465 4030 1516 Ἔσονται

2450 1542 2599 1612 αὐτῷ
2625 1544 2785 1612 τιμαὶ
2813 1546 2908 1596 καὶ
2933 1546 3133 1614 δωρεαὶ
3160 1548 3404 1601 δοκοῦντι
3434 1551 3663 1620 τοιούτῳ
3687 1549 4031 1620 εἷναι.“Ἀδη-

2447 1635 2539 1688 λον
2566 1636 2657 1688 οὖν
2693 1637 2800 1688 εἴτε
2826 1637 2916 1688 τοῦ
2953 1638 3162 1689 δικαίου
3192 1643 3302 1692 είτε
3334 1641 3442 1693 τῶν
3471 1641 3691 1711 δωρεῶν
3719 1647 3814 1694 καὶ
3847 1644 4030 1712 τιμῶν

2448 1727 2610 1778 ἕνεκα
2646 1725 2885 1788 τοιοῦτός
2922 1728 3058 1779 ἐστι.
3091 1728 3406 1796 Γυμνωτέος
3435 1731 3498 1798 δὴ
3528 1731 3742 1783 πάντων
3776 1731 3914 1801 πλὴν
3942 1733 4030 1784 δι-

2449 1817 2760 1886 καιοσύνης,
2814 1819 2905 1868 καὶ
2962 1819 3206 1886 ποιητέος
3258 1821 3520 1884 ἐναντίως
3568 1823 3913 1891 διακείμενος
3946 1825 4030 1893 τῷ

2448 1909 2718 1976 προτέρῳ.
2769 1909 2953 1975 Μηδὲν
3002 1911 3111 1980 γὰρ
3157 1911 3295 1978 ἔχων
3341 1912 3498 1976 δόξαν
3545 1914 3717 1981 ἐχέτω
3757 1914 4026 1983 μεγίστης

2443 1999 2680 2062 ἀδικίας,
2729 1999 2815 2053 ἵνα
2850 1999 3312 2068 βεϐασανισμένος
3423 2006 3503 2066 εἰς
3537 2004 3908 2076 δικαιοσύνην,
3960 2007 4028 2058 τὸ

2449 2091 2524 2161 μὴ
2576 2089 2821 2143 τίθεσθαι
2869 2091 2974 2143 ὑπὸ
3007 2092 3329 2155 κακοδοξίας
3364 2094 3396 2163 ἢ
3431 2096 3734 2162 φιλοδοξίας
3783 2100 3879 2151 καὶ
3927 2095 4028 2150 ὑπ’

2441 2184 2610 2251 αὐτῆς
2639 2183 2961 2252 γινομένων,
3004 2184 3116 2236 ἀλλ’
3165 2183 3306 2238 ἔστω
3343 2187 3678 2255 μετάστατος
3711 2189 3873 2260 μέχρι
3917 2189 4025 2243 θα-

2442 2275 2605 2327 νάτου
2637 2276 2811 2328 δοκῶν
2841 2277 3023 2338 ἄδικος
3057 2272 3199 2329 εἶναι
3237 2276 3326 2330 διὰ
3373 2277 3509 2347 βίου.
3541 2280 3650 2330 Καὶ
3677 2279 3741 2350 δὴ
3780 2284 3874 2333 καὶ
3905 2282 4028 2334 Σω-

2440 2367 2652 2436 κράτης
2690 2370 2717 2420 ό
2749 2367 3068 2430 διδάσκαλος
3103 2367 3269 2420 αὑτοῦ
3303 2369 3441 2438 πρδς
3470 2369 3632 2422 αὐτὸν
3668 2371 3842 2434 οὕτως
3881 2372 4022 2442 ἔφη·

2445 2461 2673 2527 πότερον
2706 2458 2802 2528 τὴν
2850 2459 2958 2511 τῶν
2993 2458 3205 2512 πολλῶν
3233 2458 3391 2520 δόξαν
3427 2461 3510 2513 δεῖ
3550 2461 3699 2531 ἡμᾶς
3734 2462 4024 2516 πείθεσθαι

2440 2551 2532 2600 καὶ
2572 2547 2851 2615 φοϐεῖσθαι
2886 2549 2917 2620 ἢ
2960 2549 3058 2616 τὴν
3084 2549 3178 2602 τοῦ
3226 2551 3364 2613 ἑνδς,
3413 2551 3467 2603 εί
3510 2568 3595 2614 τις
3631 2551 3779 2605 ἔστιν
3810 2553 4024 2605 ὲπαῖων

2437 2634 2497 2691 οὗ
2530 2639 2628 2703 δεῖ,
2686 2640 2780 2691 καὶ
2815 2639 3101 2706 φοϐεῖσθαι
3160 2642 3254 2693 καὶ
3313 2640 3668 2708 αίσχύνεσθαι
3724 2641 3924 2709 μᾶλλον
3983 2642 4020 2710 ἦ

2440 2729 2759 2797 ξύμπαντας
2805 2730 2932 2791 τοὺς
2961 2730 3187 2796 άλλους;
3219 2724 3289 2800 ⁷ῼ
3333 2731 3383 2783 εί
3427 2729 3503 2800 μὴ
3547 2730 4018 2799 ἀκολουθήσομεν,

2437 2821 2627 2882 δεινῶς
2664 2821 3043 2890 λωϐησόμεθα.
3074 2824 3186 2875 Οὐκ
3213 2823 3318 2892 ἄρα
3349 2838 3434 2889 γε,
3474 2816 3519 2875 ὦ
3547 2822 3809 2892 βέλτιστε,
3845 2838 4022 2893 φρονο

2438 2912 2648 2964 τιστέον
2685 2913 2817 2980 ἡμῖν
2861 2913 2912 2963 τί
2946 2911 3163 2980 ἐροῦσιν
3199 2915 3332 2980 ἡμῖν
3367 2913 3414 2965 oi
3459 2913 3664 2975 πολλοὶ,
3709 2912 3841 2964 ἀλλά
3867 2913 3920 2965 τί
3956 2913 4021 2965 τὸ

2437 3005 2627 3056 ὲπαῖον
2655 3004 2732 3073 τῷ
2776 3004 2971 3072 δικαίῳ
3003 3005 3095 3055 καὶ
3131 3005 3324 3072 ἀδίκῳ,
3352 3005 3475 3072 ἥτις
3501 3004 3653 3055 ἐστὶν
3693 3005 3726 3073 ή
3757 3003 4016 3071 ἀλήθεια..

2440 3096 2624 3147 Ταῦτα
2670 3096 2724 3146 δὲ
2781 3095 3030 3165 φανερῶς
3064 3095 3271 3147 ἐοίκασι
3327 3097 3438 3157 τοῖς
3486 3097 3776 3163 ἡμετέροις
3811 3095 4023 3161 μᾶλλον

2365 3210 2406 3264 C
2443 3191 2604 3258 ἱεροῖς
2636 3190 2727 3240 καὶ
2752 3189 3129 3249 ἀποστολικοῖς
3155 3187 3357 3253 λόγοις,
3396 3188 3454 3238 ὲν
3484 3181 3563 3247 οἷς
3592 3203 3756 3255 φησιν
3785 3187 3814 3237 ὁ
3844 3187 4027 3253 μέγας

2440 3279 2649 3339 Παῦλος
2677 3295 2689 3307 ·
2722 3298 2738 3326 t
2770 3280 2864 3330 Διά
2880 3279 2987 3330 τῶν
3009 3278 3188 3330 ὅπλων
3212 3280 3308 3346 τῆς
3333 3275 3679 3345 δικαιοσύνης
3700 3277 3807 3329 τῶν
3827 3275 4024 3338 δεξιῶν

2437 3371 2530 3420 καὶ
2553 3369 2878 3438 ἀριστερῶν,
2916 3368 3002 3420 διὰ
3035 3368 3196 3434 δόξης
3241 3368 3335 3419 καὶ
3369 3366 3614 3430 ἀτιμίας,
3664 3365 3750 3416 διὰ
3803 3365 4022 3433 δυσφη-

2438 3466 2568 3532 μίας
2619 3464 2714 3514 καὶ
2756 3461 3029 3529 ἀθυμίας,
3088 3461 3163 3520 ὠς
3217 3460 3408 3512 πλάνοι
3466 3459 3559 3510 καὶ
3615 3457 3873 3526 ἀληθεῖς,
3938 3458 4023 3520 ὡς

2434 3557 2789 3624 ἀγνοούμενοι
2818 3554 2909 3606 καὶ
2941 3552 3450 3620 ἐπιγινωσκόμενοι,
3477 3550 3549 3605 ὡς
3581 3550 4023 3618 ἀποθνήσκοντες

2435 3647 2530 3699 καὶ
2566 3647 2675 3699 ἰδοὺ
2725 3647 2928 3715 ζῶμεν,
2966 3645 3040 3706 ὼς
3076 3643 3458 3712 παιδευόμενοι
3505 3641 3602 3694 καὶ
3641 3640 3714 3708 μὴ
3748 3639 4022 3690 θανατού-

2437 3756 2612 3806 μενοι,
2656 3757 2673 3787 δ
2706 3739 2799 3789 καὶ
2827 3737 2893 3790 τὰ
2913 3735 3058 3803 ἑξῆς.
3094 3734 3361 3803 Τοιαύτην
3389 3733 3478 3785 οὖν
3511 3734 3638 3802 περὶ
3667 3729 4023 3798 δικαιοσύνης

2435 3829 2530 3878 καὶ
2563 3828 2856 3894 θεαρέστου
2892 3825 3167 3885 πολιτείας
3217 3825 3360 3876 πάνυ
3409 3824 3705 3890 Σωκράτης
3739 3823 3833 3871 καὶ
3866 3821 4022 3871 11λά-

2431 3937 2540 3971 των
2575 3918 2926 3971 διδασκαλίαν
2959 3918 3307 3983 ἐποιήσαντο,
3357 3914 3677 3982 θαυμαστὴν
3716 3913 3884 3972 ὅντως
3918 3912 4022 3962 καὶ

2433 4011 2745 4074 ἀξιέπαινον
2777 4008 2990 4076 ἀληθῶς
3025 4010 3089 4075 τῇ
3132 4007 3322 4073 λογικῇ
3368 4003 3527 4071 φύσει
3558 4003 3665 4054 τῶν
3707 4001 4021 4071 ἀνθρώπων

2436 4101 2864 4170 συμϐαίνουσαν.
2899 4101 2977 4152 Τὰ
3010 4099 3119 4167 γὰρ
3143 4098 3306 4166 ἠθικὰ
3347 4096 3649 4164 μαθήματα
3678 4096 3884 4156 πάντας
3914 4096 4019 4145 ἀν-

2434 4192 2682 4261 θρώπους
2719 4194 2751 4261 ἡ
2782 4191 2940 4258 φύσις
2972 4191 3284 4242 ἐπαίδευσε.
3325 4189 3634 4250 Διαπλάσας
3668 4189 3771 4256 γάρ
3793 4203 3874 4238 τοι
3905 4189 4021 4238 τῶν

2431 4283 2736 4350 ἀνθρώπων
2787 4282 2847 4333 τὸ
2896 4282 3052 4348 γένος
3083 4282 3110 4330 ὁ
3143 4281 3275 4342 Θεὸς
3304 4278 3575 4331 ὲντέθεικε
3609 4282 3674 4348 τῇ
3711 4279 3867 4346 φύσει
3900 4278 4018 4329 τῶν

2432 4374 2651 4440 ἀγαθῶν
2685 4374 2779 4424 καὶ
2802 4373 2908 4424 τῶν
2939 4373 3199 4426 ἐναντίων
3223 4373 3322 4440 τὴν
3357 4373 3674 4438 διάγνωσιν,
3706 4373 3734 4422 ό
3762 4373 3856 4423 καὶ
3882 4387 4019 4421 παι-

2431 4463 2602 4516 δεύων
2626 4464 2752 4530 ἔθνη
2783 4464 2880 4516 καὶ
2921 4463 3190 4516 διδάσκων
3232 4462 3520 4531 ἄνθρωπον
3553 4461 3774 4527 γνῶσιν.
3809 4463 4020 4531 Διόπερ

753 4564 1010 4616 Socrates
1079 4558 1237 4625 Plato
1294 4556 1498 4625 aliique
1557 4552 1807 4606 nonnulli
1853 4550 2024 4603 Graeci
2070 4549 2326 4617 injustam
2362 4560 2404 4612 ι)

2362 4560 2404 4612 D
2436 4555 2495 4604 οὐ
2527 4555 2688 4621 μόνον
2728 4553 3025 4620 Σωκράτης
3053 4551 3147 4603 καὶ
3177 4551 3401 4602 Πλάτων
3451 4553 3545 4602 καὶ
3569 4550 3717 4602 ἄλλοι
3739 4550 3880 4610 τινὲς
3901 4551 4018 4602 τῶν

753 4662 884 4710 sunt
906 4651 1203 4706 abominati
1272 4649 1460 4710 vitam,
1495 4645 1590 4700 sed
1635 4654 1688 4698 et
1719 4642 2086 4697 Barbarorutn
2142 4639 2324 4695 multi.

751 4747 965 4815 Quippe
1019 4741 1403 4812 Hyperboreos
1483 4738 1644 4790 etiam
1715 4734 2001 4804 perhibent
2078 4731 2327 4786 habitare

752 4847 908 4891 trans
925 4835 1139 4904 Ripreos
1164 4839 1378 4885 montes
1401 4829 1630 4898 justitite
1654 4826 1838 4881 studio
1871 4824 2094 4878 assiduo
2115 4825 2326 4877 incum-

751 4926 943 4982 bentes
969 4941 1121 4979 :natn
1158 4939 1332 4993 neque
1359 4920 1616 4975 carnibus
1639 4925 1965 4979 vescuntur,
1997 4924 2048 4968 et
2068 4918 2323 4968 arborum

754 5019 1022 5072 lruclibtls
1049 5017 1270 5069 aluntur
1288 5024 1596 5083 aquamque
1625 5008 1839 5062 bibunt.
1865 5007 1930 5059 Et
1958 5004 2327 5059 Brachmanas

755 5111 808 5164 in
827 5110 975 5163 silvis
993 5106 1159 5176 358
1185 5105 1401 5174 degere,
1429 5115 1660 5170 corpora
1687 5099 2052 5168 foliis_tectos,
2070 5111 2133 5150 ac
2153 5095 2328 5149 virtu-

755 5209 827 5255 tis
847 5201 1038 5269 majori
1065 5213 1227 5268 quam
1253 5210 1349 5266 pro
1374 5195 1608 5248 humana
1635 5190 1948 5246 conditione
1976 5189 2155 5244 studio
2173 5187 2326 5242 dedi-

755 5305 862 5347 tos.
942 5289 1283 5346 Anacharsin
1337 5300 1555 5358 quoque
1616 5284 1876 5355 Scytham
1945 5282 2326 5351 philosophum

755 5379 925 5436 fuisse
949 5382 1122 5446 aiunt,
1162 5379 1236 5434 ita
1260 5393 1444 5433 amore
1479 5376 1760 5446 sapientiae
1811 5371 2204 5428 inﬂammatum
2273 5381 2332 5427 ut

757 5476 826 5528 ob
861 5475 1127 5543 insignem
1157 5474 1278 5540 ejus
1314 5470 1757 5527 exercitationem
1811 5476 1977 5536 atque
2019 5475 2326 5535 temperan-

759 5570 888 5619 tiatn
940 5568 1010 5619 sit
1057 5565 1469 5620 celeberrimus.
1514 5563 1632 5617 Non
1687 5561 1830 5615 enim
1890 5560 2122 5629 vigilans
2168 5557 2329 5612 modo

761 5657 930 5710 animi
955 5657 1194 5711 motibus
1213 5655 1597 5710 obluctabatur
1627 5664 1815 5708 tacens
1852 5659 2012 5719 atque
2040 5651 2328 5720 quiescens

836 5831 944 5885 “ll
980 5830 1100 5886 Cur.
1140 5848 1210 5899 γι,
1243 5831 1296 5895 7,
1333 5833 1386 5884 8.

2446 4645 2718 4712 Ἑλλήνων
2768 4643 2860 4694 τὸν
2915 4643 3097 4694 ἄδικον
3153 4641 3506 4706 ἐδδελύξαντο
3552 4641 3686 4709 βίον,
3735 4641 3869 4692 άλλά
3913 4644 4019 4694 καὶ

2436 4734 2621 4786 πολλοὶ
2651 4734 2756 4786 τῶν
2791 4733 3105 4803 βαρϐάρων.
3161 4734 3270 4784 Καὶ
3319 4733 3429 4800 γάρ
3472 4733 3597 4794 τοὺς
3643 4730 4020 4800 ὑπερϐορέους

2439 4829 2536 4895 μὲν
2566 4828 2732 4878 οἰκεῖν
2787 4825 2926 4894 ὑπὲρ
2975 4825 3041 4877 τὰ
3088 4825 3308 4875 Ῥιπαῖα
3345 4823 3445 4893 ὅρη
3480 4824 3668 4888 φασιν,
3717 4822 3905 4873 ἀσκεῖν
3957 4821 4018 4873 δὲ

2434 4916 2782 4985 δικαιοσύνην
2822 4913 2897 4985 μὴ
2913 4915 3394 4984 κρεωφαγοῦντας,
3432 4911 3516 4984 [Ρ.
3557 4911 3684 4980 2041
3713 4911 4012 4976 ἀλλ’ἀκροι

2433 5008 2616 5076 δρύοις
2650 5009 2745 5059 καὶ
2776 5005 2933 5059 ὕδασι
2973 5007 3308 5076 χρωμένους.
3365 5007 3474 5058 Καὶ
3521 5005 3644 5065 τοὺς
3681 5002 4020 5071 Βραχμᾶνας

2436 5104 2493 5152 ὲν
2527 5102 2646 5162 ταῖς
2677 5099 2833 5162 ὕλαις
2865 5100 3094 5168 διάγειν,
3132 5100 3346 5168 φύλλοις
3395 5101 3454 5150 τὸ
3507 5100 3665 5167 σῶμα
3701 5095 3988 5148 καλύπτον

2435 5208 2532 5242 τας
2566 5194 2658 5241 καὶ
2707 5191 2847 5260 ὑπὲρ
2885 5190 3170 5260 ἄνθρωπον
3205 5189 3528 5248 ἀσκοῦντας.
3587 5188 3693 5237 Καὶ
3739 5186 4014 5252 Ἀνάχαρ-

2439 5297 2520 5331 σιν
2551 5281 2606 5332 δὲ
2632 5283 2720 5332 τὶν
2748 5281 2960 5347 Σκύθην
2985 5280 3274 5348 φιλόσοφον
3297 5277 3623 5346 γεγενῆσθαι
3654 5276 3892 5342 λέγουσι,
3914 5273 4022 5324 καὶ

2435 5374 2606 5433 οὕτως
2639 5373 2804 5425 αὐτὸν
2850 5375 2878 5424 ό
2919 5373 3016 5439 τῆς
3065 5372 3382 5438 φιλοσοφίας
3419 5369 3556 5436 ἔρως
3603 5368 3886 5434 ἐπύρωσεν
3935 5365 4020 5425 ὡς

2433 5464 2863 5532 ὀνομαστότατον
2889 5463 2976 5514 διά
3016 5462 3219 5531 πολλὴν
3253 5462 3486 5530 ἄσκησιν
3519 5463 3613 5511 καὶ
3654 5457 4018 5525 σωφροσύνην

2432 5555 2706 5621 γενέσθαι.
2741 5555 2815 5606 Οὐ
2846 5556 2955 5623 γὰρ
3000 5554 3160 5622 μόνον
3188 5551 3480 5621 γρηγορῶν
3509 5551 3643 5619 πρὸς
3673 5551 3741 5600 τὰ
3782 5549 3882 5614 τῆς
3905 5547 4020 5613 ψ’.)-

2432 5649 2533 5716 χῆς
2569 5650 2864 5717 ἠγωνίζετο
2920 5647 3066 5716 πάθη
3104 5647 3323 5698 σιωπῶν
3365 5645 3457 5698 καὶ
3507 5645 3815 5713 ἡσυχάζων,
3872 5639 4022 5694 ἀλλὰ
