4248 6456
226 397 337 460 397

1331 400 1870 463 HISTORIARUM
1917 405 2444 470 COMPENDIUM.

3394 419 3499 484 398

218 510 318 563 καὶ
353 507 638 562 καθεύδων
676 509 745 562 τὰ
794 507 894 579 τῆς
947 508 1303 582 σωφροσύνης
1340 512 1436 565 καὶ
1475 514 1795 583 ἐγκρατείας

1869 546 1882 584 ι
1912 518 2006 572 sed
2041 518 2203 573 etiam
2235 519 2517 576 dormiens
2549 519 2704 591 signa
2737 526 3119 595 temperantia:
3155 535 3317 599 atque
3349 544 3498 586 cuu-

212 600 411 670 ιδήλου
442 603 666 670 σημεῖα.
717 599 910 653 Εἰώθει
943 601 1052 672 γὰρ
1080 604 1146 673 τῇ
1181 603 1282 672 μὲν
1320 604 1449 674 λαιᾷ
1472 607 1619 674 χειρὶ
1641 605 1710 658 τὰ
1739 607 1818 656 αί-

213 693 335 746 δοῖα
367 695 652 763 κατέχειν,
687 695 753 762 τῇ
790 693 941 763 δεξιᾷ
967 694 1025 746 δὲ
1047 695 1115 746 τὰ
1146 694 1298 765 χείλη
1334 696 1604 766 συνέχειν,
1641 697 1818 766 ὑπεμ-

215 786 434 854 φαίνων
473 785 548 837 ὡς
580 783 762 855 πολλῷ
798 785 984 854 μεῖζόν
1024 788 1176 839 ἐστιν
1208 788 1242 855 ή
1275 787 1484 854 ἀγωνία
1516 788 1615 870 τῇς
1641 787 1814 852 γλώτ-

211 894 315 944 της
349 877 451 930 καὶ
492 877 739 940 πλείονος
784 878 1108 947 ἐπικουρίας
1149 882 1228 942 είς
1273 880 1575 948 ἀσφάλειαν
1617 881 1808 935 δεῖται.

216 969 328 1020 Καὶ
361 969 460 1020 τὸν
485 970 739 1040 Χείρωνα
773 969 831 1022 δὲ
862 970 1176 1038 Κένταυρον
1208 972 1516 1056 ἱστοροῦσιν
1550 973 1813 1042 Ἐλληνες

209 1060 570 1130 δικαιοσύνης
619 1063 720 1114 καὶ
767 1062 989 1128 ἁγνείας
1043 1062 1296 1130 γενέσθαι
1340 1064 1681 1130 διδάσκαλον,
1737 1068 1812 1129 ὡς

210 1153 309 1204 καὶ
334 1154 591 1224 Ὅμηρος
622 1156 894 1225 μαρτυρεῖ
916 1153 1104 1207 τοῦτον
1131 1155 1475 1210 δικαιότατον
1509 1160 1807 1228 πεφηνέναι

215 1247 575 1317 Κενταύρων,
634 1246 723 1300 διὰ
775 1247 975 1318 πολλὴν
1031 1249 1298 1318 δήπουθεν
1359 1253 1658 1322 καρτερίαν
1713 1255 1809 1307 καὶ

207 1338 552 1406 ἐγκράτειαν
571 1339 666 1390 καὶ
693 1337 944 1409 σώματος
971 1340 1345 1409 δουλαγωγίαν
1370 1349 1462 1396 καὶ
1490 1344 1804 1416 σύμμετρον

203 1430 555 1498 ἐπιμέλειαν.
591 1431 755 1484 Ὅθεν
783 1432 846 1502 δὴ
872 1432 1100 1486 Πλάτων
1127 1435 1377 1505 ἐναργῶς
1405 1431 1564 1499 αὖθις
1591 1437 1804 1490 ἐκδιδά-

204 1537 355 1572 σκων
388 1522 580 1591 φησίν·
629 1521 1036 1592 Ἐπιμελείσθαι
1071 1523 1127 1574 δὲ
1162 1523 1415 1592 σώματος
1435 1525 1615 1594 ψυχῆς
1637 1527 1802 1580 ἕνεκα

202 1614 500 1682 ἁρμονίας,
527 1616 594 1667 δι’
626 1607 686 1667 οὗ
729 1615 879 1685 βιοῦν
920 1633 978 1668 τε
1011 1616 1125 1669 ἐστι
1159 1619 1252 1669 καὶ
1291 1619 1471 1687 ὀρθῶς
1504 1620 1676 1688 βιοῦν,
1705 1623 1800 1673 καὶ

198 1708 608 1776 καταγγέλλειν
660 1710 759 1777 τῆς
791 1709 1052 1777 ἀληθείας
1083 1711 1144 1762 τὸ
1178 1712 1461 1780 κήρυγμα.
1499 1714 1670 1766 Τοῦτο
1704 1716 1798 1766 καὶ

195 1801 224 1848 ό
246 1799 393 1860 θεῖος
421 1798 531 1867 ἔφη
564 1798 774 1862 Παῦλος
803 1815 816 1828 ·
845 1818 865 1852 ι
907 1801 1246 1866 ’Υπωπιάζω
1280 1820 1383 1873 μου
1412 1805 1471 1856 τὸ
1511 1806 1673 1874 σῶμα
1704 1809 1798 1858 καὶ¹

1923 610 2166 666 liuentia:
2199 613 2414 669 edebat.
2443 611 2668 670 Solebat
2691 616 2838 670 enim
2867 617 2998 673 laeva
3027 634 3195 674 manu
3223 623 3498 692 pudenda,

1920 704 2112 758 dextra
2137 707 2279 760 labia
2330 715 2537 777 tenere,
2583 711 2823 767 innitens
2874 715 3049 768 multo
3106 719 3330 786 gravius
3373 734 3498 774 esse

1917 798 2180 852 adversus
2214 798 2450 868 linguam
2479 810 2785 865 certamen,
2816 819 2879 859 ac
2926 805 2991 860 ad
3020 811 3369 864 securitatem
3427 813 3496 865 ab

1915 902 1976 938 ea
2016 890 2382 955 praestandam
2414 893 2608 960 majori
2643 910 2781 963 opus
2823 911 2944 952 esse
2974 900 3247 968 prasidio.
3303 900 3499 956 Chiroo

1916 991 2038 1030 nem
2103 993 2322 1048 quoque
2375 977 2708 1037 Centaurum
2780 987 2954 1041 Graeci
3005 999 3231 1042 narrant
3273 991 3496 1057 justitiae

1915 1063 2086 1121 fuisse
2112 1080 2275 1137 atque
2293 1073 2566 1126 castitatis
2585 1077 2943 1146 magistrum;
2982 1079 3032 1132 id
3054 1081 3196 1150 quod
3225 1083 3494 1138 Homerus

1913 1159 2076 1212 etiam
2118 1169 2372 1227 testatur,
2405 1165 2645 1244 quieum
2681 1167 3076 1224 Centaurorum
3111 1172 3184 1226 ait
3209 1175 3491 1230 exstitisse

1905 1255 2296 1322 justissimum,
2327 1258 2581 1312 nimirum
2625 1261 2694 1313 ob
2726 1263 2979 1316 eximiam
3011 1266 3360 1321 tolerantiam
3407 1277 3495 1323 at-

1909 1365 2019 1419 que
2046 1353 2438 1406 continentiam
2465 1357 2826 1425 corporisque
2851 1357 3228 1414 subaetiouem
3277 1371 3328 1416 et
3355 1377 3492 1416 con-

1907 1440 2125 1494 cinnam
2182 1459 2391 1497 curam.
2441 1445 2594 1501 Unde
2653 1463 2846 1502 rursus
2896 1448 3048 1503 Plato
3093 1451 3374 1507 evidenter
3413 1461 3492 1510 sic

1909 1533 2173 1602 praaeipit.
2230 1534 2428 1588 Curam
2481 1540 2728 1604 corporis
2765 1555 2953 1608 gerere
2987 1551 3202 1611 oportet
3249 1560 3391 1602 eam.
3431 1555 3489 1599 ut

1905 1639 2026 1678 cum
2052 1630 2233 1678 anima
2268 1639 2445 1681 servet
2478 1630 2846 1694 harmoniam,
2871 1645 3092 1704 propter
3132 1637 3276 1704 quod
3307 1647 3360 1692 et
3409 1640 3489 1691 vi-

1903 1717 2001 1780 vit,
2045 1726 2098 1770 et
2124 1726 2271 1772 recte
2310 1720 2520 1785 vivens,
2553 1733 2608 1776 et
2633 1723 2878 1776 veritatis
2902 1728 3232 1791 praeconium
3256 1727 3483 1785 faciens.

1905 1805 1994 1861 Sic
2025 1816 2079 1861 et
2120 1808 2178 1863 Β.
2240 1809 2445 1865 Paulus
2501 1814 2576 1865 ait
2623 1829 2782 1868 suum
2820 1832 2877 1870 se
2911 1832 3111 1886 corpus
3143 1818 3405 1876 alllictare
3431 1832 3486 1878 et

194 1887 559 1956 δουλαγωγῶ,
588 1906 617 1938 οι
653 1889 902 1942 τουτέστι
948 1891 1084 1961 πρὸς
1116 1890 1354 1961 ἄσκησιν
1397 1895 1491 1946 καὶ
1536 1894 1794 1947 σύστασιν

1869 1922 1870 1927 η
1902 1899 2178 1966 subigere,
2211 1900 2314 1955 hoc
2343 1912 2428 1957 est
2452 1906 2848 1960 exercitatione
2870 1923 2930 1963 se
2966 1911 3014 1963 id
3041 1910 3106 1964 ad
3136 1922 3336 1966 statum
3365 1930 3485 1970 rec-

196 1982 329 2033 αύτὺ
361 1982 485 2050 μετ’
526 1983 846 2053 ἐπιστήμης
873 1983 972 2036 καὶ
1012 1985 1332 2056 φρονήσεως
1367 1986 1652 2055 γυμνάζω,
1702 1989 1794 2040 καὶ

194 2075 335 2142 πρὸς
371 2073 478 2145 τὴν
508 2075 618 2126 τῶν
651 2074 982 2146 κρειττόνων
1023 2078 1336 2146 συνεργίαν,
1373 2079 1434 2129 ού
1473 2079 1608 2147 πρὸς
1635 2079 1794 2133 ἀσέλ-

195 2181 357 2229 γειαν
403 2168 832 2235 προνοούμενος.
869 2167 1290 2238 Συμπεφὼνηκε
1335 2169 1516 2221 τοίνυν
1545 2171 1636 2222 καὶ
1671 2172 1792 2224 τού-

192 2273 306 2319 τοις
335 2257 367 2308 6
415 2256 650 2310 Πλάτων
699 2254 759 2310 εὖ
811 2258 960 2328 μάλα
992 2263 1104 2322 τοῖς
1135 2260 1450 2329 ἡμετέροις,
1493 2262 1595 2331 τὴν
1622 2262 1791 2330 ἀναγ-

192 2347 358 2402 καίαν
416 2350 516 2401 καὶ⁵
577 2349 806 2404 δέουσαν
863 2351 1188 2421 ἐπιμέλειαν
1250 2353 1526 2406 ποιεῖσθαι
1581 2372 1790 2424 παρεγ-

203 2445 407 2512 κνήσας
439 2441 538 2494 τοῦ
575 2441 850 2514 σώματος.
895 2444 1179 2508 Ὑπέδειξέ
1205 2461 1263 2497 τε
1295 2447 1458 2498 πάλιν
1484 2449 1582 2500 καὶ⁵
1611 2450 1790 2502 διεσά-

191 2551 370 2604 φησεν
418 2536 570 2597 ὅπως
641 2534 869 2604 ἄρχεται
940 2537 1034 2588 καὶ
1105 2536 1329 2600 αὔξεται
1403 2539 1503 2608 τῆς
1575 2541 1786 2611 φαύλης

191 2631 496 2700 ἐπιθυμίας
531 2633 626 2684 καὶ
662 2631 929 2701 κακίστης
981 2633 1274 2703 συνηθείας
1331 2636 1392 2686 τὸ
1435 2637 1626 2699 πάθος.
1685 2638 1788 2703 φάε

195 2739 345 2774 σκων
396 2721 572 2784 οὕτως
619 2723 763 2794 ἀρχὴ
806 2723 906 2793 μέν
950 2724 1154 2794 ἔρωτος
1184 2727 1411 2795 ὅρασις,
1439 2727 1593 2793 αὔξει
1626 2730 1681 2782 δὲ
1729 2730 1787 2781 τὸ

193 2815 369 2878 πάθος
415 2814 598 2878 ἐλπὶς,
628 2815 816 2884 τρέφει
849 2817 908 2869 δὲ
961 2817 1172 2887 μνήμη,
1207 2821 1369 2888 τηρεῖ
1407 2820 1464 2873 δὲ
1502 2823 1780 2888 συνήθεια.

189 2908 277 2957 Δεδ
324 2910 425 2960 καί
481 2907 782 2977 Σωκράτης
822 2909 890 2960 τὰ
934 2908 1226 2977 βλέμματα
1266 2913 1360 2963 καὶ
1405 2911 1470 2963 τὰ
1503 2913 1784 2982 φιλήματα

187 2999 294 3049 τῶν
331 2999 628 3067 εὐμόρφων
661 3001 734 3061 ὼς
763 3001 1142 3072 χαλεπώτερον
1174 3003 1454 3071 σκορπίων
1487 3008 1578 3057 καὶ
1607 3007 1784 3074 ὄφεων

193 3092 266 3139 ἑὸν
296 3092 509 3141 ἐνιέναι
561 3091 846 3158 πεφυκότα
894 3093 1229 3161 ἀποφεύγειν
1278 3094 1578 3150 ἐδίδασκεν.
1619 3098 1784 3151 ’Ὅθεν

193 3183 314 3232 ἰδών
347 3199 473 3234 τινα
487 3182 605 3234 νέον
636 3184 938 3253 φιλήσαντα
968 3185 1220 3251 εῠοπτον,
1260 3205 1278 3238 t
1313 3182 1502 3251 Οὗτος,
1533 3189 1662 3257 ἔφη,
1693 3193 1784 3260 ρᾳ-

186 3276 313 3337 δίως
373 3275 441 3327 ἂν
488 3276 579 3327 καὶ
613 3278 692 3338 είς
731 3280 1008 3346 μαχαίρας
1057 3280 1362 3350 κυϐιστήσῃ
1412 3282 1504 3333 καὶ
1553 3284 1632 3344 εἰς
1673 3284 1780 3356 πῦρ

187 3367 433 3435 ἐμπέσῃ,
472 3386 491 3416 ι
527 3368 556 3418 6
586 3368 854 3436 τοσαύτην
887 3371 1128 3441 δηλονότι
1166 3373 1344 3439 πυρὰν
1387 3374 1444 3425 ἐν
1473 3374 1655 3445 ἐαυτῷ
1688 3393 1783 3428 κα-

186 3459 544 3529 τατολμήσας
570 3461 794 3529 ἀνάψαι.
834 3463 1093 3533 Διογένης
1123 3464 1178 3516 δὲ
1207 3465 1542 3535 θεασάμενος
1590 3469 1781 3536 μειρά-

188 3569 304 3603 κ·ον
343 3552 739 3621 ἀσελγέστερον
772 3554 803 3623 ἦ
831 3556 954 3606 κατ’
981 3555 1151 3624 ἄνδρα
1184 3559 1599 3628 κεκοσμημένον
1628 3557 1781 3614 εἶπεν

191 3663 208 3692 ι
244 3645 302 3694 Εἰ
339 3644 442 3710 μὲν
480 3645 614 3714 πρὸς
644 3645 863 3714 ἄνδρας,
894 3649 1133 3716 ἀτυχεῖς,
1161 3650 1207 3700 εἰ
1237 3649 1292 3702 δὲ
1323 3653 1459 3720 πρὸς
1488 3655 1774 3719 γυναῖκας,

185 3738 412 3797 ἐδικείς.
462 3756 482 3788 ι
517 3737 742 3807 Θηρῶσι
777 3739 866 3792 διὰ
901 3740 992 3792 τοῦ
1033 3741 1424 3812 καλλωπισμοῦ
1456 3747 1504 3798 οί
1539 3750 1636 3814 μὲν
1683 3748 1778 3799 ἇν-

182 3831 307 3894 δρες
337 3830 440 3891 τὰς
464 3832 758 3895 γυναῖκας,
787 3831 843 3882 αἱ
872 3832 927 3884 δὲ
968 3837 1226 3899 γυναῖκες
1259 3838 1351 3887 καὶ
1380 3839 1426 3890 οἱ
1458 3838 1773 3908 ἀνδρόγυνοι

176 3923 306 3984 τοῦς
342 3922 572 3989 ἄνδρας.
613 3924 725 3975 Καὶ
767 3926 953 3991 μέντοι
998 3927 1092 3978 καὶ
1128 3926 1450 3996 ’Λγησίλαος
1493 3931 1772 4002 εὐμόρφου

183 4014 290 4080 ἦρα
326 4014 544 4075 παιδὸς,
603 4016 697 4066 καὶ
745 4016 1074 4085 βουλόμενος
1120 4019 1285 4072 αὑτὸν
1327 4021 1550 4090 φιλῆσαι
1583 4023 1772 4077 διεκώ-

181 4107 306 4156 λυεν
336 4106 552 4168 ἑαυτὸν,
587 4106 808 4174 φεύγων
840 4109 937 4179 τὴν
969 4110 1195 4181 βλάϐην.
1237 4113 1295 4165 '0
1325 4113 1380 4166 δὲ
1422 4115 1768 4188 Ἀλέξανδρος

178 4199 296 4248 οἱεέ
341 4198 477 4249 ίδεῖν
519 4199 618 4260 τὰς
648 4200 873 4269 Δαρείου
905 4201 1211 4275 θυγατέρας
1243 4205 1467 4269 εὐειδεῖς
1502 4209 1641 4276 ἄγαν
1678 4211 1771 4261 καὶ

182 4289 492 4359 παρθένους
530 4289 696 4354 οὔσας
725 4293 986 4362 ἠνέσχετο
1017 4297 1317 4361 παντελῶς,
1360 4299 1581 4367 αἰσχρὸν
1613 4301 1768 4370 νομίο

180 4400 274 4446 σας
303 4382 394 4454 [Ρ.
425 4382 555 4454 205]
583 4383 675 4436 τὸν
705 4385 904 4455 ἄνδρας
934 4387 1127 4440 ἑλόντα
1156 4389 1262 4440 ὑπὸ
1298 4390 1576 4455 γυναικῶν
1601 4393 1767 4460 ἡττη-

179 4475 362 4544 θῆναι.
395 4473 557 4526 Οὕτω
586 4474 641 4526 δὲ
683 4475 777 4528 καὶ
813 4477 991 4547 Κύρος
1025 4477 1053 4528 6
1089 4479 1314 4549 Περσῶν
1357 4479 1607 4549 βασιλεὺς
1642 4483 1764 4535 οὐδὲ

1899 1998 2010 2044 tum
2044 1993 2284 2048 scienter
2313 1997 2724 2066 prudenterque
2767 2016 2981 2066 parare,
3007 2014 3065 2055 ut
3092 2005 3142 2058 id
3169 2007 3272 2061 sibi
3305 2008 3356 2060 in
3395 2024 3483 2062 re-

1896 2079 1996 2134 bus
2024 2082 2416 2149 praestantibus
2451 2086 2770 2155 adjumeuto
2801 2092 2891 2156 sit,
2930 2107 3037 2146 non
3087 2095 3135 2147 ei
3169 2100 3484 2164 prospicere

1895 2186 2016 2238 qtuc
2077 2171 2282 2224 faciant
2331 2172 2395 2225 ad
2445 2173 2747 2229 lasciviam.
2777 2177 2898 2244 Quo
2936 2180 3058 2234 loco
3101 2197 3223 2236 cum
3277 2189 3481 2243 nostris

1897 2262 2155 2330 pra-clare
2186 2266 2445 2319 convenit
2478 2264 2711 2334 Platoni,
2763 2270 2856 2339 qui
2891 2287 2991 2328 uos
3026 2275 3184 2342 jubet
3223 2292 3482 2334 necessa-

1893 2354 2028 2406 riam
2068 2369 2129 2408 ac
2149 2356 2389 2410 debitam
2412 2361 2662 2429 corporis
2684 2377 2873 2417 curam
2901 2381 3113 2436 gerere.
3149 2369 3295 2425 Idem
3323 2389 3482 2428 mou-

1892 2447 2086 2499 stravit
2115 2453 2279 2514 atque
2300 2447 2467 2518 359
2502 2450 2758 2519 patefecit
2781 2459 3055 2524 quomodo
3072 2463 3222 2529 pravi
3253 2463 3482 2522 allectus

1893 2536 2059 2590 animi
2095 2539 2371 2604 oriantur,
2409 2553 2824 2615 augeanturque
2875 2552 3203 2618 cupiditates
3241 2551 3399 2613 malae
3427 2571 3483 2615 et

1872 2630 1946 2682 ’iu
1983 2634 2435 2689 consuetudinem
2494 2637 2715 2692 abeunt.
2751 2639 2994 2710 Initium,
3032 2653 3231 2717 inquit,
3274 2654 3480 2710 amoris

1891 2729 1977 2774 est
2010 2739 2036 2775 a
2071 2723 2227 2778 visu:
2262 2741 2421 2797 auget
2452 2741 2636 2785 autem
2667 2747 2790 2786 eum
2820 2734 3074 2791 allectum
3127 2755 3278 2811 spes,
3308 2748 3480 2801 nutrit

1893 2819 2181 2878 memoria,
2222 2829 2513 2875 conservat
2571 2828 2934 2881 consuetudo.
2980 2827 3166 2899 Itaque
3221 2833 3478 2895 Socrates

1889 2905 2123 2959 docebat
2162 2908 2333 2963 vitare
2366 2923 2726 2980 conspectum
2761 2927 2812 2971 et
2851 2922 3038 2975 oscula
3087 2923 3476 3000 formosorum,

1887 2996 2034 3063 quod
2063 2999 2174 3051 hmc
2227 3001 2379 3055 virus
2435 3007 2786 3076 scorpionum
2813 3022 2867 3065 et
2923 3025 3240 3082 serpentum
3266 3038 3476 3078 veneno

1889 3087 2211 3144 damnosius
2236 3093 2610 3153 immitterent.
2657 3101 2892 3172 Ideoque
2919 3121 3151 3165 cernens
3179 3119 3470 3181 quemdam

1889 3177 2131 3236 formoso
2157 3184 2488 3242 adolescenti
2517 3193 2767 3246 osculum
2795 3196 2926 3252 dare
2955 3219 2973 3250 ι
3005 3200 3124 3266 Hic,
3161 3209 3361 3276 inquit,
3387 3214 3469 3266 vel

1891 3273 1944 3324 iu
1975 3274 2214 3341 gladium
2283 3281 2519 3338 iusiliret
2571 3286 2653 3339 vel
2699 3287 2750 3340 in
2797 3290 2972 3358 ignem
3031 3310 3090 3350 se
3128 3273 3406 3367 abjiceret,
3448 3326 3466 3354 ι

1887 3365 2208 3435 sciliectqui
2245 3377 2452 3426 tantum
2482 3375 2533 3428 in
2576 3378 2756 3446 seipse
2797 3396 2987 3453 rogum
3023 3365 3326 3448 accendere
3371 3412 3472 3451 au-

1889 3470 1986 3509 sus
2024 3469 2190 3514 esset.
2234 3459 2501 3533 Diogenes
2532 3479 2718 3524 autem
2756 3474 3225 3539 adolescentulum
3268 3491 3466 3547 videns

1886 3548 2144 3606 lascivius
2175 3569 2337 3622 quam
2395 3575 2516 3612 eum
2573 3577 2764 3617 sexum
2801 3567 2958 3623 decet
3014 3586 3290 3644 ornatum,
3329 3602 3348 3634 ι
3383 3584 3441 3638 Si

1885 3641 2132 3708 quidem,
2177 3646 2375 3715 inquit,
2414 3651 2549 3704 viris
2588 3660 2639 3708 te
2665 3656 2735 3709 ita
2760 3641 3340 3730 oruas,iul’ortuuatus
3359 3691 3462 3732 es:

1884 3732 1970 3785 sin
2026 3735 2372 3805 mulieribus,
2413 3741 2614 3811 injuste
2642 3746 2796 3803 facis.
2828 3769 2848 3802 ›
2886 3751 3020 3808 Nam
3054 3759 3153 3813 viri
3206 3766 3461 3825 mulieres

1880 3834 2076 3881 ornatu
2097 3840 2339 3899 captant,
2385 3837 2643 3894 mulieres
2671 3851 2852 3897 autem
2905 3859 2959 3901 et
2997 3855 3240 3910 semiviri
3293 3863 3456 3919 viros.

1879 3916 2327 3991 SnueAgesilaus
2354 3941 2575 3997 quoque
2617 3931 2920 3991 formosum
2959 3916 3452 4020 amabatpuerum,

1877 4026 2116 4082 eumque
2155 4018 2406 4072 osculum
2459 4023 2564 4076 sibi
2632 4025 2898 4084 ferentem
2963 4036 3177 4105 rejecit,
3240 4018 3456 4104 evitans

1876 4101 2164 4158 damnum.
2203 4106 2510 4167 Alexander
2540 4112 2687 4169 Darii
2715 4116 2874 4185 ﬁlias,
2906 4101 3452 4202 formosasvirgines,

1875 4208 1941 4246 ne
1987 4194 2176 4251 videre
2234 4200 2453 4267 quidem
2506 4207 2698 4268 voluit,
2773 4217 2934 4280 turpe
2980 4223 3130 4270 ratus
3187 4194 3310 4276 eum
3360 4194 3456 4296 qui

1872 4287 2022 4340 viros
2049 4289 2274 4344 vicisset
2327 4307 2354 4346 a
2389 4295 2715 4352 mulieribus
2747 4301 2909 4356 vinci.
2934 4306 3008 4360 Ita
3034 4307 3208 4378 Cyrus
3236 4287 3455 4388 quoq-ue

1872 4375 2158 4433 Persarum
2211 4397 2304 4435 rex
2352 4400 2528 4454 neque
2603 4389 2798 4444 intueri
2866 4397 3124 4451 sustinuit
3211 4375 3447 4471 puellam

1869 4473 2161 4540 quamdam
2193 4475 2308 4543 lipsi
2330 4487 2668 4547 exemptam,
2701 4484 2862 4550 cujus
2883 4487 3226 4547 admirabilis
3275 4496 3450 4556 forma

177 4566 483 4620 θεάσασθαι
511 4565 684 4638 κόρην
702 4569 827 4621 τινὰ
858 4570 1172 4639 θαυμασίαν
1201 4573 1591 4642 ὰφορισθείσαν
1616 4574 1764 4645 αὐτῷ
1794 4583 1795 4586 ‘

1876 4565 2324 4632 praedicabatur:
2364 4569 2500 4633 quin
2526 4573 2651 4626 etei
2705 4577 2796 4642 qui
2851 4591 2911 4632 se
2958 4595 3078 4636 eam
3145 4589 3341 4647 crebro
3364 4596 3452 4649 vi-

177 4663 267 4713 καὶ
305 4663 596 4731 ἀμήχανον
621 4663 813 4725 κάλλος
859 4664 1002 4734 ἔχειν
1042 4668 1499 4738 μαρτυρουμένην
1542 4671 1760 4722 κατεδέ-

176 4753 326 4818 ξατο,
363 4753 505 4804 ἀλλά
530 4770 592 4818 γε
624 4755 718 4805 καὶ
755 4754 832 4822 τῷ
861 4756 1058 4824 ὁρῶντι
1086 4757 1323 4824 συνεχῶς
1361 4760 1455 4811 καὶ
1497 4760 1661 4829 μηδὲν
1697 4764 1761 4814 ἐκ

175 4844 365 4896 τούτου
398 4844 574 4895 δεινὸν
607 4844 840 4913 πάσχειν
888 4847 1100 4911 λέγοντι
1150 4848 1386 4917 παρῄνει
1420 4853 1554 4919 μήτε
1581 4852 1759 4917 λέγειν

174 4935 328 4988 τοῦτο
375 4938 517 5004 μήτε
558 4936 836 5006 πράττειν.
865 4955 883 4987 ι
907 4938 978 4990 Τὸ
1011 4939 1110 5006 μὲν
1137 4941 1245 5009 γὰρ
1278 4939 1406 5010 πῦρ,
1452 4943 1603 5009 φησὶ,
1631 4946 1757 5007 τοὺς

176 5025 408 5093 πλησίον
448 5024 628 5093 πάντη
671 5023 914 5086 ἑστῶτας
955 5025 1142 5088 καίει,
1192 5027 1253 5078 τὸ
1312 5027 1366 5078 δὲ
1417 5028 1611 5089 κάλλος
1663 5030 1756 5080 καὶ

174 5118 294 5169 tab:
334 5116 627 5186 πόρρωθεν
659 5116 920 5178 ἑστῶτας.
956 5134 974 5166 ›
1021 5117 1173 5169 Ἐπεὶ
1206 5117 1298 5170 οὖν
1328 5118 1385 5170 τὸ
1413 5119 1542 5188 ἐρᾷν
1569 5122 1633 5172 ἐκ
1661 5119 1755 5172 τοῦ

174 5209 304 5277 {cui
329 5208 579 5259 τίκτεται
607 5209 701 5260 καὶ
731 5209 797 5259 ἐκ
829 5207 922 5260 τοῦ
957 5210 1088 5279 ὲρᾷν
1121 5210 1152 5278 ἡ
1185 5211 1581 5277 συγκατάθεσις
1605 5211 1755 5278 γίνε-

173 5315 258 5349 ται
290 5301 388 5351 καὶ
413 5301 479 5350 ἐκ
507 5298 608 5368 τῆς
639 5298 1089 5365 συγκαταθέσεως
1121 5302 1152 5368 ἡ
1183 5300 1376 5369 πρᾶξις
1401 5301 1751 5364 ἐπιτελεῖται,

172 5392 257 5445 διὰ
286 5390 452 5444 τοῦτο
476 5392 572 5444 καί
597 5393 624 5443 6
646 5391 883 5460 Χριστὸς
914 5393 1006 5444 τὸν
1029 5393 1343 5456 ἀκολάστως
1371 5393 1631 5447 ἑστιῶντα
1656 5398 1754 5457 τὰς

173 5484 323 5553 ξῴις
353 5485 545 5554 μοιχὸν
572 5484 809 5554 ἔκρινεν,
831 5485 1020 5551 ού’τὴν
1046 5486 1246 5557 πρᾶξιν
1281 5487 1470 5556 μόνην,
1502 5487 1636 5540 ἀλλὰ
1659 5490 1752 5541 καὶ

171 5577 268 5644 τὴν
316 5576 530 5628 ἔννοιαν
577 5578 1052 5645 προαναστέλλων.
1114 5579 1222 5629 Καὶ
1269 5579 1298 5629 6
1346 5579 1641 5649 Σωκράτης
1694 5579 1753 5632 δὲ

174 5670 336 5721 πάλιν
371 5669 742 5736 φυλάττεσθαι
792 5669 998 5739 σφόδρα
1047 5669 1141 5721 καὶ
1185 5669 1622 5738 παρατηρεῖσθαι
1650 5669 1750 5736 τὴν

174 5764 444 5831 ἀκρασίαν
513 5761 783 5819 διδάσκων
839 5761 940 5831 ἔφη
1002 5763 1076 5832 μὴ
1130 5761 1430 5825 πεινῶντας
1495 5763 1615 5814 λίαν
1673 5762 1748 5831 μὴ

1872 4656 2000 4707 dere
2039 4657 2364 4724 uequeiude
2409 4660 2708 4729 quidquam
2741 4664 2867 4717 mali
2892 4668 3096 4726 habere
3134 4677 3443 4751 dictitabat,

1871 4747 2045 4798 suasit
2079 4761 2146 4798 ne
2175 4746 2279 4801 hoc
2313 4748 2398 4800 vel
2431 4749 2632 4804 faceret
2666 4754 2748 4806 vel
2781 4756 3024 4826 diceret;
3078 4763 3255 4832 ignem
3296 4746 3444 4827 enim

1869 4841 2091 4892 omnino
2121 4847 2366 4895 astantes
2391 4857 2572 4904 urere,
2603 4846 2806 4900 amoris
2839 4847 3150 4908 incendium
3178 4861 3342 4916 etiam
3370 4867 3439 4919 ad

1867 4943 2108 4984 remotos
2127 4931 2696 5000 pertinere.Quoniam
2717 4937 3057 5012 ἰδίω-360
3072 4961 3136 5000 ex
3153 4948 3272 5005 visu
3290 4967 3447 5009 amor
3473 4991 3476 4996 -

1871 5024 2134 5087 nascitur,
2170 5024 2326 5094 isque
2370 5040 2724 5091 consensum,
2763 5045 3070 5090 consensus
3119 5038 3335 5100 facinus
3363 5050 3445 5118 gi-

1867 5116 2003 5184 gnit,
2037 5117 2240 5173 idcirco
2271 5118 2528 5174 Christus
2569 5138 2693 5175 eum
2717 5125 2813 5190 qui
2848 5129 3038 5184 oculos
3064 5116 3443 5208 intemperan-

1867 5216 1951 5262 ter
1979 5210 2153 5277 pascit
2185 5210 2801 5278 adulterumiudicavit,
2830 5233 2941 5272 non
2967 5235 2994 5272 a
3026 5221 3169 5281 facto
3201 5236 3437 5298 tantum,

1866 5300 1960 5354 sed
1986 5302 2254 5356 maturius
2291 5304 2456 5358 etiam
2510 5322 2538 5358 a
2575 5309 2914 5376 cogitatione
2958 5311 3091 5368 facti
3114 5317 3435 5384 dehortaus.

1862 5392 2102 5447 Rursum
2174 5395 2451 5463 Socrates,
2515 5415 2637 5452 cum
2715 5401 2873 5456 docet
2959 5405 3436 5478 intemperantiam

1862 5501 2210 5558 summopere
2230 5489 2550 5558 vitare,nisi
2587 5492 2880 5549 admodum
2936 5503 3272 5560 esurientem
3323 5524 3436 5566 non

1861 5579 2023 5636 edere
2075 5598 2252 5651 neque
2301 5583 2488 5639 bibere
2538 5585 2642 5639 nisi
2704 5587 3013 5644 vehementi
3071 5605 3302 5664 urgeute
3344 5603 3433 5656 siti

1857 5671 2032 5740 jubet.
2073 5675 2148 5727 Ac
2178 5674 2434 5730 Christus
2486 5693 2704 5747 quoque
2747 5682 2886 5735 tales
2934 5685 3120 5744 beatos
3146 5689 3431 5757 predicat,

1861 5766 1914 5818 in
1947 5767 2265 5820 beatitatum
2305 5773 2746 5827 enumeratione.

176 5855 392 5922 ξσθίειν,
424 5856 564 5928 μηδὲ
595 5857 866 5925 διψῶντας
898 5857 1070 5912 πολλὰ
1117 5858 1192 5927 μὴ
1224 5857 1429 5910 πίνειν·
1464 5857 1558 5911 καὶ
1583 5860 1690 5927 γὰρ
1726 5861 1753 5912 ὀ
1792 5859 2334 5934 κύριος’ὲμακάοισε
2377 5869 2502 5928 τοὺς
2554 5871 2824 5934 τοιούτους
2898 5874 2958 5928 ἐν
3005 5877 3115 5939 τοῖς
3193 5893 3432 5952 [suapt-

182 5953 351 6020 σςιοίς.
