4248 6456
722 392 826 452 399

792 509 917 562 l‘ost
991 501 1278 558 Claudium
1350 501 1642 571 imperavit
1702 497 1889 566 Nero,

718 612 894 654 annos
915 597 1000 653 14.
1024 596 1095 651 De
1114 596 1219 650 hoc
1241 596 1496 651 exstabat
1516 594 1800 649 oraculum
1827 593 2090 649 «ultimus
2109 591 2310 648 IEnea-

718 687 1140 745 dummatrieida
1177 685 1516 758 imperitabit
1544 704 1557 738 :
1589 704 1607 738 ι
1627 683 1934 740 deducebat
1957 685 2107 740 enim
2136 699 2312 754 genus

721 784 789 836 ab
818 781 989 836 lEnea
1027 795 1123 849 per
1185 779 1479 833 Romulum
1513 787 1567 833 et
1602 780 1938 849 Augustum.
1975 777 2049 843 ιε,
2101 788 2226 832 cum
2259 775 2309 831 ei

723 873 1107 928 mulirmatum
1142 871 1623 942 essetimperium,
1653 871 1911 942 turpibus
1938 884 2061 927 sese
2087 868 2312 940 ﬂagitiis

662 953 666 958 ’
721 967 927 1022 dedidit
973 967 1286 1038 studiisque
1319 966 1626 1023 alroliicio
1685 966 2039 1038 imperatoris
2080 980 2315 1038 prorsus

721 1063 950 1119 alienis:
985 1061 1182 1117 ﬁdibus
1240 1061 1382 1116 enim
1445 1060 1688 1128 ludebat,
1740 1060 2038 1133 tragcedias
2096 1059 2313 1132 agebat,

722 1163 886 1226 inque
919 1157 1134 1212 theatro
1186 1155 1437 1211 saltabat.
1473 1154 1645 1211 Porro
1700 1164 1883 1213 autem
1923 1154 2156 1225 reliquis
2197 1155 2318 1212 suis

723 1251 1026 1307 sceleribus
1060 1253 1163 1307 hoc
1201 1250 1412 1306 addidit
1465 1259 1526 1306 ut
1553 1251 1721 1305 Deum
1774 1257 2142 1322 oppugnaret,
2199 1249 2319 1319 pri-

723 1358 956 1413 musque
1005 1351 1326 1414 persecutor
1370 1343 1534 1398 Verbi
1561 1343 1653 1398 Dei
1696 1344 1928 1399 exstitit.
1968 1341 2127 1408 Post,
2192 1355 2317 1398 cum

723 1439 769 1487 ei
797 1435 1008 1490 insidia:
1032 1435 1300 1491 adversus
1333 1436 1509 1506 ipsum
1541 1441 1768 1490 structa:
1821 1442 2012 1491 essent
2064 1433 2317 1496 detectae,

724 1539 983 1593 matrem,
1029 1545 1277 1586 sororem
1316 1543 1661 1596 uxoremque
1683 1543 1814 1584 suas
1840 1536 2086 1583 extrema
2116 1525 2320 1581 incita-

726 1632 812 1676 tus
868 1621 1079 1677 insania
1136 1620 1434 1688 interiecit,
1494 1621 1746 1692 aliosque
1805 1621 2128 1676 innumeros
2187 1634 2322 1675 suos

725 1724 993 1784 (‘ngnalos
1020 1716 1279 1786 virosque
1306 1715 1553 1782 illustres
1595 1712 1808 1778 Romaz,
1861 1721 2112 1769 metuens
2154 1729 2227 1768 ne
2257 1713 2326 1768 ab

729 1809 793 1861 iis
821 1823 913 1873 per
965 1807 1292 1862 seditionem
1358 1805 1737 1875 impeteretur.
1795 1804 2092 1860 lnterl‘ecta
2153 1819 2325 1859 uxore

727 1902 1036 1957 eunuchum
1104 1899 1295 1954 uxoris
1333 1898 1455 1954 loco
1491 1899 1672 1953 duxit.
1734 1896 1786 1954 is
1845 1896 1990 1953 Nero
2045 1897 2324 1968 principes

729 1994 1104 2055 apostolorum
1151 1990 1376 2047 Petrum
1430 2004 1496 2044 ac
1531 1988 1763 2045 Paulum
1813 1989 2131 2060 multosque
2184 1989 2323 2045 alios

731 2094 1004 2154 martyres
1039 2081 1360 2151 ,interiecit.
1428 2079 1509 2138 Eo
1569 2080 1878 2151 imperante
1921 2079 2086 2134 etiam
2148 2078 2324 2136 Judazi

726 2177 993 2232 Jacobum
1026 2175 1250 2230 fratrem
1280 2173 1496 2229 Domini
1554 2179 1915 2229 necaverunt.
1980 2172 2033 2228 is
2062 2172 2131 2227 ab
2166 2181 2324 2228 utero

730 2270 922 2321 matris
972 2275 1162 2322 castus
1200 2265 1400 2332 fuerat,
1431 2266 1620 2320 vinum
1679 2265 1932 2334 aliosque
1982 2265 2325 2321 inebriantes

728 2359 887 2430 361
921 2368 1084 2426 potus
1142 2372 1422 2428 nunquam
1496 2357 1738 2420 biberat,
1795 2358 2051 2412 animans
2111 2357 2321 2412 nullum

729 2455 940 2514 ederat,
989 2451 1255 2506 novacula
1301 2457 1465 2519 caput
1499 2450 1676 2520 ipsius
1708 2467 1989 2520 nunquam
2044 2451 2322 2521 tetigerat,

729 2547 850 2599 uiro
884 2555 1085 2598 unctus
1114 2552 1168 2599 et
1206 2544 1404 2599 balneo
1438 2560 1573 2600 usus
1598 2559 1705 2599 non
1741 2543 1942 2600 fuerat.
1977 2544 2027 2600 ls
2053 2546 2168 2616 jam
2197 2544 2325 2600 inde

730 2639 798 2691 ali
840 2636 1015 2691 reditu
1048 2635 1253 2691 Chrisd
1285 2636 1338 2691 in
1381 2635 1550 2692 caelos
1578 2637 1876 2707 epiSCOpus
1930 2638 2324 2710 Hierosolyma:

731 2732 910 2785 ftmat
943 2739 1184 2786 creatus.
1229 2729 1417 2785 Genua
1455 2745 1624 2800 porro
1675 2731 1850 2800 ipsius
1899 2732 2072 2787 callos
2126 2733 2322 2788 cameli

733 2827 908 2878 instar
943 2838 1182 2894 genuum
1221 2822 1591 2890 obduxerant,
1617 2825 1762 2892 quod
1823 2825 1878 2878 in
1910 2841 1970 2878 ea
2025 2824 2321 2881 identidem

733 2915 998 2971 adorandi
1031 2915 1123 2970 Dei
1155 2930 1320 2970 causa
1350 2915 1682 2971 consideret.
1722 2915 1908 2985 Itaque
1942 2917 2012 2970 ob
2042 2919 2322 2973 excellen—

733 3016 841 3063 tem
871 3007 1142 3077 justitiam
1174 3007 1664 3077 admirabilemque
1688 3010 1811 3062 vita:
1842 3009 2105 3064 rationem
2133 3007 2324 3065 Justus

733 3099 1131 3171 appellabatur,
1169 3107 1220 3154 et
1253 3097 1460 3164 Oblias,
1513 3099 1661 3169 quod
1729 3101 1910 3168 populi
1977 3101 2322 3171 complexum

733 3194 976 3248 denotat.
1013 3190 1166 3246 lluuc
1195 3190 1485 3256 Jacobum,
1513 3192 1694 3246 virum
1723 3193 2116 3253 venerabilem,
2146 3194 2325 3248 bono-

737 3295 913 3338 ratmn
973 3293 1028 3338 et
1076 3283 1500 3348 celeberrimum
1579 3283 2008 3354 angelorumque
2065 3286 2323 3349 similem,

735 3391 860 3430 cum
923 3375 1208 3431 Paschalis
1265 3374 1537 3430 festivitas
1592 3386 1869 3446 ageretur,
1929 3393 1992 3431 ac
2059 3378 2329 3446 permulta

734 3467 1048 3524 Judmorum
1112 3467 1282 3520 millia
1319 3467 1372 3521 in
1415 3469 1606 3522 urbem
1664 3468 2084 3534 conﬂuxissent,
2135 3469 2332 3523 scriba:

735 3571 790 3616 ct
815 3560 1135 3616 sacerdotes
1167 3561 1221 3612 in
1276 3561 1460 3630 templi
1510 3560 1813 3630 pinuaculo
1876 3561 2329 3625 constituerunt;

741 3662 908 3723 utque
933 3653 1136 3706 Christi
1169 3652 1614 3722 praedicationem
1641 3653 1948 3718 abolerent,
1977 3670 2172 3724 magna
2200 3672 2332 3711 voce

739 3745 809 3796 itu
874 3750 1004 3799 sunt
1070 3741 1544 3799 all‘atizTeJuste
1602 3747 1912 3809 hortamur,
1987 3749 2332 3803 utnniverso

737 3836 940 3904 populo
968 3834 1141 3901 d;e.is,
1167 3849 1236 3888 ne
1264 3849 1451 3888 errore
1493 3833 1712 3890 abducti
1774 3851 1898 3890 eum
1934 3837 2026 3906 qui
2069 3836 2328 3893 Christus

739 3939 1041 3998 usurpatur
1095 3935 1398 3982 sectentur.
1446 3926 1568 3981 Tibi
1611 3928 1758 3983 enim
1817 3943 1918 3984 nos
1942 3945 2136 3985 omnes
2170 3931 2332 3986 (idem

741 4023 1030 4083 habemus.
1060 4037 1220 4090 quem
1259 4022 1469 4075 scimus
1491 4023 1702 4090 justum
1731 4037 1854 4077 esse
1877 4033 1931 4078 et
1966 4037 2332 4094 personarum

740 4113 1012 4168 rationem
1049 4113 1254 4167 nullam
1298 4112 1521 4167 ducere.
1559 4112 1656 4167 Dic
1707 4128 1839 4182 ergo
1870 4116 2053 4179 nobis,
2086 4131 2209 4186 qua:
2249 4127 2335 4172 est

735 4208 904 4277 janua
926 4205 1053 4262 ,ιι-ευ
1074 4207 1097 4260 ?
1120 4207 1198 4260 Ad
1219 4207 1335 4260 inec
1365 4208 1453 4261 ille
1474 4224 1487 4260 :
1511 4207 1653 4272 Quid
1677 4223 1780 4274 me,
1801 4209 2001 4274 inquit,
2023 4209 2091 4263 de
2111 4209 2334 4264 Christo

739 4300 1092 4368 interrogatis
1121 4299 1143 4351 ?
1177 4297 1227 4353 Is
1261 4297 1482 4367 quidem
1521 4298 1578 4352 in
1609 4301 1753 4353 caelo
1800 4301 1867 4354 ad
1903 4301 2184 4356 dexteram
2238 4301 2333 4358 Dei

739 4392 912 4456 Sedet,
939 4379 1176 4461 intleque
1200 4391 1384 4446 veniet
1415 4399 1604 4453 vectus
1650 4391 1888 4448 nubibus
1937 4394 2081 4458 cmli,
2114 4394 2333 4449 reddet-

742 4499 847 4553 que
871 4485 1168 4552 unicuique
1215 4498 1277 4538 ea
1331 4498 1458 4552 qua:
1517 4465 1751 4538 meritus
1818 4482 1943 4538 fuit.
1997 4483 2151 4538 Multi
2204 4501 2334 4556 ergo

2021 378 2344 442 GEORGII
2391 380 2725 444 CEDRENI

1965 499 2110 554 [ilius
2165 497 2308 569 ejus,

2490 497 2644 551 Μετὰ
2683 497 2739 550 δέ
2793 495 3059 550 Κλαύδιον
3109 495 3432 550 ἐϐασίλευσε
3481 494 3675 566 Νέρων
3702 495 3731 547 ὁ
3763 495 3874 558 υίὸς
3904 515 4010 551 αυο

3893 379 4007 443 400

2414 591 2535 648 τοῦ.
2554 591 2651 658 ἐτη
2691 589 2772 644 ιδ’.
2794 590 2927 659 Περὶ
2951 583 3014 643 οὗ
3047 571 3229 657 λάγιον
3254 583 3346 660 ἦν,
3397 604 3417 638 ι
3433 587 3704 658 Ἐσχατος
3733 586 4014 641 Λίνεαδὼν

2420 685 2788 757 μητροκτόνος
2836 680 3234 753 ἡγεμονεύσει·
3284 699 3304 732 ι
3357 679 3632 750 κατήγετο
3661 679 3771 748 γὰρ
3798 679 3862 731 ἐκ
3910 679 4016 746 τῆς

2417 779 2614 847 γενεᾶς
2651 777 2864 829 Αἰνείου
2917 775 3012 829 καὶ
3056 772 3342 843 Ῥωμύλου
3375 773 3474 827 καὶ
3530 773 3866 840 Αὐγούστου.
3907 765 4020 826 Οὖ-

2417 887 2512 932 τος
2563 867 3010 941 κραταιουμένης
3066 865 3217 936 αὐτῷ
3265 866 3366 936 τῆς
3413 866 3591 938 ἀρχῆς
3639 867 3721 930 είς
3762 865 4020 927 ἀνοσίους

2422 960 2648 1032 πράξεις
2684 958 2944 1024 ἐξώκειλε
2970 958 3064 1012 καὶ
3083 957 3344 1029 ἀλλότρια
3369 957 3466 1027 τῆς
3496 955 3773 1027 βασιλείας
3809 958 4018 1026 ἐπετή-

2421 1059 2544 1113 δευε
2575 1059 2903 1129 πράγματα,
2941 1055 3244 1126 κιθαρίζων
3291 1054 3389 1108 καὶ
3431 1053 3730 1123 τραγῳδῶν
3774 1054 3869 1106 καὶ
3915 1053 4018 1124 ὀρ-

2423 1153 2688 1225 χούμενος
2729 1152 2821 1204 ἐπὶ
2870 1151 2978 1204 τῶν
3023 1149 3287 1218 θεάτρων.
3344 1147 3458 1219 Καὶ
3510 1146 3645 1220 πρὸς
3693 1145 3904 1209 τούτοις
3959 1147 4021 1199 ἐν

2424 1246 2628 1306 πάσαις
2656 1244 2822 1298 αὐτοῦ
2865 1239 3318 1312 ἀθεμιτουργίαις
3356 1239 3452 1293 καὶ
3487 1238 3549 1292 τὸ
3581 1240 3678 1307 τῆς
3712 1238 4022 1308 θεομαχῐας

2425 1337 2737 1408 προσέθηκε
2796 1336 2991 1406 μύσος,
3037 1333 3276 1401 διώκτης
3323 1332 3542 1402 πρῶτος
3589 1331 3888 1399 γενόμενος
3917 1327 4020 1382 τοῦ

2425 1429 2571 1482 θείου
2619 1431 2813 1497 Λόγου.
2858 1429 3015 1481 Μετά
3055 1426 3111 1478 δὲ
3146 1423 3317 1478 ταῦτα
3363 1423 3662 1491 ἐπιϐουλῆς
3694 1423 3816 1474 κατ’
3846 1419 4021 1473 αὖτοῦ

2429 1523 2761 1594 μηνυθείσης
2816 1521 2988 1590 αὐτῷ,
3047 1521 3128 1581 εἰς
3177 1519 3346 1588 ἀκρον
3389 1517 3590 1588 μανίας
3635 1513 3806 1568 ἐλθὼν
3839 1513 4020 1566 ἀνεῖλε

2426 1614 2524 1686 τὴν
2559 1613 2772 1684 μητέρα
2805 1611 2970 1666 αὑτοῦ
3027 1609 3123 1663 καὶ
3156 1610 3258 1679 τὴν
3292 1609 3531 1681 ἀδελφὴν
3577 1606 3746 1662 αὑτοῦ
3789 1607 3884 1660 καὶ
3915 1603 4023 1674 τὴν

2428 1709 2667 1778 γυναῖκα
2705 1706 2874 1760 αὑτοῦ
2909 1704 3008 1758 καὶ
3052 1704 3249 1767 ἀλλους
3287 1703 3516 1774 μυρίους
3553 1701 3632 1772 τῷ
3668 1701 3816 1770 γένει
3848 1716 4024 1769 προσ-

2429 1803 2663 1873 ἡκοντας
2698 1804 2792 1853 καὶ
2836 1799 2964 1862 τοὺς
3005 1801 3064 1852 ἐν
3101 1797 3294 1869 Ῥώμῃ
3332 1797 3663 1866 ἐπισήμους,
3691 1793 3791 1866 τὴν
3821 1791 3878 1858 ἐξ
3913 1793 4023 1845 αύ-

2426 1896 2537 1949 τῶν
2572 1895 2943 1948 ἐπανάστασιν
2991 1891 3367 1962 ὑφορώμενος.
3416 1888 3572 1944 Μετά
3601 1887 3658 1942 δέ
3701 1887 3764 1942 τὸ
3806 1884 4024 1940 ἀνελεῖν

2425 1989 2526 2061 τὴν
2572 1990 2805 2058 γυναῖκα
2864 1985 3072 2058 ἔγημεν
3125 1984 3404 2054 εὐνοῦχον.
3453 1975 3624 2044 Οὗτος
3673 1979 3850 2034 ἀνεῖλε
3888 1979 4026 2042 τοὺς

2427 2082 2766 2153 κορυφαίους
2789 2079 3125 2142 ἀποστόλους
3151 2077 3360 2148 Πέτρον
3387 2076 3482 2129 καλ⁵
3515 2072 3734 2127 Παῦλον
3764 2071 3858 2126 καὶ
3887 2070 4028 2123 πολ-

2428 2175 2555 2238 λοὺς
2589 2174 2814 2244 ἐτέρους
2861 2171 3170 2242 μάρτυρας.
3215 2169 3335 2240 Ἐφ’
3383 2163 3447 2224 οὗ
3499 2169 3596 2222 καὶ
3638 2167 3885 2221 Ἰουδαῖοι
3925 2167 4027 2220 τὸν

2428 2272 2750 2340 ἀδελφόοεον
2793 2269 3055 2324 Ἰάκωϐον
3087 2269 3444 2334 ἀπέκτειναν,
3473 2266 3533 2329 ὃς
3561 2264 3725 2334 ἁγνὸς
3755 2262 4029 2334 ὑπάρχων

2431 2365 2496 2419 ἐκ
2527 2363 2737 2428 κοιλίας
2772 2361 2982 2432 μητρὸς
3028 2353 3171 2414 οἶνον
3221 2359 3318 2413 καὶ⁵
3352 2359 3547 2429 σίκερα
3575 2357 3676 2410 ούκ
3714 2355 3888 2421 ἔπιεν,
3921 2353 4029 2422 ἐμ-

2428 2458 2604 2528 ψυχον
2636 2456 2735 2508 ούκ
2785 2455 2959 2522 ἔφαγε
2997 2451 3243 2517 πώποτε,
3287 2450 3448 2521 ξυρὸς
3498 2449 3594 2502 ἐπὶ
3621 2449 3722 2519 τὴν
3775 2446 4030 2516 κεφαλὴν

2429 2549 2594 2603 αὑτοῦ
2621 2549 2719 2600 ούκ
2757 2546 2946 2616 ἀνέϐη,
2984 2546 3146 2615 ἐλαίῳ
3180 2545 3281 2598 οὐκ
3312 2543 3592 2614 ἠλείψατο,
3625 2541 3894 2612 βαλανείῳ
3921 2541 4031 2593 οὐκ

2429 2643 2722 2713 ἐχρήσατο.
2771 2636 2941 2702 Οὗτος
2968 2639 3063 2693 ἐπὶ
3112 2635 3208 2691 τοῦ
3247 2636 3456 2707 Κυρίου
3503 2637 3804 2699 ἐπίσκοπος
3831 2637 3931 2704 τῆς
3966 2634 4030 2687 ἐν

2440 2732 2842 2804 Ἰεροσολύμοις
2882 2730 3215 2798 Ἐκκλησίας
3267 2729 3532 2797 κατέστη,
3584 2729 3655 2781 τά
3705 2730 3764 2782 δὲ
3818 2729 4030 2796 γόνατα

2430 2823 2596 2877 αὐτοῦ
2639 2818 2781 2892 ἦσαν
2827 2820 3340 2890 ἀπεακληκότα-ὠς
3385 2819 3637 2891 καμήλου
3685 2819 3752 2873 ἐκ
3791 2819 3884 2872 τοῦ
3931 2819 4030 2873 ἀεὶ

2429 2917 2703 2985 κάμπτειν
2728 2916 2923 2969 ἑαυτὸν
2957 2915 3052 2967 καὶ
3093 2913 3176 2983 τῷ
3202 2911 3323 2984 Θεῷ
3353 2916 3704 2984 προσκυνεῖν.
3747 2912 3908 2966 Ὅθεν
3930 2913 4029 2966 διὰ

2427 3009 2527 3078 τὴν
2557 3007 2868 3078 ὑπερϐολὴν
2915 3008 3016 3076 τῆς
3065 3008 3420 3076 δικαιοσύνης
3465 3006 3634 3060 αὐτοῦ
3672 3008 3765 3060 καὶ
3809 3006 4030 3070 θαυμα-

2432 3100 2565 3168 στῆς
2603 3099 2882 3161 πολιτείας
2927 3097 3178 3151 ἐκαλεῖτο
3208 3098 3420 3158 δίκαιος
3455 3099 3549 3150 καὶ
3597 3098 3782 3161 ὀϐλίας
3819 3097 3958 3168 (46),
4001 3100 4034 3152 ὅ

2436 3197 2554 3247 ἐστι
2587 3195 2818 3263 περιοχὴ
2851 3191 2982 3246 λαοῦ
3016 3192 3113 3245 καὶ
3138 3189 3479 3261 δικαιοσύνη.
3527 3193 3682 3246 Ἐπεὶ
3702 3192 3794 3246 οὖν
3821 3193 4036 3247 αἰδέσι-

2438 3306 2536 3358 μος
2568 3289 2661 3340 καὶ
2698 3287 2995 3355 σεϐάσμιος
3023 3287 3120 3338 καὶ
3164 3286 3370 3357 σφόδρα
3406 3287 3733 3358 περιϐόητος
3775 3286 4039 3356 ὑπῆρχεν

2432 3384 2459 3433 ὀ
2491 3378 2582 3452 [Ρ.
2602 3378 2731 3450 τοο]
2777 3379 3060 3446 ἰσάγγελος
3087 3380 3342 3442 Ἰάκωϐος
3369 3380 3567 3447 ἐορτῆς
3599 3381 3900 3448 γενομένης
3930 3382 4037 3433 τοῦ

2435 3473 2627 3542 Πάσχα
2667 3473 2761 3524 καί⁷
2789 3471 2997 3524 πολλῶν
3033 3471 3313 3540 μυριάδων
3347 3473 3712 3525 συνελθόντων
3748 3473 3856 3524 τῶν
3897 3474 4040 3526 ’1ου-

2433 3567 2597 3619 δαίων
2627 3563 2818 3616 τοῦτον
2851 3563 3248 3628 ἀνενέγκαντες
3277 3565 3325 3614 oi
3352 3566 3706 3632 γραμματεῖς
3739 3567 3830 3616 καὶ
3858 3564 4038 3630 ἱερεῖς

2433 3662 2526 3714 ἐπὶ
2558 3661 2618 3712 τὸ
2655 3657 2948 3729 πτερύγιον
2981 3656 3073 3710 τοῦ
3117 3655 3285 3727 ἱεροῦ,
3319 3658 3668 3710 διασκεδάσαι
3710 3657 4040 3727 βουλόμενοι

2434 3753 2493 3804 τὸ
2525 3753 2790 3820 κήρυγμα
2844 3748 2939 3801 τοῦ
2989 3749 3254 3817 Χριστοῦ,
3285 3742 3459 3800 ἐἶπον
3490 3748 3701 3818 μεγάλῃ
3737 3751 3801 3817 τῇ
3836 3752 4025 3819 φωνῇ,

2449 3843 2734 3910 Ἀξιοῦμεν
2790 3842 2870 3902 σέ,
2912 3841 3110 3901 δέκαιε,
3149 3841 3328 3894 εἰπεῖν
3377 3841 3453 3910 τῷ
3486 3841 3621 3909 λαῷ,
3655 3841 3739 3894 ἴνα
3775 3841 3849 3911 μὴ
3887 3841 4034 3893 πλσο

2437 3937 2632 3990 νῶνται
2669 3935 2842 3987 ὀπίσω
2876 3933 2966 3987 τοῦ
3000 3925 3298 4003 λεγομένου
3330 3933 3591 4003 Χριστοῦ.
3619 3935 3709 3989 Σοὶ
3742 3934 4047 4003 γὰρμττᾶντ

2436 4046 2525 4090 τες
2568 4026 2893 4095 πειθόμεθα,
2919 4023 3284 4098 γινώσκοντες
3311 4043 3369 4077 σε
3399 4024 3610 4079 δίκαιον
3641 4025 3737 4078 καὶ
3753 4026 4039 4095 ἀπροσω-

2437 4123 2731 4191 πόληπτον.
2771 4120 2901 4172 Εἰπέ
2939 4119 3074 4188 ἡμῖν
3123 4118 3205 4178 τίς
3249 4118 3398 4170 ἐστιν
3432 4119 3465 4188 ἠ
3509 4117 3649 4187 θύρα
3683 4116 3777 4181 τοῦ
3826 4117 4038 4185 Ἰησοῦ.

2449 4217 2506 4269 '0
2549 4216 2604 4268 δὲ
2652 4212 2972 4282 ἀποκριθεὶς
3022 4211 3145 4281 ἔφη.
3206 4211 3271 4263 Τί
3324 4228 3390 4280 με
3416 4213 3730 4282 ἑπερωτᾶτε
3763 4210 3892 4280 περὶ⁵
3929 4210 4040 4262 τοῦ

2439 4306 2714 4381 Χριστοῦ;
2749 4305 2858 4359 Καὶ
2892 4305 3053 4366 αὐτὸς
3083 4303 3377 4368 καθέζεται
3413 4304 3472 4355 ἐν
3499 4303 3648 4374 δεξιᾷ
3677 4305 3770 4357 τοῦ
3800 4302 3935 4355 Θεοῦ
3974 4305 4040 4356 ἐν

2437 4403 2515 4469 τῷ
2545 4396 2780 4468 οὐρανῷ,
2817 4397 2908 4450 καὶ
2932 4395 3093 4458 αὐτὸς
3122 4394 3304 4464 μέλλει
3337 4393 3594 4463 ἔρχεσθαι
3621 4395 3712 4446 ἐπὶ
3732 4392 3841 4448 τῶν
3868 4410 4040 4460 νεφε-

2440 4495 2547 4546 λῶν
2601 4493 2691 4543 τοῦ
2747 4488 2974 4560 ούρανοῦ
3011 4488 3104 4540 καὶ
3151 4486 3446 4540 ἀποδοῦναι
3479 4487 3694 4555 ἑκάστῳ
3730 4485 3868 4538 κατά
3926 4485 4043 4555 τὴν

742 4575 1052 4631 certissime
1083 4590 1208 4628 vera
1241 4589 1365 4629 esse
1399 4589 1522 4644 quae
1561 4573 1802 4628 Jacobns
1836 4575 2054 4630 dixerat
2100 4578 2324 4633 creden-

2443 4583 2642 4655 πρᾶξιν
2682 4580 2865 4633 αὑτοῦ.
2900 4578 3095 4632 Πολλοὶ
3125 4577 3258 4645 γοῦν
3291 4576 3803 4646 πληρὸφορηθέντες
3834 4577 3924 4628 ἐπὶ
3962 4580 4039 4647 τῇ

745 4667 1302 4722 tcs‘exclamaverunt
1331 4684 1344 4719 :
1377 4686 1395 4715 ι
1431 4667 1688 4721 llosanna
1709 4665 1845 4720 Filio
1881 4667 2089 4721 Davidi.
2132 4689 2150 4719 ι
2177 4668 2334 4735 Quod

743 4777 868 4816 cum
897 4760 1157 4813 audirent
1191 4759 1344 4827 impii
1387 4757 1707 4813 sacerdotes
1735 4766 1899 4827 atque
1931 4760 2147 4825 scribae,
2184 4761 2334 4814 voci-

745 4853 904 4908 ferati
941 4859 1071 4906 sunt
1101 4869 1114 4906 :
1147 4869 1164 4901 ι
1201 4851 1320 4905 Ohe
1347 4851 1360 4902 ί
1393 4850 1556 4904 etiam
1580 4849 1762 4918 justus
1791 4851 1846 4904 in
1879 4866 2122 4906 errorem
2147 4853 2334 4922 lapsus

745 4957 847 5002 est.
881 4966 900 4997 ι
933 4946 1168 5016 Actique
1194 4947 1249 4999 in
1282 4945 1525 5000 furorem
1571 4960 1696 5000 eum
1732 4945 2189 5002 deturbaverunt.
2223 4945 2331 5001 Ne-

746 5053 852 5108 que
878 5049 1061 5092 tamen
1093 5052 1160 5091 eo
1191 5052 1257 5092 ex
1281 5051 1415 5090 casu
1445 5048 1698 5090 mortuus
1732 5045 1850 5102 est;
1876 5048 1930 5091 et
1967 5052 2090 5091 cum
2126 5039 2335 5108 lapides

747 5129 908 5201 362
943 5131 997 5184 in
1025 5143 1151 5184 eum
1189 5127 1468 5198 conjicere
1498 5131 1821 5200 coepissent,
1851 5129 2006 5187 ﬂexis
2035 5133 2336 5201 peplitibus

750 5225 826 5276 ita
847 5231 932 5278 est
962 5231 1220 5295 precatus
1246 5237 1302 5274 ιι
1331 5221 1442 5278 Oro
1467 5229 1542 5290 te,
1571 5237 1604 5276 ο
1629 5221 1774 5279 Deus
1804 5223 2052 5291 Genitor,
2082 5225 2337 5280 condona

2443 4674 2718 4746 μαρτυρία
2743 4672 2834 4724 τοῦ
2879 4669 3138 4723 Ἰακώϐου
3167 4668 3404 4736 ἔκραξαν
3432 4668 3703 4734 λέγοντες·
3737 4685 3755 4716 ι
3798 4667 4046 4723 Ὥσαννὰ

2439 4769 2517 4839 τῷ
2552 4767 2664 4835 Υἱῷ
2693 4764 2875 4817 Δαϐίδ.
2917 4781 2934 4812 ι
2971 4761 3332 4823 Ἀκούσαντες
3362 4761 3418 4813 δέ
3438 4759 3612 4814 ταῦτα
3638 4763 3688 4812 oi.
3720 4760 4044 4828 παράνομοι

2441 4859 2720 4928 ἀρχιερεῖς
2744 4855 2838 4906 καὶ
2857 4854 3142 4924 Φαρισαῖοι
3173 4851 3436 4920 ἔκραξαν·
3450 4852 3545 4903 «Ὠ
3563 4849 3639 4903 ὧι
3663 4850 3756 4902 καὶ
3776 4851 3805 4901 ὁ
3819 4849 4047 4914 δίκαιος

2442 4946 2814 5014 πεπλάνηται,
2858 4962 2876 4995 ι
2937 4943 3032 4995 καλ⁸
3081 4941 3344 5011 μανέντες
3385 4940 3618 5010 ἔρριψαν
3651 4940 3816 4993 αὑτὸν
3851 4939 4043 4997 κάτω.

2443 5037 2635 5091 Πεσὼν
2675 5035 2731 5088 δὲ
2758 5036 2859 5087 οὐκ
2889 5032 3152 5096 ἀπέθανε,
3185 5031 3282 5084 καὶ
3306 5029 3544 5102 ἤρξαντο
3571 5030 3814 5093 λιθάζειν
3839 5031 4045 5085 αὐτόν’

2442 5130 2550 5196 ὁδὲ
2585 5127 2699 5189 θεὶς
2729 5125 2796 5178 τά
2813 5113 3014 5192 γόνατα
3042 5121 3386 5193 προσηύχετο
3413 5123 3588 5191 λέγων
3613 5140 3627 5154 ·
3662 5143 3679 5174 ι
3714 5123 4048 5194 Παρακαλῶ

2447 5238 2525 5286 σε,
2555 5219 2656 5272 Θεὲ
2686 5219 2892 5285 Πάτερ,
2919 5215 3055 5284 ἄφες
3087 5214 3271 5277 αὐτοῖς
3293 5230 3306 5243 ο
3340 5213 3401 5265 ού
3433 5214 3542 5283 γὰρ
3569 5211 3744 5266 οἴδασι
3775 5214 3826 5266 τί
3853 5213 4048 5284 πράτ-

1894 5390 2251 5448 XYLANDRI
2278 5392 2366 5447 ET
2406 5389 2620 5447 GOARI
2651 5387 2888 5445 ΝΟΤᾸΞ.

827 5507 939 5583 (4ο)
968 5506 1140 5574 Cujus
1190 5509 1419 5583 linguze
1449 5509 1554 5565 hoc
1587 5512 1916 5583 vocabulum
1979 5512 2051 5566 sit
2111 5523 2163 5568 et
2197 5514 2326 5583 quid

757 5578 1053 5653 signiticet,
1087 5594 1196 5633 non
1251 5578 1496 5650 intelligo
1526 5582 1821 5653 ηπεριοχὴν
1855 5582 1986 5636 λαοῦ
2013 5583 2076 5636 ad
2099 5578 2326 5637 verbum

759 5649 968 5701 reddidi
1008 5653 1350 5721 complexum
1378 5649 1584 5721 populi.
1623 5649 2004 5708 Nat-rationem
2043 5656 2183 5708 hanc
2236 5671 2333 5708 no-

764 5729 872 5794 ster
897 5728 988 5769 aut
1015 5733 1074 5771 ex
1117 5719 1430 5794 Nicephorp
1453 5719 1747 5794 descripsit
1783 5733 1876 5794 aut
1899 5741 1979 5794 ex,
2012 5726 2132 5794 ipso
2160 5724 2332 5793 Hege-

764 5787 938 5858 sippo.
967 5803 1034 5858 ex,
1063 5805 1170 5856 quo
1199 5787 1320 5843 eu'tn
1364 5787 1708 5858 Nicephorius
1736 5792 1901 5849 refert
1933 5787 2076 5849 ιιιδὶ.
2116 5787 2327 5850 Εεςίὲε.

763 5874 821 5922 ιι,
871 5857 958 5910 58.
1008 5857 1178 5929 Quem
1238 5861 1281 5913 si
1337 5857 1582 5916 Graecum
1627 5865 1966 5930 habuissem,
2029 5868 2332 5935 potuissem

2495 5597 2576 5635 re.
2604 5613 2670 5622 —
2698 5580 3062 5649 Epiphanius,
3097 5577 3304 5631 lla-reri
3350 5594 3586 5640 Lxxvm,
3623 5596 3679 5632 n.
3711 5580 3742 5633 7
3780 5595 3793 5630 :
3831 5579 4045 5650 7"qu

2489 5654 2546 5704 ἐν
2580 5651 2675 5704 οἷον
2715 5653 2742 5701 ὁ
2790 5652 2988 5718 Ἰωσὴφ
3013 5650 3363 5718 πρωτότοκον
3381 5651 3470 5702 τὸν
3495 5650 3754 5704 Ἰάκωϐον
3794 5649 3886 5702 τὸν
3909 5649 4049 5706 ἐπι-

2441 5721 2709 5796 κληθέντα
2750 5721 2983 5796 Ὀελίανῖ
3007 5721 3446 5796 ἑρμηνευρμενον
3469 5723 3672 5796 τεῖχος.
3695 5722 3791 5774 καὶ
3817 5721 4046 5796 δίκαιον

2444 5793 2835 5864 ἐπικληθέντα,
2865 5790 3185 5862 Ναζωράἰον
3214 5790 3270 5844 δὲ
3289 5793 3441 5856 ὅντα,
3496 5790 3633 5861 ὅπερ
3658 5790 4044 5864 ἑρμηνεύεται

2447 5863 2663 5932 Ἄγιος.
2697 5863 2874 5917 Guan.

2476 5511 2693 5566 lurimis
2743 5510 2880 5565 locis
2941 5510 2993 5561 in
3038 5507 3367 5578 corrigendo
3429 5508 3682 5563 Cedreno
3736 5507 4042 5565 adhibere.

2439 5529 2576 5635 give.
2604 5613 2670 5622 —
2698 5580 3062 5635 Epiphanius.
3097 5577 3304 5631 lla-rexi
3350 5594 3586 5635 Lxxvm.
3623 5596 3679 5632 n.
3711 5580 3742 5633 7
3780 5595 3793 5630 :
3860 5579 4042 5635 Ἐστίε

2445 5672 2486 5722 μ
