4248 6456
719 378 823 444 403

2013 392 2331 454 GEORGII
2371 395 2703 458 CEDRENI

3871 390 3985 455 4οί

721 511 817 548 sua
847 504 1115 565 potestate
1143 498 1457 565 habentem,
1504 497 1714 566 Simon,
1741 500 1835 570 qui
1875 509 2028 556 extra
2083 506 2296 560 turbam
2328 511 2368 564 Α

2328 511 2368 564 Α
2407 508 2567 574 μόνον
2598 506 2854 575 ἀληθινὸν
2881 503 3038 570 Θεὸν,
3080 503 3107 556 6
3136 503 3342 574 Σίμων,
3369 503 3474 568 ἔξω
3493 501 3586 556 τοῦ
3608 498 3766 572 ὄχλον
3804 501 3984 562 ἑστὼς

719 588 954 651 astabat,
978 587 1227 641 clamavit
1258 605 1272 642 :
1298 587 1435 654 Quid
1481 591 1702 644 conaris
1734 592 2042 645 mentiendo
2066 593 2119 644 in
2146 608 2296 646 erro-

720 695 834 733 rem
890 679 1160 733 abducere
1223 680 1412 734 rudem
1470 681 1874 734 multitudinem
1911 682 2008 733 tibi
2057 684 2295 736 circurn-

719 771 934 824 ὑιδοιηῖ
963 772 1262 840 persuades
1292 774 1371 826 eis
1402 772 1533 826 deas
1558 789 1731 843 neque
1758 774 2086 843 putandum,
2119 790 2296 842 neque

720 864 946 916 omnino
997 880 1142 918 esse.
1194 865 1356 932 Atqui
1393 864 1704 919 [lbra-orum
1758 867 1883 920 libri
1928 869 2128 921 multos
2175 882 2296 921 esse

721 958 854 1010 deos
885 959 1176 1011 allirmant.
1211 957 1328 1013 Jam
1360 975 1520 1028 quem
1551 969 1604 1013 tu
1638 961 1902 1028 prtedicas
1948 961 2138 1020 Deum.
2163 961 2292 1030 quid

721 1052 765 1104 si
795 1065 896 1117 ego
936 1050 1222 1104 ostendam
1258 1067 1382 1105 eum
1434 1067 1540 1105 non
1571 1067 1695 1106 esse
1749 1069 2063 1121 supremum
2119 1070 2295 1122 neque

721 1141 1197 1210 omnipotentem?
1226 1143 1359 1196 Cum
1395 1151 1448 1195 et
1492 1142 1660 1196 futuri
1714 1145 1937 1211 ignarus
1987 1144 2056 1198 sit
2086 1154 2140 1198 et
2193 1145 2296 1198 im-

721 1231 994 1298 perfectus
1051 1242 1105 1287 et
1139 1248 1336 1288 carens
1392 1235 1668 1302 aliquibus
1718 1236 1902 1300 rebus,
1960 1251 2067 1289 non
2099 1237 2292 1297 bonus,

719 1323 812 1378 sed
849 1327 1016 1380 variis
1057 1326 1330 1381 obnoxius
1371 1327 1838 1396 perpessionibus.
1873 1330 2056 1390 Certe,
2100 1329 2145 1382 si
2179 1344 2297 1382 ves-

721 1418 818 1471 tris
855 1416 1074 1471 Litteris
1106 1418 1356 1483 creditis,
1392 1421 1730 1486 relinquetur
1759 1419 1926 1471 alium
1972 1434 2093 1473 esse
2124 1421 2292 1474 Deum

720 1508 886 1560 futuri
937 1511 1253 1576 praescium,
1301 1510 1622 1578 perlectum,
1665 1511 1870 1565 nullius
1918 1512 1992 1562 rei
2029 1510 2294 1580 indigum,

720 1600 944 1662 bonum,
971 1601 1102 1653 nulli
1137 1602 1473 1670 perpessioni
1515 1601 1852 1668 obnoxium;
1892 1619 2122 1671 quorum
2163 1619 2298 1658 cono

719 1692 886 1744 traria
920 1701 1047 1746 sunt
1075 1693 1127 1745 in
1163 1708 1227 1747 eo
1284 1710 1444 1762 quem
1505 1704 1560 1746 tu
1622 1698 1874 1763 cpilicem
1923 1696 2107 1749 mundi
2150 1713 2299 1750 sum-

722 1801 976 1852 mumque
1015 1785 1181 1841 Deum
1226 1789 1426 1857 jactas.
1475 1787 1590 1841 Jam
1624 1789 1854 1857 primum
1892 1791 2162 1861 ﬁdamus,
2201 1791 2296 1860 qui

719 1875 785 1928 ad
825 1877 902 1930 tui
939 1877 1030 1931 Dei
1066 1879 1353 1948 imaginem
1384 1893 1466 1934 εει
1500 1881 1780 1945 Conditus,
1814 1896 1996 1935 cacus
2026 1883 2300 1936 l'uitcrea-

719 1975 808 2021 tus
838 1969 1256 2038 cognitioneque
1283 1971 1410 2023 boni
1441 1981 1493 2024 et
1527 1972 1654 2024 muli
1694 1986 1928 2038 carens;
1971 1974 2300 2041 peccatique

723 2061 1048 2116 manifestus
1106 2064 1363 2131 paradiso
1393 2065 1611 2134 eiicitur
1643 2075 1697 2118 et
1746 2077 1922 2120 morte
1980 2067 2299 2120 damnatur.

721 2152 989 2206 Similiter
1038 2157 1086 2208 is
1113 2157 1206 2224 qui
1263 2157 1426 2210 istum
1476 2158 1654 2222 ﬁnxit,
1715 2174 1824 2212 non
1879 2161 2081 2228 ubique
2132 2160 2299 2214 videt.

719 2247 908 2314 Itaque
940 2245 1008 2300 de
1067 2247 1278 2300 excidio
1336 2247 1702 2302 Sodomorum
1743 2249 1824 2304 sic
1877 2251 1954 2304 ait
2004 2249 2160 2318 (Gen.
2212 2250 2301 2305 18)

729 2338 1096 2392 «Deacendam
1127 2340 1304 2393 visum
1325 2354 1389 2394 ac
1416 2341 1717 2408 cognitum,
1738 2357 1806 2394 an
1836 2341 1909 2394 ita
1939 2349 2132 2408 agatur
2161 2342 2302 2411 apud

717 2444 814 2484 eos
843 2428 920 2482 uti
954 2428 1020 2482 ad
1047 2445 1133 2483 me
1159 2429 1367 2502 clamor
1383 2429 1628 2498 pertulit,
1655 2445 1851 2483 necne.
1886 2449 1904 2482 ι
1935 2429 2147 2495 Quibus
2171 2445 2305 2484 sane

720 2519 905 2574 verbis
962 2535 1117 2574 suam
1181 2522 1576 2590 ignoratiouwm
1640 2521 1842 2592 prodit.
1877 2519 2000 2576 Jam
2061 2539 2182 2592 quae
2238 2526 2307 2579 de

720 2613 931 2667 Adamo
956 2612 1092 2667 dicit
1122 2611 1281 2681 (Gen.
1305 2614 1381 2681 5),
1415 2613 1713 2682 Ejiciamus
1742 2631 1888 2681 eum,
1912 2631 1979 2669 ne
2015 2615 2307 2684 aliquando

723 2720 879 2759 suam
925 2719 1144 2758 manum
1189 2705 1370 2759 arbori
1425 2709 1548 2758 vita:
1582 2707 1828 2760 intendat
1858 2708 2086 2775 eiusque
2124 2709 2305 2762 fructu

723 2793 887 2865 365
922 2811 1150 2850 vescens
1190 2796 1514 2851 immortalis
1540 2797 1649 2864 liat,
1682 2806 1832 2851 certa
1877 2806 2005 2851 sunt
2044 2799 2307 2868 ignoran-

727 2889 814 2941 tiae
847 2887 1173 2956 invidiaeque
1209 2889 1382 2957 signa.
1425 2883 1578 2941 Sicut
1633 2889 1748 2942 hmo
1776 2890 1818 2920 “
1853 2907 1866 2944 :
1897 2891 2161 2945 Pcenituit
2193 2890 2309 2944 sive

725 2979 1100 3034 consideravit
1133 2979 1274 3033 Deus
1307 2981 1449 3046 quod
1506 2981 1780 3034 hominem
1832 2990 2097 3044 creasset,
2140 2997 2306 3050 argu-

727 3079 912 3125 mento
967 3079 1098 3124 sunt
1143 3086 1266 3125 eum
1319 3072 1650 3140 pmnitudini
1690 3073 1985 3127 obnoxium
2042 3087 2106 3127 ac
2160 3073 2308 3126 lutu-

2401 596 2697 665 ἐϐόησε,Τί
2720 597 3048 664 ψευδόμενος
3069 597 3289 666 ἀπατᾷν
3323 595 3498 658 Θέλεις
3527 595 3621 648 τὸν
3652 594 3984 664 παρεστῶτά

2401 706 2482 741 σοι
2519 689 2736 757 ἰδιώτην
2771 689 2949 756 ὄχλον,
2985 688 3193 740 πείθων
3237 689 3438 750 αὐτοὺς
3469 687 3626 749 θεοὺς
3659 688 3794 756 μήτε
3827 687 3977 754 νομίο

2398 778 2513 841 ζειν
2544 781 2678 848 μήτε
2714 775 2875 840 εἶναι,
2907 780 3110 849 καίπερ
3135 777 3245 830 τῶν
3273 778 3407 848 παρ’
3452 777 3723 848 Ἑϐραίοις
3757 775 3985 846 βιϐλίων

2397 873 2664 940 λεγόντων
2719 873 2946 934 πολλοὺς
2987 873 3143 933 θεοὺς
3180 868 3353 935 εἷναι;
3403 872 3554 942 Πλὴν
3610 867 3704 924 οὖν
3754 870 3882 939 περὶ
3917 862 3984 921 οῦ

2398 963 2533 1032 ἔφης
2553 962 2708 1023 Θεοῦ,
2742 965 2790 1015 εἰ
2809 964 2967 1029 δείξω
2999 963 3109 1031 ἐγὼ
3140 962 3216 1032 μὴ
3242 962 3405 1014 αὑτὸν
3429 957 3570 1014 εἶναι
3592 962 3686 1014 τὸν
3709 961 3980 1012 ἀνωτάτω

2400 1057 2504 1108 καὶ·
2526 1056 2929 1124 παντοδύναμον
2963 1054 3119 1119 Θεὸν,
3149 1055 3286 1106 καθὸ
3317 1052 3710 1121 ἀπρόγνωστός
3737 1053 3852 1104 ἐστι
3883 1053 3986 1101 καὶ

2397 1148 2591 1216 ἀτελὴς
2623 1149 2716 1200 καὶ
2749 1149 2935 1217 ἐνδεὴς
2966 1149 3060 1200 καὶ
3087 1147 3189 1200 οὐκ
3227 1147 3430 1214 ἀγαθὸς
3456 1145 3553 1198 καὶ
3579 1145 3794 1207 πολλοῖς
3841 1145 3985 1195 ὑποο

2398 1241 2648 1308 κείμενος
2681 1239 2877 1292 πάθεσι
2909 1240 3049 1292 κατά
3077 1239 3179 1310 τὴν
3209 1239 3484 1308 ὑμετέραν
3515 1237 3553 1289 Γ
3561 1238 3760 1307 ραφὴν,
3790 1236 3986 1304 ἕτερος

2400 1331 2617 1392 πάντως
2653 1331 3028 1400 περιλείπεται
3056 1330 3462 1401 προγνωστικὺς
3495 1329 3698 1390 τέλειος
3724 1328 3985 1392 ἀνενδεὴς

2397 1421 2600 1487 ἀγαθὸς
2619 1424 2713 1474 καὶ
2734 1423 2935 1482 παντὸς
2955 1421 3159 1482 πάθους
3179 1419 3619 1494 ἀπηλλαγμένος·
3641 1417 3698 1469 ὃν
3713 1418 3768 1470 δὲ
3791 1420 3855 1471 σίν
3874 1417 3987 1485 φῂς

2397 1513 2730 1583 δημιουργὸν
2755 1514 2850 1565 καὶ
2872 1511 3160 1582 ὑπέρθεον,
3176 1514 3286 1572 τοῖς
3317 1510 3578 1570 ἐναντίοις
3604 1508 3987 1576 ἀντικείμενος

2399 1604 2654 1674 ὑπάρχει.
2684 1603 2891 1656 Αὐτίκα
2927 1603 3058 1668 γοῦν
3077 1604 3104 1654 6
3124 1601 3244 1654 καθ’
3265 1601 3522 1670 ὁμοίωσιν
3543 1598 3709 1652 αὐτοῦ
3740 1597 3986 1666 γεγονὼς

2412 1695 2586 1763 Ἀδάμ
2642 1697 2735 1748 καὶ
2784 1695 2981 1762 τυφλὸς
3032 1694 3276 1756 κτίζεται
3329 1692 3420 1744 καί
3469 1692 3671 1757 γνῶσιν
3714 1689 3920 1758 ἀγαθοῦ
3951 1691 3986 1761 ἢ

2402 1789 2574 1843 κακοῦ
2608 1790 2682 1859 μὴ
2713 1789 2872 1857 έχων,
2899 1787 3224 1857 παραϐάτης
3255 1786 3589 1853 εὑρίσκεται,
3627 1787 3721 1837 καὶ
3749 1784 3841 1836 τοῦ
3878 1801 3990 1835 πα-

2406 1881 2657 1949 ραδείσου
2709 1880 3053 1943 ἐκϐάλλεται,
3105 1880 3199 1932 καὶ
3267 1877 3483 1946 θανάτῳ
3535 1877 3985 1939 καταδικάζεται.

2416 1974 2646 2042 Ὁμοίως
2681 1991 2742 2026 τε
2788 1976 2815 2026 ὁ
2861 1973 3072 2034 πλάσας
3120 1970 3306 2035 αὐτὸν,
3361 1971 3550 2039 ἐπειδὴ
3599 1971 3673 2039 μὴ
3707 1969 3988 2036 πανταχοῦ

2406 2065 2615 2134 βλέπει,
2668 2067 2758 2117 ἐπὶ
2790 2068 2855 2135 τῇ
2911 2066 3022 2117 τῶν
3059 2065 3310 2133 Σοδόμων
3350 2065 3700 2134 καταστροφῇ
3737 2061 3823 2132 ΙΡ.
3853 2061 3988 2130 ἓο81

2405 2160 2570 2228 λέγει·
2597 2159 2903 2224 «ςΚαταὸἀς
2919 2159 3122 2227 ὂψομαι
3154 2158 3203 2210 εί
3232 2156 3371 2209 κατά
3402 2156 3498 2225 τὴν
3529 2155 3777 2225 κραυγὴν
3805 2155 3993 2206 αὐτῶν

2407 2252 2504 2322 τὴν
2535 2252 2842 2321 ἐρχομένην
2874 2251 3008 2320 πρός
3043 2265 3108 2318 με
3149 2247 3531 2301 συντελοῦνται
3552 2263 3566 2277 ⁶
3596 2250 3644 2299 εί
3679 2247 3734 2300 δὲ
3767 2245 3861 2316 μὴ,
3898 2247 3994 2297 ἵνα

2406 2340 2541 2408 γνὼ,
2569 2358 2586 2388 ι
2622 2341 2714 2391 καὶ
2749 2339 2939 2391 ἑαυτὸν
2967 2337 3263 2401 ἀγνοοῦντα
3287 2338 3549 2390 δείκνυσι.
3586 2338 3694 2389 Καὶ
3724 2337 3785 2388 τὸ
3811 2340 3993 2388 εἰπεῖν

2407 2430 2664 2501 περὶτοῦ
2705 2429 2897 2498 Ἀδάμ,
2940 2429 3292 2498 Ἐκϐάλωμεν
3324 2429 3508 2491 αὑτὸν,
3552 2429 3762 2497 μήποτε
3805 2429 3994 2480 ἐκτεί-

2409 2539 2504 2585 νας
2537 2521 2639 2592 τὴν
2675 2524 2833 2590 χεῖρα
2879 2521 3046 2573 αὐτοῦ
3083 2521 3288 2589 ἅψηται
3337 2521 3432 2571 τοῦ
3470 2519 3626 2584 ξύλου
3673 2520 3767 2589 τῆς
3817 2519 3993 2588 ζωῆς,

2409 2616 2502 2667 καὶ
2544 2613 2734 2680 φαγὼν
2783 2613 3008 2682 ζήσεται
3047 2615 3125 2675 είς
3168 2613 3261 2663 τὸν
3317 2612 3490 2664 αἰῶνα
3537 2611 3859 2678 ἀγνοοῦντος
3896 2614 3996 2663 καὶ

2411 2704 2731 2773 φθονοῦντός
2770 2707 2886 2757 ἐστι
2935 2702 3224 2772 σύμϐολον.
3261 2704 3472 2771 Ὥσπερ
3509 2703 3605 2754 καὶ
3651 2702 3711 2755 τὸ
3769 2702 3995 2754 Ἐνεθυ-

2414 2797 2557 2867 μήθη
2585 2799 2612 2848 6
2646 2795 2776 2856 Θεὸς
2809 2796 2890 2847 ὅτι
2921 2795 3144 2862 εποίησε
3177 2795 3266 2844 τὸν
3301 2793 3590 2861 ἄνθρωπον
3623 2791 3994 2860 μεταμελείας

2411 2892 2527 2942 ἐστὶ
2559 2891 2651 2940 καὶ
2675 2888 2893 2956 ἀγνοίας
2921 2888 3223 2956 τεκμήριον
3255 2885 3364 2938 τῶν
3395 2886 3723 2955 μελλόντων.
3764 2886 3871 2936 Καὶ
3897 2885 3990 2946 τὸ,

2425 2979 2735 3048 “aa-ein011
2769 2979 2970 3047 Κύριος
3004 2979 3178 3046 ὀσμὴν
3211 2977 3436 3039 εὐωδίας
3469 2975 3678 3037 ἐνδεοῦς
3727 2978 3842 3026 ἐστι
3887 2991 3996 3042 ση-

2417 3077 2584 3142 μεῖον,
2619 3071 2692 3132 ὡς
2725 3071 2819 3123 καὶ
2852 3071 2912 3121 τὸ
2937 3070 3221 3139 πειράζειν
3254 3069 3345 3120 τὸν
3389 3067 3641 3137 Ἀϐραάμ
3674 3067 3766 3119 καὶ
3794 3065 3998 3127 ἄλλους

724 3179 913 3218 rorum
975 3164 1222 3219 nescium
1283 3179 1424 3219 esse.
1458 3163 1594 3217 Tum
1649 3165 1763 3219 haec
1789 3166 1832 3196 ⁸³
1868 3181 1881 3218 τ
1919 3163 2120 3220 Olfecit
2164 3166 2306 3219 Deus
2332 3183 2375 3243 ρ

2332 3183 2375 3243 C
2410 3169 2509 3220 οὑκ
2537 3165 2740 3232 ἀγαθοῦ
2772 3165 2920 3216 ἐστιν
2953 3163 3224 3226 ἀπόδειξις
3253 3164 3346 3215 καὶ
3384 3161 3443 3214 τὸ
3469 3163 3619 3223 τέλος
3655 3162 3752 3227 τῆς
3778 3161 3997 3229 ὑπομο-

730 3254 954 3308 odorem
1037 3269 1300 3319 suavem,
1369 3253 1751 3309 demonstrant
1823 3254 2098 3323 aliquibus
2181 3271 2301 3307 cum

731 3345 999 3414 indigere.
1032 3346 1098 3398 Et
1133 3345 1277 3414 quod
1320 3344 1689 3399 Abrahamutn
1748 3345 1996 3414 aliosque
2057 3346 2304 3407 lt'lllmil,

733 3451 838 3488 non
875 3446 960 3488 est
996 3436 1215 3504 signum
1257 3435 1410 3497 boni,
1464 3447 1516 3489 et
1550 3437 1642 3503 qui
1691 3435 2055 3487 constantiam
2116 3451 2305 3487 eorum

735 3534 1124 3590 prmnoscerct.
1183 3526 1263 3578 Ad
1322 3526 1434 3579 hate
1505 3525 1735 3580 Petrus:
1811 3524 1866 3578 Si
1925 3541 2103 3579 ca:cns
2165 3535 2301 3587 erat,

733 3617 933 3684 inquit,
983 3615 1250 3681 Adamns,
1292 3616 1568 3685 quomodo
1593 3615 1861 3669 mandans
1899 3616 1944 3667 ei
1977 3614 2116 3669 Deus
2152 3632 2305 3666 ttmtl-

732 3709 926 3761 stravit
959 3709 1212 3766 arborem
1279 3709 1613 3778 cognitionis
1667 3709 1792 3762 boni
1849 3718 1901 3761 et
1949 3709 2097 3771 mali,
2158 3715 2209 3758 et
2243 3721 2304 3759 ea

731 3801 1244 3868 abstinerejnssit‘?
1280 3799 1580 3870 Respondit
1637 3799 1826 3852 Simon
1877 3800 2076 3851 mentis
2138 3799 2306 3850 fuisse

730 3907 848 3945 eam
880 3893 1204 3946 caecitatem.
1252 3893 1389 3944 Tum
1440 3889 1671 3944 Petrus:
1709 3891 1810 3955 Qui
1870 3906 1998 3942 vero
2054 3904 2204 3941 cuca
2258 3890 2306 3942 ei

734 3985 896 4038 fuerit
924 4000 1098 4047 mens,
1127 3986 1220 4054 qui
1253 3991 1379 4038 ante
1410 4000 1562 4037 csum
1614 3983 1761 4035 veliti
1819 3981 2027 4035 fructus
2084 3982 2306 4034 nomina

731 4080 989 4134 omnibus
1016 4078 1349 4131 animalibus
1382 4086 1508 4143 apte
1542 4074 1843 4142 imposuit?
1872 4073 2006 4126 Nam
2036 4072 2306 4125 Adamum

738 4172 1014 4239 Evamque
1065 4168 1326 4222 habuisse
1384 4176 1439 4221 et
1493 4168 1658 4219 animi
1711 4175 1763 4219 et
1821 4166 2069 4232 corporis
2119 4165 2309 4220 oculos

731 4275 970 4332 apertos,
991 4277 1055 4317 ex
1086 4263 1170 4316 his
1203 4262 1430 4329 liquet“
1466 4277 1479 4312 :
1519 4278 1534 4308 ι
1563 4257 1733 4320 Vidit,
1757 4259 2019 4326 scriptum
2068 4267 2172 4320 est,
2198 4272 2312 4308 tnu-

734 4358 834 4408 lier
886 4355 1161 4416 arborem,
1207 4351 1352 4418 quod
1385 4351 1598 4403 fructus
1625 4350 1744 4418 ejus
1777 4350 1892 4401 esui
1931 4357 2091 4416 aptus
2149 4357 2310 4416 atque

749 4455 972 4514 aspectu
1014 4453 1202 4514 gratus
1237 4442 1567 4511 elegansque
1639 4449 1822 4502 esset;
1880 4437 2225 4508 fructumque
2247 4453 2311 4491 ex

2409 3261 2504 3321 νῆς
2529 3256 2858 3328 προειδότος.
2898 3257 2958 3307 '0
2985 3255 3041 3306 δὲ
3079 3256 3278 3320 Πέτρος
3308 3256 3410 3322 ἔφη
3443 3254 3576 3322 πρὸς
3608 3253 3699 3303 τὸν
3745 3251 3992 3320 Σίμωνα.

2412 3351 2470 3402 Ei
2505 3349 2701 3417 τυφλὸς
2736 3348 2981 3414 ἐπλάσθη
3011 3347 3038 3397 ὁ
3076 3347 3266 3414 Ἀδάμ,
3295 3347 3368 3407 ὡς
3409 3347 3611 3410 λέγεις,
3643 3345 3759 3405 πῶς
3804 3346 3998 3394 ἐντελ-

2409 3442 2633 3508 λόμενος
2684 3441 2832 3510 αὐτῷ
2887 3441 2916 3492 6
2969 3438 3103 3500 Θεὸς
3133 3438 3283 3502 ἔλεγε
3319 3437 3600 3494 δεικνύων,
3645 3436 3748 3487 ἀπὸ
3791 3437 3846 3486 δὲ
3891 3437 3994 3487 τοῦ

2412 3535 2570 3598 ξύλου
2603 3532 2692 3584 τοῦ
2717 3531 3006 3600 γινώσκειν
3037 3530 3200 3582 καλὸν
3238 3529 3331 3582 καὶ
3358 3530 3592 3599 πονηρὸν
3615 3531 3672 3580 οῦ
3710 3528 3949 3596 φάγεσθε
3979 3546 3994 3585 ;

2411 3628 2520 3680 Καὶ
2545 3630 2571 3679 6
2611 3626 2789 3692 Σίμων
2824 3624 2991 3691 φησί’
3049 3623 3258 3689 Τυφλός
3295 3619 3362 3690 ἦν
3385 3622 3412 3671 6
3453 3621 3571 3681 νοῦς
3609 3619 3792 3672 αὑτοῦ.
3829 3621 3939 3671 Καὶ
3969 3622 3997 3671 ὁ

2415 3720 2618 3786 Πέτρος
2645 3714 2764 3768 εἷπε
2789 3733 2800 3743 ·
2835 3715 2957 3775 Πῶς
2989 3715 3198 3766 καὶτὸν
3223 3713 3347 3764 νοῦν
3373 3712 3567 3778 τυφλὸς
3603 3707 3667 3778 ἦν
3699 3713 3724 3761 ὁ
3760 3711 3863 3780 πρὸ
3891 3712 3993 3760 τοῦ

2411 3809 2709 3875 γεύσασθαι
2754 3807 2846 3859 τοῦ
2901 3805 3070 3872 φυτοῦ
3129 3805 3453 3873 προσφόρως
3505 3804 3638 3855 πᾶσι
3685 3805 3790 3861 τοῖς
3825 3800 3994 3870 ζῴοις

2411 3901 2620 3960 ἐπιθεὶς
2658 3899 2894 3965 ὀνόματα
2921 3915 2934 3958 ;
2978 3899 3093 3947 ’Ὁτι
3123 3894 3230 3963 γάρ
3271 3896 3363 3945 καὶ
3399 3893 3523 3954 τοὺς
3552 3894 3648 3958 τῆς
3670 3891 3858 3968 ,ψυχῆς
3887 3891 3990 3943 καὶ

2411 3992 2504 4044 τοῦ
2533 3989 2783 4058 σώματος
2813 3986 3125 4056 ὀφθαλμοὺς
3151 3982 3296 4052 εἶχον
3327 3983 3713 4051 ἀνεῳγμένους
3746 3982 3835 4032 καὶ
3866 3981 3960 4048 βλέ
3979 4013 3992 4019 -

2414 4098 2605 4142 ποντες
2635 4077 2771 4147 ἦσαν
2794 4081 2821 4130 ὅ
2850 4096 2905 4130 τε
2946 4077 3115 4145 Ἀδάμ
3144 4077 3236 4127 καὶ
3271 4077 3301 4142 ἡ
3346 4071 3480 4137 Εῦα,
3522 4074 3675 4141 δῆλον
3716 4071 3994 4122 ἐντεῦθεν.

2419 4194 2436 4226 ι
2472 4169 2589 4227 Εἶδε
2622 4172 2750 4240 γάρ,
2802 4185 2985 4240 φησιν,
3026 4171 3056 4237 ἡ
3107 4167 3245 4236 γυνὴ
3280 4169 3359 4218 ὅτι
3395 4165 3556 4216 καλὸν
3602 4164 3658 4215 τὸ
3709 4162 3860 4227 ξύλον
3910 4165 3998 4224 εἰς

2417 4267 2616 4336 βρῶσιν
2644 4267 2737 4318 καὶ
2766 4265 2994 4334 ἀρεστὸν
3021 4265 3131 4322 τοῖς
3173 4260 3334 4326 ὀφθα)
3352 4262 3469 4327 μοῖς
3500 4259 3626 4308 ἰδεῖν
3669 4259 3762 4308 καὶ
3789 4257 3962 4323 ὡραῖν.
3984 4287 3996 4301 ι

2415 4357 2505 4410 τοῦ
2561 4356 2911 4422 κατανοῆσαι,
2963 4353 3055 4404 καὶ
3115 4349 3356 4401 λαϐοῦσα
3412 4348 3504 4399 τοῦ
3559 4345 3770 4415 καρποῦ
3821 4345 3998 4395 ain-'3

2419 4447 2712 4516 ἔφαγε,καὶ
2742 4447 2910 4498 ἔδωκε
2939 4447 3030 4496 καὶ
3050 4443 3126 4510 τῷ
3150 4442 3304 4510 ἀνδρὶ
3326 4442 3519 4508 αὐτῆς.
3558 4459 3574 4490 ι
3604 4437 3809 4505 Εἰγοῦν
3829 4437 3997 4488 καλὶν

734 4556 793 4590 ea
821 4537 1137 4604 decerptum
1187 4534 1320 4598 edit,
1355 4543 1517 4600 atque
1550 4533 1711 4585 etiam
1747 4532 1942 4584 marito
1983 4528 2153 4583 dedit.
2197 4547 2215 4580 ›
2251 4528 2306 4580 Si
2345 4522 2386 4577 ι)

2345 4522 2386 4577 ί)
2417 4542 2744 4608 θεασάμενοι
2785 4537 2844 4588 τὸ
2875 4537 3090 4604 δένδρον
3125 4534 3216 4585 καὶ
3266 4535 3357 4583 τὸν
3404 4531 3612 4599 καρπὶν
3648 4530 3867 4596 ἔφαγον,
3905 4527 4000 4578 εῦ-

734 4643 866 4694 ergu
892 4641 1016 4678 cum
1056 4623 1362 4692 conspicati
1397 4630 1586 4676 essent
1632 4621 1846 4674 arboris
1882 4631 2046 4688 atque
2101 4620 2310 4672 fructus

740 4714 1232 4786 pulchritudinem,
1267 4713 1518 4771 ederunt,
1550 4719 1767 4765 constat
1801 4719 1926 4763 autc
1957 4725 2109 4762 esmn
2146 4710 2308 4763 istum

737 4823 831 4861 eos
862 4815 914 4860 et
947 4807 1073 4859 boni
1103 4805 1339 4873 malique
1372 4806 1621 4857 notitiam
1647 4815 1701 4856 et
1733 4803 1906 4856 visum
1928 4803 2310 4855 acutissimum

740 4899 1023 4963 habuisse,
1067 4912 1176 4964 quo
1202 4895 1414 4965 singula
1443 4904 1748 4948 cernerent.
1771 4895 1842 4946 Ea
1871 4893 2099 4961 proinde
2120 4893 2308 4955 verba,

743 4991 921 5060 aperti
954 4999 1081 5044 sunt
1110 5004 1301 5042 eorum
1338 4989 1508 5046 oculi,
1544 5003 1650 5039 non
1687 4988 1740 5038 in
1794 4989 1932 5038 hanc
1979 4986 2310 5038 sententiam

742 5091 872 5138 sunt
909 5081 1105 5150 posita,
1139 5082 1295 5148 quasi
1331 5089 1448 5145 p051
1480 5095 1628 5131 csum
1653 5080 1870 5132 demum
1932 5085 2095 5145 atque
2121 5092 2312 5144 pot-ca-

745 5185 857 5224 tum
886 5173 1006 5227 visu
1031 5171 1266 5224 fuissent
1302 5171 1510 5232 donati,
1548 5186 1656 5238 quo
1690 5179 1814 5224 ante
1861 5169 2022 5238 366
2060 5169 2313 5237 pncditus

749 5266 920 5317 fuisse
977 5263 1184 5318 docui:
1259 5263 1352 5316 sed
1415 5264 1561 5331 quod
1627 5271 1850 5329 peccato
1904 5261 2311 5328 simplicitatem

745 5357 1082 5417 amisissent,
1126 5356 1250 5409 muli
1281 5357 1462 5408 omnis
1497 5355 1758 5416 nesciam,
1792 5369 1913 5422 quae
1941 5353 2307 5422 cognitionem

745 5447 1147 5502 indiderentem
1201 5449 1492 5519 praebebat,
1537 5448 1660 5501 ideo
1716 5446 1920 5500 dictum
1983 5457 2064 5498 est
2120 5443 2312 5496 oculos

742 5553 934 5594 eorum
970 5537 1142 5594 fuisse
1172 5550 1410 5609 apertos.
1446 5538 1653 5592 Oculus
1685 5540 1831 5592 enim
1875 5552 1938 5590 ea
1978 5545 2062 5588 est
2113 5545 2309 5587 natura

743 5641 853 5684 uta
886 5630 1166 5686 mente'ad
1199 5647 1261 5686 ea
1288 5647 1408 5702 qua:
1435 5631 1610 5685 cernit
1640 5629 1940 5683 excitetur:
1975 5628 2088 5696 ipse
2111 5626 2311 5696 quippe

815 5812 856 5840 ⁸⁸
883 5809 1013 5866 Cen.
1049 5826 1121 5874 vt,
1160 5809 1215 5864 6.
1301 5812 1341 5843 ³⁸
1375 5811 1505 5868 Gen.
1548 5826 1664 5873 νιιι,
1699 5810 1786 5863 ει.
1871 5808 2056 5861 "Cv".
2090 5824 2170 5867 Ill.
2203 5809 2251 5862 6.

1301 5812 1341 5843 ³³
1375 5811 1505 5868 Gen.
1548 5826 1664 5873 νιιι,
1699 5810 1786 5863 ει.

2415 4631 2574 4697 δηλον
2606 4631 2686 4680 ὅτι
2719 4626 2815 4678 καὶ
2867 4627 2970 4694 πρὸ
3006 4625 3102 4690 τῆς
3130 4621 3222 4673 τοῦ
3268 4619 3478 4688 καρποῦ
3508 4619 3759 4689 βρώσεως
3790 4617 4001 4683 γνῶσιν

2421 4717 2518 4786 μὲν
2548 4713 2694 4784 εἶχον
2723 4712 2891 4766 καλοῦ
2924 4728 2982 4764 τε
3011 4710 3105 4762 καὶ
3137 4709 3329 4770 κακοῦ,
3367 4709 3489 4775 ὄψιν
3514 4725 3572 4758 τε
3603 4707 4000 4774 ὀξυδερκεστά-

2416 4809 2515 4875 τὴν
2561 4807 2694 4874 ὀρᾷν
2747 4804 2955 4855 ἕκαστα
3006 4800 3328 4868 δυναμένην.
3365 4797 3573 4851 Οὐκοῦν
3605 4799 3701 4867 οὐχ
3746 4798 3819 4859 ὡς
3854 4802 4002 4865 μετὰ.

2417 4899 2515 4968 τὴν
2550 4897 2752 4966 βρῶσιν
2795 4894 2889 4946 καὶ
2915 4895 3012 4961 τὴν
3057 4892 3368 4960 παράϐασιν
3402 4888 3816 4955 ἀναϐλεψάντων
3843 4889 3970 4957 εῖργς
3992 4923 4004 4929 -

2416 5007 2504 5042 ται
2536 4989 2594 5040 τὸ
2622 4986 3004 5056 διηνοίχθησαν
3034 4985 3214 5038 αὐτῶν
3254 4986 3300 5034 οί
3348 4983 3619 5050 ὀφθαλμοί
3666 4981 4004 5048 (δείκνυνται

2415 5079 2523 5145 γὰρ
2553 5079 2645 5129 καὶ
2684 5076 2788 5144 πρὸ
2829 5076 2924 5143 τῆς
2952 5073 3204 5142 βρώσεως
3237 5073 3491 5142 ὁρῶντες,
3533 5070 3608 5132 ὡς
3637 5071 3835 5139 ἔφην)-
3875 5073 4004 5123 ἀλλ’

2415 5171 2488 5232 ὡς
2513 5170 2570 5221 τὸ
2598 5168 2962 5238 ἀπειρόκακον
2991 5165 3341 5234 ἀποθεμένων
3373 5164 3458 5215 διά
3485 5164 3580 5230 τῆς
3602 5162 3942 5232 παραϐάσεω
3993 5211 4007 5226 ,

2414 5264 2441 5314 ὃ
2477 5263 2569 5313 καὶ
2611 5261 2710 5330 τὴν
2755 5259 2954 5326 γνῶσιν
3001 5258 3294 5325 ἀδιάφορον
3345 5257 3641 5324 παρέσχεν,
3669 5251 3875 5322 ἐρρήθη
3912 5250 4009 5300 ὅτι

2420 5350 2800 5419 διηνοίχθησαν
2854 5349 3034 5400 αὐτῶν
3087 5348 3135 5399 οἱ
3187 5345 3474 5414 ὀφθαλμοί.
3521 5345 3739 5412 Πέφυκε
3795 5340 3901 5408 γὰρ
3979 5344 4001 5390 ίῖ

2421 5444 2698 5513 ὀφθαλμὸς
2755 5443 2858 5494 ὑπὸ
2906 5441 2999 5493 τοῦ
3054 5439 3315 5508 λογισμοῦ
3369 5435 3730 5504 διεγείρεσθαι
3791 5433 3930 5498 πρὸς
3976 5436 4014 5486 Ξ·-

2425 5538 2636 5607 βλὲπει,
2687 5535 2822 5589 διότι
2871 5535 3084 5586 σύνεσιν
3127 5533 3289 5594 αὐτὸς
3339 5529 3461 5583 καθ’
3509 5526 3826 5581 ἑαυτὸ-κούκ
3858 5523 4012 5592 ἔχε-.

2422 5626 2717 5681 κάντεῦθεν
2751 5624 3005 5686 πολλάκις
3039 5623 3172 5691 πρις
3212 5622 3372 5689 ’ἐτερα
3419 5619 3513 5685 τῆς
3556 5614 3791 5674 διανοίας
3834 5612 4015 5679 ἀσχο-
