4248 6456
204 429 315 494 409

1311 433 1846 492 HISTORIARUM
1879 434 2410 494 CUMPENDIUM.

3367 436 3477 501 410

210 548 323 600 icio-‘4
351 545 508 614 κάγὼ
551 544 1023 615 ἀναλαμϐάνομαι.
1069 546 1175 598 Καὶ
1208 545 1332 598 ἰδὼν
1393 546 1556 599 αὐτὸν
1597 547 1798 617 Πέτρος
1827 545 1876 603 Α

1796 566 1798 573 λ
1827 545 1876 603 Α
1903 544 2067 616 370
2103 546 2272 600 fuisse
2301 545 2621 601 sublatum?
2649 543 2726 600 En
2759 547 2876 616 ipse
2905 561 3122 618 quoque
3163 548 3216 602 in
3269 549 3473 604 ctelum

209 638 608 706 κουφιζόμενον
635 637 721 691 διὰ
746 637 844 705 τῆς
883 641 1116 706 μαγείας
1146 639 1223 700 εἰς
1257 639 1347 690 τὸν
1388 641 1525 707 ἀέρα
1559 639 1614 689 ἐν
1645 639 1796 708 μέσῳ

205 731 310 797 τῆς
340 731 549 792 πόλεως
589 728 833 799 Ῥώμης,
859 728 1082 798 ηὔξατο,
1109 732 1200 783 καὶ
1230 731 1391 792 εὐθὺς
1427 729 1608 782 πεσὼν
1640 731 1668 782 ό
1706 731 1797 782 Σί-

210 840 330 892 μων
360 823 458 875 καὶ
485 822 792 893 συντριϐεὶς
813 822 1106 877 ἀπέθανεν.
1148 823 1206 876 Ὀ
1237 822 1295 874 δὲ.
1330 825 1494 886 τόπος
1517 824 1728 886 ἔκτοτε,
1761 825 1790 878 ὁ

239 915 503 983 εξάμενος
535 913 698 967 αὐτοῦ
731 915 792 967 τὸ
835 913 1064 984 βέϐηλον
1102 914 1196 967 καὶ
1239 917 1563 985 παμμίαρον
1617 915 1794 983 σῶμα,

208 1005 418 1074 ἐκλήθη
484 1004 773 1072 Σιμώνιον.
823 1005 959 1074 Περὶ
1008 999 1069 1057 οὗ
1129 1006 1187 1056 ὲν
1245 1006 1798 1068 ταῖς-λποστολικαίς

211 1097 525 1161 διατάξεσιν
555 1099 583 1150 ό
619 1099 792 1165 μέγας
823 1098 1123 1160 ἀπόστολος
1155 1100 1360 1167 Πέτρος
1387 1099 1529 1152 οὕτω
1567 1100 1793 1166 φάσκει·

223 1190 289 1243 Ἦ
317 1190 376 1242 δὲ
399 1190 650 1260 καταρχὴ
670 1190 778 1242 τῶν
802 1191 938 1242 νέων
983 1193 1252 1262 αἱρέσεων
1299 1193 1520 1259 γέγονεν
1547 1193 1654 1246 ἀπὸ
1714 1193 1800 1245 Σί-

214 1299 400 1351 μωνος
423 1281 517 1334 τοῦ
544 1284 744 1350 μάγου,
781 1283 838 1345 ὃς
869 1285 961 1335 καὶ
991 1284 1046 1335 ἐν
1079 1283 1250 1353 Συρία⁹
1285 1283 1456 1336 πολλά
1495 1286 1798 1354 διαπραξά-

215 1390 380 1440 μενος
431 1373 606 1427 ἄτοπα
670 1377 764 1428 καὶ
809 1377 866 1427 ἐν
925 1375 1111 1446 Ῥώμῃ
1161 1377 1451 1445 γενόμενος
1511 1379 1647 1431 πολὺ
1700 1381 1799 1447 τὴν

225 1467 563 1538 Ἐκκλησίαν
627 1468 822 1523 ἐσκυλε
869 1471 958 1522 διὰ
1026 1472 1259 1539 μαγείας
1327 1474 1420 1525 καὶ
1489 1474 1799 1540 διαϐολικῆς

215 1562 503 1631 ἐνεργείας
543 1564 638 1616 καὶ
670 1564 989 1633 ἐμπειρίας.
1031 1564 1118 1616 Ἐν
1143 1566 1240 1632 μὲν
1271 1567 1380 1634 γὰρ
1405 1567 1708 1636 Καισαρείᾳ
1731 1569 1797 1636 τῇ

215 1653 538 1721 Στράτωνος
560 1656 683 1723 ἐμοὶ
718 1656 910 1725 Πέτρῳ
938 1655 1218 1725 συντυχὼν
1253 1659 1514 1726 ἐπειρᾶτο
1549 1659 1798 1727 διαστρέ-

215 1760 340 1810 φειν
384 1744 477 1795 τὸν
526 1744 683 1810 λόγον
732 1745 826 1797 τοῦ
886 1745 1045 1806 Θεοῦ,
1086 1749 1487 1817 συμπαρόντων
1545 1766 1632 1817 μοι
1691 1749 1798 1801 τῶν

217 1835 383 1903 ιερῶν
413 1835 642 1897 τέκνων,
670 1837 980 1905 Ζακχαρίου
1003 1838 1097 1889 τοῦ
1130 1855 1258 1892 ποτε
1279 1839 1508 1891 τελώνου
1536 1841 1629 1892 καὶ
1661 1841 1801 1911 Βαρ-

215 1927 383 1992 νάϐα,
419 1929 513 1981 καὶ
553 1928 754 1981 Ἀκύλα
779 1929 1009 1996 ἀδελφοῦ
1032 1930 1347 2000 Κλήμεντος
1370 1931 1462 1984 τοῦ
1506 1932 1798 2001 Ῥωμαίου,

218 2018 669 2088 μαθητεύσαντος
692 2021 749 2073 δέ
782 2023 877 2073 καὶ
900 2021 1096 2090 Παύλῳ
1132 2021 1208 2090 τῷ
1235 2026 1616 2092 συναποστόλῳ
1645 2026 1802 2094 ἡμῶν

218 2110 313 2160 καὶ
346 2111 597 2180 συνεργῷ
637 2113 696 2162 ἐν
726 2109 804 2180 τῷ
836 2111 1154 2182 Εὑαγγελίῳ
1175 2130 1186 2140 ·
1216 2113 1313 2165 καὶ
1350 2115 1532 2184 τρίτον
1583 2115 1670 2166 ἐπ’
1703 2115 1802 2167 αύ-

215 2200 327 2252 τῶν
360 2201 670 2271 διαλεχθεὶς
727 2202 876 2272 αύτῷ
923 2205 987 2256 ἐκ
1036 2203 1147 2256 τῶν
1193 2205 1281 2258 δια
1339 2207 1450 2259 τῶν
1506 2207 1802 2278 προφητῶν

216 2293 394 2358 λόγων
429 2295 523 2346 καὶ
553 2295 685 2364 περὶ
717 2295 852 2348 Θεοῦ
877 2298 1204 2366 μοναρχίας,
1243 2298 1461 2366 ἥττησα
1493 2300 1654 2352 αὑτὸν
1707 2299 1797 2351 δυ-

217 2386 384 2452 νάμει
443 2385 540 2438 τοῦ
593 2387 801 2456 Κυρίου
838 2388 1015 2456 .ἡμῶν
1061 2388 1236 2456 Ἰησοῦ
1289 2391 1548 2459 Χριστοῦ,
1586 2392 1677 2443 καὶ
1724 2394 1802 2453 εἰς

218 2475 472 2542 ἀφωνίαν
518 2477 843 2543 κατέϐαλον,
873 2480 1091 2547 φυγάδα
1127 2497 1184 2532 τε
1235 2481 1398 2534 αὑτὸν
1433 2485 1511 2543 είς
1576 2484 1803 2534 Ἰταλίαν

219 2567 558 2635 κατέστησα.
593 2569 888 2640 Γενόμενος
923 2572 1001 2637 δἐ,
1034 2573 1107 2634 ὡς
1142 2573 1300 2641 ἔφην,
1324 2575 1381 2624 ἐν
1423 2574 1613 2645 Ῥώμῃ
1668 2575 1802 2627 πολὺ

218 2659 319 2729 τὴν
389 2659 721 2731 Ἐκκλησίαν
786 2664 1040 2732 ἐτάραξε,
1091 2667 1264 2719 πολλά
1330 2670 1652 2737 ἀνατρέπων
1713 2671 1805 2722 καὶ

220 2753 401 2820 ἐαυτῷ
431 2755 905 2824 περιποιούμενος,
935 2758 1004 2809 τά
1030 2759 1085 2810 δὲ
1111 2757 1242 2828 ἔθνη
1270 2759 1564 2822 ἐξιστάνων
1591 2764 1800 2830 μαγικῇ

220 2845 386 2917 τέχνῃ
423 2846 518 2898 καὶ
541 2846 809 2915 δαιμόνων
839 2850 1113 2919 ἐνεργείᾳ.
1145 2851 1239 2911 ⁸ος
1261 2851 1352 2902 καί
1378 2867 1505 2902 ποτε
1536 2852 1806 2918 μεσούσης

221 2941 442 3009 ἡμέρας
493 2940 772 3006 προελθὼν
815 2943 896 3005 είς
944 2945 1004 2994 τὸ
1051 2943 1277 3012 θέατρον
1324 2946 1694 3013 ἐπηγγείλατο
1739 2947 1804 2998 δι’

221 3031 385 3096 ἀέρος
427 3032 755 3100 ἀναπτῆναι,
791 3033 1010 3086 πάντων
1043 3036 1435 3104 θαυμαζόντων
1481 3037 1574 3088 ἐπὶ
1608 3037 1801 3106 τούτῳ.

233 3122 382 3188 Ἐγὼ
406 3122 466 3175 δὲ
515 3123 717 3195 Πέτρος
761 3124 882 3178 καθ’
913 3127 1105 3179 ἑαυτὸν
1145 3128 1414 3197 ηύχόμην,
1449 3130 1556 3182 Καὶ
1612 3130 1675 3199 δὴ
1707 3147 1803 3198 μεο

1899 644 2122 693 attolor.
2155 639 2291 693 Cum
2339 645 2520 692 autem
2571 636 2766 692 Petrus
2801 652 2924 691 cum
2972 639 3203 707 magicis
3253 640 3475 694 artibus

1899 728 2188 782 sublimem
2223 728 2276 781 in
2309 744 2492 782 aerem
2523 727 2706 783 eﬂerri
2744 727 2952 782 videret
2990 728 3052 781 in
3091 728 3272 784 medio
3321 729 3478 784 urbis

1899 820 2108 882 Romae,
2144 820 2312 874 Deum
2352 832 2614 890 precatus
2641 828 2749 887 est,
2777 829 2942 889 atque
2963 818 3254 876 confestim
3283 821 3475 877 Simon

1899 917 2122 976 decidit.
2179 916 2649 986 coniminutisque
2694 930 2761 970 eo
2791 929 2922 969 casu
2984 913 3247 969 membris
3284 914 3476 985 periit.

1899 1010 2080 1065 Locus
2119 1012 2212 1080 qui
2269 1011 2544 1078 impurum
2603 1009 2726 1078 ejus
2773 1017 2829 1062 et
2893 1008 3221 1064 sceleratum
3273 1022 3475 1077 corpus

1901 1106 2140 1173 excepit,
2169 1105 2284 1174 jam
2321 1103 2448 1157 inde
2515 1101 2824 1157 Simoniuni
2864 1105 3202 1158 nominatur.
3253 1099 3327 1155 De
3375 1101 3479 1156 hoc

1903 1215 2136 1269 magnus
2166 1201 2256 1253 ille
2287 1199 2573 1268 apostolus
2607 1196 2802 1252 Petrus
2865 1200 2917 1251 in
2974 1196 3478 1254 Constitutionibus

1902 1292 2218 1362 apostolicis
2252 1292 2324 1344 ita
2351 1291 2613 1346 disserit:
2643 1289 2975 1360 principium
3005 1305 3270 1344 novarum
3307 1289 3479 1342 hare-

1901 1389 2041 1440 sium
2075 1400 2104 1439 a
2142 1385 2362 1438 Simone
2404 1383 2560 1453 Mago
2596 1383 2839 1436 ducitur.
2877 1380 2926 1438 Is
2960 1391 3010 1436 et
3045 1382 3098 1434 in
3127 1379 3281 1450 Syria
3307 1380 3476 1433 multa

1904 1477 2220 1548 prodigiose
2254 1475 2404 1540 fecit,
2455 1485 2509 1530 et
2547 1474 2734 1529 Roma:
2787 1474 3014 1544 magicis
3078 1472 3476 1540 diabolicisqne

1903 1571 2114 1623 artibus
2139 1578 2192 1622 et
2223 1567 2518 1622 calliditate
2541 1567 2841 1621 Ecclesiam
2876 1564 3140 1633 majorem
3171 1564 3226 1617 in
3251 1563 3474 1616 modum

1904 1664 2138 1714 vexavit.
2172 1661 2253 1714 Ac
2280 1662 2542 1715 Caesareae
2571 1659 2815 1728 quidem,
2863 1672 2987 1727 qua:
3030 1655 3309 1710 Stratonis
3339 1653 3479 1708 dici-

1904 1768 2011 1815 tur,
2055 1752 2187 1806 inihi
2225 1753 2382 1807 Petro
2409 1765 2743 1819 congressus
2805 1758 3038 1803 conatus
3093 1754 3177 1802 est
3245 1746 3471 1812 verbum

1908 1847 1997 1898 Ι)ιοί
2044 1857 2377 1914 pervertere,
2426 1859 2549 1896 cum
2609 1849 2797 1896 essent
2862 1855 3072 1894 mecum
3137 1837 3311 1893 sancti
3355 1835 3472 1896 ﬁlii.

1909 1939 2192 2002 Zaclncus,
2218 1939 2309 2006 qui
2335 1938 2462 1992 olim
2502 1937 2826 2004 publicanus
2863 1932 3063 1994 fuerat,
3091 1929 3396 1992 Barnabas,
3423 1936 3479 1982 et

1906 2033 2099 2099 Aquila
2135 2030 2435 2086 Clementis
2462 2028 2692 2082 Romani
2724 2027 2924 2091 l'rater;
2961 2024 3052 2095 qni
3084 2023 3292 2093 Aquila'
3310 2021 3477 2076 etiam

1907 2126 2210 2196 discipulus
2230 2125 2332 2178 fuit
2358 2124 2537 2185 Pauli,
2563 2122 2616 2176 in
2640 2122 2945 2191 apostolico
2974 2133 3202 2174 munere
3225 2128 3278 2171 et
3303 2117 3481 2171 Evan-

1905 2220 2046 2290 gelio
2085 2219 2334 2273 docendo
2374 2217 2598 2287 collegae
2651 2214 2849 2269 nostri.
2901 2211 3148 2267 Tertium
3207 2225 3331 2266 cum
3387 2208 3482 2262 illo

1906 2312 2180 2382 disputavi
2216 2313 2292 2366 iis
2356 2309 2719 2379 praesentibus
2778 2323 2841 2360 ex
2894 2303 3116 2374 scriptis
3164 2302 3478 2355 divinorum

1907 2413 2114 2465 vatum,
2150 2403 2217 2458 de
2248 2403 2411 2456 unius
2437 2399 2526 2454 Dei
2566 2398 2832 2466 imperio;
2873 2406 2927 2451 et
2967 2411 3090 2451 eum
3150 2395 3198 2446 vi
3266 2389 3480 2447 Domini

1907 2495 2080 2550 nostri
2106 2493 2236 2548 Jesu
2267 2493 2468 2548 Christi
2519 2499 2836 2560 superatum
2893 2505 2994 2543 usu
3038 2486 3191 2540 vocis
3247 2481 3479 2554 privavi,

1908 2588 2074 2656 inque
2110 2585 2320 2640 Italiam
2350 2583 2658 2638 exsulatum
2694 2581 2869 2648 abegi.
2902 2579 3086 2632 Romae
3139 2583 3320 2630 autem
3351 2588 3478 2628 cum

1907 2689 2075 2740 esset,
2106 2677 2427 2737 Ecclesium,
2457 2685 2516 2728 ut
2545 2675 2681 2738 dixi,
2711 2674 3063 2726 vehementer
3117 2665 3480 2738 perturbavit,

1908 2774 2078 2826 multa
2138 2781 2458 2840 pervertens
2525 2782 2587 2820 ac
2646 2766 2750 2820 sibi
2815 2777 3120 2831 arrogans,
3182 2769 3483 2828 gentesque

1909 2863 2138 2928 magicis
2181 2863 2390 2914 artibus
2438 2875 2500 2912 ac
2536 2859 2846 2911 dannonuni
2896 2853 3216 2908 ellicacitate
3263 2848 3480 2904 fallens.

1909 2956 2051 3021 Quin
2080 2964 2132 3007 et
2163 2952 2464 3021 aliquando
2493 2951 2668 3002 inedia
2706 2950 2792 3002 die
2823 2947 2876 3000 in
2935 2947 3207 2999 theatrum
3235 2955 3483 3012 progres-

1909 3062 2002 3100 sus
2029 3047 2279 3113 promisit
2337 3060 2395 3096 se
2452 3058 2546 3111 per
2615 3054 2798 3094 aerem
2838 3052 3061 3092 sursum
3111 3035 3482 3092 evolaturum,

1906 3141 2164 3192 omnibus
2192 3138 2240 3190 id
2280 3135 2626 3187 mirantibus.
2677 3132 2786 3201 Ego
2829 3129 2988 3200 371
3048 3138 3230 3182 autem
3267 3137 3482 3178 mecum

222 3213 545 3282 τεωρισθεὶς
576 3215 683 3268 ὑπὸ
709 3216 983 3285 δαιμόνων
1015 3219 1212 3272 ἵπτατο
1263 3224 1557 3289 μετάρσιος
1592 3223 1670 3282 εἰς
1717 3221 1807 3272 τον
1837 3232 1882 3294 c

1837 3232 1882 3294 Ο
1913 3233 2116 3285 tacitus
2149 3229 2314 3282 Deum
2345 3227 2631 3297 precabar.
2652 3224 2716 3277 Et
2750 3225 2972 3293 quidem
3001 3220 3188 3274 Simon
3222 3234 3250 3272 a
3281 3218 3484 3272 daemo-

223 3306 386 3376 ἀέρα,
417 3307 590 3374 λέγων
616 3310 697 3371 είς
733 3312 858 3373 τοὺς
890 3314 1158 3381 οὐρανοὺς
1189 3314 1395 3365 ἀνιέναι
1419 3315 1670 3365 κάκεῖθεν
1697 3317 1808 3376 τοῖς

223 3397 374 3460 λαοῖς
428 3399 498 3450 τά
533 3399 714 3466 ἀγαθά
764 3401 1217 3472 ἐπιχορηγήσειν.
1248 3404 1369 3454 Τῶν
1425 3404 1480 3454 δὲ
1541 3405 1808 3471 δαιμόνων

220 3489 689 3559 ἐπευφημούντων
727 3493 888 3544 αὑτὸν
929 3493 1004 3556 ὠς
1053 3493 1210 3558 Θεὸν,
1232 3494 1478 3556 ἐκτείνας
1537 3494 1648 3560 ἐγὼ
1689 3496 1788 3556 τὰς

223 3584 414 3651 χεῖρας
443 3582 524 3644 εἰς
561 3582 694 3650 ὕψος
737 3584 977 3636 ἱκέτευον
1009 3583 1104 3636 τὸν
1139 3583 1272 3636 Θεὸν
1320 3585 1671 3654 καταῤῥάξαι
1719 3586 1808 3637 τὸν

223 3675 500 3743 λυμεῶνα.
537 3675 816 3740 Ἀτενίσας
841 3673 934 3730 οὖν
961 3673 1210 3746 εἷποντῴ
1231 3677 1458 3746 Σίμωνι·
1482 3679 1542 3730 Εἰ
1579 3678 1810 3730 ἀπόστο-

224 3767 312 3830 λος
347 3766 529 3836 Ἰησοῦ
553 3769 789 3838 Χριστοῦ
816 3769 934 3838 είμι
968 3771 1100 3836 ἐγὼ,
1127 3771 1220 3822 καὶ
1241 3770 1362 3838 οὐχὶ
1397 3770 1595 3832 πλάνος
1623 3770 1811 3839 ὥσπερ

227 3861 314 3925 σὺν
333 3861 540 3928 Σίμων’
567 3863 896 3930 προστάσσω
920 3867 1040 3926 ταῖς
1062 3866 1324 3932 πονηραῖς
1345 3863 1639 3932 δυνάμεσιν
1657 3865 1812 3930 ἀφεῖ-

228 3955 313 4004 ναί
369 3968 433 4004 σε
490 3953 589 4020 τῆς
641 3955 984 4024 κρατήσεως.
1039 3958 1150 4010 Καὶ
1188 3955 1362 4007 ταῦτα
1415 3956 1658 4017 εἰπόντος
1707 3973 1808 4021 μου

228 4043 538 4114 κατηνέχθη
579 4047 695 4113 μετ’
717 4047 852 4115 ἡχου
877 4049 1076 4100 πολλοῦ
1110 4050 1204 4100 καὶ
1237 4048 1524 4117 συνετρίϐη
1553 4065 1564 4080 ’
1596 4047 1690 4098 καὶ
1717 4047 1810 4098 τοῦ

226 4137 384 4206 ὄχλου
433 4136 728 4205 βοήσαντος
775 4133 857 4199 εἷς
889 4138 1019 4202 Θεὸς
1081 4139 1139 4190 ὃν
1189 4140 1387 4206 Πέτρος
1432 4138 1812 4204 καταγγέλλει,

226 4230 460 4298 οὕτωςὴ
493 4229 683 4301 πρώτη
730 4232 999 4300 κατελύθη
1040 4232 1150 4284 τῶν
1196 4233 1551 4300 Σιμωνιανῶν
1599 4233 1810 4300 αἵρεσις

226 4323 286 4372 ἐν
310 4320 524 4392 Ῥώμῃ,
555 4321 649 4373 κα)⁴
684 4321 866 4374 τέλεον
899 4322 1138 4392 ἀπέσϐη.
1168 4324 1258 4376 Διὸ
1289 4324 1353 4392 δὴ
1387 4323 1480 4376 καὶ
1525 4326 1624 4392 τὴν
1668 4324 1810 4392 ἠμέ-

232 4433 331 4486 ραν
351 4418 563 4470 ἐκείνου
577 4419 668 4470 τοῦ
687 4418 962 4472 σαϐϐάτου
985 4419 1147 4489 ἐπίση
1161 4437 1260 4488 μον
1289 4420 1480 4485 ἄγουσι
1518 4419 1801 4490 Ῥωμαῖοι.

1909 3325 2075 3378 nibus
2129 3323 2448 3377 sublevatus
2484 3321 2537 3373 in
2594 3333 2776 3373 aerem
2835 3316 3088 3369 sublimis
3134 3311 3482 3374 efferebatur,

1912 3417 2176 3484 promens
2235 3414 2286 3465 in
2347 3412 2548 3464 coelum
2601 3425 2660 3464 se
2710 3407 3006 3463 ascendere
3063 3403 3297 3471 indeque
3343 3400 3484 3454 bona

1915 3507 2130 3576 populis
2159 3521 2218 3558 su
2231 3505 2657 3574 ppcditaturum.
2681 3499 2969 3554 Diemones
2990 3512 3120 3550 vero
3149 3494 3198 3548 ei
3225 3503 3483 3562 tanquam

1916 3599 2023 3653 ι)εο
2061 3597 2254 3652 faustis
2283 3593 2778 3650 acclamationibus
2815 3590 3166 3659 plaudebant.
3192 3584 3347 3639 Tunc
3385 3597 3488 3652 ego

1917 3687 2170 3741 manibus
2196 3703 2416 3740 sursmu
2459 3685 2686 3738 intentis
2719 3680 3038 3749 suppliciter
3073 3693 3102 3729 a
3132 3675 3240 3729 Deo
3276 3675 3402 3744 petii
3429 3680 3488 3724 ut

1915 3781 2057 3833 hanc
2092 3779 2372 3831 hominum
2410 3785 2618 3846 pestem
2677 3773 3014 3831 detunbaret,
3066 3785 3129 3822 ac
3185 3767 3487 3831 Simonem,

1918 3874 1971 3923 in
2010 3886 2134 3924 cum
2168 3868 2360 3922 delixis
2417 3866 2616 3927 oculis,
2653 3864 2727 3917 ita
2762 3879 2882 3917 sum
2924 3863 3243 3914 allocutus:
3274 3856 3330 3911 Si
3387 3872 3487 3925 ego

1917 3962 2205 4030 apostolus
2262 3975 2384 4013 sum
2437 3957 2565 4012 Jesu
2628 3955 2854 4018 Christi,
2919 3962 2972 4007 et
3026 3968 3137 4006 non
3201 3953 3487 4018 impostor,

1919 4054 2078 4108 sicuti
2117 4063 2170 4106 tu
2205 4067 2286 4114 es,
2319 4067 2350 4104 ο
2397 4049 2613 4111 Simon,
2669 4048 2877 4114 impero
2935 4044 3095 4098 malis
3123 4042 3299 4112 geniis
3347 4050 3403 4093 ut
3437 4045 3492 4092 te

1920 4148 2146 4198 missum
2177 4143 2400 4196 iaciant.
2435 4141 2562 4195 Haec
2598 4156 2683 4194 me
2723 4139 2962 4202 dicente,
2996 4149 3192 4202 magno
3238 4135 3328 4186 ille
3357 4146 3485 4184 cum

1919 4239 2105 4291 sonitu
2133 4236 2338 4291 decidit
2367 4233 2778 4303 conlractisque
2805 4231 3066 4285 membris
3092 4227 3324 4281 interiit.
3348 4222 3490 4277 Tum

1924 4330 2125 4398 populo
2161 4327 2504 4381 acclamante
2540 4341 2707 4379 unum
2755 4338 2876 4377 esse
2905 4322 3076 4376 Deum
3134 4320 3225 4389 qui
3261 4334 3291 4372 a
3331 4317 3494 4372 Petro

1922 4418 2273 4488 praedicetur,
2303 4418 2372 4470 ita
2401 4432 2466 4471 eo
2523 4426 2770 4484 tempore
2814 4416 2989 4483 prima
3046 4411 3492 4466 Simonianorum

229 4509 459 4563 haeresis
491 4507 678 4564 Romae
728 4526 921 4566 eversa
965 4526 1030 4566 ac
1078 4527 1308 4581 prorsus
1359 4514 1631 4565 exstincta
1689 4523 1794 4566 est.
1832 4513 2014 4580 Itaque
2047 4512 2210 4566 etiam
2255 4511 2398 4563 illius
2428 4509 2638 4562 sabbati
2680 4507 2824 4560 diem
2894 4505 3127 4558 Romani
3191 4503 3490 4558 solemnem

229 4610 428 4669 agunt.

303 4693 388 4764 [P.
424 4691 558 4763 219.]
586 4694 644 4745 Ὀ
673 4694 856 4762 μέντοι
885 4694 1076 4763 Νέρων
1102 4735 1116 4760 ,
1152 4693 1393 4757 ἀκούσας
1425 4697 1508 4748 ὅτι
1544 4699 1806 4764 πεφόνευ-
1840 4700 1892 4757 D

1840 4700 1892 4757 D
1994 4697 2136 4749 Nero
2163 4705 2342 4746 autem
2371 4694 2646 4746 Simonem
2691 4709 2718 4744 a
2765 4691 2922 4749 Petro
2987 4687 3331 4753 interfectum
3371 4699 3495 4740 esse

228 4803 322 4838 ται
349 4785 532 4852 Σίμων
564 4784 669 4837 ὑπὸ
711 4785 804 4838 τοῦ
839 4785 1067 4852 Πέτρου,
1104 4786 1200 4840 καὶ
1241 4788 1649 4856 ἀγανακτήσας,
1685 4790 1808 4840 ἐκέ-

231 4877 424 4928 λευσεν
451 4876 616 4928 αὑτὸν
664 4877 1066 4948 σταυρωθῆναι.
1111 4879 1169 4931 Ὀ
1219 4870 1274 4930 δὲ
1311 4881 1513 4948 Πέτρος
1555 4897 1807 4948 παρακαο

230 4966 394 5028 λέσας
423 4965 517 5018 τὸν
576 4966 815 5038 ἔπαρχον
851 4970 937 5020 ἵνα
985 4969 1061 5038 μὴ
1118 4969 1405 5039 σταυρωθῇ
1454 4971 1636 5037 ὄρθιος
1683 4971 1757 5031 ὠς
1787 4972 1814 5022 ό

232 5060 460 5128 Κύριος,
487 5059 630 5111 κατά
659 5061 904 5129 κεφαλῆς
955 5062 1293 5131 ἐσταυρώθη.
1324 5063 1480 5115 Μετὰ
1524 5063 1582 5114 δέ
1609 5081 1672 5130 γε
1711 5064 1810 5132 τὴν

233 5149 448 5218 Πέτρου
516 5151 796 5222 τελευτὴν,
842 5152 918 5215 ὣς
967 5170 1131 5223 φησιν
1184 5154 1464 5219 Εὐσέϐιος,
1529 5155 1740 5218 Παῦλος
1791 5159 1818 5206 ο

231 5242 541 5306 ἀπόστολος
589 5245 734 5297 κατά
771 5245 871 5314 μὲν
901 5247 1002 5315 τὴν
1045 5246 1272 5317 πρώτην
1316 5249 1616 5315 ἀπολογίαν
1648 5248 1818 5301 ἐλθὼν

232 5333 344 5386 ἀπὸ
372 5333 473 5401 τῆς
525 5333 784 5398 ἰουδαίας
813 5336 1057 5406 δέσμιος,
1091 5339 1578 5407 ἀπολογησάμενος
1608 5341 1820 5409 Νέρωνι

232 5427 325 5478 ἐπὶ
369 5426 472 5495 τὴν
519 5422 798 5481 διακονίαν
857 5429 950 5481 τοῦ
1011 5431 1366 5500 κηρύγματος
1409 5431 1633 5500 ἐστάλη.
1668 5433 1819 5484 Κάνο

232 5519 451 5585 τεῦθεν,
479 5520 555 5583 ὠς
590 5521 753 5582 ἔοικε,
793 5523 889 5581 τὰς
919 5523 1026 5575 τῶν
1074 5524 1390 5577 ἀποστόλων
1445 5523 1677 5593 Πράξεις
1722 5527 1805 5577 ἐπ’

233 5615 445 5666 ἐκεῖνον
469 5613 562 5664 τὸν
590 5614 779 5681 χρόνον
803 5618 1014 5678 Λουκᾶς
1041 5615 1271 5685 ἔγραψε,
1308 5616 1501 5686 μέχρις
1529 5617 1615 5669 ὅτε
1647 5617 1814 5684 συνῆν

234 5705 310 5773 τῷ
378 5704 618 5774 Παύλῳ·
655 5705 772 5758 καθ’
827 5707 884 5759 ὃν
941 5707 994 5760 δὲ
1051 5708 1242 5775 καιρὸν
1297 5705 1704 5776 ἐμαρτύρησεν,
1751 5707 1811 5758 ού

237 5797 538 5866 συμπαρῆν
563 5797 730 5867 αὐτῷ.
775 5799 867 5850 τοῦ
935 5801 1258 5853 Ἀποστόλου
1290 5800 1475 5868 σαφῶς
1515 5799 1671 5852 τοῦτο
1728 5799 1810 5851 λέ-

306 5912 350 5944 "
381 5909 426 5965 ll
455 5911 598 5966 Tini.
628 5928 696 5976 tv,
735 5913 816 5967 16.

1922 4787 2212 4839 inaudicns
2249 4788 2476 4838 moleste
2512 4784 2561 4836 id
2623 4783 2823 4837 factum
2874 4782 3020 4844 tulit,
3072 4775 3404 4848 Petrumque
3438 4778 3496 4833 in

1922 4895 2138 4934 crucem
2182 4879 2264 4946 agi
2297 4878 2486 4945 jussit.
2533 4875 2734 4930 Petrus
2763 4876 2834 4929 ah
2862 4874 3019 4928 urbis
3068 4870 3323 4942 praefecto
3351 4869 3495 4924 obti-

1923 4971 2040 5024 nuit
2071 4984 2138 5022 ne
2166 4979 2314 5022 recto
2343 4981 2576 5037 corpore
2605 4976 2661 5020 ut
2705 4965 2969 5035 magister
3005 4978 3146 5018 suns
3178 4959 3363 5024 Jesus,
3399 4960 3494 5015 sed

1921 5063 2100 5132 capite
2131 5061 2196 5114 ad
2243 5072 2446 5115 terram
2502 5059 2741 5113 demisso
2791 5055 3231 5125 cruciﬁgeretur.
3284 5051 3499 5106 Mortuo

1924 5155 2103 5217 Petro,
2138 5164 2195 5207 ut
2237 5151 2510 5206 Eusebius
2555 5158 2641 5205 est
2687 5158 2899 5212 auctor,
2951 5146 3154 5201 Paulus
3211 5143 3497 5213 apostolus

1922 5249 2227 5303 secundum
2266 5247 2498 5315 primam
2519 5243 2897 5299 defensionem
2925 5255 2992 5294 ex
3043 5235 3233 5292 Iudaea
3275 5235 3496 5290 vinctus

1923 5341 2142 5399 missus,
2177 5354 2300 5391 cum
2335 5335 2480 5406 apud
2539 5333 2809 5388 Neronem
2841 5345 3062 5385 causam
3123 5328 3377 5392 dixisset,
3427 5327 3496 5379 ad

1923 5431 2326 5501 praedicapdum
2370 5427 2597 5482 verbum
2634 5424 2841 5478 missus
2873 5422 2998 5476 fuit.
3038 5421 3226 5489 Atque
3257 5418 3404 5483 inde,
3439 5424 3498 5470 ut

1924 5521 2156 5583 videtur,
2187 5521 2318 5571 Acta
2345 5514 2718 5586 apostolorum
2755 5511 2934 5566 Lucas
2965 5510 3032 5565 ad
3073 5509 3126 5565 id
3155 5523 3330 5578 usque
3357 5515 3490 5562 tem»

1928 5627 2026 5680 pus
2064 5609 2408 5679 perscripsit,
2471 5606 2734 5676 quamdiu
2794 5604 2897 5658 fuit
2947 5617 3072 5657 cum
3113 5599 3306 5655 Paulo.
3361 5597 3498 5652 Nan.

1927 5704 2091 5757 Paulo
2119 5719 2227 5756 non
2257 5702 2452 5763 adfuit,
2521 5713 2632 5767 quo
2691 5697 2740 5752 is
2788 5705 3029 5764 tempore
3087 5690 3354 5760 supplicio
3415 5695 3500 5741 cst

1924 5797 2173 5849 allectus.
2207 5794 2358 5859 Quod
2385 5790 2680 5861 Apostolus
2708 5789 2912 5844 diserte
2965 5785 3038 5840 ait
3067 5803 3080 5839 :
3116 5782 3278 5853 372
3320 5779 3491 5836 Nemo
