4248 6456
721 431 822 493 411

2021 429 2341 489 GEORGII
2365 425 2705 488 CEDRENI

3878 417 3985 480 U2

720 539 854 595 mihi
891 538 945 592 in
974 538 1148 608 prima
1195 537 1516 592 defensione
1571 536 1769 601 adfuit,
1831 537 1925 592 sed
1975 553 2168 592 omnes
2203 554 2286 592 me

2401 553 2598 604 γοντος,
2628 535 2708 588 ὅτι
2736 534 2909 594 οὐδείς
2944 548 3034 602 μοι
3056 533 3114 584 ἐν
3131 535 3195 603 τῇ
3223 529 3412 602 πρώτῃ
3435 531 3701 600 ἀπολογία
3729 545 3988 599 συμπαρο

720 629 1124 692 deseruerunt;
1183 642 1293 681 non
1350 627 1652 696 imputetur
1705 628 1860 696 ipsis.
1923 625 2293 682 Posteriorent

721 720 1012 790 epistolam
1049 717 1118 772 ad
1168 717 1514 772 Timotheum
1569 718 1794 788 scripsit
1849 719 2135 787 captivus;
2205 717 2295 771 ubi

722 813 882 868 simul
923 810 1258 867 mentionem
1282 811 1412 864 facit
1444 811 1631 880 prima:
1671 825 1783 864 sua!
1835 811 1979 879 apud
2026 810 2294 865 Neronem

721 903 1084 960 defensionis.
1128 903 1300 970 Quem
1327 911 1380 956 et
1420 903 1595 957 leonis
1634 902 1855 956 nomine
1884 902 2087 965 affecit,
2136 903 2300 955 ἱιιΙιυ-

723 995 1038 1048 inanitatem
1065 996 1184 1062 ejus
1208 1005 1371 1063 atque
1401 994 1546 1048 feros
1575 1007 1760 1048 mores
1785 993 2042 1062 praeclare
2075 1003 2294 1058 notans,

720 1092 774 1137 et
805 1086 1180 1138 imminentem
1214 1101 1372 1138 suum
1413 1085 1626 1139 obitum
1662 1099 1785 1138 mox
1815 1085 2055 1138 indicat:
2111 1102 2130 1133 ι
2167 1085 2300 1138 Ere-

723 1185 846 1243 ptus
877 1191 1024 1238 sum,
1064 1176 1344 1242 inquiens,
1371 1175 1453 1228 ori
1479 1175 1673 1229 leonis.
1709 1173 1812 1227 Sed
1842 1182 1895 1227 et
1933 1175 1984 1227 in
2014 1186 2292 1243 posterum

723 1282 808 1320 me
836 1267 1098 1321 Dominus
1126 1267 1367 1320 servabit
1393 1267 1460 1320 ab
1489 1268 1635 1319 omni
1662 1267 1804 1320 mala
1833 1280 1912 1329 re,
1948 1267 2112 1336 inque
2137 1282 2295 1322 suum

722 1362 945 1415 caeleste
974 1378 1197 1431 regnum
1229 1372 1462 1428 asseret,
1501 1380 1519 1412 ι
1559 1363 1794 1415 innuens
1850 1362 2162 1430 propediem
2199 1377 2298 1416 Sno

726 1453 994 1521 supplicio
1056 1467 1116 1507 se
1176 1453 1392 1506 veritati
1457 1452 1831 1505 testimonium
1872 1454 2293 1522 perhibilurum.

718 1544 877 1608 Quod
905 1545 1070 1597 etiam
1107 1546 1351 1613 apertius
1403 1543 1456 1596 in
1501 1546 1692 1598 eadem
1740 1547 1974 1614 epistola
2031 1545 2294 1613 pra-dicit,

719 1635 770 1688 in
813 1635 926 1689 haec
957 1635 1120 1689 verba
1150 1653 1162 1686 :
1193 1636 1304 1703 Ego
1337 1637 1483 1689 enim
1518 1651 1664 1690 nunc
1702 1638 1980 1700 immolor,
2022 1640 2299 1705 instatque

718 1735 933 1794 tempus
973 1742 1103 1780 mea:
1142 1727 1456 1782 solutionis.
1491 1727 1616 1782 Post
1647 1729 1874 1797 primam
1917 1729 2297 1782 defensionem

721 1815 984 1870 dimissus
1043 1826 1148 1876 est,
1187 1827 1245 1869 ut
1304 1833 1496 1871 rursus
1551 1820 1892 1888 evangelium
1949 1820 2293 1888 praedicaret.

2402 634 2642 699 εγενετο,
2673 629 2809 683 ἀλλὰ
2859 631 3059 690 πάντες
3111 643 3176 696 με
3228 627 3633 693 ἐγκατέλιπον,
3692 626 3766 695 μὴ
3800 627 3987 686 αὐτοῖς

2401 723 2701 790 λογισθείη.
2727 722 2838 790 Τὴν
2867 721 2922 773 δέ
2944 721 3080 789 πρδς
3114 719 3379 785 Τιμόθεον
3411 718 3986 789 δευτέρανὲπιστολὴν

2401 816 2765 884 κατεχόμενος
2817 812 3074 882 ἔγραψεν,
3119 810 3255 879 ὁμοῦ
3302 809 3584 878 σημαίνων
3621 811 3722 879 τήν
3755 826 3815 860 τε
3857 824 3989 878 προ-

2399 907 2562 974 τέραν
2609 903 2771 956 αὺτοῦ
2809 903 3106 969 ἀπολογίαν
3158 902 3293 970 πρὸς
3317 901 3544 970 Νέρωνα
3563 901 3640 965 ,ὃν
3673 903 3764 954 καὶ
3796 899 3984 952 λέοντα

2401 996 2488 1048 διά
2524 996 2585 1048 τὸ
2613 993 2980 1063 ἀπάνθρωπον
3016 993 3110 1046 καὶ
3138 992 3404 1063 θηριῶδες
3438 991 3532 1044 τοῦ
3557 992 3759 1062 τρόπου
3804 991 3984 1050 καλῶς

2409 1087 2682 1158 ὠνόμασε.
2713 1089 2840 1142 ,Καὶ
2889 1086 2988 1156 τὴν
3036 1087 3187 1156 παρὰ
3226 1086 3396 1148 πόδας
3434 1086 3717 1138 τελείωσιν
3779 1085 3982 1150 ἐπάγει

2402 1182 2648 1248 φάσκων·
2674 1197 2693 1230 ι
2736 1179 3040 1249 Ἔρρύσθην
3069 1180 3132 1230 ἐκ
3161 1180 3435 1248 στόματος
3460 1177 3698 1239 λέοντος·
3727 1177 3864 1229 ἀλλὰ
3888 1179 3983 1229 καὶ

2403 1270 2622 1341 ρὶσετᾶί
2659 1287 2725 1340 με
2754 1273 2781 1322 ὁ
2804 1269 3008 1341 Κύριος
3043 1269 3150 1322 ἀπὸ
3180 1270 3381 1333 παντὸς
3404 1269 3567 1338 ἔργου
3596 1267 3859 1337 πονηροῦ,
3882 1269 3984 1321 καὶ

2404 1363 2566 1415 σώσει
2602 1364 2680 1425 εἰς
2738 1362 2836 1432 τὴν
2893 1361 3169 1431 βασιλείαν
3213 1361 3380 1415 αὑτοῦ
3433 1361 3534 1431 τὴν
3565 1362 3910 1430 ἐπουράνιον,
3954 1378 3975 1412 ι

2403 1455 2758 1523 ὑπεμφαίνων
2791 1454 2851 1506 τὸ
2890 1453 3207 1524 παραυτίκα
3245 1454 3571 1525 μαρτύριον,
3601 1454 3629 1506 ὃ
3661 1455 3754 1506 καὶ
3814 1452 3984 1520 σαφέ-

2403 1565 2596 1616 στερον
2639 1548 2697 1598 ἐν
2751 1549 2816 1615 τῇ
2872 1545 3006 1616 αὐτῇ
3038 1546 3293 1616 ἐπιστολῇ
3339 1546 3733 1616 προσαγορεύει
3765 1546 3939 1612 λέγων
3967 1561 3983 1574 ο

2413 1638 2553 1704 Ἐγὼ
2591 1639 2701 1706 γὰρ
2740 1639 2841 1705 ἤδη
2874 1637 3192 1706 σπένδομαι,
3221 1639 3316 1690 καὶ
3349 1640 3376 1690 ὁ
3408 1638 3600 1707 καιρὸς
3647 1637 3744 1705 τῆς
3781 1636 3986 1689 ἀναλύ-

2402 1727 2538 1790 σεώς
2600 1746 2700 1798 μου
2741 1730 3070 1798 ἐφέστηκεν.
3127 1729 3632 1798 ¹θλπολογησάμενος
3662 1728 3839 1781 τοίνυν
3881 1728 3985 1798 τὴν

2401 1820 2626 1890 πρώτην
2658 1820 2956 1887 ἀπολογίαν
2979 1821 3073 1872 καὶ
3095 1821 3248 1884 αὖθις
3280 1822 3372 1872 ἐπὶ
3391 1822 3490 1889 τὴν
3513 1821 3606 1872 τοῦ
3626 1819 3987 1889 κηρύγματος

722 1905 908 1960 Denuo
928 1916 1108 1960 autem
1136 1908 1187 1960 in
1218 1909 1448 1961 vinculis
1480 1906 1707 1961 Romam
1734 1909 2020 1972 adductus,
2057 1910 2292 1977 itemque

2401 1913 2674 1965 διακονίαν
2708 1913 3078 1982 στειλάμενος,
3102 1909 3218 1965 εἷτα
3245 1914 3409 1966 πάλιν
3431 1915 3490 1964 τὸ
3511 1913 3763 1982 δεύτερον
3786 1910 3988 1973 ἐπιϐάς

717 1996 920 2052 Neroni
950 2000 1202 2063 traditus,
1237 2000 1416 2067 gladio
1447 2010 1734 2054 truncatus
1763 2002 2009 2070 martyrii
2033 2016 2293 2055 coronam

723 2089 953 2157 accepit,
994 2089 1083 2143 die
1114 2089 1262 2142 .Innii
1295 2091 1382 2153 “29,
1429 2090 1620 2145 eodem
1653 2092 1740 2144 die
1773 2109 1884 2162 quo
1933 2102 2057 2146 ante
2093 2108 2294 2147 annum

720 2179 914 2234 Petrus
942 2181 995 2232 in
1037 2196 1255 2233 crucem
1293 2180 1394 2234 fuit
1436 2191 1614 2237 actus.
1648 2181 1769 2248 Quo
1803 2183 2060 2253 supplicii
2097 2199 2298 2252 genere

717 2277 896 2328 allecti
925 2285 1052 2329 sunt
1075 2278 1236 2330 etiam
1287 2277 1500 2332 Marcus
1534 2286 1586 2332 et
1637 2276 1818 2332 Lucas
1855 2282 2205 2350 evangelistae
2234 2295 2299 2336 ac

717 2361 960 2419 Iacobus
990 2363 1205 2418 Domini
1244 2366 1431 2427 frater,
1471 2367 1538 2420 de
1573 2367 1776 2436 quibus
1810 2379 1936 2423 ante
1984 2370 2294 2426 retulimus.

723 2453 858 2508 Divo
889 2454 1047 2510 Lucae
1078 2473 1176 2524 pro
1229 2472 1394 2511 cruce
1433 2457 1532 2511 fuit
1563 2460 1682 2512 olea
1742 2458 2022 2526 frugifera,
2075 2475 2198 2512 cum
2232 2450 2316 2513 ad'

719 2549 1017 2617 parandam
1059 2564 1278 2602 crucem
1316 2551 1526 2602 nullum
1557 2551 1622 2604 iis
1651 2551 1704 2604 in
1757 2552 1891 2604 locis
1946 2551 2160 2606 aridum
2199 2555 2301 2622 lig-

718 2657 846 2694 num
893 2643 1248 2711 reperiretur.
1301 2641 1430 2710 Ejus
1479 2657 1680 2710 corpus
1734 2645 1957 2712 quidant
2019 2646 2294 2700 sublatum

716 2733 865 2790 inter
891 2734 1062 2786 multa
1089 2734 1192 2786 alia
1227 2733 1480 2801 sepulcra
1509 2733 1850 2799 recondidit;
1884 2736 2068 2805 itaque
2117 2735 2299 2791 effecit

720 2832 778 2879 ut
825 2827 879 2880 in
927 2825 1162 2880 obscuro
1208 2825 1326 2893 ejus
1376 2827 1672 2896 sepultura:
1727 2828 1880 2881 locus
1934 2841 2102 2882 esset.
2160 2829 2296 2884 Cum

718 2927 903 2972 autem
955 2927 1143 2987 postea
1205 2907 1463 2988 discipuli
1522 2933 1641 2973 eam
1703 2922 2068 2989 requirerent,
2132 2932 2298 2992 atque

717 3018 945 3078 propter
977 3008 1358 3076 sepulcrorum
1397 3009 1806 3064 multitudinem
1844 3027 1948 3065 non
1985 3013 2297 3081 deprehen-

716 3101 845 3153 dere
880 3098 1042 3168 373
1076 3107 1322 3169 possent,
1345 3115 1534 3154 eorum
1559 3101 1818 3170 precibus
1849 3112 2031 3158 motus
2059 3103 2204 3159 Dens
2233 3119 2295 3158 ea

717 3201 879 3247 nocte
906 3193 1138 3262 collyria
1174 3193 1386 3246 medica
1413 3209 1579 3262 super
1610 3194 1729 3262 ejus
1760 3194 2026 3247 tumulum
2065 3195 2293 3264 dcpluit.

2399 2009 2466 2072 τῇ
2497 2005 2682 2074 Ῥώμῃ
2699 2005 2914 2072 δέσμιος
2935 2007 3028 2058 καὶ
3045 2004 3306 2066 ὡσαύτως
3320 2005 3534 2075 Νέρωνι
3555 2003 3987 2074 παραδοθεὶςτὸν

2399 2096 2486 2149 διὰ
2516 2096 2697 2165 ξίφους
2724 2095 2817 2148 τοῦ
2865 2096 3165 2166 μαρτυρίου
3205 2097 3470 2164 στέφανον
3501 2097 3822 2165 ἀνεδήσατο,
3854 2094 3990 2162 μηνὶ

2413 2186 2614 2254 Ἰουνίῳ
2648 2185 2753 2248 κθ’,
2785 2186 2905 2239 καθ’
2930 2187 2994 2254 ἣν
3025 2187 3239 2256 ἡμέραν
3267 2186 3363 2237 καὶ
3394 2187 3609 2253 Πέτρος
3641 2184 3987 2256 ἐσταυρώθη,

2404 2278 2541 2348 μετὰ
2567 2278 2814 2348 περίοδον
2843 2277 3035 2347 χρόνου
3068 2278 3206 2338 ἐνὸς,
3231 2276 3485 2345 καθάπερ
3517 2278 3613 2328 καὶ
3640 2277 3865 2341 Μάρκος
3889 2283 3989 2326 καὶ

2400 2370 2614 2430 Λουκᾶς
2636 2368 2686 2420 οἱ
2712 2368 3100 2435 εὐαγγελισταὶ⁵
3149 2368 3242 2419 καὶ
3289 2366 3546 2429 Ἰάκωϐος
3577 2369 3604 2420 ὁ
3633 2367 3982 2436 ἁδελφοθεος,

2401 2456 2473 2518 ὠς
2494 2456 2802 2526 ἔμπροσθεν
2834 2457 3074 2526 εἴρηται.
3118 2457 3176 2510 '0
3203 2452 3296 2510 οὖν
3329 2457 3603 2526 μακάριος
3650 2459 3865 2519 Λουκᾶς
3895 2460 3992 2510 ἐπὶ

2401 2548 2586 2610 ἐλαίας
2645 2550 2996 2620 καρποφόρου
3065 2548 3410 2619 ἐσταυρώθη,
3463 2548 3537 2620 μὴ
3591 2551 3990 2619 εὑρισκομένου

2403 2639 2559 2702 ξύλου
2586 2639 2748 2707 ξηροῦ
2775 2642 2832 2691 ἐν
2855 2641 2930 2708 τῷ
2964 2641 3115 2712 τόπῳ
3161 2642 3298 2710 πρὸς
3330 2642 3392 2694 τὸ
3431 2642 3687 2710 γενέσθαι
3724 2643 3985 2712 σταυρόν.

2403 2733 2512 2784 Καὶ
2543 2733 2724 2785 λαϐὼν
2755 2750 2838 2793 τις
2869 2734 2931 2785 τὸ
2981 2735 3141 2804 σῶμα
3173 2735 3335 2788 αὑτοῦ
3385 2737 3478 2788 καὶ
3514 2735 3718 2805 μεταξὺ
3774 2735 3990 2788 πολλῶν

2405 2825 2684 2895 μνημείων
2715 2825 2886 2893 θάψας
2946 2825 3140 2897 ἄδηλον
3164 2829 3387 2896 ἐποίησε
3419 2829 3510 2882 τὸν
3555 2827 3747 2896 τάφον.
3775 2827 3896 2879 Τῶν
3929 2827 3992 2881 δὲ

2404 2917 2664 2986 μαθητῶν
2696 2918 3113 2988 ἀναζητούντων
3143 2920 3438 2989 μετέπειτα
3472 2921 3566 2972 καὶ
3601 2921 3676 2991 μὴ
3706 2919 3993 2989 εὕρισκον-

2399 3025 2508 3061 των
2537 3007 2703 3060 αὑτοῦ
2736 3009 2827 3061 τὸν
2857 3009 3027 3077 τάφον
3057 3010 3143 3062 διὰ
3181 3011 3242 3062 τὸ
3288 3010 3492 3080 πλῆθος
3524 3012 3631 3063 τῶν
3666 3011 3991 3080 μνημάτων,

2401 3101 2864 3170 προσευξαμένων
2921 3103 3104 3156 αὐτῶν
3146 3107 3211 3173 τῇ
3269 3104 3427 3156 νυκτὶ
3492 3105 3680 3175 ἐκείνῃ
3731 3103 3993 3172 κολούρια

2403 3192 2621 3260 ἔϐρεξεν
2646 3196 2672 3244 ὁ
2698 3193 2830 3256 Θεὸς
2872 3194 3090 3264 ἰατρικά
3120 3196 3306 3248 ἐπάνω
3343 3194 3437 3248 τοῦ
3466 3197 3640 3262 τάφου
3683 3194 3775 3247 τοῦ
3824 3196 3992 3247 Ἀποο

714 3294 899 3338 notam
936 3285 1071 3337 artis
1117 3300 1280 3351 quam
1339 3293 1688 3338 exercuerat.
1742 3287 1921 3355 Atque
1979 3285 2079 3340 hoc
2132 3287 2293 3340 tnodo

2404 3284 2614 3348 στόλου,
2643 3286 2889 3354 σύμϐολα
2913 3286 3012 3354 τῆς
3033 3288 3342 3356 ἐπιστήμης
3365 3287 3551 3348 αὑτοῦ,
3578 3289 3670 3340 καὶ
3695 3289 3760 3338 ἐκ
3782 3290 3994 3339 τούτων

717 3376 1035 3444 sepulcrum
1084 3375 1246 3428 Lucae
1305 3379 1562 3428 innotuit.
1625 3374 1801 3445 llujus
1865 3386 2070 3431 saneta}
2136 3390 2298 3446 atque

719 3467 1052 3520 venerandae
1106 3467 1348 3534 reliquia:
1395 3467 1502 3520 sub
1555 3467 1880 3522 Constantio
1949 3468 2296 3523 Constantini

724 3558 900 3630 Magni
937 3559 1045 3612 tilio
1071 3559 1212 3614 beati
1247 3559 1476 3612 Artemii
1535 3574 1701 3628 opera
1764 3559 2298 3630 Constantinopolim

722 3651 926 3717 relata},
958 3651 1221 3720 depositae
1251 3658 1378 3705 sunt
1411 3651 1462 3702 in
1486 3651 1694 3718 templo
1731 3649 1990 3704 Dl\'0l‘tlllt
2017 3653 2304 3718 Apostolo-

723 3759 869 3806 rum,
903 3742 1040 3795 infra
1076 3758 1286 3796 sacram
1338 3757 1606 3808 mensam,
1653 3757 1762 3796 una
1821 3758 1944 3796 cum
2001 3744 2218 3798 Andrca
2250 3753 2304 3799 et

719 3833 1017 3889 Timotheo
1056 3833 1228 3888 beatis
1263 3833 1554 3901 apostolis.

787 3927 1055 3982 Caeterum
1107 3925 1276 3978 ,ιυόωί
1312 3941 1342 3979 a
1401 3925 1607 3980 Christi
1652 3925 1704 3978 in
1749 3926 1947 3978 coelum
1997 3929 2306 3997 receptione

718 4038 905 4092 pacem
942 4023 1251 4074 habuerunt
1270 4036 1444 4074 annos
1462 4020 1846 4089 quadraginta,
1869 4037 1990 4074 cum
2018 4023 2097 4076 eis
2122 4024 2304 4076 divina

719 4117 985 4170 lentitudo
1013 4118 1061 4169 id
1092 4117 1157 4168 ad
1195 4114 1627 4182 resipiscendnm
1661 4115 1953 4183 largiretur
1979 4125 2212 4184 tempus,
2249 4126 2306 4171 ut

719 4226 818 4264 sna
853 4211 1180 4264 damnantes
1207 4215 1428 4277 peccata
1458 4206 1659 4260 factum
1689 4216 1978 4261 mutarent.
2016 4209 2056 4261 li
2098 4227 2223 4263 vero
2253 4214 2305 4264 in

721 4300 966 4354 deterius
1009 4305 1252 4357 ruentes,
1303 4294 1508 4348 invidia
1541 4309 1606 4347 eo
1637 4293 1859 4347 adducti
1895 4303 2023 4347 sunt
2064 4296 2138 4348 uti
2179 4311 2308 4349 san-

718 4401 840 4443 etos
891 4387 1284 4448 interﬁcerent,
1343 4381 1704 4450 Stephanum,
1753 4379 2016 4434 Iacobum
2063 4381 2303 4436 Zeliedazi

723 4480 916 4543 filium,
977 4476 1241 4530 Jacobum
1291 4473 1504 4527 Domini
1551 4471 1798 4537 fratrem,
1829 4479 1881 4524 et
1925 4473 2082 4526 alios.
2123 4473 2306 4542 Itaque

2402 3378 2618 3445 ἐγένετο
2647 3378 2924 3450 γνώριμος
2973 3381 3002 3430 ὁ
3036 3381 3227 3448 τάφος.
3254 3375 3329 3434 OB
3369 3382 3428 3432 τὸ
3481 3381 3666 3448 τίμιον
3712 3380 3808 3432 καὶ
3832 3379 3995 3446 ἆγιον

2402 3467 2655 3536 λείψανον
2683 3470 3050 3539 ἀνακομισθὲν
3081 3472 3173 3521 ἐπὶ
3203 3470 3590 3523 Κωνσταντίου
3614 3469 3726 3538 (Π)
3749 3470 3844 3522 τοῦ
3865 3471 3991 3523 υἱοῦ

2403 3561 2498 3614 τοῦ
2554 3563 2792 3632 μεγάλου
2853 3561 3269 3616 Κωνσταντίνου
3308 3563 3396 3616 διὰ
3434 3562 3529 3615 τοῦ
3570 3565 3728 3628 ἁγίου
3809 3565 3970 3631 Ἀρτε

2409 3651 2554 3720 μίου,
2590 3653 2747 3720 ἐτέθη
2813 3651 2973 3722 ἐντῷ
3029 3653 3141 3722 ναῷ
3198 3653 3308 3704 τῶν
3361 3652 3565 3719 Ἀγίων
3617 3654 3993 3716 Ἀποστόλων,

2408 3742 2666 3795 ὑποκάτω
2712 3745 2812 3813 τῆς
2860 3744 3023 3811 ἁγίας
3071 3745 3372 3814 τραπέζης,
3435 3746 3552 3816 μετ’
3588 3746 3837 3815 ’Δνδρέου
3898 3749 3992 3799 ita."

2409 3832 2674 3901 Τιμοθέου
2698 3833 2806 3885 τῶν
2835 3836 3006 3903 ἁγίων
3041 3837 3376 3892 ἀποστόλων.

2481 3923 2569 3995 [Ρ.
2611 3925 2744 3997 215]
2778 3929 2841 3979 Οἱ
2870 3928 3050 3980 τοίνυν
3081 3928 3320 3981 Ἰουδαίοι
3357 3930 3496 3997 μετά
3519 3928 3616 3997 τὴν
3660 3928 3752 3980 τοῦ
3783 3929 3992 3997 Κυρίου

2408 4023 2676 4090 ἀνάληψιν
2739 4025 3076 4094 ἁπολέμητοι
3121 4026 3402 4094 διέμειναν
3435 4025 3528 4093 ἐτη
3594 4031 3666 4092 μ’,
3701 4026 3991 4092 μετανοίας

2407 4115 2587 4175 αὐτοῖς
2620 4116 2808 4184 καιρὸν
2854 4117 2950 4184 τῆς
3007 4118 3389 4186 μακροθυμίας
3442 4117 3868 4185 ἀπεκτεινούσης
3895 4118 3992 4170 τοῦ

2407 4203 2563 4264 Θεοῦ,
2598 4205 2680 4255 ἵνα
2704 4209 3225 4274 γνωσιμαχήσαντες
3256 4207 3353 4276 τὴν
3382 4208 3516 4258 ίδίαν
3541 4206 3989 4259 άνακαλέσωντα·

2409 4295 2812 4363 πλημμέλειαν.
2847 4298 2910 4348 ΟΞ
2937 4297 2990 4347 δὲ
3030 4298 3231 4365 μᾶλλον
3259 4299 3338 4360 είς
3369 4298 3428 4348 τὸ
3471 4300 3654 4366 χεῖρον
3702 4296 3991 4359 νεύσαντες

2408 4387 2486 4455 τῷ
2511 4387 2687 4457 φθόνῳ
2713 4389 2804 4440 καὶ
2827 4391 2950 4449 τοὺς
2981 4391 3169 4456 ἁγίους
3192 4390 3452 4458 ἀνῄρουν,
3471 4390 3763 4456 Στέφανον,
3796 4388 3987 4440 Ἰάκω-

2414 4479 2506 4531 ϐον
2532 4480 2621 4531 τὸν
2665 4481 2758 4531 τοῦ
2778 4480 3086 4544 Ζεϐεδαίου,
3125 4482 3384 4533 Ἰάκωϐον
3403 4483 3492 4532 τὸν
3525 4481 3850 4546 ἁδελφόθεον
3895 4483 3988 4530 καὶ

722 4586 823 4624 suo
861 4571 1058 4623 merito
1087 4567 1352 4621 divinitus
1382 4562 1682 4632 profectam
1716 4563 1817 4616 sibi
1851 4571 2193 4617 atlraxerunt
2224 4566 2306 4617 itt-

2411 4570 2650 4631 λοιπούς.
2675 4571 2766 4623 Διὸ
2812 4573 2907 4622 καὶ
2963 4571 3127 4634 ἀξίως
3175 4572 3260 4638 ἐφ’
3305 4571 3533 4632 ἑαυτοὺς
3587 4574 3684 4640 τὴν
3727 4571 3992 4638 θεήλατον

719 4663 1114 4720 ternecionem,
1165 4656 1237 4711 Ea
1283 4659 1416 4727 ipsis
1451 4665 1536 4710 est
1566 4654 1904 4710 terribilibus
1953 4664 2116 4724 atque
2180 4672 2303 4724 per-

721 4757 925 4826 spicuis
973 4752 1289 4806 denuntiata
1357 4748 1646 4819 portentis.
1707 4746 1840 4800 Nam
1885 4763 1995 4816 quo
2060 4761 2301 4817 tempore

722 4861 1031 4916 azymorum
1075 4842 1338 4896 solemnis
1369 4843 1549 4909 agitur
1585 4839 1873 4901 festivitas,
1915 4841 2059 4892 circa
2105 4840 2296 4893 horam

725 4942 901 4994 noctis
947 4952 1172 4998 nonam,
1210 4946 1420 4988 tantum
1463 4947 1614 4986 aram
1657 4932 2025 5002 templumque
2060 4933 2290 4987 circum-

723 5032 874 5085 fulsit
908 5032 1090 5084 lumen
1124 5026 1267 5096 quod
1308 5041 1404 5096 per
1438 5027 1702 5094 integram
1732 5024 1951 5078 duravit
1981 5026 2192 5090 horam,
2239 5037 2299 5080 ut

723 5122 841 5174 dies
871 5123 1143 5174 videretur
1181 5119 1342 5172 facta.
1378 5117 1582 5172 Deinde
1609 5117 1766 5171 stella
1799 5131 1960 5186 supra
1989 5119 2176 5171 urbem
2204 5133 2302 5171 en-

725 5213 800 5266 sis
832 5213 1011 5280 Specie
1044 5211 1312 5280 apparuit.
1350 5211 1470 5264 Alio
1504 5218 1750 5281 tempore
1785 5221 1940 5279 porta
1976 5211 2146 5271 urbis,
2179 5226 2300 5279 quae

2411 4662 2789 4713 ἐπεσπάσαντο
2842 4663 3246 4729 πανωλεθρέαν.
3306 4663 3470 4714 Ὅθεν
3526 4664 3712 4724 αὐτοῖς
3779 4661 3989 4730 φοϐερά

2411 4755 2612 4820 σημεῖα
2642 4754 2734 4804 καὶ
2765 4754 2970 4822 ἐναργῆ
3000 4754 3409 4816 ἐπεδείκνυντο,
3434 4753 3532 4822 τὴν
3568 4752 3868 4820 μέλλουσαν
3893 4769 3982 4802 κα-

2411 4843 2994 4912 ταλαμϐάνεινίαύτοὺς
3015 4843 3216 4895 ἅλωσιν
3240 4843 3644 4912 προμηνύοντα.
3676 4843 3764 4894 Ἐν
3795 4844 3902 4910 γὰρ
3923 4846 3988 4910 τῗ

2406 4935 2514 4987 τῶν
2532 4935 2780 5004 Ἀζύμων
2803 4937 2985 5005 ἐορτῇ,
3011 4937 3135 5006 περὶ
3161 4936 3308 5004 ὥραν
3327 4935 3368 4987 θ’
3393 4936 3489 5004 τῆς
3506 4936 3718 4998 νυκτὸς,
3742 4935 3990 4986 τοσοῦτοι.

2409 5031 2524 5096 φῶς
2556 5032 2646 5082 τον
2671 5030 2796 5081 ναὸν
2825 5029 3166 5097 περιέλαμψε
3203 5030 3297 5079 καὶ
3332 5029 3422 5079 τὸν
3465 5028 3648 5096 βωμὸν
3685 5029 3813 5096 περὶ
3840 5025 3991 5095 ὧραι

2412 5121 2538 5190 μίαν
2566 5123 2641 5184 ὡς
2697 5122 2870 5174 δοκεῖν
2917 5123 3132 5190 ἡμέραν
3189 5120 3466 5187 γενέσθαι.
3532 5121 3762 5171 Ἔπειτα
3809 5118 3990 5186 ἀστὴρ

2412 5212 2647 5283 ὕπερθεν
2685 5213 2782 5281 τῆς
2822 5211 3029 5274 πόλεως
3057 5212 3304 5282 ῥομφαία
3334 5211 3634 5280 παρόμοιος
3679 5210 3970 5261 ὡπτάνετο

1855 5345 2210 5401 XYLANDl-‘tl
2239 5348 2325 5402 ET
2357 5350 2568 5406 GOARI
2612 5350 2846 5405 NOTAE.

798 5443 909 5510 (47)
937 5441 1206 5494 Audacter
1241 5439 1622 5495 Constantium
1652 5439 1864 5510 restitui
1903 5454 2000 5507 pro
2021 5439 2294 5493 Constan-

723 5509 861 5574 tino,
898 5527 1019 5565 cum
1056 5520 1108 5560 et
1145 5510 1387 5564 Zonaras
1436 5525 1645 5563 mecum
1709 5509 1872 5562 faciat
1920 5510 1973 5560 in
2009 5510 2118 5560 vita
2151 5510 2298 5564 Con-

728 5581 933 5642 stantii,
991 5591 1043 5631 et
1097 5581 1440 5645 Nicephorus
1505 5596 1558 5642 χ,
1611 5579 1666 5642 9.,
1705 5580 1750 5632 si
1796 5578 2166 5633 Tlteodoritus
2213 5595 2292 5643 ιιι,

729 5651 818 5710 18,
852 5659 904 5702 et
949 5648 1311 5716 fragmentum
1345 5648 1596 5703 Dorolltei
1645 5650 1919 5718 martyris,
1955 5649 2099 5716 quod
2136 5648 2296 5704 Lucae

727 5719 1018 5786 Evangelio
1035 5719 1172 5771 solet
1189 5719 1410 5786 prtefigi.
1427 5733 1738 5788 quanquam
1761 5720 1811 5770 in
1829 5735 1892 5772 eo
1912 5734 2126 5787 quoque
2145 5719 2297 5770 Κων-

734 5789 1012 5858 σταντίνου
1046 5803 1142 5856 pro
1183 5788 1560 5858 Κωνσταντίου
1594 5786 1818 5858 Vvitiose
1869 5786 2067 5858 legitur
2134 5800 2188 5842 et
2253 5791 2296 5842 is

734 5856 878 5912 ﬁiius
905 5854 1076 5925 Magni
1102 5859 1436 5925 perhibetur.
1483 5854 1617 5911 Nam
1660 5854 2058 5914 Constantinus
2116 5859 2294 5918 hlastn

2399 5446 2544 5500 filius
2573 5444 2806 5499 celerius
2841 5454 2926 5497 est
2956 5442 3220 5496 sublatus
3254 5455 3417 5511 quam
3441 5450 3500 5495 ut
3546 5441 3721 5511 ipsius
3757 5443 3991 5506 imperio

2404 5516 2609 5584 aliquid
2644 5516 2840 5569 horum
2882 5514 2995 5584 fieri
3035 5516 3290 5584 potuerit.
3321 5510 3424 5565 Sed
3457 5522 3508 5564 et
3575 5514 3628 5565 in
3684 5512 3989 5584 Sophronii

2401 5581 2668 5654 scriptum
2731 5594 2815 5639 est
2845 5585 2911 5637 de
2968 5581 3027 5654 D.
3090 5581 3234 5635 Luca
3268 5584 3622 5654 fragmento,
3656 5583 3994 5654 annopCon-

2401 5651 2626 5710 stantini
2653 5656 2918 5722 vigesimo
2935 5653 3194 5721 reliquias
3231 5651 3577 5719 ejnstolim
3611 5667 3732 5706 esse
3764 5653 3992 5714 allatas;

2403 5729 2543 5793 quod
2582 5727 2901 5780 mendosum
2937 5739 3166 5794 prorsus
3199 5733 3282 5776 cst
3333 5732 3384 5775 et
3422 5738 3471 5773 ill
3533 5723 3752 5776 nomine
3812 5733 3865 5775 et
3923 5723 3986 5776 in

2402 5811 2570 5850 anno.
2601 5794 2730 5849 XvL.
