4248 6456
178 449 289 516 413

1290 462 1832 526 HISTORIARUM
1864 467 2394 534 COMPENDIUM.

3353 468 3465 532 414

185 557 417 616 ’Άλλοτε
451 566 484 634 ἡ
523 564 845 634 Ἀνατολικὴ
882 565 1021 634 πύλη
1055 564 1233 638 χαλκῆ
1280 570 1377 639 τῆς
1411 571 1640 634 πόλεως,
1673 589 1770 639 ση-
1808 573 1853 631 Α

1808 573 2033 642 Aporta
2091 576 2387 632 Orientalis
2433 577 2658 644 dicitur,
2698 592 2839 634 area
2893 593 2958 635 ac
3007 579 3229 636 ferratis
3275 579 3463 636 obdita

179 654 496 725 δηροδὲτοις
529 657 816 726 κλειομένη
849 658 1070 728 μοχλοῖς
1091 663 1184 713 καὶ
1224 663 1376 729 μόλις
1406 663 1511 715 ὑπὸ
1564 663 1776 733 ἀνδρῶν

180 747 223 797 λ’
252 748 610 816 ἀνοιγομένη,
639 747 794 818 ὤφθη
828 751 957 819 περὶ
997 749 1144 820 ὥραν
1170 760 1218 822 η’
1247 753 1345 822 τῆς
1369 755 1562 820 νυκτὸς
1597 755 1774 823 ἀνεῳα

183 839 389 909 «me-.11.
449 841 618 893 Πάλιν
682 841 977 912 ὠράθησαν
1028 844 1135 914 πρὸ
1181 845 1332 912 ἡλίου
1389 846 1599 908 δύσεως
1648 847 1779 898 ὡσεὶ

185 931 421 998 ἅρματα
454 931 707 1003 μετέωρα
753 933 847 985 καὶ
888 935 1233 1004 στρατόπεδα
1264 936 1371 989 ἑνιιτ⁴
1397 936 1463 989 δα
1518 939 1644 1007 περὶ
1689 937 1778 989 τὸν

185 1020 328 1088 άέρα
358 1020 713 1090 διατρέχοντα
743 1022 961 1085 καὶτὰς
1003 1025 1187 1087 πόλεις
1214 1027 1312 1093 τῆς
1367 1027 1626 1088 Ἰουδαίας
1677 1045 1778 1094 φο-

186 1109 369 1182 ϐερῶς
415 1114 909 1184 περιστοιχίζοντα.
943 1116 1058 1185 Πρὸ
1103 1117 1239 1170 ἑτῶν
1281 1118 1336 1170 δὲ
1368 1120 1648 1188 τεσσάρων
1681 1125 1779 1190 τῆς

187 1206 474 1268 ἁλώσεως,
511 1208 568 1258 ὲν
611 1211 676 1277 τῇ
733 1209 894 1280 ἑορτῇ
957 1212 1056 1279 τῆς
1109 1212 1518 1281 Σκηνοπηγίας,
1552 1213 1631 1265 ἑτι
1680 1215 1779 1282 τῆς

188 1297 403 1360 πόλεως
435 1300 847 1369 είρηνευούσης,
881 1301 1167 1372 ἄνθρωπός
1201 1320 1285 1363 τις
1314 1301 1522 1370 Ἰησοῦς
1553 1305 1780 1372 ὀνόματι

186 1385 453 1458 ἑξαίμνης
501 1391 560 1442 ἐν
593 1392 744 1461 μέσῳ
780 1392 874 1445 τοῦ
916 1391 1047 1444 λαοῦ
1102 1393 1386 1462 παρελθὼν
1424 1394 1551 1446 ἐϐόα
1573 1412 1585 1426 ’
1617 1394 1772 1464 Φωνὴ

185 1480 296 1531 ἀπὸ
352 1481 651 1545 ἀνατολῶν,
687 1483 839 1551 φωνή
883 1483 991 1535 ἀπὸ
1049 1483 1292 1551 δυσμῶν,
1331 1486 1482 1554 φωνὴ
1531 1485 1636 1537 ἀπὸ
1673 1485 1780 1536 τῶν

188 1572 481 1639 τεσσάρων
513 1573 756 1639 ἀνέμων,
785 1572 936 1642 φωνὴ
971 1573 1062 1624 ἐπὶ
1105 1573 1455 1643 Ἰεροσόλυμα
1483 1574 1577 1627 καὶ
1605 1577 1781 1626 πάντα

185 1663 276 1714 τον
326 1662 475 1714 λαόν.
540 1663 650 1716 Καὶ
685 1663 856 1717 ταῦτα
896 1664 988 1716 ἐπὶ
1022 1665 1245 1725 πολλαῖς
1300 1665 1538 1734 ἡμέραις
1561 1681 1784 1734 περιερ-

191 1751 426 1817 χόμενος
451 1751 582 1820 ὅλην
623 1753 720 1820 τὴν
768 1754 924 1806 πόλιν
983 1755 1282 1816 ἀνενδότως
1339 1755 1488 1809 ἐϐόα.
1539 1755 1630 1807 Διὸ
1685 1755 1781 1807 καί

189 1861 335 1904 τινες
371 1845 486 1894 τῶν
508 1844 759 1912 δημοτῶν
783 1848 1266 1917 ἀγανακτήσαντες
1318 1849 1571 1916 μάστιξιν
1620 1847 1780 1900 αὑτὸν

187 1935 461 2002 ᾐκίζοντο.
511 1933 570 1988 '0
615 1936 670 1989 δὲ
702 1940 836 2008 πρὸς
861 1939 1101 2010 ἑκάστην
1129 1941 1234 1991 τῶν
1257 1940 1482 2009 πληγῶν
1512 1939 1744 2010 ἔκραζεν
1765 1956 1779 1968 ·

190 2025 353 2090 Οὐαὶ,
385 2028 534 2091 οὐαὶ,
574 2027 696 2080 οὖα).
720 2032 832 2091 τοῖς
869 2030 1308 2100 Ἰεροσολύμοιςί
1346 2031 1483 2084 Κατ’
1519 2030 1688 2101 αὐτὴν
1725 2031 1780 2084 δὲ

187 2119 287 2184 τὴν
322 2118 525 2188 ἑορτὴν
585 2119 709 2189 βοῦς
763 2122 992 2191 ἀχθεῖσα
1041 2123 1178 2194 πρὸς
1237 2123 1429 2176 Θυσίαν
1465 2123 1782 2193 παραδόξως

189 2209 379 2261 ἔτεκεν
417 2210 560 2279 ἄρνα
597 2211 655 2263 ἑν
685 2211 836 2283 μέσῳ
865 2214 958 2266 τοῦ
999 2215 1176 2284 ίεροῦ·
1213 2215 1358 2285 ἣτις,
1387 2211 1559 2284 οἶμαι,
1594 2214 1781 2284 σαφῶς

189 2302 446 2369 ἐνέφαινε
474 2303 575 2373 τὴν
596 2307 966 2374 γενησομένην
990 2307 1175 2370 αὐτοῖς
1194 2307 1363 2375 ἄρδην
1383 2305 1780 2372 πανωλεθρίαν.

256 2392 384 2445 Τῶν
422 2391 518 2445 οὖν
560 2393 831 2446 Ἰουδαίων
855 2395 956 2462 τὴν
987 2394 1122 2464 πρὸς
1147 2397 1272 2456 τοὺς
1302 2394 1613 2463 Ῥωμαίους
1650 2394 1782 2445 ὑπο-

187 2485 360 2555 ταγὴν
375 2484 728 2554 ἠθετηκότων
746 2485 1032 2539 ἀπέστειλε
1055 2488 1248 2557 Νέρων
1263 2486 1673 2540 Οὐεσπασιανὸν
1691 2486 1783 2538 τὸν

190 2579 302 2629 υίὲν
348 2578 522 2630 αὑτοῦ
563 2581 658 2632 καὶ
719 2581 878 2633 Τίτον
935 2580 1027 2632 τὸν
1086 2580 1311 2648 ἔκγονον
1359 2579 1547 2641 αὑτοῦ,
1581 2581 1629 2632 οἳ
1691 2580 1784 2631 καὶ

189 2667 511 2735 ἐπόρθησαν
535 2669 726 2738 αὐτὴν,
763 2672 982 2723 πάντων
1018 2668 1129 2721 τῶν
1160 2670 1508 2744 Χριστιανῶν
1548 2668 1614 2721 δι’
1649 2672 1783 2722 ἀπο-

191 2759 490 2824 καλύψει-»ς
557 2761 709 2822 Θείας
762 2763 871 2814 τῶν
944 2761 1336 2833 Ἰεροσολύμων
1408 2761 1779 2826 ἐξελθόντων,

196 2852 362 2918 μόνον
398 2851 458 2903 δὲ
481 2850 591 2902 τῶν
642 2853 910 2906 Ἰουδαίων
937 2855 1000 2906 ὲκ
1037 2854 1220 2922 πάσης
1247 2853 1348 2923 τῆς
1396 2855 1580 2923 χώρας
1613 2855 1670 2904 ἐν
1714 2855 1782 2924 τῇ

191 2945 286 2997 τοῦ
320 2945 518 3014 Πάσχα
551 2946 712 3014 ἑορτῇ
744 2945 934 3014 ὥσπερ
991 2948 1048 2998 ἑν
1075 2945 1268 3016 εἱρκτῇ
1305 2948 1416 3007 τοῖς
1484 2943 1786 3014 Ἱεροσολύ-

195 3055 319 3105 μοις
353 3036 843 3102 συγκλεισθέντων,
880 3037 955 3099 ὼς
989 3039 1133 3104 ἀμξλ.
1172 3037 1270 3099 τὰς
1313 3037 1635 3106 τριακοσίας
1686 3052 1787 3105 μυ-

196 3129 391 3198 ριάδας
414 3128 476 3180 τὸ
508 3126 713 3196 πλῆθος
741 3126 1115 3198 ἀριθμεῖσθαι.
1141 3127 1250 3180 Καὶ
1273 3127 1475 3190 πάντες
1499 3127 1588 3180 τὸν
1607 3129 1782 3196 ἐπηρ-

189 3221 435 3290 τημένον
462 3220 648 3281 αὐτοῖς
677 3218 899 3289 ὄλεθρον
934 3219 1072 3287 προς
1100 3218 1236 3271 θεοῦ
1275 3219 1362 3272 διὰ
1407 3221 1507 3288 τὴν
1540 3223 1618 3282 είς
1647 3221 1783 3288 Χρι-

194 3314 323 3366 στὸν
340 3313 434 3365 τὸν
458 3312 592 3363 Θεὸν
611 3310 768 3380 ήμῶν
784 3310 1150 3380 τολμηθεῖσαν
1167 3311 1350 3373 αὐτοῖς
1371 3311 1669 3380 θεομαχίαν
1691 3311 1786 3362 καὶ

197 3405 517 3475 μιαιφονίαν
551 3403 774 3465 ἐνδίκως
804 3403 1186 3467 κατεδέξαντο.
1221 3404 1636 3464 Οὐεσπασιανὸς
1679 3403 1786 3473 γάρ

192 3501 250 3551 ἐν
282 3499 349 3564 τῇ
383 3495 720 3565 Παλαιστίνῃ
760 3495 900 3564 μετὰ
932 3495 1160 3550 θάνατον
1196 3495 1448 3562 Νέρωνος
1490 3498 1788 3565 ἀναγορευ-

194 3591 308 3650 θεὶς
343 3588 600 3657 βασιλεὺς
620 3586 725 3638 ὑπὸ
759 3585 853 3638 τοῦ
884 3587 1116 3655 στρατοῦ
1144 3587 1281 3655 πρὸς
1303 3586 1522 3654 Ῥώμην
1553 3586 1784 3654 ἀπῆλθε,

193 3683 354 3731 Ἰἶτον
385 3679 481 3729 τὸν
517 3679 630 3729 υἱὸν
654 3677 819 3729 αὐτοῦ
843 3679 1174 3747 καταλείψας
1208 3681 1411 3733 ἐκεῖσε.
1441 3677 1528 3750 [Ρ.
1553 3677 1686 3749 2H]
1729 3680 1786 3732 '0

193 3773 250 3823 δὲ
288 3769 573 3829 ἑλεπόλεις
619 3769 714 3820 καὶ
756 3769 998 3838 πύργους
1042 3769 1341 3831 παντοίους
1386 3772 1787 3839 τεκτηνάμενος

195 3862 362 3929 ῑιχῶς
387 3862 457 3913 τά
481 3862 637 3928 τείχη
683 3860 1072 3930 Ἰεροσολύμων
1102 3861 1490 3931 κατεπολέμει.
1537 3862 1787 3925 Ἐξελαύ-

194 3974 276 4006 νει
307 3954 445 4021 γοῦν
483 3951 577 4004 τοῦ
618 3951 725 4016 ἔξω
773 3953 983 4023 τείχους
1015 3955 1140 4016 τοὺς
1192 3953 1504 4016 Ἰουδαίους.
1540 3955 1684 4023 Πρὸς
1730 3955 1787 4006 δὲ

195 4049 255 4099 τδ
307 4046 568 4115 δεύτερον
600 4047 1021 4114 καταφυγόντας
1052 4047 1308 4099 κάκεῖθεν
1346 4046 1554 4116 σφόδρα
1587 4047 1786 4114 βιαίοις

197 4139 463 4205 πολέμοις
520 4139 842 4204 ἀναγκάσας
881 4138 975 4191 ἐπὶ
1022 4137 1084 4189 τὸ
1143 4139 1418 4208 ἐνδότερον
1468 4140 1564 4190 καὶ
1605 4139 1790 4207 τρίτον

196 4230 428 4280 summa:
470 4230 694 4296 χωρεῖν,
727 4229 862 4280 ὅπου
893 4229 990 4280 καὶ
1023 4231 1296 4298 καρτερᾶς
1333 4229 1607 4299 διαμάχης
1633 4247 1788 4295 γενο-

201 4323 374 4389 μένης
451 4320 511 4385 ἑξ
577 4321 849 4389 ἑκατέρας
914 4321 1279 4390 παρατάξεως
1349 4321 1598 4372 πλεῖστοι
1673 4323 1787 4372 ὅσοι

197 4412 532 4482 άνῃροῖιντο.
570 4412 747 4480 Λιμοῦ
776 4413 832 4465 δὲ
865 4412 985 4464 τότε
1018 4411 1118 4481 τὴν
1148 4413 1304 4464 πόλιν
1359 4414 1637 4482 ἀφορήτου
1692 4431 1791 4464 κας

197 4503 631 4572 τακρατοῦντος,
657 4499 726 4573 ἧν
761 4504 891 4556 ίδεῖν
923 4503 1101 4571 πολλῷ
1144 4503 1313 4574 χείρω
1353 4505 1461 4555 τῶν
1512 4504 1788 4571 πολεμίων

1883 669 2150 729 vectibus.
2190 679 2238 724 et
2273 685 2438 739 quam
2468 685 2609 739 aegre
2643 669 2862 740 triginta
2904 670 3003 724 viri
3034 681 3254 738 possent
3282 672 3465 739 aperi-

1881 773 1961 821 re,
2010 759 2158 812 circa
2214 772 2460 815 octavam
2511 762 2688 816 noctis
2735 761 2926 816 horam
2958 763 3074 818 visa
3120 775 3205 819 est
3237 762 3461 832 aperiri.

1879 849 2095 904 Rursus
2157 861 2282 906 ante
2345 852 2480 906 solis
2505 866 2762 906 occasum
2823 853 2922 906 visi
2983 863 3113 908 sunt
3162 855 3216 907 in
3243 851 3464 908 sublimi

1881 958 2081 996 currus
2114 951 2168 995 et
2199 945 2471 1001 exercitus
2494 944 2688 996 armati
2722 959 2819 1012 per
2849 959 3028 999 aerem
3059 942 3225 1015 374
3245 944 3464 997 discur-

1881 1043 2064 1086 rentes
2093 1041 2259 1102 atque
2288 1035 2517 1090 urbibus
2541 1032 2743 1088 Iudaeae
2772 1035 3091 1088 terribiliter
3117 1033 3461 1088 circumfusi.

1881 1121 2130 1188 Quatuor
2171 1123 2334 1176 etiam
2366 1132 2492 1177 ante
2518 1122 2794 1178 excidium
2825 1124 3006 1184 annis,
3035 1123 3175 1177 festo
3204 1123 3464 1176 taberna-

1883 1214 2127 1268 culorum
2155 1215 2262 1272 die.
2300 1215 2435 1268 urbe
2479 1215 2656 1268 adhuc
2697 1223 2911 1284 pacata,
2953 1216 3037 1267 Vir
3057 1215 3275 1283 quidam
3303 1210 3466 1267 Jesus

1884 1305 2106 1358 nomine
2142 1305 2327 1359 subito
2354 1305 2405 1358 in
2438 1305 2673 1358 medium
2697 1305 2879 1375 pepuli
2909 1319 3230 1375 progreSsus
3258 1303 3467 1358 clama-

1883 1396 1979 1448 vit.
2011 1393 2124 1448 Vox
2157 1397 2226 1450 ab
2265 1409 2388 1450 ortu
2427 1396 2579 1459 Solis,
2606 1412 2706 1450 vox
2748 1398 2815 1450 ab
2846 1413 3067 1460 occasu,
3117 1410 3219 1448 vox
3251 1409 3280 1446 a
3325 1409 3466 1463 qiua-

1884 1496 2008 1539 tuor
2042 1485 2231 1538 muiidi
2258 1486 2612 1548 cardinibus,
2648 1502 2750 1539 vox
2783 1487 3048 1540 adversus
3089 1483 3467 1551 Hierosolyma

1885 1586 1940 1632 et
1990 1586 2157 1630 totam
2197 1585 2431 1648 gentem.
2471 1578 2598 1633 llaec
2629 1579 2717 1632 ille
2758 1594 2852 1647 per
2886 1579 3092 1643 aliquot
3123 1577 3261 1638 dies,
3295 1582 3465 1628 totam

1883 1669 2214 1723 circumiens
2233 1669 2444 1733 urbem,
2468 1671 2586 1722 sine
2611 1670 3018 1723 intermissione
3038 1665 3466 1721 vociferabatur.

1884 1760 2038 1826 Quod
2063 1761 2280 1830 quidam
2307 1761 2374 1814 de
2398 1762 2598 1830 populo
2625 1761 2844 1829 indigne
2865 1760 3103 1814 ferentes
3126 1758 3312 1827 ﬂagris
3342 1771 3468 1811 eum

1885 1853 2226 1916 ceciderunt,
2248 1853 2311 1906 ad
2335 1853 2581 1923 singulos
2611 1853 2750 1907 ictus
2798 1851 3194 1906 exclamautem
3228 1848 3340 1911 Vae,
3366 1861 3468 1911 vae,

1885 1959 1965 1999 vae
2014 1945 2423 2015 Hierosolyime.
2463 1943 2661 1997 Eadem
2693 1943 2989 1997 festivitate
3035 1943 3133 1996 bos
3162 1941 3227 1996 ad
3254 1937 3469 1996 sacriﬁ-

1884 2037 2030 2092 cium
2053 2037 2289 2092 adducta
2324 2052 2523 2107 agnum
2547 2048 2704 2107 partu
2732 2035 2902 2090 edidit
2933 2036 2985 2089 in
3019 2032 3199 2087 medio
3228 2031 3466 2100 templo;

1886 2145 1996 2200 quo
2048 2129 2267 2199 quidem
2300 2127 2573 2199 prodigio,
2629 2127 2682 2180 ni
2726 2126 2902 2190 fallor,
2954 2124 3201 2180 funditus
3240 2122 3470 2177 exitium

1883 2221 2089 2278 Judzeis
2121 2231 2307 2292 aperte
2347 2220 2450 2274 fuit
2478 2227 2978 2291 praemunstratum.

1953 2397 2088 2451 Cum
2118 2411 2248 2466 ergo
2296 2395 2469 2451 Judaei
2527 2411 2556 2449 a
2602 2395 2867 2450 Romanis
2923 2396 3274 2459 defecissent.
3317 2396 3471 2452 misit

1885 2489 2027 2542 Nero
2065 2486 2460 2556 Vespasianum
2498 2487 2666 2542 filium
2705 2498 2762 2542 et
2807 2487 3011 2556 Titum,
3037 2489 3130 2558 qui
3169 2488 3472 2562 Hierosoly-

1885 2593 2028 2633 mam
2051 2579 2456 2634 exscinderent.
2498 2579 2686 2634 Divina
2719 2589 2832 2633 tum
2890 2578 3250 2647 patefactione
3283 2578 3472 2632 admo—

1885 2671 1982 2724 niti
2011 2671 2312 2725 Christiani
2368 2671 2608 2725 universi
2659 2669 3050 2740 llierosolymis
3098 2675 3470 2731 excesserant,

1885 2764 2098 2830 solique
2135 2762 2307 2816 Judaei
2350 2762 2402 2814 in
2427 2763 2560 2817 urbe
2593 2774 2773 2828 erant,
2814 2765 2880 2815 ad
2912 2762 3196 2818 Paschalis
3227 2762 3472 2816 solemne

1891 2852 2220 2906 sacrificium
2239 2843 2427 2906 extota
2448 2851 2636 2906 Judaea
2653 2869 2717 2908 eo
2736 2853 2991 2923 profecti,
3016 2853 3470 2922 ibiquetanquam

1885 2945 1940 2998 in
1969 2959 2192 2998 carcere
2215 2944 2432 2998 inclusi.
2464 2943 2830 3000 Multitudinis
2864 2960 3126 2999 numerus
3148 2943 3251 2997 fuit
3279 2942 3349 2998 ad
3389 2948 3474 2998 ιον

1886 3037 2106 3090 millena
2128 3036 2294 3089 millia
2319 3054 2333 3099 ;
2353 3037 2445 3105 qui
2477 3051 2666 3091 omnes
2688 3037 2870 3090 divina
2899 3036 3138 3090 vindicta
3157 3033 3472 3089 rebellionis

1887 3145 2000 3184 suaa
2031 3136 2222 3182 contra
2249 3129 2528 3183 Christum
2552 3129 2842 3181 Duminum
2895 3136 3170 3189 nostrum,
3201 3126 3475 3193 cedisque

1889 3219 1944 3273 in
1963 3234 2087 3273 eum
2115 3227 2354 3284 statutae,
2388 3219 2556 3273 exitio
2577 3234 2678 3273 suo
2709 3234 2898 3287 pmuas
2925 3217 3214 3272 dederunt.
3255 3214 3470 3270 Etenim

1892 3308 2259 3378 Vespasianus
2287 3311 2340 3363 in
2382 3309 2666 3364 Palaestina
2699 3309 2923 3380 degens,
2974 3325 3002 3362 a
3042 3316 3214 3363 morte
3237 3304 3473 3361 Neronis

1891 3400 2188 3469 imperator
2215 3401 2281 3452 ab
2330 3403 2573 3454 exercitu
2610 3409 2832 3454 creatus
2885 3399 3112 3453 Romam
3165 3396 3320 3459 abiit,
3349 3393 3474 3448 Tito

1893 3489 2004 3543 ﬁlio
2023 3488 2183 3559 3'75
2204 3504 2304 3542 suo
2337 3490 2408 3542 ibi
2447 3490 2657 3543 relicto.
2685 3490 2735 3543 Is
2763 3489 3045 3544 machinas
3066 3487 3132 3541 ad
3150 3499 3474 3555 oppugnan-

1891 3581 2021 3634 dum
2058 3593 2213 3650 aptas
2229 3581 2527 3650 omnisque
2560 3582 2775 3650 generis
2823 3589 3004 3635 turres
3043 3579 3359 3638 fabricatus,
3392 3575 3476 3629 bi-

1890 3673 2088 3727 fariam
2115 3688 2300 3726 muros
2323 3671 2824 3743 Hierosolymorum
2848 3673 3202 3741 oppugnavit,
3229 3669 3474 3724 Judaaos-

1891 3779 1997 3834 que
2025 3763 2470 3833 murojexteriore
2504 3766 2731 3816 abactos
2761 3762 2826 3816 ad
2861 3762 3163 3817 secundum
3186 3761 3470 3829 compulit.

1889 3854 2025 3912 Inde
2060 3872 2276 3926 quoque
2324 3856 2537 3925 magnis
2573 3855 2971 3910 certaminibus
3013 3848 3204 3908 eos'ad
3251 3853 3472 3906 tertium

1890 3948 2102 4012 redegit
2142 3963 2358 4001 murum
2393 3965 2410 4014 ;
2439 3947 2533 4000 ubi
2560 3946 2672 4001 acri
2723 3946 3012 3999 commissa
3044 3958 3225 4014 pugna
3256 3940 3474 4011 plurimi

1891 4041 1963 4094 ab
2010 4048 2244 4108 utraque
2285 4048 2438 4108 parte
2467 4039 2867 4092 occubuerunt.
2911 4036 3132 4090 Interim
3179 4048 3304 4088 cum
3343 4031 3475 4086 urbs

1892 4133 2222 4186 intolerabili
2255 4131 2396 4185 fame
2429 4128 2856 4193 conflictaretur,
2886 4127 3120 4184 vidisses
3137 4127 3294 4197 longe
3327 4132 3476 4177 atro-

1893 4225 2042 4278 ciora
2102 4223 2251 4276 intus
2313 4237 2342 4274 a
2377 4222 2690 4290 raptoribus
2740 4237 2902 4290 quam
2942 4220 3079 4274 foris
3113 4219 3182 4273 ab
3226 4215 3476 4271 hostibus

1889 4313 2085 4367 damna
2117 4311 2256 4364 dari.
2292 4311 2425 4364 Nam
2457 4311 2627 4366 sicubi
2659 4310 2883 4378 januam
2914 4307 3473 4369 viderentocclusam,

1889 4419 1952 4456 ea
1989 4403 2212 4456 eﬂ‘racta
2241 4401 2618 4470 irrumpebaut
2647 4402 2913 4469 bolosque
2946 4416 3012 4454 ex
3040 4399 3174 4467 ipsis
3215 4397 3475 4450 faucibus

1890 4493 2170 4548 hominum
2199 4492 2528 4561 eripiebant.
2563 4492 2862 4561 Propterea
2894 4500 2945 4545 et
2962 4505 3121 4544 senes
3149 4487 3477 4557 torquebant

201 4595 333 4656 τοὺς
357 4594 506 4646 ἔνδον
540 4595 786 4662 δρῶντας
817 4595 1181 4656 στασιαστάς·
1227 4594 1280 4646 εἴ
1317 4611 1418 4646 που
1449 4597 1558 4664 γὰρ
1601 4593 1772 4664 θύραν
1812 4599 1865 4658 D

1812 4599 1865 4658 1)
1894 4596 1948 4640 et
1983 4587 2241 4639 mulieres
2275 4583 2556 4637 laniabant
2590 4592 2645 4638 et
2681 4582 2924 4637 infantes
2964 4590 3123 4635 terra!
3155 4579 3473 4643 allidebant,

202 4682 344 4738 εἶδον
378 4686 806 4752 κεκλεισμένην,
834 4686 1220 4747 κατακλῶντες
1263 4687 1566 4754 είσεπήδων
1600 4689 1694 4738 καὶ
1723 4688 1788 4739 ἑκ

198 4778 309 4828 τῶν
347 4776 650 4846 φαρύγγων
683 4776 1050 4845 διηρπάζοντο
1081 4776 1170 4828 τὸν
1214 4776 1425 4845 ψωμόν.
1463 4778 1668 4829 Τούτου
1728 4779 1793 4850 δὴ

199 4871 365 4920 ἕνεκα
399 4867 499 4919 καὶ
521 4868 781 4934 γέροντας
807 4867 1132 4929 ἐϐασάνιζον
1165 4869 1259 4921 καὶ
1297 4868 1496 4934 γύναια
1520 4872 1794 4939 ἐσπάρατ-

199 4976 292 5012 τον
331 4960 427 5010 καὶ
471 4959 644 5026 νήπια
685 4959 931 5026 ἠρασσον
978 4961 1060 5022 είς
1119 4960 1242 5028 γῆν.
1291 4961 1533 5031 Ὀρόὸοις
1576 4963 1632 5016 δὲ
1669 4965 1794 5026 τοὺς

203 5052 408 5117 πόρους
476 5048 587 5099 τῶν
639 5047 857 5100 αἰδοίων
907 5048 1315 5117 ἐμφράττοντες
1347 5088 1360 5111 ,
1421 5050 1517 5102 καὶ
1578 5050 1795 5120 ράδδοις

201 5141 407 5204 οξείαις
432 5139 534 5199 τὰς
564 5138 726 5207 ἕδρας
755 5133 865 5190 τῶν
902 5139 1102 5192 ἀθλίων
1140 5140 1588 5209 διαπερονῶντες,
1623 5141 1795 5204 οὓτως

202 5231 523 5301 ὴνάγκαζον
554 5229 732 5299 δράκα
768 5231 897 5300 μίαν
916 5231 1144 5300 ἀλφίτου
1179 5233 1416 5302 μηνῦσαι
1471 5234 1794 5303 κεκρυμμέ-

200 5341 320 5391 νην.
375 5323 491 5374 Καὶ
543 5321 740 5389 χόρτου
815 5322 912 5391 μὲν
970 5321 1344 5392 σπαράγματα
1400 5324 1742 5392 διεμασῶντο
1777 5365 1796 5389 ,,

208 5413 451 5483 μητέρες
485 5411 544 5464 δὲ
583 5412 693 5464 τῶν
725 5412 937 5483 νηπίων
971 5417 1092 5476 ταῖς
1111 5415 1320 5466 ἑαυτῶν
1348 5416 1507 5484 χερσὶ
1534 5415 1613 5484 τῷ
1653 5415 1794 5484 λιμῷ

209 5505 639 5576 μαραινομένων
670 5505 1140 5577 ὑπερεώρων,καὶ
1172 5507 1281 5560 τῶν
1315 5507 1420 5577 πρὸ
1464 5507 1573 5560 τῶν
1597 5507 1796 5571 ὀφθαλ-

209 5603 327 5671 μῶν
363 5601 550 5654 αὐτῶν
589 5599 936 5668 θνησκόντων
978 5601 1074 5654 καὶ
1103 5603 1166 5670 τῇ
1201 5601 1377 5671 ἐνδείᾳ
1430 5600 1794 5670 καταφθειρο-

213 5694 386 5762 μένωι
419 5693 869 5762 παρελογίζοντο.
912 5694 1070 5746 Πᾶσα
1100 5693 1154 5745 δὲ
1205 5694 1349 5746 οἰκία
1404 5693 1610 5762 νεκρῶν
1664 5693 1796 5759 πλη-

211 5785 450 5852 ρουμένη
478 5785 572 5836 καὶ
613 5784 883 5847 ἑπόζουσα
934 5783 1201 5853 ἀργαλέον
1272 5783 1544 5853 ἐνέσκηψε
1576 5783 1793 5852 λοιμόν.

208 5875 316 5927 λιιί
345 5875 566 5938 πλείους
602 5877 630 5926 ό
660 5874 814 5944 λιμδς
845 5876 874 5944 ἢ
917 5879 945 5928 ό
988 5875 1223 5944 πόλεμος
1268 5877 1543 5929 ἀνάλωσε·
1577 5877 1629 5927 τί
1687 5874 1796 5947 γὰρ

1896 4687 2110 4732 meatus
2164 4675 2542 4745 pudendorum
2605 4675 2742 4743 pisis
2791 4673 3162 4735 obturabant,
3231 4682 3475 4736 anosque

1895 4772 2221 4824 miserorum
2251 4769 2427 4822 acutis
2451 4768 2619 4836 virgis
2652 4767 3032 4837 penetrabant,
3075 4765 3152 4818 uti
3183 4779 3280 4819 eos
3309 4777 3473 4832 coge-

1895 4871 2017 4917 rent
2048 4864 2309 4931 pugillum
2346 4876 2512 4913 unum
2562 4859 2753 4913 farinae,
2789 4859 3171 4913 absconditum
3205 4857 3472 4910 indicare.

1895 4953 2367 5007 Manducabantur
2415 4952 2601 5006 herbae
2630 4952 2833 5005 evulsa:
2865 4967 2880 5014 ;
2908 4958 2964 5003 et
2999 4956 3203 5002 matres
3233 4962 3362 5001 suos
3388 4948 3460 5000 in-

1897 5045 2074 5097 fantes
2107 5041 2253 5095 inter
2297 5042 2542 5110 ipsarum
2577 5055 2771 5093 manus
2812 5038 2952 5091 fame
2998 5037 3345 5091 tabescentes
3375 5050 3475 5089 ne-

1895 5135 2193 5206 gligehant,
2243 5133 2495 5202 fameque
2549 5141 2675 5186 ante
2717 5131 2908 5186 oculos
2953 5145 3096 5185 suos-
3125 5128 3473 5182 morientium

1900 5229 2105 5282 nullam
2140 5227 2413 5282 ducebant
2435 5227 2725 5280 rationem.
2757 5225 2930 5279 Porro
2973 5234 3151 5276 autem
3182 5221 3470 5282 cadavera,

1894 5321 2096 5390 quibus
2147 5335 2338 5373 omnes
2382 5327 2541 5372 erant
2590 5318 2787 5373 domus
2826 5318 3077 5386 oppletae,
3121 5314 3294 5368 fetore
3327 5311 3474 5366 edito

1896 5429 2113 5483 gravem
2143 5412 2521 5466 excitaverunt
2543 5419 2772 5480 pestem,
2804 5423 2909 5479 qua
2929 5408 3111 5477 plures
3141 5419 3309 5475 quam
3333 5402 3474 5458 bello

1898 5506 2200 5574 perierunt.
2237 5503 2379 5569 Quid
2420 5505 2562 5557 enim
2610 5518 2713 5555 non
2748 5501 2855 5555 fuit
2885 5501 3235 5568 absumptum
3267 5494 3476 5548 ?Tunc

1898 5600 2059 5652 etiam
2096 5597 2291 5650 mulier
2330 5597 2577 5666 quaedam
2609 5594 2810 5649 nobilis
2834 5600 2997 5663 atque
3027 5593 3201 5655 dives,
3252 5587 3474 5643 nomine

1903 5689 2089 5752 Maria,
2119 5704 2240 5759 qua:
2274 5704 2336 5742 ex
2365 5701 2493 5756 agro
2519 5685 2572 5739 in
2604 5685 2792 5739 urbem
2828 5683 3168 5752 confugerat,
3200 5695 3323 5735 cum
3355 5691 3474 5731 om-

1900 5781 2063 5836 nibus
2095 5782 2210 5834 suis
2260 5778 2613 5834 facultatibus
2663 5784 2810 5832 esset
2855 5791 2885 5829 a
2922 5773 3186 5828 militibus
3215 5767 3470 5840 spoliata,

1902 5877 2162 5928 infantem
2188 5885 2347 5941 quem
2385 5870 2563 5925 adhuc
2595 5869 2735 5924 lacte
2765 5882 2865 5923 suo
2887 5863 3162 5922 nutriebat
3187 5857 3465 5915 mactavit:
