4248 6456
736 407 842 470 415

2027 394 2349 456 GEORGII
2390 392 2726 454 CEDRENI

3893 386 4006 450 416

745 520 1023 590 assatiqtte
1049 519 1332 574 dimidium
1355 516 1585 580 voravit,
1612 515 1821 584 reliquo
1842 512 1906 568 ad
1931 512 2090 566 aliam
2118 524 2330 566 cumam
2362 519 2407 572 Α

2362 519 2407 572 Α
2439 508 2776 580 παρελείφθη
2806 508 2881 578 μὴ
2917 506 3160 577 βρωθέν;
3193 507 3325 559 Τότε
3371 505 3464 560 καὶ
3492 504 3627 576 γυνή
3670 522 3753 568 τις
3783 505 4016 576 εὐγενὴς

743 622 978 668 servato.
1016 612 1180 682 376
1216 611 1321 665 Sed
1354 610 1555 664 milites
1590 607 1785 662 nidore
1813 616 2073 677 percepto
2103 603 2325 658 domum

741 705 1079 772 irruperunt,
1133 709 1477 770 inm-temque
1515 698 1730 754 mulieri
1792 696 1979 751 minati
2037 705 2167 750 sunt
2223 692 2324 748 nisi

748 796 929 848 cibum
963 795 1317 848 ostendisset.
1359 793 1494 845 Tum
1525 793 1616 846 illa
1658 790 1904 860 reliquiis
1947 787 2162 858 pueruli
2207 801 2330 854 pro-

741 887 865 941 latis
895 903 909 940 :
935 884 1082 950 Haec,
1115 889 1314 954 inquit,
1343 885 1471 938 olim
1512 900 1629 938 mea
1683 883 1784 936 fuit
1829 881 2062 952 genuina
2120 879 2324 948 proles,

747 991 896 1028 nunc
950 976 1292 1029 miserrimus
1343 976 1522 1029 cibus.
1554 973 1709 1027 Edite
1752 983 1805 1026 et
1839 988 1934 1026 vos
1981 988 1994 1023 :
2052 985 2175 1024 nam
2210 970 2324 1037 ipsa

743 1081 967 1135 qttoque
1009 1067 1117 1131 mli,
1157 1083 1332 1136 neque
1377 1078 1490 1121 este
1527 1080 1612 1118 me
1643 1065 1908 1135 genitrice
1953 1060 2323 1116 humaniores.

743 1158 838 1213 Sin
870 1160 1221 1224 aversamini,
1276 1160 1405 1212 mihi
1465 1159 1736 1228 reliquum
1785 1156 2065 1211 dimittite.
2110 1153 2207 1208 His
2250 1153 2325 1206 illi

745 1251 876 1308 visis
910 1263 1072 1320 atque
1109 1253 1310 1306 auditis
1343 1253 1658 1321 plangentes
1687 1267 1838 1304 suam
1874 1251 2105 1318 quisque
2133 1247 2322 1300 faciem

745 1349 800 1396 et
841 1344 1182 1396 tremebttndi
1231 1346 1504 1394 exierunt.
1544 1343 1634 1396 Sic
1667 1341 1869 1400 infans,
1912 1355 1975 1392 ex
2021 1353 2130 1406 quo
2179 1342 2326 1389 recte

745 1432 979 1486 eductus
1009 1431 1186 1485 fuerat
1223 1442 1432 1495 ventre,
1468 1435 1519 1484 itt
1547 1432 1800 1486 eumdem
1837 1447 1930 1500 per
1955 1427 2107 1482 nefas
2145 1426 2324 1480 rediit.

743 1521 901 1573 Aliud
941 1536 1106 1589 porro
1137 1523 1228 1575 ira:
1261 1521 1350 1573 Dei
1376 1520 1579 1576 Juda-is
1605 1521 1816 1575 infestae
1845 1521 2058 1590 signum
2097 1531 2329 1570 comme-

751 1624 1021 1668 moratur.
1081 1615 1215 1668 Cum
1267 1615 1410 1666 enim
1463 1615 1530 1668 ad
1588 1630 1777 1668 muros
1806 1627 2018 1667 summa
2053 1610 2101 1662 vi
2133 1622 2328 1662 manus

746 1717 1188 1766 consererentnr,
1246 1706 1428 1758 subito
1467 1707 1608 1758 venti
1657 1706 1816 1758 turbo
1872 1705 2014 1758 inter
2065 1705 2325 1756 adversas

744 1796 891 1849 acies
943 1795 1156 1858 incidit,
1196 1797 1287 1864 qui
1335 1813 1364 1847 a
1421 1796 1681 1849 Romanis
1715 1794 1884 1848 missa
1939 1793 2047 1845 tela
2093 1799 2240 1843 recta
2270 1790 2322 1841 in

2431 605 2524 655 καὶ
2550 600 2801 663 πλουσία,
2843 599 3082 668 τοῦνομα
3105 598 3315 670 Μαρία,
3347 600 3409 651 ὲκ
3440 599 3537 665 τῆς
3553 597 3736 668 χώρας
3759 616 4018 666 καταφυ-

2429 694 2601 762 γοῦσα
2634 693 2768 764 πρὸς
2795 692 2892 762 τὴν
2927 691 3104 756 πόλιν,
3134 691 3319 762 ἐπειδὴ
3348 693 3527 744 πᾶσαν
3560 691 3729 759 αὐτῆς
3760 690 3862 743 ὑπὸ
3895 691 4017 742 τῶν

2431 785 2768 840 στασιαστῶν
2823 783 3074 857 ἀφῃρέθη
3124 784 3222 854 τὴν
3299 783 3657 854 περιουσίαν,
3710 783 4019 853 ὑπομάζιον

2430 877 2623 947 ἔχουσα
2667 877 2859 931 τέκνον
2920 876 3081 928 τοῦτο
3123 875 3388 929 καταθύει
3419 891 3431 903 ·
3484 876 3575 929 καὶ
3614 876 3899 944 ὀπτήσασα
3953 876 4018 928 τὸ

2427 971 2600 1038 ἥμισυ
2640 969 2736 1039 μὲν
2766 969 2962 1037 ἔφαγε,
2993 968 3053 1020 τὸ
3091 968 3262 1037 ἥμισυ
3287 967 3341 1021 δὲ
3391 968 3763 1037 καταλείψασα
3796 969 4012 1038 ἐτήρει.

2429 1057 2575 1107 Οίδὲ
2613 1057 2710 1124 τῆς
2772 1057 3001 1127 κνίσσης
3062 1054 3378 1126 αἰσθόμενοι
3430 1058 3522 1109 καὶ
3579 1058 4019 1125 εἰσπηδήσαντες

2429 1149 2636 1201 ἀνελεῖν
2667 1147 2944 1217 ἠπείλουν,
2978 1149 3023 1200 εί
3053 1148 3125 1218 μὴ
3181 1148 3473 1212 ἐπιδείξειε
3510 1149 3572 1200 τὸ
3616 1151 3803 1219 μέρος.
3847 1150 3908 1203 Ἡ
3959 1151 4020 1205 δὲ

2428 1240 2521 1292 τοῦ
2542 1241 2823 1310 παιδαρίου
2839 1240 2907 1291 τά
2919 1241 3146 1308 λείψανα
3166 1241 3578 1311 προαγαγοῦσα,
3595 1242 3785 1307 Τοῦτο,
3807 1242 3934 1310 ἔφη,
3957 1244 4023 1294 τὸ

2430 1334 2561 1400 ἐμόν
2593 1350 2723 1384 ποτε
2749 1332 2970 1400 γνήσιον
3000 1331 3210 1396 τέκνον,
3243 1333 3340 1385 νῦν
3368 1333 3424 1384 δὲ
3466 1333 3780 1397 πανάθλιον,
3810 1335 4020 1400 φάγετε

2432 1424 2524 1476 καὶ
2553 1424 2728 1492 ὑμεῖς,
2771 1425 2851 1476 ὅτι
2886 1423 3043 1491 κάγὼ
3077 1424 3352 1495 βέϐρωκα,
3385 1427 3479 1478 καὶ
3513 1427 3586 1496 μὴ
3612 1426 3840 1496 γένησθε
3880 1426 4021 1495 ἐμοῦ

2428 1517 2526 1582 τῆς
2561 1515 2694 1566 αὐτὸ
2737 1515 3155 1585 γεννησαμένης
3186 1515 3631 1585 συμπαθέστεροι
3661 1532 3674 1545 ·
3707 1520 3753 1568 εἰ
3793 1517 3846 1568 δὲ
3877 1519 4020 1569 ἁπο-

2432 1606 2751 1674 στρέτρεσθε,
2777 1607 2834 1657 τὺ
2864 1605 3053 1658 λοιπὸν
3085 1607 3207 1676 ἐμοὶ
3235 1606 3625 1675 καταλείψατε.
3668 1609 3732 1659 Οἱ
3758 1609 3810 1660 δὲ
3842 1608 4023 1670 οὕτως

2435 1700 2632 1761 ἰδόντες
2661 1699 2755 1751 καὶ
2784 1698 3138 1762 ἀκούσαντες,
3176 1701 3275 1761 τάς
3325 1699 3508 1752 αὐτῶν
3533 1700 3686 1768 ὄψεις
3721 1700 4020 1767 τυψαντες,

2429 1789 2722 1858 τρέμοντες
2755 1787 2999 1857 ἐξῆλθον.
3030 1786 3186 1839 Οὖτω
3215 1787 3275 1839 τὸ
3308 1787 3489 1850 καλῶς
3522 1790 3586 1840 ἐκ
3621 1789 3827 1850 κοιλίας
3853 1787 4018 1852 ἐξῐλο

744 1887 965 1944 Judaws
1007 1890 1287 1958 dirigeret,
1339 1887 1646 1940 Judarorum
1696 1896 1880 1940 autem
1941 1886 2046 1938 tela
2108 1884 2327 1951 obliqua
2358 1865 2402 1922 Β

2358 1865 2402 1922 Β
2432 1883 2522 1935 θον
2549 1882 2746 1954 βρέφος
2778 1883 2858 1944 εἰς
2899 1881 2997 1951 τὴν
3029 1882 3199 1953 αὐτὴν
3258 1883 3418 1936 πάλιν
3480 1883 3669 1946 κακῶς
3697 1884 4022 1954 ὑπέστρεψε

747 1991 1017 2036 averteret
1057 2001 1068 2034 :
1103 1983 1285 2051 itaque
1321 1980 1546 2034 Romani
1579 1980 1816 2034 hostium
1863 1979 2048 2032 oculos
2083 1977 2329 2030 videntes

749 2077 966 2129 turbine
1020 2075 1337 2144 perstringi,
1371 2073 1513 2135 clam
1564 2073 1631 2128 iis
1672 2073 1726 2126 itt
1770 2086 1987 2126 taurum
2034 2075 2332 2125 evaserunt

753 2184 1119 2239 magnamque
1154 2179 1387 2236 stragem
1424 2166 1738 2220 ediderunt.

743 2259 850 2313 τῶν
883 2261 975 2313 δύο
1005 2260 1186 2330 μερῶν
1238 2258 1672 2328 παρεμπεσοῦσα
1712 2259 1779 2310 τά
1834 2257 1986 2327 παρὰ
2031 2255 2140 2308 τῶν
2187 2251 2473 2322 Ῥωμαίων
2513 2250 2610 2320 μὲν
2643 2249 2913 2319 ἀφιέμενα
2985 2247 3113 2317 βέλη
3182 2249 3450 2320 εὐστόχως
3527 2251 3705 2304 ἴθυνεν
3755 2256 3841 2304 ἐπ’

2435 1973 2702 2037 γαστέρα.
2734 1970 2843 2023 Καὶ
2869 1969 3026 2023 τοῦτο
3051 1969 3106 2022 δὲ
3144 1973 3242 2040 τῆς
3282 1971 3542 2037 θεηλάτου
3573 1972 3745 2042 ὀργῆς
3787 1977 4022 2042 σημεῖον

2441 2065 2743 2134 ἱστόρηται.
2779 2063 3040 2151 Καιγάρ
3084 2063 3322 2133 πολέμου
3375 2064 3469 2118 ἐπὶ
3521 2069 3586 2136 τῇ
3620 2063 3846 2137 περιοχῇ
3885 2085 4025 2136 σφο.

2439 2157 2578 2229 δρῶς
2601 2155 3052 2227 συρῤηγνυμένου
3105 2153 3336 2219 ἐξάπινα
3359 2157 3552 2209 θύελλα
3579 2160 3781 2228 σφόδρα
3815 2159 4025 2229 μεταξῦ

3917 2255 4026 2306 aft-

742 2352 890 2414 τοὺς,
925 2353 991 2405 τά
1030 2351 1178 2421 παρὰ
1229 2353 1495 2405 Ἰουδαίων
1520 2352 1576 2404 δὲ
1605 2351 1743 2420 πρὸς
1765 2351 1958 2412 αὐτοὺς
1992 2348 2324 2417 πεμπόμενα
2364 2343 2569 2410 πλάγια
2601 2342 2932 2424 παρέσυρεν.
2998 2341 3160 2393 Ὅθεν
3208 2343 3306 2402 τὰς
3389 2342 3539 2411 ὄψεις
3583 2345 3828 2398 αὑτῶνοὶ
3880 2345 4026 2401 Ῥω-

750 2449 900 2515 μαῖοι
973 2449 1038 2499 ἐκ
1085 2446 1185 2514 τῆς
1231 2445 1460 2517 θυέλλης
1518 2445 1944 2518 ἀμαυρουμένας
1995 2442 2323 2512 θεασάμενοι
2360 2439 2635 2510 λαθραίως
2687 2455 2746 2492 τε

746 2557 964 2603 αυτους.

822 2636 978 2690 Titus
1007 2634 1440 2708 Hierosolymam
1484 2635 1720 2690 biennali
1757 2636 2046 2692 obsidione
2085 2637 2138 2690 in
2175 2646 2329 2705 pote-

751 2735 948 2782 statem
975 2727 1248 2782 redactam
1278 2744 1384 2782 una
1416 2744 1540 2782 cum
1571 2728 1774 2799 templo
1809 2738 1974 2783 totam
2008 2729 2062 2782 in
2092 2727 2330 2782 favillam

749 2815 984 2874 flammis
1043 2818 1271 2889 redegit.
1315 2817 1470 2892 Tunc
1503 2819 1692 2888 utique
1736 2820 1922 2872 unctio
1967 2827 2021 2873 et
2060 2818 2327 2888 judicium

747 2909 948 2964 abolita
1009 2920 1158 2970 sunt,
1193 2909 1532 2980 vastitasque
1579 2910 1734 2964 urbis
1775 2911 2016 2979 impleta,
2069 2909 2326 2962 nimirum

747 3003 1066 3068 excidium;
1111 3018 1273 3071 quem
1321 3001 1492 3057 ,ἰυάωί
1543 3018 1653 3057 suae
1685 3003 2045 3056 contumaciae
2089 3000 2327 3054 fructum

746 3103 1026 3164 ceperunt.
1084 3095 1227 3160 Quid
1292 3104 1473 3149 autem
1528 3097 1718 3148 attinet
1777 3109 1862 3149 me
1913 3097 1998 3147 hic
2058 3094 2328 3161 prolixum

749 3201 872 3244 ease
894 3188 916 3239 ?
941 3185 1211 3256 JttSt'pilttS
1239 3185 1484 3248 Iudaeus,
1511 3187 1754 3240 veritatis
1784 3184 2329 3248 observantissimus,

751 3279 843 3346 qui
895 3289 950 3333 et
997 3280 1136 3332 bello
1182 3289 1235 3332 et
1274 3277 1488 3333 excidio
1540 3280 1693 3333 urbis
1733 3277 1998 3340 interfurit,
2046 3277 2329 3332 historiam

2810 2437 3169 2490 ὲπανέὸαινον
3212 2438 3304 2490 καὶ
3361 2439 3596 2504 ὲκτόνως
3651 2444 4005 2496 κατέκτεινον

2510 2629 2594 2700 [Ρ.
2621 2628 2749 2698 Elii]
2797 2627 2916 2680 Ἐπὶ
2945 2627 3062 2680 δυσὶ
3091 2627 3148 2679 δὲ
3203 2627 3379 2680 ἔτεσιν
3411 2630 3440 2681 ὁ
3479 2630 3637 2692 Τῖτος
3671 2631 3769 2699 τὴν
3811 2633 4028 2702 Ἰερου-

2439 2723 2618 2791 σαλὴμ
2644 2720 2973 2790 παραλαϐὼν
2994 2722 3176 2774 πᾶσαν
3209 2722 3379 2788 αὐτὴν
3407 2723 3503 2773 καὶ
3525 2723 3616 2774 τὸν
3638 2724 3696 2774 ἐν
3723 2727 3860 2794 αὐτῇ
3891 2728 4027 2781 ναὸν

2438 2813 2830 2882 κατηθάὶωσεν
2875 2815 2932 2864 ἐν
3001 2811 3154 2880 πυρί.
3208 2811 3342 2862 Τότε
3391 2812 3606 2882 ἀληθῶς
3646 2813 4027 2886 ὲξωλοθρεὺοη

2437 2905 2662 2974 χρίσμα,
2697 2903 2788 2955 καὶ
2861 2905 3056 2973 κρῖμα,
3091 2905 3186 2955 καὶ
3239 2905 3294 2955 ἐν
3328 2904 3666 2976 συντελείαή
3723 2909 4015 2978 ἐρήμωσις

2437 2999 2605 3065 αὐτῆς
2635 2997 2811 3065 ἐδόθη,
2840 2997 3085 3047 τουτέστι
3121 2996 3903 3065 συντετελεσμένην-ἀπὼλειαν
3921 3002 4030 3054 καὶ

2447 3089 2831 3157 πληρεστάτην
2857 3089 3142 3155 ἐρήμωσιν
3175 3088 3275 3156 τῆς
3314 3086 3600 3150 ἀπειθείας
3621 3087 3802 3140 αὐτῶν
3851 3090 4024 3159 ἐτρύ-

2435 3200 2609 3252 γησαν
2643 3180 2874 3246 καρπόν.
2914 3180 3024 3230 Καὶ
3055 3179 3104 3230 τί
3143 3197 3234 3248 μοι
3260 3179 3328 3232 τά
3355 3179 3524 3233 πολλά
3550 3179 3734 3247 λέγειν
3766 3197 3780 3242 ;
3829 3181 4027 3250 Ἰώση-

2441 3294 2539 3338 πος
2573 3277 2601 3328 ὁ
2635 3277 2862 3334 ἐκεῖνος,
2899 3273 3200 3342 φιλαλήθης
3249 3271 3348 3334 ὢν,
3376 3274 3578 3342 ἱστορεῖ
3635 3274 3765 3343 περὶ
3822 3273 4023 3327 τούτου

753 3371 872 3438 ejus
905 3371 980 3424 rei
1021 3370 1332 3440 descripsit.
1373 3369 1445 3423 Ea
1478 3371 1612 3425 lecta
1648 3386 1757 3424 rem
1793 3371 2006 3439 planius
2042 3369 2328 3438 intelliges.
2361 3376 2402 3431 c

2361 3376 2402 3431 C
2439 3368 2514 3438 τῷ
2540 3384 2598 3419 τε
2651 3366 2873 3436 πολέμῳ
2903 3369 2996 3418 καὶ
3037 3369 3097 3435 τῇ
3143 3364 3342 3418 ἁλώσει
3378 3367 3558 3417 ἐκεῖσε
3595 3364 3794 3418 συνών.
3826 3366 4021 3438 Τούτῳ

757 3465 806 3518 Is
843 3476 923 3518 ter
949 3467 1145 3520 millies
1182 3466 1328 3519 mille
1363 3475 1678 3520 numeratos
1719 3464 1890 3518 fuisse
1939 3471 2125 3517 narrat
2165 3463 2327 3533 377

748 3571 874 3610 cum
906 3559 1171 3612 uxoribus
1203 3568 1256 3612 et
1279 3558 1487 3613 liberis.
1511 3557 1747 3612 Periisse
1778 3566 1956 3612 autem
1995 3557 2157 3623 fame,
2190 3559 2332 3613 bello

751 3647 1038 3708 intestino,
1073 3657 1126 3701 ct
1155 3648 1209 3701 itt
1241 3649 1514 3702 cuniculis
1543 3647 1595 3702 in
1630 3663 1770 3716 quos
1815 3663 1936 3701 sese
1967 3647 2110 3702 ultro
2156 3647 2331 3702 inclu-

756 3746 941 3791 serant
987 3749 1150 3808 atque
1197 3739 1610 3804 interfecerant,
1655 3739 1936 3794 11000000
1983 3742 2148 3794 viros.
2181 3740 2331 3794 Reli-

752 3845 890 3899 quos
924 3833 1014 3900 qui
1060 3840 1221 3888 aetate
1266 3835 1480 3902 integra
1515 3848 1578 3887 ac
1627 3831 2039 3900 pulchritudine
2080 3832 2330 3901 corporis

753 3932 1094 3990 przestarent,
1117 3922 1344 3977 Romam
1374 3925 1429 3977 in
1457 3925 1733 3993 triumpho
1772 3925 1986 3990 ductos,
2023 3933 2079 3977 ttt
2113 3927 2181 3978 ibi
2212 3942 2334 3978 cum

754 4014 950 4068 belluis
1000 4015 1367 4069 decertarent.
1409 4015 1485 4070 De
1520 4015 1728 4084 reliqua
1783 4016 1941 4070 turba
1981 4018 2073 4085 qui
2127 4032 2332 4071 annum

756 4103 821 4156 17
854 4105 1243 4172 excessissent,
1293 4122 1388 4161 eos
1433 4106 1630 4176 partim
1679 4108 1731 4161 in
1767 4106 2059 4178 Egyptum
2097 4111 2162 4160 ad
2199 4124 2337 4178 opus

757 4192 1061 4246 faciundum
1095 4195 1310 4262 missos,
1347 4197 1634 4265 plerosque
1664 4197 1716 4250 itt
1762 4198 2072 4263 provincias
2104 4198 2334 4262 divisos,

759 4290 820 4335 ut
854 4284 905 4335 in
944 4284 1170 4339 theatris
1197 4285 1267 4339 ibi
1293 4295 1386 4339 aut
1415 4301 1444 4340 a
1476 4285 1606 4341 feris
1635 4297 1985 4341 necarentur.
2020 4288 2122 4353 Qui
2150 4298 2331 4344 autem

760 4371 900 4426 intra
936 4377 997 4427 t7
1026 4392 1225 4428 annum
1258 4377 1434 4431 aetatis
1469 4385 1644 4440 erant,
1668 4393 1764 4432 eos
1802 4379 1856 4431 in
1888 4379 2208 4433 servitutem
2238 4381 2335 4434 ab-

757 4461 879 4517 duci
915 4480 977 4518 ac
1007 4464 1224 4519 divendi
1251 4464 1486 4534 jussisse
1528 4465 1708 4520 Titum
1747 4483 1761 4531 ;
1805 4475 1858 4519 et
1888 4469 2130 4521 virorum
2167 4467 2336 4524 fuisse

755 4567 1062 4615 numerum,
1089 4555 1181 4624 qui
1215 4556 1484 4624 mancipia
1515 4557 1940 4620 abducerentur,
1965 4557 2034 4612 90
2069 4558 2260 4612 millia.

2435 3480 2516 3524 τις
2553 3459 2788 3529 ἐντυχὼν
2834 3460 3039 3512 εἵσεται
3092 3459 3444 3532 σαφέστερον.
3485 3461 3580 3522 ’ος
3608 3460 3698 3512 τδν
3751 3459 3849 3528 μὲν
3888 3459 4025 3514 λαδν

2437 3555 2515 3614 εἰς
2546 3551 2867 3621 τριακοσίας
2917 3551 3186 3620 μυριάδας
3225 3549 3565 3620 ἠριθμῆσθαί
3596 3568 3728 3620 φησι
3774 3551 3870 3603 σὺν
3923 3569 4025 3621 νη-

2438 3633 2582 3707 πίοις
2619 3643 2710 3698 καὶ
2747 3644 3016 3711 γυναιξὶν,
3047 3643 3247 3712 ἄνδρας
3279 3643 3334 3695 δὲ
3364 3643 3561 3696 ἑκατὸν
3581 3643 3714 3696 δέκα
3747 3644 4024 3713 μυριάδας

2440 3742 2496 3792 ἐν
2526 3737 2603 3807 τῷ
2641 3737 2785 3806 λιμῷ
2816 3738 2911 3788 καὶ
2945 3737 3022 3805 τῷ
3053 3737 3276 3805 πολέμῳ
3305 3735 3382 3803 τῷ
3411 3736 3549 3804 πρὸς
3593 3736 3880 3804 ἀλλήλους,
3923 3740 4025 3791 καὶ

2438 3831 2495 3883 ὲν
2527 3830 2602 3896 τῷ
2634 3827 2984 3897 συγκλεισμῷ
3015 3821 3058 3895 ᾦ
3085 3827 3312 3890 ἑαυτοὺς
3345 3828 3608 3890 ἑκουσίως
3645 3832 3699 3881 ἐν
3733 3829 4026 3893 ὑπογαίοις

2437 3923 2624 3984 τόποις
2679 3921 3034 3974 συνέκλεισαν
3085 3921 3174 3974 καὶ
3231 3921 3620 3987 κατέκτειναν,
3675 3922 4023 3990 διεφθορέναι

2439 4013 2835 4083 συνεγράψατο.
2874 4015 2982 4067 Καὶ
3028 4015 3154 4075 τοὺς
3204 4015 3303 4081 μὲν
3337 4014 3392 4064 ἐν
3439 4014 3592 4084 ἀκμῇ
3655 4015 3755 4081 τῆς
3803 4013 4024 4081 ἡλικίας

2440 4102 2529 4154 καὶ
2562 4103 2813 4171 σώματος
2840 4102 3029 4155 κάλλει
3077 4102 3435 4172 διαφέροντας
3470 4102 3546 4170 τῷ
3596 4101 3849 4172 θριάμϐῳ
3887 4102 4018 4156 Ῥώ-

2443 4212 2548 4264 μης
2576 4194 2806 4264 ἀχθῆναι
2843 4196 2924 4258 εἰς
2960 4194 3345 4265 θηριομαχίαν,
3383 4195 3475 4248 τοῦ
3503 4195 3666 4249 ἄλλου
3693 4195 3749 4248 δὲ
3777 4195 4024 4265 πλήθους

2439 4289 2565 4348 τοὺς
2597 4289 2695 4356 μὲν
2731 4288 2866 4356 ὑπὲρ
2907 4288 2974 4340 τὰ
3010 4285 3074 4351 ιζ’
3103 4287 3199 4356 ἔτη
3226 4288 3352 4349 τοὺς
3395 4288 3494 4357 μὲν
3543 4287 3798 4356 δεσμίους
3837 4289 3918 4349 εἰς
3950 4289 4025 4342 τά

2442 4377 2562 4430 κατ’
2584 4377 2858 4446 Αἴγυπτον
2891 4378 3028 4448 ἔργα
3053 4380 3547 4448 παραπέμπεσθαι,
3581 4381 3705 4440 τοὺς
3730 4379 4022 4442 πλείστους

2442 4469 2498 4521 δὲ
2528 4469 2729 4531 εἰςτὰς
2769 4471 3041 4538 ἐπαρχίας
3083 4470 3509 4538 ὑπερορίζεσθαι
3564 4470 4024 4539 φθαρησομένους

2445 4563 2500 4612 ἐν
2535 4562 2784 4630 θεάτροις
2832 4562 2925 4613 καὶ
2966 4562 3205 4630 σιδήροις
3245 4563 3340 4614 καὶ
3385 4561 3596 4630 θηρίοις
3624 4579 3639 4594 ο
3683 4564 3811 4622 τοὺς
3867 4563 4024 4626 ἐντὸς

753 4641 809 4693 δὲ
832 4641 936 4695 τῶν
966 4642 1029 4704 ιζ’
1064 4645 1198 4698 ἐτῶν
1220 4645 1595 4716 αἰχμαλώτους
1627 4647 1936 4715 ἀπάγεσθαι
1959 4649 2412 4720 πραθησομένους
2447 4653 2730 4719 διετάξατο
2763 4673 2776 4684 ·
2804 4655 3010 4706 τούτων
3046 4657 3099 4707 δὲ
3133 4656 3309 4723 μόνων
3340 4657 3430 4706 τὸν
3465 4655 3694 4724 ἀριθμὸν
3722 4655 3800 4716 είς
3838 4653 3882 4706 θ’
3920 4673 4000 4724 μυ

759 4731 946 4798 ριάόας
974 4734 1181 4804 ἀνδρῶν
1206 4736 1647 4804 συνθεωρεῖσθαι.

829 4821 981 4876 Tunc
994 4824 1356 4879 etiamRomae
1374 4829 1756 4880 aiunttantum
1782 4827 2061 4883 exstitisse
2090 4837 2323 4898 pestem,
2359 4833 2402 4886 D

757 4920 820 4966 ut
845 4929 934 4982 per
970 4915 1164 4969 multos
1195 4915 1311 4971 dies
1346 4918 1588 4985 quotidie
1615 4933 1781 4988 supra
1838 4920 2010 4975 10000
2049 4921 2332 4976 hominum

756 5005 896 5057 elata
940 5005 1072 5059 sint.
1108 5005 1260 5061 Tunc
1291 5017 1346 5063 ct
1386 5009 1629 5064 Rhodios
1673 5010 1854 5065 ferunt
1893 5012 2184 5067 Colossum
2219 5025 2335 5070 sta-

759 5097 950 5161 tuisse,
974 5112 1169 5152 aeream
1197 5108 1430 5154 statuam
1460 5099 1601 5167 Jovi,
1636 5103 1738 5156 127
1769 5103 1937 5174 pedes
1966 5105 2152 5158 altam.

832 5269 961 5324 Post
987 5280 1195 5341 captam
1222 5273 1646 5347 Hierosolymam
1676 5281 1911 5350 Symeon
1949 5280 2163 5349 Cleopa:
2185 5281 2331 5336 [ilius

767 5361 1056 5431 cpi-scopas
1085 5365 1202 5432 ejus
1238 5369 1391 5422 urbis
1433 5367 1614 5426 factus
1638 5384 1740 5425 est.

829 5453 970 5508 Nero
1001 5455 1192 5525 plenus
1215 5461 1386 5514 rabidi
1414 5461 1614 5516 furoris
1653 5474 2167 5526 tuatretn,\sororem
2201 5479 2336 5518 uxo-

777 5552 995 5612 remque
1018 5561 1143 5600 suas
1173 5550 1406 5612 necavit,
1439 5562 1493 5607 et
1521 5569 1711 5609 omnes
1740 5572 1871 5611 suos
1905 5564 2189 5624 cognatos,
2218 5557 2338 5625 plu-

780 5633 1055 5704 rimOSque
1095 5639 1358 5694 nobilium
1411 5642 1803 5702 Romanorum.
1844 5645 2072 5717 Propter
2123 5655 2335 5715 turpem

787 5735 848 5776 ac
875 5723 1219 5781 libidinosam
1240 5729 1358 5798 ejus
1384 5732 1545 5786 vitam
1579 5750 1764 5790 mensa
1788 5737 1962 5805 ipsius
1993 5745 2076 5791 est
2104 5739 2171 5790 de
2197 5739 2338 5792 ccelo

789 5820 948 5869 tacta.
982 5813 1173 5873 Statim
1199 5821 1413 5888 quidam
1439 5823 1682 5893 primarii
1721 5826 1820 5882 viri
1853 5827 2081 5883 insidias
2110 5827 2158 5883 ei
2193 5836 2339 5883 stru-

2503 4829 2634 4881 Τότε
2661 4830 2726 4899 δὴ
2755 4832 2842 4882 καὶ
2865 4830 3020 4899 λιμὸν
3048 4831 3191 4884 κατά
3215 4830 3314 4900 τὴν
3355 4829 3574 4898 Ῥώμην
3599 4829 3733 4897 φασὶ
3761 4831 4026 4898 γενέσθαι

2439 4920 2677 4974 τοιοῦτον
2709 4921 2783 4984 ὼς
2819 4922 2959 4992 ὑπὲρ
2999 4923 3227 4992 μυρίους
3254 4923 3337 4990 ἐφ’
3361 4923 3596 4991 ἡμέραις
3649 4922 3860 4974 πλείοσι
3892 4924 4025 4977 καθ’

2441 5013 2657 5082 ἡμέραν
2708 5013 3098 5083 ἀποθνήσκειν.
3132 5014 3266 5066 Τότε
3303 5013 3400 5066 καὶ
3440 5013 3694 5066 κολοσσόν
3729 5030 3858 5082 φασι
3885 5015 4026 5079 τοὺς

2455 5099 2687 5164 Ῥοδίους
2717 5102 3018 5173 ἀναστῆσαι
3057 5103 3262 5174 στήλην
3295 5106 3358 5155 εκ
3398 5103 3601 5174 χαλκοῦ
3642 5103 3718 5172 τῷ
3751 5107 3853 5166 Διί,
3883 5104 4025 5158 ἑκα-

2441 5192 2532 5244 τὸν
2581 5193 2898 5246 εἰκοσιεπτά
2923 5193 3122 5248 ποδῶν.

2513 5283 2667 5337 Μετά
2698 5284 2796 5355 τὴν
2821 5287 2918 5352 τῆς
2963 5285 3323 5354 Ἰερουσαλὴμ
3353 5285 3555 5338 ἅλωσιν
3585 5284 3811 5352 Συμεὼν
3860 5283 3887 5334 ό
3922 5284 4022 5337 τοῦ

2442 5374 2663 5427 Κλεόπα
2697 5375 2787 5427 τὸν
2813 5376 3002 5444 θρόνον
3047 5374 3307 5445 Ἰεροσολύ
3317 5394 3432 5444 μων
3457 5375 3780 5443 διαδέχεται.

2509 5462 2678 5528 Οὗτος
2713 5467 2956 5536 ὁΝέρων
2988 5467 3182 5536 μανίας
3203 5467 3396 5533 ἀλόγου
3434 5467 3692 5532 πλησθεὶς
3716 5465 3889 5516 ἀνεῖλε
3918 5466 4028 5532 μέν

2440 5551 2538 5621 τὴν
2571 5550 2737 5603 αὑτοῦ
2763 5552 2973 5622 μητέρα
3008 5552 3101 5604 καὶ
3142 5553 3238 5622 τὴν
3269 5553 3504 5623 ἀδελυὴν
3536 5553 3627 5605 καὶ
3651 5552 3750 5622 τὴν
3783 5554 4026 5618 γυναῖκα

2445 5641 2537 5694 καὶ
2570 5643 2695 5706 τοὺς
2726 5643 2789 5694 ἐκ
2822 5643 3011 5709 γένους
3062 5641 3212 5711 αὐτῷ
3246 5643 3624 5710 προσήκοντας
3679 5642 3886 5701 πάντας
3926 5643 4026 5692 καῖ

2444 5731 2552 5783 τῶν
2583 5733 3003 5803 ἐπισημοτάτων
3044 5733 3332 5803 Ῥωμαίων
3360 5732 3662 5794 πλείστους.
3695 5731 3784 5800 Τῷ
3812 5731 3904 5782 καὶ
3931 5730 4031 5783 διὸ

2445 5822 2536 5876 τὸν
2562 5824 2787 5896 αἰσχρὸν
2816 5826 2910 5879 καὶ
2941 5824 3144 5896 ἀσελγῆ
3194 5824 3308 5894 βίον
3342 5825 3502 5877 αὑτοῦ
3533 5827 3598 5894 τῇ
3645 5823 3896 5894 τραπέζῃ
3931 5839 4010 5874 κσ-
