4248 6456
213 400 323 465 417

1317 410 1866 476 HISTORIARUM
1905 417 2437 484 COMPENDIUM.

3393 436 3505 500 418

212 517 416 583 ραυνδς
449 516 755 581 ἐπιπίπτει,
788 518 885 572 καὶ
928 516 1090 582 εὐθὺς
1114 518 1451 575 ἐπιτίθενται
1482 524 1633 596 αὐτῷ
1661 543 1786 578 τινε‹

1916 538 2132 585 xerunt.
2163 531 2351 603 Itaque
2376 550 2511 592 suos
2540 535 2663 606 ipse
2689 538 2862 611 378
2892 541 3154 600 hortatus
3183 555 3283 606 est.
3306 557 3365 604 ut
3397 552 3504 621 ipsi
3554 556 3565 563 “

208 606 326 658 τῶν
358 610 421 662 ἐν
460 609 604 662 τέλει
649 609 1061 679 ἀναιρήσοντες.
1132 609 1191 663 Ὀ
1241 610 1298 662 δέ
1337 613 1639 683 παρεκάλει
1674 618 1806 679 τοὺς

213 699 481 764 συνόντας
509 699 658 771 αὑτῷ
688 700 900 754 ἀνελεῖν
929 702 1113 755 αὐτόν.
1132 701 1221 764 Ὠς
1252 702 1309 755 δὲ
1339 703 1513 768 οὐδεὶς
1541 706 1805 777 ἠνέσχετο

206 789 374 843 τοῦτο
404 793 636 859 πρᾶξαι,
683 792 826 860 Ἐγὼ
863 793 1043 862 μόνος,
1082 793 1213 863 ἔφη,
1242 793 1367 847 οὔτε
1399 798 1552 865 φίλον
1566 799 1689 868 ςέχω
1712 801 1805 852 τὸν

207 881 461 947 σώζοντα
489 883 614 937 οὔτε
650 884 845 956 ἐχθρὸν
878 884 970 938 τὸν
999 886 1331 957 ἀναιροῦντά
1360 906 1449 957 με.
1485 889 1802 945 Ἀποθανεῖν

206 976 357 1028 θέλει
406 978 440 1047 ἡ
464 977 634 1048 ψυχὴ,
663 979 757 1031 καὶ
800 979 834 1048 ἡ
866 980 987 1049 χεὶρ
1014 980 1112 1049 οὐχ
1140 980 1406 1051 ὑπηρετεὶ
1465 983 1577 1035 Καὶ
1609 984 1798 1037 τελευ-

206 1072 363 1121 ταῖον
419 1072 687 1136 ἐπειπὼν,
732 1067 804 1124 Ὦ
839 1072 967 1138 Ζεῦ,
1019 1067 1131 1137 οἷος
1189 1076 1465 1145 τεχνίτης,
1498 1076 1801 1147 κιθαρῳδὸς

204 1160 516 1219 smilis-cat
550 1163 747 1215 ἑαυτὸν
806 1164 1038 1218 ἀνεῖλεν.
1101 1165 1496 1230 Ἀποθανόντος
1522 1168 1580 1220 δέ
1630 1168 1798 1222 αὑτοῦ

210 1270 348 1305 τινες
380 1254 531 1307 πιλία
561 1255 636 1319 ὡς
662 1254 1108 1326 ἐλευθερούμενοι
1136 1258 1425 1329 ἐφόρεσαν.
1460 1260 1596 1330 Περὶ
1617 1254 1679 1313 οὗ
1705 1264 1797 1313 καὶ

203 1342 437 1403 Βάλδιο,
469 1346 606 1411 (48).
656 1347 786 1417 περὶ
823 1348 921 1414 τῆς
954 1349 1073 1400 κατ’
1126 1349 1294 1402 αὑτοῦ
1346 1350 1671 1415 ἐπιθέσεως,
1720 1355 1797 1416 ὡς

199 1440 406 1500 o-xsio;
446 1439 613 1491 αἰητοῦ
641 1439 718 1492 ὢν
756 1441 1058 1510 ἐρωτηθεὶς
1095 1443 1249 1512 παρά
1289 1443 1568 1514 Νέρωνος,
1598 1446 1675 1509 ὡς
1704 1449 1799 1500 καὶ

200 1547 233 1581 α
277 1532 367 1591 τὸς
399 1526 451 1580 εἷ
490 1529 612 1583 κατ’
642 1532 810 1601 ἐμοῦ;
853 1531 981 1601 εφη,
1022 1533 1300 1602 Ἐφίλησά
1339 1552 1398 1587 σε
1425 1536 1627 1600 παντὸς
1659 1539 1793 1607 μᾶλ-

196 1620 293 1670 ὶον
324 1623 420 1673 καὶ
458 1622 717 1693 ἐμίσησα.
747 1623 835 1694 [Ρ.
860 1622 991 1694 216]
1026 1624 1295 1695 Ἐφίλησα
1326 1626 1554 1691 ἐλπίσας
1592 1629 1795 1696 ἀγαθὸν

195 1714 585 1784 αὐτοκράτορα
609 1714 834 1768 ἔσεσθαί
866 1732 950 1781 σε,
982 1716 1129 1785 μισῶ
1162 1716 1217 1769 δὲ
1248 1718 1331 1770 ὅτι
1362 1719 1536 1772 ταῦτα
1579 1723 1755 1784 ποιεῖς
1777 1739 1791 1752 ·

194 1804 326 1857 οὗτε
362 1823 473 1873 γαρ
529 1806 892 1878 ἀρματηλάτῃ
926 1805 1051 1860 οὔτε
1082 1807 1306 1878 κυνηγῷ
1356 1808 1479 1862 οὔτε
1506 1810 1793 1883 κιθαρῳδῷ

194 1896 482 1949 δουλεύειν
506 1897 765 1969 δύναμαι.

273 1987 405 2040 Ἐπὶ
436 1989 687 2059 Νέρωνος
709 1992 768 2043 ἐν
802 1989 991 2063 Ῥώμῃ
1021 1990 1227 2054 ὕπατος
1252 1992 1491 2056 Λεύκιος
1526 1994 1789 2059 Κούϊντος

193 2079 531 2145 Κικιννᾶτος
563 2080 787 2149 ἀριστος
812 2081 1051 2153 ἐδείχθη.
1087 2081 1289 2137 Τοῦτον
1319 2084 1352 2154 ἠ
1386 2083 1547 2155 βουλὴ
1573 2084 1788 2155 ἔπεμψε

189 2168 323 2230 τοὺς
351 2170 854 2240 παραληψομένους
882 2173 976 2225 ἐπὶ
1005 2173 1105 2244 τὴν
1134 2174 1331 2245 ἀρχήν.
1364 2174 1560 2244 Ἔτυχε
1598 2174 1655 2228 δέ
1684 2192 1786 2245 τη·-

189 2260 434 2314 νικαῦτα
461 2263 704 2333 ἄρουραν
758 2266 1132 2335 ἐργαζόμενος
1163 2267 1243 2329 είς
1273 2267 1507 2338 σπορὰν,
1539 2268 1634 2320 καὶ
1660 2269 1789 2321 ἁκο·

190 2352 403 2407 λουθιῦν
436 2356 550 2420 τοῖς
576 2355 762 2425 βουσὶν
798 2356 1027 2427 ἀχίτων,
1057 2357 1467 2429 περιζωμάτιον
1496 2358 1636 2429 ἔχων
1691 2360 1787 2412 καὶ

186 2445 284 2499 ἐπὶ
324 2451 392 2517 τῇ
424 2451 636 2520 κεφαλῇ
697 2449 874 2503 πῖλον.
926 2451 1351 2521 Προδραμόντος
1403 2452 1460 2505 δέ
1506 2470 1653 2514 τινος
1687 2453 1782 2505 καὶ

190 2536 557 2603 κελεύσαντος
615 2542 707 2593 ἐπὶ
755 2542 814 2594 τὸ
849 2544 1225 2613 κοσμιώτερον
1276 2544 1470 2597 ἑαυτὸν
1528 2544 1779 2615 ποιῆσαι,

187 2631 485 2702 παρελθὼν
511 2636 591 2697 εἰς
618 2634 715 2705 τὴν
743 2635 988 2707 καλύὸην
1004 2636 1100 2689 καὶ
1126 2636 1551 2706 ἀμφιασάμενος
1573 2639 1779 2710 προῆλ-

185 2722 302 2778 θεν.
328 2726 392 2778 Οἱ
416 2725 473 2779 δὲ
504 2728 824 2795 ἡσπάσαντό
867 2746 929 2782 τε
985 2729 1149 2782 αὐτὸν
1194 2729 1269 2793 ὡς
1301 2729 1506 2784 ὕπατον
1535 2734 1629 2785 καὶ
1675 2733 1780 2802 τὴν

185 2816 610 2887 περιπόρφυρον
640 2818 845 2889 ἐσθῆτα
876 2820 1227 2889 περιέθεσαν.
1259 2820 1319 2874 ὐ
1345 2821 1404 2874 δέ
1438 2825 1636 2892 μικρὺν
1660 2826 1779 2875 ἐπι-

185 2906 340 2985 σχὼν
368 2914 467 2961 καὶ
493 2908 1080 2982 δακρύσας,Ἀσπορον
1112 2912 1222 2983 ἄρα
1254 2930 1369 2981 μοι,
1405 2914 1532 2984 ἔφη,
1572 2914 1632 2967 τὸ
1660 2934 1772 2985 χω-

186 2981 498 3067 ρίσννίέσται
534 3002 726 3054 τοῦτον
751 3003 844 3054 τὸν
884 3005 1155 3057 ἐνιαυτόν.
1191 3004 1303 3057 Καὶ
1353 3006 1777 3074 κινδυνεύσομεν

180 3091 279 3161 οὐχ
308 3092 456 3157 ἕξειν
478 3092 641 3145 πόθεν
665 3093 1032 3164 διατραφῆναι
1052 3112 1066 3161 ;

254 3187 385 3241 Ὀτι
418 3192 452 3257 ὴ
484 3191 775 3259 ἐπωνυμία
816 3190 908 3243 τοῦ
941 3192 1279 3245 ἐνιαυσιαίου
1321 3192 1551 3258 κύκλου,
1590 3197 1623 3264 ἡ
1677 3197 1776 3264 μέν
1806 3230 1847 3286 C

1816 1877 1865 1938 B

1914 638 2111 680 manus
2130 626 2409 684 afferrent.
2436 628 2958 699 Quodcumomnes
2988 648 3335 697 msereat.
3368 641 3504 714 Ego,

1912 713 2111 784 inquit,
2152 720 2306 776 solus
2337 737 2519 793 neque
2565 724 2816 781 amicum;
2837 727 2931 795 qui
2969 744 3057 784 me
3090 742 3274 788 servet
3304 713 3507 801 habeo,

1908 823 2087 879 neque
2111 812 2396 870 inimicum
2415 818 2509 885 qui
2534 832 2620 873 me
2647 818 2865 873 occidat
2895 836 2921 873 ε
2946 824 3503 897 moricupitanimus,

1906 910 1964 954 et
1996 916 2196 959 manus
2224 905 2272 959 ei
2303 921 2410 961 non
2444 908 2693 965 inservit.
2729 909 3174 980 Tandem.st,
3198 914 3502 987 O-lupiter,

1906 1003 2148 1061 quantus
2177 996 2373 1050 artifex
2404 1006 2459 1051 et
2490 999 3018 1072 citharaedusperit,
3051 1018 3111 1060 se
3140 1003 3319 1074 ipsum
3337 1008 3502 1078 jugu-

1905 1082 2059 1137 lavit.
2091 1084 2173 1139 Eo
2232 1086 2453 1143 sublato
2479 1091 2703 1159 quidam
2725 1092 2922 1161 pileos,
2949 1102 3009 1150 ut
3040 1095 3348 1151 libertatem
3377 1098 3504 1157 adea

1905 1174 2006 1241 pti,
2035 1183 2405 1244 gestaverunt.
2448 1177 2525 1233 De
2554 1193 2620 1235 eo
2649 1179 2896 1246 Flavius,
2935 1199 3079 1239 unus
3103 1199 3296 1240 eorum
3324 1184 3421 1256 qui
3448 1188 3498 1241 ei

1905 1266 2142 1323 insidias
2176 1269 2450 1336 fecerunt,
2499 1273 2581 1327 sic
2627 1278 3024 1339 pronuntiavit.
3053 1277 3425 1349 Interrogatus
3466 1294 3497 1355 ξι

1902 1358 2142 1424 Nerone,
2180 1365 2267 1419 cui
2294 1374 2412 1419 erat
2443 1366 2739 1423 admodtun
2786 1368 3095 1433 familiaris,
3128 1385 3233 1424 cur
3258 1386 3320 1427 se
3358 1387 3498 1441 quo—

1900 1468 2008 1521 que
2042 1454 2146 1524 ipsi
2194 1457 2485 1512 adversum
2534 1462 2824 1529 praeberet,
2881 1461 3083 1528 Maiore
3121 1462 3204 1516 ait
3238 1472 3291 1517 te
3326 1479 3495 1533 quam

1899 1550 2069 1602 ullum
2087 1548 2255 1604 alium
2277 1560 2331 1605 et
2348 1565 2532 1605 amore
2551 1560 2605 1606 et
2620 1552 2748 1607 odio
2770 1568 2891 1607 sum
2917 1566 3261 1623 prosccutus;
3281 1572 3490 1624 amore,

1898 1640 2048 1708 quod
2070 1640 2358 1710 sperabam
2400 1650 2452 1696 te
2483 1641 2685 1696 bonum
2724 1643 2842 1699 fore
2872 1646 3298 1715 imperatorem;
3340 1663 3492 1703 nunc

1899 1739 2085 1787 autem
2120 1732 2207 1787 odi
2242 1740 2295 1786 te
2316 1732 2387 1787 ob
2416 1741 2508 1787 tua
2540 1733 2682 1788 facta
2715 1752 2731 1789 :
2764 1750 2873 1789 non
2902 1738 3048 1790 enim
3082 1753 3305 1808 possum
3333 1742 3490 1794 auri-

1897 1838 1998 1894 gae,
2026 1825 2272 1879 venatori
2304 1836 2405 1883 aut
2441 1826 2644 1881 fidicini
2683 1829 2912 1884 servire.

1965 1999 2185 2057 Nerone
2214 2002 2539 2072 imperante,
2568 2004 2753 2063 Romae,
2774 2010 2964 2064 consul
2990 2009 3090 2065 fuit
3114 2010 3174 2064 L.
3193 2011 3487 2077 Quinctius

1893 2090 2285 2163 Cincinnatus,
2326 2095 2409 2148 vir
2448 2097 2689 2165 optimus
2732 2098 2968 2155 habitus.
2999 2100 3069 2167 Is,
3102 2116 3227 2157 cum
3260 2115 3485 2162 senatus

1896 2184 2139 2240 mitteret
2176 2188 2269 2256 qui
2294 2204 2420 2243 eum
2460 2190 2535 2251 ad
2564 2191 2939 2259 accipiendum
2973 2197 3357 2264 magistratum
3389 2214 3485 2253 vo-

1891 2287 2102 2340 carent,
2154 2279 2413 2336 inventus
2460 2291 2549 2336 est
2592 2283 2712 2337 sine
2759 2286 2944 2340 tunica
2994 2290 3484 2363 aransbovesque

1897 2386 2159 2441 sequens,
2182 2375 2528 2445 subligaculo
2552 2379 2770 2447 cinctus
2789 2396 2851 2435 ac
2868 2383 3068 2451 pileum
3093 2390 3480 2453 gestans.Cum

1889 2464 2228 2520 accurriSset
2264 2466 2487 2533 quidam
2523 2468 2855 2541 juberetque
2885 2490 3010 2528 eum
3064 2491 3123 2532 se
3170 2495 3388 2545 ornare,
3423 2481 3478 2536 in

1892 2570 2088 2611 casam.
2125 2558 2407 2627 ingressus
2459 2571 2678 2621 vestem:
2725 2566 2981 2633 sumpsit,
3042 2584 3480 2643 progressusque

1886 2650 2167 2707 salutatus
2215 2660 2301 2707 est
2327 2654 2541 2720 consul,
2598 2664 2654 2709 et
2708 2671 2952 2727 purpura
3011 2668 3269 2730 pratexta
3324 2675 3481 2725 veste

1885 2742 2144 2795 amictus.
2180 2742 2481 2807 Quinctius
2504 2745 2786 2812 paululum
2810 2758 3059 2804 moratus
3089 2750 3259 2814 ﬂevit.
3290 2754 3492 2809 dicens

1888 2832 2106 2902 Ergone
2140 2833 2246 2888 hoc
2275 2850 2422 2888 anno
2454 2851 2584 2906 ager
2618 2837 2749 2891 mihi
2779 2853 2893 2895 non
2916 2852 3263 2910 conseretur,
3295 2854 3349 2900 et
3378 2861 3477 2915 pe-

1884 2921 2121 2975 riculum
2156 2924 2262 2978 erit
2292 2924 2362 2979 de
2394 2926 2624 2995 penuria
2652 2928 2675 2981 ?

1954 3193 2164 3247 Nomen
2214 3197 2382 3250 annui
2429 3197 2624 3251 circuli
2658 3198 2887 3255 indictio
2917 3209 3001 3255 est
3041 3202 3183 3270 apud
3224 3204 3469 3268 Latinos.

182 3280 549 3348 ρωμαῖζουσα
581 3280 734 3351 φωνὴ
768 3283 827 3335 τὸ
859 3283 1085 3353 μήνυμα
1111 3285 1404 3353 σημαίνεισ
1440 3286 1637 3355 μηνύει
1668 3289 1777 3359 γὰρ

1895 3284 2011 3352 quia
2043 3285 2375 3357 principium
2422 3289 2589 3358 379
2627 3292 2864 3346 circuitu
2898 3294 3122 3347 indicat.
3164 3294 3373 3350 Grtecia
3400 3299 3471 3352 ab

178 3362 389 3441 ἡάρχὴ
434 3373 538 3443 τὴν
582 3374 858 3445 περίοδον,
892 3376 986 3442 καὶ
1022 3376 1186 3429 τοῦτό
1223 3377 1375 3429 ἐστιν
1408 3378 1441 3447 ἡ
1480 3379 1769 3434 ίνδικτιών.

191 3464 255 3517 Ἦ
279 3465 341 3516 δὲ
384 3464 579 3526 Ἑλλὰς
628 3466 969 3536 φερωνύμως
993 3467 1157 3534 ἔθηκε
1188 3468 1288 3538 τὴν
1317 3469 1666 3540 ἐπινέμησιν.
1694 3474 1771 3526 Οὐ

176 3557 287 3625 γάρ
315 3557 397 3617 είς
423 3556 782 3625 ἀπαράϐατον
814 3558 908 3611 καὶ
938 3559 1244 3629 ὡρισμένον
1274 3560 1441 3631 βάρος
1465 3564 1526 3615 τὸ
1543 3565 1773 3619 παλαιὸν

173 3648 223 3697 οἱ
256 3649 420 3713 φόροι
454 3650 566 3710 τοῖς
623 3648 887 3717 ὑπηκόοις
917 3650 1225 3715 ἐτάττοντο,
1276 3654 1393 3706 ἀλλ’
1421 3656 1453 3724 ἡ
1490 3655 1598 3710 τῶν
1630 3676 1770 3728 καρ-

173 3739 292 3791 πῶν
311 3740 544 3805 γένεσιςι
558 3739 657 3810 τὴν
682 3740 934 3807 σύνταξιν
961 3744 1145 3806 aurai;
1172 3746 1729 3816 ἐφιλανθρωπεύσατο
1752 3766 1767 3779 °

174 3834 553 3897 σπανίζουσαν
609 3835 717 3904 γὰρ
769 3835 1100 3903 ὴλάφρυνεν,
1162 3838 1499 3907 εύθηνοῦσαν
1558 3842 1613 3894 δέ
1668 3844 1769 3897 οὐκ

173 3925 435 3994 ἐϐάρυνε,
460 3927 555 3978 καὶ
576 3926 846 3996 διένειμεν
878 3928 1099 3991 ἀλύπως
1129 3931 1242 3993 τοῖς
1274 3932 1766 4002 φορολογουμένοις

170 4018 235 4069 τὸ
257 4018 554 4085 ἀνάλογον,
579 4017 675 4070 καὶ
705 4019 826 4071 τότε
859 4020 948 4072 ὅτε
974 4022 1134 4090 χρεία
1178 4022 1387 4075 ἐκάλει.
1438 4024 1682 4091 Μηδενδς
1703 4024 1759 4077 δὲ

171 4110 328 4173 δντος
356 4110 453 4163 τοῦ
485 4111 954 4182 φορολογουμένου
982 4115 1090 4167 οὐδ’
1129 4118 1265 4196 ὅλως
1292 4118 1319 4169 ό
1350 4116 1515 4185 φόρος
1547 4117 1761 4185 ἐπράτ-

168 4220 316 4268 τετο,
346 4203 465 4255 ἀλλ’
495 4204 708 4271 ἐγίνετο
755 4206 942 4275 κέρδος
966 4208 994 4259 ὁ
1019 4209 1180 4271 πόνος
1204 4211 1325 4269 ὅλος
1353 4213 1466 4270 τοῖς
1500 4213 1759 4280 γεωργὴ-

172 4310 321 4346 σασι.

239 4385 459 4448 Γάλϐας
517 4385 837 4440 ἐϐασίλευσε
897 4389 1075 4457 μῆνας
1125 4388 1189 4443 θ’.
1219 4391 1431 4463 ἡμέρας
1480 4395 1571 4459 ιγ’,
1603 4392 1671 4465 ἦν
1704 4396 1758 4447 δὲ

168 4471 279 4524 τῶν
340 4473 711 4542 εὐπατριδῶν,
770 4474 829 4537 ὃς
884 4470 998 4545 εἶχε
1059 4479 1611 4548 παραδυναστεύοντα
1664 4486 1756 4537 τὸν

1880 3386 2080 3431 eventu
2114 3394 2310 3433 nomen
2336 3380 2618 3448 imposuit,
2661 3391 2720 3437 ut
2761 3384 3099 3454 cpinemesin
3145 3389 3465 3456 appellaret.

1876 3468 2201 3537 Antiquitus
2233 3470 2378 3525 enim
2415 3472 2682 3529 tributum
2714 3476 2951 3543 subditis
2984 3493 3092 3532 non
3140 3480 3210 3532 ita
3241 3481 3465 3551 imposi-

1876 3567 1989 3612 tum
2017 3568 2141 3611 erat
2165 3570 2227 3612 ut
2254 3562 2374 3631 ejus
2400 3563 2506 3617 fixa
2529 3576 2676 3619 esset
2706 3576 2760 3620 et
2788 3567 3152 3625 immutabilis
3179 3572 3339 3635 ratio,
3369 3574 3463 3628 sed

1868 3650 2025 3718 juxta
2062 3652 2278 3724 frugum
2312 3666 2642 3723 proventum
2689 3658 3004 3715 humaniter
3038 3661 3105 3715 iis
3139 3662 3461 3732 imponeba-

1875 3752 1983 3809 tur,
2018 3745 2092 3798 ila
2134 3754 2194 3799 ut
2242 3761 2309 3800 eo
2355 3748 2606 3803 tenuiore
2670 3750 2854 3804 minus
2902 3753 3224 3820 penderent,
3284 3771 3460 3824 neque

1871 3837 2125 3891 uberiore
2153 3854 2219 3893 co
2260 3854 2464 3895 census
2511 3851 2825 3911 augeretur.
2873 3845 3063 3913 Itaque
3110 3851 3461 3905 exactoribus

1869 3944 1968 3999 pro
1996 3932 2247 3998 portione
2274 3932 2612 3995 tribuebant,
2651 3934 2814 4002 idque
2841 3947 2987 4001 tunc,
3014 3940 3235 4006 quando
3266 3956 3461 3995 neces-

1868 4022 2005 4075 sitas
2038 4023 2372 4091 postulabat.
2393 4024 2529 4078 Cum
2558 4034 2738 4081 autem
2758 4044 2923 4083 nemo
2944 4032 3203 4100 exigeret,
3233 4048 3459 4101 prorsus

1868 4127 2094 4165 censum
2136 4128 2243 4168 non
2277 4114 2629 4183 pendebant;
2657 4118 2754 4172 sed
2788 4119 2970 4174 omnis
3011 4122 3215 4178 laboris
3243 4122 3457 4180 fructus

1866 4205 2124 4274 agricolis
2163 4206 2593 4273 relinquebatur.

1933 4382 2412 4453 Galbaimperavit
2433 4401 2653 4442 menses
2684 4388 2717 4442 9
2748 4389 2983 4449 diesiS.
3019 4392 3452 4466 Fuitpatricius,

1860 4475 2163 4545 habuitque
2216 4477 2432 4546 imperii
2492 4482 2750 4533 annulum
2818 4482 3116 4547 Othonem,
3176 4489 3270 4556 qui
3325 4506 3450 4545 cum

170 4562 525 4627 Ὀθωνα.“ος
556 4566 652 4618 καὶ
690 4566 813 4618 ἰδὼν
836 4567 928 4619 τὸν
956 4568 1171 4621 Γάλϐαν
1204 4570 1433 4625 Λούκιον
1467 4575 1547 4636 είς
1580 4576 1758 4628 υἱοθε-

1895 4569 2095 4621 .ucium
2131 4584 2161 4621 a
2188 4568 2358 4624 Galba
2391 4571 2600 4625 videret
2664 4573 2936 4643 adoptari,
3001 4578 3207 4633 invidia
3248 4581 3455 4639 ductus

169 4653 289 4725 σίαν
324 4654 741 4722 παραλαϐόντα,
772 4657 1049 4728 φθονήσας
1073 4661 1167 4712 καὶ
1198 4661 1261 4714 τὸ
1289 4663 1607 4735 στράτευμα
1631 4672 1754 4720 κατ’

166 4743 334 4795 αὖτοῦ
364 4745 598 4814 κινήσας
622 4747 946 4800 ἀπέκτεινεν
1002 4750 1189 4804 αὐτόν.
1229 4753 1667 4824 Ἀπαιτούμενος
1696 4759 1753 4812 δέ

162 4836 189 4886 ὁ
216 4835 403 4887 Ὄθων
440 4837 700 4904 χρήματα
728 4840 878 4908 παρὰ
907 4840 1017 4893 τῶν
1050 4844 1469 4912 στρατιωτῶν,ἅ
1492 4849 1757 4919 ὑπέσχετο

162 4926 373 4987 αὐτοῖς,
412 4925 514 4995 ἔφη
543 4927 604 4979 οὗ
641 4927 723 4979 δεῖ
753 4930 1134 5000 αὐτοκράτορα
1154 4933 1588 5001 ἀναγκάζεσθαι.

237 5013 429 5066 Ὄθων
461 5014 782 5068 ἐσασίλευσε
826 5018 1003 5085 μῆνας
1043 5023 1194 5090 τρεῖς
1249 5025 1461 5094 ἡμέρας
1488 5024 1560 5094 η’,
1600 5024 1668 5098 ἦν
1696 5028 1751 5081 δὲ

163 5105 358 5171 γένους
391 5105 634 5173 ἀσήμου.
684 5105 839 5159 Θύων
887 5106 945 5160 δέ
979 5126 1109 5161 ποτε
1160 5114 1218 5163 ἐν
1245 5112 1323 5183 τῷ
1370 5115 1503 5184 ίερῷ
1545 5118 1615 5169 τὰ
1649 5118 1749 5186 τῆς

173 5195 508 5265 Ἀφροδίτης
538 5194 763 5264 ᾄσματα
816 5199 931 5260 τοῖς
964 5198 1131 5269 ἱεροῖς
1173 5202 1466 5272 παρέμιξε,
1519 5206 1615 5259 καὶ
1665 5208 1749 5261 διὰ

158 5290 320 5343 τοῦτο
350 5290 635 5372 Οὐϊτελίου
668 5291 820 5359 αὐτῷ
856 5293 1271 5360 ἐπαναστάντος
1304 5299 1520 5369 ξιφιδίῳ
1548 5302 1773 5356 ἑαυτὸν

1860 4664 2165 4716 exercitum
2195 4664 2463 4718 adversus
2488 4664 2635 4719 hunc
2666 4670 2984 4734 concitavit,
3012 4686 3249 4740 eumque
3273 4677 3453 4729 inter-

1860 4753 2007 4809 fecit.
2070 4755 2214 4811 Otho
2268 4764 2450 4809 autem
2510 4773 2539 4809 a
2585 4759 2855 4814 militibus
2910 4765 3223 4829 pecuniam,
3280 4782 3448 4834 quam

1859 4848 2207 4913 promiserat,
2242 4849 2570 4916 postulatus,
2608 4854 2894 4921 respondit
2920 4856 3304 4924 imperatorem
3334 4874 3450 4915 non

1858 4940 2056 4993 debere
2103 4944 2244 5010 cogi.

1932 5029 2224 5098 Imperavit
2249 5031 2394 5086 Otho
2444 5049 2666 5090 menses
2698 5036 2732 5089 5
2766 5037 2884 5090 dies
2916 5038 2968 5093 8.
3006 5038 3180 5094 Natus
3212 5040 3315 5094 fuit
3345 5042 3444 5095 ob-

1859 5136 2023 5175 scuro
2067 5138 2289 5192 genere.
2332 5125 2644 5195 Aliquando
2699 5143 2813 5183 rem
2857 5146 3068 5184 sacram
3133 5133 3186 5184 in
3234 5133 3443 5201 templo

1862 5211 2073 5267 faciens
2104 5217 2352 5267 carmina
2385 5214 2631 5272 Venerea
2679 5219 2858 5275 sacris
2888 5222 3231 5289 permiscuit.
3286 5222 3441 5277 Ideo-

1856 5318 1965 5373 que
2000 5306 2269 5362 adversus
2300 5307 2479 5377 ipsum
2524 5324 2555 5365 a
2584 5309 2806 5367 Vitellio
2837 5322 2984 5367 mota
3016 5315 3287 5371 seditione
3318 5317 3442 5388 gla.

1298 5462 1658 5520 XYLANDRI
1700 5467 1786 5521 ET
1826 5468 2038 5526 GOARI
2074 5470 2314 5528 ΝΟΤᾸΞ.

229 5572 343 5642 (48)
401 5572 635 5635 Βάλϐιος
701 5575 786 5631 vel
843 5574 1074 5644 Βάλϐος,
1125 5579 1323 5636 Balbus
1376 5584 1458 5636 vel

1522 5582 1744 5678 ‘Flavips
1845 5590 2102 5678 hacripsa
2138 5593 2367 5678 historia
2417 5594 2733 5678 X-‘ilpliilinus
2756 5617 2821 5657 ex
2848 5602 3037 5678 Dione,
3069 5606 3433 5678 stipatoribuf

160 5644 1074 5737 Bap-Eoilegendum-videbatur.
1106 5651 1209 5731 §ed
1240 5669 1381 5737 cun-1‘
1390 5653 1739 5737 _P.'Curuelii
1848 5644 2437 5737 puduisse—indicans:

120 5757 126 5761 .
161 5712 335 5769 Taciti
376 5712 577 5769 librum
608 5732 675 5769 xv
703 5720 1074 5785 consulerem,
1116 5721 1299 5776 inveni
1344 5723 1583 5778 Flavium
1657 5743 1745 5780 re-

161 5794 307 5838 ctum
351 5800 493 5839 esse.
526 5784 873 5841 Subriienim
910 5784 1079 5843 Flavii
1122 5792 1325 5847 tribuni
1364 5804 1447 5848 est
1477 5796 1746 5851 illucdic-

164 5864 273 5909 tum
308 5855 381 5910 ibi
418 5857 691 5921 relatum;
740 5860 1042 5928 etquidem
1092 5863 1345 5918 eumdem
1399 5867 1649 5921 nominat
1692 5871 1746 5922 in

1850 5743 1935 5816 tur
1961 5735 2027 5787 ad
2072 5750 2183 5816 rem
2211 5738 2484 5803 publicam
2512 5744 2806 5809 gerendam
2838 5747 2906 5799 ab
2936 5759 3119 5800 aratro
3176 5735 3429 5816 vocatus,

1847 5802 2062 5893 {fersne
2140 5802 2465 5876 imperante,
2514 5802 2635 5866 'cst
2713 5817 2941 5871 summm
3016 5802 3429 5893 ἀνιστόρησίαςξ

1851 5872 1981 5925 Χγι..
