4248 6456
707 419 813 483 ζῙθ

1964 415 2289 478 GEORGII
2319 415 2655 476 CEDRENI

3856 411 3969 485 4‘20

707 537 799 586 dio
868 546 970 588 suo
1036 547 1094 588 se
1169 530 1470 596 interfecit,
1528 529 1740 586 dicens.
1797 527 2074 596 Quorsum
2137 532 2362 593 enimA

2311 535 2362 593 Α
2387 530 2748 600 διεχειρίσατο
2801 528 2997 583 εἰπών’
3028 529 3096 582 Τί
3123 528 3230 601 γάρ
3265 547 3332 600 με
3363 527 3469 583 ἔδει
3518 528 3750 599 μακροῖς
3781 531 3964 593 αὐλοῖς

709 622 980 678 attinebat
1004 635 1088 676 me
1136 635 1361 690 quoque
1388 621 1563 690 longis
1598 629 1824 674 cantare
1849 619 2038 674 tibiis?

782 712 1035 767 Vitellius
1061 728 1229 766 unum
1262 728 1463 767 annum
1490 713 1800 782 imperavit,
1845 711 2042 765 illustri
2080 709 2282 764 familia

710 812 888 860 ortus.
927 803 980 858 Is
1015 803 1344 872 astrologos,
1375 809 1723 858 astronomos
1747 802 2284 871 przestigiatoresque

711 912 902 952 omnes
933 901 1076 952 intra
1099 907 1309 952 certum
1337 895 1481 952 diem
1505 896 1658 951 Italia
1688 893 1956 950 excedere
1977 894 2142 964 380
2163 895 2284 961 jus-

709 989 803 1044 sit.
830 990 1008 1058 Atque
1037 989 1071 1042 ii
1103 989 1343 1043 libellum
1371 997 1711 1058 sparserunt,
1735 1001 1846 1056 quo
1868 985 1944 1040 illi
1977 986 2134 1039 finem
2161 986 2287 1040 vita:

713 1079 782 1134 ad
822 1088 1032 1135 certum
1082 1086 1299 1148 tempus
1332 1078 1726 1148 praedicebant.
1759 1078 1934 1144 Quam
1976 1075 2289 1146 praedictio-

712 1187 839 1227 nem
868 1172 1052 1227 exitus
1105 1170 1506 1241 comprobavit,
1553 1168 1776 1224 Vitellin
1805 1185 1834 1223 a
1877 1169 2143 1224 militibus
2191 1183 2284 1222 oc-

710 1265 846 1318 ciso.

778 1353 1170 1424 Vespasianus,
1208 1351 1439 1407 Neronis
1474 1351 1639 1417 filius,
1684 1365 1858 1405 annos
1908 1350 2094 1406 decem
2120 1389 2136 1412 ,
2170 1349 2287 1404 dies

711 1453 835 1500 octo
863 1445 1171 1514 imperavit.
1203 1443 1498 1512 Imperium
1529 1442 1578 1496 ei
1608 1441 1844 1495 delatum
1876 1448 1957 1494 est
2005 1441 2058 1493 in
2089 1438 2288 1492 Palms-

710 1539 846 1600 tina,
881 1536 1062 1590 adhuc
1094 1534 1404 1590 Judavorum
1453 1533 1618 1587 urbes
1660 1533 2020 1601 oppugnanti.
2047 1531 2098 1584 Is
2131 1530 2289 1585 Jose-

713 1629 882 1696 phum
917 1628 1236 1681 historicum
1283 1625 1443 1693 cepit.
1479 1624 1706 1677 Romam
1752 1624 2124 1691 proficiscens,
2160 1636 2286 1674 cum

708 1730 856 1774 esset
894 1721 960 1772 ah
993 1719 1238 1773 exercitu
1281 1718 1578 1787 imperator
1626 1715 1952 1778 declaratus,
1986 1713 2166 1766 Titum
2221 1714 2289 1768 ad

713 1811 911 1863 bellum
946 1812 999 1863 in
1036 1811 1321 1865 Palaestina
1351 1808 1643 1877 gerendum
1690 1805 2127 1874 reliquit.Primo
2161 1806 2289 1860 Ves-

715 1898 924 1968 pasiani
953 1913 1098 1953 anno
1133 1898 1389 1966 templum
1423 1895 1794 1965 Capitolinum
1824 1894 2202 1964 conﬂagravit,
2233 1902 2288 1948 et

711 1992 904 2060 q~iinto
938 2003 1080 2043 anno
1108 1987 1158 2042 id
1193 1988 1416 2041 reficere
1442 1985 1555 2054 ipse
1589 1984 1777 2054 coepit.

1449 2122 1472 2161 ἰ

785 2194 1118 2264 Vespasiano
1173 2189 1441 2245 successit
1479 2188 1626 2243 filius
1668 2185 1847 2252 Titus,
1890 2185 2286 2256 imperavitque

711 2301 887 2340 annos
913 2296 1046 2339 tres.
1093 2284 1143 2335 Is
1163 2282 1496 2352 expugnavit
1513 2279 1965 2349 Hierosolymam,
1988 2279 2288 2347 urbemque

711 2389 767 2432 ct
797 2376 1056 2446 templum
1091 2373 1360 2428 incendit.
1392 2371 1444 2427 Is
1477 2373 1667 2436 minis,
1703 2379 1809 2426 non
1837 2371 2124 2439 suppliciis
2157 2386 2288 2425 son-

712 2480 796 2528 tes
828 2469 1084 2525 lerrebat.
1124 2465 1282 2519 Nulla
1308 2464 1425 2518 dies
1451 2478 1520 2518 eo
1552 2463 1855 2532 imperante
1881 2463 2016 2516 abiit
2039 2478 2142 2532 qua
2179 2477 2285 2517 non

711 2563 948 2631 aliquem
979 2557 1324 2612 subditorum
1352 2555 1496 2608 dono
1532 2561 1627 2607 aut
1671 2553 1938 2608 beneficio
1964 2553 2150 2624 aliquo
2171 2553 2287 2606 alii-

715 2659 904 2709 ceret:
942 2651 1127 2706 dicere
1151 2649 1296 2704 enim
1332 2645 1540 2702 solebat
1573 2645 1786 2714 regium
1811 2660 1933 2699 esse
1964 2643 2288 2701 benefacere

716 2754 773 2801 et
797 2742 1054 2814 precibus
1110 2739 1272 2794 facile
1330 2751 1598 2792 annuere.
1660 2737 1918 2790 Omnium
1961 2736 2054 2806 qui
2111 2736 2287 2805 ipsum

715 2835 1111 2906 compellarent
1141 2830 1498 2908 petitionibus
1530 2828 1828 2883 annuebat.
1891 2827 1957 2880 Et
1999 2843 2124 2881 cum
2160 2827 2288 2896 qui-

717 2931 842 2986 dam
910 2928 1268 2984 familiarium
1324 2932 1746 2995 percontaretur
1806 2938 1906 2977 cur
1949 2923 2000 2977 id
2066 2923 2288 2988 faceret,

715 3031 1040 3076 cumtamen
1067 3033 1210 3088 saape
1238 3015 1508 3086 promissa
1542 3029 1651 3068 non
1685 3013 1954 3082 impleret,
1986 3011 2285 3080 respondit:

718 3112 856 3177 Quia
878 3112 945 3164 ab
979 3110 1312 3177 imperatore
1341 3119 1505 3160 nemo
1543 3103 1706 3158 debet
1725 3113 1958 3156 maestus
1980 3101 2286 3155 discedere.

719 3202 822 3254 liic
871 3198 1027 3253 Titus
1065 3213 1188 3251 cum
1241 3203 1433 3251 aestate
1485 3201 1656 3247 totum
1701 3192 1845 3246 diem
1899 3193 2003 3246 iter
2050 3191 2286 3256 fecisset,

717 3293 879 3360 eique
927 3287 1155 3358 sanguis
1200 3303 1296 3356 per
1342 3301 1504 3339 nares
1547 3283 1844 3352 erupisset,
1901 3292 2065 3351 atque
2099 3297 2128 3335 a
2178 3284 2292 3337 sole

719 3393 878 3435 ustus
910 3379 962 3431 in
992 3378 1158 3431 animi
1185 3376 1486 3444 deliquium
1521 3373 1827 3436 incidisset,
1869 3373 2047 3426 adhuc
2078 3374 2293 3442 Spiran-

721 3483 830 3528 tem
871 3472 1032 3542 381
1071 3470 1242 3523 frater
1298 3467 1643 3523 Domitianus
1702 3466 1757 3519 in
1809 3466 2001 3519 cistam
2060 3466 2294 3535 ligneam

723 3564 844 3618 nive
868 3563 1078 3633 plenam
1106 3559 1344 3628 conjecit
1374 3567 1634 3628 tanquam
1667 3556 1972 3612 remedium
2005 3555 2293 3610 adhibita-

721 3669 838 3718 rus,
872 3661 1040 3720 atque
1073 3652 1147 3706 ita
1180 3647 1481 3704 interfecit.
1515 3648 1607 3703 llle
1639 3648 1806 3716 igitur
1835 3646 2033 3718 dignus
2059 3646 2296 3699 admira-

720 3745 870 3796 tione
893 3740 1050 3796 Titus
1078 3739 1420 3810 philosophia
1447 3740 1694 3810 apprime
1716 3738 2009 3802 formatus,
2035 3738 2296 3806 eloquen-

723 3837 995 3899 tissimus,
1067 3834 1517 3888 bellicosissimus
1564 3841 1724 3902 atque
1797 3831 2293 3894 moderatissimus,

724 3925 1212 3994 bcnelicentiaque,
1243 3924 1634 3994 temperantia,
1673 3923 1886 3993 justitia
1918 3931 1972 3975 et
2009 3923 2295 3992 prudentia

725 4016 924 4085 insigni
975 4027 1222 4080 ornatus,
1256 4017 1308 4068 in
1377 4015 1590 4069 exeidio
1622 4015 1854 4069 maxime
1892 4014 2296 4082 Hierosolymo-

724 4122 845 4160 rum
881 4121 1036 4160 suam
1089 4107 1387 4160 miserandi
1428 4105 1912 4174 promptitudinem
1959 4104 2300 4158 demonstra-

723 4203 822 4252 vit.
867 4196 1232 4252 Vehementer
1264 4197 1408 4250 enim
1460 4205 1590 4250 tunc
1628 4212 1655 4249 a
1701 4195 1812 4248 Deo
1842 4194 2146 4264 exagitatos
2203 4193 2298 4248 de-

723 4290 955 4357 ploravit
981 4287 1232 4353 Judaios;
1265 4289 1551 4357 magisque
1573 4289 1736 4340 etiam
1761 4285 2142 4355 illacrymavit,
2174 4298 2298 4336 cum

723 4380 896 4434 aedem
932 4379 1028 4434 Dei
1065 4379 1276 4433 videret
1310 4379 1527 4432 incendi
1556 4394 1572 4444 ;
1611 4383 1976 4446 precatusque
2005 4384 2087 4429 est
2124 4389 2152 4427 a
2191 4373 2300 4428 Deo

724 4471 961 4537 veniam,
997 4471 1146 4540 quod
1185 4485 1293 4524 non
1329 4485 1427 4525 sua
1461 4469 1576 4524 haec
1607 4469 1910 4533 voluntate,
1955 4467 2050 4522 sed
2098 4466 2169 4522 ob
2198 4467 2301 4520 im-

2387 622 2534 693 ᾷδειν
2566 623 2658 676 καὶ
2689 622 2878 674 αὐλεῖν
2903 638 2918 687 ;

2459 713 2733 776 υύῖτέλιος
2780 713 3085 786 ἢΒιτέλιος
3133 713 3253 775 ἔτος
3287 714 3367 776 ἓν,
3424 713 3616 783 γένους
3670 715 3969 783 ἐπιφανοῦς

2385 805 2480 858 ὧν.
2518 801 2689 871 Οὗτος
2710 806 3075 878 ἀστρολόγους
3109 809 3203 861 καὶ
3233 810 3603 880 ἀστρονόμους
3627 811 3724 864 καὶ
3754 811 3965 878 γόητας

2386 898 2535 960 ἐντὸς
2558 900 2727 968 ῥητῆς
2756 901 2968 970 ἡμέρας
3000 901 3208 963 πάντας
3234 903 3548 972 ἐκχωρῆσαι
3597 903 3696 965 τῆς
3735 902 3969 963 Ἰταλίας

2387 990 2739 1056 προσέταξεν.
2778 994 2840 1046 Οἳ
2873 995 2968 1045 καὶ
2999 993 3340 1063 πρόγραμμα
3368 993 3621 1064 ἔρριψαν,
3659 993 3968 1062 προαγγέλ-

2389 1084 2448 1135 λο
2467 1100 2581 1146 ντες
2612 1085 2760 1147 ἐντὸς
2800 1086 3013 1154 ἡμέρας
3054 1085 3225 1155 ῥητῆς
3264 1085 3750 1153 ἀπαλλαγήσεσθαι
3799 1085 3966 1136 αὐτὸν

2385 1171 2480 1224 τοῦ
2505 1172 2644 1240 βίου.
2681 1174 2745 1225 ⁸0
2775 1173 2838 1243 δὴ
2885 1174 2979 1226 καὶ
2997 1175 3222 1242 γέγονεν
3245 1192 3260 1206 ·
3297 1175 3513 1244 ἐσφάγη
3537 1175 3646 1246 γὰρ
3667 1173 3772 1225 ὑπὸ
3793 1190 3968 1244 στρα-

2392 1281 2423 1315 τ
2433 1282 2522 1316 ιωτ
2530 1283 2602 1317 ων
2614 1306 2627 1318 .

2461 1357 2866 1420 Οὐεσπασιανδς
2904 1359 3017 1422 υίὸς
3044 1359 3298 1430 Νέρωνος
3321 1359 3670 1412 ἐϐασίλευσεν
3706 1359 3800 1431 ἐτη
3828 1359 3965 1413 δέκα

2391 1449 2605 1519 ἡμέρας
2638 1455 2706 1514 η’.
2745 1449 3110 1521 Αὐτοκράτωρ
3156 1452 3212 1504 δὲ
3242 1450 3464 1519 γέγονεν
3515 1453 3570 1503 ἐν
3604 1451 3967 1520 Παλαιστίνῃ,

2392 1541 2472 1592 ἔτι
2500 1541 2598 1604 τὰς
2631 1540 2812 1602 πόλεις
2843 1542 2951 1594 τῶν
3007 1542 3090 1613 [Ρ.
3143 1542 3272 1616 917]
3316 1543 3588 1596 Ἰουδαίων
3641 1544 3970 1613 πολιορκῶν.

2394 1633 2580 1695 Ὅστις
2601 1635 2694 1686 καὶ
2713 1634 2976 1703 Ἰώσηπον
2997 1637 3088 1688 τὸν
3115 1637 3433 1707 συγγραφέα
3457 1638 3764 1706 ὑποχείριον
3783 1637 3976 1706 ἐποιήο

2394 1741 2544 1778 σατο.
2614 1725 2842 1797 Ἀνήχθη
2891 1727 2946 1779 δὲ
2990 1729 3046 1779 ἐν
3086 1727 3275 1799 Ῥώμῃ
3309 1728 3694 1797 ἀναγορευθεὶς
3741 1728 3841 1780 ὑπὸ
3871 1727 3972 1779 τοῦ

2402 1815 2635 1884 στρατοῦ
2672 1816 2948 1885 βασιλεὺς,
2984 1817 3298 1870 καταλιπὼν
3331 1819 3487 1870 Τῖτον
3515 1818 3606 1869 τὸν
3642 1818 3755 1870 υἱὸν
3801 1817 3970 1869 αὐτοῦ

2388 1909 2486 1977 τὴν
2549 1907 2910 1977 Παλαιστίνην
2963 1909 3292 1978 πολιορκεῖν.
3348 1910 3438 1980 Τῷ
3470 1911 3671 1980 πρώτῳ
3703 1911 3811 1962 ἔτει
3865 1910 3975 1962 Οὐ-

2392 1999 2724 2052 εσπασιανοῦ
2748 2002 2776 2053 6
2818 2001 2945 2063 ναὸς
2975 2001 3068 2053 τοῦ
3111 2001 3458 2054 Καπιτωλίου
3494 2003 3829 2072 ἐνεπρήσθη,
3873 2003 3972 2054 καὶ

2391 2091 2470 2159 τῷ
2498 2089 2536 2142 ε’
2566 2091 2674 2143 ἔτει
2707 2092 3106 2160 οἰκοδομεῖσθαι
3130 2093 3260 2163 παρ’
3283 2094 3448 2147 αὐτοῦ
3477 2095 3700 2165 ἤρξατο.

2463 2183 2597 2236 Μετ’
2631 2183 3039 2237 Οὐεσπασιανὸν
3096 2185 3254 2249 Τῖτος
3288 2188 3316 2239 6
3351 2187 3463 2249 υίὸς
3495 2187 3658 2240 αὐτοῦ
3687 2187 3970 2240 ἐϐασίλευ-

2396 2290 2488 2325 σεν
2519 2273 2611 2343 ἔτη
2637 2274 2782 2343 τρία.
2813 2269 2982 2338 Οὗτος
3016 2278 3296 2347 πολιορκεῖ
3345 2278 3414 2330 τὰ
3447 2279 3816 2349 Ἱεροσόλυμα,
3869 2283 3969 2332 καὶ

2393 2367 2492 2436 τὴν
2522 2367 2673 2419 πόλιν
2728 2367 2823 2419 καὶ
2867 2367 2960 2419 τὸν
2992 2369 3120 2421 ναὸν
3149 2371 3427 2442 ἐμπιπρᾷ,
3478 2370 3660 2436 καθὼς
3706 2371 3974 2442 Ἰώσηπος

2397 2460 2615 2526 ἱστορεῖ.
2655 2449 2824 2521 Οὗτος
2847 2459 3096 2522 ἀπειλαῖς
3124 2462 3218 2514 καὶ
3241 2463 3301 2515 οὐ
3333 2464 3628 2533 τιμωρίαις
3652 2463 3777 2526 τούς
3805 2465 3976 2516 ὑπευο

2395 2548 2586 2612 θύνους
2612 2549 2813 2618 ἐφόϐει.
2849 2551 3236 2614 Βασιλεύοντος
3265 2553 3374 2623 γὰρ
3401 2554 3564 2607 αὐτοῦ
3595 2557 3655 2607 οὐ
3691 2555 3974 2624 παρῆλθεν

2395 2639 2576 2709 ἡμέρα
2605 2633 2712 2711 ἐνῇ
2742 2639 2913 2711 δῶρόν
2948 2658 3000 2694 τι
3031 2641 3137 2696 τῶν
3166 2643 3425 2713 ὑπηκόων
3454 2644 3562 2697 τινὶ
3586 2645 3617 2715 ἢ
3645 2645 3973 2716 εὐεργεσίαν

2394 2730 2456 2782 οὐ
2481 2731 2776 2800 παρέσχεν.
2811 2733 3006 2798 Ἔλεγε
3047 2733 3156 2802 γὰρ
3191 2735 3456 2803 βασιλέως
3482 2734 3620 2788 εἶναι
3649 2736 3876 2808 γνώμην
3909 2740 3977 2791 τὸ

2397 2821 2706 2890 εὐεργετεῖν
2737 2823 2832 2874 καὶ
2861 2823 2920 2874 ἐν
2957 2825 3078 2886 ταῖς
3137 2825 3423 2894 αἱτήσεσιν
3470 2827 3772 2896 εὐεπήκοον
3805 2826 3976 2882 εἶναι.

2399 2913 2613 2973 Πάντας
2642 2912 2700 2964 δέ
2729 2913 2855 2976 τοὺς
2883 2914 3306 2983 ἐντυγχάνοντας
3351 2917 3499 2988 αὐτῷ
3533 2920 3889 2987 αἰτουμένῡυς
3920 2941 3979 2975 τι

2397 3004 2705 3057 συνετίθετο
2729 3005 2758 3058 ὃ
2779 3023 2832 3056 τι
2858 3008 2953 3059 καὶ
2978 3007 3267 3076 βούλοιντο.
3301 3011 3405 3062 Καί
3426 3028 3569 3075 τινος
3589 3013 3696 3064 τῶν
3729 3015 3982 3085 συνήθων

2397 3094 2794 3163 ἐρωτήσαντος,
2831 3097 2991 3149 Ὅτου
3010 3097 3172 3166 χάριν
3195 3099 3350 3152 τοῦτο
3368 3107 3561 3166 ποιεῖς,
3605 3103 3863 3164 πολλάκις
3899 3108 3980 3174 μὴ

2399 3186 2690 3257 ἐκπληρῶν
2724 3189 2822 3251 τὰς
2843 3189 3196 3258 ὐποσχέσεις;
3222 3222 3291 3233 -
3323 3193 3546 3257 Οὐδένα,
3573 3192 3722 3246 εἶπεν
3743 3197 3771 3247 6
3797 3197 3980 3260 Τῖτος,

2403 3278 2508 3330 ἀπὸ
2545 3277 2806 3346 βασιλέως
2855 3280 2935 3331 δεῖ
2964 3280 3290 3352 σκυθρωπὸν
3322 3285 3767 3353 ἀποπέμπεσθαι.
3804 3283 3976 3349 Οὗτος

2401 3371 2429 3423 ὁ
2458 3369 2612 3432 Τῖτος
2632 3368 2748 3441 ὥρᾳ
2777 3371 2970 3440 θέρους
2994 3375 3308 3444 πανήμερον
3351 3375 3711 3447 ὁδοιπορήσας
3743 3381 3836 3431 καὶ
3884 3382 3940 3431 αἱ
3964 3411 3982 3421 ο

2406 3463 2761 3532 μορραγήσας
2793 3463 2880 3516 διὰ
2905 3463 3015 3514 τῶν
3061 3468 3382 3536 μυκτήρων,
3417 3468 3522 3521 ὑπὸ
3568 3469 3722 3539 ἡλίου
3749 3487 3806 3522 τε
3843 3472 3980 3538 φλε-

2403 3555 2549 3623 χθεὶς
2576 3556 2670 3606 καὶ
2696 3555 2836 3607 πάνυ
2866 3556 3292 3626 λειποθυμήσας,
3320 3559 3400 3611 ἔτι
3433 3560 3756 3628 ἐμπνέοντος
3812 3564 3982 3615 αὐτοῦ

2406 3646 2658 3699 ἐνέϐαλεν
2708 3650 2734 3698 6
2763 3646 2991 3715 ἀδελφὸς
3029 3650 3195 3702 αὐτοῦ
3236 3653 3562 3720 Δομετιανὸς
3597 3655 3678 3717 είς
3729 3655 3981 3724 λάρνακα

2405 3738 2620 3808 ξυλίνην
2650 3739 2822 3809 χιόνος
2856 3739 3136 3809 γέμουσαν
3163 3741 3238 3803 ὠς
3263 3741 3422 3812 δῆθεν
3467 3741 3843 3814 θεραπεύσων,
3882 3749 3985 3798 καὶ

2405 3829 2750 3881 ἀπέκτεινεν.
2801 3831 2856 3882 Ὀ
2887 3829 3016 3897 γοῦν
3038 3830 3340 3901 θαυμάσιος
3355 3834 3510 3896 Τῖτος
3547 3836 3985 3904 φιλοσοφώτατος

2405 3920 2500 3970 καὶ
2530 3918 2963 3985 εὐγλωττότατος
2995 3921 3088 3974 καὶ
3132 3923 3578 3991 πολεμικώτατος
3627 3929 3719 3978 καὶ
3748 3927 3978 3995 μέτριος

2404 4011 2542 4076 ἄγαν
2566 4012 2846 4079 ὑπάρχων,
2875 4014 2968 4065 καὶ
2990 4015 3326 4087 ἀγαθοεργίᾳ
3351 4018 3513 4086 πολλῇ
3537 4020 3631 4071 καὶ
3654 4020 3980 4091 σωφροσύνῃ

2407 4104 2498 4153 καὶ
2524 4103 2838 4172 δικαιοσύνῃ
2871 4105 2966 4156 καὶ
3001 4099 3277 4175 ’φρονήσει
3310 4109 3703 4178 κοσμούμενος,
3759 4111 3984 4180 ἐκδηλο-

2405 4193 2566 4261 τέραν
2590 4195 2760 4246 ἅπασι
2785 4195 3052 4261 πεποίηκε
3088 4197 3185 4263 τὴν
3214 4197 3408 4250 ἑαυτοῦ
3443 4199 3790 4267 συμπάθειαν
3821 4201 3878 4252 ἐν
3906 4205 3978 4270 τῇ

2407 4283 2604 4335 ἁλώσει
2635 4284 2731 4352 τῆς
2771 4284 3147 4353 Ἰερουσαλήμ.
3185 4288 3396 4356 Σφόδρα
3431 4291 3538 4356 γὰρ
3567 4289 3829 4356 ἐπένθησε
3851 4294 3984 4354 τοὺς

2407 4373 2699 4441 θεηλάτους
2732 4375 3017 4437 Ἰουδαίους
3044 4376 3185 4440 τότε,
3217 4378 3310 4429 καὶ
3344 4379 3543 4446 μᾶλλον
3575 4379 3664 4431 τδν
3687 4379 3827 4433 θεῖεν
3852 4382 3985 4435 νίδν

2408 4463 2852 4532 πυρπολούμενον
2881 4467 3025 4535 ὁρῶν
3055 4468 3342 4535 ἐδάκρυσε,
3377 4470 3470 4522 καὶ
3498 4471 3588 4522 τὸν
3639 4471 3771 4524 Θεὸν
3823 4472 3985 4524 66-Ja-

725 4562 869 4631 piatn
890 4561 1200 4616 Judaorum
1221 4562 1633 4632 perversitatem
1693 4558 1992 4613 evenirent.
2048 4558 2296 4626 Cumque
2329 4591 2381 4650 Β

2329 4591 2381 4650 D
2417 4554 2607 4624 ώπησε
2639 4561 2824 4625 τυχεῖν
2858 4556 3040 4618 ἐλέους
3075 4558 3166 4610 καὶ
3186 4557 3536 4627 συγγνώμης,
3572 4561 3641 4612 δι’
3669 4557 3728 4615 οὐ
3750 4563 3808 4614 οὐ
3840 4565 3986 4614 κατὰ

727 4653 862 4706 urbe
887 4653 1070 4707 excisa
1095 4667 1219 4705 eum
1251 4652 1334 4704 sui
1387 4651 1648 4703 victorem
1705 4657 1867 4716 atque
1916 4649 2299 4714 triumphalem

727 4743 1112 4809 praedicarent,
1144 4743 1351 4810 respuit
1389 4756 1486 4795 eas
1513 4740 1932 4809 appellationes,
1961 4739 2150 4792 dicens
2191 4755 2300 4793 non

727 4848 787 4886 se
817 4833 918 4886 ista
951 4834 1207 4901 gessisse,
1255 4831 1348 4884 sed
1383 4829 1584 4882 divinae
1615 4829 1708 4881 ira;
1739 4843 1934 4880 manus
1987 4841 2298 4880 accommo-

729 4923 889 4978 dasse
914 4938 977 4977 ac
1004 4923 1390 4976 administrum
1427 4920 1620 4974 fuisse.
1650 4917 1778 4972 Inde
1804 4934 1928 4972 cum
1962 4920 2164 4973 virtute
2199 4934 2301 4973 sua

729 5019 782 5063 et
811 5010 980 5063 animi
1022 5009 1356 5062 demissione
1397 5009 1451 5060 in
1478 5008 1684 5062 honore
1716 5016 1770 5060 et
1817 5021 2002 5060 amore
2054 5008 2300 5060 omnium

730 5109 900 5165 esset,
928 5115 993 5155 eo
1032 5116 1141 5169 quo
1164 5101 1404 5154 diximus
1429 5100 1589 5153 modo
1624 5098 1849 5153 interiit.
1880 5096 2085 5152 Tantus
2120 5107 2301 5151 autem

730 5192 852 5258 ejus
883 5205 1060 5246 morte
1111 5190 1296 5244 Romae
1352 5189 1532 5244 luctus
1571 5189 1796 5244 obortus
1847 5187 1971 5253 fuit,
2030 5196 2088 5242 ut
2133 5189 2305 5242 multo

730 5289 976 5351 tempore
998 5283 1228 5336 virtutes
1261 5282 1382 5351 ejus
1406 5289 1902 5336 commemorantes
1933 5288 2096 5349 atque
2138 5296 2303 5350 repu-

729 5381 908 5426 tantes
940 5374 1154 5440 publice
1184 5383 1237 5425 et
1277 5372 1529 5440 priVatim
1560 5386 1658 5441 per
1702 5371 1893 5424 domos
1927 5380 2179 5438 tanquam
2204 5384 2308 5425 suo

730 5465 962 5534 quisque
995 5463 1297 5518 infortunio
1324 5473 1548 5533 accepto
1578 5464 1878 5531 plorarent.

2407 4645 2502 4712 τὴν
2543 4645 2738 4696 ἑαυτοῦ
2791 4646 3110 4714 προαίρεσιν
3163 4646 3336 4699 ταῦτα
3383 4648 3693 4716 γεγόνασιν,
3733 4649 3866 4701 ἀλλὰ
3894 4649 3989 4701 διὰ

2403 4737 2501 4805 τὴν
2530 4736 2753 4788 ἐκείνων
2807 4736 3072 4806 θεοστυγῆ
3105 4739 3459 4808 δυστροπίαν.
3507 4740 3672 4792 Ὅθεν
3718 4741 3782 4808 δὴ
3841 4745 3986 4809 μετὰ

2403 4829 2500 4896 τὴν
2524 4827 2722 4879 ἅλωσιν
2741 4827 2872 4895 πρὸς
2909 4828 3030 4890 τοὺς
3059 4830 3536 4898 ἀνακηρύττοντας
3557 4830 3716 4883 αὐτὸν
3748 4834 3986 4901 νικητὴν

2406 4920 2500 4970 καὶ
2529 4918 2890 4987 τροπαιοῦχον
2943 4918 3188 4972 διωθεῖτο
3229 4922 3327 4982 τὰς
3375 4922 3729 4992 ἀναρρήσεις,
3774 4922 3850 4984 ὡς
3878 4923 3984 4974 οὐκ

2404 5010 2566 5070 αὐτὸς
2590 5009 2875 5080 εἰργάσθαι
2897 5009 3071 5062 ταῦτα
3091 5012 3290 5080 φήσας,
3319 5011 3453 5064 ἀλλὰ
3482 5012 3726 5081 θεηλάτῳ
3745 5013 3836 5065 καὶ
3859 5012 3989 5082 θείς.⁵

2410 5103 2544 5170 ὀργῇ
2580 5101 3037 5171 καθυπουργῆσαι
3070 5103 3163 5158 καὶ
3205 5105 3300 5166 τὰς
3353 5106 3540 5174 χεῖρας
3571 5105 3986 5158 ἐπιδεδωκέναι.

2413 5193 2720 5245 Κάντεῦθεν
2753 5194 2930 5246 τοίνυν
2956 5193 3043 5246 διὰ
3070 5195 3168 5263 τὴν
3209 5195 3409 5265 ἀρετὴν
3466 5195 3632 5248 αὐτοῦ
3667 5199 3759 5248 καὶ
3791 5213 3990 5248 ταπει-

2413 5285 2754 5352 νοφροσύνην
2814 5285 3199 5352 παγγέραστος
3251 5288 3347 5339 καὶ
3398 5288 3813 5357 πανεπέραστος
3887 5304 3993 5354 γε-

2414 5375 2637 5443 νόμενος
2659 5374 2830 5436 οὕτως
2858 5374 3471 5444 ἐτελεύτησε.Τοσοῦτος
3496 5378 3552 5431 δὲ
3580 5379 3773 5448 θρῆνος
3796 5380 3886 5432 ἐπὶ
3915 5383 3986 5448 τῇ

2413 5467 2638 5534 τελευτῇ
2699 5463 2864 5518 αὐτοῦ
2911 5463 3142 5531 κατέσχε
3187 5465 3287 5534 τὴν
3320 5465 3538 5535 Ῥώμην
3587 5469 3660 5529 ὡς
3710 5469 3767 5519 ἐν
3805 5466 3989 5536 χρόνῳ

730 5556 912 5625 πολλῷ
1006 5555 1194 5608 τοῦτον
1249 5558 1796 5626 ἀπομνημονεύοντες
1870 5559 1965 5612 καὶ
2037 5558 2136 5620 τὰς
2215 5558 2416 5629 ἀρετὰς
2490 5559 2655 5612 αὐτοῦ
2715 5558 3157 5628 ἀναλογιζόμενοι
3220 5559 3454 5628 δημοσία
3517 5561 3609 5612 καὶ
3679 5561 3991 5627 κατόίκους

731 5648 977 5711 κλαίειν,
1041 5645 1230 5717 ὥσπερ
1287 5648 1473 5716 οἰκείῳ
1543 5648 1702 5700 πάθει
1762 5649 2122 5718 κατεχόμενος
2171 5649 2422 5714 ἕκαστος.

807 5741 962 5792 Anno
1009 5737 1131 5806 ejus
1171 5739 1415 5792 secundo
1446 5754 1698 5808 magnum
1751 5739 1854 5793 fuit
1898 5740 2083 5795 Romae
2128 5741 2314 5795 incen-

737 5826 908 5882 dium.
948 5827 1026 5880 Ac
1047 5829 1102 5882 S.
1129 5827 1194 5883 C.
1223 5825 1381 5883 Titus
1412 5828 1549 5885 deus
1587 5830 1888 5899 appellatus
1928 5840 2031 5887 est.
2069 5831 2117 5886 Is
2146 5831 2303 5888 Titus

2494 5741 2584 5810 Τῷ
2637 5742 2873 5812 δευτέρῳ
2919 5744 3028 5796 ἔτει
3074 5747 3265 5795 τούτου
3324 5744 3492 5811 μέγας
3549 5748 3874 5814 εμπρησμὸς
3930 5749 3993 5801 ἐν

2422 5830 2607 5903 Ῥώμῃ
2628 5833 2988 5900 ἐγένετο.Καὶ
3014 5837 3112 5904 τῆς
3144 5833 3446 5906 συγκλήτου
3477 5836 3864 5906 ψηφισαμένης
3893 5840 3996 5890 '1":-
