4248 6456
188 421 292 484 49.1

1301 425 1850 489 HISTORIARUM
1882 427 2414 493 COMPENDIUM.

3373 439 3482 504 422

188 553 287 600 τος
309 534 433 596 θεὸς
480 532 847 606 ἀνηγορεύθη.
884 531 1054 605 Οὗτος
1091 541 1120 594 ό
1144 543 1302 606 Τῖτος
1331 543 1390 596 ἐν
1414 543 1570 597 δυσὶν
1615 544 1777 598 ἐτεσιη

1895 542 2138 598 biennali
2171 544 2459 600 obsidione
2513 544 2888 619 Hierosolyma
2937 548 3084 620 cepit
3112 562 3346 622 eamque
3392 563 3480 610 to-

189 627 538 699 παραλαΰὼν
557 630 657 698 τὴν
672 630 738 683 Ίε
748 632 1223 704 ρουσαλὴμπᾶσαν
1248 635 1522 707 ἐνέπρησε
1549 637 1636 709 [Ρ.
1657 638 1786 712 218]

189 722 288 773 καὶ
316 719 576 789 ἠφάνισε,
607 721 793 785 καθὼς
822 721 1066 795 εἴρηται,
1103 727 1201 780 καὶ⁵
1228 727 1323 780 τὸν
1356 730 1485 782 ναὸν
1513 730 1788 802 ἐνέπρησε

188 811 342 866 κατὰ
363 813 466 883 τὴν
492 813 588 866 τοῦ
619 812 828 883 Κυρίου
881 817 1304 888 προαγόρευσιν.
1364 821 1642 876 Είπόντων
1678 824 1788 895 γὰρ

186 901 302 955 τῶν
322 902 584 972 μαθητῶν
636 906 767 976 περὶ
821 907 918 961 τοῦ
951 908 1098 980 ίεροῦ
1145 910 1227 963 ὅτι
1260 911 1432 975 λίθοις
1465 915 1656 979 καλοῖς
1693 917 1788 969 καὶ

188 993 514 1062 ἀναθήμασι
544 997 906 1068 κεκόσμηται,
939 997 1070 1068 ἔφη’
1097 1001 1284 1056 Ταῦτα
1308 1007 1380 1062 πί
1397 1038 1412 1061 ,
1429 1024 1485 1059 ⁵ιι
1509 1006 1544 1060 ἃ
1565 1006 1788 1076 θεωρεῖ-

185 1103 270 1147 τε,
321 1085 637 1140 ἐλεύσονται
685 1091 892 1160 ἡμέραι
927 1092 986 1145 ἐν
1011 1088 1100 1158 αἶς
1138 1097 1240 1150 ούκ
1270 1098 1608 1170 ἀφεθήσεται
1642 1099 1787 1165 λίθος

186 1179 284 1229 ἐπὶ
314 1176 487 1242 λίθον,
526 1179 585 1242 δς
614 1181 676 1233 ού
723 1181 1186 1256 καταλυθήσεται.
1215 1191 1390 1244 Ὅταν
1418 1192 1475 1244 δὲ
1506 1191 1656 1262 ἴδητε
1684 1211 1784 1245 κυ-

184 1272 504 1344 κλουμένην
537 1275 638 1344 τὴν
677 1275 1033 1350 Ἰερουσαλὴμ
1061 1281 1167 1334 ὑπὸ
1218 1283 1622 1350 στρατοπέδων,
1658 1285 1781 1340 τότε

182 1363 366 1429 γνῶτε
406 1366 490 1417 ὅτι
524 1366 756 1435 ἥγγικεν
790 1370 823 1438 ἡ
856 1370 1144 1440 ἐρήμωσις
1174 1374 1369 1444 αὐτῆς.
1403 1377 1541 1429 Οὐαὶ
1572 1377 1628 1430 δέ
1661 1382 1784 1442 ταῖς

185 1455 243 1504 ἐν
274 1454 484 1522 γαστρὶ
515 1453 770 1523 ἐχούσαις
792 1460 887 1512 καὶ
901 1460 1026 1523 ταῖς
1043 1460 1412 1530 θηλαζούσαις
1450 1467 1508 1518 ἐν
1543 1467 1783 1533 ἐκείναις

182 1546 307 1606 ταῖς
347 1545 611 1616 ἡμέραις.
649 1549 844 1604 Ἔσται
873 1550 985 1622 γὰρ
1013 1553 1226 1627 ἀνάγκη
1263 1557 1476 1630 μεγάλη
1511 1563 1607 1612 καὶ
1638 1561 1778 1631 ὀργὴ

180 1638 261 1708 τῷ
287 1639 406 1709 λαῷ
432 1641 632 1710 τούτῳ,
662 1644 758 1696 καὶ
789 1647 1084 1700 πεσοῦνται
1116 1650 1174 1702 ἐν
1200 1650 1433 1721 στόματι
1477 1655 1776 1721 ῥομφαίας,

181 1732 276 1782 καὶ
319 1733 935 1806 αἰχμαλωτισθήσονται
988 1741 1069 1803 είς
1111 1742 1289 1795 πάντα
1338 1743 1409 1797 τὰ
1473 1743 1624 1815 ἔθνη.
1671 1747 1778 1798 Καὶ

191 1821 558 1893 Ἰερουσαλὴμ.
583 1822 737 1879 ἔσται
759 1831 1076 1899 πατουμένη
1115 1831 1221 1884 ὑπὸ
1242 1831 1436 1899 ἐθνῶν,
1469 1835 1598 1905 ἄχρι
1640 1836 1776 1903 πλη-

182 1913 408 1978 ρωθῶσι
456 1915 644 1986 καιροὶ
672 1917 866 1972 ἐθνῶν.
898 1920 1010 1972 Καὶ
1040 1920 1196 1975 ἔσται
1221 1922 1402 1993 θλῖψις
1431 1925 1657 1996 τοιαύτη
1685 1929 1774 1980 οἵα

178 2005 240 2057 ού
272 2006 476 2074 γέγονε
507 2008 751 2073 πώποτε,
778 2011 889 2064 οὐδ’
909 2012 971 2064 ού
1004 2012 1079 2084 μὴ
1101 2012 1276 2070 ἔσται.
1299 2016 1488 2072 Ταῦτα
1516 2018 1573 2071 δέ
1594 2021 1775 2074 πάντα

179 2097 526 2152 πεπόνθασιν
550 2100 601 2152 oi
641 2100 825 2172 ἐχθροὶ
855 2103 957 2174 τῆς
982 2103 1132 2175 ζωῆς
1159 2104 1341 2162 αὐτῶν
1378 2110 1641 2180 Ἰουδαῖοι,
1671 2132 1773 2168 κυ-

181 2187 498 2258 ριευθέντες
533 2192 639 2245 ὑπὸ
654 2193 764 2246 τῶν
800 2192 1112 2266 Ῥωμαίων,
1149 2199 1226 2262 ὡς
1244 2201 1600 2274 ἀπωσάμενοι
1635 2208 1772 2276 Χρι-

178 2279 306 2332 στὸν
331 2280 429 2333 τδν
463 2281 690 2352 βασιλέα
715 2285 812 2339 τοῦ
840 2288 1045 2352 παντὸς
1074 2291 1170 2343 καὶ
1198 2292 1300 2362 τὴν
1330 2294 1442 2347 τῶν
1478 2296 1771 2366 Ῥωμαίων

179 2373 466 2436 βασιλείαν
486 2375 765 2443 δυσσεϐῶς
805 2383 1267 2454 ἐπισπασάμενοι,
1293 2387 1614 2459 κράζοντες,
1655 2395 1770 2448 Ούκ

176 2466 379 2534 ἔχομεν
405 2465 634 2534 βασιλέα
670 2469 720 2522 εί
747 2471 820 2540 μὴ
844 2470 1124 2545 Καίσαρα,
1144 2477 1258 2541 καὶ,
1277 2479 1350 2532 Τὸ
1370 2475 1506 2551 αἷμα
1533 2485 1768 2553 Χριστοῦ

175 2557 259 2622 ἐρ’
286 2556 445 2624 ἡμᾶς
470 2559 564 2612 καὶ
597 2561 689 2613 ἐπὶ
717 2563 788 2616 τὰ
811 2563 979 2618 τέκνα
1018 2568 1195 2638 ἡμῶν.
1243 2572 1336 2624 Διὸ
1363 2573 1454 2624 καὶ
1479 2574 1642 2645 μέχρι
1667 2577 1768 2645 τῆς

174 2646 496 2712 συντελείας
523 2649 623 2720 τὴν
649 2652 730 2714 είς
750 2652 818 2706 τὰ
846 2653 974 2724 ἔθνη
1001 2657 1180 2711 πάντα
1210 2658 1515 2730 διασπορὰν
1548 2666 1640 2714 καὶ
1671 2680 1766 2716 τα-

173 2737 491 2809 λαιπωρίαν
524 2742 741 2807 ἕξουσιν
760 2745 942 2800 αὐτῶν
976 2747 1046 2801 τὰ
1092 2748 1280 2813 τέκνα,
1321 2752 1572 2825 καθάπερ
1623 2756 1766 2819 τινὲς

170 2828 450 2898 δραπέται
485 2837 797 2903 μαστιγίαι,
857 2840 1027 2909 μηδὲν
1057 2841 1166 2894 τῶν
1213 2843 1463 2912 νομίμων
1492 2847 1764 2900 ἐπιτελεῖν

169 2920 487 2992 δυνάμενοι.
523 2925 862 2998 ’Υποφόρους
883 2930 994 2999 γὰρ
1026 2931 1240 3002 ἔχοντες
1270 2935 1469 2998 αὐτοὺς
1500 2937 1764 3006 Ῥωμαῖοι

168 3014 270 3064 οὐκ
325 3014 462 3066 ἐῶσι
515 3018 628 3080 τοῖς
666 3018 818 3082 ἰδίοις
851 3021 1157 3091 κεχρῆσθαι
1191 3023 1578 3095 δικαιώμασιν,
1613 3030 1764 3082 ἐπει-

170 3105 351 3174 δήπερ
375 3106 643 3170 ἑκουσίως
667 3110 1164 3183 ἐπεσπάσαντοτὴν
1193 3114 1460 3183 δουλείαν,
1491 3120 1759 3186 εἰπόντες,

1891 641 2002 688 tam
2043 637 2308 689 cremavit
2343 647 2507 705 atque
2535 637 2756 701 delevit,
2799 640 3184 712 templumque
3207 642 3478 710 incendit,

1889 723 2052 780 sicuti
2085 726 2350 780 Dominus
2382 726 2548 796 382
2574 727 2920 792 praedixerat.
2950 731 3087 785 Cum
3122 732 3269 788 enim
3302 733 3352 788 ei
3383 733 3476 790 di-

1893 816 2091 887 scipuli
2155 818 2406 874 dicereut
2469 818 2733 889 templum
2787 820 3034 888 pulchris
3087 823 3360 894 lapidibus
3420 835 3480 882 et

1888 908 2134 964 donariis
2151 924 2273 964 esse
2295 922 2644 977 exornatum,
2669 912 2805 966 dixit
2827 914 2874 944 "
2908 932 2922 968 :
2953 913 3192 986 Tempus
3212 921 3317 973 erit
3347 935 3472 974 cum

1887 997 1955 1052 de
1985 998 2088 1052 hoc
2121 1000 2268 1069 quod
2295 1001 2500 1056 videtis
2548 1001 2771 1072 templo,
2834 1019 2944 1058 non
3015 1011 3290 1076 supererit
3334 1010 3474 1079 lapis

1887 1091 2049 1145 alteri
2077 1093 2246 1161 lapidi
2268 1092 2516 1163 junctus.
2544 1095 2679 1149 Cum
2713 1103 2894 1151 autem
2950 1097 3095 1170 cingi
3139 1102 3475 1160 exercitibus

1885 1182 2265 1254 Hierosolyma
2322 1184 2598 1251 videbitis,
2645 1195 2759 1242 tum
2827 1190 3124 1260 cogitatote
3164 1195 3477 1264 appetiisse

1885 1275 2006 1344 ejus
2045 1275 2345 1330 excidium.
2385 1275 2479 1330 Vze
2513 1271 2694 1332 autem
2727 1282 3138 1351 praegnantibus
3178 1292 3231 1338 et
3257 1285 3470 1339 lactan-

1885 1366 2035 1418 tibus
2077 1365 2183 1421 isto
2206 1375 2470 1436 tempore.
2503 1367 2752 1438 Magnam
2783 1373 2929 1425 enim
2969 1372 3047 1425 ira
3074 1373 3168 1427 Dei
3225 1377 3474 1430 necessi-

1887 1457 2137 1512 tudinem
2211 1460 2342 1514 huic
2387 1462 2592 1530 populo
2651 1461 2936 1531 immittet;
2985 1477 3040 1520 et
3098 1466 3297 1521 cadent
3355 1469 3481 1525 acie

1885 1551 2041 1619 ferri,
2095 1567 2158 1606 ac
2218 1554 2417 1624 captivi
2479 1555 2827 1611 abducentur
2887 1557 2955 1611 ad
3011 1575 3203 1616 omnes
3255 1569 3473 1630 gentes,

1882 1646 2408 1717 conculcabiturque
2445 1647 2826 1720 Hierosolyma
2873 1666 2901 1703 a
2967 1652 3239 1719 barbaris,
3291 1654 3475 1709 donec

1881 1747 2099 1808 tempus
2136 1743 2378 1807 gentium
2408 1743 2719 1811 impleatur.
2773 1744 3060 1814 Tantaque
3099 1747 3206 1800 erit
3238 1748 3467 1801 calami-

1882 1836 1989 1896 tas,
2023 1839 2229 1900 quanta
2265 1849 2444 1899 neque
2477 1835 2630 1903 prius
2660 1837 2871 1891 exstitit
2901 1853 3077 1908 neque
3104 1848 3292 1909 postea
3312 1837 3479 1894 ‘exsio

1882 1929 2012 1976 stet.
2056 1921 2183 1976 Haec
2203 1923 2384 1976 omnia
2412 1927 2658 1996 perpessi
2684 1937 2812 1982 sunt
2852 1928 3039 1984 hostes
3075 1945 3186 1985 sua:
3217 1930 3464 2000 ipsorum

1882 2011 2004 2067 vitae
2037 2011 2230 2077 Judasi,
2266 2030 2296 2069 a
2329 2014 2589 2072 Romanis
2622 2019 2677 2073 in
2713 2022 3034 2076 servitutem
3057 2024 3183 2086 acti,
3205 2025 3348 2095 quod
3380 2041 3476 2080 τεο

1882 2121 2004 2175 gem
2061 2107 2307 2163 universi
2374 2109 2658 2165 Christum
2713 2125 3058 2184 respuerant,
3109 2115 3474 2187 Romanoque

1882 2197 2112 2266 imperio
2144 2199 2310 2270 impie
2339 2217 2464 2257 sese
2501 2203 2843 2275 subjicerant
2867 2207 3226 2264 clamando“
3247 2225 3464 2282 gregem

1881 2297 2078 2358 praeter
2104 2291 2375 2349 Caesarem
2405 2296 2617 2350 utilium
2675 2298 2966 2364 habemus,
3027 2301 3158 2356 item
3223 2300 3470 2373 Sanguis

1879 2378 2086 2435 Christi
2123 2383 2283 2438 nobis
2328 2385 2648 2456 nostrisque
2697 2385 2999 2457 imputetur
3029 2389 3238 2446 liberis.
3272 2390 3471 2462 Itaque

1879 2469 2043 2524 etiam
2087 2471 2154 2525 ad
2187 2481 2494 2528 extremum
2549 2491 2727 2546 usque
2767 2477 3066 2547 posteritas
3121 2494 3309 2535 eorum
3366 2497 3472 2552 per

1878 2564 2128 2619 nationes
2159 2565 2507 2638 dispergetur
2536 2577 2590 2624 et
2625 2569 2916 2638 adligetur,
2968 2572 3147 2626 instar
3202 2573 3471 2644 fugitivo-

1877 2669 1999 2708 rum
2033 2663 2087 2709 et
2117 2659 2266 2712 notis
2319 2669 2777 2729 compunctorum
2840 2679 3150 2730 servorum,
3216 2667 3462 2738 nihilque

1875 2747 2178 2801 secundum
2224 2750 2396 2820 legem
2456 2765 2620 2820 agere
2669 2752 2735 2807 iis
2787 2755 3158 2821 permittetur.
3227 2754 3458 2811 Romani

1873 2836 2018 2890 enim
2052 2851 2176 2891 cum
2202 2853 2297 2892 eos
2336 2838 2574 2894 habeant
2625 2842 3040 2912 stipendiarios,
3102 2861 3209 2900 non
3269 2848 3465 2902 sinunt

1875 2927 2110 2995 propriis
2145 2929 2221 2981 uti
2252 2929 2486 2999 legibus,
2517 2931 2638 2986 ideo
2670 2933 2797 3001 quia
2832 2934 2977 2988 ultro
3011 2935 3076 2990 iis
3103 2951 3164 2991 se
3194 2937 3250 2991 in
3284 2940 3463 2994 servi-

1873 3024 2042 3071 tutem
2072 3018 2413 3085 addixerant,
2445 3036 2570 3076 cum
2602 3024 3035 3081 vociferarentur
3063 3042 3123 3084 se
3152 3043 3259 3084 non
3288 3030 3463 3085 alium.

1872 3105 2079 3162 habere
2139 3124 2322 3183 regem
2359 3127 2522 3179 quam
2586 3112 2885 3171 Caesarem.
2941 3117 3073 3172 Item
3137 3120 3242 3176 nisi
3291 3120 3459 3178 Chri-

170 3197 286 3249 Οὐκ
321 3195 527 3266 ἔχομεν
570 3199 796 3269 βασιλέα
830 3204 876 3255 εἰ
909 3203 985 3273 μὴ
1015 3204 1294 3276 Καίσαρα,
1363 3211 1477 3272 καὶ,
1528 3211 1653 3263 Ἐὰν
1686 3213 1760 3282 μὴ

1881 3207 2014 3254 stum
2059 3202 2396 3266 occidamus,
2434 3219 2626 3260 omnes
2658 3206 2706 3262 ei
2742 3209 2902 3262 tidem
2937 3211 3295 3279 adhibebunt,
3355 3229 3454 3269 ree

168 3286 591 3355 ἀποκτείνωμεν
629 3288 720 3341 τὸν
754 3289 1022 3360 Χριστὸν,
1083 3295 1282 3356 πάντες
1320 3299 1400 3359 είς
1445 3299 1607 3352 αὑτὸν
1666 3319 1757 3353 πι-

169 3375 482 3439 στεύσουσι,
521 3380 613 3429 καὶ
639 3379 953 3432 ἐλεύσονται
989 3383 1040 3434 oi
1076 3383 1340 3452 Ῥωμαῖοι
1373 3389 1466 3441 καὶ
1525 3390 1750 3460 ἀροῦσιν

168 3466 330 3536 ὴμῶν
363 3467 458 3518 τὸν
486 3467 654 3521 τόπον
694 3470 788 3521 καὶ
819 3470 883 3522 τὸ
938 3470 1111 3536 ἔθνος.
1167 3475 1238 3526 Οἵ
1276 3492 1339 3542 γε
1393 3478 1487 3529 καὶ
1534 3478 1758 3544 ἄκοντες

167 3558 615 3627 προεφήτευσαν.
665 3559 777 3612 Καὶ
827 3561 936 3631 γὰρ
992 3563 1327 3618 ἐπίστευσαν
1373 3569 1452 3630 εἰς
1488 3571 1652 3622 αὑτὸν
1688 3573 1758 3625 τὰ

166 3648 317 3717 ἔθνη,
348 3649 445 3701 καὶ
471 3650 629 3702 αὐτοὶ
674 3651 774 3720 τὴν
804 3652 1054 3718 ἐξουσίαν
1090 3656 1194 3708 ὑπὸ
1230 3658 1522 3727 Ῥωμαίων
1547 3663 1756 3734 ἀφηρέ-

165 3741 343 3810 θησαν
383 3741 479 3793 καὶ
531 3742 629 3809 τὴν
684 3743 962 3811 λατρείαν,
1011 3747 1473 3818 κεκωλυμένοιδὲ
1525 3747 1631 3805 εἱσι
1664 3757 1755 3806 καὶ

165 3836 417 3902 ἀναιρεῖν
467 3833 562 3895 οὒς
596 3833 811 3888 θέλουσι
863 3838 958 3892 καὶ
990 3838 1138 3894 θύειν
1169 3841 1278 3894 ὅτε
1313 3843 1621 3912 βούλονται.
1664 3849 1755 3900 Διὸ

165 3926 257 3977 καὶ
286 3925 688 3996 ἐπικατάρατοί
721 3930 848 3992 είσι,
885 3930 959 4000 μὴ
993 3931 1285 4002 δυνάμενοι
1330 3940 1508 3988 ποιεῖν
1538 3937 1605 3990 τὰ
1640 3939 1753 3991 δια-

162 4019 499 4086 τεταγμένα.
562 4017 998 4091 Ἐπικατάρατος
1025 4024 1158 4093 γὰρ,
1182 4027 1340 4096 φησὶ,
1393 4032 1502 4091 πᾶς
1546 4029 1602 4092 ὃς
1647 4032 1751 4084 ούκ

162 4107 394 4175 ἐμμένει
449 4110 584 4161 πᾶσι
639 4114 749 4174 τοῖς
777 4115 1186 4184 γεγραμμένοις
1220 4119 1278 4180 ἐν
1314 4116 1392 4186 τῷ
1426 4119 1626 4190 Βιΰλῖῳ
1658 4122 1750 4175 τοῦ

162 4198 348 4265 νόμον,
382 4198 480 4250 τοῦ
513 4202 732 4268 ποιῆσαι
763 4205 922 4259 αὑτά.
962 4207 1250 4262 Ἀδύνατον
1279 4210 1336 4262 δέ
1368 4212 1516 4264 ἐστιν
1549 4216 1604 4264 ἐν
1638 4216 1752 4266 δια·

162 4288 344 4356 σπορᾷ
372 4288 580 4355 μεταξὺ
619 4289 807 4353 ἔθνους
825 4293 985 4356 ὄντας
1014 4297 1233 4360 πάντως
1262 4299 1533 4353 ἐπιτελεῖν
1549 4305 1749 4366 αὐτοὺς

159 4379 224 4429 τὰ
253 4377 351 4429 τοῦ
378 4378 548 4447 νόμου
597 4382 692 4432 καὶ
723 4381 820 4452 τὴν
868 4383 1127 4456 λατρείαν
1161 4389 1218 4440 ἐν
1261 4389 1343 4441 ἐνὶ
1391 4392 1541 4460 τόπῳ
1585 4410 1745 4463 περι-

162 4472 584 4544 γεγραμμένην,
614 4473 690 4536 ὡς
723 4476 781 4528 ἐν
821 4474 966 4546 λόγῳ
1025 4479 1233 4549 Κυρίου
1267 4483 1504 4552 Μωῦσῆς
1559 4484 1734 4537 διετὰ-

159 4558 309 4619 ξατο.

226 4652 294 4704 Τί
327 4651 423 4705 οὖν
462 4653 601 4722 πρὸς
634 4655 806 4708 ταῦτά
838 4674 995 4725 φατε,
1028 4653 1073 4712 ὧ
1135 4661 1415 4730 Ἰουδαῖοις
1466 4666 1576 4718 Καὶ
1608 4668 1659 4719 τί
1683 4669 1742 4718 τὶ)

158 4739 333 4791 αἴτιον
367 4739 481 4792 τῶν
511 4742 785 4795 τοσούτων
819 4744 916 4797 καὶ
939 4745 1276 4814 τηλικούτων
1306 4752 1448 4820 ὑμᾶς
1486 4755 1740 4824 κατειλη-

160 4830 340 4895 ⁹,νότων
362 4829 588 4896 κακῶν;
620 4826 768 4901 Ἀρά
789 4850 853 4900 γε
881 4838 1148 4905 συνήκατε
1164 4839 1266 4890 ’ὅτι
1285 4842 1384 4893 οὐκ
1420 4844 1498 4904 είς
1521 4845 1744 4912 ὁμόδου-

159 4922 266 4984 λον,
294 4920 414 4974 ἀλλ’
446 4923 524 4982 εἰς
549 4922 681 4974 Θεὸν
711 4930 1214 4996 προσκεκρουκὸτες
1248 4932 1471 4995 εἰκότως
1503 4934 1588 5004 [Ρ.
1611 4937 1739 5009 219]

155 5013 331 5064 ταῦτα
363 5011 671 5067 πεπόνθατε
693 5015 785 5067 καὶ
817 5017 1178 5085 άσύγγνωστα
1208 5021 1482 5092 πάσχετε;
1514 5025 1741 5090 Ἡσαΐας

158 5105 262 5174 γὰρ
281 5101 419 5172 περὶ
443 5103 599 5172 ὑμῶν
627 5107 691 5158 ἐκ
713 5106 1006 5176 προσώπου
1023 5109 1158 5164 Θεοῦ
1177 5129 1340 5183 φησιν
1356 5130 1371 5146 ο
1404 5115 1568 5182 Υίοὺς
1587 5120 1740 5188 ἐγέν-

157 5212 294 5264 νησα
327 5196 422 5247 καὶ
455 5193 670 5264 ὕψωσα,
696 5199 852 5252 αὐτοὶ
881 5198 938 5252 δέ
955 5217 1020 5269 με
1039 5201 1332 5274 ἠθέτησαν.
1361 5208 1468 5260 Καὶ
1497 5210 1549 5260 τί
1575 5215 1734 5283 ποιή-

160 5307 232 5343 σω
272 5287 355 5357 τῷ
385 5287 673 5356 ἀμπλῶνί
703 5307 824 5359 μου,
881 5293 975 5344 καὶ
1007 5293 1107 5345 οὐκ
1133 5296 1364 5366 ἐποίησα
1391 5299 1568 5369 αύτῷ;
1593 5304 1734 5357 Διότι

1875 3291 2137 3362 nicnlqne
2186 3292 2417 3349 Romani
2447 3297 2608 3367 383
2643 3309 2697 3354 et
2744 3301 2934 3356 urbem
2988 3313 3314 3376 gentemque
3349 3323 3454 3362 no-

1869 3395 2036 3438 stram
2065 3386 2339 3457 subigent.
2378 3387 2441 3443 Et
2477 3392 2700 3460 quidem
2745 3409 2854 3449 non
2889 3405 3080 3465 sponte
3109 3413 3231 3459 sua,
3265 3407 3448 3454 tamen

1870 3477 2149 3531 vaticinati
2176 3487 2307 3534 sunt
2347 3497 2362 3540 ;
2404 3496 2527 3534 nam
2551 3486 2873 3540 etnationcs
2893 3486 3291 3545 Christumiide
3317 3499 3455 3546 sunt

1868 3568 2122 3636 amplexi,
2146 3577 2200 3624 ct
2234 3571 2366 3639 ipsis
2397 3570 2630 3627 Romani
2665 3576 2952 3644 imperium
2997 3581 3315 3650 cultumque
3348 3597 3448 3638 sa-

1867 3676 2085 3714 crorum
2122 3663 2466 3733 eripuerunt,
2503 3674 2558 3720 et
2610 3682 2787 3735 neque
2837 3668 3148 3726 interﬁcere
3197 3673 3264 3726 iis
3319 3673 3449 3727 licet

1865 3766 2006 3818 quos
2056 3753 2270 3817 volunt,
2326 3773 2502 3825 neque
2556 3761 2869 3814 sacriﬁcare
2919 3763 3135 3830 quoties
3190 3766 3446 3834 cupiunt.

1865 3840 1986 3904 Quo
2023 3841 2082 3894 iit
2115 3848 2562 3901 utcxsecrationi
2610 3849 2720 3905 siut
2755 3853 3000 3913 obnoxii,
3034 3869 3160 3907 cum
3196 3856 3349 3912 obire
3381 3873 3443 3913 ea

1860 3946 1980 4000 quae
2007 3934 2215 4003 legibus
2239 3939 2503 4006 jubcutur
2539 3956 2647 3995 non
2675 3944 2909 4011 possint.
2948 3946 3025 3998 ita
3051 3948 3195 4000 enim
3223 3950 3307 4003 lex
3342 3952 3447 4004 ait:

1863 4023 2198 4081 Exsecralus
2232 4041 2352 4083 esto
2378 4034 2693 4102 quicunque
2713 4050 2819 4088 non
2846 4040 3030 4092 omnia
3058 4057 3182 4109 quae
3215 4043 3268 4095 in
3303 4044 3448 4098 libro

1860 4115 1996 4184 ivgis
2029 4119 2231 4189 scripta
2262 4133 2411 4187 sunt,
2443 4124 2700 4180 observat
2744 4137 2910 4196 atque
2963 4141 3188 4198 praestat
3217 4134 3283 4187 ".
3320 4133 3440 4189 Jam

1867 4208 1979 4262 lieri
2010 4211 2160 4264 nullo
2185 4212 2348 4267 modo
2376 4223 2556 4282 potest
2584 4225 2646 4268 ut
2677 4219 2772 4285 qui
2805 4219 2931 4272 hinc
2969 4221 3096 4276 inde
3131 4238 3226 4291 per
3267 4241 3442 4295 popu-

1857 4301 2015 4366 pulos
2057 4301 2288 4372 dispersi
2339 4308 2473 4369 sint,
2543 4309 2579 4362 ii
2627 4326 2847 4364 omnem
2901 4313 2994 4367 Dei
3057 4316 3265 4371 cultum
3323 4320 3440 4388 lege

1855 4390 2099 4447 Mosaica
2147 4399 2533 4468 prmscriptum
2580 4417 2816 4472 eumque
2881 4406 2974 4459 uni
3024 4408 3147 4462 loco
3211 4408 3435 4468 atﬁxuta

1856 4484 2077 4537 obeant.

1921 4661 1990 4714 At
2019 4676 2138 4728 vos,
2166 4661 2364 4728 Judaei,
2394 4668 2524 4736 quid
2557 4670 2623 4724 ad
2677 4671 2792 4727 haec
2822 4673 3047 4730 dicitis?
3079 4677 3211 4742 Quae
3255 4695 3429 4737 causa

1850 4764 1933 4809 cst
1958 4763 2036 4810 tot
2064 4763 2452 4830 tantorumque
2471 4763 2737 4818 malorum
2765 4783 2884 4835 quae
2909 4770 3062 4825 vobis
3092 4777 3436 4831 evenerunt?

1851 4847 2233 4919 lntelligitisne
2284 4869 2405 4908 eam
2451 4871 2594 4920 esse,
2639 4861 2787 4927 quod
2822 4865 3020 4919 nonin
3073 4882 3429 4937 conservum,

1848 4940 1941 4994 sed
1967 4942 2023 4994 in
2053 4941 2231 5008 ipsum
2269 4943 2436 5000 Deum
2467 4947 2799 5015 offendistis,
2828 4953 3060 5024 ideoque
3090 4968 3201 5013 tam
3232 4975 3429 5030 graves

1848 5029 1968 5083 sine
1998 5031 2155 5084 venia
2185 5047 2375 5101 poenas
2419 5035 2656 5102 penditis
2682 5039 2706 5091 ‘l
2738 5039 2870 5094 Nam
2905 5041 3073 5099 Isaias
3104 5029 3324 5114 quidem
3359 5049 3428 5104 de

1847 5122 2001 5175 vobis
2023 5123 2125 5176 sub
2149 5139 2377 5192 persona
2395 5126 2590 5199 Deilsic
2619 5131 2861 5202 loquitur
2881 5135 2929 5168 "
2952 5154 2968 5192 :
2987 5135 3157 5193 Filios
3179 5142 3344 5209 genui
3370 5149 3426 5198 et

1845 5214 2161 5284 extuli,ipsi
2195 5225 2378 5272 autem
2411 5236 2497 5275 me
2520 5237 2845 5291 spreverunt
2870 5228 2940 5280 ’⁷.
2975 5229 3127 5294 Item,
3148 5229 3422 5296 Quidnam

1845 5317 2017 5364 restat
2043 5310 2183 5378 quod
2212 5312 2391 5368 adhuc
2424 5315 2478 5369 in
2510 5319 2731 5372 vineam
2766 5321 2923 5374 istam
2956 5322 3161 5378 laboris
3205 5326 3421 5394 impen-

157 5382 349 5450 ἔμεινα
393 5381 484 5433 ἵνα
541 5383 746 5456 ποιήσῃ
789 5385 1087 5455 σταφυλὴν,
1123 5389 1349 5461 ἐποίησε
1379 5391 1435 5444 δὲ
1465 5393 1734 5459 ἀκάνθας.

1881 5417 1987 5467 am,
2018 5401 2160 5471 quod
2206 5406 2450 5460 nondum
2486 5409 2845 5478 impenderim
2875 5411 2897 5464 ?
2930 5412 3259 5482 Exspectavi
3283 5381 3416 5471 dum

158 5473 261 5525 Καὶ
289 5472 486 5541 ἔμεινα
519 5473 606 5526 ἶνα
650 5476 854 5546 ποιήσῃ
888 5479 1093 5549 κρίσιν,
1133 5481 1359 5554 ἐποίησε
1401 5485 1457 5536 δὲ
1481 5486 1732 5556 ἀνομίαν,

157 5565 244 5614 καὶ
275 5563 335 5614 οὗ
364 5563 733 5632 δικαιοσύνην,
753 5565 889 5619 ἀλλὰ
910 5571 1180 5640 κραυγήν.
1211 5572 1377 5636 Ποίας
1409 5573 1464 5626 δὲ
1491 5576 1735 5643 ἀκάνθας

1837 5508 1972 5546 uvas
1997 5493 2326 5561 produceret
2354 5513 2367 5549 :
2399 5499 2537 5554 Ecce
2560 5509 2740 5555 autem
2768 5503 2960 5572 spinas
3006 5508 3253 5576 protulit.
3305 5508 3417 5563 Ex-

1837 5583 2080 5651 spcctavi
2124 5585 2254 5640 dum
2288 5589 2439 5657 juste
2464 5603 2709 5660 agerent,
2737 5596 2833 5650 sed
2888 5597 3215 5666 iniustitiam
3250 5599 3329 5654 illi
3358 5611 3413 5656 et

155 5652 303 5722 λέγει
334 5657 431 5706 καὶ
462 5654 624 5706 ποίαν
655 5657 887 5726 ἀνομίαν
922 5661 1017 5714 καὶ
1048 5665 1334 5734 κραυγήν;
1370 5666 1436 5721 Ἢ
1466 5668 1729 5739 δηλονότι,

1881 5676 2285 5734 ncilerationem
2348 5683 2660 5740 ediderunt.
2721 5687 2872 5753 Quas
2916 5706 3048 5746 vero
3106 5693 3298 5762 spinas
3356 5705 3412 5751 et

2653 5789 2655 5791 .
3186 5767 3205 5796 \

221 5836 269 5867 ³⁸
294 5837 493 5892 Matth.
517 5841 748 5910 xxiv.‘2;
784 5842 914 5900 Luc.
941 5846 1124 5914 xxt,6.
1200 5849 1246 5878 ”
1266 5846 1456 5903 Matth.
1495 5852 1772 5918 xxvn,‘:’.5.

1851 5839 1896 5885 δ’
1929 5854 2082 5910 Deut.
2121 5875 2285 5924 χχι-ιι,
2319 5864 2381 5915 15
2413 5882 2563 5936 seqq.
2645 5870 2691 5902 ¹⁸
2731 5867 2833 5926 lsa.
2862 5886 2896 5934 l,
2929 5873 2980 5926 2.
3063 5876 3107 5908 ’⁷
3135 5872 3237 5931 isa.
3279 5876 3406 5942 νβ.
