4248 6456
249 442 351 506 437

1347 444 1889 506 HISTORIARUM
1927 442 2460 506 COMPENDIUM.

3415 431 3523 496 438

253 560 350 609 σὺν
400 553 476 620 τῷ
537 554 846 626 ἡγουμένῳ,
907 555 1088 620 καθὼς
1149 557 1360 626 ἀλόγως
1409 559 1608 612 οἴονταί
1663 575 1827 623 τινες,

1936 559 2106 612 Pilato
2128 558 2287 612 illatm
2317 565 2465 613 sunt.
2498 554 2576 609 Ac
2606 567 2674 607 ne
2701 549 3014 606 existiment
3043 545 3218 602 διιθεί
3246 561 3305 602 se
3330 548 3528 622 aedem.

247 647 405 711 ἀλλά,
439 648 732 717 Διαφθερεί
762 649 790 699 6
842 648 1038 720 Πατὴρ
1075 649 1168 702 τὸν
1200 650 1328 702 ναὸν
1378 651 1472 702 καὶ
1527 650 1627 718 τὴν
1660 650 1834 712 πόλιν,

254 737 707 807 συμπράττοντος
735 739 977 816 δηλονότι
1028 739 1122 793 καὶ
1151 740 1245 793 τοῦ
1274 741 1701 809 παροινηθέντος
1744 740 1837 793 ὑπ’

250 831 435 884 αὐτῶν
469 831 794 902 ἡγουμένου.
820 833 958 902 Περὶ
994 825 1055 886 οὗ
1089 849 1255 901 φησιν
1284 834 1311 886 6
1337 831 1534 886 Ἰακὼϐ
1573 832 1708 902 πρὸς
1738 831 1837 901 τήν

246 923 518 992 Βηθλεέμ·
540 923 634 978 Ἐκ
647 923 740 976 σοῦ
764 922 1104 988 ἐξελεύσεται
1123 924 1449 994 ἡγούμενος,
1475 925 1570 978 καὶ
1595 924 1660 976 τὰ
1683 923 1833 991 ἑξῆς.

246 1015 361 1066 Καὶ
397 1015 579 1084 μέντοι
618 1016 714 1069 καὶ
747 1015 881 1086 πρὸς
924 1017 1053 1080 τοὺς
1099 1014 1608 1078 ἀποστόλους¹οὖτω
1643 1015 1834 1084 διηγό-

248 1122 434 1174 ρευενο
472 1106 641 1160 Ὅταν
674 1105 824 1175 ἴδητε
882 1106 944 1158 τὸ
1008 1105 1293 1176 βδέλυγμα
1346 1110 1444 1174 τῆς
1502 1103 1836 1176 ἐρημώσεως

245 1196 422 1258 ἐστὼς
459 1198 513 1249 ἐν
543 1197 692 1267 τόπῳ
727 1197 890 1268 ἁγίῳ.
918 1198 946 1250 6
984 1197 1376 1266 ἀναγινώσκων
1416 1197 1626 1250 νοείτω.
1665 1197 1730 1248 Ὃ
1771 1195 1834 1264 δὴ

243 1290 345 1340 καὶ
377 1289 751 1358 πεπλήρωται,
795 1289 1010 1358 πρῶτον
1042 1290 1140 1360 μὲν
1168 1290 1309 1342 κατὰ
1342 1289 1532 1357 καιρὸν
1565 1291 1664 1356 τῆς
1695 1286 1836 1340 ἀλώ-

244 1398 392 1442 σεως
427 1385 521 1435 καὶ
576 1382 910 1453 ἐρημώσεως
945 1384 1026 1446 εἷς
1060 1401 1117 1436 τε
1169 1389 1229 1436 τὸ
1266 1381 1575 1452 Ῥωμαϊκὸν
1608 1381 1832 1449 στρατόο

241 1473 429 1537 πεδονλ,
457 1474 698 1526 εἰσελθὸν
730 1477 790 1528 ἐν
823 1475 901 1542 τῷ
936 1475 1066 1546 ἱερῷ
1095 1477 1192 1528 καὶ
1219 1475 1318 1544 τὴν
1355 1474 1507 1526 πόλιν
1538 1474 1658 1526 ἐλὸν
1694 1472 1833 1526 κατά

239 1562 346 1629 τὴν
381 1563 682 1631 ἐρήμωσιν,
732 1562 808 1626 ὥς
835 1581 981 1626 τινες
1037 1565 1096 1617 τὸ
1139 1564 1306 1634 ῥηθὲν
1349 1565 1627 1634 βδέλυγμα
1661 1563 1832 1625 οὕτως

240 1653 595 1721 ἐξειλήφασιν
631 1669 644 1682 ·
677 1655 1041 1724 ἀποτρόπαιοι
1093 1656 1202 1724 γὰρ
1245 1657 1338 1708 καὶ
1375 1655 1656 1723 βδελυκτοὶ
1692 1656 1832 1708 κατά

240 1744 339 1796 τὸν
370 1745 535 1814 νόμον
567 1745 905 1815 ὑπάρχοντες
927 1747 1152 1810 είκότως
1175 1747 1528 1818 προείρηνται
1556 1747 1828 1817 βδέλυγμα

241 1835 606 1906 ἐρημώσεως.
643 1837 873 1891 Ἔπειτα
895 1839 951 1892 δὲ
971 1841 1066 1892 καὶ
1086 1840 1165 1902 εἰς
1191 1841 1330 1908 ὅπερ
1357 1839 1584 1907 ἔστησεν
1615 1840 1825 1906 Ἀδρια-

1952 653 2138 705 urbem
2173 664 2508 720 regnumque
2541 653 2886 714 recepturos,
2922 642 3000 696 ait
3027 649 3206 706 vates,
3254 641 3528 695 vastitatis

1953 743 2068 798 fore
2105 741 2495 813 perfectionem
2537 754 2715 808 usque
2763 738 2830 791 ad
2889 735 3049 790 tinem
3085 733 3295 800 saeculi,
3331 740 3526 787 osten-

1949 837 2082 892 dens
2129 837 2442 891 vastitatem
2502 844 2804 890 extremam
2869 829 2990 884 sine
3049 828 3162 882 ulla
3219 828 3526 883 mutatione

1949 944 2120 997 usque
2159 929 2225 983 ad
2260 929 2422 982 tinem
2449 925 2639 980 mundi
2667 935 3106 994 permansuram.
3141 919 3299 987 Quod
3329 931 3382 976 et
3414 921 3522 974 Da-

1950 1021 2105 1074 vidus
2135 1017 2404 1074 indicavit
2433 1035 2447 1072 :
2474 1017 2534 1071 In
2567 1017 2669 1081 ira,
2703 1017 2903 1086 inquit,
2938 1013 3448 1077 consummationis,
3470 1020 3523 1066 et

1947 1125 2054 1165 non
2106 1120 2269 1166 erunt
2311 1109 2595 1181 amplius:
2652 1117 2816 1178 atque
2849 1111 3187 1179 cognoscent
3231 1105 3520 1160 Dominum

1943 1204 2149 1258 Jacobo
2177 1213 2232 1258 et
2262 1204 2510 1258 terminis
2542 1213 2701 1257 terrae
2741 1198 3094 1269 imperare".
3146 1197 3222 1252 De
3278 1198 3380 1252 hac
3423 1213 3521 1251 ex-

1946 1304 2115 1350 trema
2178 1295 2502 1349 miserorum
2553 1293 2866 1348 Iudaeorum
2925 1290 2978 1344 in
3021 1290 3336 1345 servitutem
3387 1288 3523 1341 aba-

1944 1388 2124 1439 ctione
2152 1386 2315 1439 etiam
2355 1385 2640 1455 theologus
2676 1384 2759 1436 sic
2788 1383 3036 1450 loquitur
3072 1397 3085 1432 :
3117 1380 3294 1433 Cruce
3332 1393 3427 1433 eos
3455 1378 3522 1430 ail

1939 1488 2238 1532 extremam
2283 1477 2537 1545 adigente
2582 1475 2886 1535 vesaniam,
2939 1486 3044 1541 qua
3105 1469 3371 1524 adversus
3408 1474 3524 1538 ser-

1942 1576 2187 1623 vatorem
2247 1568 2523 1637 Deumque
2575 1574 2822 1620 nostrum
2878 1563 2965 1619 usi
3008 1570 3159 1628 sunt,
3217 1562 3386 1614 Deum
3414 1553 3525 1612 ‘h‘ti-'

1944 1674 2103 1712 mana
2147 1660 2406 1710 amictum
2470 1665 2667 1709 natura
2724 1655 3064 1723 ignorantes,
3100 1659 3375 1720 sceptrum
3413 1643 3524 1702 fer-

1937 1763 2088 1803 reum
2113 1749 2326 1801 eminus
2357 1747 2487 1814 ipsis
2520 1746 2734 1799 minans
2767 1751 2959 1796 contra
2989 1757 3047 1798 se
3078 1741 3422 1799 acciverunt.
3452 1737 3526 1792 Dc

1935 1853 2082 1892 nunc
2102 1836 2378 1890 obtinente
2397 1834 2624 1902 imperio
2639 1837 2853 1904 loquor,
2882 1843 2934 1887 et
2953 1832 2981 1886 ,ἶ
2989 1835 3264 1886 titlaeorum
3277 1837 3528 1883 extremo

238 1927 336 1988 νξς
381 1928 410 1978 6
442 1925 698 1997 βασιλεὺς
741 1929 962 1982 εἴδωλον
992 1929 1160 1983 αὑτοῦ
1191 1933 1286 1984 καὶ
1313 1930 1412 2000 τὴν
1445 1930 1600 1983 πόλιν
1643 1931 1828 1982 τέλεον

1933 1930 2146 1994 exsilio,
2167 1943 2466 1997 eorumque
2488 1927 2747 1981 hodierna
2781 1927 3044 1980 servitute
3071 1923 3523 1991 acdissépatione,

240 2019 568 2087 ἠρήμωσεν.
642 2019 699 2072 '0
736 2020 800 2092 δή
838 2021 1184 2094 Θεοδώρητος
1221 2021 1376 2085 αὖθίς
1417 2040 1581 2092 φησιν
1626 2023 1708 2082 είς
1735 2021 1828 2073 τὸν

240 2110 470 2180 Δανιήλ·
499 2112 824 2183 ’Δρθήσεται
870 2114 1030 2166 θυσία
1078 2116 1173 2167 καὶ
1210 2115 1406 2185 σπονδὴ
1441 2117 1498 2167 ἐν
1521 2113 1596 2184 τῷ
1641 2113 1828 2183 ἡμίσει

237 2203 346 2269 τῆς
372 2202 687 2273 ἑϐδομάδος,
727 2205 822 2258 καὶ
853 2206 948 2258 ἐπὶ
995 2204 1056 2259 τὸ
1083 2207 1226 2276 ἱερὸν
1289 2206 1560 2275 βδέλυγμα
1605 2204 1826 2276 ἐρημώ-

243 2310 413 2360 σεως,
435 2296 713 2351 συντέλεια
728 2297 1014 2367 δοθήσεται
1043 2299 1136 2351 ἐπὶ
1164 2298 1264 2369 τὴν
1297 2299 1603 2367 ἐρήμωσιν,
1623 2295 1829 2358 εἰκόνες

240 2385 395 2448 τινὲς
418 2386 502 2457 [Ρ.
531 2388 661 2460 227]
685 2389 778 2442 τοῦ
805 2390 1100 2460 Καίσαρος,
1131 2388 1585 2458 άπηγορευμέναι
1618 2387 1694 2458 τῷ
1740 2387 1826 2440 νό-

245 2496 358 2546 μῳ.
393 2481 475 2542 εἰς
500 2480 590 2533 τὸν
619 2481 742 2534 ναὸν
779 2482 1227 2551 είσκομιζόμεναι
1260 2483 1408 2552 παρά
1442 2482 1536 2534 τοῦ
1567 2481 1822 2533 Πιλάτου.

243 2570 359 2622 Καὶ
393 2570 482 2624 ἶνα
533 2572 607 2642 μὴ
651 2574 946 2642 νομίσωσιν
982 2575 1033 2628 οἱ
1069 2574 1307 2628 Ἰουδαῖοι
1347 2575 1508 2627 πάλιν
1541 2571 1821 2642 ἀπολήψε-

245 2662 373 2715 σθαι
402 2663 496 2716 τὸν
524 2666 763 2719 ναδνκαὶ
789 2667 884 2737 τὴν
914 2669 1066 2722 πόλιν
1099 2669 1192 2720 καὶ
1225 2667 1328 2737 τὴν
1356 2665 1655 2736 βασιλείαν.
1691 2665 1826 2732 ἐπή-

244 2768 424 2818 γαγεν
449 2754 478 2804 6
506 2755 823 2824 προφήτης
857 2758 966 2810 Καὶ
992 2757 1096 2820 ἕως
1129 2756 1443 2818 συντελείας
1475 2753 1665 2824 διαιροῦ
1704 2770 1829 2805 συν-

245 2841 436 2896 τέλεια
463 2844 748 2915 δοθήσεται
776 2849 868 2901 ἐπὶ
898 2848 997 2918 τὴν
1026 2847 1479 2920 ἐρήμωσιν.Ἕως
1512 2847 1642 2916 γὰρ,
1676 2847 1829 2915 φησὶ,

1933 2035 2041 2091 qua
2089 2035 2119 2074 a
2157 2018 2417 2074 Romanis
2447 2018 2694 2087 oppressi
2734 2027 2882 2072 sunt.
2911 2016 3142 2082 Quamet
3200 2014 3524 2066 duraturam

1935 2111 2245 2167 diutissime
2275 2109 2514 2165 oraculis
2541 2108 2742 2162 divinis
2788 2105 3083 2160 credimus.
3121 2103 3386 2169 Quisnam
3436 2115 3527 2153 eo-

1936 2217 2055 2256 rum
2092 2201 2185 2272 qui
2215 2201 2632 2256 lamentationes
2663 2197 2906 2254 scribere
2957 2203 3162 2250 norunt
3192 2200 3245 2248 et
3273 2183 3526 2246 miserias

1935 2293 2114 2348 verbis
2150 2306 2388 2361 aequare,
2404 2291 2634 2345 istorum
2655 2290 2789 2344 satis
2817 2287 3064 2357 deploret
3095 2284 3370 2339 fortunam
3389 2282 3414 2336 ?
3432 2278 3524 2352 qui

1935 2385 2058 2440 libri
2117 2385 2221 2440 ista
2254 2384 2474 2454 capiant
2508 2383 2531 2436 ?
2581 2390 2728 2436 totus
2774 2382 2926 2437 orbis
2970 2388 3242 2434 terrarum
3278 2377 3332 2429 in
3363 2389 3524 2444 quem

1930 2477 2163 2546 dispersi
2195 2484 2343 2538 sunt,
2375 2475 2441 2529 iis
2478 2489 2574 2543 pro
2605 2474 2858 2527 columna
2899 2473 3050 2526 estin
3084 2484 3189 2540 qua
3229 2482 3416 2523 eorum
3441 2482 3532 2522 ca-
3586 2488 3594 2501 ι

1934 2566 2464 2630 lamitasincidatur;
2489 2573 2602 2617 tum
2628 2565 2861 2619 abolitus
2874 2563 3077 2627 cultus,
3105 2571 3157 2616 et
3174 2561 3351 2616 solum
3371 2559 3527 2614 urbis

1935 2660 2154 2728 cognitu
2185 2658 2351 2729 399
2367 2658 2603 2712 diilicile.
2620 2655 2888 2726 Iosephus
2905 2655 3148 2724 quidem,
3177 2653 3269 2722 qui
3291 2654 3365 2708 ibi
3387 2653 3528 2708 bello

1938 2749 2217 2812 interfuit,
2262 2761 2345 2803 ter
2397 2747 2646 2802 1000000
2674 2747 2990 2802 Judazorum
3052 2746 3281 2816 periisse
3313 2744 3524 2800 scribit.

1940 2841 2014 2896 De
2041 2841 2126 2895 his
2158 2841 2372 2910 plenius
2396 2843 2448 2893 in
2482 2838 2714 2894 Neronis
2732 2839 2963 2907 imperio
2985 2837 3296 2892 retulimus.

245 2939 355 3008 τῆς
383 2939 480 2992 τοῦ
515 2941 721 3010 κόσμου
748 2943 1057 3005 συντελείας
1091 2945 1123 3014 ή
1152 2944 1248 3014 τῆς
1283 2939 1621 3013 ἐρημώσεως
1649 2937 1934 2991 συντέλεια
1971 2939 2145 3005 μένει,
2188 2933 2496 3005 μεταϐολὴν
2525 2935 2586 2986 οὺ
2617 2933 2902 3004 δεχομένη.
2969 2933 3139 2986 Τοῦτο
3197 2935 3294 2986 καὶ
3361 2933 3530 2986 Δαῦὶδ

250 3027 386 3100 ἔφη·
431 3031 524 3084 Ἐν
555 3033 689 3103 ὀργῇ
722 3034 1051 3101 συντελείας,
1085 3035 1178 3088 καὶ
1214 3036 1275 3087 οὐ
1315 3033 1390 3104 μὴ
1413 3034 1697 3102 ὕπάρξωσι
1727 3049 1740 3063 ο
1777 3033 1871 3084 καὶ
1909 3028 2211 3098 γνώσονται
2241 3029 2322 3081 ὅτι
2356 3031 2384 3080 6
2413 3027 2545 3091 Θεὸς
2573 3028 2823 3090 δεσπόζει
2850 3027 2942 3079 τοῦ
3011 3025 3206 3079 Ἰακὼϐ
3255 3029 3349 3080 καὶ
3421 3026 3528 3080 τῶν

254 3127 516 3196 κεράτων
548 3128 650 3196 τῆς
678 3131 801 3196 γῆς.
854 3130 990 3199 Περὶ
1028 3128 1233 3199 ταύτης
1284 3128 1396 3197 γὰρ
1446 3128 1550 3197 τῆς
1603 3129 1839 3197 ἐσχάτης
1876 3125 2258 3195 αἰχμαλωσίας
2285 3125 2393 3176 τῶν
2433 3122 2797 3192 ταλαιπώρων
2829 3123 3099 3175 Ἰουδαίων
3145 3124 3240 3176 καὶ
3313 3126 3346 3193 ή
3407 3123 3527 3175 Oeo—

255 3221 415 3288 λόγος
442 3222 547 3292 ἔφη
582 3223 799 3291 γλιῖνττα
827 3240 840 3254 ο
877 3224 1010 3296 φησὶ
1034 3225 1145 3294 γάρ
1169 3240 1184 3255 ’
1217 3223 1324 3277 Τοῦ
1356 3224 1591 3294 σταυροῦ
1628 3223 1761 3294 πρὸς
1823 3223 1923 3293 τὴν
1960 3222 2196 3291 ἐσχάτην
2255 3221 2450 3284 αὐτοὺς
2475 3220 2791 3282 ἐλαύνοντος
2845 3220 3125 3282 ἀπόνοιαν,
3153 3221 3220 3290 ἢν
3266 3221 3405 3273 κατά
3433 3221 3526 3273 τοῦ

255 3313 518 3383 Σωτῆρος
551 3318 646 3369 καὶ
668 3315 803 3369 Θεοῦ
832 3318 986 3386 υμῶν
1008 3318 1402 3388 ἐπενοήθησαν,
1436 3319 1526 3370 τὸν
1555 3317 1613 3369 ἐν
1643 3315 1917 3386 ἀνθρώπῳ
1946 3315 2080 3368 Θεὸν
2117 3317 2507 3383 ἀγνοήσαντες,
2545 3315 2646 3367 καὶ
2688 3314 2789 3384 τὴν
2853 3314 3048 3384 ῥάϐδον
3117 3314 3215 3384 τὴν
3301 3315 3529 3383 σιδηρᾶν

256 3403 552 3476 πόρρωθεν
592 3408 997 3478 ἀπειλουμένην
1051 3410 1235 3470 αὐτοῖς
1271 3410 1356 3478 ἐφ’
1393 3409 1618 3472 ἑαυτοὺς
1669 3409 1949 3474 εἵλκυσαν,
1975 3408 2074 3479 τήν
2099 3407 2194 3459 νῦν
2211 3409 2615 3477 ἐπικρατοῦσαν
2641 3408 2816 3478 ἀρχὴν
2871 3408 3015 3471 λέγω
3069 3410 3161 3461 καὶ
3218 3407 3524 3477 βασιλείαν,

260 3496 357 3548 καὶ
387 3495 488 3566 τὴν
515 3495 834 3549 τελευταίαν
855 3499 1039 3551 αὐτῶν
1086 3498 1392 3570 ἀπαγωγὴν
1451 3501 1548 3553 καὶ
1600 3500 2021 3569 μετανάστασιν,
2085 3501 2179 3552 καὶ
2225 3500 2316 3552 τὸν
2352 3500 2450 3552 νῦν
2506 3499 2852 3567 ἐπικείμενον
2880 3501 3062 3561 αὐτοῖς
3109 3503 3207 3570 τῆς
3263 3500 3515 3562 δουλείας

257 3585 444 3652 ζυγὸν,
483 3587 580 3639 καὶ
612 3587 708 3656 τὴν
743 3588 1069 3659 περιϐόητον
1103 3589 1206 3643 ὑπὸ
1243 3591 1540 3661 Ῥωμαίοις
1620 3592 1953 3644 ταπείνωσιν
2018 3593 2112 3643 καὶ
2167 3592 2487 3659 διασπορὰν,
2564 3591 2630 3660 ἦν
2681 3609 2739 3643 τε
2787 3589 2881 3645 νῦν
2928 3591 3108 3660 έχουσι
3177 3593 3270 3646 καὶ
3319 3594 3384 3661 ἣν
3433 3594 3526 3646 ἐπὶ

259 3679 520 3732 πλεῖστον
545 3679 744 3746 ἕξουσι.
767 3681 1030 3752 Πείθομαι
1051 3683 1158 3753 γὰρ
1180 3687 1299 3748 ταῖς
1326 3687 1453 3757 περὶ
1481 3684 1661 3739 αὐτῶν
1681 3686 2015 3756 προρρήσεσι
2047 3701 2063 3716 ·
2091 3686 2171 3747 τίς
2209 3687 2469 3756 θρηνήσει
2532 3686 2670 3756 πρὸς
2709 3685 2867 3749 ἁξῗαν
2917 3687 3024 3737 τῶν
3090 3685 3320 3755 θρήνους
3387 3685 3524 3756 γρά-

259 3787 386 3839 φειν
407 3771 632 3824 εἰδότων
660 3774 752 3824 καὶ
782 3773 972 3840 λόγους
990 3775 1206 3838 ὲξισοῦν
1236 3777 1430 3831 πάθεσι
1452 3795 1466 3842 ;
1492 3779 1650 3830 Ποῖαι
1675 3777 1853 3846 βίϐλοι
1900 3777 2075 3830 ’ταῦτα
2107 3778 2382 3847 χωροῦσι;
2418 3779 2529 3830 Μία
2560 3777 2726 3848 στήλη
2771 3778 2982 3840 τούτοις
3008 3778 3107 3848 τῆς
3149 3780 3432 3848 συμφορᾶς
3496 3780 3530 3849 ἡ

260 3863 561 3934 οικουμένη
597 3866 767 3933 πᾶσα,
796 3865 919 3919 καθ’
967 3867 1034 3938 ἥν
1066 3868 1406 3938 ἐσπάρησαν,
1435 3872 1527 3924 καὶ
1558 3874 1590 3942 ή
1622 3871 1846 3937 λατρεία
1886 3871 2237 3940 πεπαυμένη,
2302 3870 2394 3923 καὶ
2432 3871 2601 3939 αὐτῆς
2637 3872 2735 3940 τῆς

973 3959 1030 4012 '0
1095 3956 1188 4014 οὖν
1227 3961 1489 4032 Ἰώσηπος
1568 3965 1623 4015 ἐν
1682 3961 2040 4031 Ἰερουσαλὴμ
2094 3961 2288 4030 παρὼν
2354 3962 2430 4030 τῷ
2491 3964 2713 4032 πολέμῳ
2780 3961 3089 4031 συνέγραψε
3145 3963 3413 4031 μυριάδας
3483 3976 3528 4014 τ’

265 3957 423 4026 μόλις
461 3959 887 4027 γινωσκόμενον.

2823 3870 2990 3938 Ἱερου
3001 3871 3131 3940 σαλὴ
3142 3889 3179 3940 μ
3229 3871 3288 3923 τὸ
3336 3872 3531 3938 ἔδαφος

261 4048 636 4114 ἀπολεσθῆναι
689 4050 800 4103 τῶν
842 4053 1133 4109 Ἰουδαίων.
1192 4056 1327 4125 Περὶ
1380 4056 1436 4108 δὲ
1476 4056 1679 4109 τούτων
1705 4058 1760 4107 ἐν
1782 4059 1848 4125 τῇ
1885 4055 1980 4108 τοῦ
2008 4055 2261 4124 Νέρωνος
2291 4054 2534 4127 βασιλείᾳ
2573 4056 2982 4125 έξηγησάμεθα.

350 4144 408 4197 '0
440 4143 496 4196 δέ
531 4159 596 4209 γε
642 4143 783 4207 θεῖος
821 4146 1210 4217 Χρυσόστομος
1250 4150 1349 4220 τὴν
1400 4149 1607 4202 τούτων
1662 4149 1846 4203 ἄνοιαν

2028 4145 2228 4200 Beatus
2283 4162 2445 4216 porro
2493 4149 2925 4217 Chiysostomus
2969 4147 3283 4202 Judaeorum
3341 4165 3533 4206 recor-

260 4237 562 4307 διελέγχων
612 4237 744 4305 πρὸς
772 4237 1015 4292 πλείοσιν
1069 4241 1378 4304 ἄλ).οις”κα“ι
1405 4243 1578 4295 ταῦτα
1620 4243 1842 4310 φάσκει·

261 4332 331 4384 El
361 4330 417 4383 δὲ
463 4329 812 4396 φιλονεικεῖς,
842 4323 887 4382 ὦ
929 4330 1172 4397 Ἰουδαϊε,
1213 4333 1340 4402 περὶ
1373 4334 1464 4386 τοῦ
1502 4333 1706 4398 τέλους,
1743 4333 1848 4384 ἀπὸ

264 4421 378 4474 τῶν
425 4420 755 4489 φθασάντων
814 4421 1054 4491 μάνθανε
1101 4424 1196 4476 καὶ
1240 4426 1307 4477 τὰ
1339 4427 1602 4496 παρόντα.
1648 4426 1849 4478 Σκόπει

265 4513 380 4583 γάρ
441 4512 701 4584 Κατὲϐης
751 4514 831 4578 εἷς
879 4515 1176 4584 Αἶγυπτον,
1226 4517 1340 4571 ἀλλ’
1375 4520 1622 4585 ἐγένοντο
1661 4520 1754 4587 ἐτη
1782 4517 1851 4586 ν’,

267 4605 365 4655 καὶ
391 4603 599 4672 ταχέως
618 4620 675 4655 σε
701 4605 796 4674 τῆς
829 4605 1072 4671 δουλείας
1102 4609 1316 4678 ἐκείνης
1343 4611 1370 4662 6
1389 4610 1516 4672 Θεὸς
1544 4609 1848 4680 ἀπήλλαξε,

268 4694 478 4762 καίπερ
503 4691 807 4748 ἀσεϐοῦντα
837 4697 931 4750 καὶ
963 4697 1300 4769 πορνεύοντα
1329 4700 1586 4769 πορνείαν
1626 4701 1726 4767 τὴν
1756 4718 1855 4768 χα-

267 4784 614 4851 λεπωτάτην.
674 4786 1016 4856 Ἀπηλλάγης
1059 4789 1336 4858 Αἰγύπτου
1372 4792 1468 4844 καὶ
1510 4791 1854 4860 προσεκύνη-

273 4891 373 4936 σας
403 4873 613 4943 μόσχῳ,
670 4875 868 4939 ἔθυσας
907 4879 1032 4941 τοὺς
1077 4881 1248 4943 υἱοὺς,
1298 4881 1392 4933 καὶ
1426 4882 1520 4944 τὰς
1552 4881 1855 4950 θυγατέρας

273 4979 370 5016 σου
399 4962 483 5032 τῷ
527 4964 851 5035 Βεελφεγὼρ
910 4970 1003 5019 καὶ
1040 4971 1154 5032 τοῖς
1208 4969 1526 5039 δαιμονίοις,
1589 4972 1678 5024 τὸν
1724 4973 1850 5026 ναὸν

271 5051 568 5119 ἐμόλυνας,
601 5054 701 5120 τὴν
730 5052 893 5121 φύσιν
919 5056 1212 5126 ἠγνόησας.
1277 5059 1319 5109 Τ
1327 5057 1356 5111 ὰ
1379 5058 1502 5128 ὅρη,
1533 5059 1630 5122 τὰς
1657 5060 1870 5126 νάπας,

271 5143 401 5206 τοὺς
451 5143 698 5210 βουνοὺς,
724 5146 820 5208 τὰς
856 5146 1058 5217 πηγάς,
1107 5149 1236 5212 τοὺς
1266 5151 1562 5220 ποταμοὺς,
1607 5153 1732 5216 τοὺς
1758 5155 1856 5223 κήο

276 5251 414 5298 πους
454 5235 565 5287 τῶν
621 5238 882 5308 μυσαρῶν
924 5240 1124 5296 θυσιῶν
1168 5242 1513 5312 ἐπλήρωσας.
1564 5245 1856 5314 Προφήτας

274 5324 540 5390 ἔσφαξας,
579 5325 938 5397 θυσιαστήρια
986 5331 1361 5398 κατέσκαψας,
1412 5333 1519 5385 πᾶν
1571 5328 1708 5395 εἶδος
1760 5352 1858 5388 κα-

276 5417 406 5480 κίας
436 5418 673 5486 ἐπῆλθες
703 5420 796 5470 καὶ
845 5422 1023 5473 πᾶσαν
1080 5423 1386 5494 ὑπερϐολὴν
1411 5425 1670 5490 ἐπεδείξω
1693 5444 1856 5498 πονη-

1954 4236 2097 4291 diam
2133 4237 2469 4305 redarguens
2491 4239 2629 4290 inter
2659 4239 2826 4289 multa
2861 4239 2966 4290 alia
2989 4239 3150 4291 etiam
3193 4241 3305 4293 haec
3331 4240 3492 4296 habet
3513 4259 3533 4300 ι

1955 4328 2107 4394 Quod
2141 4330 2206 4394 si,
2237 4328 2445 4391 Judmc,
2478 4331 2544 4384 de
2576 4329 2682 4382 line
2705 4329 2925 4393 rixaris,
2959 4346 3022 4383 ex
3057 4331 3350 4400 prwterilis
3382 4333 3533 4389 disce

1954 4425 2267 4492 praesentia.
2325 4423 2414 4477 Sic
2467 4425 2611 4478 enim
2673 4425 2980 4479 considera.
3056 4423 3401 4481 Descendisti
3475 4429 3530 4482 in

1957 4513 2247 4586 Egyptum
2285 4532 2298 4567 :
2336 4517 2430 4570 sed
2475 4514 2664 4583 idfuit
2694 4515 2949 4569 exsilium
3003 4532 3272 4571 annorum
3306 4517 3433 4584 400,
3467 4533 3532 4573 ac

1956 4622 2083 4662 mox
2117 4623 2182 4662 ex
2217 4609 2321 4662 ista
2347 4609 2612 4662 servitute
2649 4615 2700 4661 te
2746 4606 2890 4661 Deus
2921 4610 3179 4672 asseruit,
3214 4625 3530 4679 quanquam

1954 4699 2121 4768 impie
2152 4699 2365 4756 viveres
2391 4710 2444 4755 et
2474 4700 2808 4755 scortatione
2837 4701 3077 4767 pessima
3125 4708 3178 4755 te
3229 4701 3527 4770 pollucrcs.

1955 4789 2029 4843 Ex
2063 4787 2301 4860 Egypto
2331 4791 2560 4844 eductus
2595 4790 2827 4843 vitulum
2879 4789 3196 4856 adoravisti,
3234 4790 3374 4845 lilios
3404 4799 3530 4847 tuos

1956 4880 2204 4950 ﬁliasque
2251 4881 2608 4952 Beelphi-gori
2673 4891 2727 4937 et
2784 4883 3125 4937 daemonibus
3184 4883 3526 4946 immolasti,

1954 4970 2214 5038 templum
2248 4971 2512 5038 polluisti,
2545 4981 2799 5026 naturam
2837 4974 3175 5041 pervenisti,
3205 4974 3529 5029 abominan-

1954 5061 2040 5115 dis
2066 5060 2348 5116 sacriﬁciis
2377 5071 2611 5122 montes,
2635 5063 2804 5128 lucos,
2828 5063 3018 5128 colles,
3048 5063 3252 5130 fontes,
3279 5063 3524 5130 ﬂumina,

1955 5148 2146 5204 hortos
2170 5149 2482 5219 opplevisti,
2511 5161 2661 5206 vates
2686 5151 2997 5216 trucidast-i,
3027 5166 3152 5207 aras
3180 5153 3526 5219 destruxisti,

1956 5255 2120 5296 omne
2160 5241 2530 5310 improbitatis
2578 5257 2752 5312 genus
2787 5243 3107 5307 exercuisti,
3160 5259 3338 5313 neque
3370 5244 3530 5314 quid-

1957 5347 2118 5402 quam
2185 5333 2280 5388 tibi
2336 5334 2554 5387 malitiae
2593 5344 2760 5403 atque
2795 5334 3095 5402 impietatis
3145 5334 3413 5403 reliquum
3454 5336 3532 5390 fe-

1959 5425 2107 5480 cisti;
2166 5423 2234 5476 Et
2298 5431 2480 5478 tamen
2526 5440 2622 5494 per
2684 5439 2859 5478 annos
2893 5424 2960 5477 70
2993 5424 3307 5494 Babyloniis
3345 5425 3530 5494 subje-

277 5505 404 5575 ρίας
431 5509 526 5559 καὶ
565 5509 841 5574 ἀσεϐείας.
899 5512 1038 5563 Ἀλλ’
1070 5492 1218 5580 ὅμως
1257 5492 1628 5585 ἐϐδομήκοντα
1661 5518 1755 5581 ἔτη
1792 5492 1846 5571 σε

1961 5525 2101 5580 ctus,
2138 5530 2359 5570 rursum
2401 5492 2599 5571 deinde
2635 5531 2694 5571 es
2743 5518 3033 5571 restitutus
3083 5492 3339 5578 libertati,
3399 5492 3529 5571 tibi-

279 5599 558 5665 παραδοὺς
586 5601 946 5667 Βαϐυλωνίοις
975 5604 1136 5658 πάλιν
1165 5607 1254 5659 ἐπὶ
1269 5607 1366 5677 τὴν
1397 5610 1666 5680 προτέραν
1686 5612 1855 5664 ὲπαν-

285 5691 493 5756 ήξάγεν
548 5691 882 5763 ἐλευθερίαν,
918 5698 1006 5750 καὶ
1045 5699 1144 5767 τὴν
1205 5701 1435 5771 πατρίδα
1487 5701 1576 5755 καὶ
1608 5702 1698 5754 τὸν
1732 5704 1858 5756 ναὸν

373 5865 408 5898 ν
440 5867 580 5921 l‘sal.
613 5883 762 5934 tvm,
797 5869 874 5926 ll.

1962 5624 2070 5680 que
2119 5609 2290 5676 patria
2340 5617 2394 5664 et
2440 5610 2699 5680 templum
2755 5609 2965 5663 reddita
2998 5615 3202 5662 suntet
3237 5607 3527 5676 pristinum

1966 5702 2207 5758 vaticinii
2238 5703 2463 5768 donum,
2497 5718 2798 5772 rursusque
2831 5713 2980 5757 vates
3017 5701 3254 5757 habuisti
3275 5708 3330 5756 et
3364 5701 3530 5770 spiri-
