4248 6456
707 425 812 489 439

1971 421 2293 483 GEORGII
2334 424 2672 484 CEDRENI

3865 419 3976 481 ΗΟ

689 535 799 602 ἰυε
830 546 1006 602 sancti
1035 543 1288 616 gratiam.
1340 543 1455 598 lmo
1491 556 1619 597 vero
1652 558 1721 595 ne
1763 545 2014 612 captivus
2068 541 2288 611 quidem
2320 545 2364 602 Α

2320 545 2364 602 Δ
2394 544 2641 597 ἀπέδωκε
2666 542 2759 594 καὶ
2795 540 2857 594 τὸ
2879 541 3044 594 πάλαι
3075 540 3173 608 τῆς
3205 535 3542 610 προφητείας
3577 538 3845 607 χάρισμα,
3877 541 3973 587 καὶ

713 639 844 690 dum
878 653 1054 700 esses,
1083 636 1149 688 iis
1181 635 1478 690 destitutus
1509 650 1568 689 es
1598 651 1610 685 :
1664 650 1788 688 nam
1819 644 1889 689 et-
1923 633 1994 687 ibi
2029 633 2287 688 Danielus

712 745 775 783 ac
816 728 1159 794 Ezechielus,
1189 736 1242 782 et
1270 727 1325 782 in
1355 726 1592 798 A‘lgypto
1624 727 1911 789 Jeremias,
1953 732 2120 795 atque
2164 733 2290 779 ante

713 823 801 876 illa
839 833 1083 892 tempora
1113 821 1293 877 Moses
1319 830 1486 889 alque
1519 821 1700 875 Aaron
1746 821 1798 872 in
1833 819 2152 874 solitudine.
2187 817 2288 871 Se-

715 915 953 968 L‘tllldlllll
1007 915 1125 969 lucc
1179 915 1246 968 ad
1282 913 1544 968 usitatam
1579 913 1678 966 tibi
1741 911 2147 981 improbitatem
2181 917 2294 966 tete

715 1008 976 1074 retulisti,
1011 1006 1423 1075 bacchatusque
1450 1006 1616 1073 impio
1652 1004 1840 1059 furore
1883 1002 2126 1057 Graecam
2163 1002 2294 1057 reli—

714 1099 930 1166 gionem
952 1099 1234 1167 amplexus
1252 1097 1416 1169 400
1431 1113 1512 1159 es,
1530 1096 1805 1150 Antiocho
1819 1095 1986 1164 impio
2009 1102 2291 1164 regnante.

716 1192 893 1258 Atque
918 1189 1044 1242 huic
1079 1197 1192 1242 tum
1239 1187 1537 1242 triennium
1569 1187 1757 1248 dediti,
1809 1201 1934 1240 mox
1969 1185 2296 1240 Maccame-

717 1298 836 1332 rum
869 1296 1038 1349 opera
1065 1296 1285 1335 rursum
1307 1281 1568 1349 prmclara
1601 1278 2116 1347 statuististmpma.
2137 1276 2294 1330 Nunc

717 1373 854 1428 niltil
887 1375 1015 1439 tale,
1056 1373 1150 1428 sed
1183 1389 1416 1442 prorsus
1438 1374 1622 1427 omnia
1654 1372 1930 1426 contraria
1962 1367 2294 1437 tiunt;quod

717 1469 955 1522 maxime
977 1468 1287 1522 mirandum
1317 1478 1420 1522 est.
1474 1466 1608 1519 Nam
1644 1474 1698 1520 et
1725 1465 2056 1535 ﬂagitiorum
2115 1465 2298 1517 minus

715 1569 802 1613 est
834 1568 888 1614 et
921 1560 1044 1629 plus
1078 1575 1386 1630 pmnarum,
1417 1573 1596 1627 neque
1626 1557 1736 1610 ulla
1802 1553 2126 1608 mutationis
2149 1566 2295 1621 spes.

714 1647 905 1717 Neque
938 1651 1083 1704 enim
1116 1648 1181 1701 70
1209 1657 1423 1701 tantum
1451 1649 1577 1701 anni
1611 1646 1779 1715 elapsi
1813 1654 1960 1710 sunt,
1995 1643 2089 1699 sed
2125 1642 2299 1696 multo

716 1742 944 1809 plures;
988 1757 1163 1811 neque
1197 1745 1278 1796 vel
1334 1741 1581 1794 umbram
1621 1741 1736 1808 spei
1769 1739 1894 1791 licet
1931 1737 2195 1797 invenire,
2245 1743 2299 1789 ct

717 1834 938 1901 quidem
974 1852 1153 1906 neque
1182 1837 1604 1891 simulacrorum
1627 1837 1774 1889 cultu
1810 1834 1862 1888 id
1896 1833 2050 1905 vobis
2085 1845 2299 1886 meren-

717 1925 890 1988 tibus,
921 1937 980 1980 ut
1018 1929 1169 1994 olim,
1210 1944 1387 1998 neque
1417 1928 1541 1982 aliis
1571 1928 1748 1982 solitis
1787 1926 2146 1981 facinoribus.

2395 636 2557 691 πάλιν
2586 635 2863 705 προφῆται
2896 634 2990 686 καὶ
3017 631 3326 701 πνεύματος
3352 629 3508 698 ἁγίου
3532 631 3712 698 χάρις.
3755 626 3974 681 Μᾶλλον

2393 730 2449 782 δὲ
2492 728 2602 782 οὐδ’
2654 729 2711 781 ἐν
2743 727 2823 798 τῷ
2843 726 3024 798 καιρῷ
3062 726 3165 792 τῆς
3210 721 3591 793 αἰχμαλωσίας
3614 718 3974 789 ἐγκατελείφ-

2397 821 2519 890 θης,
2555 820 2692 874 ἁλλά
2718 819 2812 872 καὶ
2839 821 2955 872 ἐκεῖ
2984 817 3184 886 Δανιὴλ
3211 817 3305 870 καὶ
3343 813 3630 885 Ἰεζεχιὴλ,
3671 813 3768 865 καὶ
3795 812 3852 863 ὲν
3875 809 3974 862 Αἰ-

2395 913 2588 982 γύπτῳ
2630 909 2921 981 Ἱερεμίας,
2967 910 3063 962 καὶ
3117 909 3299 978 μέντοι
3329 907 3423 961 καὶ
3457 906 3563 972 πρὸ
3589 903 3796 957 τούτων
3815 904 3979 956 Mm?)-

2397 1005 2498 1074 σῆς
2542 1006 2636 1058 καὶ
2690 1001 2900 1074 Ἀαρὼν
2928 1005 2984 1055 ἐν
3028 1003 3093 1070 τῇ
3144 1001 3354 1070 ἐρήμῳ.
3387 999 3472 1069 [Ρ.
3521 996 3653 1067 228]
3706 994 3817 1049 Καὶ
3858 994 3978 1065 μετ’

2399 1099 2580 1149 ἐκεῖνα
2626 1095 2786 1149 πάλιν
2837 1093 2928 1145 ἐπὶ
2957 1094 3055 1161 τὴν
3084 1092 3360 1162 προτέραν
3396 1087 3704 1156 ὲπανῆλθες
3755 1085 3977 1146 κακίαν,

2399 1190 2493 1243 καί
2523 1185 2946 1257 ιξεῦακχεύῡης,
2994 1186 3090 1238 καὶ
3147 1183 3282 1252 πρὸς
3319 1181 3417 1250 τὴν
3473 1177 3788 1249 Ἑλληνικὴν
3820 1191 3980 1245 μετε·

2396 1278 2546 1344 τάξω
2579 1279 2857 1332 πολιτείαν
2899 1276 2992 1328 ἐπὶ
3045 1273 3142 1326 τοῦ
3189 1271 3422 1334 ἀσεϐοῦς
3471 1270 3771 1337 Ἀντιόχου.
3818 1263 3982 1318 Ἀλλά

2399 1387 2460 1437 γε
2507 1369 2602 1422 καὶ
2659 1370 2781 1421 τότε
2835 1364 3233 1436 παραδοθέντες
3273 1361 3529 1433 Ἀντιόχῳ
3572 1359 3665 1428 ἐτη
3713 1357 3859 1425 τρία,
3913 1353 3984 1404 τὰ

2400 1461 2627 1531 λαμπρὰ
2657 1460 2748 1513 διὰ
2804 1459 2913 1511 τῶν
2963 1456 3340 1511 Μακκαϐαίων
3367 1452 3520 1514 αὖθις
3558 1452 3825 1518 ἐστήσατε
3855 1448 3984 1513 τρό-

2401 1571 2561 1608 παια.
2605 1551 2767 1606 Ἀλλά
2819 1549 2916 1603 νῦν
2959 1547 3202 1602 τοιοῦτον
3248 1546 3428 1610 οὐδὲν,
3487 1541 3625 1596 άλλά
3673 1538 3986 1593 τούναντίον

2403 1649 2548 1702 ἅπαν
2577 1647 2819 1713 γέγονεν.
2857 1643 2922 1696 Ὅ
2943 1641 3036 1695 καὶ
3073 1640 3305 1711 μάλιστα
3329 1639 3448 1690 ἐστι
3491 1634 3793 1703 θαυμάσαι,
3820 1629 3986 1683 ὃτιτὰ

2406 1741 2506 1809 μὲν
2535 1738 2631 1806 τῆς
2664 1736 2860 1798 κακίας
2907 1732 3085 1803 ἔληξε,
3127 1730 3198 1783 τὰ
3230 1730 3286 1783 δὲ
3313 1729 3412 1798 τῆς
3431 1727 3700 1798 τιμωρίας
3728 1721 3986 1775 ἐπιτέτα-

2403 1848 2493 1884 ται
2530 1832 2622 1883 κα“ι
2653 1829 2760 1880 οὐδ’
2803 1826 2996 1879 ὲλπίδα
3036 1824 3160 1877 τινὰ
3197 1820 3503 1892 μεταϐολῆς
3533 1820 3664 1886 ἔχει.
3699 1815 3772 1867 Ou
3808 1812 3916 1880 γὰρ
3946 1827 3976 1860 ο

2334 1915 2376 1970 Β
2407 1922 2501 1991 ἔτη
2561 1919 2808 1991 παρῆλθε
2851 1918 3033 1987 μόνον,
3065 1915 3202 1968 ἀλλὰ
3265 1913 3358 1966 καὶ
3410 1909 3585 1978 πολλῷ
3626 1907 3866 1967 πλείονα,
3896 1901 3992 1956 καὶ

717 2018 843 2071 οὐδὲ
884 2019 1100 2084 ἐλπίδος
1151 2021 1310 2075 σκιὰν
1352 2020 1504 2075 ἔστιν
1560 2022 1763 2092 εὑρεῖν,
1821 2018 1918 2074 καὶ
1963 2017 2137 2072 ταῦτα
2186 2015 2312 2070 οὐδὲ
2341 2012 2870 2084 είδωλολατρούντων
2900 2009 3071 2081 ὑμῶν,
3103 2007 3224 2061 οὒτε
3247 2006 3372 2061 ἀλλο
3392 2021 3442 2058 τι
3499 2003 3797 2055 ποιούντων
3846 1997 3994 2064 άπερ

719 2115 1035 2186 ἔμπροσθεν
1062 2115 1347 2187 ἐτολμᾶτε.

799 2209 871 2265 Ut
901 2218 1081 2263 autem
1111 2211 1352 2278 apertius
1385 2218 1548 2279 atque
1571 2212 1789 2279 plenius
1826 2213 1925 2266 ista
1960 2224 2303 2272 enarremus,

725 2302 893 2355 altius
934 2301 1099 2369 paulo
1124 2317 1211 2356 res
1248 2303 1540 2370 repetenda
1572 2312 1676 2357 est.
1712 2302 1822 2357 Ter
1873 2303 1926 2357 in
1982 2301 2303 2358 servitutem

727 2395 834 2448 acti
870 2395 1219 2459 suntJudsei,
1267 2411 1544 2465 nunquam
1600 2412 1706 2450 non
1757 2397 2120 2466 prmdictam:
2179 2408 2303 2448 nam

727 2484 910 2537 divina
939 2485 1158 2554 justitia
1201 2486 1269 2540 iis
1297 2495 1351 2540 et
1375 2496 1591 2555 tempus
1621 2496 1674 2541 et
1697 2487 1877 2542 locum
1906 2497 1959 2540 et
1989 2485 2211 2540 modum
2255 2494 2308 2539 et

729 2579 1082 2632 amictionem
1137 2586 1192 2634 et
1228 2579 1462 2634 reditum
1497 2580 1713 2649 aliaque
1765 2579 1948 2634 omnia
2006 2579 2310 2634 accuratis-

728 2669 866 2721 sime
921 2667 1145 2735 pra-dici
1197 2670 1428 2722 curavit.
1483 2669 1559 2724 De
1610 2672 1785 2739 prima
1835 2685 1931 2724 seu
1987 2668 2306 2740 Egyptiaca

726 2761 871 2815 Deus
902 2761 1272 2816 Abrahamum
1315 2763 1386 2816 ita
1418 2764 1740 2832 praemonuit
1766 2781 1778 2815 :
1811 2765 1928 2818 Hoc
1959 2769 2111 2816 certo
2142 2763 2304 2828 scias,

724 2852 1039 2921 progeniem
1075 2861 1220 2907 tuam
1252 2854 1305 2907 in
1335 2855 1620 2924 peregrino
1651 2854 1768 2909 solo
1814 2854 2137 2924 inquilinam
2167 2854 2305 2917 fore,

725 2946 1104 3015 servituteque
1151 2961 1400 3015 pressum
1463 2953 1516 2999 et
1566 2946 1822 3000 atllictum
1859 2947 1926 3000 iri
1963 2960 2134 3000 annos
2178 2945 2305 3000 ιυθ.

730 3037 944 3090 Saecula
980 3046 1174 3105 quarto
1209 3036 1317 3090 huc
1370 3037 1625 3090 redibunt
1651 3036 1717 3090 ⁸³.
1763 3035 1839 3090 De
1882 3037 2122 3091 secunda
2155 3035 2309 3090 Jereo

729 3129 870 3183 mias
903 3129 975 3181 ita
1017 3129 1346 3182 vaticinatus
1413 3126 1592 3182 fuerat
1633 3145 1646 3180 :
1681 3125 1773 3183 Sic
1811 3126 1957 3182 fatur
1993 3129 2258 3182 Dominus
2289 3147 2300 3181 :

734 3218 960 3273 Exactis
1019 3217 1292 3288 Babylone
1324 3216 1392 3271 70
1444 3217 1606 3271 annis
1640 3232 1736 3271 vos
1773 3217 2032 3281 invisam,
2076 3231 2141 3271 ac
2187 3218 2307 3272 laeta

734 3327 854 3365 mea
884 3311 1153 3380 promissa
1184 3311 1438 3379 implebo.
1477 3308 1758 3364 Rcducam
1816 3325 1913 3364 vos
1960 3309 2015 3363 in
2073 3310 2307 3379 patriam

2484 2204 2603 2255 Ὶνα
2657 2200 2711 2252 δὲ
2765 2199 3100 2268 σαφέστερον
3147 2195 3241 2248 καὶ
3277 2188 3712 2257 διεξοδικώτερον
3743 2185 3814 2237 τά
3862 2183 3994 2252 περὶ

2407 2296 2615 2348 τούτων
2673 2293 2936 2361 εἴπωμεν,
2996 2288 3203 2342 ἀνωθεν
3253 2285 3415 2338 πάλιν
3468 2278 3783 2350 ἀρξώμεθα.
3828 2275 3994 2346 Τρεῖς

2408 2386 2651 2446 δουλείας
2703 2383 3019 2452 ὑπέστησαν
3056 2381 3103 2431 οἱ
3137 2376 3383 2430 Ἰουδαῖοι
3427 2371 3843 2444 χαλεπωτάτας,
3895 2366 3995 2419 καὶ

2408 2479 2529 2532 οὐδὲ
2564 2478 2693 2548 μίαν
2732 2476 2901 2547 χωρὶς
2926 2473 3283 2544 προρρἠεως
3309 2468 3492 2529 αὐτοῖς
3519 2466 3796 2531 ἐπήγαγεν
3817 2461 3850 2531 ἡ
3872 2459 3998 2514 θεία

2407 2572 2556 2640 δίκη,
2621 2568 2756 2623 ἀλλά
2812 2563 3178 2636 προλεχθῆναι
3225 2555 3640 2630 παρεσκεύασεν
3679 2553 3864 2613 αὐτοῖς
3898 2551 3999 2602 καὶ

2409 2665 2577 2715 τόπον
2609 2663 2703 2713 καὶ
2745 2658 2938 2729 χρόνον
2968 2655 3065 2708 καὶ
3094 2653 3295 2723 τρόπον
3344 2649 3440 2702 καὶ
3500 2645 3742 2699 κάκωσιν
3764 2641 3863 2695 καὶ
3891 2642 3996 2708 την

2407 2752 2664 2808 ἐπάνοδον
2713 2752 2806 2803 καὶ
2837 2745 3006 2802 τᾶλλα
3056 2744 3233 2797 πάντα
3260 2740 3397 2812 μετά
3424 2738 3628 2805 πολλῆς
3683 2731 3996 2803 ἀκριϐείας.

2409 2848 2520 2902 Καὶ
2548 2845 2678 2915 περὶ
2712 2843 2809 2913 μὲν
2833 2842 2932 2911 τῆς
2968 2841 3027 2892 ὲν
3068 2835 3330 2905 Αἰγύπτῳ
3361 2829 3586 2903 πρώτης
3605 2825 4000 2894 διαλεγόμενος

2409 2943 2438 2993 ὁ
2469 2939 2603 3000 Θεὸς
2636 2935 2808 2996 οὕτως
2837 2933 2943 3002 ἔφη
2959 2930 3036 3001 τῷ
3081 2927 3356 2998 Ἀϐραάμο
3389 2922 3682 2977 Γινώσκων
3701 2916 3873 2986 γνῶθι
3905 2916 3990 2967 ὅτι

2420 3033 2683 3099 πάροικον
2711 3028 2864 3080 ἔσται
2906 3025 2965 3077 τὸ
3010 3021 3234 3090 σπέρμα
3278 3035 3374 3072 σου
3402 3019 3460 3068 ὲν
3489 3018 3560 3084 γῇ
3595 3009 3870 3080 ἀλλοτρίᾳ,
3903 3008 4004 3060 καὶ

2419 3120 2779 3177 δουλώσουσιν
2816 3117 2948 3171 αὐτὸ
3007 3116 3103 3168 καὶ
3155 3111 3501 3166 κακώσουσιν
3524 3106 3620 3174 ἔτη
3645 3101 4001 3172 τετρακόσια.

2418 3212 2657 3282 τετάρτῃ
2690 3209 2748 3262 δὲ
2791 3207 2956 3276 γενεᾷ
2996 3203 3310 3257 ἐλεύσονται
3339 3193 3462 3258 ὧδε.
3494 3197 3630 3266 Περὶ
3662 3194 3720 3247 δὲ
3750 3193 3849 3261 τῆς
3880 3191 4006 3244 δευ-

2418 3305 2583 3373 τέρας
2612 3297 2766 3354 εἶπεν
2831 3297 3101 3368 Ἱερεμίας
3124 3309 3138 3324 '
3170 3293 3357 3356 Οὕτως
3395 3286 3517 3344 εἷπε
3539 3288 3742 3359 Κύριος
3777 3301 3793 3314 ·
3831 3283 4006 3335 Ὅταν

734 3407 1002 3457 servitute
1055 3402 1341 3466 t.heratos,
1399 3401 1764 3469 colligamque
1796 3415 1896 3454 vos
1943 3413 2008 3453 ex
2052 3377 2309 3453 omnibus
2339 3392 2381 3449 (Ξ

2339 3392 2381 3449 C
2416 3395 2584 3467 μέλλῃ
2615 3389 2954 3462 πληροῦσθαι
2985 3392 3050 3459 τῇ
3083 3386 3367 3440 Βαϐυλῶνι
3395 3391 3435 3437 ο⁹
3491 3382 3607 3452 ἔτη,
3637 3377 4005 3446 ἐπισκέψομαι

733 3492 952 3563 populis
983 3501 1036 3546 ct
1084 3493 1224 3547 loris
1257 3507 1366 3562 qtto
1388 3507 1488 3547 vos
1516 3491 1864 3560 disjeceram,
1920 3491 2095 3560 inquit
2128 3490 2312 3546 Domi-

734 3601 841 3637 nus
866 3583 936 3647 “,
969 3581 1128 3653 401
1168 3596 1234 3635 ac
1265 3583 1553 3635 restituam
1580 3595 1675 3634 vos
1699 3594 1766 3634 eo
1797 3579 1941 3634 unde
1971 3594 2066 3634 vos
2089 3577 2310 3632 abduxi.

735 3675 865 3731 lla-c
903 3690 1032 3744 ergo
1059 3675 1168 3728 duo
1205 3673 1395 3728 exsilia
1443 3671 1770 3739 compendio
1834 3679 1967 3726 sunt
2003 3670 2310 3740 explicata;

737 3776 902 3837 atque
921 3767 1077 3835 juxta
1105 3781 1166 3818 ea
1191 3765 1410 3819 oracula
1439 3772 1740 3819 evenerunt
1773 3763 1907 3832 ipsis
1938 3778 2112 3832 neque
2131 3761 2316 3830 gravia

739 3860 876 3914 adeo
907 3875 1085 3928 neque
1124 3858 1424 3927 insperata.
1469 3857 1658 3911 Restat
1688 3864 1744 3909 ut
1769 3856 1985 3910 tertiam
2015 3855 2322 3910 referamus

739 3952 1106 4007 calamitatem
1133 3965 1347 4013 eorum,
1391 3965 1455 4004 ac
1487 3949 1684 4004 deinde
1721 3949 1788 4002 de
1825 3955 2020 4016 quarta
2045 3947 2319 4010 dicamus,

741 4049 797 4100 in
840 4061 944 4114 qua
1003 4043 1272 4113 hodieque
1310 4051 1474 4108 sunt;
1519 4041 2071 4107 demonstrcmusqne
2135 4047 2323 4107 aperte

742 4139 1017 4193 neminem
1055 4147 1236 4189 vatum
1268 4135 1333 4190 iis
1364 4137 1630 4187 malorum
1668 4132 1748 4187 vel
1775 4131 2200 4200 mitigationem,
2231 4145 2327 4184 ne-

742 4233 870 4284 dum
901 4232 1060 4284 tinem
1101 4228 1441 4298 promisisse.

2423 3488 2590 3556 ὑμᾶς,
2610 3484 2701 3537 καὶ
2724 3482 3011 3550 ὲπιστῆσω
3025 3479 3106 3549 ἐφ’
3128 3480 3272 3549 ὑμᾶς
3289 3478 3412 3538 τοὺς
3427 3474 3666 3541 ἀγαθοὺς
3690 3470 3881 3538 λόγους
3904 3484 4009 3537 μου

2423 3577 2520 3632 τοῦ
2549 3577 2892 3645 ἀποστρέψαι
2925 3575 3003 3638 είς
3030 3575 3122 3626 τὸν
3166 3571 3331 3625 τόπον
3361 3571 3391 3622 ὑ
3401 3568 3539 3638 μῶν,
3565 3564 3660 3620 καὶ
3689 3560 4010 3635 ἐπιστρέψω

2425 3673 2524 3742 τὴν
2545 3668 2923 3741 αἰχμαλωσίαν
2955 3667 2984 3718 ὑ
2994 3664 3129 3735 μῶν,
3162 3664 3254 3716 καὶ⁷
3275 3663 3342 3715 αθ
3353 3661 3514 3730 ροίσω
3532 3657 3677 3728 ὑμᾶς
3699 3657 3762 3708 ἐκ
3782 3654 3893 3742 τῶν
3919 3653 4012 3706 '50-

2427 3763 2533 3818 νῶν
2554 3763 2768 3816 πάντων
2798 3761 2892 3812 καὶ
2917 3761 2980 3810 ὲκ
3004 3755 3116 3809 τῶν
3150 3756 3329 3808 τόπων
3353 3751 3503 3822 ὑμῶν
3522 3751 3760 3808 πάντων,
3803 3737 3875 3812 οὗ,
3898 3743 4012 3797 διέ-

2435 3871 2637 3922 σπειρα
2662 3853 2805 3921 ὑμᾶς
2830 3852 2966 3910 ἐκεῖ,
2982 3849 3116 3916 φησὶ
3132 3847 3355 3916 Κύριος.
3383 3844 3493 3896 Καὶ
3520 3837 3836 3909 ἐπιστρέψω
3856 3837 4008 3905 ὑμᾶς

2429 3947 2509 4006 εἰς
2553 3942 2644 3994 τὸν
2672 3941 2834 3992 τόπον
2870 3937 2988 3990 ὅθεν
3018 3934 3276 4004 ἀπῴκισα
3309 3934 3452 4002 ὑμᾶς
3483 3929 3714 3982 ἐκεῖθεν.
3771 3925 3876 3978 Δύο
3913 3924 4016 3993 μὲν

2427 4034 2686 4095 τοιαύτας
2743 4029 2984 4091 δουλείας
3046 4029 3073 4079 ὁ
3103 4027 3260 4093 λόγος
3309 4024 3398 4077 διὰ
3433 4020 3700 4088 συντόμου
3737 4014 4013 4078 ἀπέδειξε,

2434 4127 2574 4195 μετά
2597 4122 2934 4192 προφητείας
2975 4116 3302 4177 ἐπελθούσας
3330 4113 3534 4173 αὐτοῖς,
3574 4109 3664 4162 καὶ
3699 4108 3797 4175 οὐχ
3827 4104 4016 4165 ἁπλῶς

2433 4217 2558 4269 οὐδὲ
2609 4212 3055 4282 ἀπροσδοκήτως.
3113 4201 3494 4259 Λείπεταιοῦν
3543 4202 3607 4272 δὴ
3666 4199 3856 4252 λοιπὸν
3910 4196 4014 4265 τὴν

742 4324 932 4394 τρίτην
966 4323 1285 4389 ἐπαγαγεῖν.
1343 4316 1472 4371 Εἶτα
1543 4318 1634 4371 καί
1666 4317 1919 4387 περὶτῆς
1965 4315 2058 4368 νῦν
2115 4314 2388 4383 τετάρτης
2416 4307 2759 4379 κατεχούσης
2809 4304 3008 4365 αὐτοὺς
3063 4302 3237 4354 εἰπεῖν
3276 4299 3379 4360 δεῖ,
3439 4297 3536 4349 καὶ
3589 4293 3761 4357 δεῖξαι
3820 4289 4013 4356 σαφῶς

743 4421 892 4480 ὂτως
929 4417 1051 4469 οὐδὲ
1095 4413 1174 4479 εἷς
1210 4417 1495 4486 προφήτης
1541 4411 1910 4481 ἐπηγγείλατο
1950 4412 2102 4463 λύσιν
2163 4407 2381 4463 ἔσεσθαί
2424 4424 2544 4459 τινα
2581 4404 2687 4458 τῶν
2724 4401 3062 4471 κατεχόντων
3097 4397 3292 4458 αὐτοὺς
3327 4393 3512 4446 κακῶν
3543 4389 3664 4444 οὒτε
3705 4390 3810 4458 μὴν
3839 4385 4015 4438 άπαλσ

748 4513 924 4581 λαγὴν
950 4511 1011 4564 τὸ
1046 4511 1283 4564 σύνολον.

827 4608 960 4669 Quae
993 4619 1125 4672 ergo
1157 4615 1238 4656 cst
1276 4602 1474 4656 tertia?
1516 4603 1570 4656 In
1604 4616 1766 4670 quam
1799 4602 1868 4654 ab
1899 4599 2169 4653 Antiocho
2201 4598 2331 4663 Epi—
2367 4601 2409 4655 D

2367 4601 2409 4655 D
2511 4595 2604 4660 Τίς
2630 4591 2724 4648 οὖν
2750 4595 2899 4645 ἐστιν
2930 4592 2961 4658 ὴ
2984 4588 3176 4657 τρίτη;
3212 4585 3276 4636 'H
3309 4583 3401 4634 ἐπὶ
3432 4577 3703 4647 Ἀντιόχου
3731 4575 3822 4628 τοῦ
3850 4575 4019 4626 Ἐπι-

750 4697 932 4766 phaue
961 4703 1088 4748 sunt
1117 4693 1371 4761 conjecti.
1429 4691 1643 4745 Mortuo
1677 4691 1820 4745 enim
1874 4688 2185 4744 Alexandro
2216 4687 2324 4740 Ma-

750 4785 1018 4841 cedonum
1056 4799 1202 4854 rege,
1235 4800 1301 4839 eo
1329 4783 1444 4850 qui,
1467 4783 1626 4836 Dario
1655 4782 1820 4844 victo,
1849 4796 2026 4834 rermn
2057 4793 2326 4834 summam

755 4879 822 4932 ad
862 4895 922 4934 se
956 4878 1340 4939 transtulerat,
1386 4875 1538 4928 multi
1569 4882 1753 4942 postea
1786 4889 1942 4942 rcges
1971 4873 2324 4927 exstiterunt.

755 4969 832 5023 Ex
890 4971 1089 5038 quibus
1134 4978 1290 5022 ortus
1333 4969 1494 5021 etiam
1539 4967 1843 5020 Antiochus
1873 4966 1961 5019 ille
1993 4965 2157 5033 longo
2197 4971 2325 5032 post

759 5074 1006 5128 tempore
1043 5060 1300 5126 templum
1339 5057 1658 5119 combussit,
1704 5066 1954 5110 sanctum
1985 5053 2205 5124 adytum
2237 5068 2333 5106 va-

760 5153 946 5216 stavit,
981 5149 1250 5206 sacriﬁcia
1275 5151 1531 5212 abolevit,
1581 5147 1799 5202 Judaaos
1838 5147 2078 5216 subegit,
2111 5159 2334 5200 eorum-

761 5258 867 5310 que
901 5258 1012 5295 rem
1043 5241 1318 5307 publicam
1344 5241 1559 5295 evertit.
1591 5237 1718 5292 ιιωε
1749 5239 1933 5292 omnia
1957 5237 2334 5302 exactissime,

761 5334 925 5388 etiam
954 5333 1167 5387 dierum
1213 5346 1443 5386 numero
1488 5331 1713 5399 prazcise
1742 5337 2027 5395 annotato,
2079 5327 2337 5381 Danielus

762 5425 1038 5496 prmlixit,
1074 5426 1294 5493 quando
1329 5424 1566 5493 singula,
1599 5423 1714 5492 qui,
1759 5436 1856 5491 per
1891 5436 2050 5490 quem
2111 5428 2165 5473 ct
2226 5433 2336 5488 quo

763 5519 926 5573 modo
967 5525 1150 5572 essent
1183 5515 1386 5581 futura,
1427 5531 1588 5585 quem
1635 5515 1817 5580 liuent,
1851 5528 2012 5583 quam
2073 5512 2331 5565 mutatio-

770 5625 893 5664 nem
927 5609 1203 5664 habitura.
1241 5609 1364 5662 Haec
1396 5607 1659 5678 liquidius
1689 5621 2010 5676 cognosces,
2043 5605 2088 5659 si
2135 5602 2334 5658 Danie-

768 5704 929 5760 licam
960 5702 1224 5758 visionem
1278 5701 1471 5756 audias
1507 5698 1723 5770 exponi.
1777 5698 1838 5752 In
1883 5713 1989 5767 qua
2042 5707 2190 5752 vates
2238 5710 2335 5764 per

847 5882 896 5918 “
930 5881 1068 5939 Gen.
1111 5883 1313 5948 xv,15,
1353 5881 1430 5935 H.
1507 5878 1822 5940 “Jer.mx,
1866 5878 1945 5931 IO.

2441 4687 2666 4756 φανούς.
2713 4681 2930 4750 Ἐπειδὴ
2954 4679 3062 4749 γὰρ
3103 4675 3451 4742 Ἀλέξανδρος
3501 4674 3528 4723 ό
3559 4669 3668 4722 τῶν
3694 4665 4022 4720 Μακεδόνων

2443 4777 2698 4848 βασιλεὺς
2759 4776 2984 4841 Δαρεῖον
3030 4765 3276 4823 καθελὼν
3325 4765 3402 4826 εἰς
3453 4761 3645 4814 ἑαυτὸν
3691 4756 4020 4828 περιέστησε

2438 4870 2538 4938 τὴν
2569 4866 2764 4937 ἀρχὴν,
2807 4863 3226 4932 τελευτήσαντος
3261 4856 3454 4908 τούτου
3504 4850 3690 4904 πολλοὶ
3738 4847 3852 4918 μετ’
3887 4849 4026 4899 ἐκεῖι

2443 4976 2532 5011 νον
2560 4956 2806 5024 ἐγένοντο
2833 4952 3098 5024 βασιλεῖς,
3129 4950 3220 5018 ἀφ’
3241 4941 3316 5000 ὧν
3345 4940 3422 5007 εἷς
3461 4942 3558 4996 καὶ
3578 4934 3731 5001 οὗτος
3759 4939 3786 4990 ὁ
3820 4935 4027 4988 ’Δντίοο

2444 5068 2535 5121 χος
2569 5051 2708 5118 μετὰ
2728 5046 2893 5099 πολὺν
2917 5043 3143 5110 ὕστερον
3167 5040 3356 5110 χρόνον
3382 5038 3446 5089 τό
3471 5052 3530 5088 τε
3557 5033 3702 5104 ίερδιν
3727 5031 4023 5098 ἐνέπρησε,

2445 5141 2515 5193 τά
2540 5156 2598 5191 τε
2633 5140 2800 5205 ’Ἅγια
2831 5135 2937 5187 τῶν
2965 5135 3136 5201 ἁγίων
3160 5132 3448 5200 ἠρήμωσε,
3482 5128 3580 5187 τάς
3600 5141 3657 5177 τε
3692 5120 3883 5182 θέσίας
3923 5138 4027 5173 κα-

2446 5230 2612 5294 οεῖλε,
2637 5227 2763 5289 τούς
2792 5243 2851 5279 τε
2881 5223 3162 5284 Ἰουδαίους
3191 5217 3447 5281 ὑπέταξε,
3489 5216 3583 5268 καὶ
3617 5213 3714 5283 τὴν
3747 5209 4028 5264 πολιτείαν

2447 5320 2626 5374 αὐτῶν
2659 5317 2922 5371 κατέλυσε
2950 5317 3150 5368 πᾶσαν.
3171 5311 3281 5364 Καὶ
3304 5309 3478 5362 ταῦτα
3498 5307 3675 5359 πάντα
3709 5302 3850 5372 μετὰ
3862 5303 4026 5371 ἀκριο

2443 5414 2594 5475 δείας
2616 5410 2836 5477 ἀπάσης
2877 5405 3160 5476 καὶμέχρι
3199 5405 3328 5473 μιᾶς
3388 5400 3602 5470 ἡμέρας
3647 5393 4027 5465 προηγόρευτο

2444 5504 2596 5574 παρὰ
2631 5500 2724 5554 τοῦ
2753 5499 3084 5568 Δανιὴλ,καὶ
3110 5496 3240 5550 πότε
3273 5494 3425 5547 ῑἐσται
3454 5493 3550 5545 καὶ
3584 5489 3700 5553 πῶς
3729 5489 3825 5541 καὶ
3870 5488 4031 5558 παρὰ

2442 5597 2550 5649 τίνι
2584 5596 2678 5647 καὶ.
2724 5593 3056 5661 τίνιτρόπῳ,
3088 5587 3328 5660 [Ρ.⁴Ξὶ9]
3383 5589 3474 5638 καὶ
3537 5581 3639 5636 ποῦ
3685 5581 4030 5650 τελευτήσει,

2445 5692 2538 5744 καὶ
2597 5689 2715 5740 τίνα
2768 5687 2994 5753 λήψεται
3055 5681 3378 5753 μεταϐολήν.
3419 5676 3638 5732 Εἴσεσθε
3693 5675 4028 5742 σαφέστερον
