4248 6456
223 449 324 515 441

1316 445 1858 507 HISTORIARUM
1898 446 2428 508 COMPENDIUM.

3388 441 3497 505 442

220 565 395 634 αὐτῆς
438 563 771 628 ἀκούσαντες
824 563 924 633 τῆς
973 563 1241 633 ὁράσεως,
1287 563 1323 617 ἃ
1350 563 1442 617 διὰ
1484 563 1807 633 παραϐολῆς
1838 564 1881 622 Λ

1847 564 1881 621 Α
1913 567 2171 632 ambages
2204 565 2425 619 nomine
2456 561 2646 619 arietis
2679 562 2901 618 Darium
2961 575 3143 633 regem
3198 538 3494 616 Persarum

221 660 353 724 ὑμῖν
377 660 407 711 ὁ
433 659 717 728 προφήτης
743 657 1054 728 ἀνήγγειλε.
1087 658 1258 724 Κριὸν
1278 655 1379 724 μὲν
1408 656 1564 710 καλεί
1582 656 1673 708 τὸν
1698 656 1806 708 τῶν

224 750 457 817 Περσῶν
471 749 694 819 βασιλέα
715 751 960 818 Δαρεῖον,
976 747 1177 817 τράγον
1195 748 1251 799 δὲ
1283 747 1373 799 τὸν
1395 745 1502 799 τῶν
1540 746 1808 814 Ἑλλήνων

222 840 605 910 Ἀλέξανδρον,
660 839 885 909 βασιλέα
917 838 1026 890 τῶν
1060 837 1404 891 Μακεδόνων.
1457 837 1710 902 Τέσσαρα
1744 833 1808 904 δὴ

225 933 449 1003 κέρατα
481 933 631 1000 λέγει
659 932 788 993 τοὺς
824 929 944 1000 μετ’
969 932 1179 983 ἐκεῖνον
1219 931 1578 992 ἀναστάντας,
1610 926 1702 995 ἀφ’
1734 920 1809 979 ὧν

227 1023 458 1091 ὕστερον
496 1023 663 1089 κέρας
720 1019 888 1081 αὐτὸς
945 1021 974 1071 ὁ
1008 1019 1282 1087 Ἀντίοχος
1314 1004 1454 1086 ἑφόζ
1477 1018 1617 1086 Φησὶ
1653 1016 1760 1084 γάρ
1794 1028 1804 1041 '

227 1106 388 1163 Εἶδον
410 1111 468 1161 ὲν
499 1111 762 1178 ὁράματι,
798 1107 892 1160 καὶ
925 1107 1032 1159 ἰδοὺ
1068 1107 1221 1176 κριὸς
1254 1106 1520 1176 ἑστηκὼς,
1542 1107 1632 1158 καὶ¹
1663 1103 1810 1173 αὐτῷ

226 1203 444 1271 κέρατα
495 1200 699 1270 ὑψηλά,
749 1200 843 1253 καὶ
898 1197 960 1251 τὸ
1009 1198 1068 1250 ἓν
1113 1199 1444 1268 ὑψηλότερον
1485 1197 1574 1250 τοῦ
1601 1198 1810 1266 ἐτέρου.

230 1294 345 1346 Καὶ
395 1295 457 1346 τὸ
486 1293 690 1362 ὑψηλὸν
746 1291 1029 1346 ἀνέϐαινεν
1059 1289 1148 1343 ἐπ’
1184 1290 1452 1359 ἐσχάτων.
1512 1288 1622 1341 Καὶ
1674 1286 1812 1340 εἶδον

228 1387 324 1438 τὸν
369 1388 526 1455 κριὸν
564 1383 922 1454 κερατίζοντα
970 1379 1112 1434 κατὰ
1169 1381 1446 1434 θάλασσαν
1480 1379 1572 1432 καὶ
1610 1379 1812 1450 βορρᾶν

229 1478 329 1530 καὶ
361 1478 535 1538 νότον,
577 1477 671 1528 καὶ
694 1476 760 1526 τὰ
795 1474 960 1541 θηρία
985 1473 1163 1526 πάντα
1193 1475 1253 1525 οὐ
1287 1473 1542 1540 στήσεται
1581 1470 1812 1523 ἐνώπιον

229 1570 541 1630 αὑτοῦ,καί
582 1569 683 1621 οὐκ
703 1563 772 1638 ἦν
817 1568 846 1618 ὁ
895 1564 1278 1636 ἐξαιρούμενος
1334 1565 1400 1616 ἐκ
1467 1563 1650 1632 χειρὸς
1707 1563 1803 1613 αὑ-

227 1662 352 1718 τοῦ.
403 1662 513 1714 Καὶ
567 1659 790 1728 ἐποίησε
846 1657 986 1712 κατὰ
1016 1659 1076 1710 τὸ
1127 1657 1340 1725 θέλημα
1372 1654 1538 1709 αὑτοῦ
1561 1656 1654 1706 καὶ
1688 1656 1816 1723 ἐμε-

228 1753 499 1820 ῖἀλῦνθη.
548 1753 660 1820 Τὴν
690 1752 920 1819 δύναμιν
944 1749 1092 1816 λέγει
1118 1749 1216 1818 τὴν
1243 1747 1540 1818 Περσικὴν,
1573 1748 1605 1818 ἢ
1633 1749 1814 1799 πᾶσαν

226 1848 513 1916 ἐπέδραμε
573 1847 662 1916 ςὴν
691 1844 817 1912 γῆν.
859 1839 993 1896 Εἶτα
1043 1841 1170 1908 περὶ
1192 1839 1287 1892 τοῦ
1326 1839 1632 1904 Μακεδόνος
1662 1840 1814 1892 Ἀλε-

228 1938 456 2009 ξάνδρου
483 1936 866 2005 διαλεγόμενός
919 1948 1074 2002 φησιο
1100 1933 1212 1986 Καὶ
1247 1932 1356 1985 ἰδοὺ
1395 1931 1596 2002 τράγος
1643 1928 1814 1995 αἰγῶν

227 2034 432 2100 ἤρχετο
475 2030 583 2082 ἀπὸ
627 2027 793 2090 Λιϐὸς
827 2027 922 2078 καὶ
970 2025 1066 2077 ὲπλ.
1115 2024 1412 2092 πρόσωπον
1474 2024 1659 2091 πάσης
1715 2022 1814 2089 τῆς

226 2121 355 2186 γῆς,
383 2120 479 2171 καὶ
507 2119 608 2171 οὐκ
635 2113 711 2188 ἦν
733 2115 1042 2185 ἁπτόμενος
1069 2116 1170 2184 τῆς
1204 2113 1328 2182 γῆς.
1391 2112 1500 2164 Καὶ
1524 2111 1600 2180 τῷ
1626 2112 1814 2180 τράγῳ

228 2211 428 2280 ἐκείνῳ
469 2210 636 2280 κέρας
671 2209 963 2277 ἐθεωρείτο
1001 2204 1103 2260 ἀνὰ
1145 2205 1310 2275 μέσον
1359 2204 1468 2257 τῶν
1517 2203 1814 2272 ὀφθαλμῶν

225 2305 422 2357 αὐτοῦ.
463 2301 595 2356 Εἶτα
633 2302 806 2370 λέγων
836 2301 933 2372 τὴν
984 2301 1120 2370 πρὶς
1147 2300 1374 2368 Δαρεῖον
1388 2296 1691 2368 προσϐολὴν
1722 2298 1814 2349 καὶ

229 2395 513 2464 συμϐολὴν
573 2392 741 2445 αὑτοῦ
791 2390 1095 2460 γενομένην
1122 2391 1218 2442 καὶ
1267 2387 1366 2458 τὴν
1428 2388 1568 2440 κατὰ
1618 2389 1815 2456 κράτος

226 2487 412 2554 νίκην,
437 2482 631 2546 Ἦλθε,
666 2483 852 2554 φησὶν,
879 2483 909 2536 ό
932 2481 1135 2551 τράγος
1168 2479 1273 2542 ἕως
1301 2479 1397 2532 τοῦ
1433 2480 1588 2547 κριοῦ
1627 2479 1721 2532 τοῦ
1747 2478 1816 2532 τὰ

227 2581 444 2648 κέρατα
477 2581 716 2649 ἔχοντος,
745 2576 842 2630 καὶ
868 2573 1144 2644 ἡγριώθη,
1174 2575 1270 2627 καὶ
1295 2573 1487 2625 ἔπαισε
1510 2574 1604 2624 τὸν
1635 2573 1813 2644 κριὸν,

228 2673 329 2724 καὶ
347 2671 674 2740 συνέτριψεν
693 2669 980 2739 ἀμφότερα
997 2669 1064 2720 τὰ
1090 2668 1298 2736 κέρατα
1311 2666 1498 2731 αὐτοῦ,
1522 2667 1614 2719 καὶ
1633 2653 1730 2718 οὐκ
1750 2662 1818 2738 ἦν

226 2766 256 2814 ὁ
285 2761 686 2829 ἐξαιρούμενος
708 2763 771 2812 ὲκ
799 2759 981 2830 χειρὸς
1004 2757 1190 2811 αὑτοῦ.
1214 2759 1816 2829 Ἔπειταδιηγούμενος

228 2855 330 2924 τὴν
381 2850 736 2921 Ἀλεξάνδρου
791 2850 1049 2919 τελευτὴν
1099 2851 1195 2902 καὶ
1249 2850 1348 2919 τὴν
1392 2850 1500 2904 τῶν
1537 2850 1816 2920 τεσσάρων

232 2946 506 3018 βασιλέων
535 2943 805 3014 διαδοχὴν,
848 2943 1040 3010 ἐπάγει
1077 2941 1274 3009 λέγων·
1313 2944 1420 2996 Καὶ
1448 2944 1506 2996 ἐν
1542 2944 1631 3013 τῷ
1669 2942 1819 3012 ἰσχῦ-

232 3049 322 3084 σαι
346 3032 513 3084 αὐτὸν
540 3029 866 3101 συντετρίϐη
897 3030 956 3080 τό
984 3029 1152 3098 κέρας
1200 3030 1261 3082 τὸ
1293 3031 1458 3099 μέγα,
1493 3033 1588 3084 καὶ
1647 3032 1818 3100 ἀνέϐη

230 3123 444 3192 κέρατα
499 3121 747 3192 τέσσαρα
791 3120 1143 3172 ὑποκάτωθεν
1187 3119 1373 3184 αὐτοῦ,
1406 3122 1485 3184 είς
1529 3121 1656 3183 τοὺς
1693 3121 1820 3174 τέσ-

233 3229 408 3282 σαρας
445 3211 683 3280 ἀνέμους
725 3209 820 3262 τοῦ
870 3208 1122 3280 οὐρανοῦ.
1188 3207 1471 3261 Ἐντεῦθεν
1504 3209 1690 3262 λοιπὸν
1727 3210 1818 3261 ἐπὶ

230 3306 330 3373 τὴν
371 3304 649 3372 Ἀντιόχου
673 3301 952 3372 βασιλείαν
983 3299 1176 3365 ἐλθὼν,
1211 3302 1306 3354 καὶ
1353 3300 1569 3362 δεικνὺς
1620 3303 1702 3354 ὅτι
1760 3301 1820 3364 ἐξ

231 3395 351 3458 ἑνὸς
391 3394 620 3447 ἐκείνων
657 3393 766 3446 τῶν
793 3390 1074 3459 τεσσάρων
1108 3391 1245 3456 ἐστὶ,
1303 3391 1468 3443 πάλιν
1509 3392 1660 3461 φησί·
1707 3393 1819 3446 Καὶ

231 3487 457 3556 ἐξῆλθεν
471 3489 540 3541 ιιι
567 3485 661 3538 τοῦ
681 3486 801 3548 ἐνὸς
835 3484 1077 3554 ἰσχυρὸν,
1104 3485 1198 3538 καὶ
1237 3484 1586 3555 ἐμεγαλύνθη
1623 3502 1816 3554 περισ-

234 3580 344 3643 σῶς
400 3579 539 3648 πρὸς
572 3578 723 3630 νότον
749 3577 844 3630 καὶ
892 3575 1028 3646 πρὸς
1058 3577 1348 3646 ἀνατολήν.
1401 3579 1510 3628 Καὶ
1537 3577 1820 3645 σημαίνων

232 3676 313 3725 ὅτι
350 3673 456 3741 τὴν
500 3670 798 3740 Ἰουδαῖκὴν
838 3669 1117 3723 πολιτείαν
1164 3670 1403 3733 καθελεῖ,
1449 3671 1678 3738 φάσκεν
1710 3671 1820 3723 Καὶ

233 3765 301 3818 δι’
319 3765 489 3820 αὐτὸν
522 3765 683 3818 θυσία
721 3763 998 3834 ἐταράχθη
1065 3761 1502 3834 παραπτώματι,
1562 3763 1657 3814 καὶ
1698 3763 1821 3828 ὲγεο

234 3860 370 3928 νήθη
441 3859 539 3912 καλ⁹
587 3858 954 3926 κατευωδώθη
994 3857 1149 3912 αὑτό.
1231 3858 1342 3908 Καὶ
1404 3856 1466 3908 τὸ
1503 3855 1656 3922 ἅγιον
1687 3856 1819 3926 ἐρησ-

237 3953 575 4023 μωθήσεται,
604 3951 695 4004 καὶ
727 3953 1015 4020 γενήσεται
1046 3949 1173 4018 περὶ
1202 3949 1301 4017 τὴν
1331 3947 1524 4001 θυσίαν
1552 3948 1816 4018 ἁμαρτία.

234 4045 338 4096 Τοῦ
370 4045 482 4113 γάρ
521 4041 704 4111 βωμοῦ
751 4041 1169 4110 καθαιρεθέντος
1203 4040 1423 4092 καὶτῶν
1452 4041 1622 4106 ἁγῖων
1648 4057 1819 4092 κατα-

235 4136 590 4207 πατηθέντων
610 4133 826 4186 εἴδωλον
850 4134 1075 4202 ἔστησεν
1099 4131 1264 4196 ἔνδον,
1293 4135 1386 4184 καὶ⁵
1409 4131 1603 4184 θυσίαν
1633 4131 1822 4183 ἐπετέ-

235 4231 314 4284 λει
344 4233 463 4290 τοῖς
507 4229 726 4298 δαίμοσι
759 4225 1114 4295 παρανόμοις.
1154 4223 1318 4276 Ὅθεν
1351 4224 1538 4293 φησίν*
1579 4224 1816 4296 Ἐρρἱφη

233 4323 408 4392 χαμαὶ
433 4323 467 4390 ή
497 4318 837 4386 δικαιοσύνη,
864 4317 960 4369 καὶ
991 4317 1238 4386 ἐποίησε,
1263 4316 1358 4368 καὶ
1379 4315 1655 4383 εὖωδὼθη.
1687 4317 1820 4368 Εἶτα

233 4414 395 4466 πάλιν
444 4414 512 4462 ὲκ
546 4408 806 4477 δευτέρου
861 4408 961 4475 τὴν
995 4408 1166 4476 αὐτὴν
1223 4407 1496 4476 βασιλείαν
1545 4406 1818 4476 Ἀντιόχου

243 4501 576 4571 Ἐπιφανοῦς
601 4500 772 4566 λέγων
800 4499 894 4551 καὶ
914 4497 1010 4567 τὴν
1040 4498 1416 4566 αἰχμαλωσίαν
1446 4499 1536 4551 καὶ
1573 4498 1821 4568 τὴνᾶλω-

233 4615 318 4649 σιν
344 4596 442 4647 καὶ
480 4595 580 4662 τὴν
613 4594 898 4663 ἐρήμωσιν
926 4590 1021 4643 τοῦ
1060 4589 1230 4660 ἱεροῦ,
1263 4590 1588 4660 προστίθησι
1617 4591 1815 4645 καὶτὸν
1844 4586 1896 4646 D

231 4689 448 4758 χρόνον.

300 4775 640 4846 Ἀρξάμενος
662 4780 771 4846 γὰρ
795 4775 902 4828 ἀπὸ
923 4776 1021 4845 τῆς
1036 4773 1384 4845 Ἀλεξάνδρου
1409 4775 1703 4846 βασιλείας,
1721 4773 1815 4831 αὖ·

229 4871 314 4934 et;
335 4869 478 4939 πρὸς
505 4866 584 4938 τῷ
620 4868 756 4920 τέλει
790 4867 884 4924 τοῦ
911 4867 1115 4937 βιϐλίου
1159 4869 1254 4920 καὶ
1301 4867 1371 4920 τὰ
1407 4871 1608 4937 μεταξὺ
1634 4870 1813 4923 πάντα

228 4960 638 5029 διηγησάμενος
665 4958 767 5011 ὃσα
796 4959 844 5010 οἱ
870 4958 1194 5026 Πτολεμαῖοι
1228 4959 1320 5010 καὶ
1335 4959 1382 5009 οἱ
1404 4958 1661 5011 Σέλευκοι
1683 4962 1817 5029 συῤ-

235 5053 501 5121 ραγέντες
541 5049 790 5118 ἀλλήλοις
834 5050 1099 5119 ἐποίησαν
1130 5050 1224 5102 καὶ
1271 5050 1318 5102 0i
1356 5051 1655 5120 στρατηγοὶ⁸
1689 5051 1814 5104 τοῦ·

228 5160 334 5196 των
348 5142 700 5211 εἰργάσαντο,
724 5140 848 5202 τοὺς
881 5138 1326 5213 δόλους,,[ί’.2“50]
1347 5140 1443 5204 τὰς
1493 5142 1646 5205 νίκας
1671 5182 1687 5206 ,
1721 5143 1816 5206 τὰς

235 5234 532 5304 στρατείας
556 5273 570 5295 ,
604 5232 703 5293 τὰς
744 5232 925 5300 μάχας
949 5233 1074 5294 ,τὰς
1101 5231 1429 5300 ναυμαχίας,
1452 5233 1549 5295 τὰς
1573 5233 1818 5303 πεζομα-

232 5327 375 5397 χίας,
407 5323 619 5394 προῖὼν
639 5325 719 5386 είς
750 5323 1025 5393 Ἀντίοχον
1051 5324 1280 5396 τελευτᾷ
1311 5325 1492 5385 πάλιν,
1526 5325 1622 5379 καὶ
1649 5327 1809 5395 φησί·

232 5419 526 5488 Βραχίονες
553 5415 614 5482 ἐξ
637 5415 804 5470 αὐτοῦ
835 5417 1144 5488 στήσονται,
1185 5416 1280 5470 καὶ
1330 5415 1698 5486 βεϐηλώσουσι
1752 5419 1814 5470 τὸ

231 5511 496 5579 άγίασμα,
511 5513 606 5563 καὶ
627 5511 1024 5582 μεταστήσουσι
1039 5511 1128 5563 τὸν
1141 5509 1816 5580 ὲνδελεχισμὸν,τὰςσυνῆ-

236 5601 344 5666 θεις
368 5603 546 5670 λέγων
576 5602 767 5665 θυσίας
786 5604 879 5656 καὶ
903 5603 1116 5673 καθημε
1128 5602 1299 5672 ρινὰς,
1322 5604 1433 5656 Καὶ
1455 5601 1716 5656 δώσουσιν
1734 5605 1812 5664 εἰς

240 5691 394 5745 αὐτὸν
413 5693 714 5762 βδέλυγμα,
740 5695 976 5756 καὶτοὺς
1002 5694 1340 5763 ἀνομοῦντας
1367 5693 1632 5765 διαθήκην
1669 5694 1810 5765 (του-

306 5873 346 5899 ⁸³
383 5870 518 5924 Dan.
559 5885 671 5924 \‘ltl.
752 5870 952 5926 “Dan.
988 5887 1058 5937 iu,
1099 5871 1184 5926 5f.

1915 666 2117 721 notat,
2180 657 2318 710 hirci
2389 655 2708 728 Graecorum
2771 653 3245 722 Macedonumque
3311 665 3494 720 regem

1915 749 2312 813 Alexandrum,
2330 752 2362 805 4
2384 765 2655 804 cornuum
2691 764 2848 818 reges
2870 748 2965 817 qui
2991 749 3040 801 ei
3075 751 3496 809 successerunt;

1913 842 1981 896 de
2009 843 2214 912 quibus
2233 843 2508 911 posterius
2541 857 2713 895 cornu
2754 849 2982 894 enatum
3039 845 3143 899 est,
3190 835 3498 890 AntiOrhus

1919 937 2202 988 nimirum.
2242 931 2420 989 Verba
2445 932 2566 999 ejus
2591 943 2719 987 sunt
2746 950 2759 986 :
2784 930 2906 986 Vidi
2933 929 3202 984 divinitus
3232 941 3502 996 apparen-

1917 1037 2024 1080 teut
2053 1026 2342 1080 visionem.
2393 1021 2533 1077 Ecce
2568 1024 2748 1078 stabat
2802 1023 2948 1078 aries
2999 1019 3261 1074 cornibus
3316 1018 3498 1081 elatis,

1916 1134 2152 1189 quorum
2212 1134 2380 1172 unum
2415 1125 2534 1170 erat
2563 1117 2736 1169 altero
2769 1113 3086 1175 sublimius,
3116 1111 3280 1182 402
3337 1109 3502 1178 idque

1917 1209 2223 1280 posteriore
2270 1210 2390 1262 loco
2441 1207 2721 1277 surgebat.
2759 1204 2992 1273 Vidique
3049 1219 3174 1256 eum
3239 1201 3502 1256 cornibus

1917 1303 2085 1355 ictum
2114 1301 2364 1355 edentem
2397 1300 2663 1352 adversus
2695 1311 2866 1358 mare,
2933 1294 3244 1363 aquilonem
3293 1302 3348 1348 et
3401 1307 3503 1344 au-

1919 1407 2091 1449 strum
2117 1409 2132 1458 ;
2156 1409 2333 1462 neque
2357 1393 2527 1446 ullum
2559 1388 2760 1444 animal
2790 1393 3000 1456 poterat
3025 1394 3154 1439 ante
3180 1398 3304 1436 eum
3327 1383 3504 1438 subsi-

1920 1497 2087 1548 stere,
2121 1500 2298 1554 neque
2329 1492 2448 1537 erat
2483 1483 2577 1551 qui
2615 1482 2681 1534 ab
2713 1493 2780 1534 eo
2808 1477 3152 1532 defenderet.
3191 1474 3378 1544 Itaque
3403 1488 3504 1527 suo

1919 1581 2187 1634 arbitratu
2232 1578 2429 1648 agebat
2460 1591 2522 1628 ac
2556 1573 2884 1644 magniﬁcus
2918 1579 3035 1625 erat
3070 1569 3136 1621 ".
3192 1569 3291 1621 His
3323 1565 3503 1620 verbis

1918 1673 2247 1742 exprimitur
2286 1683 2513 1738 regnum
2549 1665 2857 1727 Persicum,
2912 1661 3074 1728 cujus
3108 1657 3352 1727 potentia
3411 1669 3505 1708 or-

1923 1766 2042 1818 bem
2090 1772 2365 1814 terrarum
2429 1763 2722 1826 pervagata
2797 1759 2899 1806 est.
2957 1749 3088 1804 Inde
3146 1747 3390 1816 loquitur
3435 1744 3505 1797 de

1921 1853 2234 1910 Alexandro
2271 1850 2565 1903 Maceioue
2597 1864 2609 1901 :
2653 1845 2790 1898 Ecce
2822 1852 3004 1896 autem
3030 1841 3220 1894 hircus
3243 1835 3504 1906 caprinus

1925 1945 2213 2016 ingruebat
2253 1952 2463 2011 aparte
2486 1951 2595 2008 qua
2627 1937 2799 2005 spirat
2845 1932 3084 1995 Africus,
3149 1943 3313 1999 super
3376 1927 3502 1980 uni-

1925 2054 2138 2095 versam
2196 2047 2424 2100 terram,
2469 2046 2651 2101 neque
2687 2039 2866 2083 tamen
2903 2037 3104 2082 terram
3161 2022 3500 2092 attingebat;

1923 2129 2476 2199 conspiciebaturque
2515 2125 2658 2177 inter
2680 2123 2872 2176 oculos
2909 2120 3031 2188 ejus
3060 2131 3229 2172 comu
3258 2122 3502 2168 exstaus.

1923 2225 2124 2278 Postea
2159 2219 2475 2274 conﬂictum
2511 2217 2630 2283 ejus
2665 2229 2789 2268 cum
2828 2211 2988 2265 Dario
3013 2225 3076 2264 ac
3109 2206 3394 2261 victoriam
3440 2203 3509 2256 de

1923 2330 1990 2371 eo
2011 2313 2376 2370 describens:
2411 2310 2592 2373 Venit,
2631 2306 2830 2374 inquit,
2864 2303 3053 2356 hircus
3091 2302 3194 2354 iste
3235 2311 3410 2365 usque
3439 2296 3508 2350 ad

1924 2413 2215 2460 cornutum
2247 2403 2399 2455 illum
2429 2399 2686 2459 arietem,
2733 2403 2786 2449 et
2824 2392 3085 2447 efferatus
3127 2405 3250 2444 eum
3280 2403 3508 2456 percus-

1925 2499 2018 2560 sit,
2049 2497 2321 2563 amboque
2347 2492 2469 2562 ejus
2494 2503 2700 2544 cornua
2724 2485 3001 2546 contrivit,
3041 2495 3216 2550 neque
3257 2487 3380 2532 erat
3413 2477 3506 2547 qui

1925 2591 2033 2644 vim
2097 2589 2218 2658 ejus
2269 2586 2340 2639 ab
2393 2583 2568 2638 ariete
2625 2579 2971 2635 defenderet.
3034 2573 3164 2628 lude
3213 2568 3507 2625 Alexandri

1924 2685 2129 2740 exitum
2159 2680 2458 2748 depingeus
2489 2684 2837 2744 quatuorque
2857 2684 3048 2740 regunt
3072 2662 3505 2724 successionem,

1926 2777 2042 2831 tunc
2078 2774 2243 2828 infert
2282 2788 2295 2824 :
2339 2770 2475 2822 Cum
2509 2776 2693 2820 autem
2729 2762 2922 2816 hircus
2955 2773 3207 2829 magnam
3233 2761 3381 2810 esset
3413 2765 3508 2820 po-

1925 2869 2153 2923 tentiam
2206 2865 2461 2934 adeptus,
2494 2875 2749 2931 magnum
2803 2871 2977 2912 cornu
3031 2853 3151 2922 ejus
3209 2847 3505 2916 frangitur,

1925 2969 2086 3028 atque
2151 2954 2296 3009 infra
2338 2954 2471 3008 illud
2523 2958 2820 3020 erumpunt
2869 2949 2979 3001 alia
3027 2951 3265 3015 quatuor
3298 2952 3505 2994 cornua

1925 3048 2227 3122 spectantia
2249 3046 2316 3100 ad
2348 3053 2583 3115 quatuor
2608 3044 2796 3112 plagas
2833 3038 3046 3094 mundi.
3088 3034 3260 3087 Porro
3289 3032 3355 3084 ad
3386 3030 3502 3082 An-

1927 3143 2094 3198 tiochi
2127 3153 2350 3210 regnum
2409 3135 2755 3207 perveniens,
2791 3133 3053 3200 illumque
3076 3133 3392 3180 monstrans
3439 3136 3505 3176 ex

1847 3257 1892 3318 η
1927 3252 2037 3291 uno
2068 3235 2395 3301 illorumque
2429 3236 2666 3299 quatuor
2711 3238 2984 3280 cornuum
3027 3218 3326 3277 exstitisse.
3381 3229 3508 3268 rur-

1925 3343 2042 3382 sum
2066 3327 2233 3381 dicit:
2267 3323 2332 3377 Et
2357 3323 2494 3377 exiit
2517 3321 2586 3375 de
2617 3332 2728 3374 uno
2781 3318 3002 3369 illorum
3033 3325 3203 3366 cornu
3238 3306 3503 3367 validum,

1927 3424 2227 3489 ingensque
2265 3416 2470 3470 factum
2521 3420 2605 3466 est
2640 3423 2838 3466 versus
2893 3403 3179 3460 meridiem
3213 3408 3269 3453 et
3297 3404 3502 3451 ortum.

1923 3513 2063 3567 Tum
2097 3511 2346 3564 indicans
2379 3507 2449 3561 ab
2484 3520 2550 3560 eo
2578 3503 2862 3558 Iudaicam
2917 3512 3031 3551 rem
3061 3493 3335 3564 publicam
3373 3489 3504 3540 alio-

1923 3607 2076 3663 litum
2100 3603 2189 3664 iri,
2207 3601 2356 3655 addit
2381 3617 2393 3651 :
2423 3597 2518 3653 Ille
2539 3603 2763 3666 peccato
2781 3589 3111 3646 sacriﬁcium
3127 3580 3503 3643 conturbabit,

1923 3702 2222 3759 contraque
2251 3688 2304 3742 id
2336 3702 2448 3740 rem
2469 3701 2729 3756 prospere
2743 3681 2936 3752 gessit,
2964 3695 3025 3732 ac
3049 3676 3308 3745 templum
3328 3677 3507 3725 vasta-

1922 3783 2092 3846 bitur,
2120 3791 2174 3835 et
2205 3782 2324 3833 loco
2359 3776 2520 3849 4,03
2554 3772 2808 3830 sacriﬁcii
2837 3772 2942 3826 erit
2964 3769 3230 3837 ﬂagitium
3257 3763 3324 3816 ⁸⁸.
3367 3760 3501 3813 Nam

1924 3871 2229 3925 Antiochus
2262 3869 2413 3922 altari
2445 3868 2710 3922 subverso
2749 3862 3036 3929 sacrisque
3078 3852 3417 3908 conculcatis
3450 3849 3503 3902 in

1922 3963 2125 4032 templo
2156 3961 2509 4015 simulacrum
2537 3955 2750 4019 statuit,
2777 3967 2840 4005 ac
2861 3959 3053 4004 contra
3103 3947 3274 4016 legem
3301 3941 3505 3995 dmino-

1923 4057 2086 4112 nibus
2116 4052 2464 4110 sacriﬁcavit.
2499 4049 2622 4103 ideo
2661 4055 2815 4100 vates
2843 4044 2976 4098 dicit
3011 4058 3025 4097 :
3059 4039 3122 4094 Et
3169 4036 3317 4091 humi
3372 4046 3504 4103 pro-

1921 4155 2090 4202 strata
2125 4142 2470 4213 estjustitia,
2522 4149 2824 4205 contraque
2878 4135 3025 4188 illam
3079 4145 3192 4185 rem
3236 4137 3499 4196 prospere

1922 4239 2107 4310 gessit.
2139 4236 2376 4290 Rursum
2432 4232 2628 4286 deinde
2671 4231 2847 4300 ipsum
2879 4225 3008 4279 illud
3055 4219 3311 4278 Antiochi
3369 4216 3502 4286 Epi-

1925 4332 2120 4402 phauis
2153 4343 2380 4397 regnum
2427 4325 2854 4391 Judaeorumqtte
2891 4317 3104 4372 cladem
3137 4323 3192 4370 et
3224 4311 3498 4368 exeidium

1922 4401 2087 4491 atque
2133 4419 2499 4474 vastationem
2547 4412 2730 4482 templi
2787 4412 3054 4472 referens,
3088 4414 3304 4474 tempus
3336 4401 3499 4455 etiam

1924 4519 2333 4571 commemorat.

1990 4788 2120 4842 Nam
2147 4801 2360 4848 rursus,
2391 4783 2544 4838 initio
2570 4780 2739 4850 petito
2755 4778 2823 4830 ab
2851 4770 3141 4827 Alexandri
3175 4780 3362 4836 regno,
3391 4760 3498 4815 sub

1920 4880 2078 4933 ﬁnem
2111 4877 2254 4938 libri,
2292 4887 2467 4941 eaque
2499 4868 2686 4922 omnia
2739 4872 3060 4934 persecutus
3106 4856 3352 4911 oratione
3377 4865 3499 4920 quae

1919 4973 1987 5027 ab
2036 4985 2102 5025 eo
2159 4965 2433 5022 Ptolenuei
2489 4971 2544 5018 et
2595 4958 2810 5016 Seleuci
2868 4951 3143 5010 intestinis
3175 4947 3333 5003 bellis
3367 4958 3499 4998 cou-

1920 5062 2092 5134 gressi
2126 5061 2359 5114 invicem
2399 5054 2599 5111 facturi
2652 5059 2836 5107 essent
2883 5058 3184 5113 eorumque
3211 5041 3494 5102 ductores,

1920 5155 2099 5216 dolos,
2132 5150 2416 5214 victorias,
2450 5144 2853 5215 expeditiones,
2879 5138 3092 5193 navalia
3111 5144 3164 5190 et
3191 5129 3497 5188 terrestria,

1921 5246 2122 5315 prmlia,
2152 5256 2476 5313 progressus
2511 5239 2578 5292 ad
2608 5235 2862 5290 Antiochi
2899 5245 3074 5299 usque
3129 5239 3356 5295 regnum
3419 5221 3496 5274 ita

1917 5334 2198 5390 concludit
2218 5352 2230 5388 :
2253 5333 2314 5385 Et
2329 5330 2549 5385 brachia
2569 5345 2632 5383 ex
2658 5342 2721 5382 eo
2741 5326 3027 5386 cxsistent,
3052 5333 3172 5388 qua!
3189 5315 3494 5372 sacrarium

1922 5426 2302 5496 profanabunt.
2341 5431 2396 5476 et
2425 5423 2554 5492 juge
2591 5418 2924 5475 sacriﬁcium
2976 5413 3277 5468 abolebunt
3333 5417 3502 5475 atque

1921 5520 2183 5588 polluerit,
2220 5525 2272 5570 et
2310 5530 2405 5569 eos
2445 5516 2534 5585 qui
2575 5517 2964 5568 testamentum
2993 5507 3199 5560 violant
3227 5502 3352 5572 (hoc
3381 5508 3494 5561 est,

1918 5609 2136 5662 Judzeos
2169 5622 2199 5659 a
2235 5606 2350 5674 lege
2380 5601 2722 5673 deficientes)
2748 5601 3023 5655 abducent
3069 5597 3122 5649 in
3167 5591 3502 5647 lubricitati-

1921 5701 2020 5755 bus
2051 5700 2164 5754 suis
2199 5707 2363 5768 atque
2389 5699 2753 5762 transferat;
2785 5694 3173 5767 supcrabitqne
3195 5705 3290 5745 cos
3318 5701 3497 5756 popa-

2503 5883 2528 5923 Ι
