4248 6456
743 417 851 482 443

2012 415 2338 478 GEORGII
2378 415 2718 478 CEDRENI

3904 409 4016 475 444

746 539 830 590 lus
857 533 950 604 qui
985 533 1152 589 Deum
1187 532 1474 605 cognoscit
1519 530 1883 603 (Maccabaaos
1917 531 2100 586 innuit
2134 542 2192 584 et
2231 547 2319 586 res
2351 537 2396 592 Α

2351 537 2396 592 Α
2424 537 2577 589 τέστι
2597 535 2720 597 τοὺς
2741 531 3178 602 παραϐαίνοντας
3192 530 3301 584 τῶν
3317 527 3586 584 Ἰουδαίων
3611 526 3939 594 ’ἀπάξουσιν
3954 530 4014 579 ὲν

745 648 775 684 a
804 629 945 686 Juda
978 631 1200 684 Simone
1230 645 1293 685 ac
1317 629 1528 685 Joanne
1563 634 1794 700 gestas),
1821 642 1882 681 ac
1905 627 2203 697 prudentes
2253 627 2324 681 de

743 723 949 794 populo
998 723 1170 776 multa
1207 723 1538 797 intelligent.
1577 723 1898 776 Atterentur
1936 729 2117 776 autem
2155 720 2322 774 caedi-

748 816 852 869 bus
879 825 932 869 ct
964 814 1238 870 incendiis
1267 813 1608 883 (incendium
1633 814 1781 868 urbis
1801 803 2021 869 rursum
2049 812 2323 882 designat)

747 916 801 962 et
833 907 1102 961 servitute
1132 922 1194 960 ac
1218 907 1643 976 direptionibus.
1707 906 1886 977 Atque
1920 906 1973 960 in
2006 904 2123 960 suis
2155 919 2327 974 angu-

748 999 874 1054 stiis
922 999 1196 1053 modicum
1237 999 1320 1053 eis
1376 997 1580 1054 feretur
1605 997 1871 1052 auxilium
1903 996 2182 1067 (indicans
2230 1010 2326 1050 eos

747 1091 894 1144 inter
916 1105 1014 1144 sua
1038 1090 1179 1142 mala
1204 1091 1478 1159 respirare
1497 1089 1661 1162 404
1681 1105 1838 1159 posse
1855 1099 1906 1144 et
1929 1105 1994 1144 ex
2023 1089 2091 1144 iis
2113 1088 2328 1158 aliqua-

749 1191 908 1237 tenus
935 1183 1259 1252 emergere).
1297 1181 1361 1234 Et
1394 1183 1657 1237 accederat
1691 1183 1756 1237 iis
1803 1181 1957 1236 multi
2004 1183 2059 1236 in
2097 1183 2326 1237 lubrici-

750 1275 990 1338 tatibus,
1053 1277 1319 1345 multique
1377 1277 1706 1346 prudentum
1760 1276 2032 1342 deﬁcient,
2089 1277 2326 1332 innueus

747 1368 912 1420 etiam
947 1382 1134 1422 eorum
1176 1370 1268 1436 qui
1304 1369 1524 1423 stabant
1577 1369 1776 1422 multos
1811 1370 2082 1439 lapsuros.
2123 1371 2328 1424 Deinde

746 1459 910 1512 etiam
947 1475 1171 1514 causam
1197 1460 1367 1515 refert
1395 1477 1491 1514 cur
1516 1461 1658 1514 Deus
1681 1475 1777 1514 eos
1813 1473 2006 1529 passus
2033 1461 2102 1516 sit
2130 1462 2179 1513 in
2205 1469 2329 1514 tan-

747 1563 832 1605 tas
891 1553 1234 1606 calamitates
1286 1553 1597 1606 devenire:
1667 1551 1758 1615 Ut,
1815 1554 2016 1621 inquit,
2067 1568 2162 1607 eos
2202 1553 2328 1620 igne

748 1643 1060 1710 exploraret
1091 1657 1152 1696 ac
1188 1645 1450 1712 probaret
1487 1654 1542 1698 et
1572 1659 1750 1711 u5qne
1780 1643 1846 1696 ad
1875 1642 2158 1696 deﬁnitum
2184 1650 2326 1697 tem-

750 1749 852 1798 pus
891 1745 1169 1804 purgaret.
1209 1733 1322 1790 lloc
1366 1735 1572 1788 indicat
1608 1735 1775 1788 Deum
1808 1737 1913 1790 ista
1946 1735 2060 1788 ﬁeri
2105 1736 2325 1801 sivisse,

752 1825 826 1876 nti
881 1841 975 1878 eos
1007 1838 1358 1898 expurgaret,
1396 1837 1452 1881 ct
1483 1829 1576 1897 qui
1624 1827 1768 1882 inter
1798 1844 1892 1882 eos
1944 1829 2096 1897 probi
2144 1839 2327 1884 essent

2431 633 2759 701 ὀλισθήμασι
2780 631 2899 700 μεθ’
2926 629 3134 683 ἑαυτῶν
3166 629 3260 680 καὶ
3297 627 3718 698 μεταστήσουσι,
3763 626 3856 678 καὶ
3883 624 4015 686 λαίς

2432 724 2718 794 γινώσκων
2742 724 2831 775 τὸν
2852 722 2988 774 Θεὸν
3031 720 3196 773 αὑτοῦ
3255 719 3649 789 κατισχύσουσι
3676 717 3766 787 (τὰ
3793 717 4017 770 ἐπὶτῶν

2431 815 2812 870 Μακκαὸαίων
2833 814 3007 882 λέγων
3031 814 3122 866 καὶ
3147 813 3215 866 τὰ
3238 813 3330 864 ἐπὶ
3350 811 3524 865 Ἰούδα
3545 809 3641 864 καὶ
3655 810 3898 878 Σίμωνος
3916 805 4016 861 xa‘.

2432 905 2731 976 Ἰωάννου),
2754 907 2849 960 καὶ
2878 908 2926 958 οἰ
2955 904 3163 957 συνετοὶ
3188 902 3321 956 λαοῦ
3357 903 3680 971 συνήσουσιν
3706 902 3786 961 εἰς
3818 897 4014 952 πολλά.

2433 994 2542 1046 Καὶ
2569 993 2960 1063 ἀσθενήσουσιν
2992 995 3048 1044 ἐν
3082 992 3327 1062 ῥομφαία
3353 993 3449 1044 καὶ
3487 993 3546 1043 ἐν
3575 988 3760 1058 φλογί·
3792 989 3883 1041 τὸν
3911 990 4018 1058 ὲμο

2434 1087 2687 1154 πρησμδν
2746 1084 2843 1153 τῆς
2894 1084 3124 1147 πόλεως,
3162 1082 3548 1154 ἐξηγούμενος,
3601 1083 3785 1149 πάλιν,
3832 1081 3925 1134 καὶ
3955 1081 4016 1132 ἐν

2433 1177 2781 1246 αἰχμαὶωςία
2824 1177 2918 1228 καὶ
2959 1179 3016 1230 ἐν
3073 1177 3351 1246 διαρπαγῇ
3407 1173 3630 1245 ἡμερῶν
3658 1215 3673 1239 ,
3728 1173 3822 1226 καὶ
3853 1175 3909 1225 ἐν
3934 1171 4014 1241 τῷ

2433 1269 2727 1340 ἀσθενῆσαι
2758 1269 2953 1331 αὑτοὺς
2979 1269 3336 1339 βοηθήσονται
3362 1267 3614 1338 βοήθειαν
3646 1264 3870 1336 μικρὰν,
3910 1266 4018 1332 ἐμ-

2434 1363 2641 1431 φαίνων
2671 1363 2753 1414 ὃτι
2787 1362 2988 1431 μεταξὺ
3039 1361 3147 1413 τῶν
3203 1362 3392 1414 κακῶν
3429 1361 3657 1413 ἐκείνων
3688 1358 4016 1426 δυνήσονται

2433 1452 2772 1508 ἀναπνεῦσαι
2832 1453 2925 1505 καὶ
2977 1453 3289 1519 ἀνενεγκεῖν
3342 1453 3407 1504 ἐκ
3465 1450 3572 1502 τῶν
3604 1445 4016 1514 κατειληφότων

2434 1544 2632 1606 αὐτοὺς
2661 1543 2870 1606 δεινῶν,
2897 1543 2994 1596 καὶ
3017 1541 3485 1612 προςτεθήσονται
3511 1539 3650 1609 πρὸς
3675 1538 3872 1598 αὐτοὺς
3888 1536 4018 1587 πολ-

2434 1638 2516 1692 λοὶ
2560 1640 2618 1692 ἐν
2648 1637 2994 1708 ὀλισθήμασι,
3044 1638 3139 1690 καὶ
3173 1635 3283 1689 ἀπὸ
3309 1635 3418 1688 τῶν
3452 1632 3740 1686 συνιόντων
3777 1630 4016 1698 ἀσθενή-

2436 1748 2590 1784 σουσι
2620 1730 2834 1792 δεικνὺς
2866 1731 2948 1781 ὅτι
2989 1728 3176 1781 πολλοὶ
3223 1728 3318 1780 καί
3342 1727 3449 1779 τῶν
3497 1724 3748 1778 ἑστώτων
3781 1719 4015 1772 πεσοῦν-

2434 1839 2542 1875 ται.
2595 1817 2729 1873 Εῐτα
2760 1821 2853 1873 καὶ
2873 1820 2972 1889 τὴν
3001 1817 3178 1871 αἰτίαν
3202 1817 3267 1869 δι’
3305 1817 3373 1887 ἢν
3404 1812 3781 1884 συνεχώρησεν
3814 1809 4014 1871 αὐτοὺς

748 1917 1086 1972 ostenderet.
1135 1896 1340 1975 Deinde
1393 1896 1640 1989 ejusdem
1704 1896 1959 1975 Antiochi
2029 1924 2325 1991 potentiam
2358 1896 2400 1950 Β

2358 1896 2400 1950 Β
2429 1913 2456 1965 ὁ
2485 1911 2616 1975 Θεδς
2638 1917 2695 1966 ἐν
2744 1910 3018 1972 τοσούτοις
3063 1912 3251 1971 κακοῖς
3278 1907 3544 1976 γίνεσθαι.
3608 1906 3702 1966 Τίς
3751 1903 3805 1956 δὲ
3837 1903 4009 1969 αὖτη;

747 2010 1134 2063 (ιελ-ιιιοιιειτειις
1163 2011 1239 2065 ait
1264 2028 1278 2066 :
1311 2012 1560 2081 Agetque
1605 2027 1703 2081 pro
1732 2013 1888 2066 libito
1913 2028 2034 2079 suo,
2065 2015 2328 2069 exaltabi-

750 2108 859 2163 txr,
914 2109 968 2154 ct
1008 2103 1098 2156 liet
1147 2103 1476 2172 magniﬁcus
1544 2104 1883 2172 impietatem
1925 2121 2146 2175 quoque
2205 2109 2326 2176 ejus

749 2192 1062 2260 expressit:
1100 2194 1369 2263 Superbe,
1404 2197 1606 2265 inquit,
1646 2195 1755 2251 Deo
1795 2197 2022 2252 deorum
2064 2199 2328 2269 obloque-

751 2293 872 2343 tur;
905 2293 958 2338 et
996 2285 1160 2339 rebus
1191 2288 1450 2344 secundis
1480 2296 1684 2353 utetur,
1736 2288 1864 2343 dum
1903 2290 1997 2344 ira:
2032 2291 2155 2347 ﬁnis
2211 2296 2324 2361 ﬁat,

750 2375 1043 2428 ostendens
1089 2378 1421 2432 Antiochum
1459 2395 1567 2433 non
1611 2395 1641 2432 a
1697 2397 1754 2436 se
1804 2383 1942 2450 ipso,
1971 2382 2065 2437 sed
2107 2395 2326 2452 promer

755 2466 845 2518 Dei
877 2467 1013 2520 iram
1041 2470 1309 2525 adversus
1334 2470 1554 2526 Judmos
1601 2483 1922 2544 conceptam
1975 2483 2186 2530 tantum
2228 2492 2325 2547 po-

755 2557 945 2611 ιιιιιιὶεε
967 2559 1315 2628 adepturum.
1351 2562 1480 2616 Inde
1516 2564 1766 2632 pluribus
1797 2566 1979 2623 verbis
2008 2569 2328 2637 complexus

751 2665 876 2718 quae
935 2651 982 2705 is
1040 2653 1181 2704 mala
1219 2653 1456 2724 Egypto
1505 2657 1912 2728 Palaastinaeque
1954 2660 2324 2730 injuncturus,

749 2743 1022 2808 quomodo
1058 2737 1358 2808 rediturus,
1392 2764 1501 2818 quo
1532 2760 1762 2807 vocante
1787 2760 1841 2807 et
1873 2768 1979 2821 qua
2003 2756 2328 2810 necessitate

756 2848 1008 2907 lugente,
1037 2841 1252 2896 tandem
1277 2843 1831 2922 etiammutationem
1875 2846 2103 2902 istarum
2143 2864 2327 2904 rerum

749 2932 1012 2998 exponit,
1077 2943 1132 2987 et
1184 2935 1330 3003 quod
1369 2935 1540 2991 Judati
1604 2937 1726 2992 istis
1775 2939 2032 2993 omnibus
2080 2940 2329 2996 cladibus

754 3023 932 3091 puniti
988 3025 1202 3080 tandem
1254 3028 1519 3082 auxilium
1559 3040 1993 3100 consequentur,
2043 3035 2220 3088 misso
2256 3033 2326 3088 ad

753 3131 850 3168 eos
877 3117 1137 3170 tutandos
1167 3119 1382 3189 angelo.
1419 3120 1516 3184 Eo,
1547 3122 1749 3190 inquit,
1787 3130 2034 3191 tempore
2072 3133 2328 3196 exsurget

2430 1999 2536 2053 Τοῦ
2570 2000 2842 2071 πυρῶσαι,
2860 2001 3046 2069 φησιν,
3061 2000 3118 2051 ἐν
3136 1999 3318 2060 αὑτοῖς
3339 1995 3540 2051 καὶτοῦ
3565 1993 3890 2058 ἐκλέξασθαι
3917 1992 4016 2044 καὶ⁸

2427 2093 2524 2147 τοῦ
2551 2093 2880 2148 ἐκλευκᾶναι
2913 2093 3019 2155 ἕως
3067 2091 3260 2161 καιροῦ
3297 2091 3490 2162 πέρας.
3528 2087 3717 2142 Ταῦτα
3746 2089 3878 2156 γὰρ,
3908 2103 4016 2154 φη-

2431 2187 2537 2250 σὶν,
2565 2187 2594 2238 ὁ
2623 2185 2754 2248 Θεὸς
2776 2183 3158 2255 συνεχώρησεν
3186 2183 3327 2237 ὥστε
3348 2183 3544 2243 αὑτοὺς
3577 2179 3882 2248 ἐκκαθᾶραι
3918 2178 4015 2229 καὶ

2427 2278 2598 2344 δεῖξαι
2636 2278 2765 2340 τοὺς
2798 2279 2855 2329 ὲν
2903 2277 3089 2337 αὐτοῖς
3137 2276 3414 2344 δοκίμους.
3480 2269 3613 2326 Εἶτα
3657 2270 4015 2339 διηγούμενος

2427 2370 2592 2426 αὑτοῦ
2641 2372 2851 2424 ἐκείνου
2887 2370 2983 2440 τὴν
3036 2369 3266 2438 δύναμιν
3287 2369 3416 2438 ἔφη’
3469 2367 3580 2421 Καὶ
3629 2366 3845 2434 ποιήσει
3872 2361 4018 2413 κατὰ

2428 2465 2489 2518 τὸ
2520 2463 2734 2532 θέλημα
2775 2460 2962 2525 αὑτοῦ,
3016 2461 3112 2514 καὶ
3159 2460 3506 2529 ὑψωθήσεται
3542 2458 3636 2512 καί
3672 2453 4018 2525 μεγαλυνθή-

2433 2573 2605 2610 σεται.
2655 2556 2765 2609 Καὶ
2798 2554 2981 2624 μέντοι
3035 2553 3129 2606 καὶ
3184 2553 3284 2622 τὴν
3315 2551 3635 2622 βλάσφημον
3670 2546 3836 2601 αὑτοῦ
3875 2544 4016 2614 γνώω

2433 2666 2540 2718 μην
2568 2649 2741 2716 λέγων
2767 2646 3109 2717 προσέθηκεν
3151 2646 3235 2698 δτι
3269 2645 3366 2696 ἐπὶ
3415 2644 3507 2695 τὸν
3537 2642 3670 2694 Θεὸν
3717 2640 3828 2692 τῶν
3867 2635 4015 2690 θεῶν

2430 2740 2652 2810 λαλήσει
2679 2739 2962 2809 ὑπέρογκα
2985 2739 3079 2790 καὶ
3114 2737 3435 2790 κατευθυνεῖ
3465 2734 3626 2804 μέχρι
3657 2729 4015 2797 συντελεσθῆ-

2429 2849 2518 2885 ναι
2541 2832 2639 2900 τὴν
2661 2829 2854 2900 ὀργὴν,
2894 2829 3111 2891 δεικνὺς
3139 2829 3222 2880 ὅτι
3245 2828 3345 2880 οὑκ
3373 2826 3482 2879 ἀπὸ
3515 2825 3614 2894 τῆς
3641 2823 3849 2882 οἰκείας
3867 2817 4013 2888 γνὼ-

2435 2939 2560 2990 μης.
2598 2921 2735 2974 ἀλλὰ
2787 2920 2875 2972 διὰ
2922 2922 3022 2988 τὴν
3077 2916 3248 2986 ὀργὴν
3277 2915 3372 2968 τοῦ
3403 2912 3540 2967 θεοῦ
3584 2913 3686 2981 τὴν
3728 2907 3871 2962 κατὰ
3901 2905 4015 2958 τῶν

2429 3013 2700 3067 Ἰουδαίων
2741 3013 2912 3074 οὕτως
2935 3013 3142 3072 ἐκεῖνος
3174 3009 3397 3079 ἐκράτει
3451 3005 3544 3060 καὶ
3585 3007 3792 3074 ῐσχυεν.
3822 2999 4014 3054 Εἰπὼν

2438 3103 2532 3160 οῦν
2557 3107 2621 3159 δι’
2680 3104 2884 3174 ἐτέρων
2922 3102 3186 3154 πλειόνων
3212 3103 3312 3154 ὅσα
3353 3100 3500 3153 κακὰ
3562 3099 3856 3167 ἐργάσεται
3911 3093 4013 3162 τὴν

751 3207 1049 3264 liliehaelus
1079 3186 1312 3279 magnus
1344 3186 1639 3282 princeps,-
1674 3186 1942 3283 patronus
1988 3217 2174 3285 populi
2222 3186 2324 3272 tui.
2353 3232 2399 3293 α

2353 3232 2399 3293 C
2432 3201 2706 3264 Αιγυπτον
2737 3194 2833 3249 καὶ
2865 3195 2965 3265 τὴν
3013 3191 3402 3261 Παλαιστίνην,
3451 3192 3546 3244 καὶ
3593 3188 3711 3251 πῶς
3751 3186 4011 3293 ἐπανηξει

749 3300 830 3352 Ad
863 3315 986 3354 eum
1018 3317 1191 3370 usque
1247 3302 1390 3357 diem
1427 3304 1756 3360 calamitatis
1797 3316 2009 3376 tempus
2042 3309 2167 3371 erit,
2205 3325 2328 3379 quae

748 3398 901 3444 tanta
932 3391 1148 3459 ingruet
1190 3401 1395 3463 quanta
1418 3395 1487 3448 ab
1518 3396 1668 3449 omni
1725 3396 2006 3451 hominum
2062 3401 2326 3455 memoria

750 3483 896 3534 nulla
933 3481 1054 3537 fuit.
1101 3483 1179 3537 Eo
1203 3493 1384 3540 autem
1408 3484 1494 3539 die
1541 3501 1738 3555 magna
1777 3489 2090 3543 servabitur
2145 3493 2328 3546 multi-

751 3573 904 3637 tudo,
972 3576 1174 3644 scripta
1233 3578 1285 3630 in
1351 3576 1510 3638 libro,
1565 3578 1614 3630 id
1669 3577 1831 3648 405
1873 3588 1979 3642 est,
2038 3581 2072 3635 ii
2107 3583 2199 3651 qui
2239 3598 2330 3636 sa-

750 3666 863 3718 lute
925 3665 1073 3735 digni
1117 3675 1267 3722 sunt.
1337 3667 1441 3722 Sed
1500 3668 1642 3738 quod
1707 3671 1978 3740 prtecipue
2045 3676 2331 3742 quaereba-

754 3767 861 3816 tur,
921 3757 1158 3813 nondum
1209 3760 1733 3826 demonstravimus,
1796 3764 2053 3818 nimirum
2115 3775 2330 3837 tempus

754 3850 1018 3905 malorum
1078 3854 1330 3911 istorum.
1383 3854 1518 3909 Nam
1588 3857 1732 3911 sicut
1794 3859 1980 3926 primae
2031 3861 2328 3916 calamitati

753 3940 860 3992 4:30
890 3955 1064 3996 annos
1101 3944 1342 3999 deﬁnivit
1401 3944 1564 4011 Deus,
1618 3948 1873 4002 secundae
1905 3947 1990 4011 70,
2018 3950 2090 4004 ita
2149 3952 2196 4005 vi
2223 3955 2332 4006 ica-

757 4045 880 4084 u~ns
947 4046 1018 4084 an
1074 4031 1163 4086 hic
1230 4049 1448 4102 quoque
1500 4047 1711 4090 certum
1763 4047 1978 4107 tempus
2031 4048 2330 4097 statuatur.

756 4116 810 4168 Η
871 4135 1001 4188 ergo
1049 4122 1357 4178 invenimus
1414 4127 1465 4178 in
1519 4125 1588 4180 iis
1635 4127 1815 4182 verbis
1869 4145 1991 4196 quae.
2053 4134 2195 4200 apud
2235 4149 2331 4188 va-

758 4218 864 4260 tem
927 4220 1253 4278 sequuntnr.
1324 4215 1616 4285 Postquam
1674 4217 1934 4274 Danielus
1972 4220 2238 4278 inaudivit
2265 4225 2333 4280 de

756 4300 1159 4357 calamitatibus
1220 4305 1340 4359 istis
1403 4307 1589 4362 multis
1638 4318 1802 4378 atque
1857 4315 2094 4381 magnis,
2149 4314 2217 4368 de
2249 4315 2330 4369 in-

761 4391 956 4444 ccudio
997 4393 1169 4458 urbis,
1227 4396 1360 4463 legis
1412 4396 1770 4466 abrogatione
1830 4411 1884 4456 et
1941 4405 2204 4461 servitute
2240 4423 2333 4476 po-

757 4481 892 4549 puli.
931 4485 1078 4552 cupit
1118 4485 1334 4540 tandem
1385 4503 1574 4542 eorum
1610 4491 1769 4544 ﬁnem
1826 4507 2178 4563 cognoscere,
2209 4499 2330 4553 etsi

2433 3293 2530 3344 καὶ
2545 3291 2687 3354 τίνος
2702 3287 3020 3354 καλοῦντος,
3044 3286 3138 3340 καὶ
3177 3288 3336 3344 ποίας
3357 3283 3537 3344 αἰτίας
3565 3275 4016 3345 καταναγκαζού-

2433 3399 2533 3448 σης
2567 3380 2712 3449 λέγει
2741 3379 2925 3432 λοιπὸν
2954 3378 3047 3430 καὶ
3062 3376 3161 3446 τὴν
3198 3373 3501 3443 μεταϐολὴν
3528 3368 3636 3422 τῶν
3669 3363 4016 3435 πραγμάτων

2430 3474 2655 3535 τούτων,
2694 3475 2785 3525 καὶ
2823 3472 2903 3524 ὃτι
2938 3470 3094 3537 δίκην
3114 3469 3295 3530 δόντες
3322 3467 3371 3520 οἱ
3395 3465 3640 3519 Ἰουδαῖοι
3679 3458 3768 3513 διὰ
3801 3456 4012 3510 τούτων

2433 3567 2688 3621 ἁπάντων
2708 3563 2987 3627 τεύξονται
3011 3579 3154 3622 τι.ος
3195 3558 3554 3627 ἀντιλήψεως,
3593 3553 3824 3622 ἀγγέλου
3869 3565 4015 3609 πεμ-

2433 3661 2660 3731 φθέντος
2691 3662 2770 3722 εἰς
2800 3659 2897 3727 τὴν
2918 3655 3140 3709 ἐκείνων
3163 3652 3435 3723 βοήθειαν*
3465 3647 3556 3702 Ἐν
3576 3647 3654 3716 τῷ
3671 3643 3848 3713 καιρῷ
3864 3642 4012 3714 γὰρ,

2433 3755 2619 3824 φησὶν,
2649 3751 2840 3820 ἐκείνῳ
2862 3751 3228 3818 ἀιαστήσεται
3245 3742 3466 3812 Μιχαὴλ
3493 3743 3521 3793 ὑ
3545 3739 3714 3808 μέγας
3743 3737 3948 3806 ἄρχων,
3985 3735 4016 3785 ὁ

2433 3843 2751 3915 ἐφεστηκὼς
2788 3842 2878 3894 ἐπὶ
2904 3843 3028 3903 τοὺς
3059 3841 3208 3902 υἱοὺς
3236 3838 3330 3890 τοῦ
3361 3835 3489 3887 λαοῦ
3521 3851 3637 3886 σου.
3692 3831 3806 3884 Καὶ
3857 3828 4015 3880 ἔσται

2435 3939 2622 4006 καιρδς
2644 3936 2873 4002 θλίψεως
2906 3931 3017 3995 οἷος
3039 3933 3100 3986 οὑ
3126 3932 3348 3999 γέγονεν
3366 3928 3457 3995 ἀφ’
3474 3920 3534 3980 οὗ
3552 3925 3840 3993 γεγένηται
3859 3920 4013 3982 ἔθνος

2433 4029 2527 4081 ἐπὶ
2545 4028 2642 4094 τῆς
2659 4026 2760 4094 γῆς
2795 4025 2887 4077 καὶ
2919 4023 3024 4086 ἓως
3059 4022 3149 4075 τοῦ
3181 4019 3373 4090 καιροῦ
3418 4019 3650 4072 ἐκείνου.
3687 4015 3795 4068 Καὶ
3831 4017 3888 4066 ἐν
3934 4010 4014 4078 τῷ

2432 4118 2610 4190 καιρῷ
2625 4118 2817 4186 ἐκείνῳ
2839 4118 3142 4186 σωθήσεται
3162 4114 3285 4177 λαὸς
3300 4113 3467 4176 πολὺς
3494 4115 3521 4165 ὁ
3549 4110 3931 4179 γεγραμμένος
3955 4108 4017 4159 ἐν

2433 4214 2499 4282 τῇ
2535 4209 3024 4280 βίϐλῳ,τουτέττιν
3066 4209 3115 4260 οἱ
3153 4208 3426 4276 σωτηρίας
3455 4205 3606 4268 ὄντες
3641 4205 3801 4268 ἄξιοι.
3847 4201 4016 4255 Ἀλλὰ

2432 4306 2494 4358 τὸ
2527 4305 2860 4374 ζητούμενον
2907 4302 3061 4355 οὑπω
3117 4303 3212 4355 καὶ
3253 4300 3346 4353 νῦν
3402 4298 3797 4353 ἀποδέδεικται.
3824 4296 3889 4348 Τί
3945 4295 4014 4364 δὴ

2434 4395 2592 4449 τοῦτό
2621 4398 2804 4458 ἐστιν;
2847 4393 2972 4448 Ὀτι
3031 4395 3125 4448 καὶ
3182 4393 3406 4463 χρόνους
3436 4391 3635 4462 ὥρισεν
3673 4391 3730 4442 ἐν
3765 4391 3879 4450 τοῖς
3913 4406 4013 4440 κα-

2435 4493 2551 4553 κοῖς
2613 4488 2862 4552 τούτοις,
2924 4487 3114 4557 ὥσπερ
3180 4489 3297 4538 ἐκεῖ
3366 4485 3462 4552 ἔτη
3518 4484 3871 4553 τετρακόσια,
3916 4482 4014 4534 καὶ

757 4588 864 4639 qua
896 4577 965 4626 sit
993 4574 1176 4629 futura
1220 4578 1450 4632 istorum
1511 4582 1778 4636 malorum
1829 4587 2080 4641 mutatio.
2139 4588 2329 4659 Itaque
2362 4570 2407 4625 D

2362 4570 2407 4625 Ῑ)
2437 4581 2575 4653 μετὰ
2619 4580 2793 4633 ταῦτα
2836 4577 3228 4646 ἐϐδομήκοντα.
3267 4576 3497 4644 ’ἴδωμεν
3543 4576 3725 4628 τοίνυν
3779 4575 3873 4627 καὶ
3929 4576 4015 4625 ἐν-

757 4665 836 4718 sic
861 4665 1190 4737 interrogat:
1223 4668 1467 4735 Domine,
1488 4673 1613 4740 quis
1628 4674 1818 4729 borum
1841 4679 1945 4730 erit
1964 4678 2087 4733 ﬁnis
2110 4679 2132 4731 ?
2155 4680 2219 4734 Et
2246 4696 2327 4736 re-

757 4759 1096 4824 spondetur:
1131 4759 1298 4826 Vade,
1329 4763 1709 4835 Daniele,quia
1733 4771 2122 4826 sermonesisti
2157 4788 2331 4842 usque

757 4847 819 4900 al
847 4848 1049 4900 exitum
1079 4852 1342 4918 temporis
1363 4853 1631 4922 obsignati
1659 4865 1788 4910 sunt
1822 4857 1893 4915 ⁸⁷.
1919 4857 1995 4912 lta
2021 4860 2333 4920 obscuritas

757 4939 1023 4991 diiturum
1059 4941 1324 4994 innttitur.
1353 4942 1692 5012 Additurque
1748 4962 1912 5003 causa
1963 4964 2063 5004 cur
2100 4954 2332 5020 permis-

757 5045 874 5081 sum
908 5030 978 5082 sit
1012 5045 1074 5084 ea
1111 5033 1249 5086 mala
1281 5034 1556 5090 incidere:
1593 5037 1795 5105 Donec,
1825 5038 2024 5109 inquit,
2055 5043 2332 5111 eligantur

759 5134 919 5187 atque
953 5120 1075 5190 igne
1136 5135 1536 5194 perpurgentur
1594 5129 1775 5192 multi,
1834 5139 1889 5186 et
1947 5131 2100 5202 impii
2162 5135 2332 5205 impie

759 5219 940 5278 agent,
999 5229 1174 5282 neque
1237 5217 1446 5286 sapient
1503 5220 1743 5283 scelesti,
1797 5215 2090 5290 prudentes
2147 5233 2330 5282 autem

762 5303 996 5370 ςεῳίιιιιῑ.
1035 5305 1159 5361 Inde
1185 5316 1399 5376 tempus
1429 5312 1690 5376 nominat,
1745 5315 2007 5382 quamdiu
2050 5317 2190 5371 mala
2230 5319 2332 5372 ista

760 5404 944 5446 essent
986 5392 1200 5451 Judmos
1257 5414 1510 5468 pressura
1538 5418 1550 5453 :
1584 5402 1666 5456 Ab
1689 5419 1773 5468 eo,
1806 5406 2004 5473 inquit,
2064 5414 2328 5478 tempore,

759 5500 868 5553 quo
898 5486 1225 5542 sacriﬁcium
1245 5490 1375 5559 juge
1402 5500 1667 5546 mutatum
1697 5493 1880 5548 fuerit.
1909 5495 2043 5566 Jnge
2066 5515 2160 5554 seu
2192 5502 2332 5554 assi-

760 5577 924 5630 duum
976 5579 1305 5635 sacriﬁcium
1347 5592 1573 5638 vocatur
1616 5586 2032 5653 quotidianum:
2085 5590 2331 5659 quotidie

759 5668 902 5720 enim
924 5666 1094 5723 Judaei
1131 5685 1289 5726 mane
1325 5687 1388 5727 ae
1412 5675 1623 5744 vesperi
1649 5676 1904 5731 solebant
1933 5677 2039 5733 Deo
2097 5697 2208 5734 rem
2238 5696 2324 5736 sa-

838 5850 879 5880 "
914 5853 1042 5907 Dan.
1077 5855 1239 5922 xu,8,
1277 5858 1309 5910 ξ)
1749 5874 1772 5909 δ

2433 4672 2610 4727 ταῦθα
2655 4671 2709 4724 εί
2760 4687 2880 4724 τινα
2936 4670 3127 4739 χρόνον
3171 4669 3361 4737 ὁρίζει.
3405 4667 3514 4720 Ποῦ
3560 4668 3622 4737 δὴ
3669 4667 3827 4720 τοῦτο
3865 4667 4017 4718 ἐστιν

2433 4764 2616 4835 εὑρεῖν
2642 4780 2657 4828 ;
2692 4761 2781 4815 Ἐν
2814 4765 2924 4824 τοῖς
2956 4761 3094 4831 μετὰ
3121 4760 3293 4813 ταῦτα
3319 4759 3757 4828 λεχθησομένοις.
3789 4759 4013 4829 Ἐπειδὴ

2435 4859 2546 4927 γὰρ
2579 4857 2646 4909 τὰ
2685 4855 2854 4907 πολλὰ
2878 4855 2971 4906 καὶ
3005 4853 3218 4923 μεγάλα
3250 4853 3452 4923 ἤκουσε
3477 4852 3643 4914 κακὰ,
3673 4852 3764 4903 τὸν
3793 4854 3984 4921 ὲμπρη
4003 4881 4016 4890 -

2438 4947 2574 5016 σμὸν
2601 4947 2697 5016 τῆς
2732 4946 2814 5015 [Ρ.
2846 4943 2976 5016 251]
3018 4943 3248 5005 πόλεως.
3307 4942 3406 5012 τὴν
3435 4942 3749 5013 ἀνατροπὴν
3788 4942 3882 4995 τοῦ
3922 4946 4015 4996 νό-

2435 5057 2558 5110 μου,
2589 5040 2689 5104 τὴν
2741 5036 3150 5107 αἰχμαλωσίαν,
3208 5034 3468 5104 ἐπιθυμεῖ
3524 5035 3707 5087 λοιπὸν
3753 5035 3813 5087 es
3859 5035 4018 5098 τέλος

2431 5131 2611 5185 αὑτῶν
2643 5129 2856 5200 μαθεῖν,
2891 5129 2985 5182 καὶ
3013 5128 3173 5190 εἴτις
3219 5127 3374 5179 ἔσται
3411 5126 3519 5180 τῶν
3562 5126 3861 5196 συμφορῶν
3889 5127 4019 5179 τού-

2431 5240 2541 5277 των
2578 5221 2867 5293 μεταϐολή.
2899 5220 3010 5273 Καὶ
3039 5218 3312 5288 διερωτῶν
3347 5219 3532 5285 ἔλεγεν
3558 5217 3734 5279 οὕτως
3764 5235 3776 5246 ·
3812 5217 4016 5285 Κύριε,

2430 5314 2484 5367 τί
2517 5314 2587 5367 τὰ
2609 5315 2812 5382 ἔσχατα
2840 5311 3078 5375 τούτων;
3113 5311 3224 5363 Καὶ
3265 5307 3386 5362 εἷπε
3414 5325 3427 5339 ·
3460 5309 3634 5378 Δεῦρο
3679 5309 3898 5376 Δανιὴλ,
3929 5311 4019 5362 ὅτι

2438 5404 2889 5476 ἐμπεφραγμένοι
2917 5401 3055 5454 εἰσὶν
3083 5403 3132 5453 οἱ
3158 5403 3305 5468 λόγοι
3341 5401 3443 5464 ἕως
3487 5399 3682 5470 καιροῦ
3725 5401 3921 5470 πέρας,
3951 5403 4017 5452 τί)

2437 5497 2645 5562 ἀσαφὲς
2674 5496 2783 5549 τῶν
2835 5495 3141 5564 εἰρημένων
3180 5494 3570 5562 αἰνιττόμενος.
3609 5489 3742 5545 Εἶτα
3789 5493 3879 5544 καὶ
3912 5496 4017 5562 τὴν

2437 5591 2616 5642 αἰτίαν
2641 5590 2738 5658 τῆς
2775 5589 3170 5656 συγχωρήσεως
3201 5586 3308 5638 τῶν
3340 5585 3559 5638 κακῶνο
3595 5585 3735 5645 Ἕως
3766 5584 3830 5636 ἄν
3854 5585 4017 5636 ἐκλε-

2438 5681 2576 5748 γῶσι
2612 5681 2701 5733 καὶ
2735 5678 3139 5732 ἐκλευκανῢῶσι
3183 5677 3278 5731 καὶ
3327 5675 3625 5747 πυρωθῶσι
3668 5675 3874 5740 πολλοὶ,
3919 5679 4016 5729 καὶ
