4248 6456
264 444 374 508 4εό

1367 448 1914 515 IIISTORIARUM
1954 454 2486 518 COMPENDIUM.

3420 467 3527 535 446

258 564 633 634 ἀνομήσουσιν
672 562 886 636 ἄνομοι,
928 563 1021 618 καὶ
1064 565 1126 618 οῦ
1176 565 1470 636 συνήσουσι
1499 569 1701 628 πάντες
1728 572 1835 624 ἀσε

1889 583 1925 636 Α
1960 590 2108 628 eram
2142 574 2339 631 facere.
2394 576 2476 632 Ab
2503 575 2628 647 ejus
2658 591 2790 649 ergo
2845 581 3173 650 mutatione,
3230 581 3336 640 hoc
3362 594 3448 640 est
3477 588 3546 640 ab

261 661 402 719 εἰς.
437 659 530 710 καὶ
560 657 826 728 νοήμονες
857 659 1172 726 νοήσουσιν.
1207 655 1345 713 Εἶτα
1376 660 1468 712 τὸν
1506 662 1696 732 καιρὸν
1720 681 1851 733 προ-

255 750 435 817 λέγων
463 751 586 804 ὅσον
619 751 805 821 μέλλει
834 751 1089 823 κατέχειν
1112 753 1313 816 αὐτοὺς
1338 753 1407 806 τὰ
1430 753 1796 824 δεινὰ,ίφησίν
1831 771 1845 786 ·

269 842 407 894 ’Λπδ
461 841 656 913 καιροῦ
685 842 1075 914 παραλλάξεως
1110 844 1489 916 ἐνδελεχισμοῦ
1526 862 1540 876 ·
1585 823 1848 916 ένδέλεχι·

257 933 396 1003 σ;;.δς
422 933 481 986 δὲ
516 935 762 987 ἐκαλεῖτο
793 939 826 1005 ἡ
857 935 1201 1006 καθημερινὴ
1231 937 1394 991 θυσία
1419 954 1434 970 ο
1469 938 1529 990 τὸ
1566 939 1672 1007 γὰρ
1702 941 1850 992 ἑνδε-

255 1026 412 1096 ὶεχὲς
469 1027 530 1080 τὸ
579 1027 783 1080 πυκνὸν
807 1033 902 1081 καὶ
935 1029 1158 1098 συνεχές
1207 1030 1376 1084 ἐστιν.
1436 1032 1596 1095 Ἐθος
1639 1037 1747 1102 γὰρ
1781 1028 1848 1102 ἦν

251 1119 368 1179 τοῖς
395 1117 672 1181 Ἰουδαίοις
706 1119 801 1172 καὶ
854 1119 914 1171 ἐν
945 1119 1092 1190 πρωῒ
1143 1121 1240 1172 καὶ
1289 1123 1346 1173 ἐν
1369 1121 1578 1192 ἑσπέρᾳ
1606 1124 1700 1176 καὶ
1729 1123 1853 1176 καθ’

254 1209 498 1278 ἑκάστην
549 1211 765 1281 ἡμέραν
825 1210 906 1283 τῷ
963 1211 1084 1280 Θεῷ
1137 1211 1307 1276 θύειν,
1344 1214 1438 1265 καὶ
1487 1212 1575 1266 διὰ
1617 1212 1776 1266 τοῦτο
1807 1215 1840 1283 ἡ

253 1302 418 1354 θυσία
442 1303 626 1369 ἐκείνη
655 1303 1034 1374 ὲνδελεχισμὸς
1075 1305 1291 1368 ἐλέγετο
1316 1320 1330 1336 ⁶
1360 1305 1470 1358 Καὶ
1499 1306 1718 1376 ἢλλαξε.
1745 1305 1843 1359 Διὰ

248 1393 411 1445 τοῦτό
433 1410 602 1462 φησιν
630 1397 657 1448 6
689 1395 922 1464 ἄγγελος
959 1398 1042 1450 ὃτι
1077 1397 1185 1450 ἀπὸ
1211 1398 1406 1467 καιροῦ
1439 1399 1538 1467 τῆς
1565 1396 1844 1461 ἀλλάξεως

248 1485 344 1538 τοῦ
404 1487 814 1558 ὲνδελεχισμοῦ,
859 1491 1140 1543 τουτέστιν
1195 1489 1305 1543 ἀπὸ
1353 1491 1455 1557 τῆς
1491 1489 1846 1552 καταλύσεως

248 1581 350 1646 τῆς
379 1580 593 1645 θυσίας,
613 1584 722 1636 εἰσὶ
753 1583 810 1638 δὲ
843 1586 1046 1656 ἡμέραι
1079 1583 1239 1658 ,ασιιᾌ
1264 1586 1399 1658 ὅπερ
1423 1585 1570 1639 ἐστὶν
1593 1585 1686 1657 ἔτη
1716 1583 1843 1653 τρία

246 1671 447 1739 ἥμισυ.
473 1668 605 1725 Εἶτα
633 1674 809 1744 δηλῶν
847 1675 929 1728 ὅτι
961 1677 1054 1730 καὶ
1097 1676 1252 1740 λύσις
1279 1678 1387 1730 τῶν
1417 1676 1608 1729 κακῶν
1633 1674 1844 1728 τούτων

247 1766 271 1814 ἓ
289 1781 406 1817 σται
427 1767 842 1839 καὶάπαλλαγὴ,
869 1769 1142 1839 ἐπήγαγε·
1165 1769 1456 1840 Μακάριος
1477 1768 1504 1819 6
1539 1768 1844 1837 ὑπομείνας

249 1857 343 1908 καὶ
370 1857 585 1924 φθάσας
617 1861 698 1922 είς
729 1861 943 1930 ἡμέρας
981 1860 1162 1934 ⁴ατλε’,
1193 1864 1315 1924 ταῖς
1335 1861 1464 1924 ,ασλ’
1491 1858 1842 1930 με’προθεὶς,

1961 668 2083 734 ejus
2107 668 2424 735 abolitione,
2464 668 2583 725 dies
2614 680 2745 724 sunt
2784 670 2943 737 1390,
2976 675 3238 729 nimir'tm
3276 677 3406 730 anni
3437 676 3470 730 3
3491 694 3540 730 ε.

1964 757 2166 812 Deinde
2199 760 2464 814 malorum
2493 762 2721 817 istorum
2748 762 2910 817 finem
2941 764 3056 819 fore
3088 766 3254 821 infert
3285 776 3315 821 :'
3335 767 3538 824 Beatus

1954 849 2045 918 qui
2080 850 2283 920 perfert
2309 861 2360 906 et
2384 855 2622 908 sustinet
2646 871 2821 925 usque
2838 855 3004 928 406
3021 857 3084 911 ad
3113 857 3230 913 dies
3260 859 3417 922 1555,
3442 859 3544 914 ad-

1959 941 2094 997 dens
2128 944 2406 1014 prioribus
2434 945 2551 1000 dies
2581 948 2651 1001 45
2681 965 2694 1002 :
2733 963 2852 1002 nam
2889 965 3078 1004 mense
3103 958 3221 1004 toto
3243 959 3297 1007 et
3317 951 3542 1006 dimidio

1957 1045 2151 1088 exacto
2209 1050 2389 1106 pugna
2453 1045 2538 1090 est
2589 1041 2885 1094 commissa
2953 1042 3244 1110 solidaque
3305 1043 3540 1096 victoria

1959 1133 2114 1192 parta
2165 1133 2219 1177 et
2276 1125 2534 1182 unmibus
2599 1130 2758 1183 malis
2799 1146 3025 1199 prorsus
3084 1133 3299 1187 liberati
3343 1131 3538 1186 Judzei.

1949 1215 2146 1272 Dicens
2165 1219 2328 1286 enim,
2351 1219 2551 1274 Beatus
2573 1221 2663 1290 qui
2686 1223 2885 1289 perfert
2909 1233 2958 1276 et
2980 1226 3212 1279 sustinet
3238 1226 3357 1281 dies
3376 1223 3534 1289 1333',

1959 1308 2341 1365 liberationem
2377 1327 2406 1364 a
2435 1313 2595 1366 malis
2619 1314 2949 1370 declaravit.
2997 1315 3185 1385 Neque
3213 1317 3542 1386 simpliciter

1955 1415 2078 1452 eum
2110 1409 2268 1453 vocat
2293 1400 2511 1454 beatum
2547 1403 2638 1472 qui
2669 1403 2734 1456 ad
2762 1418 2884 1456 eum
2917 1419 3092 1474 usque
3110 1406 3254 1458 diem
3297 1405 3535 1474 perlige-

1957 1491 2047 1542 rit.
2074 1489 2207 1544 Nam
2245 1491 2404 1545 multi
2436 1493 2598 1546 etiam
2633 1493 2782 1563 impii
2827 1496 3182 1550 mutationem
3237 1496 3404 1550 istam
3453 1495 3536 1550 \‘i-

1953 1584 2188 1648 derunt;
2227 1597 2406 1651 neque
2435 1594 2615 1637 tamen
2648 1600 2740 1639 eos
2769 1584 2954 1641 felices
2981 1587 3135 1652 dicit,
3170 1589 3262 1643 sed
3290 1603 3386 1643 eos
3417 1596 3537 1642 tan-

1954 1685 2066 1729 tum
2096 1675 2187 1745 qui
2224 1675 2279 1729 in
2318 1675 2439 1728 istis
2471 1675 2886 1731 calamitatibus
2916 1677 3177 1745 patientia
3212 1678 3294 1731 usi
3352 1677 3535 1747 pieta-

1952 1776 2059 1820 tem
2098 1783 2205 1820 non
2240 1765 2625 1836 prodiderunt,
2679 1776 2837 1835 atque
2879 1777 3011 1821 tune
3059 1768 3326 1822 sublevati
3381 1778 3532 1822 sunt.

1953 1855 2125 1911 Hisne
2153 1855 2358 1924 aliquid
2377 1856 2686 1910 evidentius
2714 1858 2821 1911 dici
2857 1858 3076 1928 potest?

247 1949 441 2020 ἐπειδὴ
477 1952 534 2003 ὲν
556 1953 686 2022 μηνὶ
721 1953 813 2005 καὶ
842 1953 1015 2023 ἥμισυ
1053 1954 1222 2024 μηνὸς
1269 1955 1366 2025 τὴν
1398 1953 1674 2023 συμϐολὴν
1715 1950 1912 2020 συνέϐη
1948 1949 2222 2018 γενέσθαι,
2261 1942 2373 2020 ὲνῇ
2405 1949 2592 2016 γέγονε
2615 1950 2831 2020 καθαρᾶ
2889 1952 3068 2020 ἡνίκη
3139 1953 3233 2004 καὶ
3302 1952 3334 2022 ἠ
3401 1967 3537 2004 παν-

245 2046 405 2116 τελὴς
426 2048 534 2101 τῶν
569 2051 934 2121 ἐπικειμένων
970 2051 1159 2105 κακῶν
1190 2051 1704 2122 ἀπαλλαγή.Είπὼν
1726 2050 1856 2118 γὰρ,
1897 2047 2184 2117 Μακάριος
2213 2047 2240 2100 6
2271 2047 2570 2117 ὑπομείνας
2595 2049 2689 2101 καὶ
2738 2049 2950 2116 φθάσας
2985 2052 3062 2114 είς
3096 2051 3308 2121 ἡμέρας
3345 2050 3532 2114 μτλεν,

243 2141 344 2208 τὴν
397 2141 721 2212 ἀπαλλαγὴν
775 2146 1033 2216 ἐδήλωσε.
1070 2149 1175 2201 Καὶ
1199 2148 1298 2220 οὐχ
1363 2147 1548 2212 ἁπλῶς
1587 2143 1742 2201 εἶπεν
1784 2163 1798 2177 ο

1847 2145 1908 2200 ’0
1949 2143 2182 2213 φθάσας.
2231 2143 2451 2213 Ἐπειδὴ
2475 2147 2585 2214 γὰρ
2611 2144 2798 2197 πολλοὶ
2835 2146 2945 2198 τῶν
2973 2146 3362 2216 ἀσεϐησάντων
3393 2143 3534 2199 εἶδον

241 2241 343 2308 τὴν
401 2241 725 2312 μεταϐολὴν,
756 2244 858 2296 οὐκ
898 2245 1143 2308 ἐκείνους
1185 2246 1505 2316 μακαρίζει,
1541 2243 1676 2297 ἀλλὰ
1703 2242 1829 2305 τοὺς
1867 2242 1926 2293 ἑν
1955 2243 2069 2304 τοῖς
2148 2242 2362 2309 καιροῖς
2409 2239 2521 2293 τῶν
2594 2241 2783 2294 κακῶν
2841 2241 3242 2311 ὑπομείναντας
3298 2244 3391 2298 καὶ
3458 2243 3533 2312 μὴ

244 2331 546 2400 προδόντας
573 2335 673 2401 τὴν
703 2335 986 2390 εὐσέϐειαν
1017 2338 1109 2390 καὶ
1146 2339 1244 2408 τῆς
1276 2339 1517 2401 ἀνέσεως
1546 2340 1829 2407 τυχόντας.
1875 2329 2024 2402 Ἀρά
2048 2349 2099 2385 τι
2128 2331 2336 2385 τούτων
2364 2331 2702 2404 σαφέστερον
2733 2332 2931 2400 γένοιτ’
2961 2333 3060 2399 ᾰν;

315 2432 459 2500 ’Ὥρα
499 2433 563 2503 δὴ
588 2433 777 2488 λοιπὸν
825 2437 917 2488 ἐπὶ
949 2437 1008 2489 τὸ
1031 2435 1364 2508 ζητούμενον
1399 2441 1575 2493 ἐλθεῖν
1601 2442 1694 2493 καὶ
1724 2438 1826 2511 τὴν

1889 2437 1903 2492 ι
2001 2428 2248 2499 Tempus
2301 2444 2432 2499 ergo
2488 2437 2574 2484 est
2603 2438 2660 2482 ut
2692 2430 2759 2485 ad
2801 2432 3116 2486 restitutum
3160 2440 3529 2492 revertamur,

247 2524 533 2594 παροῦσαν
583 2518 969 2596 αἰχμαλωσίαν
1023 2531 1118 2582 καὶ
1179 2530 1463 2596 δουλείαν,
1508 2533 1577 2586 δι’
1626 2534 1692 2604 ἣν
1743 2533 1836 2588 καὶ

245 2617 428 2670 πάντα
474 2619 851 2689 κεκινήκαμεν
911 2618 1107 2676 τάῦτα.
1143 2623 1269 2676 Ὅτι
1313 2625 1411 2693 μὲν
1453 2621 1547 2677 οῦν
1595 2628 1651 2678 αἱ
1682 2627 1836 2694 τρεῖς

245 2711 810 2782 προανηγορευθησαν
875 2713 1268 2782 αίχμαλωσίαι,
1313 2717 1347 2783 ὴ
1380 2716 1477 2784 μὲν
1506 2715 1606 2786 ἐτη
1637 2716 1838 2786 ἔχουσα

243 2808 311 2862 υ¹,
345 2804 378 2872 ἡ
413 2801 469 2855 δε
500 2801 564 2868 o',
616 2804 650 2874 ὴ
676 2804 731 2856 δὲ
776 2805 905 2876 τρία
934 2805 1130 2876 ἧμισυ,
1164 2807 1364 2872 ἱκανῶς
1395 2809 1646 2862 ἐντεῦθεν
1677 2812 1833 2880 ἡμῖν,

241 2893 319 2954 ὡς
341 2888 453 2946 οἷόν
479 2912 561 2955 τε,
597 2894 994 2950 ἀποδέδεικται.
1043 2899 1181 2966 Φέρε
1233 2899 1298 2967 δὴ
1345 2901 1532 2954 λοιπον
1574 2901 1667 2954 καὶ
1707 2903 1838 2972 περὶ

242 2985 448 3053 ταύτης
475 2986 741 3056 εἴπωμεν.
769 2987 895 3042 Ὀτι
921 2990 1030 3059 γὰρ
1063 2995 1156 3044 καὶ
1192 2993 1318 3060 περὶ
1344 2992 1442 3062 τῆς
1473 2993 1707 3062 ἐσχάτης
1741 3010 1835 3046 τε-

241 3076 453 3144 τεὶρτης
487 3078 584 3130 καὶ
629 3078 951 3144 τελευταίας
984 3081 1444 3152 προανειιςώνησεν
1481 3084 1509 3136 ὀ
1547 3085 1835 3154 προφήτης

240 3163 420 3230 οἶτος,
455 3170 619 3222 αὐτὸν
669 3171 986 3239 παρέξομεν
1013 3171 1103 3225 τὸν
1134 3171 1398 3243 Ἰώσηπον
1435 3173 1711 3244 μάρτυρα,
1742 3176 1834 3228 τὸν

240 3261 312 3309 τὶ
343 3259 569 3312 ἐκείνων
598 3259 918 3330 φρονοῦντα.
944 3262 1165 3332 Ἐπειδὴ
1191 3262 1298 3331 γὰρ
1330 3259 1449 3315 εἶπε
1483 3264 1549 3315 τὰ
1583 3266 1709 3332 περὶ
1736 3264 1834 3329 τῆς

253 3351 535 3422 Ἀντιόχου
567 3350 944 3422 αἰχμαλωσίας
992 3354 1086 3408 καὶ
1117 3353 1372 3424 μάρτυρα
1411 3354 1502 3408 τὸν
1544 3356 1833 3425 προφήτην

242 3444 592 3513 παρήγαγεν,
629 3446 826 3514 ἐπάγει
860 3447 953 3499 καὶ
973 3445 1102 3515 περὶ
1141 3445 1367 3514 ταύτης,
1405 3447 1500 3498 καί
1529 3465 1664 3516 φησι
1689 3464 1701 3476 ·
1729 3447 1834 3501 Τὸν

240 3537 498 3605 αὐτόνγέ
517 3555 600 3590 τοι
628 3539 830 3606 τρόπον
861 3537 1062 3606 Δανιὴλ
1105 3537 1200 3590 καὶ
1236 3538 1365 3608 περὶ
1408 3539 1505 3608 τῆς
1548 3540 1834 3610 Ῥωμαίων

241 3631 547 3700 ἡγεμονίας
569 3630 868 3701 ἀνέγραψε,
895 3632 991 3685 καὶ
1015 3632 1098 3685 ὅτι
1123 3633 1214 3685 ὑπ’
1260 3633 1440 3687 αὐτῶν
1481 3634 1833 3706 ἐρημωθήσε-

239 3741 356 3783 ται,
422 3723 492 3776 τὰ
555 3724 900 3795 Ἱεροσόλυμα
967 3724 1064 3778 καὶ
1113 3727 1142 3778 ὁ
1187 3728 1314 3790 ναὸς
1369 3727 1831 3797 καταλυθήσεται.

243 3906 340 3956 καὶ
385 3905 638 3968 Ἰουδαῖος
689 3902 778 3975 ἦν,
828 3908 948 3960 ἀλλ’
991 3909 1092 3960 οὐκ
1136 3910 1399 3978 ἠνέσχετο
1437 3909 1680 3977 ζηλῶσαι
1727 3911 1826 3979 τὴν

254 3997 554 4067 Ἰηιιδαῖκὴν
583 3999 920 4066 φιλονεικίαν
947 4018 1006 4053 τε
1056 4003 1152 4055 καὶ
1191 4001 1584 4073 ψευδηγορίαν.
1642 4001 1827 4056 Εἰπὼν

240 4093 353 4158 γὰρ
408 4091 490 4141 ὅτι
530 4091 950 4161 ἐρημωθήσεται
985 4095 1053 4146 τὰ
1103 4093 1458 4165 Ἱεροσόλυμα
1502 4095 1595 4146 καὶ
1645 4095 1674 4146 6
1701 4095 1829 4158 ναὸς

239 4182 700 4251 καταλυθήσεται,
737 4182 822 4254 [Ρ.
850 4182 982 4256 232]
1041 4184 1302 4254 ἔγραψεν,
1349 4186 1432 4239 ὃτι
1476 4187 1532 4240 δὲ
1569 4186 1827 4254 στήσεταί

240 4290 345 4326 που
387 4273 456 4324 τὰ
479 4273 578 4342 τὴς
625 4273 959 4344 ἐρημώσεως
1014 4276 1198 4329 οὐκέτι
1239 4276 1604 4347 προσέθηκεν,
1638 4276 1828 4344 ἐπειδὴ

241 4365 380 4434 μηδὲ
405 4365 496 4417 τὸν
531 4367 821 4435 προφήτην
841 4359 969 4437 εὗρε
998 4366 1243 4420 τοιοῦτόν
1269 4385 1320 4419 τι
1361 4367 1684 4436 προσθέντα.
1718 4365 1828 4418 Ποῦ

237 4456 422 4510 τοίνυν
459 4452 578 4510 εἷπε
606 4456 804 4528 Δανιὴλ
840 4459 923 4510 ὅτι
958 4458 1129 4520 ὀναὺς
1162 4459 1582 4530 ἐρημωθήσεται
1603 4461 1829 4526 ;’Λκου-

238 4568 352 4602 σον.
426 4549 646 4618 Ἐπειδὴ
683 4549 792 4618 γὰρ
847 4549 948 4619 τὴν
995 4551 1304 4620 προσευχὴν
1359 4552 1575 4620 ἐκείνην
1622 4553 1721 4622 τὴν
1771 4554 1828 4604 ὲν

240 4655 437 4708 σακκῳ
481 4639 575 4690 καὶ
609 4637 788 4708 σποδῴ
843 4639 1158 4709 ἐποιήσατο,
1223 4635 1355 4710 ἦλθε
1415 4641 1654 4710 Γαϐριὴλ
1693 4641 1830 4709 πρὸς

235 4732 422 4793 αὐτὸν,
466 4728 559 4783 καί
614 4745 816 4798 φησιν’
889 4729 1296 4800 Ἐϐδομήκοντα
1343 4732 1638 4800 ἑϐδομάδες
1698 4749 1829 4784 συν-

235 4822 558 4892 ετμήθησαν
589 4823 682 4873 ἐπὶ
730 4822 823 4874 τὸν
862 4821 990 4874 λαόν
1024 4839 1122 4874 σου
1153 4824 1248 4875 καὶ
1285 4823 1377 4875 ἐπὶ
1405 4825 1503 4893 τὴν
1551 4825 1703 4878 πόλιν
1731 4825 1830 4893 τὴν

235 4918 422 4982 ἁγίαν.
470 4914 602 4966 Ἰδοὺ
652 4914 744 4966 καὶ
792 4913 1027 4966 ἐνταῦθα
1082 4916 1272 4984 χρόνος
1332 4916 1550 4984 εἴρηται
1599 4919 1660 4969 οὐ
1728 4919 1830 4987 τῆς

233 5003 636 5072 αἰχμαλωσίας,
660 5002 795 5055 ἀλλὰ
813 5002 930 5071 μεθ’
950 5003 1073 5055 ὅσον
1101 5003 1292 5072 χρόνον
1319 5003 1544 5073 ἔμελλεν
1664 5009 1826 5078 αἰχμ-

233 5097 438 5148 αἰωσία
459 5094 887 5164 ἀπαντήσεσθαι.
906 5091 1038 5149 Εἶτα
1061 5096 1221 5148 πάλιν
1238 5099 1401 5166 φησὶν
1413 5097 1824 5169 ἀκριϐέστερονο

1941 2521 2102 2592 cujus
2131 2521 2304 2591 gratia
2354 2521 2470 2576 haec
2504 2520 2856 2585 adduximus,
2901 2531 2952 2576 et
2995 2523 3063 2578 de
3091 2523 3285 2579 ultimo
3311 2522 3531 2580 Judaio-

1941 2631 2065 2670 rum
2089 2615 2284 2670 exsilio
2310 2614 2582 2669 dicamus.
2609 2615 2759 2670 Satis
2787 2617 2934 2669 enim
2977 2616 3266 2684 perSpicue
3297 2616 3532 2671 demon-

1948 2707 2248 2762 Stravitnus
2273 2705 2438 2758 trium
2491 2706 2734 2774 priorum
2763 2707 3136 2760 calamitatum
3166 2717 3407 2778 tempora
3436 2724 3529 2762 ex-

1937 2812 2133 2867 presse
2161 2796 2424 2866 praadicta
2459 2795 2651 2858 fuisse,
2687 2810 2953 2850 annorum
2982 2796 3108 2864 λου,
3141 2813 3408 2851 annorum
3439 2799 3526 2863 70,

1937 2901 2207 2941 annorum
2239 2887 2272 2941 5
2295 2903 2342 2941 s.
2379 2885 2637 2942 Dicamus
2669 2903 2799 2957 ergo
2829 2889 2991 2942 etiam
3025 2888 3091 2943 de
3121 2897 3315 2958 quarta
3348 2907 3361 2942 :
3399 2905 3524 2942 nam

1938 2979 2008 3034 de
2039 2979 2143 3034 bac
2167 2978 2330 3032 etiam
2363 2991 2557 3049 quarta
2586 2988 2750 3051 atque
2781 2992 3062 3051 postrema
3114 2982 3394 3036 Danielum
3429 2998 3524 3036 va-

1937 3071 2250 3136 ticinatum,
2299 3073 2383 3125 vel
2429 3069 2755 3141 Josepltum,
2809 3073 3088 3128 hominem
3149 3073 3216 3127 ah
3272 3074 3519 3144 ipsorum

1937 3167 2211 3236 partibus,
2248 3174 2443 3222 testem
2469 3168 2640 3222 citare
2671 3168 2820 3223 licet.
2855 3168 2992 3222 Cum
3028 3169 3172 3223 enim
3202 3169 3270 3223 de
3309 3167 3527 3222 excidio

1934 3260 2267 3314 Antiochico
2295 3260 2512 3314 locutus
2564 3258 2779 3314 Danieli
2837 3261 3160 3315 testimonio
3179 3276 3280 3315 sua
3321 3263 3526 3314 contir-

1937 3361 2163 3418 masset,
2191 3352 2256 3406 de
2283 3363 2480 3422 quarto
2511 3353 2592 3407 sic
2613 3352 2780 3407 infert
2811 3369 2820 3404 :
2846 3351 3047 3407 Eodem
3077 3351 3238 3407 modo
3264 3353 3526 3407 Danielus

1937 3443 2104 3498 etiam
2139 3443 2208 3497 de
2237 3442 2610 3497 Romanorum
2638 3443 2868 3514 imperio
2908 3443 3236 3498 vaticinatus
3262 3451 3366 3507 est,
3401 3442 3526 3497 Hie-

1935 3535 2269 3604 rosolymam
2292 3536 2360 3590 ab
2379 3534 2445 3590 iis
2462 3544 2734 3591 vastatum
2754 3538 3129 3606 templumque
3154 3551 3411 3591 aversum
3432 3536 3520 3591 iri.

1934 3627 2014 3679 At:
2045 3626 2178 3678 mihi
2200 3625 2450 3680 veritatis
2466 3625 2708 3681 studium
2729 3626 2783 3679 in
2803 3642 2868 3681 eo
2888 3629 3003 3682 viro
3021 3628 3330 3692 considera,
3361 3625 3523 3697 407

1937 3725 2029 3792 qui
2061 3722 2284 3777 tametsi
2317 3719 2540 3774 Judqu
2587 3729 2726 3785 erat,
2757 3719 3041 3774 Judaicatn
3087 3730 3268 3774 tamen
3298 3730 3527 3773 conten-

145 3817 148 3820 ’
240 3817 319 3868 Σῦ
352 3815 409 3868 δέ
461 3833 550 3883 μοι
601 3817 813 3891 σκόπει.
856 3819 916 3870 τὺ
973 3819 1266 3888 φιλάληθες
1300 3819 1394 3873 τοῦ
1421 3821 1636 3888 ἀνδρὸς,
1671 3821 1729 3883 ὃς
1779 3821 1829 3874 εί

1889 3806 1900 3866 Ξ
1932 3815 2096 3870 dendi
2131 3822 2187 3870 et
2223 3811 2520 3869 mentiendi
2562 3813 2844 3867 libidinem
2899 3813 3102 3866 imitari
3138 3811 3333 3866 noluit.
3385 3810 3522 3864 Cum

1931 3907 2077 3960 enim
2111 3905 2388 3960 excidium
2422 3904 2575 3958 urbis
2611 3912 2666 3958 et
2692 3904 2879 3973 templi
2913 3905 3255 3972 scripsisset,
3283 3917 3392 3956 non
3419 3900 3522 3955 ad-

1932 3996 2013 4050 dit
2064 3997 2288 4067 quando
2317 3996 2367 4051 ei
2400 3996 2702 4049 calamitati
2752 3996 2876 4050 finis
2912 3998 2984 4050 sit
3011 3994 3252 4056 futurus,
3283 3993 3413 4062 quia
3436 3993 3522 4062 ip-

1933 4108 2055 4146 sum
2105 4105 2324 4160 quoque
2385 4100 2560 4142 vatem
2618 4089 2752 4142 nihil
2803 4088 2912 4141 tale
2941 4087 3225 4142 addidisse
3271 4085 3518 4139 videbat.

1931 4183 2073 4238 Audi
2110 4197 2239 4238 vero
2275 4181 2366 4234 ubi
2432 4181 2693 4235 Danielus
2733 4181 3086 4235 vastationem
3151 4178 3338 4246 templi
3388 4191 3525 4245 pra:-

1933 4276 2156 4330 dixerit.
2195 4274 2492 4344 Postquam
2525 4288 2686 4328 sacco
2724 4273 3016 4327 indutuset
3047 4271 3231 4326 cinere
3257 4283 3523 4338 consper-

1931 4380 2030 4420 sus
2073 4366 2242 4420 Deum
2281 4365 2612 4433 deprecatus
2646 4364 2771 4427 fuit,
2811 4365 2959 4416 venit
2981 4363 3046 4416 ad
3065 4377 3188 4417 eum
3205 4360 3517 4420 Gabrielus,

1933 4474 1997 4512 ac
2020 4457 2155 4512 dicit
2197 4474 2212 4511 :
2247 4456 2314 4511 70
2343 4456 2666 4528 septimana:
2688 4454 3020 4511 decidantur
3059 4454 3261 4524 populo
3313 4461 3430 4513 tuo,
3465 4459 3519 4506 et

1933 4551 2052 4603 urbi
2085 4558 2312 4604 saneta.
2357 4549 2496 4604 Ecce
2533 4556 2752 4617 tempus
2783 4563 2894 4617 quo
2932 4561 3038 4600 non
3091 4547 3264 4616 ipsius
3286 4544 3518 4599 calami-

1932 4644 2065 4698 tatis
2095 4658 2270 4707 mora,
2308 4641 2406 4699 sed
2438 4642 2659 4709 quando
2688 4651 2833 4696 esset
2871 4639 3056 4693 futura
3081 4653 3141 4693 ea
3175 4638 3513 4707 designatur.

1934 4733 2054 4788 Mox
2088 4733 2408 4803 expressius
2439 4734 2516 4786 ait
2554 4749 2568 4788 :
2597 4732 2910 4802 Cognosces
2937 4737 3100 4799 atque
3121 4728 3415 4798 intelliges,
3446 4725 3518 4784 ab

1932 4826 2080 4880 exitu
2108 4825 2405 4890 sermonis,
2431 4837 2553 4878 cum
2585 4823 2864 4878 decretum
2907 4820 2996 4876 fiet
3043 4820 3112 4876 de
3157 4815 3515 4873 instauranda

1932 4916 2342 4986 Hierosolyma,
2400 4929 2574 4984 usque
2623 4913 2690 4966 ad
2763 4914 3054 4982 imperium
3106 4910 3288 4975 uncti,
3348 4915 3512 4962 erunt

1930 5006 2250 5074 septimana}
2281 5006 2312 5058 7
2345 5011 2399 5059 et
2440 5006 2761 5074 septimana:
2804 5005 2892 5058 62.
2927 5005 3106 5072 Atque
3143 5000 3233 5054 hic
3267 5001 3399 5053 mibi
3429 4997 3515 5054 di-

1929 5100 2163 5169 ligenter
2222 5097 2467 5150 animum
2525 5097 2745 5150 adverte
2797 5109 2813 5148 :
2861 5096 2946 5147 hic
2989 5095 3250 5178 enimcst
3280 5091 3332 5145 id
3368 5091 3506 5160 quod

235 5187 342 5240 Καὶ
376 5183 566 5257 γνώσῃ
593 5185 690 5237 καὶ
711 5186 970 5254 συνήσεις
996 5185 1105 5238 ἀπὸ
1135 5185 1319 5250 ἐξόδου
1349 5186 1524 5255 λόγων
1549 5187 1642 5240 τοῦ
1683 5191 1822 5242 ἀπο-

1889 5180 1901 5226 ⁵
1928 5191 2214 5260 quan'itur.
2261 5188 2590 5257 Septimana:
2625 5187 2654 5239 7
2683 5197 2737 5241 et
2786 5188 2906 5240 alia:
2937 5186 3007 5240 62
3055 5175 3230 5239 annos
3259 5184 3511 5254 redigunt

235 5279 491 5348 κριθῆναι
520 5278 613 5330 καὶ
633 5277 730 5329 τοῦ
753 5277 1108 5348 οἰκοδομῆσαι
1144 5278 1521 5351 Ἰερουσαλὴμ,
1550 5281 1657 5344 ἓως
1687 5283 1823 5351 Χρι-

235 5364 358 5416 στοῦ
418 5365 747 5434 ἡγουμένου,
807 5365 1114 5434 ἑϐδομάδας
1159 5365 1203 5431 ζ’
1244 5369 1337 5420 καὶ
1384 5369 1684 5438 ἑϐδομάδας
1723 5370 1824 5440 ξβ’.

246 5453 513 5507 Ἐνταῦθὰ
534 5472 625 5524 μοι
641 5455 908 5526 νουνεχῶς
935 5458 1173 5528 πρόσεχε
1192 5474 1209 5490 ο
1239 5459 1300 5511 τὸ
1325 5459 1434 5530 γὰρ
1458 5463 1564 5514 πᾶν
1589 5463 1828 5516 ἐνταῦθά

233 5547 420 5601 ιςτιτὸ
435 5548 786 5616 ζητούμενον.
810 5549 1134 5620 Ἐϐδομάδες
1156 5547 1249 5605 οὖν
1263 5552 1305 5614 ς’
1326 5553 1418 5604 καὶ
1438 5553 1730 5623 ἑϐδομάδες
1749 5539 1830 5624 ξβ’

237 5647 356 5708 υπγ
385 5640 479 5711 ἐτη
513 5641 671 5695 εἰσίν.
720 5641 1056 5712 Ἐϐδομάδας
1080 5646 1188 5714 γὰρ
1209 5645 1308 5715 οὐχ
1337 5646 1560 5715 ἡμερῶν
1587 5647 1818 5701 ἐνταῦθα

233 5731 400 5799 λέγει,
436 5731 559 5785 οὐδὲ
581 5732 788 5803 μηνῶν,
814 5735 929 5787 ἀλλ’
951 5735 1250 5805 ἑϐδομάδας
1277 5739 1560 5793 ἐνιαυτῶν.
1594 5738 1728 5791 Ἀπὸ
1759 5739 1816 5791 δὲ

175 5888 200 5901 ,μ
236 5823 414 5893 Κύρου
444 5824 539 5878 ἐπὶ
573 5824 845 5896 Ἀντίοχον
875 5827 967 5879 τὸν
997 5829 1271 5899 Ἐπιφανῆ
1291 5832 1384 5882 καὶ
1411 5831 1508 5900 τὴν
1532 5831 1809 5901 αἰχμαλωφ

235 5915 348 5967 τίαν
409 5916 628 5986 ἐκείνην
675 5917 770 5988 ἔτη
809 5918 912 5972 εἰσὶ
965 5919 1112 5985 ,τοδε
1172 5915 1301 5976 Ιεζῖτα
1351 5921 1619 5975 διδάσκων
1664 5923 1807 5991 ἡμᾶς

1924 5283 2029 5338 435
2066 5297 2079 5334 :
2115 5297 2225 5336 non
2265 5282 2410 5336 enim
2461 5280 2700 5344 dierum,
2742 5295 2849 5332 non
2886 5281 3177 5338 mensium,
3215 5278 3311 5332 sed
3340 5290 3504 5330 anno-

1924 5391 2048 5428 rum
2094 5375 2412 5443 septimanze
2468 5372 2870 5442 intelliguntur.
2913 5369 3032 5424 .lam
3085 5385 3114 5422 a
3157 5369 3302 5440 Cyro
3333 5383 3507 5438 usque

1927 5465 1995 5520 ad
2026 5466 2360 5519 Antioultum
2414 5463 2754 5533 Epiphauem
2801 5471 2854 5516 et
2883 5464 3070 5518 urbem
3108 5463 3174 5516 ab
3195 5477 3262 5516 eo
3295 5471 3510 5532 captam

1930 5559 2059 5612 anni
2085 5567 2214 5612 sunt
2257 5555 2384 5610 594.
2445 5557 2608 5610 Docet
2643 5570 2804 5624 porro
2833 5570 2954 5617 nos,
2995 5569 3025 5608 a
3050 5569 3159 5624 quo
3187 5554 3347 5607 initio
3377 5551 3502 5605 anui

1926 5648 2040 5702 sint
2071 5647 2394 5700 numerandi
2429 5665 2442 5700 :
2478 5662 2585 5700 non
2617 5661 2644 5698 a
2680 5645 2769 5700 die
2802 5647 3032 5709 reditus,
3071 5646 3165 5700 sed
3190 5660 3220 5698 a
3253 5643 3517 5712 publica-.

1924 5741 2072 5795 tione
2107 5739 2308 5792 decreti
2331 5738 2400 5793 de
2435 5738 2792 5792 instauranda
2818 5738 3148 5807 urbe.Atqui
3183 5751 3291 5790 non
3329 5734 3512 5804 Cyro.

1923 5834 2015 5887 sed
2038 5834 2339 5886 Artaxerxe
2372 5832 2588 5886 demum
2651 5830 2992 5901 Longimano
3020 5839 3284 5901 regnante
3313 5844 3375 5884 ea
3421 5836 3509 5883 est

1921 5924 2136 5980 refecta.
2187 5922 2320 5977 Nam
2359 5940 2386 5978 a
2419 5923 2592 5978 reditu
2622 5922 2938 5979 Judacorum
2987 5923 3304 5992 supervenit
3335 5919 3510 5978 Cam-
