4248 6456
736 416 845 480 ί59

2010 418 2053 478 G
2071 417 2325 477 EORGH
2378 416 2715 479 CEDRENI

3877 427 3984 497 460

740 532 885 585 enim
917 543 1038 598 qua)
1069 528 1212 582 Deus
1270 537 1572 592 creaverat,
1601 527 1759 582 valde
1809 527 1952 582 bona
2003 537 2179 582 erant.
2224 528 2308 581 ln-

2363 535 2382 587 ι
2417 532 2647 598 pupae;
2697 528 3142 599 προσέταξε,καὶ
3204 533 3599 604 καθαρισμοὺς,
3630 536 3724 591 καὶ
3789 538 3980 608 βαπτι-

735 623 921 694 jumit
979 625 1143 676 etiam
1203 621 1471 689 quasdam
1505 621 1900 691 scparationes,
1930 621 2307 691 purgationes,

742 718 1072 779 aldutiones,
1091 713 1508 776 deeimationes,
1522 713 1879 769 castimonias
1922 713 2199 782 feriasque
2218 728 2310 765 va-

740 813 872 871 rias,
901 806 1076 875 positis
1098 806 1262 860 etiam
1287 806 1498 860 sancita
1520 805 1723 869 omnia,
1744 813 1802 858 ιιι
1821 805 1990 874 pressi
2006 820 2067 859 ac
2084 820 2308 875 compe-

742 900 903 952 dibus
928 896 1099 969 520
1119 898 1332 953 astricti
1352 910 1598 951 errorem
1623 896 1691 950 de
1720 897 1908 951 multis
1927 896 2031 951 diis
2050 896 2302 950 vitarent.

737 991 830 1046 Sic
854 1007 984 1061 ergo
1019 992 1162 1051 Deus
1180 1006 1273 1044 eos
1309 990 1377 1043 ob
1399 990 1564 1044 animi
1585 989 2007 1044 obstinationem
2039 989 2303 1052 devinxit,

736 1091 795 1137 ut
854 1082 1161 1148 sacriﬁciis,
1184 1082 1355 1145 feriis,
1379 1082 1742 1147 castimoniis,
1775 1083 2004 1151 aliisque
2036 1080 2086 1133 id
2134 1093 2307 1149 genus

733 1174 1078 1228 cmremoniis
1110 1171 1471 1228 observandis
1509 1172 1602 1227 Dei
1639 1173 1953 1228 memoriam
1983 1172 2303 1234 retinerent,

736 1268 829 1337 qui
860 1266 1040 1320 omnia
1093 1265 1196 1319 ista
1259 1267 1612 1335 praecepisset
1640 1277 1801 1334 atque
1854 1264 2066 1337 legibus
2097 1264 2305 1319 descri-

735 1358 956 1425 psisset.
991 1355 1075 1409 Illi
1137 1364 1320 1409 tamen
1382 1354 1740 1424 perversitate
1772 1370 1984 1408 morum
2019 1362 2075 1408 et
2137 1353 2303 1407 animi

734 1445 1128 1518 ingratitudine
1169 1460 1232 1499 ea
1277 1445 1387 1514 jam
1443 1443 1570 1498 inde
1624 1446 1959 1514 aprincipio
2019 1444 2086 1499 ad
2142 1444 2302 1497 finem

736 1555 912 1608 usque
970 1538 1208 1601 fuerunt,
1271 1546 1327 1590 ut
1368 1536 1663 1592 identidem
1700 1537 1792 1592 Dei
1827 1538 2303 1602 obliviscerentur,

734 1631 1126 1699 deviantesque
1174 1644 1203 1683 a
1269 1637 1419 1684 recto
1478 1628 1756 1683 Creatoris
1812 1628 1933 1683 loco
1994 1639 2303 1683 creaturam

733 1723 1053 1777 adorarent.
1082 1721 1267 1791 Itaque
1298 1721 1436 1774 alias
1464 1720 1717 1783 vitulum,
1743 1721 1824 1773 uti
1876 1719 2137 1785 diximus,
2169 1735 2303 1774 con-

733 1814 958 1873 flarunt.
990 1813 1126 1869 alias
1156 1812 1507 1880 Beelpbegori
1540 1811 1946 1880 suppliearunt,
1966 1812 2106 1865 alias
2134 1810 2304 1875 Baali,

734 1907 1026 1967 Cbamoso,
1071 1905 1309 1961 Sidoniae
1347 1905 1604 1970 Astartae,
1643 1902 1913 1967 Molocbo,
1977 1902 2113 1956 alias
2179 1902 2303 1965 soli,

744 2002 888 2054 luna:
915 2006 967 2053 et
997 1997 1191 2061 stellis,
1223 2011 1344 2066 qum
1369 1995 1511 2049 Deus
1542 2002 1730 2061 nonut
1763 1992 2097 2055 colerentur,
2121 1989 2215 2044 sed
2249 1996 2307 2042 ut

744 2092 928 2145 lumen
959 2090 1263 2159 praeberent
1298 2085 1612 2141 hominibus
1637 2094 1917 2139 creaverat
1942 2101 1957 2149 ;
1985 2083 2121 2138 alias
2144 2081 2305 2136 bruta

736 2182 1037 2237 animantia
1071 2181 1223 2233 cultu
1259 2179 1348 2233 Dci
1378 2177 1700 2242 affecerunt,
1732 2176 1867 2230 utin
1901 2173 2139 2245 Egypto
2168 2173 2307 2243 Apin

732 2277 926 2331 bovem
959 2283 1010 2329 et
1062 2273 1274 2327 hircum
1334 2268 1711 2333 Mendesium,
1745 2269 1880 2323 alias
1938 2276 2225 2333 argenteos
2258 2272 2311 2319 et

735 2381 933 2420 aureos
964 2364 1117 2428 deos,
1150 2374 1210 2416 ut
1240 2360 1505 2416 inJudaea.
1537 2359 1664 2413 liam
1694 2360 1765 2414 ob
1790 2374 1905 2415 rem
1934 2358 2218 2429 perspicue
2244 2356 2310 2411 iis

735 2457 879 2511 Dens
922 2471 1054 2510 voce
1109 2456 1247 2508 vatis
1279 2453 1360 2507 sni
1423 2453 1497 2505 ita
1529 2451 1800 2505 minatur:
1870 2449 2145 2504 Parumne
2206 2447 2309 2502 ltoc

733 2550 933 2605 Iudam
986 2547 1207 2601 familia
1292 2544 1527 2608 videtur,
1578 2543 1724 2611 quod
1759 2551 1866 2594 tam
1901 2540 2070 2594 multa
2104 2539 2312 2593 abomi-

736 2639 919 2694 nanda
948 2637 1195 2693 fecerunt
1221 2642 1536 2703 terramque
1578 2631 1881 2701 impietatis
1935 2631 2308 2700 repleverunt,

736 2740 910 2786 utine
970 2726 1519 2783 irritarent?Merito
1562 2725 1729 2794 igitur
1780 2721 1951 2775 excisi
2004 2728 2153 2784 sunt,
2187 2733 2310 2772 cum

736 2822 831 2876 llei
863 2822 998 2875 iram
1045 2825 1402 2889 provocarent
1439 2830 1767 2883 sacramque
1816 2820 2019 2867 terram
2052 2812 2122 2866 ab
2160 2810 2313 2865 initio

736 2916 1042 2982 polluerent
1056 2908 1350 2964 identidem
1372 2906 1631 2975 adusque
1647 2912 1982 2975 postremum
2003 2904 2133 2957 illud
2151 2914 2311 2956 suum

736 3002 841 3057 sub
856 3002 1189 3070 Vespasiano
1223 3007 1279 3053 ct
1306 2996 1429 3051 Tito
1451 2997 1745 3051 excidium.
1776 2996 1912 3049 Cum
1942 2994 2109 3056 enim,
2138 2992 2313 3061 inqui;

738 3092 1138 3152 Theodoretus.
1172 3089 1379 3143 diversi
1414 3084 1793 3156 Hierosolyma
1827 3084 2108 3156 cepissent
2142 3091 2308 3152 atque

736 3182 1167 3244 destruxissent,
1233 3190 1449 3245 semper
1495 3190 1559 3230 ea
1615 3175 1863 3244 pristina:
1919 3173 2169 3243 dignitati
2230 3178 2311 3225 est

739 3284 909 3342 atque
945 3271 1134 3325 forma
1165 3270 1439 3335 restituta,
1462 3267 1685 3336 dempto
1743 3275 2020 3335 postremo
2072 3262 2304 3316 excidio.

737 3366 955 3419 Primus
1014 3361 1446 3430 Tltelapbalnsar
1489 3359 1752 3427 majorem
1819 3355 2006 3409 decem
2062 3354 2305 3407 tribuum

739 3465 949 3528 partem
976 3452 1242 3522 captivam
1267 3451 1426 3523 42],
1459 3451 1705 3504 abduxit.
1740 3447 2031 3502 Secundus
2063 3445 2311 3499 Salama-

738 3564 904 3604 nasar
924 3544 1229 3600 Samariam
1257 3554 1308 3596 et
1333 3541 1758 3611 circumpositas
1787 3540 1952 3594 nrbes
2006 3538 2224 3607 subegit
2257 3546 2312 3591 et

739 3640 951 3695 incolas
984 3639 1039 3691 in
1098 3636 1418 3690 servitutem
1456 3632 1666 3701 abegit.
1702 3630 1928 3685 Tertius
1987 3628 2312 3685 Senacberi-

738 3748 864 3787 mus
896 3730 1136 3799 reliquas
1168 3725 1370 3782 ludam:
1411 3726 1578 3779 urbes
1604 3723 1963 3793 oppugnavit,
2001 3724 2312 3790 multosque

742 3824 1004 3880 servitum
1036 3822 1277 3877 insuum
1339 3831 1564 3887 regnum
1595 3816 1765 3868 misit.
1795 3812 1998 3869 Verum
2054 3811 2313 3867 Hieroso-

742 3917 942 3987 lymam
973 3925 1192 3983 quoque
1218 3909 1470 3971 adortus,
1501 3922 1565 3960 ac
1595 3906 1830 3976 superbe
1859 3915 1912 3959 et
1936 3903 2099 3974 impie
2122 3914 2310 3959 contra

745 4007 913 4059 Deum
975 4004 1175 4064 elatus,
1226 4001 1409 4069 justas
1501 4012 1616 4052 sua:
1695 3995 1875 4067 impie
1921 3995 2314 4050 maledicentia

746 4111 943 4166 poenas
969 4094 1143 4156 dedit,
1169 4091 1413 4146 exercitu
1472 4088 1740 4144 divinitus
1770 4102 1910 4141 caeso
1938 4095 2161 4140 coactus
2187 4099 2312 4139 cum

747 4190 1020 4244 dedecore
1068 4184 1412 4239 obsidionem
1451 4180 1663 4234 solvere
1690 4181 2021 4247 domumque
2060 4190 2313 4231 reversus

747 4296 777 4334 a
809 4280 935 4335 filiis
968 4277 1084 4333 suis
1103 4285 1188 4330 est
1242 4272 1581 4327 interfectus.
1610 4269 1741 4324 Post
1769 4269 1914 4323 hunc
1945 4265 2313 4323 Nabuchodo-

746 4389 934 4436 nosor,
957 4370 1242 4426 Joacbimo
1256 4366 1418 4424 Josire
1436 4365 1547 4419 filio
1568 4363 1789 4417 tertium
1812 4375 2014 4414 annum
2033 4369 2313 4430 regnante,

745 4466 935 4534 cepias
972 4465 1028 4516 in
1095 4459 1338 4513 Iudaeam
1406 4453 1678 4518 adduxit;
1736 4451 2036 4520 multisque
2089 4451 2208 4504 auri
2263 4458 2315 4504 et

2334 1869 2381 1928 B

2417 621 2611 687 σμοὺς,
2646 622 2735 674 καὶ
2766 622 3145 694 δεκατισμοῦς,
3166 623 3262 676 καὶ
3294 626 3515 694 ἀγνείας
3535 629 3629 680 καὶ
3652 629 3847 699 ἀργίας
3872 631 3989 683 δια-

2411 712 2633 782 φόρους,
2655 706 2729 768 ὧν
2761 714 3131 783 παρακούοντι
3164 718 3438 787 τιμωρίαν
3473 719 3824 787 ώρίσατο,ἱ’να
3863 739 3985 775 πιε-

2410 801 2626 871 ζόμενοι
2655 806 2749 859 καὶ
2781 805 2886 858 ὑπὸ
2911 805 3004 858 τοῦ
3042 804 3224 860 κλοιοῦ
3262 807 3559 878 ἀγχόμενοι
3584 810 3682 881 τῆς
3712 812 3980 867 πολυοέου

2410 895 2620 966 πλάνης
2651 898 3047 969 ὲκστήσωνται.
3069 898 3278 953 Οὐκοῦν
3307 899 3397 952 διὰ
3425 901 3524 970 τὴν
3550 902 3987 974 σκληροκαρδίαν

2409 988 2588 1042 αὐτῶν
2622 990 2882 1060 ἐπέδησεν
2906 990 3120 1057 αὐτοὺς,
3139 993 3286 1056 ὅπως
3317 992 3403 1046 διὰ
3431 992 3527 1046 τοῦ
3559 994 3727 1063 θύειν,
3756 998 3849 1050 καὶ
3880 999 3983 1066 ἀρ-

2408 1083 2658 1149 γεῖν,καλ
2710 1083 3047 1151 ἁγνίζεσθαι,
3078 1087 3169 1138 καὶ
3212 1086 3284 1140 τὰ
3323 1088 3500 1141 τοιάδε
3549 1091 3985 1160 παρατηρεῖσθαι

2408 1173 2489 1234 εἰς
2526 1171 2732 1225 ἔννοιαν
2769 1173 3036 1244 ἔρχωνται
3062 1174 3197 1228 Θεοῦ
3250 1176 3344 1230 τοῦ
3384 1177 3557 1232 ταῦτα
3588 1179 3983 1249 διαταξαμένου

2408 1263 2589 1326 αὐτοῖς
2634 1266 2729 1317 καὶ
2771 1265 3254 1337 νομοθετήσαντος,
3288 1269 3402 1336 οἶγε
3461 1269 3729 1340 μοχθηρίᾳ
3778 1273 3983 1341 τρὸπου

2407 1353 2502 1404 καὶ
2518 1354 2739 1425 γνώμης
2760 1354 3075 1426 ἀγνώμονος
3097 1357 3157 1409 ού
3173 1356 3526 1427 διελίμπανον
3555 1360 3760 1414 ἄνωθεν
3799 1361 3891 1414 καὶ
3922 1362 3985 1427 ἐξ

2406 1447 2582 1516 ἀρχῆς
2610 1448 2773 1518 μέχρι
2802 1448 2990 1513 τέλους
3036 1449 3519 1521 ἐπιλανθανόμενοι
3567 1455 3663 1507 τοῦ
3700 1453 3859 1519 Θεοῦ,
3886 1457 3982 1507 καὶ

2406 1540 2891 1607 παρατρεπόμενοι
2919 1541 3290 1611 προσεκύνουν
3320 1543 3439 1595 ἀντὶ
3479 1543 3574 1594 τοῦ
3607 1545 3844 1597 κτίστου
3874 1545 3980 1614 τὴν

2407 1629 2605 1692 κτίσιν,
2635 1632 2729 1683 καὶ
2759 1632 2889 1685 ποτὲ
2924 1633 3044 1702 μὲν,
3074 1631 3150 1696 ώς
3187 1634 3426 1702 εἴρηται,
3455 1637 3980 1705 μοσχοποιήσαντες,

2407 1719 2539 1773 ποτε
2562 1719 2619 1773 δὲ
2650 1720 2730 1790 τῷ
2780 1722 3103 1794 Βεελφεγὼρ
3150 1728 3627 1796 προσκυνήσαντες
3652 1768 3667 1792 ,
3699 1727 3888 1781 ἄλλοτε
3922 1730 3981 1782 δὲ

2407 1810 2485 1881 τῷ
2511 1811 2676 1876 Βάαλ,
2713 1814 2809 1866 καὶ
2829 1813 2909 1884 τῷ
2935 1815 3164 1883 Χαμὼς,
3192 1817 3285 1869 καὶ
3310 1818 3376 1886 τῇ
3416 1817 3645 1889 Σιδωνίᾳ
3685 1821 3980 1891 Ἀστάρτε,

2411 1902 2507 1955 καὶ
2555 1903 2631 1973 τῷ
2656 1904 2922 1975 Μολχὼμ,
2954 1908 3051 1960 καὶ
3095 1907 3223 1961 ποτὲ
3249 1907 3326 1977 τῷ
3357 1907 3511 1978 ⁴ῇλίῳ,
3552 1911 3645 1962 καί¹
3675 1912 3739 1981 τῇ
3764 1912 3982 1984 σελήνῃ,

2409 1995 2504 2047 καὶ
2542 1999 2653 2060 τοῖς
2688 1996 2907 2066 ἄστροις
2958 1996 2995 2051 ἃ
3047 2000 3074 2050 δ
3101 1998 3234 2062 Θεὸς
3277 2001 3354 2062 είς
3414 1998 3613 2068 φαῦσιν
3670 1999 3983 2069 ἀνθρώποις

2410 2088 2662 2159 ἐποίησε,
2694 2093 2789 2144 καὶ
2809 2094 2911 2145 οὐκ
2942 2094 3022 2157 εἰς
3057 2091 3428 2164 προσκύνησιν
3452 2111 3465 2123 ·
3498 2092 3627 2146 ποτε
3656 2091 3711 2144 δὲ
3733 2093 3827 2145 καὶ
3854 2092 3983 2145 ἀλο-

2411 2199 2481 2251 γα
2510 2182 2625 2247 ζῶα
2653 2183 2874 2254 ἐτίμων,
2908 2184 2985 2248 ώς
3015 2185 3145 2254 παρ’
3174 2186 3491 2253 Αἰγυπτίοις
3531 2186 3622 2240 τὸν
3652 2180 3830 2239 ’Δπιν
3853 2183 3985 2255 βοῦν

2411 2277 2506 2328 καὶ
2540 2276 2632 2329 τὸν
2661 2278 2964 2348 Μενδήσιον
2995 2279 3216 2347 τράγον,
3267 2279 3361 2332 καὶ
3392 2278 3548 2341 θεοὺς
3584 2277 3858 2349 ἀργυροῦς
3887 2276 3987 2330 καὶ

2409 2365 2665 2437 χρυσοῦς,
2702 2368 2779 2432 ὡς
2820 2370 2879 2422 ὲν
2927 2372 2994 2441 τῇ
3039 2370 3292 2439 Ἰουδαίᾳ.
3338 2371 3524 2441 Ταύτῃ
3553 2386 3639 2424 τοι
3699 2369 3986 2440 προδήλως

2410 2459 2649 2512 ἀπειλῶν
2682 2460 2866 2523 αὐτοῖς
2892 2463 2920 2513 ὁ
2942 2461 3074 2526 Θεὸς
3102 2462 3253 2530 ἔλεγε
3275 2462 3361 2515 διὰ
3408 2462 3502 2515 τοῦ
3544 2462 3823 2533 προφήτου
3851 2477 3867 2493 ·
3889 2460 3984 2528 qu

2415 2552 2610 2621 μικρὸν
2636 2550 2799 2604 τοῦτο
2827 2551 2904 2624 τῷ
2929 2553 3062 2623 οἴκῳ
3102 2552 3294 2614 Ἰούδα,
3329 2558 3507 2608 ποιεῖν
3536 2555 3605 2607 τὰ
3637 2552 3987 2624 βδελύγματα

2410 2641 2584 2695 ταῦτα
2608 2642 2644 2696 ὃ.
2675 2644 2976 2713 ὲποίησανς
3014 2645 3138 2697 ’Ότι
3196 2644 3440 2715 ἔπλησαν
3482 2646 3579 2716 τὴν
3628 2647 3729 2714 γῆν
3754 2645 3987 2713 ἀνομίας

2386 2734 2505 2786 ’τοῦ
2553 2735 2891 2803 παροργίσαι
2927 2751 3018 2804 με.
3047 2735 3138 2788 Διὸ
3157 2737 3335 2787 τοίνυν
3373 2736 3598 2799 εἰκότως
3652 2733 3987 2804 ὲξωλοθρεύο

2414 2821 2586 2888 Οησαν
2619 2820 2692 2883 ώς
2718 2820 2807 2873 τὸν
2838 2819 2973 2874 Θεὸν
3001 2823 3426 2893 παροργίζοντες
3451 2826 3546 2878 καὶ
3574 2825 3670 2893 τὴν
3694 2824 3855 2892 ἀγίαν
3879 2824 3987 2892 γῆν

2418 2911 2637 2981 ἐκείνην
2668 2912 3118 2981 καταμιαίνοντες
3144 2914 3240 2967 ἀπ’
3262 2915 3438 2985 ἀρχῆς
3475 2916 3579 2979 ἔως
3611 2919 3709 2986 τῆς
3747 2916 3986 2984 ἐσχάτης

2415 3003 2510 3054 καὶ
2552 3002 2870 3063 τελευταίας
2904 3003 3109 3073 ταύτης
3138 3005 3393 3069 ἁλώσεως
3444 3008 3537 3058 ἐπὶ
3572 3006 3987 3059 Cinnamque-'3

2414 3095 2509 3146 καὶ
2541 3093 2724 3146 Τίτου.
2758 3093 2867 3147 Καὶ
2895 3094 3004 3164 γὰρ
3042 3097 3317 3166 διαφόρων
3346 3099 3551 3166 ταύτην
3582 3099 3676 3150 καὶ
3725 3096 3987 3150 καθελόν-

2340 3208 2383 3266 c
2414 3202 2543 3249 των,
2579 3186 2711 3254 φησὶ
2738 3184 2822 3253 IP.
2857 3184 2987 3258 240]
3016 3186 3385 3258 Θεοδώρητος,
3444 3189 3608 3242 πάλιν
3641 3190 3722 3251 εἰς
3776 3188 3838 3240 τὸ
3888 3191 3989 3257 ἀρ-

2416 3282 2571 3348 χτλῖον
2597 3282 3055 3349 ἀποκατέστησαν
3089 3281 3307 3351 ἀξίωμά
3340 3298 3398 3334 τε
3448 3281 3541 3334 καὶ
3575 3282 3793 3350 σχῆμω
3850 3280 3989 3333 am

2410 3368 2504 3421 νῦν
2560 3369 2764 3424 οὐκέτι.
2807 3371 3031 3440 Πρῶτος
3063 3373 3163 3441 μὲν
3222 3373 3334 3441 γὰρ
3378 3371 3775 3440 Θελαφάλασαρ
3825 3370 3987 3439 809-:-

2413 3457 2621 3511 ἀλωτον
2645 3460 2805 3513 ἔλαϐε
2837 3460 2944 3515 τῶν
2960 3462 3093 3516 δέκα
3115 3462 3297 3532 φυλῶν
3319 3463 3382 3517 τὸ
3414 3462 3685 3515 πλεῖστον’
3726 3462 3986 3532 δεύτερος

2412 3551 2466 3603 δε
2507 3552 2909 3625 Σαλαμανασάρ
2938 3556 3036 3625 τὴν
3064 3554 3380 3626 Σαμάρειαν
3416 3555 3513 3608 καλ⁵
3534 3554 3632 3616 τὰς
3660 3554 3787 3624 περὶ
3816 3554 3989 3622 αὐτὴν

2419 3641 2845 3713 ἐξηνδραπόδισε
2910 3645 3091 3708 πόλεις
3126 3661 3140 3677 ο
3204 3647 3386 3715 τρίτος
3437 3645 3493 3697 δὲ
3557 3647 3586 3698 ὁ
3646 3644 3991 3715 Σεναχηρεὶμ

2413 3734 2513 3797 τὰς
2582 3735 2681 3805 μὲν
2745 3735 2911 3800 ἄλλας
2971 3738 3071 3807 τῆς
3132 3737 3393 3801 Ἰουδαίας
3457 3735 3814 3808 ἐπολιόρκησε
3884 3735 3990 3788 πόα

2413 3823 2524 3888 λεις
2596 3826 2691 3879 καὶ
2746 3827 2974 3890 πολλοὺς
3025 3826 3328 3897 μετῴκισεν
3378 3828 3799 3897 αἰχμαλώτους,
3849 3827 3982 3879 ἑπιω

2416 3910 2758 3981 στρατεύσας
2811 3912 2869 3966 δὲ
2912 3915 3026 3975 τοῖς
3094 3910 3488 3982 Ἱεροσολύμοις
3537 3911 3869 3975 ἀλαζονικῶς
3925 3927 3989 3963 τε

2414 4001 2509 4054 καὶ
2537 4002 2814 4065 δυσσεϐῶς
2845 4003 3141 4072 ἐκομίσατο
3164 4002 3385 4064 δικαίως
3399 4004 3499 4073 τῆς
3528 4000 3881 4073 βλασφημίας
3909 4002 3984 4053 ti

2418 4091 2670 4164 ἐπίχειρα
2696 4108 2711 4124 ο
2744 4091 2990 4164 θεηλάτῳ
3017 4092 3199 4164 πληγῇ
3240 4093 3339 4163 τὴν
3378 4093 3639 4161 στρατιὰν
3678 4091 3978 4153 ἀπολέσας,

2416 4184 2514 4238 καὶ
2550 4185 2669 4254 μετ’
2697 4183 2960 4254 αἰσχύνης
2974 4182 3297 4248 ἀναζεύξας,
3327 4181 3432 4235 ὑπὸ
3463 4182 3572 4235 τῶν
3608 4181 3754 4234 ἰδίων
3780 4180 3992 4233 τέκνων

2416 4277 2750 4344 ἀναιρεῖται.
2788 4276 2944 4330 Μετά
2970 4274 3027 4327 δὲ
3080 4274 3271 4328 τοῦτον
3314 4271 3790 4343 Ναϐουχοδονόσορ
3820 4272 3877 4322 ὲν
3908 4270 3994 4339 τῷ

2418 4369 2589 4439 τρίτῳ
2612 4368 2723 4421 ἔτει
2755 4367 2853 4437 τῆς
2885 4365 3165 4438 βασιλείας
3207 4363 3467 4433 Ἰωακείμ
3492 4361 3587 4415 τοῦ
3628 4361 3745 4413 υίοῦ
3776 4357 3992 4412 Ἰωσίου

2427 4460 2564 4530 μετά
2587 4459 2871 4528 δυνάμεως
2921 4458 3001 4521 εἰς
3057 4457 3158 4525 τὴν
3196 4455 3459 4510 Ἰουδαίαν
3490 4452 3843 4521 ἀφικόμενος,
3892 4452 3993 4503 καὶ

746 4552 956 4624 argenti
1016 4548 1242 4604 talentis
1276 4545 1545 4615 acceptis,
1585 4543 1775 4598 multis
1824 4542 1918 4613 qui
1977 4542 2109 4611 regii
2160 4548 2317 4597 erant

2363 4535 2399 4592 D
2425 4550 2593 4605 πολλά
2623 4549 2862 4602 τάλαντα
2888 4546 3115 4618 χρυσίου
3169 4546 3266 4598 καὶ
3294 4544 3536 4614 ἀργύρου
3568 4542 3749 4595 λαϐὼν
3777 4543 3873 4595 καὶ
3924 4544 3994 4594 ἐκ

747 4643 1033 4714 sanguinis
1053 4640 1283 4710 captivis
1312 4637 1590 4701 abductis,
1622 4636 1804 4690 ablata
1838 4634 2002 4690 etiam
2028 4648 2312 4689 sacrorum

745 4749 1006 4791 vasorum
1037 4741 1193 4802 parte
1220 4728 1587 4799 impositoque
1614 4726 1822 4781 tributo
1849 4726 2069 4781 domum
2130 4726 2314 4781 rediit.

746 4825 921 4880 Paulo
961 4829 1087 4893 post
1142 4817 1725 4874 Joacbimotributum
1790 4830 1901 4870 non
1937 4815 2180 4871 solvente
2207 4814 2315 4868 Na—

748 4913 1179 4970 buchodonosor
1199 4924 1345 4965 anno
1367 4908 1520 4980 regni
1545 4908 1667 4978 ejus
1685 4906 1993 4973 undecimo,
2023 4908 2107 4961 sui
2134 4915 2314 4962 autem

749 5014 969 5069 octavo,
1001 5018 1219 5059 rursum
1254 5000 1633 5072 Hierosolyma
1680 5000 2040 5071 oppugnavit,
2094 4998 2320 5053 Joacbi-

749 5107 1011 5164 mutnque
1048 5098 1302 5145 necatum
1355 5089 1425 5145 de
1457 5103 1617 5143 muro
1655 5087 1849 5159 projici
1913 5097 1968 5143 et
2000 5087 2317 5157 aliquandiu

748 5182 1094 5247 inhumatum
1127 5179 1361 5249 relinqui
1386 5178 1669 5249 imperavit
1701 5194 1717 5243 ;
1742 5178 1810 5233 de
1838 5192 1950 5248 quo
1978 5188 2032 5233 et
2057 5176 2321 5233 Jeremias

668 5278 672 5283 ”
750 5274 887 5327 dicit
908 5274 988 5326 ’σε
1026 5271 1151 5326 Haec
1181 5271 1501 5340 pronuntiat
1533 5270 1790 5325 Dominus
1825 5270 1893 5324 de
1918 5268 2204 5324 Joachimo
2233 5268 2325 5322 Jo-

750 5367 846 5421 size
878 5361 1024 5434 regis
1049 5362 1205 5417 Iuda:
1239 5362 1350 5416 filio
1376 5378 1391 5414 :
1426 5359 1514 5415 Vae
1530 5361 1579 5415 ei
1602 5362 1720 5416 viro
1745 5378 1761 5418 :
1789 5362 1928 5416 inter
1955 5361 2317 5431 plangendum

750 5471 917 5525 super
954 5470 1022 5510 eo
1092 5470 1201 5507 non
1250 5453 1458 5518 dicent,
1497 5452 1637 5516 Heu.
1681 5452 1869 5517 frater,
1937 5468 2115 5523 neque
2175 5454 2318 5506 inter

751 5545 1058 5600 deflendam
1085 5544 1292 5609 dicent,
1313 5542 1451 5607 Heu,
1476 5544 1717 5608 domine,
1745 5556 1800 5598 et
1828 5542 1965 5609 lleu,
1986 5545 2184 5598 frater:
2218 5545 2315 5599 sed

754 5638 894 5692 asini
925 5636 1204 5704 sepultura
1235 5635 1283 5687 ei
1311 5635 1575 5707 obtinget,
1605 5650 1668 5691 ac
1699 5635 2040 5706 putrefactus
2060 5635 2315 5706 projicie-

859 5811 1126 5868 “Jercm.
1155 5827 1286 5879 xxtt,
1329 5811 1414 5880 18,
1454 5811 1539 5866 l9.

2420 4641 2517 4694 τοῦ
2557 4637 2839 4710 βασιλικοῦ
2869 4638 3064 4704 γένους
3082 4633 3463 4704 αἰχμαλώτους
3495 4631 3721 4695 πολλοὺς
3752 4630 3846 4684 καὶ
3892 4632 3995 4701 μέ-

2429 4747 2522 4801 ρος
2554 4731 2617 4784 ὲκ
2638 4729 2748 4782 τῶν
2780 4726 2944 4796 ἱερῶν
2985 4724 3219 4788 σκευῶν,
3262 4721 3569 4792 ὑπέστρεψε
3617 4720 3823 4790 δασμὸν
3872 4721 3997 4772 ἑπι-

2423 4821 2556 4882 θείς.
2589 4819 2701 4873 Καὶ
2740 4818 2859 4889 μετ’
2899 4815 3080 4884 ὀλίγον
3111 4815 3304 4885 χρόνον
3336 4813 3364 4865 ὁ
3417 4812 3516 4881 μὲν
3584 4811 3837 4879 Ἰωακεὶμ
3898 4827 3996 4862 τον

2423 4913 2587 4982 φόρον
2610 4909 2899 4979 ἡθέτησεν,
2935 4909 2965 4960 ὁ
2991 4906 3049 4960 δὲ
3090 4902 3562 4973 Ναϐουχοδονόσορ
3598 4898 3679 4968 τῷ
3719 4899 3995 4967 ἑνδεκάτῳ

2422 5002 2531 5056 ἔτει
2590 5000 2687 5069 τῆς
2740 4998 2928 5052 τούτου
2972 4996 3279 5063 βασιλείας,
3320 4993 3494 5063 ὀγδόῳ
3532 4992 3590 5045 δὲ
3642 4992 3742 5059 τῆς
3782 4989 3997 5052 οἰκείας

2422 5092 2745 5165 ἡγεμονίας,
2777 5090 2942 5144 πάλιν
2984 5086 3340 5157 ἐπιστρατεύει
3401 5086 3514 5147 τοῖς
3579 5080 3993 5152 Ἰεροσολύμοις,

2423 5185 2519 5238 καὶ
2563 5182 2657 5235 τὸν
2715 5182 2815 5252 μὲν
2869 5179 3131 5248 Ἰωακεὶμ
3172 5175 3375 5232 ἀνελὼν
3426 5174 3522 5228 καὶ
3581 5172 3690 5226 ἀπὸ
3736 5170 3831 5225 τοῦ
3877 5171 3996 5223 τεί-

2422 5291 2549 5345 χους
2618 5273 2838 5345 ῥιφῆναι
2894 5268 3155 5332 κελεύσας
3205 5268 3413 5333 ἄταφον
3476 5265 3569 5319 ἐπί
3625 5279 3748 5316 τινα
3801 5262 3995 5331 χρόνον

2425 5365 2705 5427 κατέλιπε,
2738 5363 2864 5432 περὶ
2891 5354 2955 5415 οὗ
2998 5363 3093 5414 καὶ
3126 5360 3393 5430 Ἱερεμίας
3439 5356 3609 5428 φησί·
3670 5355 3806 5409 Τάδε
3841 5355 3994 5418 λέγει

2429 5455 2637 5527 Κύριος
2671 5456 2764 5509 ἐπὶ
2800 5454 3054 5523 Ἰωακείμ
3084 5451 3200 5504 υἰὸν
3238 5452 3441 5505 Ἰωσίου
3496 5447 3760 5520 βασιλέως
3797 5446 3992 5500 Ἰούδα·

2424 5547 2560 5600 Οὐαὶ
2586 5547 2677 5600 ἐπὶ
2692 5546 2783 5599 τὸν
2801 5545 2970 5615 ἀνδρα
2990 5543 3204 5597 τοῦτονί
3226 5542 3302 5595 Ού
3338 5540 3413 5612 μὴ
3437 5539 3693 5609 κόψονται
3719 5535 3902 5598 αὐτὸν,
3920 5533 3995 5589 Ὢ

2419 5640 2617 5696 eam:
2669 5638 2778 5693 οὐδ’
2800 5638 2860 5691 ού
2890 5637 2970 5709 μὴ
2991 5635 3312 5691 κλαύσονται
3343 5633 3503 5689 αὐτὸν
3527 5671 3543 5697 ,
3597 5631 3781 5701 Οίμοι,
3808 5628 3994 5698 κύριε,
