4248 6456
260 446 363 509 461

1348 436 1894 498 HISTORIARUM
1928 434 2454 497 COMPENDIUM.

3411 434 3518 501 162

253 570 345 622 καί
372 565 555 634 Οἶμοι,
587 559 814 628 ἀδελφέ·
855 557 995 613 ἀλλὰ
1021 558 1201 630 ταφὴν
1225 557 1349 611 δνον
1380 558 1705 626 ταφήσεται,
1734 557 1830 610 καὶ

1946 564 2036 611 tur
2073 565 2236 625 trans
2294 570 2484 612 muros
2524 555 3074 627 llierosolymitanos.
3108 556 3373 614 Proceres
3394 572 3517 613 om-

256 653 667 726 συμψηφισθεὶς
697 651 988 721 ριφήσεται
1009 650 1271 704 ἐπέκεινα
1296 649 1398 719 τῆς
1421 648 1593 719 πύλης
1637 650 1839 718 Ἰερουο

254 747 392 817 σαλή
403 764 439 814 μ
460 762 475 777 ο
499 743 628 807 τοῦς
652 742 708 795 δὲ
731 742 789 795 ὲν
817 741 961 794 τέλει
990 740 1201 802 πάντας
1229 737 1606 817 αἰχμαλώτου-ς
1632 737 1837 803 λαϐὼν,

252 811 489 899 καὶτοῖς
545 830 922 901 ὑπολειφθεῖσι
982 831 1372 902 χειροτονήσας
1402 811 1627 900 βασιλέα
1669 831 1838 899 Ἰεχο-

267 930 389 981 νίαν
418 926 537 980 υἱὸν
579 924 865 994 Ἐλιακείμ
896 963 912 987 ,
950 923 1162 993 ἀπῆρεν
1218 923 1297 985 είς
1331 921 1646 974 Βαϐυλῶνα.
1705 920 1840 973 Εἶτα

206 1037 211 1045 ’
254 1022 351 1073 καὶ
386 1019 576 1071 τοῦτον
624 1014 815 1087 μαθὼν
868 1016 1240 1068 στασιάσαντα
1293 996 1431 1085 μετᾶ
1460 1013 1634 1082 μῆνας
1687 1014 1839 1082 τρεῖς

254 1111 420 1164 πάλιν
447 1098 690 1178 ἔρχεται,
727 1108 823 1161 καὶ
877 1107 1070 1160 τοῦτον
1131 1106 1374 1177 πεδήσας
1432 1104 1570 1175 μετὰ
1625 1103 1838 1158 πολλῶν

253 1203 537 1271 νεωτέρων
565 1201 890 1273 δοριάλωτον
919 1200 1066 1268 ἄγει,
1098 1201 1451 1267 καταστήσας
1504 1198 1620 1253 ἀντ’
1654 1197 1823 1252 αὐτοῦ

260 1294 577 1365 βασιλεύειν
636 1294 747 1346 τῶν
799 1291 1110 1345 ὑπολοίπων
1153 1290 1409 1344 Σεδεκίαν
1461 1289 1836 1359 πατράδελφον

256 1388 444 1444 αὐτοῦ,
473 1387 658 1456 ὅρκοις
687 1384 829 1439 κατὰ
855 1384 950 1437 τοῦ
975 1382 1119 1437 Θεοῦ
1152 1383 1283 1454 περὶ
1312 1384 1405 1437 τοῦ
1430 1384 1503 1454 μὴ
1532 1383 1834 1451 ἀποστῆναι

255 1476 707 1546 καταδεσμήσας.
748 1473 911 1526 Ἀλλὰ
940 1472 1035 1525 καὶ
1084 1471 1278 1524 τούτου
1316 1470 1666 1542 παραϐάντος
1709 1468 1836 1532 τοὺς

249 1572 448 1641 ὅρκους
479 1567 576 1621 καί
610 1567 744 1636 μήτε
777 1565 867 1618 τὶν
901 1564 1108 1634 δασμὸν
1158 1560 1449 1616 ἀποδοῦναι
1477 1559 1830 1628 θελήσαντος,

252 1662 393 1733 μήτε
433 1660 539 1730 μὴν
571 1657 784 1711 εὔνοιαν
806 1655 1164 1725 φυλάξαντος,
1184 1652 1299 1707 ἀλλ’
1325 1650 1644 1720 Αἰγυπτίοις
1666 1665 1836 1720 προσ-

251 1752 542 1821 φυγόντος,
578 1749 736 1811 αὖθις
764 1745 1120 1817 παρεγένετο,
1156 1744 1249 1799 καὶ
1298 1744 1390 1797 τὸν
1430 1742 1529 1812 μὲν
1578 1739 1832 1793 Σεδεκίαν

252 1847 663 1916 χειρωσάμενος
678 1844 772 1895 καὶ
789 1839 1163 1909 ὲκτυιρλὼσας,
1197 1838 1292 1892 καὶ
1310 1837 1411 1907 τὴν
1439 1836 1594 1889 πόλιν
1624 1834 1827 1889 αὔταν-

1946 663 2044 705 ues
2094 649 2339 717 captivos
2400 648 2650 713 abduxit,
2702 651 3109 722 constitutoque
3164 651 3243 708 ibi
3306 650 3515 708 relictis

1941 754 2069 810 rege
2087 738 2349 794 Jcchonia
2380 738 2668 794 Eliachimi
2702 738 2834 806 lilio,
2857 740 3184 813 Babylonem
3210 758 3271 800 se
3287 727 3517 814 recepit.

1942 830 2069 887 Post
2095 840 2209 887 tres
2244 846 2460 887 menses
2498 830 2646 887 hunc
2685 846 2906 903 quoque
2933 832 3100 906 422
3146 833 3515 891 defectionem

1941 925 2123 979 moliri
2191 924 2435 978 sentiens
2486 923 2670 987 rediit,
2737 940 2974 994 cumque
3029 926 3083 979 in
3157 926 3516 997 compedibus

1942 1029 2067 1069 cum
2120 1015 2308 1071 multis
2360 1013 2659 1084 juvenibus
2723 1017 2997 1085 captivum
3034 1016 3286 1085 abduxit,
3342 1034 3513 1089 regno

1944 1106 2227 1162 Sedechiae
2255 1107 2378 1176 ejus
2433 1117 2630 1177 patruo
2676 1109 2899 1174 tradito,
2955 1123 3081 1166 cum
3143 1112 3191 1167 is
3220 1126 3317 1182 per
3342 1110 3515 1166 Deum

1938 1197 2179 1266 iurasset
2235 1211 2295 1251 se
2326 1196 2488 1251 {idem
2515 1206 2886 1252 servaturum.
2924 1196 3033 1253 Sed
3064 1206 3119 1253 et
3153 1200 3256 1255 hoc
3283 1199 3514 1271 periurii

1941 1304 2064 1344 sese
2097 1289 2370 1359 obligante
2406 1305 2468 1344 ac
2495 1303 2671 1358 neque
2702 1290 3000 1343 amicitiam
3033 1301 3289 1347 servante
3317 1300 3376 1346 et
3410 1292 3513 1346 tri-

1940 1380 2131 1435 butum
2203 1381 2509 1448 abneganle
2566 1390 2621 1434 et
2674 1379 2742 1434 ad
2801 1378 3092 1450 Egyptios
3141 1380 3513 1452 confugiente,

1940 1472 2124 1527 denuo
2162 1471 2541 1541 Hierosolyma
2595 1472 2837 1526 advenit.
2875 1472 2953 1527 ibi
3016 1472 3296 1532 Sedechiai
3350 1485 3513 1543 capto

1939 1563 2131 1618 oculos
2156 1566 2338 1631 eruit;
2367 1563 2611 1632 urbeque
2638 1571 2692 1617 et
2709 1562 3025 1620 hominibus
3049 1565 3255 1633 potitus
3283 1568 3510 1637 regiam,

1941 1654 2114 1707 :rdcm
2180 1654 2278 1708 Dei
2317 1668 2625 1721 omnesque
2658 1653 2854 1708 domos
2912 1653 3176 1720 incendit,
3210 1665 3264 1709 et
3304 1658 3448 1726 quoi
3481 1673 3513 1710 a

1940 1744 2085 1798 fatue
2132 1755 2184 1799 et
2217 1744 2361 1799 bello
2392 1744 2677 1798 hominum
2730 1751 2849 1798 erat
2900 1746 3195 1817 reliquum,
3262 1748 3513 1818 captivos

1938 1837 2215 1905 simulque
2287 1836 2562 1906 praecipua
2602 1837 2792 1905 templi
2826 1851 2955 1892 vasa
3013 1838 3257 1895 abduxit.
3324 1839 3514 1897 Joelus

248 1940 375 2008 δρον
399 1935 659 2006 εἰληφὼς,
690 1934 761 1988 τά
773 1951 830 1987 τε
861 1933 1128 2004 βασίλεια,
1154 1933 1250 1985 καὶ
1283 1932 1375 1984 τὸν
1405 1929 1548 1983 θεῖον
1576 1927 1833 1993 ναδν,καὶ

1938 1942 2071 1982 sane
2104 1928 2514 1983 multitudinem
2538 1928 2908 1983 calamitatum
2928 1944 3194 1986 enarrans
3225 1933 3405 2000 primo
3435 1933 3513 1986 ait

254 2029 441 2082 πᾶσαν
462 2027 751 2096 ἐμπρήσας
782 2023 983 2086 οίκίαν,
1004 2022 1387 2092 αἰχμαλώτους
1417 2021 1673 2091 ἀπήγαγε
1697 2020 1822 2079 τοὺς

250 2118 620 2179 διασωθέντας
650 2117 713 2167 ὲκ
744 2114 835 2168 τοῦ
892 2113 1052 2182 λιμοῦ
1088 2111 1184 2165 καὶ
1210 2112 1305 2165 τοῦ
1338 2109 1599 2179 πολέμου,
1632 2110 1726 2161 καὶ
1762 2106 1831 2159 τὰ

247 2212 579 2280 διαφέροντα
608 2207 774 2278 σκεύη
803 2206 898 2261 τοῦ
930 2208 1057 2260 ναοῦ
1092 2206 1318 2277 Κυρίου.
1360 2204 1434 2259 Τὸ
1467 2203 1670 2274 πλῆθος
1721 2202 1835 2255 τοί-

251 2321 349 2357 νυν
396 2302 507 2355 τῶν
551 2299 850 2370 συμφορῶν
887 2299 1067 2354 αὐτῶν
1103 2298 1197 2351 καὶ
1266 2298 1421 2367 ἰωὴλ
1472 2294 1835 2365 διηγούμενος

251 2395 471 2464 πρῶτον
499 2393 601 2462 μὲν
654 2391 1044 2445 ἐπελεύσεσθαι
1092 2390 1324 2460 κάμπην
1347 2388 1523 2457 λέγει,
1551 2391 1617 2442 τὰ
1645 2388 1699 2441 δὲ
1742 2387 1830 2440 ὑπ’

249 2490 424 2558 αὐτῆς
454 2489 528 2558 μὴ
556 2484 901 2541 ἁναλωθέντα
951 2483 1057 2537 ὑπ’)
1103 2482 1321 2553 ἀκρίδος
1354 2478 1825 2549 ἅναλωθήσεσθαι,

250 2581 352 2635 ὅσα
379 2581 439 2634 δὲ
471 2579 676 2649 ταύτην
705 2576 1072 2647 διαφεύξεται,
1095 2576 1427 2646 δαπανήσειν
1448 2574 1539 2626 τὸν
1578 2571 1830 2642 βροῦχον,

250 2673 483 2743 ἔσχατον
516 2672 575 2724 δὲ
598 2671 698 2740 τὴν
716 2669 974 2741 ἐρυσίϐην
992 2666 1328 2737 ἐπαχθεῐσαν
1356 2666 1523 2735 μηδὲν
1553 2663 1832 2725 παντελῶς

249 2763 604 2831 καταλείψειν
633 2761 933 2827 ἀλὼϐητιν.
953 2759 1092 2827 Φησὶ
1128 2761 1259 2827 γάρ’
1296 2757 1377 2810 Τὰ
1405 2755 1706 2809 κατάλοιπα
1733 2755 1834 2822 τῆς

249 2854 468 2923 ἁκρὲδος
493 2854 579 2923 [Ρ.
600 2848 727 2922 2H]
754 2850 1131 2917 καταφάγεται
1160 2847 1454 2918 όβροῦχος,
1480 2846 1576 2898 καὶ
1596 2845 1665 2898 τὰ
1685 2846 1829 2913 ἑξῆς.

250 2945 441 2999 Ταῦτα
494 2942 605 3014 γὰρ
640 2940 919 3011 τροπικῶς
947 2942 1027 3003 είς
1075 2940 1165 2993 τὸν
1204 2939 1490 3008 Ἀσσύριον
1517 2938 1613 2991 καὶ
1648 2937 1823 2990 Βαϐυ-

248 3036 443 3089 λώνιον
461 3036 781 3104 ἐκληπτέον,
799 3034 1026 3101 κὰμπην
1057 3031 1155 3100 μὲν
1179 3031 1271 3083 τὸν
1288 3030 1576 3098 Θελαφάλα
1586 3047 1689 3100 σαρ
1719 3030 1833 3080 ὀνο-

253 3128 554 3197 μάζοντας,
589 3124 787 3194 ἀκρίδα
827 3123 887 3175 δὲ
914 3123 1004 3173 τὸν
1032 3121 1457 3190 Σαλαμανασὶιρ.
1494 3121 1720 3189 βροῦχον
1763 3119 1821 3172 δὲ

1935 2035 2158 2076 crucam
2192 2030 2526 2085 venturam;
2585 2021 2730 2090 quod
2782 2035 2843 2075 ea
2885 2037 2992 2077 non
3042 2023 3432 2095 absumpserit,
3456 2026 3511 2079 id

1940 2113 2209 2167 locustam
2238 2112 2575 2181 perditurum
2601 2129 2616 2179 ;
2671 2112 2719 2167 si
2748 2112 2880 2182 quid
2907 2127 2972 2168 ea
2997 2114 3267 2184 reliquum
3299 2115 3511 2181 fecerit,

1937 2205 2204 2259 hruchum
2226 2212 2573 2259 vastaturum
2603 2220 2618 2269 ;
2644 2203 2710 2258 ad
2722 2212 3028 2260 extremum
3052 2219 3510 2276 superventuram
3593 2219 3600 2224 '

1937 2296 2270 2366 rubiginem,
2299 2309 2532 2365 eamque
2560 2294 2697 2348 nihil
2734 2297 2959 2351 omnino
2982 2298 3256 2368 integrum
3285 2301 3510 2356 relictu-

1936 2403 2073 2442 ram.
2100 2386 2192 2442 Sic
2207 2388 2351 2443 enitn
2374 2387 2482 2441 ait:
2504 2386 2744 2441 Residua
2763 2401 2939 2442 eruca:
2958 2389 3199 2445 comedit
3215 2390 3426 2447 locusta
3437 2395 3508 2459 ⁸⁷,

1934 2490 1990 2533 et
2034 2495 2156 2549 quae
2205 2486 2527 2549 sequuntur.
2581 2477 2708 2533 llaec.
2767 2481 2997 2536 mutatis
3068 2484 3385 2540 nominibus
3439 2484 3510 2541 de

1934 2571 2164 2642 Assyrio
2217 2578 2273 2625 et
2331 2569 2666 2640 Babylonico
2721 2585 2890 2640 regno
2944 2580 3076 2628 sunt
3113 2573 3508 2643 intelligenda:

1934 2679 2097 2720 eruca
2123 2664 2269 2719 enim
2300 2663 2816 2733 Thelaphalasarem
2848 2673 3021 2730 notat,
3050 2666 3264 2723 locusta
3300 2669 3510 2730 Salma-

1936 2768 2213 2816 nasarem,
2268 2752 2512 2808 bruchus
2569 2752 3026 2822 Senacbaribum,
3067 2756 3262 2827 rubigo
3317 2756 3505 2812 Nabu-

1936 2844 2398 2908 chodonosorem,
2463 2842 2556 2911 qui
2628 2841 2822 2897 ultimo
2850 2841 3092 2898 Judaaam
3146 2848 3508 2917 depopulatus

1935 2947 2039 3000 est,
2071 2950 2277 3005 eosque
2333 2934 2425 3004 qui
2459 2942 2689 2989 mortem
2746 2942 3040 2990 evaserant
3073 2936 3129 2989 in
3186 2937 3509 2994 servitutem

1936 3028 2138 3097 abegit,
2174 3027 2319 3081 sicut
2368 3025 2635 3080 diximus.
2674 3025 2924 3096 Persmpe
2956 3027 3140 3097 igitur,
3174 3037 3233 3082 ut
3277 3045 3508 3102 magnus

1936 3120 2010 3173 ait
2037 3118 2295 3189 Cyrillus,
2337 3117 2521 3171 Judaea
2563 3117 2630 3170 ab
2693 3118 2942 3174 hostibus
3003 3130 3088 3173 est
3132 3127 3377 3185 vastata,
3436 3126 3506 3178 ab

247 3220 345 3275 τὸν
377 3217 749 3298 Σεναχηρεὶμ,
787 3212 1049 3285 ἐρυσίϐην
1082 3211 1138 3265 δὲ
1197 3211 1287 3265 τὸν
1341 3210 1830 3281 Ναϐουχοδονόσορ,

1937 3211 2203 3281 Assyriis,
2233 3211 2301 3264 ab
2331 3210 2599 3281 Egyptis,
2629 3209 2792 3281 423
2826 3225 2854 3263 a
2884 3210 3106 3282 Syris,a
3135 3212 3409 3282 Moabitis,
3435 3217 3504 3269 ab

248 3312 565 3365 τελευταῖον
612 3306 1116 3375 ἐπιστρατεύσαντα
1144 3305 1240 3356 καὶ
1270 3305 1370 3372 τὴν
1409 3303 1672 3355 Ἰουδαίαν
1700 3301 1832 3372 δῃώ·

251 3421 426 3460 σαντα
468 3404 564 3456 καὶ
593 3403 718 3464 τοὺς
756 3401 850 3453 τὸν
901 3399 1131 3452 θάνατον
1164 3396 1525 3466 διαφυγόντας
1561 3394 1837 3466 αἰχμαλωο

245 3496 500 3557 τίσαντα,
532 3491 714 3553 καθὼς
764 3489 1003 3557 εἴρηται.
1036 3488 1366 3548 Πλειστάκις
1409 3487 1507 3554 μὲν
1540 3484 1632 3538 οὖν
1673 3485 1835 3537 πάλιν

1940 3304 2210 3369 ldumaais,
2233 3317 2263 3355 a
2289 3301 2579 3365 Pltilistiis,
2610 3305 2699 3373 qui
2733 3310 2863 3356 sunt
2893 3304 3195 3360 Palaestini.
3221 3304 3421 3360 Verum
3443 3320 3506 3360 ea

1937 3396 2201 3451 mediocri
2229 3404 2486 3465 percepto
2514 3394 2736 3459 damno,
2762 3404 2815 3450 et
2848 3410 2954 3450 non
2978 3397 3189 3468 magnis
3231 3399 3506 3455 interdum

1943 3489 2138 3542 all'ccta
2173 3487 2607 3551 calamitatibus,
2678 3503 2896 3543 rursum
2958 3489 3186 3545 liberata
3216 3489 3339 3555 fuit,
3399 3492 3511 3547 Deo

250 3585 605 3655 συμϐέϐηκεν
632 3581 839 3636 ἁλῶναι
873 3578 970 3650 τὴν
1014 3577 1300 3641 Ἰουδαίαν,
1342 3575 1417 3639 ὣς
1450 3593 1582 3645 φησι
1615 3574 1776 3628 πάλιν
1811 3577 1839 3627 ό

1939 3586 2150 3632 tantum
2187 3577 2496 3648 castigante
2561 3593 2625 3632 ac
2682 3595 2901 3633 rursum
2953 3588 3165 3637 tutante
3222 3584 3503 3653 p0pttlum.

250 3681 428 3747 μέγας
460 3675 746 3746 Κύριλλος,
775 3673 880 3724 ὑπό
902 3688 961 3724 τε
986 3669 1344 3739 Ἀσσσυρίων,
1363 3670 1457 3722 καὶ
1493 3666 1833 3735 Αἰγυπτίων,

247 3771 442 3839 Σύρων
472 3785 531 3821 τε
566 3769 659 3819 καὶ
699 3763 1027 3827 Μωαϐιτῶν,
1081 3761 1396 3832 Ἰδουμαίων
1455 3760 1549 3815 καὶ
1584 3762 1693 3813 τῶν
1736 3761 1816 3812 λε·

1941 3668 2099 3723 Nunc
2129 3678 2335 3732 autem,
2365 3677 2657 3739 postquam
2716 3670 2975 3726 Christus
3033 3671 3135 3727 luit
3187 3674 3505 3741 cruciﬁxus,

1940 3758 2187 3812 funditus
2205 3773 2268 3813 ea
2294 3757 2520 3812 interiit.

245 3861 497 3928 γομένων
549 3857 886 3923 Φυλιστιεὶμ,
944 3855 1191 3908 τουτέστι
1232 3852 1660 3924 Παλαιστηνῶνο
1710 3851 1825 3905 ἀλλ’
1865 3851 2023 3915 ὀλίγα
2057 3850 2337 3904 παθοῦσαν
2368 3851 2465 3904 καὶ
2533 3854 2867 3923 συμμέτροις
2904 3854 3017 3909 ἔσθ’
3047 3858 3135 3910 ὅτε
3182 3864 3508 3928 περιπεσοί-

246 3973 354 4010 σαν
413 3952 721 4021 συμφοραῖς
809 3947 970 4001 πάλιν
1044 3947 1264 4017 ἀνῆκεν,
1301 3945 1678 4016 ὲπαμύναντος
1733 3942 1867 3999 Θεοῦ
1915 3942 2008 3996 τοῦ
2046 3944 2140 3996 καὶ
2171 3945 2583 4008 παιδεύσαντος.
2652 3948 2922 4001 Ἀπόλωλε
2961 3950 3018 4003 δὲ
3063 3951 3157 4006 νῦν
3206 3952 3503 4027 ὁλοσχερῶς

248 4047 394 4118 μετᾶ
456 4044 556 4115 τὴν
612 4042 704 4095 τοῦ
748 4043 955 4112 Κυριου
992 4040 1318 4111 σταύρωσιν.

321 4138 537 4205 Ὠσπερ
594 4138 777 4188 τοίνυν
813 4136 847 4203 ὴ
898 4134 998 4204 μὲν
1061 4132 1171 4185 τῶν
1228 4131 1533 4201 Ἀσσυρίων
1588 4130 1834 4201 βασιλεία

246 4228 526 4293 κατελύθη
556 4228 665 4280 ὑπὸ
722 4226 1104 4289 Βαϐυλωνίων,
1135 4225 1170 4294 ὴ
1209 4224 1265 4277 δὲ
1310 4222 1672 4276 Βαϐυλωνίων
1725 4221 1832 4274 ὑπὸ

250 4321 504 4392 Περσῶν,
538 4321 573 4389 ἡ
606 4318 662 4370 δὲ
705 4316 931 4386 Περσῶν
961 4316 1065 4368 ὑπὸ
1093 4314 1444 4375 Μακεδόνων,
1478 4316 1511 4380 ἡ
1557 4313 1614 4364 δὲ
1655 4313 1833 4365 Μακε-

243 4415 416 4468 δόνων
451 4411 557 4463 ὑπὸ
604 4408 916 4477 Ῥωμαίων,
946 4406 1120 4470 οὕτως
1158 4408 1189 4476 ἡ
1248 4405 1356 4458 τῶν
1397 4402 1688 4472 Ῥωμαίων
1726 4404 1832 4456 ὑπὸ

246 4504 343 4557 τοῦ
376 4500 749 4571 Ἀντιχρίστου
776 4497 1210 4567 καταλυθήσεται
1245 4496 1389 4565 καὶὴ
1425 4492 1519 4547 τοῦ
1560 4493 1822 4563 Ἀντιχρίο

248 4611 376 4648 στου
432 4592 540 4644 ὑπὸ
570 4588 808 4660 Χριστοῦ
836 4588 1296 4658 διαφθαρήσεται.
1336 4587 1435 4640 Διὰ
1471 4586 1568 4657 μὲν
1598 4581 1690 4640 οὖν
1717 4586 1825 4638 τῶν

2002 4130 2474 4197 Quemadmodum
2507 4148 2636 4203 ergo
2669 4133 3016 4204 Assyriorum
3060 4153 3283 4208 regnum
3332 4157 3361 4195 a
3398 4142 3503 4197 Ba-

1934 4225 2209 4297 bylonico,
2269 4226 2374 4279 hoc
2423 4241 2450 4277 a
2502 4224 2745 4293 Persico,
2808 4226 2973 4296 idque
3037 4243 3065 4283 a
3124 4230 3500 4295 Macedonico,

1933 4308 2283 4385 rursumque
2324 4320 2424 4370 hoc
2478 4330 2506 4368 a
2554 4315 2802 4372 Romano
2849 4329 2933 4373 est
2986 4319 3249 4386 deletum,
3318 4326 3391 4379 ita
3448 4337 3503 4383 et

1937 4403 2243 4458 Romanum
2280 4404 2568 4474 imperium
2620 4407 2689 4460 ab
2727 4406 3065 4463 Antichristo
3114 4422 3416 4482 evertetur,
3446 4430 3501 4471 et

1932 4497 2257 4551 Antichrisu
2291 4511 2319 4549 a
2345 4496 2584 4551 Christo.
2629 4497 2868 4553 Proinde
2896 4514 2991 4568 per
3035 4511 3273 4571 quatuor
3304 4519 3494 4564 ventos

1934 4588 2227 4643 Zacharias
2268 4598 2506 4658 quatuor
2542 4605 2734 4659 magna
2767 4606 2931 4659 regna
2980 4593 3288 4667 designavit
3327 4599 3491 4655 Chal-

245 4685 533 4753 τεσσάρων
591 4681 808 4750 ἀνέμων
835 4682 931 4742 τὰς
963 4681 1203 4749 μεγάλας
1244 4679 1515 4749 τέσσαρας
1551 4677 1825 4747 βασιλείας

1937 4679 2173 4743 daicum,
2204 4676 2509 4743 Persicum,
2525 4678 2935 4734 Macedonicum
2955 4691 3010 4737 et
3034 4685 3359 4743 Romanum.
3381 4689 3498 4746 Duo

246 4779 278 4829 ό
332 4750 511 4845 μέγας
562 4771 805 4825 διδάσκει
864 4772 1174 4842 Ζαχαρίας,
1217 4770 1317 4841 τὴν
1368 4770 1675 4832 Χαλδαίων,
1725 4769 1825 4837 τὴν

1937 4780 2145 4825 montes
2186 4771 2325 4826 duas
2377 4771 2528 4826 orbis
2580 4780 2849 4825 terrarum
2894 4784 3077 4842 partes
3128 4776 3407 4835 iudicant:
3447 4783 3494 4837 is

245 4866 497 4938 Περσῶν,
527 4863 619 4917 καὶ
645 4864 745 4933 τὴν
776 4862 1118 4925 Μακεδόνων,
1150 4862 1245 4915 καὶ
1265 4862 1363 4931 τὴν
1402 4862 1709 4932 Ῥωμαίων.
1744 4860 1826 4913 Τὰ

243 4959 303 5011 δὲ
321 4957 418 5010 δύο
447 4956 551 5025 ὄρη
568 4956 636 5007 τὰ
662 4953 754 5007 δύο
781 4952 1019 5023 κλίματα
1041 4946 1495 5023 τῆςόἱκουμένης
1523 4953 1684 5024 φησίν
1704 4968 1716 4983 ο
1747 4953 1827 5015 εἰς

244 5048 462 5115 δύογὶιρ
499 5047 779 5115 τέμνεται,
811 5044 891 5107 είς
909 5060 967 5096 τε
994 5043 1179 5097 Ἀσίαν
1202 5045 1296 5097 καὶ
1316 5043 1607 5114 Εὐρώπην.
1635 5044 1741 5097 Καὶ
1773 5041 1825 5095 οί

247 5140 352 5211 μὲν
382 5138 589 5209 πυρροί.
629 5137 786 5189 ἵπποι
836 5136 900 5189 τὸ
935 5136 1218 5206 μιαιφόνον
1247 5137 1355 5190 τῶν
1394 5137 1675 5190 Χαλδαίων
1725 5152 1823 5205 ση-

246 5234 563 5301 μαίνουσιν,
615 5228 665 5281 oi
703 5227 760 5280 δὲ
820 5228 1051 5297 μέλανες
1104 5228 1197 5282 τὸν
1260 5227 1625 5298 ἐπενεχθέντα
1674 5227 1828 5299 παρὰ

245 5323 480 5395 Περσῶν
519 5321 617 5374 καὶ
666 5318 861 5391 κήδων
922 5323 1036 5384 τοῖς
1068 5320 1433 5384 Βαϐυλωνίοις
1466 5319 1718 5387 θάνατον,
1774 5320 1826 5372 οἱ

242 5417 307 5470 δὲ
355 5413 549 5468 λευκοὶ
601 5412 663 5466 τὸ
721 5413 891 5482 σαφὲς
936 5414 1036 5484 τῆς
1094 5413 1253 5483 δόξης
1302 5414 1413 5467 τῶν
1459 5413 1785 5467 Μακεδόνων
1809 5427 1823 5440 ο

240 5506 311 5559 οὐ
344 5506 458 5576 γὰρ
501 5502 694 5573 ὥσπερ
723 5506 778 5557 αἱ
839 5503 995 5559 ᾱλλαι
1025 5503 1317 5575 βασιλεῖαι,
1364 5506 1462 5558 καὶ
1512 5498 1698 5560 αὗται.
1760 5503 1825 5556 Οί

237 5597 309 5651 δὲ
333 5596 502 5665 ψαροὶ
558 5597 652 5647 καὶ
688 5596 926 5650 ποικίλοι
963 5596 1025 5649 τὸ
1079 5597 1295 5668 ίσχυρδν
1342 5597 1435 5651 καὶ
1462 5596 1678 5651 εὔτονον
1717 5590 1819 5667 τῆς

248 5688 555 5759 Ῥωμαίων
581 5687 856 5758 βασιλείας
889 5691 1161 5763 δηλοῦσιν.
1205 5691 1425 5762 Ἐπειδὴ
1444 5692 1501 5746 δὶ
1517 5707 1821 5760 κατεστρα-

238 5777 469 5833 τεύοντο
497 5777 672 5847 Μῆδοι
704 5780 800 5834 καὶ
830 5780 1038 5853 Πέρσαι
1068 5781 1209 5837 κατὰ
1230 5766 1606 5851 Βαϐυλωνίων,
1635 5781 1823 5836 τούτου

316 5869 526 5926 "loci.
568 5884 607 5936 ι,
638 5871 694 5927 4.

1930 4862 2073 4917 enim
2100 4863 2154 4915 in
2213 4863 2351 4917 duas
2393 4872 2573 4929 partes
2617 4861 2910 4929 scinditur,
2961 4864 3148 4919 Asiam
3201 4882 3397 4939 nempe
3435 4880 3491 4925 et

1930 4953 2221 5024 Europam.
2249 4954 2327 5007 Ac
2353 4953 2456 5006 rufi
2505 4952 2725 5021 quidem
2750 4956 2875 5022 eqtti
2904 4953 3283 5013 Chaldaeorum
3318 4961 3498 5018 homi-

1928 5044 2313 5105 cidiauotant,
2368 5042 2510 5110 nigri
2551 5055 2737 5095 necem
2793 5040 2860 5096 iis
2914 5057 2944 5096 a
2997 5042 3181 5102 Persis
3228 5058 3281 5103 et
3326 5049 3499 5107 Medis

1926 5136 2162 5200 illatam,
2204 5134 2312 5188 albi
2347 5133 2619 5187 illustrem
2674 5131 3031 5190 Macedonum
3067 5137 3296 5207 gloriam
3355 5140 3489 5211 (non

1923 5231 2069 5283 enim
2095 5226 2271 5282 simile
2300 5224 2401 5279 fuit
2431 5235 2756 5281 czeterorum
2790 5242 3082 5297 regnorum
3123 5229 3178 5284 id
3217 5233 3491 5302 regnum),

1924 5318 2184 5391 variegati
2205 5318 2374 5372 robur
2398 5316 2630 5373 Romani
2661 5319 2835 5388 regni.
2869 5318 3140 5385 Quoniam
3181 5338 3314 5378 vero
3347 5324 3489 5381 Medi

1921 5421 1978 5469 et
2036 5410 2216 5466 Persa:
2266 5410 2667 5481 expeditionem
2729 5412 2783 5464 in
2838 5412 3170 5483 Babylonios
3219 5414 3491 5482 fecerunt,

1922 5512 2211 5574 eapropter
2233 5502 2313 5556 ire
2367 5500 2647 5565 dicuntur,
2678 5508 2734 5556 et
2778 5502 2999 5573 quidem
3054 5504 3219 5559 etiam
3271 5506 3492 5576 placare

1926 5596 2018 5651 Dei
2052 5597 2208 5649 iram.
2234 5592 2373 5661 Quia
2393 5595 2539 5648 enim
2572 5593 2853 5665 Babylonii
2881 5595 3137 5666 populum
3167 5596 3259 5653 Dei
3283 5599 3495 5655 duriter

1929 5696 2255 5754 tractarunt,
2286 5687 2407 5742 ideo
2439 5687 2496 5741 in
2526 5701 2723 5742 manus
2743 5688 2869 5759 Cyri
2889 5686 3068 5744 Persa:
3101 5690 3286 5745 traditi
3336 5699 3490 5747 sunt.

1933 5780 2088 5847 Quod
2126 5789 2308 5837 autem
2340 5778 2448 5836 albi
2467 5781 2594 5850 equi
2627 5778 2790 5851 424
2816 5780 3000 5851 nigros
3031 5795 3061 5835 a
3109 5786 3267 5854 tergo
3296 5781 3495 5839 subse-
