  <div class='ocr_page' id='page_1' title='image "/cluster/home/n/w/nwhite01/storage/ocr_20150623/121/nnc1.0046980032/239.png"; bbox 0 0 4248 6456; ppageno 0'>
   <div class='ocr_carea' id='block_1_1' title="bbox 747 438 857 502">
    <p class='ocr_par' dir='ltr' id='par_1_1' title="bbox 747 438 857 502">
     <span class='ocr_line' id='line_1_1' title="bbox 747 438 857 502; baseline -0.036 0"><span class='ocrx_word' id='word_1_1' title='bbox 747 438 857 502; x_wconf 71' lang='lat'><strong>4&#39;63</strong></span> 
     </span>
    </p>
   </div>
   <div class='ocr_carea' id='block_1_2' title="bbox 2011 420 2704 484">
    <p class='ocr_par' dir='ltr' id='par_1_2' title="bbox 2011 420 2704 484">
     <span class='ocr_line' id='line_1_2' title="bbox 2011 420 2704 484; baseline -0.01 0"><span class='ocrx_word' id='word_1_2' title='bbox 2011 421 2331 484; x_wconf 80' lang='lat' dir='ltr'>GEORGII</span> <span class='ocrx_word' id='word_1_3' title='bbox 2369 420 2704 480; x_wconf 73' lang='lat' dir='ltr'><strong>CEDRENI</strong></span> 
     </span>
    </p>
   </div>
   <div class='ocr_carea' id='block_1_3' title="bbox 3886 425 3996 491">
    <p class='ocr_par' dir='ltr' id='par_1_3' title="bbox 3886 425 3996 491">
     <span class='ocr_line' id='line_1_3' title="bbox 3886 425 3996 491; baseline 0.036 -4"><span class='ocrx_word' id='word_1_4' title='bbox 3886 425 3996 491; x_wconf 58' lang='grc' dir='ltr'><strong>ΑΜ</strong></span> 
     </span>
    </p>
   </div>
   <div class='ocr_carea' id='block_1_4' title="bbox 751 532 2428 620">
    <p class='ocr_par' dir='ltr' id='par_1_4' title="bbox 751 536 2428 620">
     <span class='ocr_line' id='line_1_4' title="bbox 751 536 2428 620; baseline -0.011 -16"><span class='ocrx_word' id='word_1_5' title='bbox 751 556 1015 620; x_wconf 83' lang='lat' dir='ltr'><strong>quuntur,</strong></span> <span class='ocrx_word' id='word_1_6' title='bbox 1046 546 1096 599; x_wconf 88' lang='lat' dir='ltr'><strong>id</strong></span> <span class='ocrx_word' id='word_1_7' title='bbox 1131 541 1375 599; x_wconf 71' lang='lat' dir='ltr'><strong>ostendit</strong></span> <span class='ocrx_word' id='word_1_8' title='bbox 1404 538 1731 594; x_wconf 77' lang='lat' dir='ltr'><strong>Maccdonas</strong></span> <span class='ocrx_word' id='word_1_9' title='bbox 1755 536 2047 593; x_wconf 81' lang='lat' dir='ltr'><strong>Persarqu</strong></span> <span class='ocrx_word' id='word_1_10' title='bbox 2090 551 2316 600; x_wconf 66' lang='lat' dir='ltr'><strong>regnum</strong></span> <span class='ocrx_word' id='word_1_11' title='bbox 2348 537 2396 597; x_wconf 83' lang='grc' dir='ltr'><strong>Α</strong></span> <span class='ocrx_word' id='word_1_12' title='bbox 2426 550 2428 559; x_wconf 57' lang='grc' dir='ltr'><strong>ί</strong></span> 
     </span>
    </p>
   </div>
   <div class='ocr_carea' id='block_1_5' title="bbox 2333 532 4010 620">
    <p class='ocr_par' dir='ltr' id='par_1_5' title="bbox 2348 532 4010 609">
     <span class='ocr_line' id='line_1_5' title="bbox 2348 532 4010 609; baseline 0.007 -27"><span class='ocrx_word' id='word_1_13' title='bbox 2348 537 2396 597; x_wconf 81' lang='grc' dir='ltr'><strong>Α</strong></span> <span class='ocrx_word' id='word_1_14' title='bbox 2426 532 2586 600; x_wconf 81' lang='grc' dir='ltr'><strong>χάριν</strong></span> <span class='ocrx_word' id='word_1_15' title='bbox 2609 533 2964 602; x_wconf 67' lang='grc' dir='ltr'>πορευόμεωι</span> <span class='ocrx_word' id='word_1_16' title='bbox 2988 534 3077 588; x_wconf 73' lang='grc' dir='ltr'>καὶ</span> <span class='ocrx_word' id='word_1_17' title='bbox 3094 534 3158 606; x_wconf 86' lang='grc' dir='ltr'>δὴ</span> <span class='ocrx_word' id='word_1_18' title='bbox 3189 536 3283 590; x_wconf 79' lang='grc' dir='ltr'><strong>καὶ</strong></span> <span class='ocrx_word' id='word_1_19' title='bbox 3311 537 3628 592; x_wconf 82' lang='grc' dir='ltr'>ἀναπαῦσαι</span> <span class='ocrx_word' id='word_1_20' title='bbox 3646 539 3894 609; x_wconf 83' lang='grc' dir='ltr'>λέγονται</span> <span class='ocrx_word' id='word_1_21' title='bbox 3917 544 4010 593; x_wconf 76' lang='grc' dir='ltr'><strong>τὸν</strong></span> 
     </span>
    </p>
   </div>
   <div class='ocr_carea' id='block_1_6' title="bbox 748 628 2317 703">
    <p class='ocr_par' dir='ltr' id='par_1_6' title="bbox 748 628 2317 703">
     <span class='ocr_line' id='line_1_6' title="bbox 748 628 2317 703; baseline -0.013 -5"><span class='ocrx_word' id='word_1_22' title='bbox 748 655 1042 703; x_wconf 62' lang='lat' dir='ltr'><strong>excrsnros</strong></span> <span class='ocrx_word' id='word_1_23' title='bbox 1080 638 1273 691; x_wconf 81' lang='lat' dir='ltr'><strong>fuisse.</strong></span> <span class='ocrx_word' id='word_1_24' title='bbox 1336 636 1400 688; x_wconf 80' lang='lat' dir='ltr'><strong>Et</strong></span> <span class='ocrx_word' id='word_1_25' title='bbox 1447 628 1593 703; x_wconf 84' lang='lat' dir='ltr'><strong>quod</strong></span> <span class='ocrx_word' id='word_1_26' title='bbox 1635 632 1897 701; x_wconf 79' lang='lat' dir='ltr'><strong>variegati</strong></span> <span class='ocrx_word' id='word_1_27' title='bbox 1946 629 2014 682; x_wconf 89' lang='lat' dir='ltr'><strong>ad</strong></span> <span class='ocrx_word' id='word_1_28' title='bbox 2070 636 2317 682; x_wconf 75' lang='lat' dir='ltr'><strong>austrum</strong></span> 
     </span>
    </p>
   </div>
   <div class='ocr_carea' id='block_1_7' title="bbox 749 718 2321 794">
    <p class='ocr_par' dir='ltr' id='par_1_7' title="bbox 749 718 2321 794">
     <span class='ocr_line' id='line_1_7' title="bbox 749 718 2321 794; baseline -0.013 -7"><span class='ocrx_word' id='word_1_29' title='bbox 749 732 980 794; x_wconf 85' lang='lat' dir='ltr'><strong>vadunt,</strong></span> <span class='ocrx_word' id='word_1_30' title='bbox 1016 744 1081 783; x_wconf 90' lang='lat' dir='ltr'><strong>eo</strong></span> <span class='ocrx_word' id='word_1_31' title='bbox 1108 726 1480 781; x_wconf 79' lang='lat' dir='ltr'><strong>Romanorum</strong></span> <span class='ocrx_word' id='word_1_32' title='bbox 1511 730 1707 776; x_wconf 87' lang='lat' dir='ltr'><strong>contra</strong></span> <span class='ocrx_word' id='word_1_33' title='bbox 1755 718 2132 789; x_wconf 86' lang='lat' dir='ltr'><strong>Hierosolyma</strong></span> <span class='ocrx_word' id='word_1_34' title='bbox 2157 730 2321 782; x_wconf 77' lang='lat' dir='ltr'><strong>expe-</strong></span> 
     </span>
    </p>
   </div>
   <div class='ocr_carea' id='block_1_8' title="bbox 753 805 2320 877">
    <p class='ocr_par' dir='ltr' id='par_1_8' title="bbox 753 805 2320 877">
     <span class='ocr_line' id='line_1_8' title="bbox 753 805 2320 877; baseline -0.011 0"><span class='ocrx_word' id='word_1_35' title='bbox 753 822 891 877; x_wconf 77' lang='lat' dir='ltr'><strong>ditio</strong></span> <span class='ocrx_word' id='word_1_36' title='bbox 914 818 1307 875; x_wconf 80' lang='lat' dir='ltr'><strong>adumbratur:</strong></span> <span class='ocrx_word' id='word_1_37' title='bbox 1340 816 1407 868; x_wconf 89' lang='lat' dir='ltr'><strong>ad</strong></span> <span class='ocrx_word' id='word_1_38' title='bbox 1441 821 1689 868; x_wconf 78' lang='lat' dir='ltr'><strong>austrum</strong></span> <span class='ocrx_word' id='word_1_39' title='bbox 1715 814 1859 864; x_wconf 89' lang='lat' dir='ltr'><strong>enim</strong></span> <span class='ocrx_word' id='word_1_40' title='bbox 1895 810 2029 863; x_wconf 85' lang='lat' dir='ltr'><strong>urbs</strong></span> <span class='ocrx_word' id='word_1_41' title='bbox 2065 810 2169 862; x_wconf 89' lang='lat' dir='ltr'><strong>sita</strong></span> <span class='ocrx_word' id='word_1_42' title='bbox 2198 805 2320 859; x_wconf 81' lang='lat' dir='ltr'><strong>fuit.</strong></span> 
     </span>
    </p>
   </div>
   <div class='ocr_carea' id='block_1_9' title="bbox 751 896 2322 981">
    <p class='ocr_par' dir='ltr' id='par_1_9' title="bbox 751 896 2322 981">
     <span class='ocr_line' id='line_1_9' title="bbox 751 896 2322 981; baseline -0.013 -13"><span class='ocrx_word' id='word_1_43' title='bbox 751 914 905 981; x_wconf 86' lang='lat' dir='ltr'><strong>Quod</strong></span> <span class='ocrx_word' id='word_1_44' title='bbox 933 922 1136 965; x_wconf 82' lang='lat' dir='ltr'><strong>terram</strong></span> <span class='ocrx_word' id='word_1_45' title='bbox 1165 909 1433 979; x_wconf 87' lang='lat' dir='ltr'><strong>jubentur</strong></span> <span class='ocrx_word' id='word_1_46' title='bbox 1459 906 1714 965; x_wconf 75' lang='lat' dir='ltr'><strong>circuire,</strong></span> <span class='ocrx_word' id='word_1_47' title='bbox 1752 900 1913 955; x_wconf 83' lang='lat' dir='ltr'><strong>docet</strong></span> <span class='ocrx_word' id='word_1_48' title='bbox 1933 917 1963 954; x_wconf 91' lang='lat' dir='ltr'><strong>a</strong></span> <span class='ocrx_word' id='word_1_49' title='bbox 2004 898 2111 953; x_wconf 92' lang='lat' dir='ltr'><strong>Deo</strong></span> <span class='ocrx_word' id='word_1_50' title='bbox 2135 896 2322 951; x_wconf 82' lang='lat' dir='ltr'>omnia</span> 
     </span>
    </p>
   </div>
   <div class='ocr_carea' id='block_1_10' title="bbox 751 1003 1246 1075">
    <p class='ocr_par' dir='ltr' id='par_1_10' title="bbox 751 1003 1246 1075">
     <span class='ocr_line' id='line_1_10' title="bbox 751 1003 1246 1075; baseline 0 -16"><span class='ocrx_word' id='word_1_51' title='bbox 751 1020 915 1075; x_wconf 77' lang='lat' dir='ltr'><strong>regna</strong></span> <span class='ocrx_word' id='word_1_52' title='bbox 957 1003 1246 1059; x_wconf 76' lang='lat' dir='ltr'><strong>constitui.</strong></span> 
     </span>
    </p>
   </div>
   <div class='ocr_carea' id='block_1_11' title="bbox 2427 622 4008 701">
    <p class='ocr_par' dir='ltr' id='par_1_11' title="bbox 2427 622 4008 701">
     <span class='ocr_line' id='line_1_11' title="bbox 2427 622 4008 701; baseline 0.006 -24"><span class='ocrx_word' id='word_1_53' title='bbox 2427 623 2597 691; x_wconf 76' lang='grc' dir='ltr'>θυμὸν</span> <span class='ocrx_word' id='word_1_54' title='bbox 2623 626 2845 695; x_wconf 87' lang='grc' dir='ltr'>Κυρίου·</span> <span class='ocrx_word' id='word_1_55' title='bbox 2868 622 3186 697; x_wconf 68' lang='grc' dir='ltr'>ἐπειδὴγὰρ</span> <span class='ocrx_word' id='word_1_56' title='bbox 3211 627 3437 701; x_wconf 77' lang='grc' dir='ltr'>σκληροὶ</span> <span class='ocrx_word' id='word_1_57' title='bbox 3463 632 3720 699; x_wconf 88' lang='grc' dir='ltr'>γεγόνασι</span> <span class='ocrx_word' id='word_1_58' title='bbox 3749 634 3889 686; x_wconf 87' lang='grc' dir='ltr'><strong>κατά</strong></span> <span class='ocrx_word' id='word_1_59' title='bbox 3910 634 4008 687; x_wconf 85' lang='grc' dir='ltr'><strong>τοῦ</strong></span> 
     </span>
    </p>
   </div>
   <div class='ocr_carea' id='block_1_12' title="bbox 2426 713 4011 796">
    <p class='ocr_par' dir='ltr' id='par_1_12' title="bbox 2426 713 4011 796">
     <span class='ocr_line' id='line_1_12' title="bbox 2426 713 4011 796; baseline 0.008 -31"><span class='ocrx_word' id='word_1_60' title='bbox 2426 713 2555 767; x_wconf 82' lang='grc' dir='ltr'>λαοῦ</span> <span class='ocrx_word' id='word_1_61' title='bbox 2595 714 2687 767; x_wconf 87' lang='grc' dir='ltr'><strong>τοῦ</strong></span> <span class='ocrx_word' id='word_1_62' title='bbox 2731 716 2887 782; x_wconf 89' lang='grc' dir='ltr'>Θεοῦ,</span> <span class='ocrx_word' id='word_1_63' title='bbox 2915 717 3003 771; x_wconf 78' lang='grc' dir='ltr'>διὰ</span> <span class='ocrx_word' id='word_1_64' title='bbox 3052 718 3213 772; x_wconf 89' lang='grc' dir='ltr'>τοῦτο</span> <span class='ocrx_word' id='word_1_65' title='bbox 3261 722 3641 793; x_wconf 75' lang='grc' dir='ltr'><strong>παρεδόθησαν</strong></span> <span class='ocrx_word' id='word_1_66' title='bbox 3689 725 3770 787; x_wconf 88' lang='grc' dir='ltr'><strong>είς</strong></span> <span class='ocrx_word' id='word_1_67' title='bbox 3820 728 4011 796; x_wconf 80' lang='grc' dir='ltr'>χεῖρας</span> 
     </span>
    </p>
   </div>
   <div class='ocr_carea' id='block_1_13' title="bbox 2429 802 4007 882">
    <p class='ocr_par' dir='ltr' id='par_1_13' title="bbox 2429 802 4007 882">
     <span class='ocr_line' id='line_1_13' title="bbox 2429 802 4007 882; baseline 0.009 -27"><span class='ocrx_word' id='word_1_68' title='bbox 2429 802 2615 874; x_wconf 81' lang='grc' dir='ltr'><strong>Κύρου</strong></span> <span class='ocrx_word' id='word_1_69' title='bbox 2649 806 2744 858; x_wconf 88' lang='grc' dir='ltr'><strong>τοῦ</strong></span> <span class='ocrx_word' id='word_1_70' title='bbox 2777 808 3010 877; x_wconf 83' lang='grc' dir='ltr'>Πέρσου.</span> <span class='ocrx_word' id='word_1_71' title='bbox 3051 810 3125 863; x_wconf 77' lang='grc' dir='ltr'>Τὸ</span> <span class='ocrx_word' id='word_1_72' title='bbox 3152 810 3207 862; x_wconf 79' lang='grc' dir='ltr'>δὲ</span> <span class='ocrx_word' id='word_1_73' title='bbox 3244 811 3339 864; x_wconf 76' lang='grc' dir='ltr'><strong>καὶ</strong></span> <span class='ocrx_word' id='word_1_74' title='bbox 3371 815 3497 875; x_wconf 77' lang='grc' dir='ltr'>τοὺς</span> <span class='ocrx_word' id='word_1_75' title='bbox 3528 813 3758 877; x_wconf 82' lang='grc' dir='ltr'>λευκοὺς</span> <span class='ocrx_word' id='word_1_76' title='bbox 3783 816 4007 882; x_wconf 78' lang='grc' dir='ltr'>ἵππους,</span> 
     </span>
    </p>
   </div>
   <div class='ocr_carea' id='block_1_14' title="bbox 2425 896 4009 978">
    <p class='ocr_par' dir='ltr' id='par_1_14' title="bbox 2425 896 4009 978">
     <span class='ocr_line' id='line_1_14' title="bbox 2425 896 4009 978; baseline 0.009 -32"><span class='ocrx_word' id='word_1_77' title='bbox 2425 896 2673 950; x_wconf 80' lang='grc' dir='ltr'><strong>τουτέστι</strong></span> <span class='ocrx_word' id='word_1_78' title='bbox 2698 900 2825 961; x_wconf 84' lang='grc' dir='ltr'>τοὺς</span> <span class='ocrx_word' id='word_1_79' title='bbox 2849 902 3188 967; x_wconf 79' lang='grc' dir='ltr'>Μακεδόνας,</span> <span class='ocrx_word' id='word_1_80' title='bbox 3229 903 3560 958; x_wconf 78' lang='grc' dir='ltr'><strong>κατόπισθεν</strong></span> <span class='ocrx_word' id='word_1_81' title='bbox 3593 910 3703 959; x_wconf 83' lang='grc' dir='ltr'>τῶν</span> <span class='ocrx_word' id='word_1_82' title='bbox 3756 909 4009 978; x_wconf 78' lang='grc' dir='ltr'><strong>μελάνων</strong></span> 
     </span>
    </p>
   </div>
   <div class='ocr_carea' id='block_1_15' title="bbox 2438 989 4012 1072">
    <p class='ocr_par' dir='ltr' id='par_1_15' title="bbox 2438 989 4012 1072">
     <span class='ocr_line' id='line_1_15' title="bbox 2438 989 4012 1072; baseline 0.01 -33"><span class='ocrx_word' id='word_1_83' title='bbox 2438 989 2771 1058; x_wconf 78' lang='grc' dir='ltr'>πορεύεσθαι</span> <span class='ocrx_word' id='word_1_84' title='bbox 2806 995 3061 1064; x_wconf 70' lang='grc' dir='ltr'>σημαίνει</span> <span class='ocrx_word' id='word_1_85' title='bbox 3099 998 3174 1060; x_wconf 87' lang='grc' dir='ltr'>ὼς</span> <span class='ocrx_word' id='word_1_86' title='bbox 3206 999 3301 1051; x_wconf 81' lang='grc' dir='ltr'>καὶ</span> <span class='ocrx_word' id='word_1_87' title='bbox 3334 1000 3711 1062; x_wconf 74' lang='grc' dir='ltr'>οἱΜακεδίνες</span> <span class='ocrx_word' id='word_1_88' title='bbox 3734 1002 3833 1072; x_wconf 74' lang='grc' dir='ltr'><strong>τὴν</strong></span> <span class='ocrx_word' id='word_1_89' title='bbox 3869 1003 4012 1071; x_wconf 82' lang='grc' dir='ltr'>Περ-</span> 
     </span>
    </p>
   </div>
   <div class='ocr_carea' id='block_1_16' title="bbox 755 1081 4012 1169">
    <p class='ocr_par' dir='ltr' id='par_1_16' title="bbox 755 1081 4012 1169">
     <span class='ocr_line' id='line_1_16' title="bbox 755 1081 4012 1169; baseline -0.001 -18"><span class='ocrx_word' id='word_1_90' title='bbox 755 1106 861 1152; x_wconf 78' lang='grc' dir='ltr'><strong>σων</strong></span> <span class='ocrx_word' id='word_1_91' title='bbox 898 1098 1179 1169; x_wconf 62' lang='grc' dir='ltr'>βασιλείαν</span> <span class='ocrx_word' id='word_1_92' title='bbox 1208 1093 1586 1166; x_wconf 78' lang='grc' dir='ltr'>χειρώσονται.</span> <span class='ocrx_word' id='word_1_93' title='bbox 1625 1093 1699 1145; x_wconf 81' lang='grc' dir='ltr'>Τὸ</span> <span class='ocrx_word' id='word_1_94' title='bbox 1737 1093 1794 1145; x_wconf 90' lang='grc' dir='ltr'><strong>δε</strong></span> <span class='ocrx_word' id='word_1_95' title='bbox 1825 1090 1950 1150; x_wconf 78' lang='grc' dir='ltr'>τοὺς</span> <span class='ocrx_word' id='word_1_96' title='bbox 1998 1082 2206 1156; x_wconf 71' lang='grc' dir='ltr'>ψαροὺς</span> <span class='ocrx_word' id='word_1_97' title='bbox 2234 1081 2326 1135; x_wconf 73' lang='grc' dir='ltr'><strong>ἐπὶ</strong></span> <span class='ocrx_word' id='word_1_98' title='bbox 2385 1081 2534 1134; x_wconf 86' lang='grc' dir='ltr'>νότον</span> <span class='ocrx_word' id='word_1_99' title='bbox 2569 1084 2826 1154; x_wconf 79' lang='grc' dir='ltr'>ἔρχεσθαι</span> <span class='ocrx_word' id='word_1_100' title='bbox 2860 1089 3012 1158; x_wconf 85' lang='grc' dir='ltr'>δηλοῖ</span> <span class='ocrx_word' id='word_1_101' title='bbox 3038 1090 3114 1155; x_wconf 86' lang='grc' dir='ltr'>ὠς</span> <span class='ocrx_word' id='word_1_102' title='bbox 3139 1092 3365 1161; x_wconf 79' lang='grc' dir='ltr'>ἔμελλον</span> <span class='ocrx_word' id='word_1_103' title='bbox 3399 1097 3659 1167; x_wconf 80' lang='grc' dir='ltr'>Ῥωμαῖοι</span> <span class='ocrx_word' id='word_1_104' title='bbox 3688 1096 4012 1166; x_wconf 76' lang='grc' dir='ltr'><strong>στρατεύειν</strong></span> 
     </span>
    </p>
   </div>
   <div class='ocr_carea' id='block_1_17' title="bbox 752 1177 4011 1264">
    <p class='ocr_par' dir='ltr' id='par_1_17' title="bbox 752 1177 4011 1264">
     <span class='ocr_line' id='line_1_17' title="bbox 752 1177 4011 1264; baseline 0.006 -38"><span class='ocrx_word' id='word_1_105' title='bbox 752 1196 893 1248; x_wconf 52' lang='grc' dir='ltr'>κατὰ</span> <span class='ocrx_word' id='word_1_106' title='bbox 953 1194 1051 1259; x_wconf 64' lang='grc' dir='ltr'><strong>τῆς</strong></span> <span class='ocrx_word' id='word_1_107' title='bbox 1115 1191 1507 1260; x_wconf 68' lang='grc' dir='ltr'>Ἰερουσαλήμ·</span> <span class='ocrx_word' id='word_1_108' title='bbox 1577 1192 1632 1242; x_wconf 74' lang='grc' dir='ltr'><strong>ὲν</strong></span> <span class='ocrx_word' id='word_1_109' title='bbox 1670 1187 1777 1257; x_wconf 80' lang='grc' dir='ltr'><strong>γὰρ</strong></span> <span class='ocrx_word' id='word_1_110' title='bbox 1836 1184 1912 1254; x_wconf 82' lang='grc' dir='ltr'>τῷ</span> <span class='ocrx_word' id='word_1_111' title='bbox 1951 1183 2089 1251; x_wconf 84' lang='grc' dir='ltr'><strong>νότῳ</strong></span> <span class='ocrx_word' id='word_1_112' title='bbox 2160 1180 2337 1231; x_wconf 84' lang='grc' dir='ltr'>κεῖται</span> <span class='ocrx_word' id='word_1_113' title='bbox 2402 1177 2435 1245; x_wconf 86' lang='grc' dir='ltr'><strong>ἡ</strong></span> <span class='ocrx_word' id='word_1_114' title='bbox 2491 1178 2680 1242; x_wconf 87' lang='grc' dir='ltr'><strong>πόλις·</strong></span> <span class='ocrx_word' id='word_1_115' title='bbox 2729 1182 2791 1236; x_wconf 80' lang='grc' dir='ltr'>τὸ</span> <span class='ocrx_word' id='word_1_116' title='bbox 2837 1183 2894 1237; x_wconf 83' lang='grc' dir='ltr'>δὲ</span> <span class='ocrx_word' id='word_1_117' title='bbox 2929 1187 3371 1259; x_wconf 81' lang='grc' dir='ltr'><strong>προσταχθέντας</strong></span> <span class='ocrx_word' id='word_1_118' title='bbox 3402 1193 3600 1256; x_wconf 83' lang='grc' dir='ltr'>αὐτοὺς</span> <span class='ocrx_word' id='word_1_119' title='bbox 3658 1192 4011 1264; x_wconf 81' lang='grc' dir='ltr'>περιοδεῦσαι</span> 
     </span>
    </p>
   </div>
   <div class='ocr_carea' id='block_1_18' title="bbox 750 1269 2812 1356">
    <p class='ocr_par' dir='ltr' id='par_1_18' title="bbox 750 1269 2812 1356">
     <span class='ocr_line' id='line_1_18' title="bbox 750 1269 2812 1356; baseline -0.006 -17"><span class='ocrx_word' id='word_1_120' title='bbox 750 1288 850 1356; x_wconf 77' lang='grc' dir='ltr'><strong>τὴν</strong></span> <span class='ocrx_word' id='word_1_121' title='bbox 877 1288 978 1356; x_wconf 73' lang='grc' dir='ltr'>γῆν</span> <span class='ocrx_word' id='word_1_122' title='bbox 1010 1284 1251 1338; x_wconf 80' lang='grc' dir='ltr'>διδάσκει</span> <span class='ocrx_word' id='word_1_123' title='bbox 1274 1283 1434 1337; x_wconf 83' lang='grc' dir='ltr'>πάλιν</span> <span class='ocrx_word' id='word_1_124' title='bbox 1473 1284 1546 1345; x_wconf 84' lang='grc' dir='ltr'><strong>ὡς</strong></span> <span class='ocrx_word' id='word_1_125' title='bbox 1576 1282 1660 1335; x_wconf 67' lang='grc' dir='ltr'><strong>διὰ</strong></span> <span class='ocrx_word' id='word_1_126' title='bbox 1684 1280 1778 1332; x_wconf 88' lang='grc' dir='ltr'><strong>τοῦ</strong></span> <span class='ocrx_word' id='word_1_127' title='bbox 1817 1277 1951 1329; x_wconf 84' lang='grc' dir='ltr'>Θεοῦ</span> <span class='ocrx_word' id='word_1_128' title='bbox 2014 1276 2165 1329; x_wconf 81' lang='grc' dir='ltr'>πᾶσα</span> <span class='ocrx_word' id='word_1_129' title='bbox 2212 1269 2451 1341; x_wconf 80' lang='grc' dir='ltr'>βασιλεία</span> <span class='ocrx_word' id='word_1_130' title='bbox 2476 1272 2812 1335; x_wconf 80' lang='grc' dir='ltr'>συνίσταται.</span> 
     </span>
    </p>
   </div>
   <div class='ocr_carea' id='block_1_19' title="bbox 829 1368 2327 1446">
    <p class='ocr_par' dir='ltr' id='par_1_19' title="bbox 829 1368 2327 1446">
     <span class='ocr_line' id='line_1_19' title="bbox 829 1368 2327 1446; baseline -0.009 -15"><span class='ocrx_word' id='word_1_131' title='bbox 829 1380 910 1432; x_wconf 79' lang='lat' dir='ltr'><strong>Ab</strong></span> <span class='ocrx_word' id='word_1_132' title='bbox 959 1379 1168 1432; x_wconf 85' lang='lat' dir='ltr'><strong>Adamo</strong></span> <span class='ocrx_word' id='word_1_133' title='bbox 1234 1394 1405 1446; x_wconf 75' lang='lat' dir='ltr'><strong>usque</strong></span> <span class='ocrx_word' id='word_1_134' title='bbox 1457 1377 1523 1430; x_wconf 91' lang='lat' dir='ltr'><strong>ad</strong></span> <span class='ocrx_word' id='word_1_135' title='bbox 1576 1384 1875 1428; x_wconf 76' lang='lat' dir='ltr'><strong>extremum</strong></span> <span class='ocrx_word' id='word_1_136' title='bbox 1932 1368 2327 1436; x_wconf 63' lang='lat' dir='ltr'><strong>Hierosolyma:</strong></span> 
     </span>
    </p>
   </div>
   <div class='ocr_carea' id='block_1_20' title="bbox 753 1456 2326 1537">
    <p class='ocr_par' dir='ltr' id='par_1_20' title="bbox 753 1456 2326 1537">
     <span class='ocr_line' id='line_1_20' title="bbox 753 1456 2326 1537; baseline -0.012 -13"><span class='ocrx_word' id='word_1_137' title='bbox 753 1470 1027 1524; x_wconf 76' lang='lat' dir='ltr'><strong>excidium</strong></span> <span class='ocrx_word' id='word_1_138' title='bbox 1068 1476 1448 1537; x_wconf 88' lang='lat' dir='ltr'><strong>supputantur</strong></span> <span class='ocrx_word' id='word_1_139' title='bbox 1477 1479 1748 1518; x_wconf 87' lang='lat' dir='ltr'><strong>annorum</strong></span> <span class='ocrx_word' id='word_1_140' title='bbox 1801 1466 2045 1529; x_wconf 71' lang='lat' dir='ltr'><strong>(minque</strong></span> <span class='ocrx_word' id='word_1_141' title='bbox 2073 1456 2239 1511; x_wconf 84' lang='lat' dir='ltr'><strong>millia</strong></span> <span class='ocrx_word' id='word_1_142' title='bbox 2272 1462 2326 1506; x_wconf 88' lang='lat' dir='ltr'><strong>et</strong></span> 
     </span>
    </p>
   </div>
   <div class='ocr_carea' id='block_1_21' title="bbox 756 1546 2324 1630">
    <p class='ocr_par' dir='ltr' id='par_1_21' title="bbox 756 1546 2324 1630">
     <span class='ocr_line' id='line_1_21' title="bbox 756 1546 2324 1630; baseline -0.009 -18"><span class='ocrx_word' id='word_1_143' title='bbox 756 1560 974 1614; x_wconf 75' lang='lat' dir='ltr'><strong>ducenti</strong></span> <span class='ocrx_word' id='word_1_144' title='bbox 1006 1568 1285 1630; x_wconf 79' lang='lat' dir='ltr'><strong>sexaginta</strong></span> <span class='ocrx_word' id='word_1_145' title='bbox 1316 1558 1448 1615; x_wconf 81' lang='lat' dir='ltr'><strong>duo,</strong></span> <span class='ocrx_word' id='word_1_146' title='bbox 1477 1571 1506 1609; x_wconf 88' lang='lat' dir='ltr'><strong>a</strong></span> <span class='ocrx_word' id='word_1_147' title='bbox 1558 1556 1730 1623; x_wconf 86' lang='lat' dir='ltr'><strong>prima</strong></span> <span class='ocrx_word' id='word_1_148' title='bbox 1774 1551 1961 1620; x_wconf 90' lang='lat' dir='ltr'><strong>templi</strong></span> <span class='ocrx_word' id='word_1_149' title='bbox 2012 1546 2324 1603; x_wconf 86' lang='lat' dir='ltr'><strong>Solomonis</strong></span> 
     </span>
    </p>
   </div>
   <div class='ocr_carea' id='block_1_22' title="bbox 756 1638 2326 1709">
    <p class='ocr_par' dir='ltr' id='par_1_22' title="bbox 756 1638 2326 1709">
     <span class='ocr_line' id='line_1_22' title="bbox 756 1638 2326 1709; baseline -0.011 -2"><span class='ocrx_word' id='word_1_150' title='bbox 756 1666 809 1707; x_wconf 87' lang='lat' dir='ltr'><strong>et</strong></span> <span class='ocrx_word' id='word_1_151' title='bbox 840 1654 992 1707; x_wconf 82' lang='lat' dir='ltr'><strong>urbis</strong></span> <span class='ocrx_word' id='word_1_152' title='bbox 1026 1652 1384 1707; x_wconf 80' lang='lat' dir='ltr'><strong>aediﬁcatione</strong></span> <span class='ocrx_word' id='word_1_153' title='bbox 1425 1649 1553 1709; x_wconf 89' lang='lat' dir='ltr'><strong>anni</strong></span> <span class='ocrx_word' id='word_1_154' title='bbox 1606 1646 1762 1708; x_wconf 75' lang='lat'>1088,</span> <span class='ocrx_word' id='word_1_155' title='bbox 1814 1644 1882 1696; x_wconf 89' lang='lat' dir='ltr'><strong>ab</strong></span> <span class='ocrx_word' id='word_1_156' title='bbox 1928 1638 2326 1695; x_wconf 87' lang='lat' dir='ltr'><strong>instauratione</strong></span> 
     </span>
    </p>
   </div>
   <div class='ocr_carea' id='block_1_23' title="bbox 759 1727 2322 1811">
    <p class='ocr_par' dir='ltr' id='par_1_23' title="bbox 759 1727 2322 1811">
     <span class='ocr_line' id='line_1_23' title="bbox 759 1727 2322 1811; baseline -0.013 -12"><span class='ocrx_word' id='word_1_157' title='bbox 759 1745 862 1799; x_wconf 74' lang='grc'><strong>596</strong></span> <span class='ocrx_word' id='word_1_158' title='bbox 893 1745 1041 1807; x_wconf 85' lang='lat' dir='ltr'><strong>anni,</strong></span> <span class='ocrx_word' id='word_1_159' title='bbox 1073 1743 1139 1795; x_wconf 92' lang='lat' dir='ltr'><strong>ab</strong></span> <span class='ocrx_word' id='word_1_160' title='bbox 1166 1739 1570 1811; x_wconf 83' lang='lat' dir='ltr'><strong>oppugnatione</strong></span> <span class='ocrx_word' id='word_1_161' title='bbox 1604 1735 1860 1788; x_wconf 78' lang='lat' dir='ltr'><strong>Antiochi</strong></span> <span class='ocrx_word' id='word_1_162' title='bbox 1899 1732 2028 1793; x_wconf 68' lang='lat'><strong>248,</strong></span> <span class='ocrx_word' id='word_1_163' title='bbox 2057 1745 2084 1782; x_wconf 92' lang='lat' dir='ltr'><strong>a</strong></span> <span class='ocrx_word' id='word_1_164' title='bbox 2120 1727 2322 1783; x_wconf 79' lang='lat' dir='ltr'><strong>Christi</strong></span> 
     </span>
    </p>
   </div>
   <div class='ocr_carea' id='block_1_24' title="bbox 756 1820 2328 1899">
    <p class='ocr_par' dir='ltr' id='par_1_24' title="bbox 756 1820 2328 1899">
     <span class='ocr_line' id='line_1_24' title="bbox 756 1820 2328 1899; baseline -0.014 -9"><span class='ocrx_word' id='word_1_165' title='bbox 756 1842 811 1890; x_wconf 83' lang='lat' dir='ltr'><strong>in</strong></span> <span class='ocrx_word' id='word_1_166' title='bbox 846 1836 1043 1889; x_wconf 69' lang='lat' dir='ltr'><strong>uelum</strong></span> <span class='ocrx_word' id='word_1_167' title='bbox 1077 1848 1313 1887; x_wconf 71' lang='lat' dir='ltr'><strong>ascensu</strong></span> <span class='ocrx_word' id='word_1_168' title='bbox 1375 1846 1547 1899; x_wconf 87' lang='lat' dir='ltr'><strong>usque</strong></span> <span class='ocrx_word' id='word_1_169' title='bbox 1585 1828 1649 1882; x_wconf 87' lang='lat' dir='ltr'><strong>ad</strong></span> <span class='ocrx_word' id='word_1_170' title='bbox 1687 1826 1959 1881; x_wconf 75' lang='lat' dir='ltr'><strong>excidium</strong></span> <span class='ocrx_word' id='word_1_171' title='bbox 2024 1822 2175 1876; x_wconf 89' lang='lat' dir='ltr'><strong>urbis</strong></span> <span class='ocrx_word' id='word_1_172' title='bbox 2229 1820 2328 1873; x_wconf 86' lang='lat' dir='ltr'><strong>sub</strong></span> 
     </span>
    </p>
   </div>
   <div class='ocr_carea' id='block_1_25' title="bbox 760 1926 1156 1982">
    <p class='ocr_par' dir='ltr' id='par_1_25' title="bbox 760 1926 1156 1982">
     <span class='ocr_line' id='line_1_25' title="bbox 760 1926 1156 1982; baseline -0.013 0"><span class='ocrx_word' id='word_1_173' title='bbox 760 1929 882 1982; x_wconf 85' lang='lat' dir='ltr'><strong>Tito</strong></span> <span class='ocrx_word' id='word_1_174' title='bbox 909 1926 1035 1979; x_wconf 88' lang='lat' dir='ltr'><strong>anui</strong></span> <span class='ocrx_word' id='word_1_175' title='bbox 1067 1926 1156 1978; x_wconf 67' lang='grc'><strong>4⁵2.</strong></span> 
     </span>
    </p>
   </div>
   <div class='ocr_carea' id='block_1_26' title="bbox 832 2008 2330 2083">
    <p class='ocr_par' dir='ltr' id='par_1_26' title="bbox 832 2008 2330 2083">
     <span class='ocr_line' id='line_1_26' title="bbox 832 2008 2330 2083; baseline -0.013 -8"><span class='ocrx_word' id='word_1_176' title='bbox 832 2022 1018 2076; x_wconf 89' lang='lat' dir='ltr'><strong>Tertio</strong></span> <span class='ocrx_word' id='word_1_177' title='bbox 1039 2034 1183 2072; x_wconf 90' lang='lat' dir='ltr'><strong>anno</strong></span> <span class='ocrx_word' id='word_1_178' title='bbox 1216 2016 1321 2070; x_wconf 86' lang='lat' dir='ltr'><strong>Titi</strong></span> <span class='ocrx_word' id='word_1_179' title='bbox 1356 2012 1678 2083; x_wconf 80' lang='lat' dir='ltr'><strong>Vespasiani</strong></span> <span class='ocrx_word' id='word_1_180' title='bbox 1722 2010 1840 2073; x_wconf 89' lang='lat' dir='ltr'><strong>ﬁlii,</strong></span> <span class='ocrx_word' id='word_1_181' title='bbox 1889 2008 2119 2062; x_wconf 81' lang='lat' dir='ltr'><strong>Beshius</strong></span> <span class='ocrx_word' id='word_1_182' title='bbox 2172 2020 2330 2058; x_wconf 90' lang='lat' dir='ltr'><strong>mons</strong></span> 
     </span>
    </p>
   </div>
   <div class='ocr_carea' id='block_1_27' title="bbox 760 2099 2331 2185">
    <p class='ocr_par' dir='ltr' id='par_1_27' title="bbox 760 2099 2331 2185">
     <span class='ocr_line' id='line_1_27' title="bbox 760 2099 2331 2185; baseline -0.011 -16"><span class='ocrx_word' id='word_1_183' title='bbox 760 2118 814 2169; x_wconf 90' lang='lat' dir='ltr'><strong>in</strong></span> <span class='ocrx_word' id='word_1_184' title='bbox 846 2130 1043 2168; x_wconf 81' lang='lat' dir='ltr'><strong>occasu</strong></span> <span class='ocrx_word' id='word_1_185' title='bbox 1084 2127 1112 2165; x_wconf 90' lang='lat' dir='ltr'><strong>a</strong></span> <span class='ocrx_word' id='word_1_186' title='bbox 1148 2111 1347 2165; x_wconf 84' lang='lat' dir='ltr'><strong>vertice</strong></span> <span class='ocrx_word' id='word_1_187' title='bbox 1394 2121 1608 2185; x_wconf 67' lang='lat' dir='ltr'><strong>summo</strong></span> <span class='ocrx_word' id='word_1_188' title='bbox 1667 2112 1858 2173; x_wconf 92' lang='lat' dir='ltr'><strong>ruptus</strong></span> <span class='ocrx_word' id='word_1_189' title='bbox 1924 2110 2135 2155; x_wconf 90' lang='lat' dir='ltr'><strong>tantum</strong></span> <span class='ocrx_word' id='word_1_190' title='bbox 2193 2099 2331 2168; x_wconf 83' lang='lat' dir='ltr'><strong>ignis</strong></span> 
     </span>
    </p>
   </div>
   <div class='ocr_carea' id='block_1_28' title="bbox 763 2190 2331 2269">
    <p class='ocr_par' dir='ltr' id='par_1_28' title="bbox 763 2190 2331 2269">
     <span class='ocr_line' id='line_1_28' title="bbox 763 2190 2331 2269; baseline -0.014 -6"><span class='ocrx_word' id='word_1_191' title='bbox 763 2207 982 2267; x_wconf 80' lang='lat' dir='ltr'><strong>eﬂlavit,</strong></span> <span class='ocrx_word' id='word_1_192' title='bbox 1060 2212 1119 2259; x_wconf 90' lang='lat' dir='ltr'><strong>ut</strong></span> <span class='ocrx_word' id='word_1_193' title='bbox 1186 2218 1251 2257; x_wconf 92' lang='lat' dir='ltr'><strong>eo</strong></span> <span class='ocrx_word' id='word_1_194' title='bbox 1319 2200 1467 2269; x_wconf 80' lang='lat' dir='ltr'><strong>regio</strong></span> <span class='ocrx_word' id='word_1_195' title='bbox 1538 2196 1811 2264; x_wconf 81' lang='lat' dir='ltr'><strong>urbesque</strong></span> <span class='ocrx_word' id='word_1_196' title='bbox 1875 2190 2331 2260; x_wconf 80' lang='lat' dir='ltr'><strong>cireumjacentes</strong></span> 
     </span>
    </p>
   </div>
   <div class='ocr_carea' id='block_1_29' title="bbox 765 2280 2333 2358">
    <p class='ocr_par' dir='ltr' id='par_1_29' title="bbox 765 2280 2333 2358">
     <span class='ocr_line' id='line_1_29' title="bbox 765 2280 2333 2358; baseline -0.011 -6"><span class='ocrx_word' id='word_1_197' title='bbox 765 2303 1002 2353; x_wconf 79' lang='lat' dir='ltr'><strong>incensa:</strong></span> <span class='ocrx_word' id='word_1_198' title='bbox 1036 2296 1257 2349; x_wconf 77' lang='lat' dir='ltr'><strong>fuerint.</strong></span> <span class='ocrx_word' id='word_1_199' title='bbox 1284 2290 1440 2358; x_wconf 87' lang='lat' dir='ltr'><strong>Quod</strong></span> <span class='ocrx_word' id='word_1_200' title='bbox 1471 2304 1596 2343; x_wconf 86' lang='lat' dir='ltr'><strong>cum</strong></span> <span class='ocrx_word' id='word_1_201' title='bbox 1635 2288 1898 2341; x_wconf 90' lang='lat' dir='ltr'><strong>vidissent</strong></span> <span class='ocrx_word' id='word_1_202' title='bbox 1944 2283 2149 2347; x_wconf 43' lang='lat' dir='ltr'><strong>Graeci,</strong></span> <span class='ocrx_word' id='word_1_203' title='bbox 2173 2280 2333 2335; x_wconf 87' lang='lat' dir='ltr'><strong>vehe-</strong></span> 
     </span>
    </p>
   </div>
   <div class='ocr_carea' id='block_1_30' title="bbox 766 2373 2330 2453">
    <p class='ocr_par' dir='ltr' id='par_1_30' title="bbox 766 2373 2330 2453">
     <span class='ocr_line' id='line_1_30' title="bbox 766 2373 2330 2453; baseline -0.015 -7"><span class='ocrx_word' id='word_1_204' title='bbox 766 2398 977 2446; x_wconf 85' lang='lat' dir='ltr'><strong>menter</strong></span> <span class='ocrx_word' id='word_1_205' title='bbox 1010 2386 1285 2451; x_wconf 65' lang='lat' dir='ltr'><strong>admirati,</strong></span> <span class='ocrx_word' id='word_1_206' title='bbox 1334 2382 1601 2453; x_wconf 88' lang='lat' dir='ltr'><strong>quosdam</strong></span> <span class='ocrx_word' id='word_1_207' title='bbox 1641 2378 2076 2433; x_wconf 88' lang='lat' dir='ltr'><strong>Christianorum</strong></span> <span class='ocrx_word' id='word_1_208' title='bbox 2132 2373 2330 2442; x_wconf 90' lang='lat' dir='ltr'><strong>prima-</strong></span> 
     </span>
    </p>
   </div>
   <div class='ocr_carea' id='block_1_31' title="bbox 766 2465 2333 2551">
    <p class='ocr_par' dir='ltr' id='par_1_31' title="bbox 766 2465 2333 2551">
     <span class='ocr_line' id='line_1_31' title="bbox 766 2465 2333 2551; baseline -0.013 -12"><span class='ocrx_word' id='word_1_209' title='bbox 766 2486 879 2539; x_wconf 88' lang='lat' dir='ltr'><strong>rios</strong></span> <span class='ocrx_word' id='word_1_210' title='bbox 909 2485 1321 2551; x_wconf 81' lang='lat' dir='ltr'><strong>interrogarunt</strong></span> <span class='ocrx_word' id='word_1_211' title='bbox 1346 2491 1582 2548; x_wconf 86' lang='lat' dir='ltr'><strong>quonam</strong></span> <span class='ocrx_word' id='word_1_212' title='bbox 1617 2472 1780 2527; x_wconf 89' lang='lat' dir='ltr'><strong>tnodo</strong></span> <span class='ocrx_word' id='word_1_213' title='bbox 1819 2480 1979 2539; x_wconf 82' lang='lat' dir='ltr'><strong>atque</strong></span> <span class='ocrx_word' id='word_1_214' title='bbox 2018 2466 2162 2520; x_wconf 91' lang='lat' dir='ltr'><strong>unde</strong></span> <span class='ocrx_word' id='word_1_215' title='bbox 2192 2465 2333 2533; x_wconf 80' lang='lat' dir='ltr'><strong>ignis</strong></span> 
     </span>
    </p>
   </div>
   <div class='ocr_carea' id='block_1_32' title="bbox 767 2557 2335 2646">
    <p class='ocr_par' dir='ltr' id='par_1_32' title="bbox 767 2557 2335 2646">
     <span class='ocr_line' id='line_1_32' title="bbox 767 2557 2335 2646; baseline -0.017 -13"><span class='ocrx_word' id='word_1_216' title='bbox 767 2594 829 2633; x_wconf 75' lang='lat' dir='ltr'><strong>ex</strong></span> <span class='ocrx_word' id='word_1_217' title='bbox 867 2574 1246 2646; x_wconf 84' lang='lat' dir='ltr'><strong>penetralibus</strong></span> <span class='ocrx_word' id='word_1_218' title='bbox 1279 2579 1439 2624; x_wconf 67' lang='lat' dir='ltr'><strong>terra:</strong></span> <span class='ocrx_word' id='word_1_219' title='bbox 1479 2565 1774 2634; x_wconf 87' lang='lat' dir='ltr'><strong>erupisset.</strong></span> <span class='ocrx_word' id='word_1_220' title='bbox 1809 2560 1873 2614; x_wconf 88' lang='lat' dir='ltr'><strong>Hi</strong></span> <span class='ocrx_word' id='word_1_221' title='bbox 1932 2557 2335 2627; x_wconf 77' lang='lat' dir='ltr'><strong>reSponderunt</strong></span> 
     </span>
    </p>
   </div>
   <div class='ocr_carea' id='block_1_33' title="bbox 767 2654 2335 2727">
    <p class='ocr_par' dir='ltr' id='par_1_33' title="bbox 767 2654 2335 2727">
     <span class='ocr_line' id='line_1_33' title="bbox 767 2654 2335 2727; baseline -0.014 -4"><span class='ocrx_word' id='word_1_222' title='bbox 767 2683 892 2723; x_wconf 88' lang='lat' dir='ltr'><strong>eum</strong></span> <span class='ocrx_word' id='word_1_223' title='bbox 918 2662 1393 2719; x_wconf 82' lang='lat' dir='ltr'><strong>admonendorum</strong></span> <span class='ocrx_word' id='word_1_224' title='bbox 1454 2654 1847 2727; x_wconf 69' lang='lat' dir='ltr'><strong>resipiscentiaa</strong></span> <span class='ocrx_word' id='word_1_225' title='bbox 1888 2668 2054 2706; x_wconf 87' lang='lat' dir='ltr'><strong>causa</strong></span> <span class='ocrx_word' id='word_1_226' title='bbox 2084 2659 2335 2720; x_wconf 82' lang='lat' dir='ltr'><strong>peceato-</strong></span> 
     </span>
    </p>
   </div>
   <div class='ocr_carea' id='block_1_34' title="bbox 772 2741 2337 2818">
    <p class='ocr_par' dir='ltr' id='par_1_34' title="bbox 772 2741 2337 2818">
     <span class='ocr_line' id='line_1_34' title="bbox 772 2741 2337 2818; baseline -0.012 -7"><span class='ocrx_word' id='word_1_227' title='bbox 772 2773 891 2811; x_wconf 87' lang='lat' dir='ltr'><strong>rum</strong></span> <span class='ocrx_word' id='word_1_228' title='bbox 916 2756 1120 2811; x_wconf 86' lang='lat' dir='ltr'><strong>editum</strong></span> <span class='ocrx_word' id='word_1_229' title='bbox 1148 2754 1318 2806; x_wconf 78' lang='lat' dir='ltr'><strong>fuisse</strong></span> <span class='ocrx_word' id='word_1_230' title='bbox 1339 2767 1402 2805; x_wconf 82' lang='lat' dir='ltr'><strong>cx</strong></span> <span class='ocrx_word' id='word_1_231' title='bbox 1428 2750 1695 2818; x_wconf 79' lang='lat' dir='ltr'><strong>gehenna,</strong></span> <span class='ocrx_word' id='word_1_232' title='bbox 1718 2760 1840 2815; x_wconf 68' lang='lat' dir='ltr'><strong>quae</strong></span> <span class='ocrx_word' id='word_1_233' title='bbox 1860 2743 2076 2798; x_wconf 88' lang='lat' dir='ltr'><strong>diabolo</strong></span> <span class='ocrx_word' id='word_1_234' title='bbox 2111 2741 2337 2809; x_wconf 82' lang='lat' dir='ltr'><strong>ejusque</strong></span> 
     </span>
    </p>
   </div>
   <div class='ocr_carea' id='block_1_35' title="bbox 770 2832 2337 2919">
    <p class='ocr_par' dir='ltr' id='par_1_35' title="bbox 770 2832 2337 2919">
     <span class='ocr_line' id='line_1_35' title="bbox 770 2832 2337 2919; baseline -0.012 -14"><span class='ocrx_word' id='word_1_235' title='bbox 770 2851 979 2919; x_wconf 78' lang='lat' dir='ltr'><strong>angelis</strong></span> <span class='ocrx_word' id='word_1_236' title='bbox 1017 2857 1069 2903; x_wconf 91' lang='lat' dir='ltr'><strong>et</strong></span> <span class='ocrx_word' id='word_1_237' title='bbox 1105 2845 1356 2900; x_wconf 89' lang='lat' dir='ltr'><strong>omnibus</strong></span> <span class='ocrx_word' id='word_1_238' title='bbox 1416 2839 1795 2914; x_wconf 84' lang='lat' dir='ltr'><strong>peccatoribus</strong></span> <span class='ocrx_word' id='word_1_239' title='bbox 1828 2845 2015 2907; x_wconf 87' lang='lat' dir='ltr'><strong>parata</strong></span> <span class='ocrx_word' id='word_1_240' title='bbox 2037 2842 2137 2889; x_wconf 80' lang='lat' dir='ltr'><strong>est.</strong></span> <span class='ocrx_word' id='word_1_241' title='bbox 2174 2832 2337 2901; x_wconf 75' lang='lat' dir='ltr'><strong>quue</strong></span> 
     </span>
    </p>
   </div>
   <div class='ocr_carea' id='block_1_36' title="bbox 768 2928 2334 3000">
    <p class='ocr_par' dir='ltr' id='par_1_36' title="bbox 768 2928 2334 3000">
     <span class='ocr_line' id='line_1_36' title="bbox 768 2928 2334 3000; baseline -0.015 -3"><span class='ocrx_word' id='word_1_242' title='bbox 768 2942 1121 2997; x_wconf 81' lang='lat' dir='ltr'><strong>manifestum</strong></span> <span class='ocrx_word' id='word_1_243' title='bbox 1150 2954 1274 2994; x_wconf 87' lang='lat' dir='ltr'><strong>esse</strong></span> <span class='ocrx_word' id='word_1_244' title='bbox 1297 2936 1461 2992; x_wconf 88' lang='lat' dir='ltr'><strong>etiam</strong></span> <span class='ocrx_word' id='word_1_245' title='bbox 1486 2950 1551 2987; x_wconf 76' lang='lat' dir='ltr'><strong>ex</strong></span> <span class='ocrx_word' id='word_1_246' title='bbox 1585 2934 1670 2987; x_wconf 85' lang='lat' dir='ltr'><strong>his</strong></span> <span class='ocrx_word' id='word_1_247' title='bbox 1693 2946 1814 3000; x_wconf 70' lang='lat' dir='ltr'><strong>quae</strong></span> <span class='ocrx_word' id='word_1_248' title='bbox 1843 2928 2071 2985; x_wconf 90' lang='lat' dir='ltr'><strong>celebris</strong></span> <span class='ocrx_word' id='word_1_249' title='bbox 2094 2928 2334 2994; x_wconf 82' lang='lat' dir='ltr'><strong>ipsorum</strong></span> 
     </span>
    </p>
   </div>
   <div class='ocr_carea' id='block_1_37' title="bbox 768 3016 2337 3090">
    <p class='ocr_par' dir='ltr' id='par_1_37' title="bbox 768 3016 2337 3090">
     <span class='ocr_line' id='line_1_37' title="bbox 768 3016 2337 3090; baseline -0.015 0"><span class='ocrx_word' id='word_1_250' title='bbox 768 3036 961 3090; x_wconf 88' lang='lat' dir='ltr'><strong>doctor</strong></span> <span class='ocrx_word' id='word_1_251' title='bbox 1000 3032 1149 3087; x_wconf 81' lang='lat' dir='ltr'><strong>Plato</strong></span> <span class='ocrx_word' id='word_1_252' title='bbox 1188 3031 1241 3083; x_wconf 91' lang='lat' dir='ltr'><strong>in</strong></span> <span class='ocrx_word' id='word_1_253' title='bbox 1291 3027 1553 3082; x_wconf 66' lang='lat' dir='ltr'><strong>Phaedone</strong></span> <span class='ocrx_word' id='word_1_254' title='bbox 1594 3025 1661 3079; x_wconf 90' lang='lat' dir='ltr'><strong>de</strong></span> <span class='ocrx_word' id='word_1_255' title='bbox 1692 3022 1996 3077; x_wconf 87' lang='lat' dir='ltr'><strong>animarqu</strong></span> <span class='ocrx_word' id='word_1_256' title='bbox 2052 3016 2337 3070; x_wconf 79' lang='lat' dir='ltr'><strong>ordinibus</strong></span> 
     </span>
    </p>
   </div>
   <div class='ocr_carea' id='block_1_38' title="bbox 770 3106 2339 3194">
    <p class='ocr_par' dir='ltr' id='par_1_38' title="bbox 770 3106 2339 3194">
     <span class='ocr_line' id='line_1_38' title="bbox 770 3106 2339 3194; baseline -0.013 -15"><span class='ocrx_word' id='word_1_257' title='bbox 770 3137 941 3194; x_wconf 86' lang='lat' dir='ltr'><strong>atque</strong></span> <span class='ocrx_word' id='word_1_258' title='bbox 975 3132 1122 3177; x_wconf 85' lang='lat' dir='ltr'><strong>statu</strong></span> <span class='ocrx_word' id='word_1_259' title='bbox 1156 3126 1364 3185; x_wconf 86' lang='lat' dir='ltr'><strong>narrat,</strong></span> <span class='ocrx_word' id='word_1_260' title='bbox 1415 3117 1674 3171; x_wconf 87' lang='lat' dir='ltr'><strong>nimirqu</strong></span> <span class='ocrx_word' id='word_1_261' title='bbox 1715 3128 1810 3167; x_wconf 90' lang='lat' dir='ltr'><strong>eos</strong></span> <span class='ocrx_word' id='word_1_262' title='bbox 1851 3110 1940 3180; x_wconf 91' lang='lat' dir='ltr'><strong>qui</strong></span> <span class='ocrx_word' id='word_1_263' title='bbox 1976 3108 2114 3162; x_wconf 90' lang='lat' dir='ltr'><strong>male</strong></span> <span class='ocrx_word' id='word_1_264' title='bbox 2173 3106 2339 3159; x_wconf 73' lang='lat' dir='ltr'><strong>vixis-</strong></span> 
     </span>
    </p>
   </div>
   <div class='ocr_carea' id='block_1_39' title="bbox 770 3200 2340 3282">
    <p class='ocr_par' dir='ltr' id='par_1_39' title="bbox 770 3200 2340 3282">
     <span class='ocr_line' id='line_1_39' title="bbox 770 3200 2340 3282; baseline -0.014 -11"><span class='ocrx_word' id='word_1_265' title='bbox 770 3227 914 3281; x_wconf 79' lang='lat' dir='ltr'><strong>sent,</strong></span> <span class='ocrx_word' id='word_1_266' title='bbox 938 3217 989 3268; x_wconf 90' lang='lat' dir='ltr'><strong>in</strong></span> <span class='ocrx_word' id='word_1_267' title='bbox 1022 3214 1228 3282; x_wconf 58' lang='grc' dir='ltr'><strong>(ἰοί-ςιο</strong></span> <span class='ocrx_word' id='word_1_268' title='bbox 1250 3211 1431 3279; x_wconf 79' lang='lat' dir='ltr'><strong>igneo,</strong></span> <span class='ocrx_word' id='word_1_269' title='bbox 1459 3204 1849 3276; x_wconf 73' lang='lat' dir='ltr'><strong>Phlegethonte</strong></span> <span class='ocrx_word' id='word_1_270' title='bbox 1873 3212 1926 3255; x_wconf 90' lang='lat' dir='ltr'><strong>et</strong></span> <span class='ocrx_word' id='word_1_271' title='bbox 1958 3200 2188 3254; x_wconf 87' lang='lat' dir='ltr'><strong>Tartaro</strong></span> <span class='ocrx_word' id='word_1_272' title='bbox 2210 3212 2340 3266; x_wconf 86' lang='lat' dir='ltr'><strong>sup-</strong></span> 
     </span>
    </p>
   </div>
   <div class='ocr_carea' id='block_1_40' title="bbox 2503 1363 4015 1447">
    <p class='ocr_par' dir='ltr' id='par_1_40' title="bbox 2503 1363 4015 1447">
     <span class='ocr_line' id='line_1_40' title="bbox 2503 1363 4015 1447; baseline 0.01 -31"><span class='ocrx_word' id='word_1_273' title='bbox 2503 1363 2746 1421; x_wconf 75' lang='grc' dir='ltr'>Γίνονται</span> <span class='ocrx_word' id='word_1_274' title='bbox 2780 1366 2872 1422; x_wconf 73' lang='grc' dir='ltr'><strong>οῦν</strong></span> <span class='ocrx_word' id='word_1_275' title='bbox 2900 1371 3007 1424; x_wconf 81' lang='grc' dir='ltr'>ἀπὸ</span> <span class='ocrx_word' id='word_1_276' title='bbox 3030 1373 3121 1425; x_wconf 90' lang='grc' dir='ltr'><strong>τοῦ</strong></span> <span class='ocrx_word' id='word_1_277' title='bbox 3158 1374 3325 1445; x_wconf 82' lang='grc' dir='ltr'>Ἀδὰμ</span> <span class='ocrx_word' id='word_1_278' title='bbox 3351 1374 3454 1439; x_wconf 80' lang='grc' dir='ltr'>ἕως</span> <span class='ocrx_word' id='word_1_279' title='bbox 3480 1377 3575 1447; x_wconf 76' lang='grc' dir='ltr'>τῆς</span> <span class='ocrx_word' id='word_1_280' title='bbox 3602 1378 3837 1447; x_wconf 79' lang='grc' dir='ltr'>ἐσχάτης</span> <span class='ocrx_word' id='word_1_281' title='bbox 3870 1377 4015 1431; x_wconf 81' lang='grc' dir='ltr'>ἀλώ-</span> 
     </span>
    </p>
   </div>
   <div class='ocr_carea' id='block_1_41' title="bbox 2436 1457 4010 1540">
    <p class='ocr_par' dir='ltr' id='par_1_41' title="bbox 2436 1457 4010 1540">
     <span class='ocr_line' id='line_1_41' title="bbox 2436 1457 4010 1540; baseline 0.011 -33"><span class='ocrx_word' id='word_1_282' title='bbox 2436 1472 2573 1519; x_wconf 86' lang='grc' dir='ltr'>σεως</span> <span class='ocrx_word' id='word_1_283' title='bbox 2611 1457 2964 1534; x_wconf 74' lang='grc' dir='ltr'>Ἰερουσαλὴμ</span> <span class='ocrx_word' id='word_1_284' title='bbox 2992 1464 3086 1534; x_wconf 83' lang='grc' dir='ltr'>ἔτη</span> <span class='ocrx_word' id='word_1_285' title='bbox 3111 1467 3289 1537; x_wconf 50' lang='grc' dir='ltr'>,εσξβκ</span> <span class='ocrx_word' id='word_1_286' title='bbox 3323 1468 3429 1520; x_wconf 80' lang='grc' dir='ltr'>ἀπὸ</span> <span class='ocrx_word' id='word_1_287' title='bbox 3474 1469 3529 1521; x_wconf 84' lang='grc' dir='ltr'>δὲ</span> <span class='ocrx_word' id='word_1_288' title='bbox 3551 1474 3649 1539; x_wconf 78' lang='grc' dir='ltr'>τῆς</span> <span class='ocrx_word' id='word_1_289' title='bbox 3678 1470 3898 1540; x_wconf 79' lang='grc' dir='ltr'>πρώτης</span> <span class='ocrx_word' id='word_1_290' title='bbox 3930 1472 4010 1523; x_wconf 79' lang='lat' dir='ltr'><strong>ot-</strong></span> 
     </span>
    </p>
   </div>
   <div class='ocr_carea' id='block_1_42' title="bbox 2434 1549 4009 1631">
    <p class='ocr_par' dir='ltr' id='par_1_42' title="bbox 2434 1549 4009 1631">
     <span class='ocr_line' id='line_1_42' title="bbox 2434 1549 4009 1631; baseline 0.01 -31"><span class='ocrx_word' id='word_1_291' title='bbox 2434 1549 2669 1620; x_wconf 79' lang='grc' dir='ltr'>κοδομῆς</span> <span class='ocrx_word' id='word_1_292' title='bbox 2697 1553 2791 1606; x_wconf 90' lang='grc' dir='ltr'><strong>τοῦ</strong></span> <span class='ocrx_word' id='word_1_293' title='bbox 2822 1556 3222 1626; x_wconf 80' lang='grc' dir='ltr'>Σολομωντείου</span> <span class='ocrx_word' id='word_1_294' title='bbox 3241 1561 3368 1612; x_wconf 91' lang='grc' dir='ltr'>ναοῦ</span> <span class='ocrx_word' id='word_1_295' title='bbox 3400 1562 3493 1613; x_wconf 70' lang='grc' dir='ltr'><strong>καὶ</strong></span> <span class='ocrx_word' id='word_1_296' title='bbox 3521 1562 3617 1630; x_wconf 78' lang='grc' dir='ltr'><strong>τῆς</strong></span> <span class='ocrx_word' id='word_1_297' title='bbox 3651 1562 3856 1625; x_wconf 85' lang='grc' dir='ltr'>πόλεως</span> <span class='ocrx_word' id='word_1_298' title='bbox 3911 1564 4009 1631; x_wconf 72' lang='grc' dir='ltr'><strong>ἐτη</strong></span> 
     </span>
    </p>
   </div>
   <div class='ocr_carea' id='block_1_43' title="bbox 2439 1642 4008 1723">
    <p class='ocr_par' dir='ltr' id='par_1_43' title="bbox 2439 1642 4008 1723">
     <span class='ocr_line' id='line_1_43' title="bbox 2439 1642 4008 1723; baseline 0.006 -27"><span class='ocrx_word' id='word_1_299' title='bbox 2439 1642 2599 1713; x_wconf 77' lang='grc' dir='ltr'>,απη’,</span> <span class='ocrx_word' id='word_1_300' title='bbox 2615 1645 2723 1698; x_wconf 79' lang='grc' dir='ltr'><strong>ἀπὸ</strong></span> <span class='ocrx_word' id='word_1_301' title='bbox 2738 1647 2794 1699; x_wconf 83' lang='grc' dir='ltr'>δὲ</span> <span class='ocrx_word' id='word_1_302' title='bbox 2812 1648 2911 1715; x_wconf 76' lang='grc' dir='ltr'><strong>τῆς</strong></span> <span class='ocrx_word' id='word_1_303' title='bbox 2937 1650 3196 1721; x_wconf 74' lang='grc' dir='ltr'><strong>δευτέρας</strong></span> <span class='ocrx_word' id='word_1_304' title='bbox 3213 1653 3500 1722; x_wconf 73' lang='grc' dir='ltr'>οἰκοδομῆς</span> <span class='ocrx_word' id='word_1_305' title='bbox 3524 1653 3617 1723; x_wconf 73' lang='grc' dir='ltr'>ἐτη</span> <span class='ocrx_word' id='word_1_306' title='bbox 3646 1653 3802 1722; x_wconf 52' lang='grc' dir='ltr'>ιρι-ς’,</span> <span class='ocrx_word' id='word_1_307' title='bbox 3822 1655 3929 1707; x_wconf 67' lang='grc' dir='ltr'><strong>ἀπὸ</strong></span> <span class='ocrx_word' id='word_1_308' title='bbox 3950 1654 4008 1706; x_wconf 85' lang='grc' dir='ltr'>δὲ</span> 
     </span>
    </p>
   </div>
   <div class='ocr_carea' id='block_1_44' title="bbox 2435 1735 4009 1816">
    <p class='ocr_par' dir='ltr' id='par_1_44' title="bbox 2435 1735 4009 1816">
     <span class='ocr_line' id='line_1_44' title="bbox 2435 1735 4009 1816; baseline 0.007 -30"><span class='ocrx_word' id='word_1_309' title='bbox 2435 1735 2531 1804; x_wconf 83' lang='grc' dir='ltr'><strong>τῆς</strong></span> <span class='ocrx_word' id='word_1_310' title='bbox 2562 1740 2699 1791; x_wconf 72' lang='grc' dir='ltr'>κατὰ</span> <span class='ocrx_word' id='word_1_311' title='bbox 2736 1741 3006 1810; x_wconf 78' lang='grc' dir='ltr'>Ἀντίοχον</span> <span class='ocrx_word' id='word_1_312' title='bbox 3026 1743 3340 1815; x_wconf 82' lang='grc' dir='ltr'>πολιορκίας</span> <span class='ocrx_word' id='word_1_313' title='bbox 3373 1752 3522 1813; x_wconf 85' lang='grc' dir='ltr'>σμη’,</span> <span class='ocrx_word' id='word_1_314' title='bbox 3558 1748 3665 1799; x_wconf 83' lang='grc' dir='ltr'><strong>ἀπὸ</strong></span> <span class='ocrx_word' id='word_1_315' title='bbox 3682 1748 3738 1799; x_wconf 87' lang='grc' dir='ltr'>δὲ</span> <span class='ocrx_word' id='word_1_316' title='bbox 3757 1748 3852 1816; x_wconf 81' lang='grc' dir='ltr'><strong>τῆς</strong></span> <span class='ocrx_word' id='word_1_317' title='bbox 3877 1749 4009 1799; x_wconf 81' lang='grc' dir='ltr'>ἀνα-</span> 
     </span>
    </p>
   </div>
   <div class='ocr_carea' id='block_1_45' title="bbox 2435 1827 4009 1909">
    <p class='ocr_par' dir='ltr' id='par_1_45' title="bbox 2435 1827 4009 1909">
     <span class='ocr_line' id='line_1_45' title="bbox 2435 1827 4009 1909; baseline 0.006 -29"><span class='ocrx_word' id='word_1_318' title='bbox 2435 1827 2650 1899; x_wconf 73' lang='grc' dir='ltr'>λήψεως</span> <span class='ocrx_word' id='word_1_319' title='bbox 2681 1833 2915 1904; x_wconf 81' lang='grc' dir='ltr'>Χριστοῦ</span> <span class='ocrx_word' id='word_1_320' title='bbox 2943 1834 3047 1900; x_wconf 76' lang='grc' dir='ltr'><strong>ἕως</strong></span> <span class='ocrx_word' id='word_1_321' title='bbox 3073 1836 3171 1905; x_wconf 75' lang='grc' dir='ltr'>τῆς</span> <span class='ocrx_word' id='word_1_322' title='bbox 3190 1837 3293 1889; x_wconf 74' lang='grc' dir='ltr'><strong>ὑπὸ</strong></span> <span class='ocrx_word' id='word_1_323' title='bbox 3326 1838 3485 1891; x_wconf 83' lang='grc' dir='ltr'>Τίτου</span> <span class='ocrx_word' id='word_1_324' title='bbox 3506 1836 3759 1901; x_wconf 77' lang='grc' dir='ltr'><strong>ἁλώσεως</strong></span> <span class='ocrx_word' id='word_1_325' title='bbox 3782 1837 3874 1908; x_wconf 77' lang='grc' dir='ltr'>ἔτη</span> <span class='ocrx_word' id='word_1_326' title='bbox 3896 1838 4009 1909; x_wconf 85' lang='grc' dir='ltr'><strong>μβ’.</strong></span> 
     </span>
    </p>
   </div>
   <div class='ocr_carea' id='block_1_46' title="bbox 2506 2015 4004 2093">
    <p class='ocr_par' dir='ltr' id='par_1_46' title="bbox 2506 2015 4004 2093">
     <span class='ocr_line' id='line_1_46' title="bbox 2506 2015 4004 2093; baseline 0.004 -22"><span class='ocrx_word' id='word_1_327' title='bbox 2506 2015 2591 2088; x_wconf 89' lang='grc' dir='ltr'><strong>[Ρ.</strong></span> <span class='ocrx_word' id='word_1_328' title='bbox 2626 2018 2756 2091; x_wconf 63' lang='grc' dir='ltr'><strong>ξω]</strong></span> <span class='ocrx_word' id='word_1_329' title='bbox 2794 2018 2884 2091; x_wconf 79' lang='grc' dir='ltr'><strong>Τῷ</strong></span> <span class='ocrx_word' id='word_1_330' title='bbox 2904 2022 3074 2092; x_wconf 83' lang='grc' dir='ltr'>τρίτῳ</span> <span class='ocrx_word' id='word_1_331' title='bbox 3102 2022 3209 2074; x_wconf 82' lang='grc' dir='ltr'>ἔτει</span> <span class='ocrx_word' id='word_1_332' title='bbox 3251 2022 3349 2092; x_wconf 67' lang='grc' dir='ltr'>τῆς</span> <span class='ocrx_word' id='word_1_333' title='bbox 3375 2024 3647 2093; x_wconf 70' lang='grc' dir='ltr'>βασιλείας</span> <span class='ocrx_word' id='word_1_334' title='bbox 3675 2025 3836 2077; x_wconf 84' lang='grc' dir='ltr'>Τίτου</span> <span class='ocrx_word' id='word_1_335' title='bbox 3882 2025 4004 2077; x_wconf 84' lang='grc' dir='ltr'>υίοῦ</span> 
     </span>
    </p>
   </div>
   <div class='ocr_carea' id='block_1_47' title="bbox 2435 2109 4004 2187">
    <p class='ocr_par' dir='ltr' id='par_1_47' title="bbox 2435 2109 4004 2187">
     <span class='ocr_line' id='line_1_47' title="bbox 2435 2109 4004 2187; baseline 0.004 -26"><span class='ocrx_word' id='word_1_336' title='bbox 2435 2109 2841 2163; x_wconf 70' lang='grc' dir='ltr'>Οὐεσπασιανοῦ</span> <span class='ocrx_word' id='word_1_337' title='bbox 2897 2114 2956 2165; x_wconf 87' lang='grc' dir='ltr'><strong>τὸ</strong></span> <span class='ocrx_word' id='word_1_338' title='bbox 2986 2113 3210 2165; x_wconf 63' lang='grc' dir='ltr'>Βέσϐιον</span> <span class='ocrx_word' id='word_1_339' title='bbox 3265 2114 3387 2187; x_wconf 53' lang='grc' dir='ltr'>ἶρις</span> <span class='ocrx_word' id='word_1_340' title='bbox 3438 2120 3495 2168; x_wconf 88' lang='grc' dir='ltr'><strong>ἐν</strong></span> <span class='ocrx_word' id='word_1_341' title='bbox 3534 2117 3597 2182; x_wconf 79' lang='grc' dir='ltr'>τῇ</span> <span class='ocrx_word' id='word_1_342' title='bbox 3658 2116 3806 2169; x_wconf 82' lang='grc' dir='ltr'>δύσει</span> <span class='ocrx_word' id='word_1_343' title='bbox 3861 2116 4004 2168; x_wconf 62' lang='grc' dir='ltr'>κατὰ</span> 
     </span>
    </p>
   </div>
   <div class='ocr_carea' id='block_1_48' title="bbox 2434 2204 4007 2275">
    <p class='ocr_par' dir='ltr' id='par_1_48' title="bbox 2434 2204 4007 2275">
     <span class='ocr_line' id='line_1_48' title="bbox 2434 2204 4007 2275; baseline 0.004 -22"><span class='ocrx_word' id='word_1_344' title='bbox 2434 2204 2688 2273; x_wconf 72' lang='grc' dir='ltr'>καρυςρῆς</span> <span class='ocrx_word' id='word_1_345' title='bbox 2742 2205 2903 2270; x_wconf 53' lang='grc' dir='ltr'>ῥῖγέν</span> <span class='ocrx_word' id='word_1_346' title='bbox 2951 2205 3248 2273; x_wconf 62' lang='grc' dir='ltr'>ἐ,εφῦσπῖιέ</span> <span class='ocrx_word' id='word_1_347' title='bbox 3279 2208 3387 2275; x_wconf 69' lang='grc' dir='ltr'><strong>πῦρ</strong></span> <span class='ocrx_word' id='word_1_348' title='bbox 3420 2208 3672 2260; x_wconf 81' lang='grc' dir='ltr'>τοσοῦτον</span> <span class='ocrx_word' id='word_1_349' title='bbox 3721 2208 3793 2270; x_wconf 83' lang='grc' dir='ltr'><strong>ὡς</strong></span> <span class='ocrx_word' id='word_1_350' title='bbox 3836 2225 4007 2260; x_wconf 83' lang='grc' dir='ltr'>κατα-</span> 
     </span>
    </p>
   </div>
   <div class='ocr_carea' id='block_1_49' title="bbox 2436 2289 4007 2366">
    <p class='ocr_par' dir='ltr' id='par_1_49' title="bbox 2436 2289 4007 2366">
     <span class='ocr_line' id='line_1_49' title="bbox 2436 2289 4007 2366; baseline 0.007 -28"><span class='ocrx_word' id='word_1_351' title='bbox 2436 2289 2627 2356; x_wconf 79' lang='grc' dir='ltr'>φλέξαι</span> <span class='ocrx_word' id='word_1_352' title='bbox 2686 2292 2798 2361; x_wconf 42' lang='grc' dir='ltr'>τὴν,</span> <span class='ocrx_word' id='word_1_353' title='bbox 2843 2295 3253 2364; x_wconf 69' lang='grc' dir='ltr'>παρακειμένην</span> <span class='ocrx_word' id='word_1_354' title='bbox 3282 2297 3465 2366; x_wconf 79' lang='grc' dir='ltr'>χώραν</span> <span class='ocrx_word' id='word_1_355' title='bbox 3504 2298 3596 2348; x_wconf 78' lang='grc' dir='ltr'>καὶ</span> <span class='ocrx_word' id='word_1_356' title='bbox 3645 2296 3744 2358; x_wconf 82' lang='grc' dir='ltr'>τὰς</span> <span class='ocrx_word' id='word_1_357' title='bbox 3797 2297 4007 2357; x_wconf 82' lang='grc' dir='ltr'>πόλεις.</span> 
     </span>
    </p>
   </div>
   <div class='ocr_carea' id='block_1_50' title="bbox 2437 2382 4009 2457">
    <p class='ocr_par' dir='ltr' id='par_1_50' title="bbox 2437 2382 4009 2457">
     <span class='ocr_line' id='line_1_50' title="bbox 2437 2382 4009 2457; baseline 0.006 -25"><span class='ocrx_word' id='word_1_358' title='bbox 2437 2382 2613 2454; x_wconf 87' lang='grc' dir='ltr'>Ὅπερ</span> <span class='ocrx_word' id='word_1_359' title='bbox 2643 2383 3049 2453; x_wconf 72' lang='grc' dir='ltr'>θεασάμενοι.οί</span> <span class='ocrx_word' id='word_1_360' title='bbox 3115 2387 3395 2455; x_wconf 81' lang='grc' dir='ltr'>’Ἑλληνες,</span> <span class='ocrx_word' id='word_1_361' title='bbox 3457 2388 3548 2440; x_wconf 77' lang='grc' dir='ltr'><strong>καὶ</strong></span> <span class='ocrx_word' id='word_1_362' title='bbox 3593 2388 3797 2457; x_wconf 72' lang='grc' dir='ltr'>σφόδρα</span> <span class='ocrx_word' id='word_1_363' title='bbox 3839 2405 4009 2441; x_wconf 57' lang='grc' dir='ltr'>κατα»</span> 
     </span>
    </p>
   </div>
   <div class='ocr_carea' id='block_1_51' title="bbox 2439 2477 4009 2550">
    <p class='ocr_par' dir='ltr' id='par_1_51' title="bbox 2439 2477 4009 2550">
     <span class='ocr_line' id='line_1_51' title="bbox 2439 2477 4009 2550; baseline 0.003 -21"><span class='ocrx_word' id='word_1_364' title='bbox 2439 2477 2758 2543; x_wconf 78' lang='grc' dir='ltr'>πλαγὲντες,</span> <span class='ocrx_word' id='word_1_365' title='bbox 2791 2477 3021 2547; x_wconf 69' lang='grc' dir='ltr'>ὴρώτων</span> <span class='ocrx_word' id='word_1_366' title='bbox 3063 2481 3215 2541; x_wconf 72' lang='grc' dir='ltr'>τινὰς</span> <span class='ocrx_word' id='word_1_367' title='bbox 3249 2481 3356 2533; x_wconf 85' lang='grc' dir='ltr'>τῶν</span> <span class='ocrx_word' id='word_1_368' title='bbox 3404 2480 3706 2550; x_wconf 76' lang='grc' dir='ltr'><strong>ἐλλογίμων</strong></span> <span class='ocrx_word' id='word_1_369' title='bbox 3740 2482 4009 2548; x_wconf 75' lang='grc' dir='ltr'>Χριστιαο</span> 
     </span>
    </p>
   </div>
   <div class='ocr_carea' id='block_1_52' title="bbox 2436 2566 4009 2643">
    <p class='ocr_par' dir='ltr' id='par_1_52' title="bbox 2436 2566 4009 2643">
     <span class='ocr_line' id='line_1_52' title="bbox 2436 2566 4009 2643; baseline 0.003 -25"><span class='ocrx_word' id='word_1_370' title='bbox 2436 2566 2543 2619; x_wconf 77' lang='grc' dir='ltr'><strong>νῶν</strong></span> <span class='ocrx_word' id='word_1_371' title='bbox 2584 2568 2696 2643; x_wconf 65' lang='grc' dir='ltr'>πῶς</span> <span class='ocrx_word' id='word_1_372' title='bbox 2730 2568 2823 2619; x_wconf 76' lang='grc' dir='ltr'><strong>καὶ</strong></span> <span class='ocrx_word' id='word_1_373' title='bbox 2856 2566 3020 2620; x_wconf 82' lang='grc' dir='ltr'>πόθεν</span> <span class='ocrx_word' id='word_1_374' title='bbox 3055 2568 3242 2637; x_wconf 71' lang='grc' dir='ltr'>ἐξῆλθε</span> <span class='ocrx_word' id='word_1_375' title='bbox 3279 2570 3339 2620; x_wconf 75' lang='grc' dir='ltr'>τὸ</span> <span class='ocrx_word' id='word_1_376' title='bbox 3394 2570 3507 2638; x_wconf 85' lang='grc' dir='ltr'><strong>πῦρ</strong></span> <span class='ocrx_word' id='word_1_377' title='bbox 3544 2572 3609 2622; x_wconf 88' lang='grc' dir='ltr'><strong>ἐκ</strong></span> <span class='ocrx_word' id='word_1_378' title='bbox 3643 2569 3753 2621; x_wconf 81' lang='grc' dir='ltr'><strong>τῶν</strong></span> <span class='ocrx_word' id='word_1_379' title='bbox 3809 2587 4009 2639; x_wconf 78' lang='grc' dir='ltr'>μυχαι-</span> 
     </span>
    </p>
   </div>
   <div class='ocr_carea' id='block_1_53' title="bbox 2436 2659 4014 2747">
    <p class='ocr_par' dir='ltr' id='par_1_53' title="bbox 2436 2659 4014 2747">
     <span class='ocr_line' id='line_1_53' title="bbox 2436 2659 4014 2747; baseline 0.003 -36"><span class='ocrx_word' id='word_1_380' title='bbox 2436 2659 2613 2747; x_wconf 67' lang='grc' dir='ltr'>τάτων</span> <span class='ocrx_word' id='word_1_381' title='bbox 2635 2659 2733 2728; x_wconf 77' lang='grc' dir='ltr'>τῆς</span> <span class='ocrx_word' id='word_1_382' title='bbox 2762 2662 2884 2728; x_wconf 81' lang='grc' dir='ltr'>γῆς.</span> <span class='ocrx_word' id='word_1_383' title='bbox 2918 2662 2983 2713; x_wconf 85' lang='grc' dir='ltr'><strong>Οἱ</strong></span> <span class='ocrx_word' id='word_1_384' title='bbox 3018 2661 3071 2711; x_wconf 74' lang='grc' dir='ltr'><strong>δέ</strong></span> <span class='ocrx_word' id='word_1_385' title='bbox 3107 2678 3287 2729; x_wconf 66' lang='grc' dir='ltr'><strong>φασιν⁸</strong></span> <span class='ocrx_word' id='word_1_386' title='bbox 3322 2662 3417 2714; x_wconf 84' lang='grc' dir='ltr'>Ἐκ</span> <span class='ocrx_word' id='word_1_387' title='bbox 3453 2663 3551 2732; x_wconf 79' lang='grc' dir='ltr'>τῆς</span> <span class='ocrx_word' id='word_1_388' title='bbox 3598 2664 4014 2732; x_wconf 76' lang='grc' dir='ltr'>ἡτοιμασμένης</span> 
     </span>
    </p>
   </div>
   <div class='ocr_carea' id='block_1_54' title="bbox 2437 2749 4015 2820">
    <p class='ocr_par' dir='ltr' id='par_1_54' title="bbox 2437 2749 4015 2820">
     <span class='ocr_line' id='line_1_54' title="bbox 2437 2749 4015 2820; baseline 0.002 -18"><span class='ocrx_word' id='word_1_389' title='bbox 2437 2749 2514 2817; x_wconf 81' lang='grc' dir='ltr'>τῷ</span> <span class='ocrx_word' id='word_1_390' title='bbox 2544 2751 2774 2820; x_wconf 84' lang='grc' dir='ltr'>διαϐόλῳ</span> <span class='ocrx_word' id='word_1_391' title='bbox 2799 2753 2893 2804; x_wconf 58' lang='grc' dir='ltr'><strong>καὶ⁵</strong></span> <span class='ocrx_word' id='word_1_392' title='bbox 2943 2756 3053 2815; x_wconf 85' lang='grc' dir='ltr'>τοῖς</span> <span class='ocrx_word' id='word_1_393' title='bbox 3091 2754 3341 2820; x_wconf 74' lang='grc' dir='ltr'><strong>ἀγγέλοις</strong></span> <span class='ocrx_word' id='word_1_394' title='bbox 3379 2753 3567 2816; x_wconf 77' lang='grc' dir='ltr'>αὑτοῦ,</span> <span class='ocrx_word' id='word_1_395' title='bbox 3610 2756 3703 2806; x_wconf 74' lang='grc' dir='ltr'><strong>καὶ</strong></span> <span class='ocrx_word' id='word_1_396' title='bbox 3734 2756 3866 2807; x_wconf 71' lang='grc' dir='ltr'>πᾶσι</span> <span class='ocrx_word' id='word_1_397' title='bbox 3897 2758 4015 2816; x_wconf 69' lang='grc' dir='ltr'>τοῖς</span> 
     </span>
    </p>
   </div>
   <div class='ocr_carea' id='block_1_55' title="bbox 2437 2842 4010 2915">
    <p class='ocr_par' dir='ltr' id='par_1_55' title="bbox 2437 2842 4010 2915">
     <span class='ocr_line' id='line_1_55' title="bbox 2437 2842 4010 2915; baseline 0 -19"><span class='ocrx_word' id='word_1_398' title='bbox 2437 2842 2785 2911; x_wconf 75' lang='grc' dir='ltr'>ἁμαρτωλοῖς</span> <span class='ocrx_word' id='word_1_399' title='bbox 2819 2844 2912 2896; x_wconf 78' lang='grc' dir='ltr'><strong>καὶ</strong></span> <span class='ocrx_word' id='word_1_400' title='bbox 2964 2844 3215 2897; x_wconf 76' lang='grc' dir='ltr'>ἀσεϐέσιν</span> <span class='ocrx_word' id='word_1_401' title='bbox 3264 2845 3571 2913; x_wconf 82' lang='grc' dir='ltr'>ἀνθρώποις</span> <span class='ocrx_word' id='word_1_402' title='bbox 3600 2884 3615 2908; x_wconf 91' lang='grc'><strong>,</strong></span> <span class='ocrx_word' id='word_1_403' title='bbox 3649 2846 3872 2915; x_wconf 75' lang='grc' dir='ltr'>γεέννης</span> <span class='ocrx_word' id='word_1_404' title='bbox 3913 2845 4010 2896; x_wconf 80' lang='grc' dir='ltr'>ἀνο</span> 
     </span>
    </p>
   </div>
   <div class='ocr_carea' id='block_1_56' title="bbox 2439 2937 4019 3007">
    <p class='ocr_par' dir='ltr' id='par_1_56' title="bbox 2439 2937 4019 3007">
     <span class='ocr_line' id='line_1_56' title="bbox 2439 2937 4019 3007; baseline -0.001 -18"><span class='ocrx_word' id='word_1_405' title='bbox 2439 2937 2593 3005; x_wconf 84' lang='grc' dir='ltr'>εδόθη</span> <span class='ocrx_word' id='word_1_406' title='bbox 2632 2939 2766 3005; x_wconf 87' lang='grc' dir='ltr'>πρὸς</span> <span class='ocrx_word' id='word_1_407' title='bbox 2792 2938 3172 3007; x_wconf 72' lang='grc' dir='ltr'>σωφρονισμὸν</span> <span class='ocrx_word' id='word_1_408' title='bbox 3202 2938 3297 2989; x_wconf 76' lang='grc' dir='ltr'>καὶ</span> <span class='ocrx_word' id='word_1_409' title='bbox 3344 2937 3640 3003; x_wconf 69' lang='grc' dir='ltr'>ἐπίγνωτιν</span> <span class='ocrx_word' id='word_1_410' title='bbox 3696 2938 3804 2989; x_wconf 80' lang='grc' dir='ltr'>τῶν</span> <span class='ocrx_word' id='word_1_411' title='bbox 3835 2939 4019 3006; x_wconf 81' lang='grc' dir='ltr'>ἁμαρο</span> 
     </span>
    </p>
   </div>
   <div class='ocr_carea' id='block_1_57' title="bbox 2438 3023 4018 3099">
    <p class='ocr_par' dir='ltr' id='par_1_57' title="bbox 2438 3023 4018 3099">
     <span class='ocr_line' id='line_1_57' title="bbox 2438 3023 4018 3099; baseline -0.001 -19"><span class='ocrx_word' id='word_1_412' title='bbox 2438 3030 2727 3080; x_wconf 90' lang='grc' dir='ltr'>τανόντων.</span> <span class='ocrx_word' id='word_1_413' title='bbox 2770 3029 2878 3081; x_wconf 73' lang='grc' dir='ltr'><strong>Καὶ</strong></span> <span class='ocrx_word' id='word_1_414' title='bbox 2904 3029 3061 3099; x_wconf 82' lang='grc' dir='ltr'>δῆλον</span> <span class='ocrx_word' id='word_1_415' title='bbox 3096 3029 3155 3093; x_wconf 80' lang='grc' dir='ltr'><strong>ἐξ</strong></span> <span class='ocrx_word' id='word_1_416' title='bbox 3192 3023 3266 3081; x_wconf 83' lang='grc' dir='ltr'>ὧν</span> <span class='ocrx_word' id='word_1_417' title='bbox 3298 3030 3389 3081; x_wconf 80' lang='grc' dir='ltr'>καὶ</span> <span class='ocrx_word' id='word_1_418' title='bbox 3428 3032 3456 3081; x_wconf 82' lang='grc' dir='ltr'><strong>ό</strong></span> <span class='ocrx_word' id='word_1_419' title='bbox 3507 3028 3828 3099; x_wconf 86' lang='grc' dir='ltr'>περιϐόητος</span> <span class='ocrx_word' id='word_1_420' title='bbox 3859 3029 4018 3096; x_wconf 77' lang='grc' dir='ltr'>ὑμῶν</span> 
     </span>
    </p>
   </div>
   <div class='ocr_carea' id='block_1_58' title="bbox 2438 3118 4018 3190">
    <p class='ocr_par' dir='ltr' id='par_1_58' title="bbox 2438 3118 4018 3190">
     <span class='ocr_line' id='line_1_58' title="bbox 2438 3118 4018 3190; baseline 0 -20"><span class='ocrx_word' id='word_1_421' title='bbox 2438 3118 2755 3179; x_wconf 76' lang='grc' dir='ltr'>διδάσκαλος</span> <span class='ocrx_word' id='word_1_422' title='bbox 2800 3121 3027 3174; x_wconf 83' lang='grc' dir='ltr'>Πλάτων</span> <span class='ocrx_word' id='word_1_423' title='bbox 3058 3121 3186 3190; x_wconf 70' lang='grc' dir='ltr'>ἔφη,</span> <span class='ocrx_word' id='word_1_424' title='bbox 3221 3120 3629 3190; x_wconf 81' lang='grc' dir='ltr'>διεξερχόμενος</span> <span class='ocrx_word' id='word_1_425' title='bbox 3661 3122 3717 3172; x_wconf 82' lang='grc' dir='ltr'><strong>ἐν</strong></span> <span class='ocrx_word' id='word_1_426' title='bbox 3755 3120 3833 3190; x_wconf 82' lang='grc' dir='ltr'>τῷ</span> <span class='ocrx_word' id='word_1_427' title='bbox 3880 3121 4018 3172; x_wconf 78' lang='grc' dir='ltr'><strong>Φαι-</strong></span> 
     </span>
    </p>
   </div>
   <div class='ocr_carea' id='block_1_59' title="bbox 2439 3207 4019 3281">
    <p class='ocr_par' dir='ltr' id='par_1_59' title="bbox 2439 3207 4019 3281">
     <span class='ocr_line' id='line_1_59' title="bbox 2439 3207 4019 3281; baseline 0 -22"><span class='ocrx_word' id='word_1_428' title='bbox 2439 3207 2579 3262; x_wconf 80' lang='grc' dir='ltr'>δωνι</span> <span class='ocrx_word' id='word_1_429' title='bbox 2606 3211 2730 3280; x_wconf 79' lang='grc' dir='ltr'>περὶ</span> <span class='ocrx_word' id='word_1_430' title='bbox 2752 3210 2861 3263; x_wconf 81' lang='grc' dir='ltr'><strong>τῶν</strong></span> <span class='ocrx_word' id='word_1_431' title='bbox 2883 3212 3089 3279; x_wconf 79' lang='grc' dir='ltr'>λήξεων</span> <span class='ocrx_word' id='word_1_432' title='bbox 3109 3213 3202 3264; x_wconf 75' lang='grc' dir='ltr'><strong>καὶ</strong></span> <span class='ocrx_word' id='word_1_433' title='bbox 3218 3212 3657 3280; x_wconf 64' lang='grc' dir='ltr'>ἀποπληρώσεων</span> <span class='ocrx_word' id='word_1_434' title='bbox 3678 3211 3784 3262; x_wconf 71' lang='grc' dir='ltr'>τῶν</span> <span class='ocrx_word' id='word_1_435' title='bbox 3802 3209 4019 3281; x_wconf 75' lang='grc' dir='ltr'>ψυχῶν,</span> 
     </span>
    </p>
   </div>
   <div class='ocr_carea' id='block_1_60' title="bbox 772 3290 2449 3379">
    <p class='ocr_par' dir='ltr' id='par_1_60' title="bbox 772 3294 2449 3379">
     <span class='ocr_line' id='line_1_60' title="bbox 772 3294 2449 3379; baseline -0.014 -16"><span class='ocrx_word' id='word_1_436' title='bbox 772 3308 949 3379; x_wconf 78' lang='lat' dir='ltr'><strong>pln~iis</strong></span> <span class='ocrx_word' id='word_1_437' title='bbox 986 3305 1151 3378; x_wconf 63' lang='grc'><strong>425</strong></span> <span class='ocrx_word' id='word_1_438' title='bbox 1192 3303 1353 3364; x_wconf 84' lang='lat' dir='ltr'><strong>allici,</strong></span> <span class='ocrx_word' id='word_1_439' title='bbox 1409 3316 1530 3370; x_wconf 73' lang='lat' dir='ltr'><strong>quae</strong></span> <span class='ocrx_word' id='word_1_440' title='bbox 1560 3300 1672 3354; x_wconf 83' lang='lat' dir='ltr'><strong>sint</strong></span> <span class='ocrx_word' id='word_1_441' title='bbox 1715 3299 1771 3350; x_wconf 91' lang='lat' dir='ltr'><strong>in</strong></span> <span class='ocrx_word' id='word_1_442' title='bbox 1812 3294 2110 3348; x_wconf 83' lang='lat' dir='ltr'><strong>visceribus</strong></span> <span class='ocrx_word' id='word_1_443' title='bbox 2160 3301 2336 3344; x_wconf 70' lang='lat' dir='ltr'><strong>terrae.</strong></span> <span class='ocrx_word' id='word_1_444' title='bbox 2368 3303 2449 3359; x_wconf 60' lang='grc' dir='ltr'><strong>εί</strong></span> 
     </span>
    </p>
   </div>
   <div class='ocr_carea' id='block_1_61' title="bbox 2342 3290 4019 3379">
    <p class='ocr_par' dir='ltr' id='par_1_61' title="bbox 2368 3290 4019 3373">
     <span class='ocr_line' id='line_1_61' title="bbox 2368 3290 4019 3373; baseline 0.001 -19"><span class='ocrx_word' id='word_1_445' title='bbox 2368 3303 2410 3359; x_wconf 90' lang='lat' dir='ltr'><strong>C</strong></span> <span class='ocrx_word' id='word_1_446' title='bbox 2442 3304 2522 3354; x_wconf 79' lang='grc' dir='ltr'><strong>ὅτι</strong></span> <span class='ocrx_word' id='word_1_447' title='bbox 2550 3304 2599 3354; x_wconf 78' lang='grc' dir='ltr'>οἰ</span> <span class='ocrx_word' id='word_1_448' title='bbox 2632 3304 2815 3365; x_wconf 83' lang='grc' dir='ltr'>κακῶς</span> <span class='ocrx_word' id='word_1_449' title='bbox 2840 3303 3165 3371; x_wconf 85' lang='grc' dir='ltr'>βεϐιωκότες</span> <span class='ocrx_word' id='word_1_450' title='bbox 3204 3304 3520 3368; x_wconf 74' lang='grc' dir='ltr'>κολάζονται</span> <span class='ocrx_word' id='word_1_451' title='bbox 3576 3305 3634 3355; x_wconf 83' lang='grc' dir='ltr'><strong>ἐν</strong></span> <span class='ocrx_word' id='word_1_452' title='bbox 3666 3290 4019 3373; x_wconf 57' lang='grc' dir='ltr'>τιῖκωκυτῷ</span> 
     </span>
    </p>
   </div>
   <div class='ocr_carea' id='block_1_62' title="bbox 772 3383 2338 3470">
    <p class='ocr_par' dir='ltr' id='par_1_62' title="bbox 772 3383 2338 3470">
     <span class='ocr_line' id='line_1_62' title="bbox 772 3383 2338 3470; baseline -0.016 -14"><span class='ocrx_word' id='word_1_453' title='bbox 772 3400 1089 3470; x_wconf 66' lang='lat' dir='ltr'><strong>Atquehaze</strong></span> <span class='ocrx_word' id='word_1_454' title='bbox 1141 3395 1361 3466; x_wconf 77' lang='lat' dir='ltr'><strong>quidem</strong></span> <span class='ocrx_word' id='word_1_455' title='bbox 1426 3392 1516 3446; x_wconf 86' lang='lat' dir='ltr'><strong>isti</strong></span> <span class='ocrx_word' id='word_1_456' title='bbox 1539 3401 1669 3444; x_wconf 84' lang='lat' dir='ltr'><strong>tunc</strong></span> <span class='ocrx_word' id='word_1_457' title='bbox 1726 3387 1930 3442; x_wconf 70' lang='lat' dir='ltr'><strong>Graecis</strong></span> <span class='ocrx_word' id='word_1_458' title='bbox 2000 3383 2075 3438; x_wconf 89' lang='lat' dir='ltr'><strong>rei</strong></span> <span class='ocrx_word' id='word_1_459' title='bbox 2115 3396 2338 3435; x_wconf 83' lang='lat' dir='ltr'><strong>causam</strong></span> 
     </span>
    </p>
   </div>
   <div class='ocr_carea' id='block_1_63' title="bbox 773 3473 2340 3555">
    <p class='ocr_par' dir='ltr' id='par_1_63' title="bbox 773 3473 2340 3555">
     <span class='ocr_line' id='line_1_63' title="bbox 773 3473 2340 3555; baseline -0.017 -6"><span class='ocrx_word' id='word_1_460' title='bbox 773 3491 1185 3549; x_wconf 86' lang='lat' dir='ltr'><strong>sciscitantibus</strong></span> <span class='ocrx_word' id='word_1_461' title='bbox 1219 3484 1641 3555; x_wconf 68' lang='lat' dir='ltr'><strong>responderunt.</strong></span> <span class='ocrx_word' id='word_1_462' title='bbox 1672 3482 1871 3533; x_wconf 88' lang='lat' dir='ltr'><strong>Beatus</strong></span> <span class='ocrx_word' id='word_1_463' title='bbox 1921 3489 2102 3531; x_wconf 88' lang='lat' dir='ltr'><strong>autem</strong></span> <span class='ocrx_word' id='word_1_464' title='bbox 2161 3473 2340 3526; x_wconf 86' lang='lat' dir='ltr'><strong>Patri-</strong></span> 
     </span>
    </p>
   </div>
   <div class='ocr_carea' id='block_1_64' title="bbox 772 3564 2342 3649">
    <p class='ocr_par' dir='ltr' id='par_1_64' title="bbox 772 3564 2342 3649">
     <span class='ocr_line' id='line_1_64' title="bbox 772 3564 2342 3649; baseline -0.015 -10"><span class='ocrx_word' id='word_1_465' title='bbox 772 3588 894 3639; x_wconf 90' lang='lat' dir='ltr'><strong>cius</strong></span> <span class='ocrx_word' id='word_1_466' title='bbox 946 3581 1134 3636; x_wconf 70' lang='lat' dir='ltr'><strong>Prusze</strong></span> <span class='ocrx_word' id='word_1_467' title='bbox 1192 3580 1486 3649; x_wconf 72' lang='lat' dir='ltr'><strong>episcopus</strong></span> <span class='ocrx_word' id='word_1_468' title='bbox 1550 3582 1606 3630; x_wconf 89' lang='lat' dir='ltr'><strong>et</strong></span> <span class='ocrx_word' id='word_1_469' title='bbox 1657 3580 1890 3642; x_wconf 83' lang='lat' dir='ltr'><strong>martyr,</strong></span> <span class='ocrx_word' id='word_1_470' title='bbox 1929 3584 1959 3623; x_wconf 90' lang='lat' dir='ltr'><strong>a</strong></span> <span class='ocrx_word' id='word_1_471' title='bbox 2010 3564 2342 3636; x_wconf 88' lang='lat' dir='ltr'><strong>proconsule</strong></span> 
     </span>
    </p>
   </div>
   <div class='ocr_carea' id='block_1_65' title="bbox 778 3660 2341 3737">
    <p class='ocr_par' dir='ltr' id='par_1_65' title="bbox 778 3660 2341 3737">
     <span class='ocr_line' id='line_1_65' title="bbox 778 3660 2341 3737; baseline -0.016 -6"><span class='ocrx_word' id='word_1_472' title='bbox 778 3676 954 3731; x_wconf 59' lang='lat' dir='ltr'><strong>iudice</strong></span> <span class='ocrx_word' id='word_1_473' title='bbox 984 3689 1169 3729; x_wconf 80' lang='lat' dir='ltr'><strong>coram</strong></span> <span class='ocrx_word' id='word_1_474' title='bbox 1208 3671 1466 3725; x_wconf 85' lang='lat' dir='ltr'><strong>universo</strong></span> <span class='ocrx_word' id='word_1_475' title='bbox 1495 3666 1693 3737; x_wconf 87' lang='lat' dir='ltr'><strong>populo</strong></span> <span class='ocrx_word' id='word_1_476' title='bbox 1725 3676 1950 3718; x_wconf 87' lang='lat' dir='ltr'><strong>causam</strong></span> <span class='ocrx_word' id='word_1_477' title='bbox 1979 3660 2341 3718; x_wconf 82' lang='lat' dir='ltr'><strong>thermarum,</strong></span> 
     </span>
    </p>
   </div>
   <div class='ocr_carea' id='block_1_66' title="bbox 777 3749 2343 3834">
    <p class='ocr_par' dir='ltr' id='par_1_66' title="bbox 777 3749 2343 3834">
     <span class='ocr_line' id='line_1_66' title="bbox 777 3749 2343 3834; baseline -0.016 -12"><span class='ocrx_word' id='word_1_478' title='bbox 777 3768 829 3823; x_wconf 89' lang='lat' dir='ltr'><strong>id</strong></span> <span class='ocrx_word' id='word_1_479' title='bbox 883 3774 988 3832; x_wconf 87' lang='lat' dir='ltr'><strong>est,</strong></span> <span class='ocrx_word' id='word_1_480' title='bbox 1025 3779 1290 3834; x_wconf 86' lang='lat' dir='ltr'><strong>aquarum</strong></span> <span class='ocrx_word' id='word_1_481' title='bbox 1349 3776 1469 3830; x_wconf 75' lang='lat' dir='ltr'><strong>qua:</strong></span> <span class='ocrx_word' id='word_1_482' title='bbox 1531 3772 1628 3812; x_wconf 92' lang='lat' dir='ltr'><strong>sua</strong></span> <span class='ocrx_word' id='word_1_483' title='bbox 1689 3764 1883 3825; x_wconf 81' lang='lat' dir='ltr'><strong>sponte</strong></span> <span class='ocrx_word' id='word_1_484' title='bbox 1938 3749 2128 3804; x_wconf 75' lang='lat' dir='ltr'><strong>calidae</strong></span> <span class='ocrx_word' id='word_1_485' title='bbox 2194 3756 2343 3799; x_wconf 87' lang='lat' dir='ltr'><strong>terra</strong></span> 
     </span>
    </p>
   </div>
   <div class='ocr_carea' id='block_1_67' title="bbox 773 3839 2342 3929">
    <p class='ocr_par' dir='ltr' id='par_1_67' title="bbox 773 3839 2342 3929">
     <span class='ocr_line' id='line_1_67' title="bbox 773 3839 2342 3929; baseline -0.016 -14"><span class='ocrx_word' id='word_1_486' title='bbox 773 3869 1092 3929; x_wconf 87' lang='lat' dir='ltr'><strong>erumpunt,</strong></span> <span class='ocrx_word' id='word_1_487' title='bbox 1126 3856 1496 3922; x_wconf 79' lang='lat' dir='ltr'><strong>interrogatus</strong></span> <span class='ocrx_word' id='word_1_488' title='bbox 1533 3850 1607 3903; x_wconf 89' lang='lat' dir='ltr'><strong>ita</strong></span> <span class='ocrx_word' id='word_1_489' title='bbox 1645 3844 1971 3918; x_wconf 87' lang='lat' dir='ltr'><strong>respondit:</strong></span> <span class='ocrx_word' id='word_1_490' title='bbox 2016 3842 2152 3896; x_wconf 82' lang='lat' dir='ltr'><strong>Cum</strong></span> <span class='ocrx_word' id='word_1_491' title='bbox 2200 3839 2342 3893; x_wconf 85' lang='lat' dir='ltr'><strong>Deus</strong></span> 
     </span>
    </p>
   </div>
   <div class='ocr_carea' id='block_1_68' title="bbox 774 3928 2343 4022">
    <p class='ocr_par' dir='ltr' id='par_1_68' title="bbox 774 3928 2343 4022">
     <span class='ocr_line' id='line_1_68' title="bbox 774 3928 2343 4022; baseline -0.017 -15"><span class='ocrx_word' id='word_1_492' title='bbox 774 3957 955 4022; x_wconf 79' lang='lat' dir='ltr'><strong>ignem</strong></span> <span class='ocrx_word' id='word_1_493' title='bbox 981 3959 1034 4004; x_wconf 85' lang='lat' dir='ltr'><strong>et</strong></span> <span class='ocrx_word' id='word_1_494' title='bbox 1068 3964 1266 4020; x_wconf 79' lang='lat' dir='ltr'><strong>aquam</strong></span> <span class='ocrx_word' id='word_1_495' title='bbox 1305 3962 1368 3999; x_wconf 80' lang='lat' dir='ltr'><strong>ex</strong></span> <span class='ocrx_word' id='word_1_496' title='bbox 1400 3944 1573 3997; x_wconf 81' lang='lat' dir='ltr'><strong>nihilo</strong></span> <span class='ocrx_word' id='word_1_497' title='bbox 1600 3939 1959 3999; x_wconf 87' lang='lat' dir='ltr'><strong>condidisset,</strong></span> <span class='ocrx_word' id='word_1_498' title='bbox 1992 3932 2141 3988; x_wconf 85' lang='lat' dir='ltr'><strong>verbi</strong></span> <span class='ocrx_word' id='word_1_499' title='bbox 2171 3932 2256 3987; x_wconf 90' lang='lat' dir='ltr'><strong>sui</strong></span> <span class='ocrx_word' id='word_1_500' title='bbox 2294 3928 2343 3983; x_wconf 92' lang='lat' dir='ltr'><strong>vi</strong></span> 
     </span>
    </p>
   </div>
   <div class='ocr_carea' id='block_1_69' title="bbox 775 4022 2348 4111">
    <p class='ocr_par' dir='ltr' id='par_1_69' title="bbox 775 4022 2348 4111">
     <span class='ocr_line' id='line_1_69' title="bbox 775 4022 2348 4111; baseline -0.015 -14"><span class='ocrx_word' id='word_1_501' title='bbox 775 4058 840 4098; x_wconf 83' lang='lat' dir='ltr'><strong>ex</strong></span> <span class='ocrx_word' id='word_1_502' title='bbox 871 4042 993 4111; x_wconf 70' lang='lat' dir='ltr'><strong>igne</strong></span> <span class='ocrx_word' id='word_1_503' title='bbox 1029 4040 1229 4104; x_wconf 89' lang='lat' dir='ltr'><strong>lucem,</strong></span> <span class='ocrx_word' id='word_1_504' title='bbox 1265 4036 1433 4090; x_wconf 89' lang='lat' dir='ltr'><strong>solem</strong></span> <span class='ocrx_word' id='word_1_505' title='bbox 1472 4041 1526 4087; x_wconf 88' lang='lat' dir='ltr'><strong>et</strong></span> <span class='ocrx_word' id='word_1_506' title='bbox 1564 4033 1798 4100; x_wconf 85' lang='lat' dir='ltr'><strong>reliquas</strong></span> <span class='ocrx_word' id='word_1_507' title='bbox 1831 4026 2020 4082; x_wconf 82' lang='lat' dir='ltr'><strong>stellas</strong></span> <span class='ocrx_word' id='word_1_508' title='bbox 2052 4022 2201 4088; x_wconf 81' lang='lat' dir='ltr'><strong>fecit,</strong></span> <span class='ocrx_word' id='word_1_509' title='bbox 2227 4023 2348 4090; x_wconf 87' lang='lat' dir='ltr'><strong>jus-</strong></span> 
     </span>
    </p>
   </div>
   <div class='ocr_carea' id='block_1_70' title="bbox 775 4113 2345 4203">
    <p class='ocr_par' dir='ltr' id='par_1_70' title="bbox 775 4113 2345 4203">
     <span class='ocr_line' id='line_1_70' title="bbox 775 4113 2345 4203; baseline -0.015 -16"><span class='ocrx_word' id='word_1_510' title='bbox 775 4134 957 4203; x_wconf 88' lang='lat' dir='ltr'><strong>sitque</strong></span> <span class='ocrx_word' id='word_1_511' title='bbox 994 4146 1056 4186; x_wconf 89' lang='lat' dir='ltr'><strong>ea</strong></span> <span class='ocrx_word' id='word_1_512' title='bbox 1100 4128 1205 4182; x_wconf 79' lang='lat' dir='ltr'><strong>diei</strong></span> <span class='ocrx_word' id='word_1_513' title='bbox 1248 4127 1506 4195; x_wconf 86' lang='lat' dir='ltr'><strong>noctique</strong></span> <span class='ocrx_word' id='word_1_514' title='bbox 1554 4126 1734 4177; x_wconf 89' lang='lat' dir='ltr'><strong>lumen</strong></span> <span class='ocrx_word' id='word_1_515' title='bbox 1791 4119 2050 4190; x_wconf 80' lang='lat' dir='ltr'><strong>praebere.</strong></span> <span class='ocrx_word' id='word_1_516' title='bbox 2112 4113 2345 4167; x_wconf 84' lang='lat' dir='ltr'><strong>Tantum</strong></span> 
     </span>
    </p>
   </div>
   <div class='ocr_carea' id='block_1_71' title="bbox 776 4204 2347 4295">
    <p class='ocr_par' dir='ltr' id='par_1_71' title="bbox 776 4204 2347 4295">
     <span class='ocr_line' id='line_1_71' title="bbox 776 4204 2347 4295; baseline -0.016 -15"><span class='ocrx_word' id='word_1_517' title='bbox 776 4226 978 4295; x_wconf 87' lang='lat' dir='ltr'><strong>quippe</strong></span> <span class='ocrx_word' id='word_1_518' title='bbox 1014 4223 1063 4277; x_wconf 90' lang='lat' dir='ltr'><strong>ei</strong></span> <span class='ocrx_word' id='word_1_519' title='bbox 1087 4230 1172 4276; x_wconf 91' lang='lat' dir='ltr'><strong>est</strong></span> <span class='ocrx_word' id='word_1_520' title='bbox 1202 4217 1489 4289; x_wconf 88' lang='lat' dir='ltr'><strong>potestatis</strong></span> <span class='ocrx_word' id='word_1_521' title='bbox 1526 4225 1791 4286; x_wconf 87' lang='lat' dir='ltr'><strong>quantum</strong></span> <span class='ocrx_word' id='word_1_522' title='bbox 1826 4208 2146 4265; x_wconf 82' lang='lat' dir='ltr'><strong>voluntatis.</strong></span> <span class='ocrx_word' id='word_1_523' title='bbox 2174 4204 2347 4259; x_wconf 84' lang='lat' dir='ltr'><strong>Porro</strong></span> 
     </span>
    </p>
   </div>
   <div class='ocr_carea' id='block_1_72' title="bbox 776 4303 2348 4385">
    <p class='ocr_par' dir='ltr' id='par_1_72' title="bbox 776 4303 2348 4385">
     <span class='ocr_line' id='line_1_72' title="bbox 776 4303 2348 4385; baseline -0.013 -14"><span class='ocrx_word' id='word_1_524' title='bbox 776 4334 842 4372; x_wconf 78' lang='lat' dir='ltr'><strong>ex</strong></span> <span class='ocrx_word' id='word_1_525' title='bbox 870 4330 1014 4385; x_wconf 88' lang='lat' dir='ltr'><strong>aqua</strong></span> <span class='ocrx_word' id='word_1_526' title='bbox 1073 4314 1477 4368; x_wconf 77' lang='lat' dir='ltr'><strong>ﬁrmamentum</strong></span> <span class='ocrx_word' id='word_1_527' title='bbox 1536 4309 1659 4361; x_wconf 62' lang='lat' dir='ltr'><strong>coeli</strong></span> <span class='ocrx_word' id='word_1_528' title='bbox 1726 4303 1998 4373; x_wconf 73' lang='lat' dir='ltr'><strong>compegit</strong></span> <span class='ocrx_word' id='word_1_529' title='bbox 2034 4308 2348 4364; x_wconf 86' lang='lat' dir='ltr'><strong>terramque</strong></span> 
     </span>
    </p>
   </div>
   <div class='ocr_carea' id='block_1_73' title="bbox 778 4386 2349 4478">
    <p class='ocr_par' dir='ltr' id='par_1_73' title="bbox 778 4386 2349 4478">
     <span class='ocr_line' id='line_1_73' title="bbox 778 4386 2349 4478; baseline -0.017 -13"><span class='ocrx_word' id='word_1_530' title='bbox 778 4424 944 4478; x_wconf 87' lang='lat' dir='ltr'><strong>supra</strong></span> <span class='ocrx_word' id='word_1_531' title='bbox 985 4421 1159 4476; x_wconf 86' lang='lat' dir='ltr'><strong>aquas</strong></span> <span class='ocrx_word' id='word_1_532' title='bbox 1191 4403 1430 4465; x_wconf 85' lang='lat' dir='ltr'><strong>statuit;</strong></span> <span class='ocrx_word' id='word_1_533' title='bbox 1466 4399 1760 4467; x_wconf 78' lang='lat' dir='ltr'><strong>effecitque</strong></span> <span class='ocrx_word' id='word_1_534' title='bbox 1806 4396 1861 4446; x_wconf 88' lang='lat' dir='ltr'><strong>in</strong></span> <span class='ocrx_word' id='word_1_535' title='bbox 1907 4393 1993 4445; x_wconf 85' lang='lat' dir='ltr'><strong>his</strong></span> <span class='ocrx_word' id='word_1_536' title='bbox 2022 4389 2206 4444; x_wconf 86' lang='lat' dir='ltr'><strong>omnia</strong></span> <span class='ocrx_word' id='word_1_537' title='bbox 2237 4386 2349 4441; x_wconf 82' lang='lat' dir='ltr'><strong>elli-</strong></span> 
     </span>
    </p>
   </div>
   <div class='ocr_carea' id='block_1_74' title="bbox 777 4486 2351 4561">
    <p class='ocr_par' dir='ltr' id='par_1_74' title="bbox 777 4486 2351 4561">
     <span class='ocr_line' id='line_1_74' title="bbox 777 4486 2351 4561; baseline -0.017 -6"><span class='ocrx_word' id='word_1_538' title='bbox 777 4503 1011 4555; x_wconf 82' lang='lat' dir='ltr'><strong>cac&#39;ttate</strong></span> <span class='ocrx_word' id='word_1_539' title='bbox 1048 4497 1215 4551; x_wconf 84' lang='lat' dir='ltr'><strong>l&#39;uturi</strong></span> <span class='ocrx_word' id='word_1_540' title='bbox 1280 4491 1622 4561; x_wconf 87' lang='lat' dir='ltr'><strong>providente,</strong></span> <span class='ocrx_word' id='word_1_541' title='bbox 1663 4498 1721 4541; x_wconf 83' lang='grc' dir='ltr'><strong>ιιι</strong></span> <span class='ocrx_word' id='word_1_542' title='bbox 1776 4489 1961 4545; x_wconf 87' lang='lat' dir='ltr'><strong>homo,</strong></span> <span class='ocrx_word' id='word_1_543' title='bbox 2018 4498 2179 4553; x_wconf 89' lang='lat' dir='ltr'><strong>quem</strong></span> <span class='ocrx_word' id='word_1_544' title='bbox 2230 4486 2351 4534; x_wconf 86' lang='lat' dir='ltr'><strong>erat</strong></span> 
     </span>
    </p>
   </div>
   <div class='ocr_carea' id='block_1_75' title="bbox 779 4575 2349 4653">
    <p class='ocr_par' dir='ltr' id='par_1_75' title="bbox 779 4575 2349 4653">
     <span class='ocr_line' id='line_1_75' title="bbox 779 4575 2349 4653; baseline -0.013 -7"><span class='ocrx_word' id='word_1_545' title='bbox 779 4594 1140 4653; x_wconf 79' lang='lat' dir='ltr'><strong>formaturus,</strong></span> <span class='ocrx_word' id='word_1_546' title='bbox 1196 4586 1344 4641; x_wconf 89' lang='lat' dir='ltr'><strong>nulla</strong></span> <span class='ocrx_word' id='word_1_547' title='bbox 1392 4582 1507 4636; x_wconf 90' lang='lat' dir='ltr'><strong>suis</strong></span> <span class='ocrx_word' id='word_1_548' title='bbox 1562 4578 1985 4634; x_wconf 87' lang='lat' dir='ltr'><strong>necessitatibus</strong></span> <span class='ocrx_word' id='word_1_549' title='bbox 2048 4575 2349 4641; x_wconf 87' lang='lat' dir='ltr'><strong>usibusque</strong></span> 
     </span>
    </p>
   </div>
   <div class='ocr_carea' id='block_1_76' title="bbox 779 4665 2348 4739">
    <p class='ocr_par' dir='ltr' id='par_1_76' title="bbox 779 4665 2348 4739">
     <span class='ocr_line' id='line_1_76' title="bbox 779 4665 2348 4739; baseline -0.014 -1"><span class='ocrx_word' id='word_1_550' title='bbox 779 4681 1064 4739; x_wconf 81' lang='lat' dir='ltr'><strong>commoda</strong></span> <span class='ocrx_word' id='word_1_551' title='bbox 1090 4694 1148 4733; x_wconf 88' lang='lat' dir='ltr'><strong>re</strong></span> <span class='ocrx_word' id='word_1_552' title='bbox 1171 4677 1584 4732; x_wconf 85' lang='lat' dir='ltr'><strong>destitueretur.</strong></span> <span class='ocrx_word' id='word_1_553' title='bbox 1623 4668 1858 4723; x_wconf 83' lang='lat' dir='ltr'><strong>Rursum</strong></span> <span class='ocrx_word' id='word_1_554' title='bbox 1895 4668 1949 4721; x_wconf 90' lang='lat' dir='ltr'><strong>in</strong></span> <span class='ocrx_word' id='word_1_555' title='bbox 1981 4668 2066 4721; x_wconf 91' lang='lat' dir='ltr'><strong>his</strong></span> <span class='ocrx_word' id='word_1_556' title='bbox 2096 4665 2205 4719; x_wconf 92' lang='lat' dir='ltr'><strong>duo</strong></span> <span class='ocrx_word' id='word_1_557' title='bbox 2230 4666 2348 4719; x_wconf 90' lang='lat' dir='ltr'><strong>loca</strong></span> 
     </span>
    </p>
   </div>
   <div class='ocr_carea' id='block_1_77' title="bbox 781 4759 2351 4840">
    <p class='ocr_par' dir='ltr' id='par_1_77' title="bbox 781 4759 2351 4840">
     <span class='ocr_line' id='line_1_77' title="bbox 781 4759 2351 4840; baseline -0.015 -8"><span class='ocrx_word' id='word_1_558' title='bbox 781 4775 1028 4832; x_wconf 85' lang='lat' dir='ltr'><strong>condidit</strong></span> <span class='ocrx_word' id='word_1_559' title='bbox 1052 4772 1402 4840; x_wconf 87' lang='lat' dir='ltr'><strong>sempiterna,</strong></span> <span class='ocrx_word' id='word_1_560' title='bbox 1423 4780 1656 4837; x_wconf 86' lang='lat' dir='ltr'><strong>quorum</strong></span> <span class='ocrx_word' id='word_1_561' title='bbox 1682 4764 1910 4816; x_wconf 91' lang='lat' dir='ltr'><strong>alterum</strong></span> <span class='ocrx_word' id='word_1_562' title='bbox 1940 4760 2057 4813; x_wconf 86' lang='lat' dir='ltr'><strong>luce</strong></span> <span class='ocrx_word' id='word_1_563' title='bbox 2080 4759 2351 4812; x_wconf 89' lang='lat' dir='ltr'><strong>illustrem</strong></span> 
     </span>
    </p>
   </div>
   <div class='ocr_carea' id='block_1_78' title="bbox 779 4847 2348 4928">
    <p class='ocr_par' dir='ltr' id='par_1_78' title="bbox 779 4847 2348 4928">
     <span class='ocr_line' id='line_1_78' title="bbox 779 4847 2348 4928; baseline -0.015 -7"><span class='ocrx_word' id='word_1_564' title='bbox 779 4866 1010 4921; x_wconf 88' lang='lat' dir='ltr'><strong>iuliuitis</strong></span> <span class='ocrx_word' id='word_1_565' title='bbox 1042 4863 1201 4917; x_wconf 91' lang='lat' dir='ltr'><strong>bouis</strong></span> <span class='ocrx_word' id='word_1_566' title='bbox 1237 4859 1488 4928; x_wconf 83' lang='lat' dir='ltr'><strong>replevit,</strong></span> <span class='ocrx_word' id='word_1_567' title='bbox 1537 4855 1769 4907; x_wconf 82' lang='lat' dir='ltr'><strong>alterum</strong></span> <span class='ocrx_word' id='word_1_568' title='bbox 1823 4850 2064 4905; x_wconf 88' lang='lat' dir='ltr'><strong>tenebris</strong></span> <span class='ocrx_word' id='word_1_569' title='bbox 2113 4847 2348 4901; x_wconf 89' lang='lat' dir='ltr'><strong>obsitum</strong></span> 
     </span>
    </p>
   </div>
   <div class='ocr_carea' id='block_1_79' title="bbox 780 4938 2353 5023">
    <p class='ocr_par' dir='ltr' id='par_1_79' title="bbox 780 4938 2353 5023">
     <span class='ocr_line' id='line_1_79' title="bbox 780 4938 2353 5023; baseline -0.013 -11"><span class='ocrx_word' id='word_1_570' title='bbox 780 4955 971 5012; x_wconf 62' lang='grc' dir='ltr'>λειοτηί</span> <span class='ocrx_word' id='word_1_571' title='bbox 1010 4955 1154 5023; x_wconf 56' lang='lat' dir='ltr'><strong>ignis</strong></span> <span class='ocrx_word' id='word_1_572' title='bbox 1202 4948 1488 5020; x_wconf 89' lang='lat' dir='ltr'><strong>suppliciis</strong></span> <span class='ocrx_word' id='word_1_573' title='bbox 1533 4943 1852 5004; x_wconf 74' lang='lat' dir='ltr'><strong>destinavit,</strong></span> <span class='ocrx_word' id='word_1_574' title='bbox 1911 4948 1971 4993; x_wconf 96' lang='lat' dir='ltr'><strong>ut</strong></span> <span class='ocrx_word' id='word_1_575' title='bbox 2009 4940 2098 5008; x_wconf 91' lang='lat' dir='ltr'><strong>qui</strong></span> <span class='ocrx_word' id='word_1_576' title='bbox 2147 4938 2195 4993; x_wconf 88' lang='lat' dir='ltr'><strong>ei</strong></span> <span class='ocrx_word' id='word_1_577' title='bbox 2232 4953 2353 4992; x_wconf 89' lang='lat' dir='ltr'><strong>sese</strong></span> 
     </span>
    </p>
   </div>
   <div class='ocr_carea' id='block_1_80' title="bbox 782 5029 2351 5116">
    <p class='ocr_par' dir='ltr' id='par_1_80' title="bbox 782 5029 2351 5116">
     <span class='ocr_line' id='line_1_80' title="bbox 782 5029 2351 5116; baseline -0.011 -16"><span class='ocrx_word' id='word_1_578' title='bbox 782 5048 1116 5116; x_wconf 86' lang='lat' dir='ltr'><strong>probassent</strong></span> <span class='ocrx_word' id='word_1_579' title='bbox 1148 5058 1323 5111; x_wconf 90' lang='lat' dir='ltr'><strong>neque</strong></span> <span class='ocrx_word' id='word_1_580' title='bbox 1382 5055 1412 5093; x_wconf 91' lang='lat' dir='ltr'><strong>a</strong></span> <span class='ocrx_word' id='word_1_581' title='bbox 1445 5037 1660 5093; x_wconf 83' lang='lat' dir='ltr'><strong>diabolo</strong></span> <span class='ocrx_word' id='word_1_582' title='bbox 1724 5050 1783 5089; x_wconf 92' lang='lat' dir='ltr'><strong>se</strong></span> <span class='ocrx_word' id='word_1_583' title='bbox 1837 5035 1890 5087; x_wconf 92' lang='lat' dir='ltr'><strong>in</strong></span> <span class='ocrx_word' id='word_1_584' title='bbox 1928 5035 2171 5086; x_wconf 82' lang='lat' dir='ltr'><strong>fraudem</strong></span> <span class='ocrx_word' id='word_1_585' title='bbox 2222 5029 2351 5084; x_wconf 90' lang='lat' dir='ltr'><strong>illici</strong></span> 
     </span>
    </p>
   </div>
   <div class='ocr_carea' id='block_1_81' title="bbox 782 5124 2352 5201">
    <p class='ocr_par' dir='ltr' id='par_1_81' title="bbox 782 5124 2352 5201">
     <span class='ocr_line' id='line_1_81' title="bbox 782 5124 2352 5201; baseline -0.012 -7"><span class='ocrx_word' id='word_1_586' title='bbox 782 5139 1066 5201; x_wconf 85' lang='lat' dir='ltr'><strong>sivissent,</strong></span> <span class='ocrx_word' id='word_1_587' title='bbox 1127 5135 1162 5188; x_wconf 91' lang='lat' dir='ltr'><strong>ii</strong></span> <span class='ocrx_word' id='word_1_588' title='bbox 1193 5134 1316 5188; x_wconf 68' lang='lat' dir='ltr'><strong>vitae</strong></span> <span class='ocrx_word' id='word_1_589' title='bbox 1368 5130 1605 5186; x_wconf 87' lang='lat' dir='ltr'><strong>restituti</strong></span> <span class='ocrx_word' id='word_1_590' title='bbox 1668 5129 1832 5197; x_wconf 91' lang='lat' dir='ltr'><strong>inque</strong></span> <span class='ocrx_word' id='word_1_591' title='bbox 1881 5127 2059 5180; x_wconf 90' lang='lat' dir='ltr'><strong>locum</strong></span> <span class='ocrx_word' id='word_1_592' title='bbox 2108 5124 2246 5177; x_wconf 83' lang='lat' dir='ltr'><strong>locis</strong></span> <span class='ocrx_word' id='word_1_593' title='bbox 2299 5130 2352 5176; x_wconf 90' lang='lat' dir='ltr'><strong>et</strong></span> 
     </span>
    </p>
   </div>
   <div class='ocr_carea' id='block_1_82' title="bbox 781 5216 2353 5291">
    <p class='ocr_par' dir='ltr' id='par_1_82' title="bbox 781 5216 2353 5291">
     <span class='ocr_line' id='line_1_82' title="bbox 781 5216 2353 5291; baseline -0.01 -7"><span class='ocrx_word' id='word_1_594' title='bbox 781 5232 1051 5284; x_wconf 89' lang='lat' dir='ltr'><strong>bonorqu</strong></span> <span class='ocrx_word' id='word_1_595' title='bbox 1109 5227 1373 5281; x_wconf 81' lang='lat' dir='ltr'><strong>refertqu</strong></span> <span class='ocrx_word' id='word_1_596' title='bbox 1446 5221 1645 5291; x_wconf 89' lang='lat' dir='ltr'><strong>recepti</strong></span> <span class='ocrx_word' id='word_1_597' title='bbox 1706 5228 1970 5273; x_wconf 59' lang='lat' dir='ltr'><strong>aeternum</strong></span> <span class='ocrx_word' id='word_1_598' title='bbox 2038 5230 2162 5270; x_wconf 90' lang='lat' dir='ltr'><strong>cum</strong></span> <span class='ocrx_word' id='word_1_599' title='bbox 2233 5216 2353 5284; x_wconf 92' lang='lat' dir='ltr'><strong>ipso</strong></span> 
     </span>
    </p>
   </div>
   <div class='ocr_carea' id='block_1_83' title="bbox 781 5310 2353 5391">
    <p class='ocr_par' dir='ltr' id='par_1_83' title="bbox 781 5310 2353 5391">
     <span class='ocr_line' id='line_1_83' title="bbox 781 5310 2353 5391; baseline -0.008 -14"><span class='ocrx_word' id='word_1_600' title='bbox 781 5330 1046 5391; x_wconf 80' lang='lat' dir='ltr'><strong>regnent;</strong></span> <span class='ocrx_word' id='word_1_601' title='bbox 1072 5322 1165 5391; x_wconf 88' lang='lat' dir='ltr'><strong>qui</strong></span> <span class='ocrx_word' id='word_1_602' title='bbox 1199 5336 1329 5375; x_wconf 86' lang='lat' dir='ltr'><strong>vero</strong></span> <span class='ocrx_word' id='word_1_603' title='bbox 1352 5320 1531 5387; x_wconf 91' lang='lat' dir='ltr'><strong>ipsum</strong></span> <span class='ocrx_word' id='word_1_604' title='bbox 1563 5316 1876 5370; x_wconf 84' lang='lat' dir='ltr'><strong>irritassent</strong></span> <span class='ocrx_word' id='word_1_605' title='bbox 1908 5311 2183 5366; x_wconf 89' lang='lat' dir='ltr'><strong>communi</strong></span> <span class='ocrx_word' id='word_1_606' title='bbox 2210 5310 2353 5365; x_wconf 89' lang='lat' dir='ltr'><strong>hosti</strong></span> 
     </span>
    </p>
   </div>
   <div class='ocr_carea' id='block_1_84' title="bbox 783 5404 2354 5477">
    <p class='ocr_par' dir='ltr' id='par_1_84' title="bbox 783 5404 2354 5477">
     <span class='ocr_line' id='line_1_84' title="bbox 783 5404 2354 5477; baseline -0.01 -5"><span class='ocrx_word' id='word_1_607' title='bbox 783 5415 1055 5477; x_wconf 86' lang='lat' dir='ltr'><strong>obsecuti,</strong></span> <span class='ocrx_word' id='word_1_608' title='bbox 1121 5428 1242 5465; x_wconf 90' lang='lat' dir='ltr'><strong>eum</strong></span> <span class='ocrx_word' id='word_1_609' title='bbox 1296 5412 1400 5465; x_wconf 88' lang='lat' dir='ltr'><strong>hoc</strong></span> <span class='ocrx_word' id='word_1_610' title='bbox 1461 5411 1515 5463; x_wconf 88' lang='lat' dir='ltr'><strong>in</strong></span> <span class='ocrx_word' id='word_1_611' title='bbox 1571 5407 1913 5462; x_wconf 87' lang='lat' dir='ltr'><strong>tenebricoso</strong></span> <span class='ocrx_word' id='word_1_612' title='bbox 1966 5404 2073 5458; x_wconf 89' lang='lat' dir='ltr'><strong>isto</strong></span> <span class='ocrx_word' id='word_1_613' title='bbox 2130 5418 2354 5457; x_wconf 88' lang='lat' dir='ltr'><strong>carcere</strong></span> 
     </span>
    </p>
   </div>
   <div class='ocr_carea' id='block_1_85' title="bbox 784 5496 2351 5573">
    <p class='ocr_par' dir='ltr' id='par_1_85' title="bbox 784 5496 2351 5573">
     <span class='ocr_line' id='line_1_85' title="bbox 784 5496 2351 5573; baseline -0.01 -10"><span class='ocrx_word' id='word_1_614' title='bbox 784 5509 906 5565; x_wconf 81' lang='lat' dir='ltr'><strong>sine</strong></span> <span class='ocrx_word' id='word_1_615' title='bbox 934 5507 1043 5560; x_wconf 90' lang='lat' dir='ltr'><strong>ﬁne</strong></span> <span class='ocrx_word' id='word_1_616' title='bbox 1101 5503 1366 5573; x_wconf 84' lang='lat' dir='ltr'><strong>supplicia</strong></span> <span class='ocrx_word' id='word_1_617' title='bbox 1419 5502 1631 5555; x_wconf 81' lang='lat' dir='ltr'><strong>luentes</strong></span> <span class='ocrx_word' id='word_1_618' title='bbox 1671 5500 1905 5569; x_wconf 89' lang='lat' dir='ltr'><strong>plorent.</strong></span> <span class='ocrx_word' id='word_1_619' title='bbox 1951 5496 2186 5551; x_wconf 87' lang='lat' dir='ltr'><strong>Proinde</strong></span> <span class='ocrx_word' id='word_1_620' title='bbox 2227 5510 2351 5550; x_wconf 90' lang='lat' dir='ltr'><strong>cum</strong></span> 
     </span>
    </p>
   </div>
   <div class='ocr_carea' id='block_1_86' title="bbox 785 5588 2352 5672">
    <p class='ocr_par' dir='ltr' id='par_1_86' title="bbox 785 5588 2352 5672">
     <span class='ocr_line' id='line_1_86' title="bbox 785 5588 2352 5672; baseline -0.008 -18"><span class='ocrx_word' id='word_1_621' title='bbox 785 5614 982 5672; x_wconf 87' lang='lat' dir='ltr'><strong>aquam</strong></span> <span class='ocrx_word' id='word_1_622' title='bbox 1014 5600 1083 5653; x_wconf 88' lang='lat' dir='ltr'><strong>ab</strong></span> <span class='ocrx_word' id='word_1_623' title='bbox 1112 5598 1257 5666; x_wconf 81' lang='lat' dir='ltr'><strong>igne,</strong></span> <span class='ocrx_word' id='word_1_624' title='bbox 1294 5595 1437 5650; x_wconf 87' lang='lat' dir='ltr'><strong>sicut</strong></span> <span class='ocrx_word' id='word_1_625' title='bbox 1462 5603 1513 5648; x_wconf 89' lang='lat' dir='ltr'><strong>et</strong></span> <span class='ocrx_word' id='word_1_626' title='bbox 1543 5594 1795 5647; x_wconf 87' lang='lat' dir='ltr'><strong>tenebras</strong></span> <span class='ocrx_word' id='word_1_627' title='bbox 1824 5606 1853 5645; x_wconf 88' lang='lat' dir='ltr'><strong>a</strong></span> <span class='ocrx_word' id='word_1_628' title='bbox 1879 5591 2022 5656; x_wconf 85' lang='lat' dir='ltr'><strong>luce,</strong></span> <span class='ocrx_word' id='word_1_629' title='bbox 2050 5588 2352 5651; x_wconf 88' lang='lat' dir='ltr'><strong>divisisset,</strong></span> 
     </span>
    </p>
   </div>
   <div class='ocr_carea' id='block_1_87' title="bbox 787 5681 2355 5760">
    <p class='ocr_par' dir='ltr' id='par_1_87' title="bbox 787 5681 2355 5760">
     <span class='ocr_line' id='line_1_87' title="bbox 787 5681 2355 5760; baseline -0.008 -16"><span class='ocrx_word' id='word_1_630' title='bbox 787 5707 850 5744; x_wconf 87' lang='lat' dir='ltr'><strong>ea</strong></span> <span class='ocrx_word' id='word_1_631' title='bbox 883 5706 977 5760; x_wconf 86' lang='lat' dir='ltr'><strong>per</strong></span> <span class='ocrx_word' id='word_1_632' title='bbox 1005 5704 1223 5743; x_wconf 90' lang='lat' dir='ltr'><strong>omnem</strong></span> <span class='ocrx_word' id='word_1_633' title='bbox 1271 5702 1428 5742; x_wconf 81' lang='lat' dir='ltr'><strong>suam</strong></span> <span class='ocrx_word' id='word_1_634' title='bbox 1482 5694 1791 5739; x_wconf 85' lang='lat' dir='ltr'><strong>creaturam</strong></span> <span class='ocrx_word' id='word_1_635' title='bbox 1845 5683 2075 5737; x_wconf 86' lang='lat' dir='ltr'><strong>minutis</strong></span> <span class='ocrx_word' id='word_1_636' title='bbox 2109 5681 2355 5750; x_wconf 88' lang='lat' dir='ltr'><strong>partibus</strong></span> 
     </span>
    </p>
   </div>
   <div class='ocr_carea' id='block_1_88' title="bbox 787 5756 2353 5849">
    <p class='ocr_par' dir='ltr' id='par_1_88' title="bbox 787 5756 2353 5849">
     <span class='ocr_line' id='line_1_88' title="bbox 787 5756 2353 5849; baseline -0.007 -13"><span class='ocrx_word' id='word_1_637' title='bbox 787 5781 1089 5836; x_wconf 90' lang='lat' dir='ltr'><strong>distribuit.</strong></span> <span class='ocrx_word' id='word_1_638' title='bbox 1155 5780 1345 5849; x_wconf 82' lang='lat' dir='ltr'><strong>Itaque</strong></span> <span class='ocrx_word' id='word_1_639' title='bbox 1402 5785 1458 5831; x_wconf 86' lang='lat' dir='ltr'><strong>et</strong></span> <span class='ocrx_word' id='word_1_640' title='bbox 1513 5791 1653 5846; x_wconf 88' lang='lat' dir='ltr'><strong>aqua</strong></span> <span class='ocrx_word' id='word_1_641' title='bbox 1719 5790 1885 5845; x_wconf 91' lang='lat' dir='ltr'><strong>supra</strong></span> <span class='ocrx_word' id='word_1_642' title='bbox 1949 5756 2353 5828; x_wconf 86' lang='lat' dir='ltr'><strong>ﬁrmamentum</strong></span> 
     </span>
    </p>
   </div>
   <div class='ocr_carea' id='block_1_89' title="bbox 787 5867 2348 5946">
    <p class='ocr_par' dir='ltr' id='par_1_89' title="bbox 787 5867 2348 5946">
     <span class='ocr_line' id='line_1_89' title="bbox 787 5867 2348 5946; baseline -0.006 -17"><span class='ocrx_word' id='word_1_643' title='bbox 787 5873 953 5946; x_wconf 66' lang='lat'><strong>426</strong></span> <span class='ocrx_word' id='word_1_644' title='bbox 983 5883 1063 5928; x_wconf 87' lang='lat' dir='ltr'><strong>est</strong></span> <span class='ocrx_word' id='word_1_645' title='bbox 1090 5875 1255 5929; x_wconf 69' lang='lat' dir='ltr'><strong>aether</strong></span> <span class='ocrx_word' id='word_1_646' title='bbox 1276 5890 1291 5941; x_wconf 82' lang='lat'><strong>;</strong></span> <span class='ocrx_word' id='word_1_647' title='bbox 1315 5881 1367 5928; x_wconf 90' lang='lat' dir='ltr'><strong>et</strong></span> <span class='ocrx_word' id='word_1_648' title='bbox 1399 5881 1483 5927; x_wconf 87' lang='lat' dir='ltr'><strong>est</strong></span> <span class='ocrx_word' id='word_1_649' title='bbox 1509 5872 1649 5943; x_wconf 77' lang='lat' dir='ltr'><strong>ignis</strong></span> <span class='ocrx_word' id='word_1_650' title='bbox 1670 5878 1832 5939; x_wconf 83' lang='lat' dir='ltr'><strong>atque</strong></span> <span class='ocrx_word' id='word_1_651' title='bbox 1872 5885 2011 5938; x_wconf 87' lang='lat' dir='ltr'><strong>aqua</strong></span> <span class='ocrx_word' id='word_1_652' title='bbox 2068 5867 2211 5922; x_wconf 82' lang='lat' dir='ltr'><strong>infra</strong></span> <span class='ocrx_word' id='word_1_653' title='bbox 2244 5874 2348 5922; x_wconf 85' lang='lat' dir='ltr'><strong>ter-</strong></span> 
     </span>
    </p>
   </div>
   <div class='ocr_carea' id='block_1_90' title="bbox 2444 3392 4015 3463">
    <p class='ocr_par' dir='ltr' id='par_1_90' title="bbox 2444 3392 4015 3463">
     <span class='ocr_line' id='line_1_90' title="bbox 2444 3392 4015 3463; baseline 0.001 -20"><span class='ocrx_word' id='word_1_654' title='bbox 2444 3394 2537 3444; x_wconf 75' lang='grc' dir='ltr'><strong>καὶ</strong></span> <span class='ocrx_word' id='word_1_655' title='bbox 2590 3395 2648 3445; x_wconf 88' lang='grc' dir='ltr'><strong>ἐν</strong></span> <span class='ocrx_word' id='word_1_656' title='bbox 2711 3392 2789 3462; x_wconf 83' lang='grc' dir='ltr'>τῷ</span> <span class='ocrx_word' id='word_1_657' title='bbox 2829 3394 3286 3463; x_wconf 73' lang='grc' dir='ltr'>Πυριφλεγέθοντι</span> <span class='ocrx_word' id='word_1_658' title='bbox 3347 3395 3441 3448; x_wconf 76' lang='grc' dir='ltr'>καὶ</span> <span class='ocrx_word' id='word_1_659' title='bbox 3488 3396 3545 3445; x_wconf 86' lang='grc' dir='ltr'><strong>ἐν</strong></span> <span class='ocrx_word' id='word_1_660' title='bbox 3597 3395 3675 3463; x_wconf 81' lang='grc' dir='ltr'>τῷ</span> <span class='ocrx_word' id='word_1_661' title='bbox 3719 3395 4015 3462; x_wconf 77' lang='grc' dir='ltr'>Ταρτάρῳ,</span> 
     </span>
    </p>
   </div>
   <div class='ocr_carea' id='block_1_91' title="bbox 2444 3485 4018 3555">
    <p class='ocr_par' dir='ltr' id='par_1_91' title="bbox 2444 3485 4018 3555">
     <span class='ocr_line' id='line_1_91' title="bbox 2444 3485 4018 3555; baseline 0 -18"><span class='ocrx_word' id='word_1_662' title='bbox 2444 3485 2600 3537; x_wconf 63' lang='lat' dir='ltr'><strong>amvi</strong></span> <span class='ocrx_word' id='word_1_663' title='bbox 2664 3486 2770 3537; x_wconf 90' lang='grc' dir='ltr'>εἰσι</span> <span class='ocrx_word' id='word_1_664' title='bbox 2830 3487 2889 3538; x_wconf 90' lang='grc' dir='ltr'><strong>ἐν</strong></span> <span class='ocrx_word' id='word_1_665' title='bbox 2938 3485 3015 3555; x_wconf 85' lang='grc' dir='ltr'>τῷ</span> <span class='ocrx_word' id='word_1_666' title='bbox 3062 3485 3210 3554; x_wconf 85' lang='grc' dir='ltr'>βάθει</span> <span class='ocrx_word' id='word_1_667' title='bbox 3254 3486 3353 3555; x_wconf 76' lang='grc' dir='ltr'>τῆς</span> <span class='ocrx_word' id='word_1_668' title='bbox 3387 3486 3508 3554; x_wconf 75' lang='grc' dir='ltr'>γῆς.</span> <span class='ocrx_word' id='word_1_669' title='bbox 3556 3488 3663 3538; x_wconf 72' lang='grc' dir='ltr'>Καὶ</span> <span class='ocrx_word' id='word_1_670' title='bbox 3712 3485 3882 3538; x_wconf 85' lang='grc' dir='ltr'>ταῦτα</span> <span class='ocrx_word' id='word_1_671' title='bbox 3916 3487 4018 3555; x_wconf 80' lang='grc' dir='ltr'>μὲν</span> 
     </span>
    </p>
   </div>
   <div class='ocr_carea' id='block_1_92' title="bbox 2444 3577 4018 3649">
    <p class='ocr_par' dir='ltr' id='par_1_92' title="bbox 2444 3577 4018 3649">
     <span class='ocr_line' id='line_1_92' title="bbox 2444 3577 4018 3649; baseline 0 -21"><span class='ocrx_word' id='word_1_672' title='bbox 2444 3577 2638 3629; x_wconf 86' lang='grc' dir='ltr'>ἐκεῖνοι</span> <span class='ocrx_word' id='word_1_673' title='bbox 2672 3578 2809 3649; x_wconf 87' lang='grc' dir='ltr'>πρὸς</span> <span class='ocrx_word' id='word_1_674' title='bbox 2840 3579 2967 3641; x_wconf 81' lang='grc' dir='ltr'>τοὺς</span> <span class='ocrx_word' id='word_1_675' title='bbox 2994 3580 3113 3631; x_wconf 73' lang='grc' dir='ltr'>κατ’</span> <span class='ocrx_word' id='word_1_676' title='bbox 3147 3582 3324 3632; x_wconf 83' lang='grc' dir='ltr'>ἐκεῖνο</span> <span class='ocrx_word' id='word_1_677' title='bbox 3377 3579 3571 3649; x_wconf 62' lang='grc' dir='ltr'>καιροῦ</span> <span class='ocrx_word' id='word_1_678' title='bbox 3620 3578 4018 3645; x_wconf 73' lang='grc' dir='ltr'>διαποροῦντας</span> 
     </span>
    </p>
   </div>
   <div class='ocr_carea' id='block_1_93' title="bbox 2448 3669 4019 3742">
    <p class='ocr_par' dir='ltr' id='par_1_93' title="bbox 2448 3669 4019 3742">
     <span class='ocr_line' id='line_1_93' title="bbox 2448 3669 4019 3742; baseline 0.001 -21"><span class='ocrx_word' id='word_1_679' title='bbox 2448 3669 2737 3737; x_wconf 80' lang='grc' dir='ltr'>Ἕλληνας.</span> <span class='ocrx_word' id='word_1_680' title='bbox 2787 3670 2844 3722; x_wconf 85' lang='grc' dir='ltr'>Ὀ</span> <span class='ocrx_word' id='word_1_681' title='bbox 2882 3671 2937 3723; x_wconf 78' lang='grc' dir='ltr'>δὲ</span> <span class='ocrx_word' id='word_1_682' title='bbox 2976 3670 3118 3733; x_wconf 85' lang='grc' dir='ltr'>θεῖος</span> <span class='ocrx_word' id='word_1_683' title='bbox 3142 3672 3437 3742; x_wconf 86' lang='grc' dir='ltr'>Πατρίκιος</span> <span class='ocrx_word' id='word_1_684' title='bbox 3477 3672 3575 3723; x_wconf 64' lang='grc' dir='ltr'>καὶ</span> <span class='ocrx_word' id='word_1_685' title='bbox 3627 3674 3724 3737; x_wconf 85' lang='grc' dir='ltr'>τῆς</span> <span class='ocrx_word' id='word_1_686' title='bbox 3762 3669 4019 3738; x_wconf 82' lang='grc' dir='ltr'>Προύσης</span> 
     </span>
    </p>
   </div>
   <div class='ocr_carea' id='block_1_94' title="bbox 2445 3762 4018 3834">
    <p class='ocr_par' dir='ltr' id='par_1_94' title="bbox 2445 3762 4018 3834">
     <span class='ocr_line' id='line_1_94' title="bbox 2445 3762 4018 3834; baseline 0.001 -21"><span class='ocrx_word' id='word_1_687' title='bbox 2445 3762 2744 3825; x_wconf 74' lang='grc' dir='ltr'>ἐπίσκοπος</span> <span class='ocrx_word' id='word_1_688' title='bbox 2770 3762 2865 3815; x_wconf 77' lang='grc' dir='ltr'>καὶ</span> <span class='ocrx_word' id='word_1_689' title='bbox 2903 3762 3116 3833; x_wconf 84' lang='grc' dir='ltr'>μάρτυς</span> <span class='ocrx_word' id='word_1_690' title='bbox 3160 3763 3297 3834; x_wconf 79' lang='grc' dir='ltr'>πρὸς</span> <span class='ocrx_word' id='word_1_691' title='bbox 3327 3762 3421 3815; x_wconf 85' lang='grc' dir='ltr'>τὸν</span> <span class='ocrx_word' id='word_1_692' title='bbox 3454 3763 3717 3832; x_wconf 76' lang='grc' dir='ltr'>δικαστὴν</span> <span class='ocrx_word' id='word_1_693' title='bbox 3765 3762 4018 3814; x_wconf 81' lang='grc' dir='ltr'>ἀνθύπα-</span> 
     </span>
    </p>
   </div>
   <div class='ocr_carea' id='block_1_95' title="bbox 2447 3851 4021 3923">
    <p class='ocr_par' dir='ltr' id='par_1_95' title="bbox 2447 3851 4021 3923">
     <span class='ocr_line' id='line_1_95' title="bbox 2447 3851 4021 3923; baseline -0.001 -18"><span class='ocrx_word' id='word_1_694' title='bbox 2447 3870 2557 3916; x_wconf 84' lang='grc' dir='ltr'>τον,</span> <span class='ocrx_word' id='word_1_695' title='bbox 2592 3854 2884 3923; x_wconf 77' lang='grc' dir='ltr'>ἐρωτηθεὶς</span> <span class='ocrx_word' id='word_1_696' title='bbox 2912 3854 3006 3905; x_wconf 79' lang='grc' dir='ltr'>ἐπὶ</span> <span class='ocrx_word' id='word_1_697' title='bbox 3036 3853 3166 3907; x_wconf 86' lang='grc' dir='ltr'>λαοῦ</span> <span class='ocrx_word' id='word_1_698' title='bbox 3200 3854 3293 3905; x_wconf 80' lang='grc' dir='ltr'>καὶ</span> <span class='ocrx_word' id='word_1_699' title='bbox 3326 3853 3497 3922; x_wconf 74' lang='grc' dir='ltr'>δήμου</span> <span class='ocrx_word' id='word_1_700' title='bbox 3544 3851 3801 3921; x_wconf 70' lang='grc' dir='ltr'>περὶτῶν</span> <span class='ocrx_word' id='word_1_701' title='bbox 3857 3853 4021 3903; x_wconf 81' lang='grc' dir='ltr'>αὐτο-</span> 
     </span>
    </p>
   </div>
   <div class='ocr_carea' id='block_1_96' title="bbox 2448 3944 4021 4015">
    <p class='ocr_par' dir='ltr' id='par_1_96' title="bbox 2448 3944 4021 4015">
     <span class='ocr_line' id='line_1_96' title="bbox 2448 3944 4021 4015; baseline 0.001 -19"><span class='ocrx_word' id='word_1_702' title='bbox 2448 3946 2600 4014; x_wconf 83' lang='grc' dir='ltr'>φυῶν</span> <span class='ocrx_word' id='word_1_703' title='bbox 2640 3946 2801 3998; x_wconf 87' lang='grc' dir='ltr'>πόθεν</span> <span class='ocrx_word' id='word_1_704' title='bbox 2829 3946 3130 4015; x_wconf 81' lang='grc' dir='ltr'>ἐξέρχεται,</span> <span class='ocrx_word' id='word_1_705' title='bbox 3164 3945 3339 4009; x_wconf 83' lang='grc' dir='ltr'>οῦτως</span> <span class='ocrx_word' id='word_1_706' title='bbox 3364 3947 3635 4015; x_wconf 81' lang='grc' dir='ltr'>ἀπεκρίθη</span> <span class='ocrx_word' id='word_1_707' title='bbox 3664 3962 3677 3975; x_wconf 88' lang='grc'><strong>·</strong></span> <span class='ocrx_word' id='word_1_708' title='bbox 3713 3944 3774 3997; x_wconf 85' lang='grc' dir='ltr'>Ὀ</span> <span class='ocrx_word' id='word_1_709' title='bbox 3824 3944 4021 4006; x_wconf 80' lang='grc' dir='ltr'>κτίσας</span> 
     </span>
    </p>
   </div>
   <div class='ocr_carea' id='block_1_97' title="bbox 2447 4037 4021 4109">
    <p class='ocr_par' dir='ltr' id='par_1_97' title="bbox 2447 4037 4021 4109">
     <span class='ocr_line' id='line_1_97' title="bbox 2447 4037 4021 4109; baseline -0.001 -19"><span class='ocrx_word' id='word_1_710' title='bbox 2447 4039 2580 4102; x_wconf 86' lang='grc' dir='ltr'>Θεὸς</span> <span class='ocrx_word' id='word_1_711' title='bbox 2615 4040 2724 4108; x_wconf 85' lang='grc' dir='ltr'><strong>πῦρ</strong></span> <span class='ocrx_word' id='word_1_712' title='bbox 2752 4040 2844 4091; x_wconf 74' lang='grc' dir='ltr'>καὶ</span> <span class='ocrx_word' id='word_1_713' title='bbox 2881 4038 3026 4109; x_wconf 79' lang='grc' dir='ltr'>ὕδωρ</span> <span class='ocrx_word' id='word_1_714' title='bbox 3068 4038 3127 4102; x_wconf 80' lang='grc' dir='ltr'><strong>ἐξ</strong></span> <span class='ocrx_word' id='word_1_715' title='bbox 3158 4040 3258 4090; x_wconf 71' lang='grc' dir='ltr'>οὒκ</span> <span class='ocrx_word' id='word_1_716' title='bbox 3308 4038 3478 4090; x_wconf 75' lang='grc' dir='ltr'>ὄντων</span> <span class='ocrx_word' id='word_1_717' title='bbox 3540 4037 3757 4099; x_wconf 81' lang='grc' dir='ltr'>οὐσιῶν,</span> <span class='ocrx_word' id='word_1_718' title='bbox 3809 4039 3902 4089; x_wconf 79' lang='grc' dir='ltr'>καὶ</span> <span class='ocrx_word' id='word_1_719' title='bbox 3952 4039 4021 4088; x_wconf 86' lang='grc' dir='ltr'><strong>ἐκ</strong></span> 
     </span>
    </p>
   </div>
   <div class='ocr_carea' id='block_1_98' title="bbox 2450 4129 4021 4200">
    <p class='ocr_par' dir='ltr' id='par_1_98' title="bbox 2450 4129 4021 4200">
     <span class='ocr_line' id='line_1_98' title="bbox 2450 4129 4021 4200; baseline 0 -18"><span class='ocrx_word' id='word_1_720' title='bbox 2450 4129 2551 4199; x_wconf 75' lang='grc' dir='ltr'>μὲν</span> <span class='ocrx_word' id='word_1_721' title='bbox 2578 4129 2669 4200; x_wconf 87' lang='grc' dir='ltr'><strong>τοῦ</strong></span> <span class='ocrx_word' id='word_1_722' title='bbox 2696 4130 2862 4200; x_wconf 73' lang='grc' dir='ltr'>πυρὸς</span> <span class='ocrx_word' id='word_1_723' title='bbox 2892 4131 3007 4199; x_wconf 82' lang='grc' dir='ltr'><strong>φῶς</strong></span> <span class='ocrx_word' id='word_1_724' title='bbox 3031 4133 3121 4183; x_wconf 77' lang='grc' dir='ltr'>καὶ</span> <span class='ocrx_word' id='word_1_725' title='bbox 3146 4130 3297 4200; x_wconf 76' lang='grc' dir='ltr'>ἥλιον</span> <span class='ocrx_word' id='word_1_726' title='bbox 3337 4132 3432 4183; x_wconf 73' lang='grc' dir='ltr'><strong>καὶ</strong></span> <span class='ocrx_word' id='word_1_727' title='bbox 3460 4132 3586 4192; x_wconf 78' lang='grc' dir='ltr'>τοὺς</span> <span class='ocrx_word' id='word_1_728' title='bbox 3608 4130 3829 4192; x_wconf 73' lang='grc' dir='ltr'>λοιποὺς</span> <span class='ocrx_word' id='word_1_729' title='bbox 3855 4130 4021 4183; x_wconf 79' lang='grc' dir='ltr'>ἀστέ-</span> 
     </span>
    </p>
   </div>
   <div class='ocr_carea' id='block_1_99' title="bbox 2452 4220 4024 4292">
    <p class='ocr_par' dir='ltr' id='par_1_99' title="bbox 2452 4220 4024 4292">
     <span class='ocr_line' id='line_1_99' title="bbox 2452 4220 4024 4292; baseline 0 -21"><span class='ocrx_word' id='word_1_730' title='bbox 2452 4236 2549 4290; x_wconf 86' lang='grc' dir='ltr'><strong>ρας</strong></span> <span class='ocrx_word' id='word_1_731' title='bbox 2606 4222 3019 4283; x_wconf 80' lang='grc' dir='ltr'>κατασκευάσας</span> <span class='ocrx_word' id='word_1_732' title='bbox 3071 4221 3232 4291; x_wconf 86' lang='grc' dir='ltr'>λόγῳ,</span> <span class='ocrx_word' id='word_1_733' title='bbox 3286 4220 3618 4292; x_wconf 84' lang='grc' dir='ltr'>προσέταξεν</span> <span class='ocrx_word' id='word_1_734' title='bbox 3661 4220 3844 4282; x_wconf 72' lang='grc' dir='ltr'>αὐτοῖς</span> <span class='ocrx_word' id='word_1_735' title='bbox 3883 4220 4024 4289; x_wconf 79' lang='grc' dir='ltr'>ἡμέ-</span> 
     </span>
    </p>
   </div>
   <div class='ocr_carea' id='block_1_100' title="bbox 2452 4312 4022 4385">
    <p class='ocr_par' dir='ltr' id='par_1_100' title="bbox 2452 4312 4022 4385">
     <span class='ocr_line' id='line_1_100' title="bbox 2452 4312 4022 4385; baseline -0.002 -19"><span class='ocrx_word' id='word_1_736' title='bbox 2452 4331 2553 4385; x_wconf 89' lang='grc' dir='ltr'><strong>ραν</strong></span> <span class='ocrx_word' id='word_1_737' title='bbox 2583 4313 2679 4366; x_wconf 77' lang='grc' dir='ltr'><strong>καὶ</strong></span> <span class='ocrx_word' id='word_1_738' title='bbox 2706 4313 2878 4367; x_wconf 86' lang='grc' dir='ltr'>νύκτα</span> <span class='ocrx_word' id='word_1_739' title='bbox 2914 4313 3193 4384; x_wconf 64' lang='grc' dir='ltr'>δᾳδουχεῖν</span> <span class='ocrx_word' id='word_1_740' title='bbox 3216 4330 3229 4343; x_wconf 77' lang='grc' dir='ltr'><strong>ο</strong></span> <span class='ocrx_word' id='word_1_741' title='bbox 3262 4314 3499 4384; x_wconf 81' lang='grc' dir='ltr'>τοσαύτη</span> <span class='ocrx_word' id='word_1_742' title='bbox 3528 4314 3637 4384; x_wconf 82' lang='grc' dir='ltr'>γὰρ</span> <span class='ocrx_word' id='word_1_743' title='bbox 3665 4313 3830 4366; x_wconf 81' lang='grc' dir='ltr'>αὑτοῦ</span> <span class='ocrx_word' id='word_1_744' title='bbox 3862 4313 3896 4379; x_wconf 82' lang='grc' dir='ltr'>ἠ</span> <span class='ocrx_word' id='word_1_745' title='bbox 3927 4312 3989 4364; x_wconf 77' lang='grc' dir='ltr'><strong>δῦ</strong></span> <span class='ocrx_word' id='word_1_746' title='bbox 4009 4343 4022 4351; x_wconf 79' lang='grc' dir='ltr'><strong><em>ο</em></strong></span> 
     </span>
    </p>
   </div>
   <div class='ocr_carea' id='block_1_101' title="bbox 2449 4400 4027 4470">
    <p class='ocr_par' dir='ltr' id='par_1_101' title="bbox 2449 4400 4027 4470">
     <span class='ocr_line' id='line_1_101' title="bbox 2449 4400 4027 4470; baseline -0.003 -15"><span class='ocrx_word' id='word_1_747' title='bbox 2449 4419 2615 4470; x_wconf 88' lang='grc' dir='ltr'>ναμις</span> <span class='ocrx_word' id='word_1_748' title='bbox 2667 4404 2790 4454; x_wconf 84' lang='grc' dir='ltr'>ὅσον</span> <span class='ocrx_word' id='word_1_749' title='bbox 2836 4403 2929 4455; x_wconf 75' lang='grc' dir='ltr'>καὶ</span> <span class='ocrx_word' id='word_1_750' title='bbox 2960 4403 3021 4455; x_wconf 76' lang='grc' dir='ltr'><strong>τὸ</strong></span> <span class='ocrx_word' id='word_1_751' title='bbox 3050 4402 3289 4470; x_wconf 81' lang='grc' dir='ltr'>θέλημα.</span> <span class='ocrx_word' id='word_1_752' title='bbox 3328 4403 3421 4455; x_wconf 87' lang='grc' dir='ltr'>Ἐκ</span> <span class='ocrx_word' id='word_1_753' title='bbox 3457 4404 3515 4455; x_wconf 86' lang='grc' dir='ltr'><strong>δέ</strong></span> <span class='ocrx_word' id='word_1_754' title='bbox 3566 4402 3657 4455; x_wconf 90' lang='grc' dir='ltr'><strong>τοῦ</strong></span> <span class='ocrx_word' id='word_1_755' title='bbox 3718 4400 3906 4462; x_wconf 79' lang='grc' dir='ltr'>ὓδατος</span> <span class='ocrx_word' id='word_1_756' title='bbox 3961 4401 4027 4452; x_wconf 74' lang='grc' dir='ltr'><strong>τὸ</strong></span> 
     </span>
    </p>
   </div>
   <div class='ocr_carea' id='block_1_102' title="bbox 2452 4492 4028 4564">
    <p class='ocr_par' dir='ltr' id='par_1_102' title="bbox 2452 4492 4028 4564">
     <span class='ocr_line' id='line_1_102' title="bbox 2452 4492 4028 4564; baseline 0 -20"><span class='ocrx_word' id='word_1_757' title='bbox 2452 4493 2738 4562; x_wconf 81' lang='grc' dir='ltr'>στερέωμα</span> <span class='ocrx_word' id='word_1_758' title='bbox 2787 4492 2883 4545; x_wconf 89' lang='grc' dir='ltr'><strong>τοῦ</strong></span> <span class='ocrx_word' id='word_1_759' title='bbox 2924 4493 3155 4564; x_wconf 80' lang='grc' dir='ltr'>οὐρανοῦ</span> <span class='ocrx_word' id='word_1_760' title='bbox 3193 4493 3504 4561; x_wconf 77' lang='grc' dir='ltr'>συμπήξας,</span> <span class='ocrx_word' id='word_1_761' title='bbox 3556 4494 3649 4545; x_wconf 70' lang='grc' dir='ltr'><strong>καὶ</strong></span> <span class='ocrx_word' id='word_1_762' title='bbox 3702 4492 3808 4560; x_wconf 77' lang='grc' dir='ltr'>γῆν</span> <span class='ocrx_word' id='word_1_763' title='bbox 3837 4492 4028 4544; x_wconf 76' lang='grc' dir='ltr'>ἐπάνω</span> 
     </span>
    </p>
   </div>
   <div class='ocr_carea' id='block_1_103' title="bbox 2452 4584 4027 4654">
    <p class='ocr_par' dir='ltr' id='par_1_103' title="bbox 2452 4584 4027 4654">
     <span class='ocr_line' id='line_1_103' title="bbox 2452 4584 4027 4654; baseline -0.001 -18"><span class='ocrx_word' id='word_1_764' title='bbox 2452 4585 2560 4636; x_wconf 81' lang='grc' dir='ltr'>τῶν</span> <span class='ocrx_word' id='word_1_765' title='bbox 2600 4586 2808 4639; x_wconf 62' lang='grc' dir='ltr'>ὑδάτων</span> <span class='ocrx_word' id='word_1_766' title='bbox 2838 4584 3088 4654; x_wconf 82' lang='grc' dir='ltr'>ἐδράσας,</span> <span class='ocrx_word' id='word_1_767' title='bbox 3134 4586 3357 4654; x_wconf 87' lang='grc' dir='ltr'>ἐποίησε</span> <span class='ocrx_word' id='word_1_768' title='bbox 3389 4586 3459 4639; x_wconf 80' lang='grc' dir='ltr'>τὰ</span> <span class='ocrx_word' id='word_1_769' title='bbox 3513 4586 3572 4637; x_wconf 86' lang='grc' dir='ltr'><strong>ἐν</strong></span> <span class='ocrx_word' id='word_1_770' title='bbox 3610 4586 3793 4647; x_wconf 82' lang='grc' dir='ltr'>αὐτοῖς</span> <span class='ocrx_word' id='word_1_771' title='bbox 3847 4584 4027 4636; x_wconf 71' lang='grc' dir='ltr'>πάντα</span> 
     </span>
    </p>
   </div>
   <div class='ocr_carea' id='block_1_104' title="bbox 2456 4675 4025 4748">
    <p class='ocr_par' dir='ltr' id='par_1_104' title="bbox 2456 4675 4025 4748">
     <span class='ocr_line' id='line_1_104' title="bbox 2456 4675 4025 4748; baseline -0.001 -20"><span class='ocrx_word' id='word_1_772' title='bbox 2456 4680 2843 4748; x_wconf 82' lang='grc' dir='ltr'>προγνωστικῇ</span> <span class='ocrx_word' id='word_1_773' title='bbox 2904 4678 3175 4747; x_wconf 72' lang='grc' dir='ltr'>ἐνεργείᾳ,</span> <span class='ocrx_word' id='word_1_774' title='bbox 3233 4677 3319 4729; x_wconf 84' lang='grc' dir='ltr'>ἵνα</span> <span class='ocrx_word' id='word_1_775' title='bbox 3360 4679 3389 4730; x_wconf 87' lang='grc' dir='ltr'>ὁ</span> <span class='ocrx_word' id='word_1_776' title='bbox 3430 4677 3637 4745; x_wconf 85' lang='grc' dir='ltr'>μέλλων</span> <span class='ocrx_word' id='word_1_777' title='bbox 3685 4676 3814 4746; x_wconf 83' lang='grc' dir='ltr'>παρ’</span> <span class='ocrx_word' id='word_1_778' title='bbox 3856 4675 4025 4728; x_wconf 73' lang='grc' dir='ltr'>αὐτοῦ</span> 
     </span>
    </p>
   </div>
   <div class='ocr_carea' id='block_1_105' title="bbox 2457 4768 4025 4842">
    <p class='ocr_par' dir='ltr' id='par_1_105' title="bbox 2457 4768 4025 4842">
     <span class='ocr_line' id='line_1_105' title="bbox 2457 4768 4025 4842; baseline -0.003 -22"><span class='ocrx_word' id='word_1_779' title='bbox 2457 4769 2868 4842; x_wconf 79' lang='grc' dir='ltr'>πλασθήσεσθαι</span> <span class='ocrx_word' id='word_1_780' title='bbox 2918 4769 3204 4837; x_wconf 79' lang='grc' dir='ltr'>ἄνθρωπος</span> <span class='ocrx_word' id='word_1_781' title='bbox 3260 4769 3486 4837; x_wconf 74' lang='grc' dir='ltr'>μηδενὸς</span> <span class='ocrx_word' id='word_1_782' title='bbox 3534 4770 3642 4819; x_wconf 85' lang='grc' dir='ltr'>τῶν</span> <span class='ocrx_word' id='word_1_783' title='bbox 3703 4768 4025 4834; x_wconf 79' lang='grc' dir='ltr'>ἀναγκαίων</span> 
     </span>
    </p>
   </div>
   <div class='ocr_carea' id='block_1_106' title="bbox 2455 4849 4027 4926">
    <p class='ocr_par' dir='ltr' id='par_1_106' title="bbox 2455 4849 4027 4926">
     <span class='ocr_line' id='line_1_106' title="bbox 2455 4849 4027 4926; baseline -0.004 -17"><span class='ocrx_word' id='word_1_784' title='bbox 2455 4858 2551 4909; x_wconf 70' lang='grc' dir='ltr'>καὶ</span> <span class='ocrx_word' id='word_1_785' title='bbox 2586 4856 2974 4926; x_wconf 71' lang='grc' dir='ltr'>συμφερόντων</span> <span class='ocrx_word' id='word_1_786' title='bbox 3014 4857 3093 4917; x_wconf 89' lang='grc' dir='ltr'>εἰς</span> <span class='ocrx_word' id='word_1_787' title='bbox 3121 4856 3316 4925; x_wconf 80' lang='grc' dir='ltr'>χρῆσιν</span> <span class='ocrx_word' id='word_1_788' title='bbox 3363 4854 3610 4907; x_wconf 82' lang='grc' dir='ltr'>ἐνδεῖται.</span> <span class='ocrx_word' id='word_1_789' title='bbox 3658 4854 3746 4906; x_wconf 80' lang='grc' dir='ltr'>Ἐν</span> <span class='ocrx_word' id='word_1_790' title='bbox 3798 4849 3880 4916; x_wconf 75' lang='grc' dir='ltr'>οἷς</span> <span class='ocrx_word' id='word_1_791' title='bbox 3931 4852 4027 4904; x_wconf 71' lang='grc' dir='ltr'>δύο</span> 
     </span>
    </p>
   </div>
   <div class='ocr_carea' id='block_1_107' title="bbox 2455 4945 4028 5016">
    <p class='ocr_par' dir='ltr' id='par_1_107' title="bbox 2455 4945 4028 5016">
     <span class='ocr_line' id='line_1_107' title="bbox 2455 4945 4028 5016; baseline -0.003 -16"><span class='ocrx_word' id='word_1_792' title='bbox 2455 4949 2653 5009; x_wconf 85' lang='grc' dir='ltr'>τόπους</span> <span class='ocrx_word' id='word_1_793' title='bbox 2679 4947 3008 5016; x_wconf 76' lang='grc' dir='ltr'>εὐτρεπίσας</span> <span class='ocrx_word' id='word_1_794' title='bbox 3039 4945 3199 4997; x_wconf 84' lang='grc' dir='ltr'>πάλιν</span> <span class='ocrx_word' id='word_1_795' title='bbox 3229 4947 3453 5010; x_wconf 81' lang='grc' dir='ltr'>ἀϊδίους,</span> <span class='ocrx_word' id='word_1_796' title='bbox 3489 4946 3578 4997; x_wconf 69' lang='grc' dir='ltr'><strong>τὸν</strong></span> <span class='ocrx_word' id='word_1_797' title='bbox 3613 4946 3707 5014; x_wconf 69' lang='grc' dir='ltr'>μὲν</span> <span class='ocrx_word' id='word_1_798' title='bbox 3743 4947 3883 5013; x_wconf 78' lang='grc' dir='ltr'>φωτὶ</span> <span class='ocrx_word' id='word_1_799' title='bbox 3926 4963 4028 4997; x_wconf 79' lang='grc' dir='ltr'>κα-</span> 
     </span>
    </p>
   </div>
   <div class='ocr_carea' id='block_1_108' title="bbox 2453 5037 4027 5109">
    <p class='ocr_par' dir='ltr' id='par_1_108' title="bbox 2453 5037 4027 5109">
     <span class='ocr_line' id='line_1_108' title="bbox 2453 5037 4027 5109; baseline -0.003 -16"><span class='ocrx_word' id='word_1_800' title='bbox 2453 5041 2589 5093; x_wconf 87' lang='grc' dir='ltr'><strong>ταλά</strong></span> <span class='ocrx_word' id='word_1_801' title='bbox 2597 5057 2705 5109; x_wconf 84' lang='grc' dir='ltr'><strong>μπε</strong></span> <span class='ocrx_word' id='word_1_802' title='bbox 2717 5041 2840 5093; x_wconf 85' lang='grc' dir='ltr'>σθαι</span> <span class='ocrx_word' id='word_1_803' title='bbox 2865 5044 2957 5091; x_wconf 79' lang='grc' dir='ltr'>καὶ</span> <span class='ocrx_word' id='word_1_804' title='bbox 2977 5040 3300 5108; x_wconf 81' lang='grc' dir='ltr'>ἀπεράντων</span> <span class='ocrx_word' id='word_1_805' title='bbox 3321 5037 3806 5106; x_wconf 77' lang='grc' dir='ltr'>ἀγαθῶνέμπλεων</span> <span class='ocrx_word' id='word_1_806' title='bbox 3861 5054 4027 5089; x_wconf 76' lang='grc' dir='ltr'>κατε-</span> 
     </span>
    </p>
   </div>
   <div class='ocr_carea' id='block_1_109' title="bbox 2457 5126 4023 5198">
    <p class='ocr_par' dir='ltr' id='par_1_109' title="bbox 2457 5126 4023 5198">
     <span class='ocr_line' id='line_1_109' title="bbox 2457 5126 4023 5198; baseline -0.004 -14"><span class='ocrx_word' id='word_1_807' title='bbox 2457 5131 2712 5193; x_wconf 87' lang='grc' dir='ltr'>σκεύασε,</span> <span class='ocrx_word' id='word_1_808' title='bbox 2732 5131 2823 5182; x_wconf 77' lang='grc' dir='ltr'><strong>τὸν</strong></span> <span class='ocrx_word' id='word_1_809' title='bbox 2856 5129 2913 5181; x_wconf 84' lang='grc' dir='ltr'><strong>δέ</strong></span> <span class='ocrx_word' id='word_1_810' title='bbox 2938 5128 3162 5189; x_wconf 88' lang='grc' dir='ltr'>σκότους</span> <span class='ocrx_word' id='word_1_811' title='bbox 3185 5128 3279 5181; x_wconf 75' lang='grc' dir='ltr'>καὶ</span> <span class='ocrx_word' id='word_1_812' title='bbox 3311 5127 3665 5198; x_wconf 83' lang='grc' dir='ltr'>κολαστηρίου</span> <span class='ocrx_word' id='word_1_813' title='bbox 3692 5126 3858 5197; x_wconf 73' lang='grc' dir='ltr'>πυρὸς</span> <span class='ocrx_word' id='word_1_814' title='bbox 3886 5127 4023 5179; x_wconf 85' lang='grc' dir='ltr'>αἰω-</span> 
     </span>
    </p>
   </div>
   <div class='ocr_carea' id='block_1_110' title="bbox 2457 5219 4029 5290">
    <p class='ocr_par' dir='ltr' id='par_1_110' title="bbox 2457 5219 4029 5290">
     <span class='ocr_line' id='line_1_110' title="bbox 2457 5219 4029 5290; baseline -0.004 -14"><span class='ocrx_word' id='word_1_815' title='bbox 2457 5223 2567 5277; x_wconf 89' lang='grc' dir='ltr'>νίου</span> <span class='ocrx_word' id='word_1_816' title='bbox 2598 5224 2919 5290; x_wconf 78' lang='grc' dir='ltr'>πεποίηκεν,</span> <span class='ocrx_word' id='word_1_817' title='bbox 2953 5221 3101 5282; x_wconf 83' lang='grc' dir='ltr'>ὅπως</span> <span class='ocrx_word' id='word_1_818' title='bbox 3126 5220 3176 5272; x_wconf 82' lang='lat' dir='ltr'><strong>ot</strong></span> <span class='ocrx_word' id='word_1_819' title='bbox 3217 5220 3318 5283; x_wconf 85' lang='grc' dir='ltr'>μὲν</span> <span class='ocrx_word' id='word_1_820' title='bbox 3366 5220 3833 5290; x_wconf 76' lang='grc' dir='ltr'>εὐαρεστήσαντες</span> <span class='ocrx_word' id='word_1_821' title='bbox 3876 5219 4029 5288; x_wconf 75' lang='grc' dir='ltr'>αὐτῷ</span> 
     </span>
    </p>
   </div>
   <div class='ocr_carea' id='block_1_111' title="bbox 2456 5310 4031 5385">
    <p class='ocr_par' dir='ltr' id='par_1_111' title="bbox 2456 5310 4031 5385">
     <span class='ocr_line' id='line_1_111' title="bbox 2456 5310 4031 5385; baseline -0.006 -16"><span class='ocrx_word' id='word_1_822' title='bbox 2456 5317 2550 5371; x_wconf 67' lang='grc' dir='ltr'><strong>καὶ</strong></span> <span class='ocrx_word' id='word_1_823' title='bbox 2614 5316 2750 5385; x_wconf 81' lang='grc' dir='ltr'>πρὸς</span> <span class='ocrx_word' id='word_1_824' title='bbox 2800 5315 2899 5383; x_wconf 79' lang='grc' dir='ltr'>τὴν</span> <span class='ocrx_word' id='word_1_825' title='bbox 2955 5312 3049 5365; x_wconf 88' lang='grc' dir='ltr'><strong>τοῦ</strong></span> <span class='ocrx_word' id='word_1_826' title='bbox 3106 5312 3352 5365; x_wconf 85' lang='grc' dir='ltr'>διαϐόλου</span> <span class='ocrx_word' id='word_1_827' title='bbox 3411 5313 3485 5381; x_wconf 75' lang='grc' dir='ltr'>μὴ</span> <span class='ocrx_word' id='word_1_828' title='bbox 3534 5310 4031 5379; x_wconf 79' lang='grc' dir='ltr'>κατολισθήσαντες</span> 
     </span>
    </p>
   </div>
   <div class='ocr_carea' id='block_1_112' title="bbox 2456 5400 4030 5477">
    <p class='ocr_par' dir='ltr' id='par_1_112' title="bbox 2456 5400 4030 5477">
     <span class='ocr_line' id='line_1_112' title="bbox 2456 5400 4030 5477; baseline -0.005 -15"><span class='ocrx_word' id='word_1_829' title='bbox 2456 5409 2675 5477; x_wconf 82' lang='grc' dir='ltr'>ἀπάτην</span> <span class='ocrx_word' id='word_1_830' title='bbox 2705 5407 2797 5458; x_wconf 80' lang='grc' dir='ltr'><strong>τὸν</strong></span> <span class='ocrx_word' id='word_1_831' title='bbox 2829 5404 2939 5457; x_wconf 86' lang='grc' dir='ltr'>τῶν</span> <span class='ocrx_word' id='word_1_832' title='bbox 2987 5404 3291 5473; x_wconf 72' lang='grc' dir='ltr'>φωσφόρων</span> <span class='ocrx_word' id='word_1_833' title='bbox 3323 5401 3547 5470; x_wconf 86' lang='grc' dir='ltr'>ἀγαθῶν</span> <span class='ocrx_word' id='word_1_834' title='bbox 3580 5402 3717 5472; x_wconf 85' lang='grc' dir='ltr'><strong>μετά</strong></span> <span class='ocrx_word' id='word_1_835' title='bbox 3742 5402 3842 5469; x_wconf 74' lang='grc' dir='ltr'>τὴν</span> <span class='ocrx_word' id='word_1_836' title='bbox 3889 5400 4030 5454; x_wconf 69' lang='grc' dir='ltr'>ἀνά-</span> 
     </span>
    </p>
   </div>
   <div class='ocr_carea' id='block_1_113' title="bbox 2460 5490 4033 5560">
    <p class='ocr_par' dir='ltr' id='par_1_113' title="bbox 2460 5490 4033 5560">
     <span class='ocr_line' id='line_1_113' title="bbox 2460 5490 4033 5560; baseline -0.004 -10"><span class='ocrx_word' id='word_1_837' title='bbox 2460 5514 2654 5551; x_wconf 87' lang='grc' dir='ltr'>στασιν</span> <span class='ocrx_word' id='word_1_838' title='bbox 2688 5494 3052 5557; x_wconf 88' lang='grc' dir='ltr'>ἀπολαϐόντες</span> <span class='ocrx_word' id='word_1_839' title='bbox 3082 5494 3247 5545; x_wconf 85' lang='grc' dir='ltr'>τόπον</span> <span class='ocrx_word' id='word_1_840' title='bbox 3290 5493 3527 5554; x_wconf 87' lang='grc' dir='ltr'>αἱωνίως</span> <span class='ocrx_word' id='word_1_841' title='bbox 3562 5491 3710 5560; x_wconf 73' lang='grc' dir='ltr'><strong>αὐτῷ</strong></span> <span class='ocrx_word' id='word_1_842' title='bbox 3758 5490 4033 5559; x_wconf 82' lang='grc' dir='ltr'>συμϐασι-</span> 
     </span>
    </p>
   </div>
   <div class='ocr_carea' id='block_1_114' title="bbox 2458 5581 4035 5657">
    <p class='ocr_par' dir='ltr' id='par_1_114' title="bbox 2458 5581 4035 5657">
     <span class='ocr_line' id='line_1_114' title="bbox 2458 5581 4035 5657; baseline -0.006 -14"><span class='ocrx_word' id='word_1_843' title='bbox 2458 5591 2743 5653; x_wconf 87' lang='grc' dir='ltr'>λεύσωσιν,</span> <span class='ocrx_word' id='word_1_844' title='bbox 2776 5590 2823 5640; x_wconf 89' lang='grc' dir='ltr'><strong>οί</strong></span> <span class='ocrx_word' id='word_1_845' title='bbox 2850 5588 2907 5640; x_wconf 84' lang='grc' dir='ltr'>δὲ</span> <span class='ocrx_word' id='word_1_846' title='bbox 2939 5588 3376 5657; x_wconf 84' lang='grc' dir='ltr'>παροργὶσαντες</span> <span class='ocrx_word' id='word_1_847' title='bbox 3407 5584 3569 5637; x_wconf 71' lang='grc' dir='ltr'>αὑτὸν</span> <span class='ocrx_word' id='word_1_848' title='bbox 3607 5583 3703 5636; x_wconf 74' lang='grc' dir='ltr'>καὶ</span> <span class='ocrx_word' id='word_1_849' title='bbox 3736 5581 3816 5651; x_wconf 80' lang='grc' dir='ltr'>τῷ</span> <span class='ocrx_word' id='word_1_850' title='bbox 3864 5581 4035 5650; x_wconf 81' lang='grc' dir='ltr'>κοινῷ</span> 
     </span>
    </p>
   </div>
   <div class='ocr_carea' id='block_1_115' title="bbox 2459 5671 4035 5747">
    <p class='ocr_par' dir='ltr' id='par_1_115' title="bbox 2459 5671 4035 5747">
     <span class='ocr_line' id='line_1_115' title="bbox 2459 5671 4035 5747; baseline -0.004 -18"><span class='ocrx_word' id='word_1_851' title='bbox 2459 5677 2640 5747; x_wconf 82' lang='grc' dir='ltr'>ἐχθρῷ</span> <span class='ocrx_word' id='word_1_852' title='bbox 2672 5675 3199 5743; x_wconf 78' lang='grc' dir='ltr'>ἐξακολουθήσαντες</span> <span class='ocrx_word' id='word_1_853' title='bbox 3228 5675 3324 5726; x_wconf 75' lang='grc' dir='ltr'><strong>σὺν</strong></span> <span class='ocrx_word' id='word_1_854' title='bbox 3366 5673 3514 5740; x_wconf 82' lang='grc' dir='ltr'><strong>αὺτῷ</strong></span> <span class='ocrx_word' id='word_1_855' title='bbox 3536 5673 3629 5725; x_wconf 80' lang='grc' dir='ltr'><strong>καὶ</strong></span> <span class='ocrx_word' id='word_1_856' title='bbox 3658 5672 3749 5723; x_wconf 74' lang='grc' dir='ltr'>τὸν</span> <span class='ocrx_word' id='word_1_857' title='bbox 3768 5671 3879 5722; x_wconf 81' lang='grc' dir='ltr'><strong>τῶν</strong></span> <span class='ocrx_word' id='word_1_858' title='bbox 3906 5688 4035 5723; x_wconf 73' lang='grc' dir='ltr'>σκο-</span> 
     </span>
    </p>
   </div>
   <div class='ocr_carea' id='block_1_116' title="bbox 2462 5763 4036 5839">
    <p class='ocr_par' dir='ltr' id='par_1_116' title="bbox 2462 5763 4036 5839">
     <span class='ocr_line' id='line_1_116' title="bbox 2462 5763 4036 5839; baseline -0.006 -16"><span class='ocrx_word' id='word_1_859' title='bbox 2462 5770 2791 5839; x_wconf 76' lang='grc' dir='ltr'>τεινοφόρων</span> <span class='ocrx_word' id='word_1_860' title='bbox 2819 5768 3195 5838; x_wconf 81' lang='grc' dir='ltr'>κολαστηρίων</span> <span class='ocrx_word' id='word_1_861' title='bbox 3219 5766 3581 5835; x_wconf 82' lang='grc' dir='ltr'>ἀπειληφότες</span> <span class='ocrx_word' id='word_1_862' title='bbox 3601 5764 3778 5834; x_wconf 85' lang='grc' dir='ltr'>χῶρον</span> <span class='ocrx_word' id='word_1_863' title='bbox 3807 5763 4036 5816; x_wconf 75' lang='grc' dir='ltr'>ἀτελευο</span> 
     </span>
    </p>
   </div>
   <div class='ocr_carea' id='block_1_117' title="bbox 2460 5854 4035 5934">
    <p class='ocr_par' dir='ltr' id='par_1_117' title="bbox 2460 5854 4035 5934">
     <span class='ocr_line' id='line_1_117' title="bbox 2460 5854 4035 5934; baseline -0.004 -20"><span class='ocrx_word' id='word_1_864' title='bbox 2460 5864 2636 5934; x_wconf 74' lang='grc' dir='ltr'>τήτως</span> <span class='ocrx_word' id='word_1_865' title='bbox 2672 5860 3083 5916; x_wconf 78' lang='grc' dir='ltr'>ἀποκλαῦσωσι.</span> <span class='ocrx_word' id='word_1_866' title='bbox 3121 5860 3463 5931; x_wconf 80' lang='grc' dir='ltr'>Διαχωρίσας</span> <span class='ocrx_word' id='word_1_867' title='bbox 3495 5858 3551 5912; x_wconf 85' lang='grc' dir='ltr'>δὲ</span> <span class='ocrx_word' id='word_1_868' title='bbox 3597 5858 3658 5911; x_wconf 76' lang='grc' dir='ltr'><strong>τὸ</strong></span> <span class='ocrx_word' id='word_1_869' title='bbox 3687 5855 3799 5925; x_wconf 87' lang='grc' dir='ltr'><strong>πῦρ</strong></span> <span class='ocrx_word' id='word_1_870' title='bbox 3824 5856 3919 5908; x_wconf 75' lang='grc' dir='ltr'>καὶ</span> <span class='ocrx_word' id='word_1_871' title='bbox 3970 5854 4035 5907; x_wconf 75' lang='grc' dir='ltr'>τὺ</span> 
     </span>
    </p>
   </div>
  </div>
