4248 6456
713 424 815 487 467

1953 420 2274 480 GEORGII
2310 416 2672 476 CEDBENI‘

3883 421 3997 487 468
4049 442 4053 445 ‘

715 535 933 591 fructus
977 542 1031 588 et
1058 532 1205 587 alere
1249 546 1503 601 corpora.
1550 528 1686 595 Quis
1742 529 1981 600 explicet
2015 538 2288 599 quantum

2398 525 2654 595 ἀκίνητον
2674 523 2803 577 ὄντα
2837 522 3276 594 διαφθείρεσθαι,
3306 527 3595 581 πεπαίνειν
3622 527 3681 581 δὲ
3701 527 3830 593 τοὺς
3855 546 3997 600 καρο

715 629 1161 700 navigationibus
1196 626 1447 696 prosint?
1479 636 1533 681 et
1565 640 1756 681 eorum
1786 637 2055 695 tempora,
2093 626 2294 694 quibus

713 721 907 775 ordine
966 717 1231 787 ingruunt
1262 717 1510 785 aliusque
1560 716 1653 769 alii
1703 717 1926 782 cedunt,
1972 716 2207 770 choreas
2238 716 2294 769 in

715 812 851 865 mari
906 810 1195 874 ducentes,
1254 808 1457 877 aliique
1511 804 1679 879 5.28
1731 823 1920 863 eorum
1976 808 2294 877 navigantes

711 916 822 971 quo
861 902 1057 955 volunt
1112 900 1471 965 deducentes,
1497 899 1591 953 alii
1638 898 2013 969 excipientes?
2040 899 2183 965 Quin
2238 904 2295 953 et

712 994 1009 1050 contrariis
1062 994 1375 1049 incedentes
1436 993 1541 1048 viis
1602 1002 1764 1061 atque
1822 992 2128 1047 ministeria
2189 1005 2291 1047 sua

711 1086 983 1142 obeuntes
1010 1086 1128 1141 utili
1165 1086 1289 1139 vita:
1334 1094 1539 1140 nostra:
1580 1100 1760 1155 pugna
1808 1084 1950 1138 inter
1982 1099 2041 1139 se
2098 1082 2294 1138 decer-

713 1189 854 1235 tant.
905 1179 1175 1235 Sescenta
1231 1188 1457 1249 possent
1510 1178 1934 1233 eounnemorari
2003 1189 2291 1232 ventorum

710 1273 922 1327 officia:
959 1273 1053 1328 sed
1084 1282 1265 1328 tamen
1292 1283 1439 1327 vates
1478 1271 1564 1328 his
1597 1272 1855 1327 omnibus
1899 1271 2293 1325 enumerandis

709 1363 1084 1432 supersedens
1179 1362 1504 1418 facilitatem
1600 1361 1988 1416 tantummodo
2087 1358 2291 1429 opificii

709 1455 1005 1524 expressit.
1031 1453 1135 1519 Qui
1160 1454 1306 1509 enim
1338 1454 1508 1509 dicit:
1568 1453 1643 1507 De
1688 1452 1965 1507 thesauris
2018 1452 2287 1520 ipsorum,

711 1552 757 1603 is
788 1564 900 1604 non
924 1549 1061 1603 dicit
1085 1547 1352 1618 quosdam
1380 1562 1502 1601 esse
1529 1555 1819 1601 ventorum
1857 1546 2168 1608 thesauros,
2193 1542 2289 1597 sed

710 1640 992 1710 signiﬁcat
1032 1654 1196 1709 quam
1231 1638 1393 1694 facile
1453 1639 1525 1693 sit
1571 1639 1621 1694 ei
1676 1638 1770 1708 qui
1814 1640 2060 1701 mandat,
2104 1637 2290 1692 omnia

710 1749 809 1800 pro
843 1748 943 1787 suo
977 1733 1205 1787 arbitrio
1246 1732 1300 1786 in
1336 1741 1588 1802 promptu
1619 1732 1861 1799 Lhabere.
1916 1730 2291 1796 Quemadmo.

708 1828 835 1879 dum
871 1826 1019 1879 enim
1060 1841 1173 1880 rem
1210 1840 1372 1895 quam
1406 1826 1459 1878 in
1492 1825 1755 1879 thesauro
1802 1804 2093 1886 habemus,
2134 1822 2292 1878 facile

706 1936 771 1972 rx
802 1933 868 1972 eo
894 1920 977 1973 vel
1016 1919 1343 1989 promimus,
1369 1918 1475 1983 vel,
1498 1920 1545 1973 si
1570 1918 1746 1973 visum
1779 1918 1872 1979 sit,
1917 1917 2285 1978 recondimus,

708 2016 779 2066 ita
815 2012 1054 2066 universi
1095 2010 1291 2081 Opifex
1322 2012 1507 2066 omnia
1536 2012 1685 2066 nullo
1732 2011 1953 2078 negotio
2007 2009 2184 2064 effecit
2225 2022 2289 2063 ac

706 2117 917 2161 natura:
945 2105 1190 2183 tradidit.
1225 2105 1654 2175 Vidisti‘quanta
1680 2106 1749 2161 sit
1778 2106 1831 2159 iu
1866 2120 1992 2160 aere
2026 2105 2287 2168 varietas,

706 2203 851 2254 sicut
886 2201 1018 2254 etin
1045 2216 1183 2269 aqua
1215 2209 1267 2254 et
1297 2200 1349 2253 in
1407 2201 1533 2269 igne
1563 2200 1749 2253 multa:
1805 2208 1933 2255 sunt
1966 2199 2285 2253 varietates.

705 2296 986 2362 Aquarum
1021 2294 1168 2347 enim
1197 2292 1302 2345 alia
1334 2301 1419 2347 est
1454 2291 1701 2358 fontana,
1730 2292 1836 2346 alia
1888 2292 2122 2357 marina,
2181 2290 2288 2345 alia

703 2402 885 2449 aerea,
908 2386 1013 2440 alia
1057 2387 1111 2441 in
1149 2386 1382 2450 nebulis,
1415 2386 1520 2439 alia
1554 2401 1721 2457 supra
1750 2385 1943 2449 caelos,
1988 2386 2096 2441 alia
2122 2399 2288 2455 supra

704 2482 981 2547 homines,
1007 2481 1113 2535 alia
1149 2481 1291 2536 infra
1331 2492 1647 2546 terram,ex
1689 2497 1793 2551 qua
1828 2481 1995 2536 etiam
2052 2480 2287 2535 diversis
2328 2532 2338 2541 ,

704 2575 837 2629 locis
881 2588 1038 2644 aqua:
1092 2573 1366 2627 ebulliunt
1398 2572 1730 2629 mirabiliter
1783 2572 1852 2627 ab
1885 2574 2008 2643 igne
2033 2572 2125 2641 qui
2185 2571 2288 2627 sub

704 2679 848 2721 terra
884 2677 968 2723 est
1005 2666 1305 2723 calefacta}.
1344 2666 1491 2735 ignis
1528 2666 1667 2719 alius
1693 2667 1746 2720 in
1780 2666 1895 2720 sole
1928 2672 2035 2729 est,
2061 2664 2202 2718 alius
2233 2665 2285 2718 in

705 2760 855 2821 luna,
892 2760 1035 2814 alius
1070 2760 1123 2813 in
1188 2758 1521 2828 fulguribus,
1559 2758 1699 2812 alius
1740 2757 1794 2811 in
1830 2771 1978 2821 aere,
2011 2756 2150 2809 alius
2193 2755 2287 2824 qui

700 2868 768 2906 rx
802 2853 967 2922 lignis
1009 2868 1038 2906 a
1102 2852 1262 2906 nobis
1294 2860 1348 2905 et
1398 2851 1641 2906 lucernis
1701 2852 1832 2915 exit,
1881 2850 2024 2903 alius
2072 2850 2163 2918 qui
2221 2862 2286 2901 ex

700 2959 845 3002 terra
874 2946 1152 3016 erumpit:
1190 2946 1378 3001 multis
1409 2928 1558 2999 enim
1588 2942 1727 2998 locis
1761 2957 1886 2997 eum
1927 2941 2013 2995 edi
2038 2940 2288 2994 videmus

700 3055 811 3095 non
841 3053 1007 3095 secus
1035 3052 1199 3108 quam
1242 3037 1409 3091 etiam
1462 3034 1662 3090 fontes.
1699 3035 1857 3089 Alius
1908 3034 2049 3103 ignis
2070 3043 2156 3089 est
2192 3032 2286 3103 qui

701 3134 894 3186 attritu
926 3131 1169 3202 lapidum
1204 3130 1451 3199 ejicitur,
1483 3138 1539 3183 et
1578 3128 1721 3182 alius
1751 3126 1847 3195 qui
1899 3127 2092 3180 attritu
2132 3128 2287 3179 fron-

2402 620 2537 680 ποὺς
2563 618 2656 670 καὶ
2686 616 2907 686 τρέφειν
2934 616 3005 670 τὰ
3037 614 3387 686 σώματα..Τί
3432 620 3498 673 ἂν
3528 637 3611 684 τις
3638 621 3784 675 εἴποι
3805 624 3905 688 τὰς
3932 626 3993 677 ἐν

2400 711 2645 782 ναυτιλίᾳ
2679 710 2873 780 χρείας
2922 709 3127 773 αὐτῶν,
3162 712 3415 775 καὶτοὺς
3448 714 3677 784 καιροὺς
3716 709 3799 779 οἷς
3830 732 3992 769 τετα-

2399 806 2615 874 γμένως
2651 804 2974 874 ἐφίστανται
2997 803 3092 856 καὶ
3129 806 3554 876 παραχωροῦσιν
3587 808 3857 879 ἀλλήλοις,
3892 825 3990 879 χο-

2402 898 2649 969 ρεύοντες
2684 897 2744 948 ἐν
2771 895 2849 966 τῷ
2876 895 3102 964 πελάγει
3132 899 3228 950 καὶ
3252 896 3337 970 [Ρ.
3369 898 3501 971 ΞΗ]
3530 901 3659 964 τοὺς
3686 900 3990 971 πλωτῆρας

2397 985 2835 1050 διαϐιϐάζοντεςς
2878 985 2990 1038 Καὶ
3037 988 3066 1039 6
3114 987 3215 1054 μὲν
3242 988 3629 1058 παρέπεμψεν,
3677 990 3707 1043 6
3735 990 3793 1044 δὲ
3821 989 3990 1043 διεδέ-

2397 1081 2548 1147 ξατο,
2576 1078 2689 1131 Καὶ
2750 1079 3001 1142 ἐναντίας
3045 1080 3341 1134 ὁδευόντων
3366 1082 3521 1144 ὀδοὺς
3555 1083 3650 1136 καὶ
3679 1083 3990 1137 διακονούν-

2396 1174 2559 1244 τωνη
2593 1172 2741 1244 μάχη
2766 1173 2947 1227 αὐτῶν
2979 1174 3148 1227 πάλιν
3183 1175 3261 1243 τῷ
3295 1176 3395 1247 βίῳ
3435 1175 3645 1244 γίνεται
3690 1178 3983 1248 χρήσιμος.

2398 1266 2506 1317 Καὶ
2556 1266 2727 1335 μυρία
2782 1268 2847 1319 ἄν
2877 1284 2961 1330 τις
3019 1267 3164 1319 είιτοι
3211 1268 3322 1321 τῶν
3367 1269 3586 1338 ἀνέμων
3634 1268 3793 1339 ἔργα.
3843 1269 3987 1322 Ἀλλ’

2394 1360 2545 1428 ὅμως
2583 1360 2761 1412 πάντα
2796 1359 2974 1412 ταῦτα
3030 1358 3412 1430 παραδραμὼν
3467 1362 3497 1413 6
3552 1362 3839 1431 προφήτης
3892 1362 3988 1413 καὶ

2396 1450 2715 1503 καταλιπὼν
2759 1451 3147 1519 ἀναλέγεσθαι,
3189 1453 3324 1505 αὐτὸ
3374 1453 3537 1522 μόνον
3578 1452 3681 1523 τὴν
3733 1452 3988 1505 εὐκολίαν

2395 1543 2491 1611 τῆς
2512 1542 2876 1613 δημιουργίας
2903 1545 3237 1613 παρέστησε.
3274 1545 3347 1596 Τὸ
3384 1545 3495 1614 γὰρ
3530 1547 3729 1608 εἰπεῖν,
3751 1542 3850 1597 Ἐκ
3883 1544 3984 1612 θη-

2399 1634 2615 1705 σαυρῶν
2644 1635 2847 1701 αὐτῶν,
2868 1636 2931 1688 οὐ
2957 1636 3117 1689 τοῦτο
3139 1635 3426 1705 δηλοῦντός
3460 1637 3629 1698 ἐστιν,
3664 1637 3744 1689 ὅτι
3776 1637 3987 1706 θησαυο

2400 1726 2641 1796 ροετινές
2675 1728 2817 1780 εἰσιν
2847 1729 3089 1797 ἀνέμων,
3120 1729 3257 1781 αλλὰ
3280 1729 3381 1798 τὴν
3421 1728 3675 1782 εὐκολίαν
3718 1727 3813 1781 τοῦ
3862 1730 3986 1781 ἐπι-

2396 1819 2685 1881 τάττοντος
2732 1819 2828 1873 καὶ
2876 1820 2938 1872 τὸ
3009 1821 3229 1886 ἕτοιμον
3274 1821 3372 1889 τῆς
3408 1820 3609 1889 βουλῆς
3681 1822 3776 1873 καὶ
3833 1837 3986 1890 παρ-

2395 1911 2824 1981 εσκευασμένον.
2860 1911 3073 1984 Ὠσπερ
3101 1913 3209 1982 γὰρ
3242 1915 3271 1966 6
3294 1913 3432 1983 ἔχων
3450 1916 3507 1966 ἐν
3547 1912 3808 1984 θησαυρῷ
3846 1912 3987 1983 μετᾶ

2395 2005 2583 2070 ἀδείας
2613 2004 2798 2074 ἐξάγει
2831 2006 3032 2070 πάντα,
3064 2008 3158 2059 καὶ
3202 2008 3292 2059 ὅτε
3362 2004 3609 2073 βούλεται
3653 2006 3816 2057 πάλιν
3869 2007 3983 2057 εἰσ-

2394 2100 2541 2168 άγει,
2562 2099 2731 2162 οὕτως
2760 2101 2787 2153 6
2817 2100 2913 2153 τοῦ
2954 2100 3157 2163 παντδς
3183 2099 3531 2169 Δημιουργδς
3555 2100 3728 2152 πάντα
3746 2098 3983 2162 εὐκόλως

2394 2190 2618 2259 ἐποίησε
2644 2192 2739 2243 καὶ
2765 2193 2829 2261 τῇ
2870 2192 3037 2259 φύσει
3063 2192 3407 2262 παρέδωκεν.
3438 2188 3591 2255 Εἶδες
3626 2194 3723 2245 καὶ
3751 2193 3891 2259 πόση
3924 2195 3982 2245 ἐν

2392 2282 2516 2351 ἀέρι
2545 2281 2803 2351 διαφορὰ.
2840 2282 3096 2354 καθάπερ
3142 2283 3239 2337 καὶ
3298 2284 3357 2335 ἐν
3394 2283 3531 2354 πυρὶ
3574 2284 3667 2338 καὶ
3712 2286 3769 2337 ἐν
3828 2283 3982 2337 ὕδατι

2392 2374 2585 2428 πολλαὶ
2605 2376 2924 2438 ἐναλλαγαί.
2967 2377 3079 2430 Καὶ
3114 2376 3226 2448 γὰρ
3252 2374 3345 2428 τοῦ
3386 2374 3580 2439 ὕδατος
3621 2377 3680 2429 τὸ
3710 2376 3809 2446 μέν
3862 2378 3982 2430 ἐστι

2393 2471 2649 2539 πηγαῖον,
2687 2470 2747 2523 τὸ
2776 2470 2832 2522 δέ
2860 2469 3170 2534 θαλάττιον,
3195 2470 3258 2523 τὸ
3296 2469 3352 2523 δὲ
3386 2468 3598 2539 ἀέριον,
3617 2471 3680 2522 τὸ
3702 2470 3759 2523 δὲ
3796 2473 3854 2523 ἐν
3893 2488 3985 2523 νεα

2393 2564 2605 2633 φέλαις,
2633 2563 2695 2616 τὸ
2734 2562 2791 2616 δὲ
2816 2563 3231 2633 ὑπερουρανιον,
3263 2562 3324 2616 τὸ
3348 2562 3407 2615 δὲ
3436 2563 3700 2634 ὑπεράνω
3733 2563 3841 2616 τῶν
3885 2564 3983 2616 ἁν-

2393 2656 2648 2728 θρώπων,
2681 2656 2741 2709 τὸ
2768 2656 2824 2710 δέ
2852 2655 3128 2725 ὑπόγειον,
3162 2654 3256 2724 ἀφ’
3293 2647 3355 2708 οὗ
3391 2655 3571 2709 καὶτὰ
3602 2656 3783 2727 θερμὰ
3815 2656 3983 2709 ὕδατα

2394 2752 2452 2805 ἐν
2509 2750 2793 2819 διαφόροις
2847 2750 3037 2812 τόποις
3081 2751 3398 2817 ἀνάγονται,
3451 2751 3540 2805 διὰ
3586 2752 3676 2804 τοῦ
3721 2754 3981 2819 ὑπογείου

2390 2844 2563 2911 πυρδς
2603 2842 2983 2914 θερμανθέντα
3033 2843 3377 2912 παραδόξως.
3420 2846 3530 2898 Καὶ
3587 2844 3679 2897 τοῦ
3719 2846 3889 2916 πυρὸς
3923 2847 3982 2898 τὸ

2395 2937 2492 3005 μέν
2518 2940 2666 2990 ἐστιν
2698 2940 2755 2990 ἐν
2790 2937 2950 3006 ἡλίῳ,
2979 2938 3037 2989 τὸ
3060 2937 3115 2990 δὲ
3146 2937 3206 2989 ἐν
3240 2936 3461 3007 σελήνῃ,
3492 2937 3553 2990 τὸ
3601 2938 3657 2991 δὲ
3688 2940 3744 2990 ἐν
3774 2940 3983 3006 ἀστρα-

2391 3030 2541 3093 παῖς,
2588 3030 2649 3083 τὸ
2694 3030 2753 3082 δέ
2813 3030 3083 3098 ἐναέριον,
3141 3031 3203 3082 τὸ
3262 3030 3317 3083 δὲ
3363 3031 3473 3083 ἀπὸ
3524 3029 3718 3095 ξύλων,
3756 3032 3817 3083 τὸ
3849 3033 3979 3102 περὶ

2392 3122 2541 3191 ἡμᾶς
2574 3122 2669 3174 καὶ
2692 3121 2751 3173 τὸ
2790 3122 3067 3191 λυχναῖον,
3098 3122 3159 3174 τὸ
3187 3122 3242 3174 δὲ
3276 3122 3384 3175 ἀπὸ
3437 3122 3539 3191 γῆς
3574 3122 3691 3191 (καὶ
3726 3124 3833 3193 γὰρ
3864 3124 3981 3177 ἔστι

698 3226 848 3280 dium
873 3226 1269 3288 arborearum;
1312 3221 1454 3277 alius
1502 3221 1557 3275 in
1596 3218 1921 3275 fulminibus
1956 3234 2022 3274 ex
2060 3217 2285 3283 aethere,

2396 3213 2665 3285 πολλαχοῦ
2727 3214 2790 3267 τὸ
2835 3213 3049 3267 τοιοῦτο
3083 3214 3193 3267 ἀπὸ
3256 3212 3359 3283 γῆς
3418 3215 3799 3283 ἀναδιδόμενον
3828 3216 3979 3281 ἰδεῖν,

700 3319 846 3372 alius
872 3332 936 3371 ex
976 3331 1118 3386 aqua
1157 3324 1211 3371 et
1253 3314 1414 3369 vitris
1454 3312 1910 3384 pellucidissimis
1945 3326 2009 3366 ac
2048 3312 2286 3382 purissi-

700 3408 806 3461 mis
853 3404 1023 3476 429
1062 3405 1289 3459 exsilire
1340 3404 1503 3458 solet.
1564 3401 1657 3458 Sic
1688 3411 1743 3458 et
1791 3403 1939 3473 quod
1980 3403 2046 3456 ad
2100 3417 2283 3457 aerem

700 3498 915 3558 attinet,
948 3496 1093 3550 alius
1145 3504 1230 3549 est
1263 3495 1527 3559 crassior,
1574 3496 1669 3564 qui
1732 3510 1835 3550 nos
1891 3494 2089 3557 ambit,
2128 3493 2288 3562 iSque

700 3586 1083 3656 corruptionis
1107 3601 1272 3641 causa
1302 3594 1387 3641 est
1418 3596 1473 3641 et
1506 3590 1806 3641 multorum
1839 3586 2284 3655 periculosorum

702 3681 1058 3745 morborum;
1102 3679 1245 3733 alius
1279 3680 1520 3744 tenuior,
1550 3679 1647 3749 qui
1692 3679 2021 3749 corporibus
2082 3678 2285 3732 bonam

701 3772 1023 3841 temperiem
1058 3782 1112 3826 et
1146 3772 1459 3825 firmitatem
1497 3772 1793 3837 conciliat;
1827 3771 1968 3825 alius
1998 3771 2201 3825 siccior
2233 3776 2287 3823 et

702 3866 983 3922 fervidior.
1001 3865 1160 3933 Sicet
1182 3876 1468 3921 ventorum
1489 3874 1620 3919 sunt
1640 3864 1960 3920 differentia:
1979 3865 2284 3919 secundum

699 3959 1046 4023 tenuitatem,
1090 3959 1427 4023 crassitiem,
1469 3957 1672 4029 frigus,
1716 3956 2045 4020 siceitatem,
2108 3956 2288 4010 humi-

701 4053 956 4115 ditatem,
978 4050 1337 4105 caliditatem.
1365 4051 1555 4119 Itaque
1584 4060 1736 4106 vates
1767 4064 1891 4104 cum
1928 4050 1979 4103 in
2012 4049 2285 4102 inexhau-

698 4153 840 4196 stam
875 4150 956 4195 tot
990 4149 1385 4210 tantorumque
1423 4139 1518 4196 Dei
1559 4140 1977 4196 beneﬁciorum
2020 4140 2284 4210 abyssum

701 4230 989 4285 incidisset
1036 4232 1600 4294 commemorandam,
1664 4231 1867 4298 quibus
1902 4229 1995 4284 Dei
2042 4231 2284 4300 potentia

696 4338 861 4395 atque
895 4325 1169 4395 sapientia
1203 4326 1638 4389 demonstratur,
1687 4325 1993 4395 vidensque
2047 4325 2284 4380 immen-

696 4433 817 4473 sum
849 4433 909 4473 se
939 4433 1091 4473 mare
1126 4419 1457 4489 ingressum,
1480 4419 1697 4474 resiluit
1720 4418 1822 4473 hac
1845 4434 1972 4471 cum
2005 4418 2285 4473 exclama-

697 4511 901 4565 tione:
988 4510 1534 4581 Magnificentissima
1605 4518 1735 4566 sunt
1810 4520 1940 4576 tua,
2018 4512 2278 4575 Domine,

2393 3309 2584 3380 ὥσπερ
2610 3309 2859 3380 αίπηγσνὶ
2889 3309 2997 3361 τῶν
3039 3307 3290 3377 ὑδάτων),
3325 3307 3384 3360 τὸ
3408 3307 3464 3362 δὲ
3497 3310 3554 3360 ἐν
3582 3307 3752 3370 λίθοις
3797 3326 3979 3377 παρα-

2392 3400 2761 3470 τριϐομένοις,
2823 3402 2883 3453 τὸ
2932 3401 2988 3454 δὲ
3032 3402 3089 3452 ἐν
3126 3401 3326 3469 κόμαις
3359 3399 3593 3470 δένδρων
3645 3401 3741 3454 καὶ
3799 3402 3981 3455 αὐτῶν

2392 3493 2908 3563 παρατριϐομένων,
2949 3494 3011 3547 τὸ
3040 3494 3095 3547 δὲ
3122 3496 3179 3547 ἐν
3204 3498 3489 3564 κεραυνοῖς
3516 3498 3578 3548 ἐκ
3610 3496 3704 3549 τοῦ
3736 3497 3979 3569 αἰθέρος,

2390 3586 2451 3636 τὸ
2473 3586 2531 3637 δὲ
2561 3585 2621 3649 ἐξ
2652 3586 2861 3638 ὑδάτων
2894 3590 2987 3637 καὶ
3013 3586 3183 3639 ὑέλων
3215 3589 3625 3655 διαυγεστάτων
3666 3591 3760 3642 καὶ
3796 3590 3975 3641 καθα-

2393 3678 2651 3747 ρωτάτων
2673 3677 2993 3741 ἐξάλλεσθαι
3044 3680 3311 3746 πέφυκεν.
3348 3679 3505 3732 υῦτω
3534 3680 3589 3733 δὲ
3624 3682 3718 3734 καὶ
3767 3682 3825 3733 ἐν
3855 3684 3979 3751 ἀέρι

2393 3768 2555 3821 πάλιν
2585 3771 2613 3821 6
2648 3770 2745 3837 μέν
2770 3771 2885 3820 ἐστι
2918 3770 3224 3839 παχύτερος
3248 3772 3276 3822 6
3308 3771 3437 3839 περὶ
3469 3774 3617 3840 ἡμᾶς
3657 3774 3753 3826 καὶ
3780 3773 3978 3844 φθορο-

2393 3859 2546 3921 ποιὸς
2574 3861 2669 3911 καὶ
2697 3860 2869 3911 νόσων
2928 3859 3192 3911 ποικίλων
3240 3860 3605 3914 ἐπικινδύνων
3635 3863 3805 3924 αἴτιος
3834 3866 3892 3916 .6
3922 3864 3979 3916 δὲ

2390 3950 2721 4019 λεπτότερος
2762 3951 2858 4003 καὶ
2896 3950 3165 4017 σωμάτων
3192 3949 3492 4021 εὐκρασίας
3537 3952 3632 4005 καὶ.
3677 3953 3982 4023 εὖρωστίας

2390 4041 2674 4112 πρόξενος,
2698 4043 2726 4093 6
2765 4042 2822 4094 δὲ
2855 4042 3117 4110 αὑότερος
3146 4044 3243 4094 καὶ
3287 4044 3717 4112 πυρωδέστερος,
3740 4030 3978 4115 Ὠς-περ

2392 4137 2488 4188 καὶ
2530 4134 2639 4186 τῶν
2694 4135 2913 4203 ἀνέμων
2950 4134 3144 4186 πολλαὶ
3192 4133 3484 4203 διαφοραί’
3525 4137 3552 4188 6
3585 4136 3681 4204 μὲν
3714 4138 3821 4208 γάρ
3846 4142 3977 4206 ,ἐστι

2391 4227 2715 4297 λεπτότερος
2745 4228 2773 4278 6
2799 4227 2855 4279 δὲ
2894 4225 3225 4296 παχύτερος,
3276 4230 3304 4279 6
3334 4228 3431 4295 μὲν
3462 4226 3821 4300 ψυχρότερος.
3866 4234 3892 4284 ό
3921 4233 3977 4286 δὲ

2392 4320 2706 4390 ξηρότερος,
2742 4322 2770 4372 ὁ
2808 4318 2906 4389 μὲν
2951 4319 3242 4389 ὐγρότερος
3276 4319 3305 4370 6
3334 4320 3390 4372 δέ
3418 4318 3770 4392 θερμότερος.
3810 4324 3979 4377 Ὅθεν

2390 4410 2484 4466 οὖν
2510 4415 2537 4466 ό
2559 4413 2844 4483 προφήτης
2889 4410 3150 4480 ἐμπεσὼν
3181 4412 3262 4474 είς
3284 4410 3384 4481 τὴν
3417 4410 3655 4465 ἄϐυσσον
3684 4413 3792 4465 τῶν
3819 4417 3978 4486 εὔερ-

2391 4504 2722 4573 γετημάτων
2750 4503 2953 4557 τούτων
3002 4504 3093 4557 καὶ
3127 4504 3234 4556 τῶν
3278 4504 3538 4556 τοιούτων
3562 4542 3576 4567 ,
3616 4504 3673 4555 ἐν
3703 4499 3784 4567 οἷς
3824 4508 3856 4576 ἡ
3886 4510 3979 4562 τοῦ

694 4617 892 4671 opera:
931 4604 1216 4672 sapienter
1242 4604 1427 4658 omnia
1458 4603 1659 4668 fecisti,
1689 4604 2073 4675 sapientiaque
2096 4605 2280 4661 omnia

2396 4594 2525 4647 θεοῦ
2554 4593 2784 4663 δύναμις
2817 4594 2912 4645 καὶ
2941 4592 3103 4661 σοφία
3134 4591 3429 4656 δείκνυται,
3458 4594 3552 4644 καὶ
3585 4591 3710 4644 ἰδὼν
3732 4595 3793 4645 τὸ
3816 4594 3981 4648 πέλα-

693 4704 746 4748 et
780 4697 1023 4749 animata
1060 4706 1115 4751 et
1150 4697 1453 4751 iuanimata
1490 4696 1811 4767 implevisti.

768 4959 894 5015 Tito
935 4958 1207 5013 successit
1243 4956 1293 5009 iu
1318 4956 1607 5026 imperium
1639 4957 1809 5012 frater
1855 4958 1975 5027 ejus
2014 4958 2281 5018 Domitia-

694 5072 821 5119 nus,
860 5053 1025 5121 idque
1065 5049 1243 5104 tenuit
1279 5062 1459 5103 annos
1508 5048 1596 5112 15,
1632 5063 1852 5104 menses
1891 5050 1976 5105 if.
2022 5049 2185 5121 Isque
2227 5053 2281 5107 in

694 5149 899 5218 templo
927 5146 1114 5201 Roma:
1144 5150 1231 5198 est
1268 5140 1595 5197 interfectus
1646 5142 1865 5197 insidiis
1894 5158 2013 5197 sure
2071 5145 2281 5201 uxoris.

695 5242 880 5309 Neque
915 5238 1085 5307 patris
1119 5236 1208 5289 hic
1241 5249 1420 5305 neque
1454 5231 1645 5288 fratris
1688 5240 1934 5289 sectatus
1964 5246 2050 5290 est
2074 5252 2281 5302 mores,

695 5337 789 5390 sed
823 5342 1018 5389 contra
1052 5329 1260 5386 Tiberii
1293 5344 1359 5383 ac
1391 5327 1630 5383 Neronis
1661 5329 1867 5384 scelera
1899 5330 2145 5387 imitatus
2179 5344 2281 5387 est.

691 5428 830 5483 Cum
856 5441 916 5481 se
946 5424 1098 5479 omni
1140 5436 1343 5492 genere
1373 5419 1712 5491 flagitiorum
1750 5418 2288 5495 bomicidiorumque

694 5531 750 5577 et
783 5519 1015 5575 libidine
1044 5519 1100 5572 in
1149 5530 1334 5571 mares
1368 5514 1715 5585 feminasque
1757 5514 1929 5571 effusa
1972 5517 2281 5585 polluisset,

692 5616 918 5671 tandem
961 5612 1127 5667 homo
1152 5624 1183 5663 a
1218 5608 1329 5665 Deo
1362 5608 1579 5663 alienus
1611 5606 1775 5663 deum
1810 5625 1869 5664 se
1892 5610 2072 5679 ipsum
2105 5611 2285 5680 appel-

2388 4704 2483 4755 γος
2500 4686 2719 4756 ἀχανὲς,
2747 4684 3067 4755 ἀπεπήδησε
3096 4684 3486 4756 μέγα-βοήσας
3515 4686 3604 4747 Ὠς
3632 4688 3979 4759 ἐμεγαλύνθη

2389 4779 2456 4830 τὰ
2490 4776 2627 4847 ἔργα
2657 4793 2771 4842 σου,
2808 4774 2979 4846 Κύριε
3005 4790 3022 4804 ο
3055 4777 3233 4828 πάντα
3261 4777 3319 4829 ἐν
3345 4778 3510 4849 cogi;
3558 4780 3847 4848 ἐποίησας,
3883 4784 3979 4835 καὶ

2392 4870 2580 4938 σοφίας
2613 4869 2918 4937 ἐνέπλησας
2957 4867 3027 4920 τά
3058 4885 3118 4920 τε
3147 4868 3371 4939 ἔμψυχα
3411 4874 3508 4923 καὶ
3530 4873 3601 4927 τὰ
3630 4872 3833 4944 ἄψυχα.

2460 4960 2617 5014 Μετὰ
2647 4960 2705 5013 δὲ
2739 4960 2897 5012 Τῖτον
2942 4958 3267 5013 ἐϐασίλευσε
3314 4963 3643 5030 Δομετιανὸς
3680 4966 3709 5017 6
3750 4964 3983 5033 ἁδελφὸς

2391 5052 2559 5106 αὑτοῦ
2587 5053 2683 5123 ἐτη
2720 5050 2779 5105 ιε’
2812 5052 2987 5123 μῆνας
3018 5049 3107 5116 ια’,
3128 5053 3221 5106 καὶ
3250 5054 3464 5123 ἐσφάγη
3499 5056 3556 5108 ἐν
3588 5055 3663 5126 τῷ
3702 5056 3815 5126 ναῷ
3844 5057 3982 5109 Ῥώ-

2396 5168 2504 5221 μης
2533 5149 2653 5203 κατ’
2695 5148 2989 5218 ἐπιϐουλὴν
3019 5147 3119 5216 τῆς
3162 5148 3357 5201 ἑαυτοῦ
3403 5150 3683 5218 γυναικός.
3724 5153 3983 5221 Διάδοχος

2395 5244 2504 5313 γαρ
2534 5243 2825 5311 γενόμενος
2863 5241 2958 5295 τοῦ
2983 5240 3215 5310 ἀδελφοῦ
3247 5241 3308 5293 οὐ
3334 5244 3433 5313 τὴν
3466 5247 3745 5314 πατρικήν
3776 5262 3833 5297 τε
3884 5247 3983 5299 καὶ

2392 5337 2692 5406 ἀδελφικὴν
2723 5336 2996 5406 ἐζήλωσεν
3026 5337 3499 5407 ἀριστοπολιτείαν
3536 5336 3673 5407 (50),
3709 5338 3847 5393 ἀλλὰ
3881 5340 3983 5407 τὴν

2393 5429 2488 5482 τοῦ
2520 5428 2772 5497 Τιϐερίου
2801 5428 2892 5481 καὶ
2913 5427 3168 5497 Νέρωνος
3198 5429 3547 5497 ἀνοαιεργίαν
3569 5432 3631 5483 ἐκ
3660 5429 3982 5501 διαμέτρου.

2396 5523 2505 5575 Καὶ
2544 5521 2607 5592 δὴ
2636 5522 2745 5575 πᾶν
2762 5515 2904 5585 εἶδος
2930 5520 3130 5584 κακίας
3162 5522 3429 5589 ἐπελθὼν,
3468 5526 3783 5593 μιαιφονίας
3804 5541 3862 5577 τε
3888 5530 3982 5579 καὶ

2394 5615 2829 5687 γυναικομανίας
2875 5614 2993 5686 ἃμα
3029 5616 3122 5668 καὶ
3170 5616 3534 5687 ἁνδρομανίας
3573 5618 3858 5682 ἀνάπλεως
3890 5636 3985 5688 γε·

1864 5724 2221 5783 XYLANDR!
2259 5728 2345 5783 ΕΤ
2378 5730 2592 5787 GOARI
2621 5730 2850 5788 ΝΟΤᾸΞ.

771 5829 881 5897 (δυ)
921 5828 1167 5902 qutiani
1202 5827 1414 5902 imperii
1468 5826 1640 5902 legem
1677 5834 1728 5878 et
1782 5824 2059 5880 laudatam
2116 5826 2169 5881 in
2211 5828 2643 5887 administranda
2686 5830 2960 5900 republica
3021 5826 3341 5890 soiertiam.
3410 5831 3579 5899 patiu:
3647 5847 3807 5899 quam
3869 5837 3977 5902 pri-

694 5912 851 5956 vatos
884 5916 1088 5967 mures,
1117 5900 1207 5954 hic
1234 5898 1472 5969 inspice.
1498 5898 1666 5951 Gesn.
