4248 6456
715 408 816 470 4⁸71

1937 410 2259 472 GEORGII
2295 408 2633 470 CEDRENI

3865 404 3974 472 472

718 522 1060 594 scorpiorum
1095 522 1324 592 expulit,
1352 538 1421 578 ne
1452 524 1539 579 cui
1574 538 1738 595 porro
1765 524 1971 580 homini
2006 532 2286 581 nocerent.
2313 530 2363 587 Α
2394 550 2395 571 ι

2313 530 2363 587 Α
2394 524 2616 593 ἐποίησε
2671 519 2867 587 ταῦτα,
2908 520 3256 590 φυγαδεύσας
3283 520 3349 575 τὸ
3408 518 3615 591 πλῆθος
3654 519 3760 575 τῶν
3793 521 3973 590 διρεων

721 610 996 683 Equorum
1029 613 1194 667 etiam
1228 612 1281 666 in
1314 614 1679 670 conventibus
1715 615 2026 685 principum
2060 614 2288 671 confuse

718 703 1098 760 ferocientium
1153 703 1531 775 intemperiem
1571 707 1884 762 refrenavit.
1941 708 2086 764 ltlem
2121 709 2191 762 ab
2225 723 2292 763 eo

718 795 1045 861 Antiochiae,
1075 811 1201 851 cum
1242 810 1309 851 eo
1332 797 1591 863 venisset,
1619 796 1972 869 efﬂagitatum
2019 806 2125 856 est.
2152 801 2289 855 Cum

717 885 861 937 enim
884 883 1286 943 Antiochenses
1317 900 1347 941 a
1372 886 1607 955 scorpiis
1638 897 1694 942 et
1751 888 2019 944 culicibus
2069 888 2293 944 divexa-

714 984 928 1040 rentur,
952 990 1154 1031 meum
1196 976 1313 1046 ipse
1364 978 1639 1046 scorpium
1695 977 1972 1045 conﬂavit,
2021 995 2293 1052 supraque

716 1080 840 1118 eum
868 1067 925 1120 in
953 1075 1099 1122 terra
1131 1068 1439 1138 depositum
1469 1084 1630 1139 parva
1655 1079 1839 1128 erecta
1885 1072 2140 1127 columna
2195 1088 2292 1143 po-

718 1157 1042 1228 pulojnssit
1093 1170 1151 1214 ut
1185 1161 1426 1216 calamos
1479 1170 1779 1232 gestarent,
1838 1177 2043 1233 perque
2101 1164 2289 1220 urbem

718 1248 1038 1312 rircuirent,
1100 1257 1155 1305 et
1189 1251 1430 1306 calamos
1464 1252 1843 1308 concutientes
1896 1253 2287 1316 inclamarent,
2316 1251 2333 1259 ”

725 1337 888 1393 Vacet
941 1340 1073 1395 urbs
1120 1341 1411 1397 culicibus.
1450 1342 1610 1414 5,32
1643 1341 1721 1397 Eo
1775 1342 1939 1398 modo
1982 1351 2038 1398 et
2089 1344 2290 1414 scorpii

715 1439 770 1485 et
796 1431 1001 1487 culices
1030 1448 1092 1488 ea
1118 1449 1182 1487 ex
1222 1435 1357 1490 urbe
1404 1435 1673 1505 proﬂigati
1729 1446 1876 1490 sunt.
1929 1435 2068 1490 Cum
2108 1444 2290 1491 autem

716 1528 995 1588 peteretur
1015 1524 1083 1579 ab
1112 1539 1178 1579 eo
1212 1534 1271 1579 ut
1300 1533 1462 1580 teme
1495 1532 1678 1581 motus
1726 1527 1927 1596 quibus
1981 1526 2294 1597 aﬂligebau-

717 1617 809 1664 tur
843 1620 1132 1678 averteret,
1165 1614 1529 1685 ingemiscens
1558 1615 1614 1670 in
1669 1616 1867 1672 tabulis
1921 1617 1993 1670 ita
2032 1616 2287 1686 scripsit:

722 1701 812 1759 Vas
846 1705 965 1770 tibi,
1000 1706 1200 1761 misera
1231 1708 1381 1768 urbs.
1414 1710 1675 1780 quoniam
1696 1718 1858 1765 terra:
1882 1711 2119 1766 motibus
2150 1710 2290 1764 mul—

716 1795 788 1847 tis
834 1794 1216 1866 incendiisqtte
1276 1802 1667 1868 prosterneris,
1723 1809 1886 1871 teque
1934 1798 2170 1856 Orontes
2221 1800 2287 1853 ad

2394 616 2488 668 καὶ
2519 614 2796 684 σκορπίων
2838 615 2903 667 ἐκ
2938 614 3036 685 τῆς
3069 612 3299 677 πόλεως,
3348 611 3491 665 ὥστε
3535 611 3611 682 μή
3666 612 3975 666 ἀδικεῖσθαι

2395 704 2487 759 ὑπ’
2519 703 2701 759 αὐτῶν
2723 704 2850 766 τοὺς
2878 702 3222 774 ἀνθρώπους,
3257 703 3351 755 καὶ
3372 702 3481 757 τῶν
3499 702 3685 757 ἵππων
3713 703 3815 772 τήν
3831 717 3974 758 ατα-

2398 799 2512 865 ξίαν
2545 797 2860 869 χαλινώσας
2881 800 2940 853 ἐν
2980 801 3101 861 ταῖς
3130 798 3476 853 συνελεύσεσι
3521 799 3633 852 τῶν
3666 799 3968 873 ἀρχόντων.

2405 888 2681 954 Ὡσαύτως
2709 889 2804 943 καὶ
2840 890 2922 953 είς
2962 890 3292 961 Ἀντιόχειαν
3319 890 3769 961 παραγενόμενος
3793 892 3970 944 δυσωο

2394 980 2588 1050 πηθεὶς
2617 980 2864 1052 ἐποίησε.
2890 980 3355 1051 Τυραννουμένων
3373 981 3486 1053 γὰρ
3509 982 3620 1034 τῶν
3651 981 3971 1050 Ἀντιοχέων

2393 1073 2500 1126 ὑπὸ
2526 1072 2636 1126 τῶν
2687 1072 2969 1143 σκορπίων
3016 1072 3111 1125 καὶ
3169 1070 3473 1132 κωνώπων,
3505 1073 3740 1142 ποιήσας
3768 1072 3971 1142 χαλκὸν

2394 1166 2655 1237 σκορπίον
2705 1165 2800 1219 καὶ
2852 1164 3035 1235 χώσας
3067 1165 3230 1219 αὖτδν
3287 1167 3347 1219 ἐν
3390 1167 3457 1236 τῇ
3511 1168 3583 1236 γῇ
3634 1165 3728 1218 καὶ
3773 1164 3972 1234 μικρδν

2392 1257 2695 1327 ἐπιστήσας
2734 1256 2923 1310 ἐπάνω
2977 1257 3152 1322 κίονα,
3191 1254 3484 1326 βαστάζειν
3520 1256 3823 1326 προσέταξε
3865 1273 3973 1308 κα-

2391 1347 2596 1419 λάμους
2651 1347 2731 1419 τῷ
2780 1347 2917 1418 λαῷ,
2970 1349 3065 1402 καὶ
3118 1348 3583 1419 περιερχομένους
3624 1349 3683 1400 ἐν
3712 1349 3777 1417 τῇ
3812 1346 3970 1399 πόλει

2394 1439 2637 1508 κράζειν,
2670 1440 2796 1502 τους
2837 1438 3117 1509 καλάμους
3161 1441 3524 1505 ἐπισείοντας,
3558 1439 3861 1492 Ἀκώνωπα
3897 1440 3963 1507 τῇ

2393 1530 2569 1585 πόλει.
2612 1531 2721 1584 Καὶ
2749 1529 2925 1594 οὕτως
2975 1530 3411 1603 ἐξηφανίσθησαν
3452 1533 3515 1585 ἐκ
3544 1531 3645 1600 τῆς
3687 1530 3977 1591 πόλεωςοῖ

2391 1639 2453 1675 τε
2484 1622 2735 1693 σκορπίοι
2767 1623 2861 1676 καὶ
2888 1625 2937 1676 οί
2968 1624 3254 1686 κώνωπες.
3291 1623 3549 1693 Alt-13051;
3579 1623 3637 1677 δὲ
3689 1622 3788 1676 καὶ
3838 1623 3972 1693 περὶ

2392 1713 2500 1767 τῶν
2529 1713 2894 1783 ἐπικειμένων
2943 1715 3082 1784 αὐτῇ
3135 1712 3400 1783 σεισμῶν,
3433 1712 3698 1776 στενάξας
3731 1713 3975 1782 ἔγραψεν

2393 1807 2451 1858 ἐν
2471 1805 2713 1874 διπτύχῳ
2738 1804 2930 1857 ταῦτα·
2966 1802 3103 1859 Οὐαί
3135 1822 3237 1868 σοι,
3259 1805 3488 1858 τάλαινα
3525 1806 3700 1869 πόλις,
3735 1807 3816 1860 ὅτι
3845 1823 3969 1859 σει-

716 1884 865 1953 ripas
890 1900 1018 1941 suas
1075 1887 1313 1944 deflebit.
1366 1889 1440 1944 De
1508 1889 1614 1944 hoc
1674 1906 1906 1962 magnus
1961 1891 2290 1946 Anastasius
2323 1878 2363 1932 Β

2323 1878 2363 1932 Β
2397 1898 2580 1966 σμοίσι
2601 1896 2816 1957 πολλοῖς
2844 1898 2934 1948 καὶ
2966 1899 3198 1967 πυρσοῖς
3221 1896 3621 1967 κατενεχθήσῃ.
3658 1897 3971 1951 κλαύσεται

716 1971 1013 2044 Tht-opolis
1060 1979 1356 2049 episcopus
1420 1980 1497 2035 ita
1557 1982 2167 2047 scribitzQuibusdam
2235 1983 2290 2037 in

717 2063 853 2119 locis
882 2068 947 2120 ad
978 2068 1122 2123 hunc
1155 2084 1328 2139 usque
1357 2069 1500 2125 diem
1533 2071 1807 2142 Apollonii
1860 2086 2026 2142 opera
2066 2078 2213 2127 stant
2238 2079 2293 2127 et

716 2171 873 2210 suam
914 2157 1117 2215 habent
1170 2160 1567 2226 eﬂicacitatem,
1595 2163 1700 2217 alia
1749 2162 2196 2234 quadrupedibus
2226 2178 2292 2218 ac

715 2250 1034 2308 volucribus
1103 2254 1384 2310 damnosis
1422 2256 1758 2320 avertendis,
1821 2258 1925 2311 alia
1979 2257 2044 2311 ad
2086 2257 2292 2311 inordi-

715 2348 877 2396 natos
899 2343 1139 2397 amnium
1161 2359 1430 2401 excursus
1467 2346 1816 2411 inhibendos,
1844 2347 1948 2403 alia
1973 2348 2098 2403 aliis
2128 2348 2291 2403 rebus

718 2447 841 2500 quae
898 2426 1662 2492 ltominibus'detrimentum
1725 2437 1953 2494 afferent
2013 2439 2286 2495 arcendis.

715 2522 903 2594 Neque
930 2540 996 2579 eo
1027 2534 1236 2581 tantum
1269 2528 1392 2583 vivo
1451 2531 1727 2586 tlaztnones
1758 2548 1853 2601 per
1909 2534 2087 2601 ipsum
2123 2540 2201 2587 tot
2226 2547 2292 2587 ac

716 2614 846 2668 talia
882 2625 1133 2687 egerunt,
1165 2619 1261 2675 sed
1292 2619 1413 2690 ipso
1447 2622 1611 2676 etiam
1642 2632 1861 2677 mortuo
1887 2624 1953 2677 ad
1987 2623 2293 2679 monimen-

716 2715 833 2761 tum
883 2709 1004 2779 ejus
1058 2721 1566 2781 pcrseveraverunt,
1618 2721 1783 2783 atque
1838 2709 2012 2784 ipsius
2070 2716 2291 2773 nomine

713 2798 977 2852 miracula
1025 2801 1270 2868 quaedam
1309 2800 1599 2856 ediderunt
1631 2802 1698 2857 ad
1756 2803 2133 2873 decipiendum
2187 2806 2293 2859 mi-

714 2906 869 2946 seros
919 2893 1190 2956 homines,
1227 2895 1319 2964 qui
1377 2893 1535 2950 facile
1595 2895 1907 2966 huiusmodi
1953 2895 2119 2951 rebus
2148 2911 2208 2951 se
2258 2911 2290 2951 a

713 2983 933 3039 diabolo
956 2985 1011 3038 in
1064 2984 1313 3041 fraudem
1351 2985 1536 3041 induci
1596 2989 1897 3057 patiuntur.
1947 2986 2089 3052 Quid
2142 2987 2288 3042 enim

713 3074 891 3129 dicant
933 3076 1001 3131 de
1023 3076 1375 3134 Manethonis
1427 3079 1653 3148 magicis
1686 3080 1993 3149 operibus?
2019 3079 2110 3149 qui
2162 3088 2288 3134 tan-

713 3178 803 3223 tus
844 3168 946 3223 fuit
984 3170 1214 3224 istarum
1254 3173 1679 3241 imposturarum
1709 3171 1926 3236 artifex,
1969 3180 2042 3226 ἰιι
2074 3188 2287 3242 semper

713 3263 891 3330 palam
951 3263 1299 3331 Apollonium
1340 3264 1572 3319 irriscrit
1607 3271 1664 3317 ut
1695 3280 1801 3318 non
1836 3264 2076 3334 perfecta
2122 3266 2290 3331 hujus

712 3354 974 3408 doctrinae
991 3356 1181 3424 peritia
1202 3357 1530 3411 instruetum
1555 3375 1568 3409 :
1589 3356 1886 3426 Oportebat
1901 3355 2066 3415 enim,
2087 3356 2286 3421 aiebat,

711 3460 861 3511 eum,
888 3462 894 3468 ·
921 3446 1085 3499 sicuti
1116 3460 1218 3515 ego
1257 3447 1429 3509 soleo,
1464 3447 1597 3500 solis
1634 3447 1819 3501 verbis
1856 3446 2117 3515 perlicere
2167 3461 2290 3514 quae

710 3536 893 3600 vellet,
946 3553 1053 3590 uon
1105 3552 1333 3607 operum
1372 3537 1754 3592 eﬂ‘ectionibus
1807 3538 1873 3591 ad
1914 3552 1976 3591 ea
2005 3539 2105 3591 uti.
2164 3537 2289 3592 Haec

715 3639 895 3684 autem
923 3631 1105 3683 omnia
1134 3628 1227 3683 Dei
1261 3630 1533 3699 permissu
1556 3637 1607 3685 et
1639 3644 1946 3684 oaemonutn
1971 3628 2288 3684 ellicacitate

717 3723 876 3788 tiunt,
917 3731 977 3776 ut
1005 3722 1322 3791 hujusmodi
1353 3723 1519 3777 rebus
1572 3738 1698 3776 vera
1738 3730 1924 3777 nostra
1978 3722 2288 3789 exploretur

712 3815 869 3878 fides,
907 3814 1133 3869 lit-mane
1166 3829 1228 3868 ea
1262 3814 1332 3868 sit
1361 3822 1414 3867 et
1450 3813 1554 3867 fixa
1611 3813 1953 3884 Dominoque
1991 3812 2154 3884 433
2187 3812 2287 3866 atl-

712 3909 947 3972 brcrens,
980 3921 1158 3975 neque
1206 3906 1274 3961 ab
1311 3922 1379 3961 eo
1427 3921 1486 3961 se
1545 3906 1699 3962 avelli
1755 3906 1945 3961 sinens
1997 3904 2285 3975 prtestigiis

714 4000 838 4054 istis
871 4014 933 4053 ac
964 3999 1248 4055 dinbolicis
1281 3999 1567 4069 prodigiis,
1598 4013 1720 4069 qute
1770 3998 2074 4052 ministerio
2101 4011 2288 4051 servo-

712 4107 834 4144 rum
871 4091 1232 4160 improbitatis
1273 4090 1530 4148 eduntur.
1561 4091 1771 4159 Quippe
1794 4090 1960 4144 etiam
1994 4087 2087 4141 Dei
2145 4102 2284 4154 prm-

714 4190 958 4237 texentes
990 4197 1185 4237 nomen
1211 4183 1455 4237 nonnulli
1479 4182 1755 4237 vaticinati
1809 4190 1958 4241 sunt,
2002 4188 2057 4233 ut
2095 4177 2285 4230 Balaa-

715 4289 860 4338 mus,
906 4272 1109 4327 Saulus
1139 4282 1192 4327 et
1222 4272 1518 4342 Caiapbas.
1558 4273 1662 4326 Alii
1695 4271 1866 4326 malos
1903 4269 2095 4342 genios
2154 4269 2283 4322 abe-

713 4376 932 4436 gerunt,
965 4365 1217 4421 utJudas
1244 4373 1297 4420 et
1348 4366 1441 4419 lilii
1495 4365 1701 4420 Scevae.
1736 4364 1813 4418 Ita
1874 4367 2046 4434 gratia
2098 4362 2278 4418 divina

711 4458 873 4510 etiam
906 4472 1002 4526 per
1040 4456 1288 4524 indignos
1313 4455 1607 4524 aliquando
1634 4463 1893 4523 operatur
1923 4461 1982 4507 ut
2035 4452 2157 4505 aliis
2190 4452 2283 4505 bc-

2392 1987 2450 2039 δέ
2478 2004 2536 2039 σε
2565 1989 2659 2040 καὶ
2686 1989 2714 2040 ὁ
2741 1987 2871 2056 παρ’
2898 1987 3170 2054 αἰγιαλοῖς
3207 1988 3486 2058 Ὀρόντης.
3524 1989 3661 2058 Περὶ
3687 1982 3748 2042 οὗ
3785 1988 3971 2056 μέντοι

2392 2080 2488 2133 καὶ
2511 2080 2540 2132 ό
2566 2081 2735 2148 μέγας
2784 2080 3134 2143 Ἀναστάσιος
3165 2079 3514 2143 Θεουπόλεώς
3551 2097 3737 2151 φησιν·
3784 2080 3972 2133 Ἀπολ-

2393 2169 2586 2224 λωνίου
2632 2170 2689 2223 δέ
2741 2171 2908 2241 μέχρι
2963 2170 3059 2224 νῦν
3105 2170 3164 2225 ἐν
3190 2187 3303 2224 τισι
3340 2170 3527 2234 τόποις
3588 2171 3972 2241 ἐνεργοῦσιτά

2391 2262 2810 2330 ἀποτελέσματα
2869 2263 3173 2332 ἱστάμενα,
3236 2263 3305 2316 τά
3355 2264 3458 2334 μὲν
3515 2265 3596 2327 είς
3650 2264 3972 2337 ἀποτροπήν

2391 2352 2548 2418 ζώων
2574 2352 2918 2423 τετραπόδων
2948 2354 3045 2406 καὶ
3073 2351 3337 2405 πετεινῶν
3366 2350 3625 2421 βλάπτειν
3647 2349 3970 2421 δυναμένων

2392 2444 2734 2516 ἀνθρώπους,
2770 2446 2841 2499 τά
2884 2444 2942 2498 δὲ
2988 2446 3071 2509 είς
3129 2444 3333 2515 ἐποχήν
3388 2443 3680 2516 ῥευμάτων
3716 2442 3965 2513 ποταμοῦ

2392 2537 2645 2598 ἀτάκτως
2680 2535 3005 2608 φερομένου,
3041 2533 3139 2588 καὶ
3169 2533 3303 2589 ἀλλα
3337 2536 3419 2595 είς
3452 2532 3615 2603 ἕτερα
3649 2531 3743 2585 ἐπὶ⁸
3788 2531 3966 2602 φθορᾷ

2391 2630 2485 2683 καὶ
2515 2628 2689 2702 βλάόῃ
2713 2627 3019 2700 ἀνθρώπων
3045 2628 3363 2698 ὑπάρχοντα
3397 2623 3748 2696 ἀποτρόπαια
3780 2625 3969 2677 ἵσταν⁴

2390 2739 2501 2775 ται.
2533 2721 2643 2773 Καὶ
2672 2720 2734 2772 οὐ
2765 2720 2925 2791 μόνον
2954 2720 3014 2773 ἐν
3043 2722 3109 2790 τῇ
3155 2718 3267 2789 ζωῇ
3312 2717 3479 2771 αὐτοῦ
3531 2717 3707 2771 ταῦτα
3748 2717 3844 2770 καὶ
3896 2714 3970 2767 τά

2388 2812 2617 2866 τοιαῦτα
2663 2811 2994 2880 είργάσαντο
3038 2811 3360 2882 οίδαίμονες
3404 2809 3472 2863 δι’
3506 2809 3696 2873 αὐτοῦ,
3732 2809 3870 2862 ἀλλά
3902 2825 3967 2873 γε

2391 2909 2485 2958 καὶ
2513 2905 2652 2975 μετὰ
2708 2903 2809 2975 τὴν
2865 2902 3125 2972 τελευτὴν
3191 2901 3355 2954 αὐτοῦ
3412 2902 3827 2971 παραμένοντες
3884 2899 3965 2969 τῷ

2393 2998 2637 3068 μνήματι
2667 2995 2831 3049 αὐτοῦ
2864 2993 3066 3066 σημεῖά
3097 3011 3220 3047 τινα
3262 2994 3320 3058 ἐξ
3344 2993 3608 3063 ὀνόματος
3668 2990 3832 3046 αὑτοῦ
3866 2993 3966 3043 ἐπ-

2390 3090 2646 3142 ετέλεσαν
2681 3088 2821 3159 πρὸς
2850 3088 3064 3153 ἀπάτην
3098 3085 3207 3138 τῶν
3233 3085 3482 3139 ἐλεεινῶν
3511 3083 3833 3153 ἀνθρώπων,
3857 3084 3968 3136 τῶν

2392 3180 2591 3250 ῥαδίως
2638 3177 3132 3248 ὑποκλεπτομένων
3179 3178 3262 3239 εἰς
3306 3176 3379 3229 τά
3432 3175 3655 3230 τοιαῦτα
3711 3174 3815 3227 ὑπὸ
3870 3174 3966 3227 τοῦ

2390 3270 2662 3324 διαϐόλου.
2695 3269 2760 3321 Τί
2790 3268 2855 3321 ἀν
2884 3285 2968 3330 τις
2997 3267 3143 3320 εἴποι
3172 3268 3303 3338 περὶ
3345 3267 3455 3320 τῶν
3488 3267 3631 3319 κατά
3661 3264 3966 3319 Μανέῦιυνα

2394 3361 2643 3430 μαγικῶν
2671 3359 2878 3428 ἔργων;
2910 3360 2968 3422 ὃς
2994 3357 3235 3422 τοιοῦτος
3252 3359 3419 3429 ἄκρος
3452 3359 3641 3426 γέγονε
3664 3360 3727 3425 τῇ
3753 3360 3963 3425 μαγικῇ

2390 3455 2573 3523 ἀπάτῃ
2600 3453 2741 3507 ὥστε
2768 3454 2856 3506 ἀεὶ
2887 3454 3135 3507 ἔσκωπτε
3171 3453 3454 3522 προδήλως
3481 3451 3572 3503 τὸν
3608 3448 3966 3502 Ἀπολλώνιον

2388 3550 2465 3610 ὡς
2499 3548 2573 3618 μὴ
2611 3548 2816 3619 ἀκριϐῆ
2850 3548 2949 3616 τήν
2975 3550 3097 3601 κατ’
3149 3550 3348 3610 αὐτοὺς
3384 3547 3743 3616 φιλοσοφικὴν
3774 3547 3969 3613 ἐμπειο

2393 3640 2513 3708 ρίαν
2544 3638 2835 3709 ἐσχηκότα.
2877 3639 3022 3691 Ἔδει
3056 3638 3370 3707 γὰραῦτδν,
3398 3640 3583 3707 φησὶν,
3607 3637 3795 3709 ῶσπερ
3827 3636 3963 3701 ἐγὼ,

2388 3731 2531 3798 λόγῳ
2567 3708 2712 3800 μόνῳ
2758 3733 2935 3781 ποιεῖν
2970 3730 3115 3798 άπερ
3153 3729 3438 3790 ἐεοῦλετο,
3490 3728 3584 3779 καὶ
3635 3708 3727 3797 μὴ’
3763 3728 3966 3779 ἀποτε-

2387 3819 2650 3887 λέσμασιν
2703 3819 3021 3890 ἐπιτρέπειν
3074 3817 3144 3871 τὰ
3188 3819 3321 3887 παρ’
3375 3816 3541 3870 αὑτοῦ
3585 3817 3961 3886 πραττόμενα,

2387 3911 2570 3965 Ταῦτα
2598 3912 2654 3963 δὲ
2693 3912 2871 3964 πάντα
2902 3910 3252 3980 συγχωρήσει
3277 3908 3370 3960 τοῦ
3401 3907 3537 3960 Θεοῦ
3574 3906 3669 3960 καὶ
3713 3907 3965 3977 ἐνεργείᾳ

2384 4006 2653 4074 δαιμόνων
2685 4004 2922 4072 γίνονται
2969 4004 3107 4072 πρὸς
3145 4003 3205 4056 τὸ
3248 4003 3337 4056 διά
3372 4002 3480 4055 τῶν
3508 4001 3770 4054 τοιούτων
3821 4018 3965 4070 πρα-

2385 4096 2612 4165 γμάτων
2681 4093 3078 4164 δοκιμάζεσθαι
3157 4095 3258 4162 τὴν
3323 4091 3601 4161 ἡμετέραν
3680 4091 3964 4159 όρυόδοξον

2386 4188 2588 4250 πίστιν,
2625 4188 2674 4239 εἰ
2711 4186 2902 4256 ὲδραία
2951 4185 3069 4238 ἐστὶ
3115 4186 3211 4237 καὶ
3242 4185 3418 4249 παγία
3468 4182 3853 4252 προσμένουσα
3883 4181 3962 4251 τῷ

2383 4277 2595 4347 Κυρίῳ,
2620 4276 2715 4329 καὶ
2737 4276 2812 4346 μὴ
2843 4276 3223 4345 ὑποσυρομένή
3261 4275 3365 4327 ὑπὸ
3386 4273 3479 4327 τοῦ
3507 4271 3706 4343 ἐχθροῦ
3738 4272 3825 4326 διά
3853 4273 3962 4325 τῶν

2385 4367 2770 4438 φαντασιωδῶν
2818 4366 3066 4437 τεράτων
3123 4367 3218 4418 καὶ
3270 4365 3584 4419 σατανικῶν
3631 4363 3811 4433 ἔργων
3850 4364 3960 4415 τῶν

2384 4457 2775 4528 πραττομένων
2814 4456 2920 4509 ὑπὸ
2969 4454 3079 4507 τῶν
3125 4454 3330 4506 δούλων
3362 4454 3457 4507 καὶ
3507 4451 3806 4522 ὑπηρετῶν
3856 4446 3958 4518 τῆς

713 4548 969 4603 nefaciat.
1004 4547 1136 4600 Nam
1166 4546 1455 4601 Balaamus
1476 4562 1651 4616 neque
1679 4557 1825 4601 recte
1853 4546 2068 4599 vivebat
2101 4560 2279 4614 neque
2310 4552 2357 4608 ι)
2384 4567 2390 4603 :

2277 4552 2357 4608 ID
2384 4548 2601 4610 κακίας.
2659 4548 2734 4601 Οὐ
2790 4547 2895 4617 μὴν
2934 4547 2990 4599 δέ
3044 4546 3180 4598 άλλά
3219 4545 3312 4596 καὶ
3346 4544 3424 4613 τῷ
3467 4543 3692 4610 ὀνόματι
3745 4541 3954 4609 Κυρίου

713 4655 839 4695 vera
875 4646 992 4693 erat
1029 4638 1133 4692 fide
1163 4638 1464 4707 praeditus:
1527 4646 1582 4691 et
1617 4647 1799 4690 tamen
1841 4634 1934 4690 Dei
1978 4636 2153 4704 gratia
2187 4651 2285 4704 per

714 4749 837 4786 cum
875 4733 984 4800 egit
1017 4741 1237 4800 propter
1284 4730 1516 4784 aliorum
1549 4728 1857 4782 utilitatem.
1888 4727 2012 4781 Fuit
2066 4736 2118 4782 et
2147 4728 2286 4781 Pha-

716 4836 811 4874 rao
849 4821 1066 4878 malus:
1115 4829 1278 4889 atque
1335 4820 1461 4873 huic
1525 4829 1704 4875 tamen
1764 4819 1943 4874 futura
2001 4820 2279 4874 indicavit.

714 4911 779 4972 lit
832 4912 1154 4981 impiissimo
1229 4910 1750 4965 Nabuchodonosori
1808 4910 2166 4965 nihilominus
2217 4925 2279 4965 ea

714 5011 1129 5073 praemonstrata
1162 5010 1291 5059 sunt
1314 5017 1434 5068 qua:
1479 5001 1666 5057 multis
1707 5008 1828 5070 post
1882 5012 2064 5057 essent
2112 5019 2282 5058 even-

712 5103 837 5146 tura
868 5093 1142 5147 :ctatibus.
1203 5090 1357 5147 Unde
1395 5099 1609 5146 constat
1661 5090 1865 5145 multos
1914 5091 2075 5145 etiam
2137 5109 2281 5149 verae

715 5182 976 5237 adversos
1008 5180 1260 5249 religioni
1310 5179 1414 5235 sub
1462 5178 1667 5234 Christi
1699 5179 1940 5234 nominis
1990 5184 2279 5252 praescrip-

714 5274 864 5326 tione
908 5273 1013 5327 alio
1050 5270 1286 5325 artificio
1325 5270 1585 5325 miracula
1620 5271 1784 5325 edere
1810 5270 1877 5325 ad
1928 5271 2280 5342 decipiendos

718 5363 1024 5432 imperitos.
1052 5362 1238 5428 Qualis
1262 5360 1364 5415 fuit
1418 5359 1605 5417 Simon
1638 5361 1826 5432 Magus
1872 5372 1926 5416 et
1984 5363 2279 5421 Menander

720 5468 784 5507 ac
815 5459 937 5522 post
965 5466 1060 5506 eos
1108 5451 1199 5505 alii
1250 5466 1437 5507 eorum
1505 5452 1732 5508 similes.
1788 5451 1976 5524 Itaque
2023 5458 2278 5525 praeclare

720 5544 923 5597 dictum
981 5550 1096 5597 est:
1127 5556 1303 5610 neque
1340 5540 1514 5612 decipi
1546 5543 1826 5599 miraculis
1879 5548 2152 5611 convenit,
2180 5564 2276 5603 ne-

720 5635 849 5688 dum
884 5631 1028 5687 nuda
1061 5632 1471 5702 pollicitatione,
1496 5633 1591 5688 sed
1615 5634 1942 5702 exploranda
1967 5646 2050 5692 est
2076 5640 2280 5695 veritas

720 5737 909 5777 eorum
954 5737 1074 5791 qua:
1106 5722 1380 5778 dicuntur.
1418 5720 1497 5776 Ex
1547 5722 1813 5781 fructibus
1876 5728 2020 5782 enim
2085 5744 2274 5785 eorum

718 5812 1032 5881 judicabitis
1062 5814 1229 5882 ipsos,
1258 5814 1333 5868 ait
1365 5812 1624 5871 Dominus

2387 4639 2799 4710 πρπφήτευσάν
2828 4654 2992 4702 τινες,
3022 4638 3097 4699 ὡς
3136 4636 3366 4704 Βαλαάμ
3396 4635 3600 4696 Σσυλδς
3627 4633 3722 4684 καὶ
3775 4633 3953 4684 Καϊά-

2385 4749 2512 4800 φας.
2544 4731 2638 4784 καὶ
2670 4730 2925 4800 δαιμόνια
2978 4730 3140 4781 πάλιν
3192 4728 3478 4793 ἐξέϐαλον,
3512 4725 3587 4789 ώς
3628 4725 3828 4787 Ἰούδας
3860 4724 3955 4775 καὶ

2383 4825 2431 4875 οί
2466 4823 2571 4876 υἱοὶ
2615 4822 2814 4874 Σκεύα.
2870 4819 3193 4874 Οὐκοῦνκαὶ
3240 4819 3322 4880 είς
3375 4816 3631 4880 ἀναξίους
3697 4817 3727 4883 ή
3791 4816 3954 4883 χάρις

2383 4915 2596 4982 ἐνεργεῖ
2619 4912 2897 4975 πολλάκις,
2926 4910 2993 4963 ἵν’
3040 4912 3263 4978 ἑτέρους
3299 4908 3658 4977 εῦεργετήσῃ.
3709 4908 3819 4960 Καὶ
3851 4907 3954 4976 γάρ

2383 5004 2635 5074 Βαλαάμ,
2678 5003 3006 5072 ἀμφοτέρων
3027 5001 3305 5070 ἀλλότριος
3337 4994 3425 5069 ἦν,
3455 4998 3569 5068 βίον
3601 4999 3825 5066 ἀρίστου
3858 5001 3956 5050 καὶ

2384 5096 2652 5157 πίστεως·
2699 5094 2816 5147 ἀλλ’
2861 5094 3011 5162 ὅμως
3048 5093 3358 5161 ἐνήργησεν
3398 5092 3479 5152 εἰς
3516 5090 3681 5141 αὐτὸν
3713 5091 3746 5158 ή
3790 5089 3953 5160 χάρις

2380 5185 2468 5240 διὰ
2498 5185 2596 5256 τὴν
2637 5186 2841 5256 ἐτέρων
2891 5185 3228 5252 οἰκονομίαν.
3283 5183 3394 5237 Καὶ
3445 5181 3531 5253 [Ρ.
3565 5180 3692 5252 Ἠῖ]
3750 5182 3955 5249 Φαραὼ

2378 5279 2618 5341 τοιοῦτος
2650 5273 2739 5348 ἦν,
2772 5277 2908 5331 ἀλλά
2957 5276 3193 5346 κάκείνῳ
3222 5275 3288 5327 τά
3336 5274 3597 5341 μέλλοντα
3646 5274 3949 5343 προέδειξε.

2380 5373 2490 5426 Καὶ
2516 5374 2544 5426 ὁ
2575 5371 3045 5440 Ναϐουχοδονόσορ
3068 5366 3554 5439 παρανομώτατος,
3583 5366 3718 5420 ἀλλά
3756 5383 3821 5434 γε
3854 5366 3954 5419 καὶ

2377 5463 2553 5534 τούτῳ
2572 5462 2639 5516 τά
2673 5462 2811 5533 μετά
2849 5461 3048 5525 πολλὰς
3081 5460 3304 5528 ὕστερον
3336 5458 3571 5527 ἐσόμενα
3618 5459 3811 5525 γενεάς
3847 5459 3955 5511 ἀπ-

2379 5553 2671 5621 εκάλυψεν.
2708 5551 2870 5605 Ὅθεν
2903 5551 3060 5619 δῆλον
3097 5550 3180 5603 ὅτι
3208 5547 3394 5601 πολλοὶ
3423 5548 3518 5601 καὶ
3554 5546 3665 5599 τῶν
3703 5548 3952 5599 ἐναντίον

2377 5645 2612 5715 ἐχόντων
2629 5643 2885 5715 φρόνημα
2927 5643 3021 5694 ἐπὶ
3059 5641 3137 5711 τῷ
3183 5640 3538 5710 προσχήματι
3567 5636 3663 5691 τοῦ
3703 5636 3946 5705 Χριστοῦ

2376 5736 2639 5806 τεράστια
2675 5734 2921 5787 ποιοῦσιν
2973 5732 3346 5806 ἑτέραγτέχνῃ
3387 5729 3490 5782 τινὶ
3539 5728 3677 5800 πρὸς
3729 5729 3948 5794 ἀπάτην

2377 5805 2683 5895 ἀνθρώπων
2739 5805 3164 5909 ἀπειροκάλων,
3216 5816 3327 5885 οἶος
3382 5822 3600 5889 ἐγένετο
3670 5820 3856 5888 Σίμων
3914 5819 3944 5869 ό

730 5902 899 5978 μάγος
934 5906 1024 5960 καὶ
1043 5907 1349 5980 Μένανδρος
1367 5910 1483 5979 μετέ
1505 5912 1713 5968 ἐκεῖνον
1738 5914 1996 5972 καὶᾶλλοι
2021 5918 2266 5988 τοιοῦτοι,
2309 5920 2376 5975 δι’
2402 5919 2492 5985 οὓς
2524 5920 2743 5985 εἰκότως
2780 5902 2882 5989 ἔφη
2945 5917 3018 5991 μή
3063 5917 3336 5989 θαύμασιν
3397 5915 3706 5971 ἀπατᾶσθαι
3772 5929 3941 5985 πεοισ-
