4248 6456
738 397 846 461 475

2034 400 2359 462 GEORGII
2396 399 2735 461 CEDRENI

3892 394 4001 459 475

736 510 868 580 quid
896 506 1039 562 iste?
1069 506 1349 577 respondit
1374 507 1537 563 Jcsus
1564 525 1577 561 :
1602 506 1659 562 Si
1701 507 1859 563 velim
1908 509 2053 563 hunc
2089 526 2309 565 manere

2415 509 2663 565 ἐπισε....
2695 512 2753 563 ὲν
2781 506 3353 563 Κωνσταντινουπόλει
3387 504 3685 576 ἐρωτηθεὶς
3717 506 3844 574 περὶ
3875 506 3997 559 τού-

739 615 915 669 usque
943 597 1010 652 ad
1056 597 1347 651 adventum
1382 613 1589 664 meum,
1622 601 1752 669 quid
1790 601 1893 653 hoc
1920 600 1986 653 ad
2022 602 2107 656 te?
2164 602 2310 667 Quo-

735 688 884 742 niam
918 698 1050 753 ergo
1082 685 1359 755 piscantes
1386 702 1483 742 eos
1504 686 1793 752 oﬂendcns
1824 687 1989 742 Petro
2019 690 2122 743 soli
2142 691 2311 757 jussit

737 778 929 845 sequi,
1000 778 1157 847 isque
1209 776 1481 836 Joannem
1539 781 1729 836 volens
1786 784 2042 837 comitem
2079 785 2307 849 habere,

736 870 988 940 quaesivit
1020 886 1082 924 ex
1115 868 1346 927 Domino
1375 873 1506 943 quid
1534 876 1636 929 iste
1676 884 1822 930 esset
1842 885 2089 942 acturus,
2123 876 2310 930 Domi-

736 978 843 1017 nus
876 964 1216 1031 respondens
1240 964 1506 1019 Joannem
1541 967 1835 1036 piscationi
1868 969 2309 1035 immoraturum,

736 1056 872 1108 dixit
906 1069 920 1109 :
950 1055 1005 1109 Si
1042 1072 1165 1110 eum
1193 1057 1314 1109 volo
1348 1073 1568 1112 manere
1597 1059 1684 1113 hic
1714 1067 1766 1113 et
1800 1062 2020 1129 piscari,
2051 1061 2180 1115 dum
2204 1061 2312 1117 huc

740 1158 1009 1211 revertar,
1048 1149 1178 1217 quid
1219 1158 1310 1201 tua
1341 1148 1551 1205 refert?
1594 1159 1648 1206 et
1686 1153 1803 1222 ipse
1828 1151 2071 1208 Joannes
2115 1153 2310 1208 falsam

738 1252 928 1289 eorum
973 1240 1345 1307 suspicionem
1396 1242 1604 1311 optime
1654 1244 1879 1312 corrigit
1934 1244 2021 1299 his
2091 1246 2309 1299 verbis:

735 1328 853 1382 Nm
886 1329 1102 1384 dixerat
1138 1332 1404 1389 Dominus
1457 1335 1601 1387 hunc
1630 1349 1737 1387 non
1796 1350 1921 1389 esse
1959 1337 2310 1391 moriturum.

697 1410 949 1475 'Eleuim
1009 1426 1245 1493 apostoli
1305 1440 1684 1494 saepenumero
1739 1428 2202 1496 interrogationes
2261 1438 2314 1483 et

739 1515 1128 1581 responsiones
1172 1515 1376 1570 Christi
1413 1530 1521 1569 non
1581 1520 1819 1571 assecuti
1878 1527 2027 1581 sunt,
2084 1519 2315 1588 ideoque

737 1603 1013 1671 ignoratio
1046 1608 1127 1659 eis
1168 1616 1253 1659 est
1283 1620 1310 1657 a
1357 1606 1620 1675 Magistro
1651 1618 1705 1663 et
1753 1610 2045 1678 stupiditas
2078 1611 2312 1679 objecta,

738 1695 915 1748 donec
936 1695 1173 1763 Spiritus
1192 1707 1415 1751 sanctus
1436 1700 1580 1751 venit
1598 1714 1799 1766 eosque
1816 1702 1962 1753 omni
1985 1701 2214 1754 veritate
2229 1702 2316 1755 in-

741 1786 943 1845 stituit,
966 1789 1130 1841 sicuti
1158 1787 1420 1842 Dominus
1440 1792 1786 1856 promiserat.
1808 1790 2013 1857 Quodsi
2033 1794 2156 1862 quis
2178 1809 2312 1848 con-

2410 617 2502 652 του
2529 599 2703 662 οὕτως
2731 595 3067 666 ἁπεκρίνατο
3099 595 3297 663 λέγων’
3338 593 3509 657 Αὐτὸς
3548 594 3804 663 Ἰωάννης
3831 597 3890 647 ὲν
3920 595 4000 664 τῷ

2416 690 2541 743 κατ’
2583 689 2747 743 αὐτὸν
2810 686 3131 755 Εὑαγγελίῳ
3183 686 3321 756 πρὸς
3367 686 3446 754 τῷ
3494 684 3641 738 τέλει
3699 684 3999 755 διεσάςησε

2410 779 2569 832 τοῦτο
2599 781 2825 849 φάσκων
2879 778 2989 830 Καὶ
3009 776 3167 830 τοῦτο
3195 773 3365 829 εἰπὼν
3401 777 3430 828 ὁ
3458 774 3663 845 Ἰησοῦς
3682 774 3829 843 λέγει
3851 774 4003 845 αὐτῷ

2416 870 2681 943 (τουτέστι
2719 869 2797 940 τῷ
2836 870 3070 940 Πέτρῳ)·
3123 866 3433 921 Ἀκολούθει
3473 882 3583 934 μοι.
3610 865 4002 935 Ἐπιστραφεὶς

2412 963 2469 1015 δὲ
2498 964 2525 1014 ὁ
2557 964 2759 1032 Πέτρος
2783 961 2970 1031 βλέπει
3004 960 3095 1013 τὸν
3136 959 3387 1031 μαθητὴν
3414 958 3473 1011 ὃν
3498 958 3694 1026 ἠγάπα
3724 960 3751 1011 ὀ
3791 957 4002 1026 Ἰησοῦς

2414 1054 2810 1110 ἀκολουθοῦντα
2831 1092 2846 1118 ,
2906 1052 2999 1106 καί
3049 1068 3185 1123 φησι
3213 1068 3230 1082 ο
3266 1051 3465 1122 Κύριε,
3493 1044 3649 1113 οὗτος
3676 1049 3734 1102 δὲ
3764 1049 3855 1115 τίς
3888 1050 4001 1103 Kal

2413 1150 2561 1215 λέγει
2591 1147 2740 1219 αὐτῷ
2777 1149 2805 1200 ὁ
2843 1143 3080 1215 Ἰησοῦς⁶
3126 1143 3254 1199 Ἐὰν
3290 1144 3455 1196 αὐτὸν
3480 1141 3621 1196 θέλω
3650 1141 3833 1210 μένειν
3887 1141 3999 1205 ἓως

2414 1242 2685 1312 ἐρχωμαι,
2716 1240 2769 1294 τί
2821 1241 2958 1311 πρὸς
2990 1238 3088 1303 ai;
3124 1237 3278 1291 Ἐπεὶ
3319 1231 3413 1289 οὖν
3452 1234 3770 1297 ἁλιεύοντας
3801 1233 4003 1296 αὐτοὺς

2417 1334 2744 1404 κατείληφε,
2790 1332 2867 1403 τῷ
2925 1332 3117 1401 Πέτρῳ
3176 1331 3323 1399 μόνῳ
3371 1328 3710 1397 προσέταξεν
3767 1326 4002 1380 ἔπεσθαι

2416 1425 2585 1494 αὐτῷ.
2632 1424 2690 1476 '0
2728 1424 2784 1476 δὲ
2814 1423 2907 1475 καὶ
2934 1421 3025 1475 τὸν
3059 1422 3313 1490 Ἰωάννην
3341 1417 3784 1488 συμπορεύεσθαι
3819 1416 4006 1486 βουλό.

2427 1534 2588 1587 μενος
2642 1516 2745 1585 ἔφη
2777 1530 2789 1543 ·
2820 1515 3031 1584 Κύριε,
3087 1507 3240 1576 οὗτος
3293 1512 3349 1564 δὲ
3369 1513 3454 1576 τί;
3502 1510 3600 1563 ⁸ον
3650 1508 3920 1570 θεσπίσας
3972 1512 4003 1560 ὁ

2429 1608 2633 1677 Ἰησοῦς
2652 1606 2981 1676 προσμένειν
3008 1604 3101 1658 ἐπὶ
3124 1605 3223 1672 τῆς
3248 1603 3461 1665 ἁλιείας
3488 1601 3672 1671 φησίν·
3692 1601 3815 1654 Ἐὰν
3837 1601 4001 1654 αὑτὸν

2418 1701 2557 1753 θέλω
2583 1700 2763 1768 μένειν
2793 1696 3027 1751 ἐνταῦθα
3046 1696 3136 1749 καὶ
3159 1696 3397 1749 ἁλιεύειν
3426 1695 3531 1758 ἓως
3558 1695 3626 1747 ἂν
3651 1693 4003 1761 ὑποστρέψας

2429 1791 2676 1861 ἑρχωμαι
2722 1789 2882 1843 πάλιν
2924 1782 3047 1855 ὧδε,
3082 1786 3134 1840 τί
3181 1787 3319 1857 πρὸς
3351 1788 3448 1851 σέ;
3498 1786 3639 1839 ὥστε
3678 1780 3771 1836 οὖν
3799 1783 4004 1851 ἄριστα

739 1878 975 1933 ὶι-ιιιὶοςε
989 1889 1041 1933 et
1064 1890 1266 1932 temere
1284 1896 1472 1935 sacras
1489 1882 1612 1936 illas
1633 1898 1797 1938 voces
1812 1882 2084 1952 arripiens
2121 1885 2314 1939 intem-

2427 1880 2806 1953 διορθούμενος
2832 1881 2932 1953 τὴν
2955 1880 3300 1949 ἐσφαλμένην
3343 1879 3523 1931 αὐτῶν
3546 1878 3825 1937 ὑπόνοιαν,
3852 1875 4001 1928 εἰκό-

739 1970 951 2036 pcslive
967 1986 1027 2023 ex
1052 1970 1216 2040 436
1232 1971 1297 2025 iis
1318 1973 1576 2037 colligere
1593 1974 1719 2028 velit
1735 1972 2002 2029 Joannem
2023 1975 2075 2029 in
2092 1975 2193 2030 hac
2210 1977 2319 2032 vita

737 2061 802 2115 ai
823 2063 1174 2129 posteriorem
1190 2064 1389 2117 Christi
1409 2064 1701 2119 adventum
1724 2066 2156 2121 annuntiandum
2177 2069 2319 2123 Eno-

740 2154 827 2204 ehi
857 2167 910 2205 et
940 2152 1065 2206 Elia:
1094 2156 1343 2224 exemplo
1374 2157 1767 2225 permansisse,
1806 2159 1851 2213 is
1882 2159 2021 2214 sciat
2046 2157 2317 2214 Joannem

741 2245 794 2297 in
830 2246 1189 2315 patefactione
1219 2249 1364 2301 solos
1395 2250 1530 2304 istos
1561 2250 1699 2304 duns
1724 2252 1826 2306 sub
1856 2266 2086 2320 persona
2112 2250 2319 2305 Christi

742 2337 925 2391 d'cere
952 2346 1118 2394 testes
1152 2341 1253 2395 sibi
1307 2342 1541 2397 futuros.
1579 2342 1885 2397 Producam
1939 2344 2135 2412 inquit,
2178 2344 2318 2399 duos

744 2444 896 2483 meos
926 2439 1092 2485 testes
1118 2430 1395 2487 Enochum
1426 2443 1478 2486 et
1505 2433 1695 2494 Eliam,
1731 2434 1877 2503 iique
1900 2450 2093 2491 saccos
2128 2436 2318 2490 amicti

742 2517 1193 2572 vaticinnbuntur
1217 2520 1334 2575 dies
1364 2520 1500 2577 1260
1521 2522 1587 2574 ⁸³.
1623 2522 1686 2576 ili
1723 2530 1853 2577 sunt
1905 2523 2026 2578 dum
2078 2525 2212 2580 olea
2267 2537 2320 2581 et

744 2605 866 2661 duae
898 2608 1153 2664 lucerme.
1213 2611 1354 2681 Ignis
1404 2629 1468 2667 ex
1502 2629 1690 2667 eorum
1753 2629 1850 2670 ore
1897 2616 2210 2685 egredietur
2266 2627 2320 2673 et

742 2698 931 2755 hostes
990 2716 1180 2756 eorum
1262 2704 1569 2759 devorabit.
1628 2706 1877 2776 Cumque
1942 2709 2315 2764 testimonium

743 2806 899 2844 suum
925 2799 1097 2847 totum
1141 2795 1400 2861 dixerint,
1432 2798 1605 2863 bestia
1644 2813 1765 2868 qua:
1795 2814 1859 2854 ex
1892 2801 2091 2872 abysso
2125 2819 2318 2857 ascen-

742 2885 820 2938 dit
854 2887 1054 2940 bellum
1087 2888 1167 2943 eis
1216 2887 1397 2951 faciet,
1452 2890 1741 2959 vincetque
1783 2906 1878 2946 eos
1903 2901 1955 2946 et
2005 2893 2318 2959 interﬁciet,

743 2985 799 3030 ct
822 2978 1085 3033 cadavera
1102 2994 1290 3034 eorum
1324 2982 1375 3033 in
1398 2981 1570 3050 platea
1596 2982 1748 3036 urbis
1768 2983 2029 3053 jacebunt
2062 2986 2178 3039 dies
2208 2986 2241 3038 3
2268 3001 2315 3040 s.

747 3068 1037 3136 insepulta,
1088 3070 1176 3123 ubi
1210 3079 1261 3124 et
1295 3069 1558 3126 Dominus
1617 3087 1806 3127 eorum
1863 3073 2159 3130 crucifixus
2213 3085 2315 3130 est.

2421 1993 2528 2037 τως
2556 1975 2683 2044 ἔφη,
2718 1976 2811 2028 xal
2834 1975 2931 2027 οὐκ
2955 1969 3109 2027 εἶπεν
3140 1972 3286 2042 αὐτῷ
3318 1971 3567 2041 ὁἸησοῦς
3597 1972 3678 2025 ὅτι
3716 1970 3817 2023 οὐκ
3859 1970 4001 2022 ἀποο

2424 2068 2668 2138 Θνήσκει.
2701 2069 2809 2119 Καὶ
2843 2067 2953 2138 γὰρ
3005 2068 3061 2119 ὲν
3116 2066 3334 2128 πολλοῖς
3367 2064 3635 2126 πολλάκις
3667 2060 4005 2130 ἐσφάλλοντο

2422 2161 2558 2230 πρὸς
2582 2159 2679 2221 τὰς
2730 2157 2950 2222 πεύσεις
2996 2158 3237 2228 Χριστοῦ
3271 2156 3365 2209 καὶ
3396 2156 3495 2218 τὰς
3520 2156 3863 2223 ἀποκρίσεις,
3907 2152 4006 2204 καὶ

2422 2252 2639 2321 ἢκουον,
2658 2248 2938 2303 Ἀσύνετοι
2965 2251 3055 2303 καὶ
3074 2248 3288 2320 βραδεῖς
3308 2251 3373 2317 τῇ
3396 2246 3614 2317 καρδία,
3633 2245 3738 2308 ἕως
3762 2242 3915 2296 ἐλθὸν
3941 2243 4005 2296 το

2421 2340 2648 2411 Πνεῦμα
2674 2341 2735 2394 τὸ
2764 2340 2918 2409 ἆγιον
2950 2341 3235 2411 ὡδήγησεν
3285 2338 3486 2399 αὐτοὺς
3528 2339 3611 2400 εἰς
3662 2337 3846 2388 πᾶσαν
3901 2334 4005 2403 τὴν

2419 2434 2677 2505 ἀλήθειαν
2709 2433 2853 2487 κατὰ
2884 2435 2977 2486 τὸν
3003 2432 3098 2485 τοῦ
3132 2432 3343 2503 Κυρίου
3381 2431 3559 2497 λόγον.
3588 2428 3650 2481 Εἰ
3680 2427 3737 2480 δέ
3766 2444 3849 2489 τις
3889 2428 4007 2496 ἰρι-

2422 2526 2627 2590 στικῶς
2657 2526 2753 2579 καὶ
2787 2524 3077 2595 προπετῶς
3104 2521 3536 2593 ἀποκρινόμενος
3554 2520 3655 2583 τὰς
3685 2520 3838 2587 ἱερὰς
3868 2518 4007 2571 ταύ-

2419 2635 2519 2680 τας
2543 2617 2725 2686 φωνὰς
2756 2616 2852 2670 καὶ
2894 2615 3200 2688 μαρτυρίας
3246 2613 3494 2684 ἀκαίρως
3546 2612 3705 2681 δῆθεν
3751 2610 4006 2677 συλλογι-

2424 2710 2651 2781 ζόμενος
2684 2712 2851 2781 είπῃ·
2894 2709 3039 2779 Πρὸς
3086 2707 3147 2761 τὸ
3187 2707 3544 2774 καταγγεῖλαι
3590 2704 3689 2774 τὴν
3737 2704 4002 2774 δευτέραν

2421 2802 2657 2872 Χριστοῦ
2683 2801 2988 2871 παρουσίαν
3019 2798 3349 2870 κατελείφθη
3383 2798 3493 2861 ζῶν
3526 2798 3585 2850 ὲν
3631 2796 3799 2866 σαρκὶ
3861 2794 4004 2865 μετὰ

2435 2895 2605 2965 Ἑνὼχ
2633 2895 2728 2948 καὶ
2772 2894 2952 2957 Ἠλία,
2986 2892 3233 2946 ἀκουέτω
3283 2891 3366 2944 ὅτι
3396 2907 3501 2960 περ
3537 2891 3731 2960 μόνους
3765 2889 3852 2941 διὰ
3898 2888 4004 2955 τῆς

2421 2986 2819 3055 ἀποκαλύψεως
2870 2985 3033 3047 αὐτὸς
3092 2976 3248 3046 οὗτος
3296 2982 3541 3044 ἐκείνους
3595 2982 3661 3032 ἐκ
3703 2978 4005 3049 προσώπου

2421 3080 2570 3147 λέγει
2608 3080 2814 3150 Κυρίου
2838 3079 2965 3139 τοὺς
2988 3077 3082 3130 δύο
3120 3076 3407 3146 μάρτυρας
3438 3071 3791 3142 γενήσεσθαι,
3827 3069 4005 3139 Ἐνῲχ

743 3157 969 3214 Frustra
1023 3162 1190 3231 igitur
1229 3171 1506 3233 nugantur
1557 3166 1778 3232 quidam
1831 3165 2094 3222 Joannem
2140 3170 2314 3223 adhuc

2421 3173 2515 3226 καὶ
2559 3172 2774 3237 Ἠλίαν,
2823 3170 3001 3222 τοιάδε
3033 3170 3260 3236 φάσκων
3303 3184 3315 3198 ·
3353 3167 3462 3220 Kal
3514 3165 3670 3217 δώσω
3724 3164 3834 3225 τοῖς
3880 3162 4007 3215 δυσὶ

740 3251 794 3303 in
831 3266 1062 3318 corpore
1093 3257 1299 3318 vivere,
1351 3271 1536 3311 revera
1594 3258 1910 3327 ignorantes
1937 3260 2068 3329 quid
2129 3262 2315 3315 dicunt

739 3349 793 3395 et
822 3356 927 3410 qua
951 3344 1018 3397 de
1046 3358 1103 3397 re
1126 3353 1478 3413 contendant,
1507 3348 1573 3402 dc
1620 3365 1722 3403 suo
1769 3350 1899 3405 illud
1945 3360 2311 3407 commentum

740 3436 1005 3490 audacter
1063 3438 1305 3506 profecto
1334 3451 1386 3495 et
1449 3442 1788 3497 confidenter
1827 3443 2312 3513 proferentcsmon

738 3542 806 3583 ex
831 3530 1002 3583 sacris
1035 3530 1299 3587 habentes
1338 3533 1746 3604 interpretibus.

2426 3263 2661 3333 μάρτυσι
2723 3279 2860 3331 μου,
2917 3259 3013 3313 καὶ
3061 3256 3536 3329 προφητεύσουσιν
3586 3254 3800 3325 ἡμέρας
3842 3252 4004 3317 ,ασξ’,

2422 3352 2885 3423 περιϐεϐλημένοι
2912 3349 3165 3410 σάκκους.
3204 3340 3366 3400 Οὗτοί
3407 3348 3544 3398 εἰσιν
3593 3346 3649 3398 αἱ
3682 3344 3775 3397 δύο
3822 3343 4008 3396 ἐλαῖαι

2422 3445 2516 3498 καὶ
2541 3447 2594 3497 αἱ
2626 3444 2721 3497 δύο
2750 3442 2983 3512 λυχνίαι.
3020 3440 3138 3511 Πῦρ
3185 3439 3544 3509 ἐκπορεύεται
3593 3435 3687 3490 τοῦ
3735 3436 4008 3505 στόματος

2423 3537 2602 3589 αὐτῶν
2627 3536 2723 3590 καὶ
2773 3535 3050 3588 κατεσθίει
3080 3533 3203 3596 τοὺς
3232 3532 3463 3602 ἐχθροὺς
3494 3531 3695 3583 αὐτῶν.
3733 3528 3843 3581 Καὶ
3871 3528 4007 3580 ὅταν

739 3618 1000 3674 τελέσωσι
1057 3622 1155 3693 τὴν
1212 3625 1524 3694 μαρτυρίαν
1568 3627 1771 3690 αὐτῶν,
1807 3629 2027 3698 ποιήσει
2074 3628 2136 3681 τὸ
2178 3628 2468 3682 ἀναϐαῖνον
2508 3629 2694 3699 θηρίον
2723 3630 2786 3683 έκ
2828 3630 2925 3695 τῆς
2989 3627 3233 3682 ἀϐύσσου
3300 3625 3540 3695 πόλεμον
3622 3622 3738 3691 μετ’
3798 3620 4005 3685 αὐτῶν,

741 3716 835 3767 καὶ
871 3719 1082 3786 νικήσει
1108 3718 1202 3771 καὶ
1231 3720 1547 3773 ἀποκτείνει
1570 3721 1790 3787 αὐτοὺς,
1819 3724 1913 3777 καὶ
1946 3724 2014 3778 τὰ
2080 3723 2348 3793 πτώματα
2423 3725 2605 3778 αὐτῶν
2660 3724 2754 3778 ἐπὶ
2815 3723 2918 3793 τῆς
2981 3722 3242 3785 πλατείας
3305 3720 3407 3789 τῆς
3467 3720 3712 3790 μεγάλης
3783 3716 4001 3777 πόλεως

739 3810 1182 3882 ἓσονταιὴμέρας
1204 3816 1351 3882 τρεῖς
1374 3814 1544 3883 ἥμισυ
1568 3814 1772 3885 ἄταφα,
1795 3818 1931 3871 ὅπου
1954 3818 2091 3871 καὶὸ
2119 3818 2322 3888 Κύριος
2360 3818 2539 3872 αὐτῶν
2573 3818 2911 3890 ἐσταυρώθη.
2986 3816 3179 3887 Μάτην
3223 3815 3315 3869 οῦν
3374 3811 3755 3883 παραληροῦσί
3834 3825 4009 3870 τινες,

742 3904 1042 3973 φάσκοντες
1070 3904 1232 3956 αὑτὸν
1272 3903 1370 3973 ζῇν
1400 3904 1479 3957 ἔτι
1511 3905 1569 3957 ὲν
1595 3906 1781 3976 σαρκὶ,
1814 3908 1908 3960 καὶ
1942 3909 2016 3977 μὴ
2064 3909 2312 3971 νοοῦντες
2354 3910 2492 3979 μήτε
2547 3908 2584 3962 ἃ.
2635 3907 2855 3976 λέγουσι
2907 3908 2983 3975 τῷ
3028 3906 3144 3959 ὄντι
3190 3906 3330 3975 μήτε
3406 3902 3536 3972 περὶ
3592 3901 3755 3954 τίνων
3823 3902 4014 3956 διαϐε-

742 3997 1055 4059 ὁσιοῦνται,
1098 3994 1309 4048 οἴκοθεν
1349 3994 1509 4048 τοῦτο
1577 3997 1670 4049 καὶ
1698 3998 1821 4057 ,οῦκ
1878 3996 2105 4051 ἔκτινων
2149 3999 2311 4068 ίερῶν
2349 3998 2631 4068 ἐξηγητῶν
2693 3998 3082 4069 ῥιψοκινδύνως
3133 4012 3192 4049 τε
3227 3996 3322 4048 καὶ
3352 3994 3640 4065 τολμηρῶς
3686 3993 3855 4054 ὅντως
3919 4008 4013 4045 τε-

747 4089 1120 4160 ρατευόμενοι.

816 4180 945 4233 Post
985 4178 1211 4233 Nervam
1253 4176 1522 4247 Traianus
1548 4178 1835 4248 imperavit
1856 4194 2029 4236 annos
2055 4181 2141 4243 l9,
2174 4195 2321 4234 men-

747 4288 835 4326 ses
866 4271 920 4331 6,
950 4271 1066 4324 dies
1098 4270 1185 4324 15.
1238 4269 1360 4325 Fuit
1393 4271 1495 4327 iste
1518 4272 1677 4327 malis
1720 4272 1952 4328 infestus
1988 4282 2043 4327 et
2089 4272 2320 4341 iustitiae

748 4374 959 4414 amans.
993 4360 1297 4428 Aliquando
1319 4361 1571 4417 strictum
1598 4377 1786 4417 ensem
1824 4363 1877 4418 in
1915 4365 2159 4419 omnium
2194 4381 2317 4435 pro-

746 4467 932 4506 cerum
974 4460 1270 4520 conspectu
1305 4453 1562 4520 przel'ecto
1598 4454 1843 4516 tradidit,
1884 4456 1959 4509 ita
2002 4456 2261 4524 inquiens
2301 4475 2313 4511 :

746 4543 949 4612 Accipe
980 4542 1127 4596 hune
1164 4544 1429 4609 gladium,
1461 4560 1655 4615 eoque,
1689 4547 1731 4600 si
1780 4556 1928 4602 recte
1954 4547 2185 4617 impero.
2223 4564 2320 4616 pro

748 4649 854 4697 nuc,
896 4634 941 4689 si
970 4635 1129 4697 male,
1152 4642 1343 4689 contra
1372 4651 1457 4691 me
1498 4638 1685 4693 utitor.
1725 4640 1770 4691 A
1803 4639 1981 4693 Nerva
2026 4641 2099 4694 ob
2143 4641 2320 4695 virtu-

746 4736 853 4781 tem
881 4728 1051 4781 estad
1082 4729 1366 4797 imperium
1402 4741 1646 4792 evectus.
1693 4733 1839 4800 quod
1895 4734 1980 4787 vir
2015 4734 2319 4790 bellicosis-

747 4824 919 4873 simus
955 4819 1135 4873 liorme
1162 4829 1215 4874 et
1254 4820 1455 4888 ubique
1480 4831 1749 4875 terrarum
1779 4837 1892 4877 rem
1931 4824 2132 4893 stepius
2182 4840 2320 4893 prae-

747 4912 894 4966 clare
920 4914 1206 4981 gessis<et.
1243 4910 1378 4964 Cum
1404 4911 1623 4976 quidam
1657 4912 1957 4967 amicorum
1992 4922 2135 4968 esset
2176 4914 2321 4984 apud

746 5017 871 5055 eum
906 5004 1137 5065 delatus,
1169 5003 1311 5073 quod
1356 5002 1457 5071 ipsi
1490 5003 1719 5056 insidias
1754 5001 1995 5068 fecisset,
2027 5004 2184 5073 isque
2203 5006 2320 5061 suis

747 5092 909 5164 437
935 5095 1186 5149 manibus
1222 5094 1322 5149 sibi
1355 5095 1544 5150 oculos
1578 5095 1814 5150 eruisset
1843 5103 2193 5165 mentumque
2232 5111 2323 5149 ra-

749 5189 934 5252 sisset,
968 5187 1151 5257 itaque
1198 5198 1506 5241 CXt'illcalllS
1560 5196 1707 5243 esset
1730 5186 1798 5240 ad
1852 5202 1975 5242 eum
2028 5188 2315 5252 adductus,

749 5280 1019 5349 Traianus
1048 5296 1245 5351 magno
1276 5281 1435 5335 amici
1464 5296 1594 5337 casu
1624 5281 1811 5336 dolore
1837 5292 2094 5351 percepto
2140 5283 2261 5337 urbi
2293 5298 2323 5337 a

749 5388 808 5428 se
842 5377 1072 5429 conditae
1097 5373 1446 5444 Trajatmpoli
1491 5390 1614 5428 eum
1655 5373 1913 5443 praefecit,
1970 5389 2143 5443 eoque
2180 5374 2329 5431 able-

749 5474 934 5535 gotum
962 5464 1028 5518 ad
1064 5478 1291 5520 mortem
1344 5482 1518 5537 usque
1548 5469 1695 5521 omni
1755 5468 1906 5521 cultu
1960 5467 2113 5523 fovit.
2176 5468 2321 5523 Idem

751 5554 917 5607 edixit
952 5571 1017 5609 ne
1044 5555 1344 5611 Christiani
1404 5560 1880 5628 conquirerentur,
1915 5559 2080 5613 oblati
2137 5570 2319 5614 autem

755 5648 1101 5715 punirentur.
1127 5648 1244 5704 Sub
1274 5664 1337 5705 co
1368 5651 1575 5706 Simoni
1610 5651 1764 5722 Mago
1795 5650 2091 5707 Menander
2130 5649 2321 5706 Sama-

827 5823 871 5853 ἐ’
897 5823 1065 5893 Apoc.
1103 5838 1173 5888 .\t,
1210 5824 1261 5879 5.

2496 4176 2652 4232 Μετὰ
2695 4174 2753 4228 δὲ
2801 4172 3048 4241 Νέρουαν
3095 4167 3415 4224 ἐΰασίλευσε
3470 4168 3740 4239 Τραϊανὸς
3783 4169 3880 4239 ἐτη
3918 4170 4009 4231 ιον,

2431 4271 2605 4341 μῆνας
2640 4273 2715 4333 ς’,
2752 4267 2967 4337 ἡμέρας
3015 4262 3097 4316 ιε’.
3153 4254 3323 4323 Οὗτος
3374 4256 3443 4333 ἦν
3492 4262 3862 4332 μισοπόνηρος
3912 4265 4014 4317 καὶ

2426 4362 2776 4432 φιλοδίκαιος.
2803 4357 3100 4429 Γυμνώσας
3141 4357 3251 4426 γάρ
3283 4372 3415 4408 ποτε
3445 4355 3597 4425 ξίφος
3628 4354 3873 4408 ἐνώπιον
3896 4356 4011 4408 τῶν

2426 4461 2484 4512 ὲν
2521 4457 2667 4510 τέλει
2715 4454 2935 4508 πάντων
2966 4451 3134 4504 ἔδωκε
3175 4451 3252 4520 τῷ
3283 4452 3537 4519 imlpth
3571 4451 3743 4503 είπών
3785 4468 3799 4481 ’
3844 4451 4012 4518 Δέξαι

2422 4549 2581 4603 τοῦτο
2599 4565 2612 4580 ·
2650 4549 2744 4601 καὶ
2767 4548 2819 4601 ει
2842 4546 2950 4614 μὲν
2985 4544 3166 4606 καλῶς
3190 4542 3367 4614 ἄρχω,
3388 4542 3532 4612 ὑπὲρ
3553 4542 3711 4611 ἐμοῦ,
3749 4545 3799 4595 εί
3825 4544 3884 4596 δὲ
3909 4545 4009 4613 μὴ,

2422 4639 2694 4710 κατ’ὲμοῦ
2724 4638 2870 4707 αὐτῷ
2893 4638 3112 4707 χρῆσαι.
3146 4635 3548 4706 Προεχειρίσθη
3578 4633 3634 4687 δὲ
3659 4634 3763 4687 ὑπὸ
3787 4635 4014 4704 Νέρουα

2421 4734 2511 4788 διὰ
2538 4733 2636 4802 τὴν
2676 4731 2878 4803 ἀρετὴν
2904 4728 3070 4782 αὐτοῦ
3100 4727 3177 4791 ὡς
3215 4726 3666 4795 πολεμικώτατος
3700 4727 3795 4779 καὶ
3837 4727 4015 4780 πολλὶ

2423 4824 2828 4897 κατορθώματα
2857 4826 2915 4876 ὲν
2953 4820 3145 4892 Ῥώμῃ
3182 4818 3267 4892 [Ρ.
3301 4817 3429 4890 249]
3457 4819 3553 4871 καὶ
3592 4817 3869 4886 πανταχοῦ
3902 4820 4012 4889 γῆς

2426 4916 2760 4987 πεποιηκὼς.
2786 4914 2946 4967 ⁶Ῑνίλου
2984 4911 3041 4965 δέ
3068 4927 3213 4973 τινος
3247 4908 3414 4962 αὐτοῦ
3449 4925 3585 4961 ποτε
3614 4907 4012 4978 διαϐληθέντος

2426 5011 2500 5074 ὼς
2529 5008 2838 5072 ἐπιϐούλου,
2867 5005 2962 5060 καὶ
2990 5002 3115 5067 τούς
3139 5019 3200 5056 τε
3232 5001 3552 5071 ὀφθαλμοὺς
3575 5000 4013 5068 ὲκκεντηθέντος

2430 5100 2536 5155 ὑπὸ
2564 5099 2671 5152 τῶν
2697 5097 2841 5151 ίδίων
2870 5093 3068 5165 χειρῶν
3092 5092 3268 5146 καὶτὸ
3294 5089 3507 5159 γένειον
3533 5089 4008 5158 ἀποκειραμένου,

2428 5193 2551 5246 ἐπεὶ
2580 5190 2779 5261 τυφλὸς
2800 5189 2936 5259 πρὸς
2966 5185 3232 5259 Τραϊανὸν
3263 5181 3514 5254 εἰσήχθη,
3547 5181 3717 5235 πολλὰ
3739 5180 4015 5250 λυπηθεὶς

2431 5285 2524 5337 ἐπὶ
2545 5282 2622 5352 τῷ
2655 5281 2820 5334 αὐτοῦ
2854 5280 3013 5350 φίλῳ,
3051 5278 3206 5330 πόλιν
3228 5277 3295 5347 ἣν
3329 5275 3541 5327 ἔκτισεν
3568 5275 3661 5327 ἐπὶ
3682 5272 3757 5342 τῷ
3782 5274 4013 5343 ὀνόματι

2429 5370 2594 5427 αὑτοῦ
2633 5374 2734 5443 τὴν
2758 5372 2851 5424 νῦν
2884 5369 3336 5437 Τραῑανούπολιν,
3375 5365 3568 5419 τοῦτον
3616 5366 4016 5434 κατοικτείρας

2428 5464 2503 5527 ὡς
2551 5464 2821 5533 δεσπότην
2848 5465 2945 5530 τῆς
2978 5462 3187 5523 πόλεως
3234 5460 3412 5511 ἐκεῖσε
3478 5455 3801 5509 ἀπέστειλεν
3840 5452 4009 5517 εἶναι,

2425 5557 2529 5619 ἓως
2562 5555 2662 5625 τῆς
2711 5554 2877 5608 αὐτοῦ
2930 5554 3187 5621 τελευτῆς
3233 5550 3530 5621 θεραπείαν
3601 5546 3768 5602 αὐτοῦ
3830 5548 4017 5600 πᾶσαν

2428 5650 2818 5720 ποιησάμενος.
2850 5641 3018 5709 θῦτος
3052 5643 3348 5715 προσέταξε
3379 5642 3436 5696 τὸ
3468 5639 3798 5696 Χριστιανὸν
3841 5639 4015 5709 σῦλον
