4248 6456
742 437 849 500 ᾇῖἰ)

2023 414 2342 478 GEORGll
2383 410 2718 472 CEDRENI

3884 399 3992 468 £80

739 550 886 604 enim
933 553 1169 605 mortuo,
1215 539 1499 610 epistolam
1536 535 1765 591 tinxerat
1797 541 2058 602 tanquam
2087 529 2152 582 ab
2185 528 2305 596 ipso
2339 530 2383 583 Α
2413 542 2416 551 ·

2339 530 2383 583 Α
2413 526 2554 574 νῖνον
2584 521 2695 593 (6n)
2725 537 2737 552 ·
2775 521 3198 593 τελευτήσαντος
3237 521 3347 591 γὰρ
3389 518 3683 590 Τραϊανοῦ,
3720 515 3997 572 ἐπλάσατο

743 639 1006 706 scriptam
1036 635 1100 688 ad
1133 643 1408 697 senatum,
1437 643 1542 700 qua
1573 642 1696 684 eum
1735 625 1904 679 lilium
1939 630 1993 676 et
2018 632 2312 676 successo-

746 748 858 786 rem
897 729 1218 784 declararet.

818 909 1129 964 Antoninus
1194 903 1480 975 imperavit
1533 916 1707 955 annos
1756 899 1848 960 24,
1909 895 2201 964 adoptatus
2251 891 2319 946 ab

748 1004 1010 1058 Adriano.
1044 1002 1141 1053 llic
1167 1001 1374 1068 primus
1406 998 1794 1064 imperatorum
1832 991 1957 1046 Pius
1988 997 2072 1041 est
2113 999 2317 1053 cogno-

751 1113 779 1147 ιι
808 1096 992 1148 inatus
1039 1093 1106 1145 ob
1157 1091 1336 1144 Omnis
1367 1089 1583 1158 generis
1626 1087 1874 1145 virtutes,
1915 1079 2116 1149 quibus
2155 1074 2320 1148 439

749 1195 864 1239 erat
917 1184 1200 1254 pranlitus.
1252 1181 1455 1234 Scribit
1485 1178 1739 1232 Clemens
1785 1176 1904 1242 ejus
1938 1181 2180 1237 tempore
2207 1166 2319 1219 lto-

752 1291 850 1327 Ina!
895 1275 981 1326 no!
1008 1274 1102 1325 iles
1138 1271 1302 1323 fuisse
1337 1277 1610 1324 sei-tarum
1645 1266 1913 1336 principes
1944 1261 2314 1318 Valentinum,

750 1368 1054 1420 Cerdonem
1104 1374 1154 1418 et
1203 1363 1552 1422 Marcionem.
1582 1370 1635 1413 et
1681 1359 1820 1426 apud
1858 1355 2099 1424 Phryges
2129 1351 2320 1405 Talia-

751 1473 881 1510 num
911 1466 965 1510 et
989 1455 1375 1518 Bardesanem,
1411 1468 1473 1506 ac
1523 1449 1823 1504 Priscillam
1875 1457 1928 1502 et
1966 1443 2318 1499 Maximillam

754 1548 918 1603 falsas
952 1557 1126 1603 vates.
1163 1547 1289 1600 Fuit
1318 1557 1451 1599 tunc
1483 1544 1537 1598 in
1567 1543 1930 1597 admiratione
1968 1540 2129 1594 etiam
2162 1534 2321 1588 Gale-

753 1657 860 1694 nus
895 1641 1156 1694 medicus.
1192 1640 1254 1692 Et
1301 1645 1420 1691 erat
1454 1637 1674 1705 quidam
1707 1633 2066 1692 Bardesanes.
2098 1627 2324 1680 natione

755 1734 948 1802 Syrus,
997 1732 1307 1797 disputator
1347 1726 1742 1783 subtilissimus
1787 1738 1849 1777 ac
1899 1722 2096 1776 doctus
2137 1719 2321 1780 homo,

752 1825 912 1890 cujus
963 1825 1028 1876 dc
1077 1824 1188 1875 fato
1237 1821 1538 1874 orationem
1595 1818 1901 1870 Antmiinus
1948 1814 2180 1867 miratus
2219 1818 2323 1862 est.

2423 614 2716 684 ἐπιστολὴν
2743 613 2818 678 ὡς
2845 613 3002 684 δῆθεν
3036 615 3167 684 παρ’
3194 615 3358 668 αὐτοῦ
3395 617 3699 684 γραφεῖσαν
3733 613 3869 682 πρὸς
3897 629 3998 682 την

2426 705 2623 776 βουλὴν
2645 745 2659 769 ,
2700 704 2831 759 ἔνθα
2869 706 2984 758 υίδν
3024 705 3120 760 καὶ
3150 705 3392 777 διάδοχον
3416 707 3518 777 τῆς
3553 704 3830 776 βασιλείας
3864 703 4000 755 ὠνό-

2429 815 2617 868 μασεν.

2513 892 2832 956 Ἀντωνῖνος
2864 893 2894 945 ὁ
2923 890 3164 963 Εὐσεϐὴς
3209 890 3554 944 ἐϐασίλευσεν
3588 888 3683 960 ἔτη
3729 887 3808 942 κδ’
3831 931 3843 952 ,
3881 887 3998 939 υίο-

2427 982 2671 1052 ποιηθεὶς
2699 982 2778 1052 τῷ
2824 983 3103 1052 Ἀδριανῷ,
3141 984 3236 1035 καὶ
3260 981 3474 1052 πρῶτος
3503 979 3859 1048 αὐτοκράτωρ
3897 974 4004 1027 Ei.-

2429 1076 2593 1145 σεδὴς
2645 1077 2955 1147 ἐπεκλήθη·
3006 1078 3187 1129 πᾶσαν
3238 1077 3344 1145 γὰρ
3391 1076 3592 1145 ἀρετὴν
3635 1071 3998 1138 ἐπεκτήσατο.

2455 1168 2526 1229 Ως
2559 1185 2689 1238 φησι
2715 1167 2770 1219 δὲ
2800 1168 3053 1237 Κλήμης,
3073 1169 3153 1220 ὅτι
3182 1167 3272 1220 ἐπὶ
3308 1165 3471 1218 αὑτοῦ
3503 1163 3875 1226 Οὑαλεντίνος,
3908 1159 4004 1212 καὶ

2429 1258 2651 1326 Κέρδων
2675 1297 2690 1318 ,
2723 1258 2816 1311 καὶ
2847 1260 3113 1328 Μαρκίων
3143 1260 3200 1310 ἐν
3227 1257 3412 1328 Ῥώμῃ
3455 1257 3798 1326 αἱρεσιάρχαι
3830 1257 4005 1321 ἐγνω-

2433 1349 2664 1419 ρίζοντο,
2694 1351 2785 1401 καὶ
2817 1350 3100 1416 Τατιανὸς,
3130 1350 3221 1402 καὶ
3252 1349 3585 1420 Βαρδισάντβ
3609 1348 3741 1418 (6i).
3760 1350 3848 1399 καὶ
3870 1347 4005 1415 Πρι-

2433 1438 2625 1490 σκίλλα
2647 1439 2740 1491 καὶ
2769 1438 3084 1509 Μαξιμίλλα
3114 1441 3166 1492 at
3189 1437 3832 1508 ψευδοπροφήτιδες,τῶν
3860 1437 4006 1488 κατὰ

2430 1531 2650 1602 Φρύγας
2697 1533 3076 1602 ἐγνωρίζοντο.
3130 1533 3239 1586 Kal.
3291 1531 3528 1601 Γαληνὸς
3573 1533 3602 1584 ὁ
3648 1530 3830 1600 ίατρθις
3879 1529 4005 1580 τότε

2432 1621 2794 1690 ἐθαυμάζετο.
2833 1625 2942 1677 Καὶ
2977 1625 3315 1694 Βαρδισάνης
3341 1623 3398 1676 δέ,
3424 1641 3508 1687 τις
3541 1623 3710 1691 Σύρος
3739 1621 4010 1673 διαλεκτι-

2433 1713 2675 1777 κώτατος
2730 1715 2824 1767 καὶ
2854 1715 3028 1783 ,σοφὸς
3076 1711 3164 1786 ἦν,
3217 1715 3359 1768 ὥστε
3418 1713 3794 1782 θαυμάζεσθαι
3836 1711 4007 1764 αὑτοῦ

2434 1806 2570 1875 πρὸς
2609 1805 2702 1858 τοῦ
2771 1807 3086 1860 Ἀντωνίνου
3118 1808 3209 1860 τὸν
3256 1808 3398 1861 κατὰ
3443 1808 3782 1878 εἱμαρμένης
3824 1805 4007 1872 λόγον.

753 1881 956 1968 llarcio
991 1915 1348 1984 Polycarpum
1381 1911 1627 1981 Smyrnae
1649 1912 1964 1978 episcopum
1991 1905 2204 1958 obviam
2224 1901 2324 1956 sibi
2361 1881 2399 1934 Β

2361 1881 2399 1934 Β
2431 1897 2790 1968 Πολύκαρπος
2817 1900 2874 1953 δὲ
2923 1900 3222 1964 ἐπίσκοπος
3275 1901 3530 1971 Σμύρνης
3563 1903 3642 1962 εἰς
3685 1899 3806 1968 ὖψιν
3838 1897 4009 1950 ἐλθὼν

753 2005 958 2058 factum
1010 2004 1366 2073 interrogavit
1397 2021 1408 2054 :
1438 2001 1774 2069 Agnoscisne
1811 2011 1930 2058 nos,
1967 1996 2184 2066 egregie
2220 1995 2326 2046 Po—

755 2094 1331 2166 lycarpe?llespondit
1356 2093 1719 2162 l’olyrarpus:
1751 2089 1998 2158 Agnosco
2019 2097 2089 2148 te.
2117 2087 2331 2140 Satanae

758 2186 1206 2255 primogenitum.
1235 2183 1471 2238 Moriens
1490 2180 1799 2235 Antoninus
1823 2179 2107 2249 imperimn
2130 2191 2330 2246 genero

758 2295 859 2331 suo
911 2277 978 2332 .\l.
1029 2277 1309 2332 Antonino
1359 2275 1654 2330 mandavit.
1709 2273 1822 2326 Sub
1855 2272 2327 2341 eo-l’olycarpus,

757 2369 986 2422 .lonmis
1015 2369 1368 2437 evangelista!
1417 2367 1745 2433 discipulus,
1773 2378 1825 2418 et
1857 2362 2108 2417 Justinus
2151 2362 2329 2430 philo-

762 2463 986 2529 sophus.
1022 2475 1084 2512 ac
1119 2459 1408 2528 Dionysius
1443 2457 1692 2511 Corinthi
1726 2457 2016 2525 episcopus
2041 2494 2057 2520 ,
2091 2454 2159 2508 ob
2189 2454 2332 2508 divi-

760 2568 842 2605 na:
880 2553 1127 2604 veritatis
1167 2553 1564 2619 professionem
1610 2548 1879 2618 supplicio
1907 2547 2259 2602 suntall'ecti.

831 2641 900 2696 Μ.
939 2644 1250 2696 Antoninus
1305 2641 1592 2704 imperavit
1625 2654 1798 2695 annos
1832 2638 1896 2693 i9
1933 2652 1947 2690 :
1984 2639 2052 2693 de
2089 2639 2173 2691 his
2208 2651 2331 2690 cum

765 2733 903 2786 Ver»
936 2750 1133 2802 getier
1165 2750 1265 2787 suo
1296 2748 1470 2786 annos
1507 2731 1599 2795 10,
1634 2746 1853 2786 menses
1885 2731 1937 2786 9.
1983 2729 2030 2783 ls
2063 2745 2186 2784 cum
2234 2729 2334 2782 ad-

759 2839 952 2882 versus
1007 2824 1308 2879 Germanos
1373 2838 1436 2877 ac
1477 2823 1773 2897 ~Sarmatas
1827 2821 2027 2875 bellum
2082 2828 2332 2891 gereret,

759 2915 1148 2982 exercitusque
1197 2915 1285 2968 siti
1330 2928 1554 2981 pressus
1603 2912 2034 2981 periclitaretur,
2072 2909 2338 2964 Melitenze

763 3004 996 3073 l-gionis
1032 3006 1248 3069 milites,
1295 3006 1385 3072 qui
1430 3002 1730 3058 Christiani
1781 3010 1960 3063 erant,
1992 3016 2021 3054 a
2057 2999 2164 3055 Deo
2204 3017 2338 3055 con-

763 3098 929 3148 tentis
955 3097 1204 3164 precibus
1253 3097 1680 3164 impetraverunt
1731 3102 1789 3147 ut
1831 3094 2058 3148 fulmine
2097 3093 2333 3147 hostium

766 3188 1042 3242 exercitus
1092 3185 1349 3240 feriretur
1395 3187 1675 3254 imtierqne
1708 3184 1984 3238 llomanas
2017 3185 2203 3253 copias
2247 3199 2336 3238 re-
2365 3223 2408 3282 ο

766 3285 1000 3329 crearet.
1055 3274 1228 3338 Quam
1284 3291 1396 3327 rem
1455 3275 1753 3343 imperator
1803 3274 1960 3328 valde
2007 3273 2334 3334 admiratus,

757 3366 944 3419 edicto
974 3366 1302 3420 Christianis
1349 3366 1588 3420 honores
1615 3365 1834 3429 detulit,
1867 3364 2179 3432 legionique
2213 3361 2339 3416 Ful-

767 3457 1075 3510 tninatricis
1138 3466 1558 3525 cognomentum
1624 3455 1836 3508 indidit.
1910 3455 2042 3523 Ejus
2104 3453 2339 3522 imperio

766 3550 984 3617 quidam
1017 3547 1275 3602 llebrzeus
1308 3564 1401 3616 per
1425 3548 1772 3600 solitudinem
1800 3547 1899 3600 iter
1926 3561 2048 3599 cum
2077 3546 2343 3599 Christia-

771 3643 856 3694 nis
885 3640 1112 3702 faciens,
1149 3656 1270 3694 cum
1305 3643 1354 3693 in
1397 3655 1611 3708 gravem
1642 3633 1804 3708 E40
1839 3638 2090 3691 morbum
2119 3637 2342 3706 delapso

769 3735 883 3799 jam
940 3733 1066 3786 vitae
1113 3733 1408 3787 discrimen
1473 3731 1828 3801 impenderet,
1869 3730 2215 3785 Christianos
2250 3746 2344 3799 per

775 3824 868 3878 Dei
925 3841 1118 3878 nomen
1156 3826 1463 3878 obtestatus
1487 3835 1569 3877 est
1602 3823 1675 3876 uti
1728 3838 1787 3878 se
1817 3823 2174 3892 baptizarent.
2208 3822 2343 3877 Cum

776 3931 906 3969 vero
937 3932 1110 3984 neque
1139 3931 1278 3983 aqua
1316 3915 1380 3968 ad
1428 3930 1645 3967 manum
1692 3921 1840 3968 esset
1873 3929 2049 3983 neque
2089 3914 2346 3970 sacerdos

774 4007 1143 4069 Christianus,
1181 4007 1425 4060 vestibus
1474 4005 1750 4058 hominem
1794 4004 2091 4068 nudarunt,
2121 4011 2174 4058 et
2205 4005 2348 4073 ipso-

779 4112 898 4148 rum
920 4097 1140 4163 quidam
1173 4079 1425 4150 manibus
1449 4111 1668 4148 arenam
1699 4096 1947 4149 haustam
1981 4095 2202 4149 tertium
2227 4094 2346 4160 ejus

779 4185 941 4252 capiti
962 4183 1180 4244 infudit.
1202 4185 1420 4238 tertium
1441 4185 1666 4238 dicens:
1697 4185 2008 4252 Baptizatur
2029 4185 2349 4242 Theodorus

781 4273 835 4326 in
876 4275 1096 4327 nomine
1124 4273 1300 4327 Patris
1343 4282 1395 4328 et
1438 4272 1555 4326 Filii
1587 4285 1638 4326 et
1672 4271 1908 4342 Spiritus
1941 4276 2136 4330 sancti.
2176 4276 2352 4345 Atque

783 4364 873 4417 ille
905 4364 1161 4418 Hebraeus
1192 4366 1351 4417 simul
1379 4377 1541 4432 atque
1569 4365 1640 4418 ita
1669 4366 1977 4432 baptizatus
2007 4377 2107 4432 est,
2133 4368 2350 4423 confes-

783 4456 880 4506 tim
939 4457 1128 4508 morho
1185 4471 1284 4510 suo
1321 4472 1546 4525 prorsus
1596 4467 1680 4509 est
1723 4457 2008 4511 liberatus.
2054 4458 2350 4528 Postquam

2430 1991 2717 2060 Μαρκίωνι
2770 1992 3038 2062 ἤκουσενσ
3072 1990 3490 2060 Ἐπιγινώσκεις
3546 1992 3723 2062 ἡμᾶς,
3786 1987 3829 2042 ὦ
3872 1988 4009 2041 καλὲ

2434 2081 2757 2150 ῐΙολύκαρπε
2779 2098 2807 2148 ς
2844 2083 2901 2136 Ὀ
2930 2077 3402 2150 δέσἚπιγινὼσκω
3431 2101 3514 2145 σε,
3563 2084 3689 2153 ἔφη.
3727 2083 3820 2135 τὸν
3856 2098 4011 2149 πρω-

2430 2173 2653 2226 τότοκον
2694 2173 2790 2227 τοῦ
2830 2174 3065 2229 Σατανᾶ.
3095 2175 3328 2244 Θνήσκει
3356 2173 3414 2226 δὲ
3455 2175 3765 2236 Ἀντωνῖνος
3798 2171 4009 2241 7:906:-

2432 2268 2659 2339 λόμενος
2712 2272 2789 2332 είς
2843 2269 3070 2340 βασιλέα
3113 2271 3340 2339 Μάρκον
3392 2271 3705 2323 Ἀντωνίνον
3749 2269 3839 2320 τὸν
3881 2266 4012 2318 ῐδιςν

2434 2361 2706 2434 γαμόρόν.
2745 2363 2867 2416 Ἐπὶ
2890 2361 3083 2415 τούτου
3111 2361 3471 2432 Πολύκαρπος
3496 2363 3523 2414 ὁ
3553 2359 3798 2428 μαθητὴς
3837 2358 4012 2410 Ἰωαν-

2436 2473 2528 2510 νου
2554 2454 2648 2508 τοῦ
2680 2455 3071 2524 εὐαγγελιστοῦ
3106 2456 3198 2509 καὶ
3233 2456 3514 2515 Ἰουστῖνος
3538 2455 3564 2506 ὁ
3596 2451 3882 2519 φιλόσοφος
3915 2448 4013 2502 καὶ

2435 2549 2714 2612 Διονύσιος
2742 2550 2770 2600 ὀ
2807 2550 3104 2612 ἐπίσκοπος
3137 2547 3401 2619 Κορίνθου
3438 2544 3852 2616 ἐμαρτύρησαν.

2505 2642 2732 2710 Μάρκος
2771 2643 3089 2704 Ἀντωνῖνος
3120 2639 3466 2692 ἐϐασίλευσεν
3501 2637 3596 2707 ἔτη
3625 2636 3712 2702 ιϐ’,
3743 2636 3878 2706 μετὰ
3913 2634 4016 2703 μὲν

2437 2735 2676 2805 Σεὸήρου
2707 2732 2800 2786 τοῦ
2829 2733 3082 2804 γαμϐροῦ
3107 2731 3274 2786 αὑτοῦ
3300 2731 3393 2800 ἔτη
3425 2729 3453 2783 ι’
3479 2733 3573 2784 καὶ
3601 2731 3774 2799 μῆνας
3805 2725 3849 2780 θ’
3877 2725 4012 2796 (62).

2439 2826 2808 2896 Πολεμώντος
2835 2828 2891 2880 δὲ
2922 2827 3238 2896 Γερμανοὺς
3267 2825 3363 2878 καὶ
3395 2825 3718 2893 Σαρμάτας,
3751 2821 3890 2891 δίψει
3918 2821 4018 2889 τῆς

2439 2919 2700 2988 στρατιᾶς
2731 2917 3060 2987 πιεζομένης
3094 2917 3188 2969 καὶ
3227 2916 3316 2968 διὰ
3344 2915 3504 2968 τοῦτο
3553 2912 3978 2979 κινδυνευούσης
3999 2950 4018 2976 ,

2437 3009 2563 3071 τοὺς
2591 3009 2683 3059 ἐπὶ
2703 3008 2808 3076 σῆς
2843 3006 3152 3076 Μελιτηνῆς
3184 3005 3329 3059 οὕτω
3359 3006 3698 3075 καλουμένης
3729 3004 4016 3071 λεγεῶνος.

2438 3099 2798 3168 Χριστιανοὺς
2854 3097 3046 3162 ὄντας,
3095 3096 3163 3149 δι’
3219 3097 3385 3166 εὐχῆς
3439 3096 3693 3160 ὲκτενοῦς
3741 3095 3878 3164 πρὸς
3924 3097 4019 3147 τὶν

2439 3189 2573 3242 Θεὸν
2607 3189 2908 3258 γενομένης
2941 3189 3068 3250 τοὺς
3111 3187 3210 3256 μὲν
3259 3187 3553 3256 πολεμίους
3597 3186 3845 3257 κεραυνῷ
3885 3186 4016 3254 βληο

2443 3280 2623 3347 θῆναι,
2663 3278 2854 3347 ὄμϐρῳ
2881 3279 2936 3330 δὲ
2969 3280 3096 3340 τοὺς
3138 3277 3444 3345 Ῥωμαίους
3490 3274 4017 3345 παραμυθήσασθαι.

2444 3371 2621 3440 Ὅπερ
2675 3369 2918 3438 σφοδρῶς
2966 3368 3317 3438 καταπλῆξαν
3371 3369 3460 3420 τὸν
3514 3368 3758 3438 βασιλέα,
3814 3367 4020 3436 γράφει

2442 3463 2608 3533 τιμᾷν
2649 3461 3040 3530 Χριστιανοὺς,
3091 3461 3190 3530 τὴν
3237 3460 3293 3512 δὲ
3329 3460 3570 3525 λεγεῶνα
3611 3457 4021 3528 Κεραυνοὸόλον

2445 3551 2906 3622 προσαγορεῦσαι.
2961 3551 3084 3604 Ἐπὶ
3121 3551 3308 3603 τούτου
3361 3551 3609 3620 Ἑϐραῖύς
3656 3568 3739 3612 τις
3778 3551 4022 3602 σύνοδοι-

2444 3642 2628 3712 πορῶν
2657 3644 3004 3713 Χριστιανοῖς
3045 3642 3184 3694 κατὰ
3225 3641 3322 3710 τὴν
3358 3640 3559 3710 ἔρημον
3597 3642 3689 3693 καὶ
3737 3641 4024 3711 ἀρρωστίᾳ

2447 3736 2727 3805 συσχεθεὶς
2755 3734 3035 3805 βαρυτάτῃ
3056 3773 3070 3795 .
3095 3733 3424 3785 κινδυνεύειν
3447 3733 3544 3801 ἥδη
3580 3732 3808 3801 μέλλων,
3872 3749 4016 3801 παρα

2447 3829 2632 3882 εκὰλει
2673 3829 2800 3888 τοὺς
2825 3827 3184 3895 Χριστιανοὺς
3233 3825 3471 3893 ὲνςρκῶν
3512 3827 3590 3885 είς
3638 3825 3696 3876 τι
3754 3824 3847 3876 τοῦ
3884 3825 4025 3879 Θεοῦ

2446 3916 2617 3984 ὄνομα
2673 3914 2931 3983 βαπτίσαι
2980 3913 3162 3966 αὐτόν.
3203 3913 3432 3975 ’Υδατος
3478 3912 3640 3982 δὲμὴ
3681 3913 3832 3976 ὄντος
3883 3916 4026 3983 μήτε

2452 4009 2639 4078 ἱερέως
2675 4005 2783 4060 τῶν
2825 4004 3169 4076 Χριστιανῶν
3201 4003 3589 4057 ἀποδυσαντων
3619 4005 3812 4067 αὑτὸν,
3848 4001 3926 4068 εἷς
3967 4006 4029 4069 ἐξ

2451 4099 2630 4153 αὐτῶν
2678 4097 2889 4167 πλήσας
2935 4098 3031 4158 τὰς
3065 4099 3253 4167 χεῖρας
3289 4096 3520 4165 ψάμμου
3561 4099 3625 4150 ὲκ
3696 4097 3879 4166 τρίτου
3923 4098 4027 4149 ἐπ·-

2452 4188 2605 4258 έχεεν
2636 4188 2728 4240 ἐπὶ
2759 4187 2857 4257 τὴν
2884 4185 3146 4255 κεφαλὴν,
3180 4186 3360 4256 τρίτον
3383 4186 3555 4252 λέγων
3579 4201 3593 4214 ·
3639 4203 3656 4236 ι
3695 4185 4028 4248 Βαπτίζεται

2452 4279 2723 4347 Θεόδωρος
2759 4281 2837 4340 είς
2862 4278 2922 4330 τὸ
2948 4277 3114 4346 ὄνομα
3144 4277 3237 4330 τοῦ
3269 4279 3499 4348 Πατρδς,
3527 4278 3720 4331 καὶτοῦ
3754 4277 3905 4341 rio-3,
3937 4279 4030 4331 κεὶ

2453 4369 2547 4420 τοῦ
2584 4370 2740 4434 ἁγίου
2794 4366 3130 4437 Πνεύματος.
3174 4369 3285 4420 Καὶ
3319 4371 3661 4440 παραχρῆμα
3706 4373 4029 4442 evagatae;

2454 4461 2482 4512 ὁ
2512 4459 2816 4528 ἄνθρωπος,
2848 4459 3058 4510 τελείαν
3097 4460 3417 4529 ἀπαλλαγὴν
3457 4464 3551 4528 τῆς
3587 4465 3744 4514 νόσου
3786 4466 4028 4533 εὑραμε-

779 4545 1178 4598 Alexandream
1233 4552 1620 4613 pervenerunt,
1660 4561 1747 4597 res
1799 4559 1860 4598 ea
1894 4544 2154 4615 Dionysio
2205 4562 2354 4616 papa:
2385 4551 2432 4608 D

2385 4551 2432 4608 D
2457 4567 2566 4612 νος.
2619 4549 2911 4601 Ἐλθόντων
2942 4549 3000 4601 δὲ
3034 4551 3212 4602 αὐτῶν
3251 4553 3310 4603 ἐν
3360 4552 3764 4622 Ἀλεξανδρεία,
3812 4558 3907 4608 καὶ
3941 4573 4033 4608 συ-

786 4634 852 4688 ad
890 4635 1302 4704 dijudicandum
1347 4637 1594 4704 exposita
1636 4645 1737 4689 est.
1782 4633 1830 4689 Is
1871 4634 2144 4689 hominem
2171 4636 2352 4691 denuo

2461 4638 2928 4712 ζητήσεωςπαρὰ
2957 4638 3049 4690 τοῦ
3092 4639 3249 4691 πὰπα
3277 4639 3552 4691 Διονυσίου
3588 4639 3673 4708 lP.
3709 4638 3838 4711 251]
3877 4657 4034 4708 γενο-

1934 4771 2283 4826 XYLANDRI
2323 4773 2411 4830 ET
2445 4773 2660 4830 GOARI
2697 4772 2929 4828 ΝΟΤΔΕ.

861 4867 972 4936 (60)
1000 4866 1126 4920 "ch
1157 4882 1331 4934 neque
1361 4867 1428 4921 de
1458 4867 1727 4920 Antonino
1776 4867 1948 4934 accipi
1986 4879 2215 4935 possunt
2257 4883 2350 4922 ne-

789 4953 897 5003 que
949 4940 1170 4989 omnino
1203 4939 1306 4990 huc
1341 4940 1634 5005 pertinent,
1680 4940 1771 4990 sed
1809 4939 1871 4990 ad
1910 4938 2229 5001 Adrianum,
2262 4940 2352 5006 qui

793 5010 930 5060 tictis
955 5027 979 5056 a
1005 5006 1214 5059 Platiua
1243 5009 1480 5076 Augusta
1546 5007 1741 5060 litteris
1781 5007 2013 5070 Trajano
2066 5008 2356 5072 adoptatus

795 5077 915 5131 fuit.
950 5077 1309 5147 Constatboc
1343 5093 1408 5130 ex
1433 5076 1734 5147 Xipbilino,
1792 5077 2106 5147 Spartiano,
2141 5077 2355 5133 Zonara

790 5159 952 5212 atque.
981 5148 1126 5199 aliis.
1157 5145 1287 5203 ΧΠ..

869 5218 979 5278 (bl)
1009 5216 1302 5284 PerSpicue
1342 5216 1478 5270 falso
1529 5217 1616 5270 hic.
1666 5215 1991 5270 Bardesanis
2042 5231 2240 5269 nomen
2275 5218 2358 5270 in-

794 5289 1060 5348 culcatur,
1114 5288 1370 5341 heminis.
1427 5298 1481 5338 ut
1540 5288 1684 5339 aliud
1751 5289 1880 5339 nihil
1954 5289 2153 5348 dicam,
2217 5288 2358 5354 Syri.

795 5356 1103 5420 Legi-udum
1175 5359 1316 5418 apud
1371 5356 1598 5426 Phryges
1649 5355 1972 5416 Priscillam,
1999 5365 2104 5409 etc.
2135 5357 2202 5426 lle
2229 5358 2361 5409 Bar-

795 5429 998 5477 desane
1038 5426 1157 5478 vide
1187 5427 1386 5479 Euseb.
1422 5425 1524 5480 line
1551 5427 1672 5478 ibri
1709 5428 1890 5493 quarti
1931 5426 2115 5478 Hister
2157 5425 2358 5481 It‘ccles.

796 5498 864 5547 de
898 5496 1277 5561 Cataphrygon
1322 5497 1539 5555 haeresi.
1579 5496 1816 5549 Montani
1857 5506 1910 5549 et
1964 5496 2222 5548 falsarum
2274 5511 2366 5547 va-

798 5575 910 5686 [xum
972 5555 1241 5620 Priscillae
1300 5581 1363 5622 ac
1395 5565 1726 5631 Maximillze,
1774 5566 1912 5620 idem
1944 5581 1994 5631 v,
2031 5565 2097 5618 16
2122 5573 2175 5618 et
2203 5566 2361 5635 alias.

855 5650 936 5686 \‘l..

1044 5705 1106 5788 in
1171 5705 1412 5788 margine
1455 5706 1569 5786 lucc
1609 5706 1891 5788 stabant;

801 5791 966 5826 αυτου

1985 5706 2106 5757 Ἐπὶ
2137 5704 2229 5756 τοῦ
2265 5705 2370 5772 πρὸ

1044 5775 1342 5826 Ἀντονίνου
1389 5776 1545 5827 τοῦτο
1566 5776 1817 5842 γενέσθαι
1841 5778 1868 5828 ὁ
1894 5775 2200 5842 σοφώτατος
2237 5780 2372 5841 γρά-

806 5859 898 5911 φει
931 5843 1240 5914 θεμίστιος,
1272 5845 1443 5909 ἄλλως
1493 5845 1546 5898 δὲ
1589 5849 1680 5899 καὶ
1712 5847 1808 5917 οὐχ
1857 5843 2046 5908 οὕτως.
2099 5846 2373 5916 Apologia:

2449 4870 2652 4926 Justini
2689 4869 2947 4938 martyris
2980 4868 3238 4923 secundae
3259 4870 3550 4938 subiuncta
3605 4879 3690 4924 est
3739 4885 3799 4924 ea
3847 4871 3915 4924 de
3972 4887 4034 4927 re

2455 4941 2628 5008 ipsius
2658 4939 2920 4992 Antonini
2973 4939 3245 5004 epistola:
3276 4943 3370 4993 sed
3414 4943 3594 4994 utrius
3615 4956 3674 4993 ea
3729 4943 3824 5002 sit,
3879 4940 4036 4996 Piine

2454 5007 2522 5062 an
2561 5008 2903 5076 Philosthi,
2934 5007 3138 5075 ambigi
3193 5018 3392 5075 potest.
3452 5009 3525 5062 Ex
3553 5009 3749 5064 Orosio
3791 5027 3887 5070 vu.
3946 5013 4035 5072 l3.

2457 5079 2589 5132 satis
2634 5086 2782 5146 patet
2810 5078 2912 5132 sub
2942 5077 3275 5147 Philosophe
3306 5094 3425 5133 eam
3469 5095 3578 5132 rem
3613 5092 3843 5147 geSIam,
3877 5083 4039 5133 iteru-

2456 5163 2562 5216 que
2590 5164 2654 5201 ει
2689 5148 2904 5201 Eusebii
2943 5149 3314 5201 narrationum
3370 5150 3583 5208 ordine.
3631 5158 3684 5202 et
3735 5151 3880 5215 quod
3925 5152 4038 5202 fra-

2464 5227 2601 5270 trem
2647 5218 2872 5287 alterius
2901 5217 3159 5270 Antonini
3189 5219 3471 5286 (nimirum
3499 5217 3644 5287 Veri)
3670 5218 3907 5272 Marcum
3961 5222 4039 5272 ιιὶι

2472 5288 2674 5340 bellum
2707 5285 3096 5340 Germanicum
3167 5285 3406 5356 gessisse
3430 5298 3478 5340 et
3532 5285 3866 5342 Christianis
3916 5306 4042 5354 prc-

2470 5357 2725 5410 cantibus
2783 5371 2922 5424 aqua
2959 5359 3186 5422 potitum
3221 5357 3392 5426 (v.5).
3446 5356 3548 5410 Sed
3585 5368 3637 5409 et
3672 5357 3852 5410 Melito
3894 5363 4040 5426 apud

2471 5426 2722 5496 eumdem
2766 5427 2928 5493 paulo
2957 5437 3083 5480 ante
3105 5427 3333 5496 Adriani
3378 5437 3626 5495 nepotem
3682 5432 4040 5496 appe:|at,tr,

2467 5497 2556 5548 26.
2594 5493 2908 5562 Xiphilinus
2953 5512 3174 5566 quoque
3212 5506 3264 5548 et
3304 5493 3549 5566 Zonaras
3610 5512 3673 5550 ex
3709 5493 3875 5550 Dione
3909 5497 4043 5550 1³1ιί-

2473 5567 2685 5632 Ιιιεωμὶιι
2721 5565 2949 5633 imperio
2986 5583 3096 5620 rem
3125 5576 3372 5620 narrant.
3427 5565 3605 5620 Julius
3634 5569 3760 5620 item
3818 5566 4046 5635 Capito-

2472 5636 2615 5687 iinu-s
2649 5645 2701 5685 et
2735 5635 3119 5689 Germanicum
3153 5635 3764 5703 Mareomannicumque
3788 5637 3924 5690 bella
3975 5641 4046 5691 ab

2476 5705 2580 5757 hoc
2622 5714 2771 5773 gesta
2796 5704 2997 5758 diserte
3038 5708 3262 5770 iudicat,
3304 5715 3356 5758 et
3391 5722 3515 5759 eum
3575 5707 3779 5758 fulmen
3850 5717 4047 5760 contra

2474 5775 2714 5845 hostium
2749 5775 3254 5845 machinamentum
3287 5790 3597 5845 aquamque
3631 5776 3746 5845 suis
3770 5778 3860 5830 siti
3887 5779 4049 5833 labo-

2478 5843 2728 5920 cantibus
2750 5843 3008 5900 elicuisse
3041 5847 3294 5916 precibus
3344 5843 3630 5903 incmcrat.
3659 5844 3794 5904 ΧΠ.
