4248 6456
698 416 803 482 483

1971 402 2296 464 GEORGII
2323 400 2660 462 CEDRENI

3855 395 3963 463 λιὸείτ

699 528 911 582 Latinis
935 533 1016 583 est
1055 525 1144 596 qui
1193 522 1400 578 Grtecis
1443 520 1762 577 Inereticus.
1804 519 1858 573 Is
1904 519 1959 572 in
1994 517 2277 570 Britannia
2311 521 2357 578 Α

2311 521 2357 578 Α
2387 513 2624 583 Σεϐἦρος
2670 512 2782 582 (65)
2818 508 2872 562 δὲ
2903 511 2930 563 ὁ
2971 508 3244 579 αίρετικδς
3291 508 3528 576 λέγεται.
3580 503 3748 572 Οὗτος
3785 512 3876 563 τὸν
3905 513 3965 562 ὲν

699 620 846 674 bello
876 619 1051 672 victor
1082 630 1301 669 murum
1338 616 1392 667 in
1424 630 1486 669 ea
1519 611 1696 665 insula
1727 624 1756 662 a
1795 609 1930 662 mari
1966 622 2076 661 uno
2101 607 2165 660 ad
2203 607 2280 659 al-

698 719 877 766 terum
908 724 1057 762 mare
1090 707 1346 775 perduxit
1390 721 1488 775 per
1529 704 1679 758 mille
1711 701 1912 757 stadia.
1963 700 2279 770 Byzantium

699 805 866 868 cep't,
919 799 1149 869 ejusque
1194 814 1382 853 muros
1423 796 1646 861 deiecit.
1699 796 2024 867 Byzantium
2075 805 2279 863 septem

702 891 894 945 habuit
928 900 1131 955 turres,
1175 907 1410 961 quorum
1457 888 1674 941 initium
1726 903 1757 940 a
1809 887 2072 940 Thracica
2106 893 2280 954 parte,

707 983 833 1038 finis
866 982 932 1036 ad
981 998 1129 1036 mare
1161 982 1506 1050 aquilonare.
1543 979 1597 1032 Si
1633 981 1758 1049 quis
1788 977 1854 1031 ad
1887 977 2125 1046 aliquam
2159 977 2285 1031 reli-

702 1088 932 1142 quarum
961 1073 1196 1125 turrimn
1228 1072 1542 1137 accederet,
1573 1071 1628 1123 in
1661 1070 1893 1138 reliquis
1933 1069 1985 1123 id
2024 1085 2132 1123 non
2162 1086 2287 1124 sen-

708 1167 965 1218 tiehatur.
1001 1164 1056 1217 Si
1088 1173 1268 1217 autem
1301 1163 1352 1216 in
1384 1164 1559 1233 prima
1586 1164 1725 1216 turri
1769 1161 2063 1215 clamorem
2101 1170 2290 1215 sustu-

707 1254 864 1308 lisset
926 1263 1020 1308 aut
1082 1255 1314 1322 lapidem
1379 1255 1663 1317 movisset,
1722 1254 1769 1308 is
1810 1268 1981 1308 sonus
2027 1269 2092 1306 eo
2123 1253 2287 1304 etiam

709 1351 926 1398 tacente
977 1345 1043 1397 ad
1092 1346 1324 1399 alteram
1366 1347 1562 1400 turrim
1612 1344 2014 1413 perferebatur,
2057 1344 2290 1412 indeque

707 1439 774 1491 ad
830 1439 1047 1491 tertiam
1093 1447 1145 1491 et
1181 1439 1440 1508 reliquas.
1472 1439 1523 1492 Is
1559 1447 1610 1493 et
1644 1420 1986 1509 Zeuxippum
2035 1439 2288 1491 balneum

706 1530 986 1600 Byzantiis
1033 1531 1303 1594 condidit,
1362 1546 1427 1584 ac
1481 1531 1692 1585 circum
1744 1531 2022 1584 inchoavit
2060 1547 2073 1582 :
2115 1529 2208 1583 sed
2238 1537 2292 1584 ct

709 1623 1056 1677 venationem
1112 1624 1191 1675 eis
1232 1636 1296 1676 ac
1349 1623 1616 1676 theatrum
1669 1621 1979 1675 aedificavit.
2035 1619 2149 1674 Sub
2190 1621 2293 1673 hoc

711 1713 916 1768 Paulus
951 1713 1347 1768 Samosatenns
1379 1712 1692 1767 Artemonis
1717 1728 1961 1767 errorem
1992 1713 2288 1765 renovavit.

717 1804 956 1859 Severus
1005 1805 1163 1860 bellis
1201 1819 1406 1859 vacans
1437 1819 1503 1858 ex
1557 1804 1749 1858 morbo
1776 1803 2040 1869 decessit,
2086 1804 2291 1858 relictis

710 1896 883 1950 tribus
913 1896 1059 1950 ﬁliis.

789 2157 908 2212 Sub
935 2159 1039 2213 hoc
1083 2158 1270 2212 ﬂoruit
1310 2158 1598 2230 Origenes,
1636 2161 1729 2229 qui
1773 2175 1897 2214 cum
1944 2160 2298 2216 Alexandreae

708 2260 880 2315 esset,
941 2267 1196 2323 magnum
1265 2253 1508 2307 studium
1568 2254 1733 2308 rebus
1779 2254 1953 2308 sacris
2011 2255 2296 2323 impendit.

710 2342 899 2412 Neque
928 2352 1138 2396 tantum
1178 2342 1514 2397 Christianis
1545 2357 1757 2412 magnae
1791 2342 1893 2396 fuit
1929 2342 2174 2406 utilitati,
2204 2344 2297 2397 sed

711 2445 765 2491 et
797 2452 906 2489 non
954 2451 1161 2506 paucos
1190 2435 1332 2503 juvit
1375 2435 1663 2490 litereticos
1707 2453 1720 2489 :
1756 2450 1883 2489 nam
1921 2436 1990 2490 ab
2025 2436 2142 2505 ipso
2175 2435 2297 2490 tidei

713 2526 1025 2579 doctrinam
1068 2525 1231 2597 443
1283 2526 1624 2596 accipientes
1676 2527 1923 2582 veritatis
1958 2529 2143 2583 studio
2180 2545 2302 2585 sese

713 2617 938 2672 dabant.
974 2618 1121 2673 Inter
1156 2635 1293 2687 quos
1336 2621 1649 2688 praecipuus
1691 2619 1795 2673 fuit
1836 2621 2182 2688 Ambrosius,
2222 2626 2302 2677 vir

713 2710 945 2762 illustris
971 2709 1359 2762 aclittcrarum
1386 2710 1590 2765 studiis
1623 2711 1908 2778 addictus;
1945 2715 2035 2782 qui
2082 2731 2300 2783 operam

713 2801 853 2852 dans
884 2808 942 2853 ut
973 2801 1023 2851 in
1062 2801 1311 2853 notitiam
1342 2800 1591 2870 Origenis
1621 2805 1948 2870 perveniret,
1973 2821 2001 2858 a
2033 2805 2302 2861 Valentini

715 2902 768 2944 et
808 2889 1102 2946 Marcionis
1154 2902 1302 2945 secta
1366 2892 1616 2955 descivit,
1646 2909 1769 2947 cum
1796 2895 1930 2949 satis
1960 2899 2303 2965 explorasset

719 2981 958 3032 divinam
1011 2980 1253 3033 hominis
1284 2979 1617 3034 doctrinam.
1663 2985 1894 3037 Plurimi
1926 3001 2145 3055 quoque
2177 2989 2305 3055 phi~

718 3071 1069 3140 losopliorum
1095 3073 1184 3140 qui
1209 3073 1490 3127 Christum
1523 3090 1631 3127 non
1666 3077 2053 3144 agnoscebant,
2087 3078 2153 3132 ad
2178 3097 2300 3135 eum

720 3173 1097 3217 commeantes
1151 3164 1446 3232 plurimum
1496 3181 1562 3219 ex
1609 3181 1673 3218 eo
1703 3166 1770 3220 ad
1814 3181 1946 3221 suas
1972 3175 2118 3224 artes
2147 3170 2302 3240 adju-

719 3255 889 3308 menti
943 3266 1325 3324 perceperunt.
1357 3255 1535 3325 Magni
1576 3260 1719 3312 enim
1760 3259 1829 3312 ab
1869 3261 1936 3314 iis
1963 3261 2141 3326 ﬁebat,
2175 3278 2298 3316 cum

720 3348 1135 3414 geometricam,
1168 3349 1569 3403 arithmeticam
1617 3357 1670 3403 et
1703 3349 1838 3407 alias
1869 3368 1988 3421 qum
2026 3354 2091 3408 ad
2118 3357 2303 3408 erudi—

722 3441 925 3493 tionem
976 3438 1186 3492 faciunt
1229 3441 1490 3494 scientias
1522 3455 1618 3496 eos
1669 3441 1908 3496 doceret.
1943 3443 2060 3508 Qua
2105 3461 2162 3498 re
2195 3462 2303 3498 non

723 3532 883 3600 penei
919 3529 1239 3585 Graecorum
1277 3533 1730 3603 phil050phorum
1773 3535 1916 3602 ejus,
1961 3545 2017 3589 ut
2058 3538 2302 3607 magistri

724 3627 832 3683 sui,
875 3625 930 3676 in
965 3625 1080 3678 suis
1112 3625 1333 3694 scriptis
1364 3634 1650 3681 honestam
1703 3626 1914 3681 faciunt
1952 3633 2304 3684 mentionem.

728 3717 854 3770 Fuit
885 3717 1152 3785 Origenes
1177 3717 1289 3783 jam
1323 3718 1448 3772 inde
1478 3735 1506 3772 a
1541 3728 1728 3773 tenera
1759 3728 1919 3775 relate
1945 3721 2161 3790 ingenio
2190 3725 2303 3776 acri

726 3817 780 3859 et
806 3806 873 3860 ad
909 3806 1278 3877 indagandum
1313 3809 1540 3875 proclivi
1572 3826 1587 3876 ;
1621 3824 1682 3863 ac
1715 3824 1944 3879 puerum
1982 3813 2302 3876 etiamnum,

724 3913 848 3951 cum
879 3898 944 3952 de
995 3912 1162 3952 sacrae
1195 3896 1496 3968 Scripturae
1547 3914 1713 3953 sensu
1763 3908 1820 3954 ut
1853 3901 2190 3965 abstrusiore
2218 3905 2306 3958 iu-

727 3991 989 4058 quireret,
1023 3999 1176 4059 pater
1213 3989 1558 4059 increpando
1589 4002 1880 4045 monuerat
1906 4009 1971 4048 ne
2011 4010 2108 4048 sua
2150 4005 2309 4051 aetate

728 4081 1050 4135 sublimiora
1081 4090 1392 4150 qumrerct;
1429 4097 1597 4151 seque
1637 4082 1814 4152 ipsum
1848 4085 2063 4139 beatum
2088 4087 2308 4155 judica-

731 4182 902 4236 verat,
943 4174 1030 4226 cui
1066 4175 1193 4227 talis
1239 4174 1423 4242 proles
1453 4173 1763 4242 obtigisset.
1803 4175 1883 4226 Ad
1912 4177 2220 4231 castitatem
2256 4188 2310 4232 et

731 4264 1120 4318 continentiam
1150 4265 1221 4318 ita
1248 4280 1277 4317 a
1310 4279 1477 4331 puero
1505 4280 1626 4321 sese
1651 4265 1946 4321 assuefecit
1970 4277 2027 4322 ut
2069 4270 2118 4322 ei
2171 4285 2308 4338 qua-

734 4367 856 4408 tuor
889 4357 990 4410 soli
1023 4357 1170 4410 oboli
1204 4355 1273 4409 ad
1319 4360 1522 4411 victum
1557 4357 1940 4426 quotidianum
1976 4359 2306 4414 suﬂicerent.

732 4447 978 4516 Eumque
1009 4449 1054 4502 is
1089 4461 1293 4501 morem
1353 4447 1558 4502 multos
1616 4463 1714 4517 per
1746 4462 1922 4504 annos
1962 4451 2159 4511 tenuit,
2192 4451 2311 4504 solo

2385 609 2686 680 Βρεττανίᾳ.
2734 608 2960 675 νικήσας
2995 604 3228 671 πόλεμον
3262 605 3368 656 ἀπὸ
3431 604 3702 671 θαλάσσης
3741 607 3818 667 είς
3861 605 3966 659 θάο

2385 701 2592 754 λασσαν
2653 697 3020 768 περιετείχισε
3077 696 3176 766 τὴν
3225 696 3388 764 νῆσον
3445 697 3680 758 σταδίοις
3747 697 3962 765 χιλίοις.

2387 787 2557 854 Οὗτος
2585 791 2646 842 τὸ
2669 790 2960 854 Βυζάντιον
2983 787 3314 858 παραλαϐὼν
3344 787 3412 841 τὰ
3446 788 3599 857 τείχη
3630 788 3792 840 αὐτοῦ
3827 789 3965 841 καθ-

2396 885 2558 937 εῖλεν.
2623 877 2750 952 Εἶχε
2784 882 2838 934 δὲ
2868 883 2929 934 τὸ
2959 881 3248 943 Βυζάντιον
3285 877 3528 949 πύργους
3558 880 3720 942 ἑπτὰ,
3759 880 3823 931 ἐκ
3854 879 3966 932 τῶν

2389 970 2680 1042 Θρᾳκικῶν
2731 971 2916 1023 πυλῶν
2944 970 3282 1040 ἀρχομένους
3315 969 3412 1020 καὶ
3451 970 3545 1021 ἐπὶ
3572 968 3670 1039 τὴν
3710 968 3967 1040 ἀρκτῴαν

2391 1065 2665 1119 θάλασσαν
2694 1064 3054 1131 καθήκοντας.
3093 1063 3202 1115 Καὶ
3237 1063 3443 1116 τούτων
3483 1062 3535 1114 εί
3576 1079 3662 1126 τις
3696 1064 3754 1114 ὲν
3792 1064 3968 1132 ἑτέρῳ

2393 1159 2588 1228 πύργῳ
2649 1156 2987 1227 προσῆλθεν,
3042 1155 3266 1226 οὐδεμία
3313 1155 3564 1225 αἴσθησις
3619 1158 3732 1218 τοῖς
3783 1156 3967 1217 ἄλλοις

2391 1251 2634 1318 ἐγίνετο·
2691 1251 2740 1302 εἰ
2780 1249 2837 1302 δὲ
2889 1251 2946 1302 ἐν
2997 1250 3074 1319 τῷ
3123 1251 3323 1320 πρώτῳ
3365 1250 3559 1319 πύργῳ
3600 1248 3894 1320 ἀνεϐόησεν
3933 1248 3968 1317 ἢ

2392 1341 2538 1394 λίθον
2576 1341 2899 1405 ἐσάλευσεν,
2961 1341 3125 1403 αὒτός
3161 1358 3218 1393 τε
3259 1341 3380 1410 ῆχει
3420 1344 3515 1392 καὶ
3563 1341 3845 1408 σιωπήσας
3892 1341 3970 1409 τῷ

2391 1434 2632 1503 δευτέρῳ
2691 1433 2962 1503 μετεδίδου
3001 1433 3100 1500 τῆς
3139 1433 3277 1502 ἠχῆς
3302 1473 3316 1493 ,
3354 1435 3445 1484 καὶ
3488 1427 3640 1494 οὗτος
3671 1431 3746 1501 τῷ
3773 1431 3968 1501 τρίτῳ,

2395 1525 2490 1579 καὶ¹
2541 1525 2669 1592 ἑξῆς
2714 1526 2933 1593 ὁμοίως.
2964 1521 3131 1585 Οὗτος
3172 1525 3266 1576 καὶ
3297 1524 3358 1576 τὸ
3392 1524 3694 1587 Ζεύξιππον
3744 1523 3972 1592 λουτρὸν

2395 1619 2579 1672 ἔκτισε
2610 1618 2948 1681 Βυζαντίοις,
2981 1619 3074 1670 καὶ
3124 1617 3182 1669 τὸ
3218 1618 3433 1686 πρῶτον
3463 1616 3666 1685 κτίσμα
3693 1616 3770 1684 τῷ
3809 1618 3974 1667 ἱππο-

2396 1711 2580 1781 δρόμῳ
2633 1711 2956 1780 παρέδωκε,
3011 1709 3105 1762 καὶ⁸
3143 1711 3402 1779 κυνήγιον
3449 1709 3697 1775 (66),καὶ
3745 1708 3971 1778 θέατρον

2398 1805 2582 1867 αὐτοῖς
2638 1805 3059 1858 κατεσκεύασεν.
3113 1802 3235 1854 Ἐπὶ
3262 1803 3455 1854 τούτου
3495 1802 3702 1866 Παῦλος
3733 1805 3759 1855 6
3796 1803 3974 1868 Σαμο-

2398 1895 2595 1957 σατεὺς
2633 1895 2730 1964 τὴν
2781 1895 3122 1964 Ἀρτέμωνος
3160 1894 3371 1962 αἵρεσιν
3415 1893 3770 1948 ἀνενεώσατο.
3802 1886 3973 1954 Οὗτος

2394 1991 2423 2041 ὁ
2454 1987 2690 2057 Σεὸἦρος
2722 1987 2779 2038 ὲν
2813 1986 3076 2053 πολέμοις
3108 1985 3383 2055 σχολάζων
3421 1986 3560 2056 νόσῳ
3593 1985 3842 2056 τελευτᾷ,
3875 2004 3974 2038 κα·-

2393 2077 2637 2132 ταλιπὼν
2666 2077 2860 2140 παῖδας
2883 2080 3052 2148 τρεῖς.

2475 2171 2600 2224 Ἐπὶ
2631 2171 2824 2223 τούτου
2863 2171 3111 2248 ἤκμαζεν
3142 2170 3456 2240 Ὧριγένης,
3485 2172 3634 2231 ὅστις
3659 2172 3738 2235 είς
3781 2169 3969 2236 Ἀλεξ-

2399 2263 2648 2333 άνδρειαν
2681 2263 2756 2313 ὢν
2797 2262 3058 2330 μεγίστην
3091 2265 3170 2322 εἰς
3204 2262 3294 2315 τὸν
3331 2262 3470 2314 θεῖον
3526 2261 3685 2328 λόγον
3739 2264 3976 2331 σπονδὴν

2399 2354 2792 2409 κατεϐάλλετο·
2823 2354 2885 2405 ού
2938 2353 3100 2422 μόνον
3150 2355 3260 2424 γὰρ
3308 2357 3419 2416 τοῖς
3465 2357 3674 2418 πιστοῖς
3716 2356 3978 2424 πρόξενος

2399 2447 2668 2516 ὠρελείας
2706 2445 2950 2515 μεγάλης
2983 2445 3231 2512 ἐγένετο,
3263 2445 3397 2498 ἀλλὰ
3434 2446 3528 2499 καὶ⁹
3554 2448 3661 2500 τῶν
3685 2449 3979 2516 αίρετικῶν

2400 2543 2500 2595 οὐκ
2537 2539 2774 2606 ὀλίγοις’
2817 2540 2906 2591 ὑπ’
2947 2538 3113 2590 αὑτοῦ
3155 2539 3261 2608 γὰρ
3305 2539 3376 2590 τὰ
3418 2539 3544 2608 ὑγιῆ
3597 2538 3694 2608 τῆς
3740 2541 3978 2599 πίστεως

2402 2632 2924 2702 παραλαμϐάνοντες
2972 2631 3219 2696 δόγματα
3265 2629 3508 2699 ζηλωταὶ
3560 2629 3658 2699 τῆς
3713 2629 3978 2699 ἀληθείας

2402 2725 2664 2792 ἐγίνοντο.
2728 2722 2820 2786 Ἐξ
2851 2717 2926 2776 ὧν
2960 2722 3175 2790 ὑπῆρχε
3213 2723 3580 2791 διαφερόντως
3621 2721 3974 2791 ’Δμϐρόαιος,

2405 2817 2541 2886 ἀνὴρ
2590 2816 2859 2884 ἐπίσημος
2916 2815 3010 2867 καὶ
3068 2813 3384 2882 φιλολόγος,
3431 2815 3488 2876 ὃς
3526 2815 3606 2876 είς
3651 2816 3851 2880 γνῶσιν
3885 2815 3978 2866 τοῦ

2406 2909 2599 2978 ἀνδρὸς
2627 2907 2920 2975 ἀφικέσθαι
2967 2907 3272 2968 σπουδάσας
3300 2907 3510 2974 ἀπέστη
3545 2906 3644 2974 τῆς
3682 2907 3978 2960 Οὐαλεντί-

2406 3015 2497 3049 νου
2552 2997 2648 3047 καὶ
2702 2996 3026 3064 Μαρκίωνος
3070 2995 3370 3063 αἱρέσεως,
3427 2997 3621 3063 πεῖραν
3655 2995 3757 3063 τῆς
3792 2996 3979 3049 ἐνθέου

2408 3083 2574 3134 αὑτοῦ
2619 3083 2869 3145 παιδείας
2899 3083 3176 3152 ἀρκοῦσαν
3220 3083 3581 3150 κτησάμενος.
3630 3085 3876 3138 Πλεῖττοι
3923 3088 3981 3138 δὲ

2410 3176 2502 3226 καὶ
2534 3175 2642 3226 τῶν
2695 3174 2891 3238 ἔξωθεν
2943 3175 3247 3243 φιλοσόφων
3301 3177 3437 3243 προς
3482 3177 3642 3229 αὑτὸν
3686 3178 3980 3245 φοιτῶντες

2408 3267 2671 3335 μεγίστην
2713 3269 2807 3319 καὶ
2857 3267 3009 3318 αὐτοὶ
3062 3266 3197 3334 πρὸς
3239 3267 3308 3319 τὰ
3338 3269 3512 3320 οἰκεῖα
3549 3268 3846 3337 μαθήματα
3881 3270 3982 3339 τὴν

2404 3357 2668 3424 ὠρέλειαν
2703 3356 3074 3426 ἐκαρποῦντο·
3125 3360 3219 3410 καὶ
3263 3358 3369 3428 γάρ
3407 3359 3535 3428 παρ’
3574 3360 3756 3421 αὐτοῖς
3806 3363 3983 3429 μέγας

2406 3449 2704 3518 ἐνομίζετο,
2750 3449 3079 3519 παραδιδοὺς
3109 3451 3453 3520 γεωμετρίαν
3478 3451 3572 3502 καὶ
3609 3449 3983 3519 ἀριθμητικὴν

2407 3543 2497 3593 καὶ
2538 3538 2705 3592 τᾶλλα
2755 3538 3231 3605 προπαιδεύματα.
3270 3539 3472 3606 Διόπερ
3507 3539 3606 3590 οὐκ
3653 3539 3819 3603 ὀλίγοι
3873 3540 3983 3590 τῶν

2408 3633 2532 3702 παρ’
2567 3633 2790 3699 νεΕλὶησι
2822 3631 3126 3696 φιλοσόφων
3151 3630 3519 3700 μαρτυροῦσιν
3545 3630 3726 3692 αὐτὸν,
3760 3631 3986 3697 μνήμη-ι

2409 3726 2465 3776 ὲν
2493 3728 2601 3784 τοῖς
2636 3725 2784 3786 ἰδίοις
2811 3722 3126 3792 ποιούμενοι
3164 3724 3594 3791 συγγράμμασιν
3622 3720 3696 3782 ὡς
3725 3721 3984 3773 διδασκά-

2408 3814 2522 3866 λου.
2557 3813 2666 3865 Καὶ
2705 3814 2813 3879 γὰρ
2851 3813 3055 3878 εὐφυὴς
3091 3811 3346 3864 παιδόθεν
3392 3813 3602 3881 ὑπῆρχε
3637 3811 3842 3880 σῳόδρα
3891 3814 3987 3863 καί

2411 3906 2698 3974 ζητητικὸς
2737 3904 2897 3970 ἄγαν.
2936 3906 3032 3956 Ὃν
3079 3905 3136 3955 ἐν
3175 3908 3240 3974 τῇ
3292 3904 3513 3973 παιδικῇ
3560 3903 3744 3973 ἡλικία
3775 3903 3834 3955 τὸ
3887 3904 3988 3970 τῆς

2411 3996 2560 4057 θείας
2594 3995 2816 4063 Γραφῆς
2848 3995 3098 4065 βούλημα
3131 3997 3534 4065 πυνθανόμενον
3573 3996 3647 4056 ὡς
3690 3994 3989 4064 βαθύτερον

2411 4086 2443 4154 ἧ
2474 4085 2853 4152 διανοούμενον
2878 4085 3218 4154 ἐπέπληττεν
3245 4086 3272 4136 ὁ
3296 4084 3499 4153 πατὴρ,
3527 4084 3692 4152 μηδὲν
3725 4085 3863 4152 ὑπὲρ
3888 4086 3989 4152 τὴν

2413 4175 2629 4244 ἠλικίαν
2673 4175 2982 4245 περαιτέρω
3038 4176 3253 4239 ζητεῖν·
3300 4175 3358 4237 ὃς
3406 4176 3500 4228 καὶ
3555 4176 3652 4244 τῆς
3701 4176 3989 4237 εὐτεκνίας

2414 4270 2602 4322 ἑαυτὸν
2641 4268 2995 4338 ἐμακάριζεν.
3039 4267 3286 4333 Ἀγνείαν
3313 4267 3368 4320 δὲ
3402 4269 3494 4321 καὶ
3515 4268 3838 4335 ἐγκράτειαν
3866 4284 3991 4320 :0:-

2414 4361 2582 4428 αὐτην
2639 4361 2702 4411 ἐκ
2757 4360 2876 4410 νέου
2905 4357 2997 4411 τοῦ
3053 4356 3302 4427 σώματος
3349 4359 3611 4427 ἤσκησεν,
3659 4357 3734 4421 ὡς
3774 4358 3986 4422 ὀϐελοῖς

2414 4453 2672 4517 τέσσαρσι
2713 4451 2807 4502 καὶ
2862 4450 3041 4518 μόνοις
3073 4453 3208 4519 πρὸς
3251 4451 3548 4518 διατροφὴν
3579 4451 3815 4518 ἑκάστης
3853 4453 3992 4518 ἠμέ-

732 4545 786 4590 et
834 4545 1015 4590 storea
1065 4537 1444 4601 indormiens,
1490 4551 1790 4604 somnoque
1827 4537 2005 4592 noctis
2052 4555 2161 4591 non
2197 4555 2307 4592 ma-
2346 4555 2386 4611 ῃ

2346 4555 2386 4611 ῃ
2420 4559 2515 4610 ρας
2547 4541 2853 4608 ἀρκεῖσθαι.
2883 4539 2992 4591 Καὶ
3017 4540 3200 4607 μέντοι
3231 4540 3324 4593 καὶ
3344 4542 3401 4592 ἐν
3430 4541 3640 4602 πολλοῖς
3665 4541 3809 4593 ἔτεσι
3833 4542 3993 4592 τοῦτο

734 4641 894 4694 gnam
933 4637 1141 4696 partem
1180 4627 1460 4692 decidens,
1502 4627 1766 4696 majorem
1810 4629 2137 4683 meditandis
2165 4630 2307 4682 divi-

735 4717 821 4769 nis
844 4719 1084 4772 oraculis
1124 4717 1466 4786 impendens.
1503 4716 1597 4770 llis
1638 4717 1903 4784 intentus,
1930 4719 2134 4783 inedia,
2175 4720 2308 4785 vigi-

737 4807 824 4861 liis
862 4817 917 4862 et
955 4809 1203 4863 nuditate
1250 4812 1323 4863 ita
1359 4825 1417 4864 se
1461 4810 1775 4876 maceravit,
1821 4827 1884 4864 ac
1916 4812 2150 4880 vigorem
2187 4828 2310 4866 cor-

738 4901 886 4969 puris
929 4902 1066 4956 adeo
1113 4902 1343 4966 attrivit,
1399 4909 1458 4954 ut
1489 4903 1649 4971 plane
1689 4904 1968 4957 videretur
2004 4905 2304 4960 exaruisse.

2419 4633 2588 4684 ποιῶν
2611 4631 2855 4696 διετέλει,
2887 4632 2982 4682 καὶ
3010 4631 3096 4682 ἐπ’
3125 4631 3353 4698 ἐδάφους
3387 4633 3479 4684 καὶ
3511 4632 3690 4700 ψιάθῳ
3715 4632 3993 4684 καθεύδων

2418 4723 2512 4774 καὶ
2565 4723 2745 4790 ὀλίγον
2803 4721 2990 4790 καιρὸν
3035 4721 3137 4789 τῆς
3193 4721 3387 4783 νυκτὸς
3445 4723 3856 4789 ἀναπαυόμενος
3902 4723 3994 4774 τὸν

2419 4813 2638 4864 πλείονα
2667 4814 2749 4873 εἰς
2786 4811 2882 4878 τὴν
2917 4809 3147 4879 μελέτην
3180 4809 3290 4860 τῶν
3326 4809 3488 4878 ίερῶν
3518 4810 3709 4877 λογίων
3739 4812 3956 4880 διήννεν
3976 4852 3991 4873 ,

2419 4905 2476 4955 ὲν
2509 4903 2721 4965 τούτοις
2749 4903 3218 4972 ἐπεκτεινόμενος.
3260 4901 3383 4954 Ἐπί
3407 4917 3464 4953 τε
3490 4901 3674 4972 ἀσιτία
3699 4904 3792 4955 καὶ
3819 4905 3996 4971 ἀγρυ-

1915 5054 2270 5111 XYLANDRI
2307 5022 2395 5110 ET
2449 5055 2658 5112 coam
2699 5057 2931 5114 ΝΟΤᾹΞ.

813 5189 924 5262 (65)
958 5190 1199 5248 Severus
1225 5192 1317 5261 qui
1341 5193 1412 5248 sit
1428 5193 1570 5248 idem
1596 5194 1742 5257 quod
1772 5189 2063 5249 haereticus
2091 5195 2304 5262 ignom.

734 5260 913 5315 Credo
953 5273 1134 5317 autem
1178 5260 1294 5316 haec
1318 5279 1346 5315 a
1378 5265 1551 5318 sciolo
1587 5264 1758 5320 fuisse
1778 5266 2040 5333 ascripta,
2086 5260 2180 5332 qui
2215 5265 2312 5316 Se-

745 5345 931 5404 verum
982 5333 1293 5385 haeretit-um
1320 5345 1500 5404 nosset
1525 5352 1540 5400 ;
1562 5334 1628 5388 de
1668 5350 1778 5404 quo
1810 5335 2092 5404 Cedrenus
2125 5342 2311 5404 postea

741 5401 890 5474 dicet
919 5401 969 5474 in
1009 5404 1394 5456 Aureliano.—
1427 5402 1558 5459 Χη.
1588 5401 1730 5457 Nihil
1765 5406 1852 5458 hic
1890 5420 2012 5474 cum
2038 5402 2316 5474 Xylandro

741 5484 771 5543 ξι
805 5471 977 5543 sciulo
1008 5474 1202 5534 quovis
1223 5475 1477 5527 existimo
1513 5485 1856 5543 corruptum.
1916 5471 2136 5528 Severus
2166 5474 2313 5526 enim

738 5536 950 5593 Latinis
984 5557 1104 5594 cum
1149 5551 1371 5602 trucem.
1391 5544 1642 5610 rigidum,
1677 5536 1952 5608 uindicem,
1983 5553 2068 5597 etc
2099 5584 2114 5608 ,
2138 5549 2314 5604 sonet,

739 5611 941 5677 poterit
964 5626 1181 5678 quoque
1219 5628 1314 5678 pro
1344 5615 1576 5676 exitiali,
1596 5616 1910 5681 pernicioso.
1940 5622 2015 5674 et,
2050 5621 2108 5664 ut
2135 5613 2311 5679 loqui-

740 5689 832 5751 tur
858 5682 1138 5748 Apuleius,
1168 5687 1518 5750 peremptorio
1561 5687 1729 5744 sumi,
1769 5698 1931 5751 quem
1960 5683 2146 5736 Graeca
2208 5698 2311 5734 vox

744 5748 1021 5822 αἱρετικός
1093 5755 1166 5814 (et
1201 5753 1244 5805 si
1290 5748 1462 5806 mavis
1511 5748 1884 5822 ἀναιρετικός)
1913 5754 2098 5805 refert.
2135 5751 2311 5805 ϐοΑιι.

817 5819 926 5886 (66)
985 5822 1304 5891 (Κννήγιον)
1327 5833 1568 5876 renatum
1619 5819 1759 5894 apud
1803 5831 2084 5877 auctorem
2148 5822 2312 5875 inter-

2414 5197 2701 5265 pretabere
2731 5196 2786 5249 in
2818 5195 3113 5249 Antonino.
3158 5193 3255 5249 llic
3280 5202 3332 5249 et
3366 5194 3626 5264 sparsim,
3657 5209 3765 5248 non
3794 5206 3847 5248 ut
3882 5197 4000 5264 ple-

2416 5269 2574 5334 rique
2599 5267 2893 5335 cynegium,
2935 5265 3032 5320 sed
3055 5281 3292 5327 arenam,
3327 5265 3506 5318 locum
3548 5267 3837 5318 certamini
3866 5282 3995 5319 eum

2417 5336 2612 5390 bestiis
2636 5335 2924 5389 subeundo
2957 5335 3047 5403 (ad
3074 5336 3468 5387 occrdentalem
3527 5336 3679 5387 urbis
3708 5337 3993 5402 regionem

2421 5407 2597 5459 adhuc
2633 5406 2796 5459 hodie
2856 5405 3090 5472 κυνηγός
3117 5405 3292 5468 audit)
3325 5406 3664 5472 deputatum,
3727 5405 3792 5457 ad
3849 5407 4002 5472 quod

2423 5475 2530 5529 illa:
2565 5476 2769 5529 ibidem
2806 5476 2858 5528 in
2890 5477 3076 5542 caveis
3104 5483 3156 5528 et
3189 5474 3362 5528 foveis
3413 5475 3649 5542 publicis
3683 5477 3999 5542 sumptibus

2425 5546 2761 5599 alebantur:
2816 5548 2873 5596 ἐν
2925 5537 2988 5610 ᾧ,
3021 5544 3212 5598 scribit
3273 5537 3495 5608 Suidas,
3553 5537 3908 5613 ἐρῤιπτοῦῖιτο
3952 5563 4004 5599 οι

2422 5614 2729 5682 βιοθάνατοι
2763 5616 2879 5670 sive
2913 5614 3303 5684 βιαιοθάνατοι.
3346 5615 3405 5666 lu
3446 5629 3559 5681 quo
3598 5617 4007 5684 nominatiores

2421 5686 2720 5739 Sceleratus
2747 5699 2956 5756 necnon
2997 5700 3061 5737 ex
3090 5693 3405 5756 contemptu
3440 5683 3812 5739 nobilissimus
3853 5690 4010 5756 leges

2425 5756 2754 5823 quandoque
2790 5755 2967 5823 capite
3011 5754 3292 5809 multatos.
3329 5752 3498 5809 Gem.
