4248 6456
215 424 325 489 485

1312 413 1851 475 HISTORIARUM
1892 411 2417 476 COMPEN‘DIUM.

3279 402 3467 485 ’486

216 536 350 607 βίᾳ
384 535 479 588 καὶ
528 530 827 602 γυμνότητι
863 528 1054 584 ἑαυτὸν
1099 528 1304 593 πιέζων
1365 529 1621 581 τοσοῦτον
1666 542 1794 579 κατ·
1826 528 1869 585 Α

1791 556 1794 565 ι
1826 528 1869 585 Δ
1901 525 2064 591 Vino,
2097 529 2220 583 oleo
2249 529 2583 599 reliquisque
2617 527 2671 583 id
2687 544 2857 600 genus
2889 532 3193 599 abstinens,
3227 540 3468 604 pectoris

215 629 459 696 εόἁμασε
486 627 586 693 τὴν
630 624 815 693 ἀκμὴν
846 623 942 675 τοῦ
969 620 1222 692 σώματος
1261 622 1337 684 ὡς
1377 621 1607 689 ὁρᾶσθαι
1655 637 1792 670 πιαν-

215 722 392 783 τελῶς
430 718 595 773 αὑτὸν
633 715 1073 783 ἀπεσκληκέναιο
1127 715 1272 768 οἴνου
1330 714 1440 784 γὰρ
1484 714 1576 765 καὶ
1617 709 1795 763 ελαίου

216 813 315 865 καὶ
343 811 455 863 τῶν
483 807 685 862 λοιπῶν
715 806 1054 876 ἀπεχόμενος
1082 806 1396 876 ἀνατροπὴν
1424 802 1670 878 [Ριὲἧὸι
1703 800 1794 854 τοῦ

218 904 474 972 Θώρακος
521 900 785 971 μεγίστην
839 899 1156 969 ὑπέμεινεν.
1213 897 1406 953 Ἔνθεν
1453 897 1515 966 γέ
1556 914 1637 949 τοι
1676 895 1794 948 δια-

219 995 417 1062 ϐόητος
466 991 758 1059 γενόμενος
799 989 875 1053 ὡς
912 988 1228 1058 διαπρέπων
1278 988 1416 1062 ἔργα
1472 990 1566 1042 καὶ
1616 987 1791 1057 λόγῳ,

221 1084 455 1146 πολλοὺς
497 1080 769 1151 ’Έλληνας
823 1080 922 1151 τὴν
979 1080 1373 1150 εἰδωλομανίαν
1417 1080 1796 1152 βδελύττεσθαι

219 1176 419 1238 πείσας
486 1173 790 1244 μαρτυρίου
855 1171 1119 1241 στέφανον
1208 1170 1584 1240 ἀναδήσασθαι
1655 1186 1799 1240 παρ-

230 1266 526 1321 εσκεύασε.
559 1264 783 1333 Πολλῆς”
803 1262 898 1318 οῦν
927 1266 1115 1335 φήμη(
1142 1263 1271 1334 περὶ
1306 1263 1472 1317 αὑτοῦ
1496 1263 1798 1334 τρεχούσης

220 1360 317 1411 καὶ
354 1359 566 1412 πολλῶν
618 1355 890 1427 μακρόθεν
929 1357 1065 1427 πρὸς
1116 1354 1279 1408 αὑτὸν
1313 1355 1653 1426 συρρυέντων
1676 1396 1690 1419 ,
1735 1353 1796 1407 οὐ

226 1452 388 1520 μόνον
436 1449 705 1516 Ἕλληνας
755 1447 1077 1515 φιλοσόφους
1112 1444 1208 1497 καὶ
1247 1445 1558 1516 αἱρετικοὺς
1590 1444 1797 1511 ἐλλογί-

226 1559 359 1611 μους
390 1541 526 1611 πρὸς
559 1540 839 1594 εὐσέϐειαν
871 1538 1144 1604 εἵλκυσεν,
1176 1538 1313 1591 ἀλλὰ
1352 1539 1446 1591 καὶ
1477 1539 1602 1600 τοὺς
1639 1536 1800 1597 ὂντας

222 1633 587 1703 Χριστιανοὺς
618 1632 819 1703 μᾶλλον
847 1629 1201 1701 στοιχειὼσας
1233 1629 1656 1682 ἐπεϐεϐαίωσεν.
1703 1629 1799 1682 Ὃν

221 1727 251 1779 ὁ
276 1725 593 1796 προλεχθεὶς
630 1722 953 1794 Ἀμϐρόσιος
990 1722 1272 1783 ἱκετεύσας
1306 1719 1473 1773 πολλὰ
1504 1720 1597 1773 καὶ
1622 1736 1796 1790 παρα-

223 1819 553 1887 ειασάμενος
606 1817 665 1870 ὲν
714 1815 1056 1886 Καισαρείᾳ,
1113 1813 1209 1865 καὶ
1258 1812 1645 1884 ταχυγράφους
1698 1812 1796 1882 μὲν

220 1909 373 1979 αύτῷ
402 1909 765 1980 παραστήσας
810 1908 950 1961 ἑπτὰ
994 1906 1213 1967 πλείους
1254 1904 1311 1959 δὲ
1359 1903 1793 1974 καλλιγράφους,
1828 1886 1868 1940 Β

221 2001 557 2073 ἑρμηνεῦσαι
587 2003 687 2065 τὰς
717 2000 865 2065 θείας
898 2000 1122 2070 Γραφὰς
1156 1998 1323 2052 αὑτὸν
1356 1998 1649 2066 πεποίηκε.
1684 1996 1796 2049 Καὶ

221 2097 250 2150 ό
281 2098 381 2167 μὲν
410 2097 510 2169 τὴν
555 2097 779 2151 δέουσαν
836 2097 1027 2166 χρείαν
1064 2094 1214 2165 αύτῷ
1248 2097 1532 2163 παρεῖχεν,
1562 2095 1589 2146 ό
1620 2092 1677 2146 δὲ
1706 2094 1797 2145 ἐπὶ

225 2189 420 2257 σχολῆς
479 2188 769 2259 γενόμενος
823 2187 1166 2258 ὑπηγόρευσε
1223 2188 1338 2249 τοῖς
1388 2185 1792 2256 ταχυγράφοις,

223 2283 316 2335 καὶ
344 2283 394 2335 oi
424 2280 803 2352 βιϐλιογράφοι
833 2281 929 2333 σὺν
950 2280 1197 2349 γυναιξὶν
1218 2280 1479 2350 ἔγραφον,
1505 2280 1797 2349 καλλιγρα-

223 2377 342 2442 φείν
371 2372 759 2443 ἐξησκημένοι.
821 2372 1010 2426 Πᾶσάν
1060 2388 1120 2424 τε
1159 2371 1311 2424 θείαν
1347 2361 1568 2441 Γραφὴν
1616 2372 1799 2441 ἡρμή-

221 2484 414 2520 νευσεν
446 2466 539 2519 ἐπὶ
570 2466 662 2537 ἐτη
710 2471 799 2534 ιη’.
836 2465 1067 2533 Λέγεται
1108 2465 1162 2516 δὲ
1193 2464 1273 2517 ὅτι
1317 2463 1687 2532 ἑξακισχιλίας
1716 2462 1797 2532 βῖ-

222 2558 384 2621 6λους
407 2558 685 2621 συνέταξε.
712 2557 977 2611 Τοσοῦτον
998 2557 1067 2624 γὰ
1077 2574 1106 2626 ρ
1133 2555 1292 2625 ζῆλον
1309 2556 1390 2617 εἰς
1413 2555 1511 2625 τὴν
1536 2555 1797 2626 ἐξήγησιν

221 2650 330 2703 τῶν
372 2648 533 2701 θείων
576 2647 749 2715 λόγων
798 2650 826 2700 ό
872 2647 1195 2716 Ἀμὸρόσιος
1245 2644 1613 2706 ἐπεδείκνυτο,
1654 2645 1793 2698 ὥστε

220 2738 322 2809 την
379 2738 583 2808 πολλὴν
639 2736 805 2790 αὑτοῦ
860 2736 1099 2806 σπουδὴν
1165 2736 1449 2804 ’θριγένηις
1506 2734 1795 2805 μαρτυρῶν

222 2830 426 2899 γράφει
456 2830 594 2895 πρός
615 2844 739 2881 τινα
769 2827 949 2893 λέγων
984 2845 1000 2859 ο
1043 2827 1100 2881 Ὀ
1126 2828 1264 2897 ἱερὸς
1291 2829 1386 2879 καὶ
1415 2825 1532 2894 Θεῷ
1559 2825 1797 2896 γνησίως

220 2923 584 2989 ἀνακείμενος
635 2920 959 2990 Ἀμερόσιος
1016 2919 1185 2973 πολλὰ
1245 2919 1643 2989 προσαγορεύει
1698 2936 1793 2972 σε·

219 3011 367 3072 ὅστις
401 3011 638 3078 νομίζων
693 3028 761 3079 με
811 3009 1096 3079 φιλόπονον
1138 3005 1280 3064 εἶναι
1327 3011 1419 3064 καὶ
1451 3013 1591 3064 πάνυ
1638 3010 1795 3081 διψᾷν

218 3100 313 3153 τοῦ
332 3101 481 3153 θείου
507 3102 691 3167 λόγου,
720 3100 915 3171 ἤλεγξε
935 3103 1002 3169 τῇ
1036 3101 1140 3169 ἰδία
1167 3101 1450 3171 φιλοπονίᾳ
1469 3101 1547 3172 τῷ
1569 3102 1699 3169 πρὸς
1728 3102 1795 3154 τὰ

1900 619 2192 673 maximam
2225 619 2640 675 subversionem
2687 623 2934 691 pertulit.
2968 623 3065 680 llis
3110 627 3278 682 rebus
3302 625 3471 700 ω

1898 710 2025 762 vitae
2054 709 2426 778 doctrinaeque
2457 708 2718 763 eximium
2747 727 2944 766 nomen
2970 717 3471 780 consecutus.eﬂ‘e-

1896 801 1970 854 cit
1994 808 2051 853 ut
2077 801 2230 854 multi
2255 801 2431 856 (ἶνιεοί
2458 801 2720 856 falsorum
2746 803 2978 858 deorum
3022 807 3230 861 cultum
3256 809 3470 864 abomi-

1896 900 2094 948 nantes
2125 908 2386 947 coronam
2424 892 2547 948 l‘uso
2581 894 2634 947 in
2657 894 2901 950 veritatis
2928 896 3299 952 testimonium
3334 914 3470 956 san-

1897 985 2063 1053 guine
2102 992 2461 1040 mererentur.
2507 985 2693 1056 Itaque
2746 986 2949 1056 ingenti
2974 990 3094 1059 ejus
3137 994 3469 1060 pmstantiz

1900 1075 2041 1129 fatua
2079 1076 2185 1129 late
2214 1073 2511 1145 divulgata,
2542 1078 2837 1148 multisque
2867 1078 2935 1134 ad
2964 1096 3087 1135 eum
3129 1095 3196 1136 ex
3245 1084 3471 1139 remotis

1899 1169 2035 1222 locis
2078 1167 2518 1232 conﬂuentibus,
2570 1184 2675 1224 non
2726 1180 2936 1226 tantum
2975 1171 3195 1230 Graecos
3227 1175 3474 1247 philoso-

1900 1262 2033 1330 pbo=
2053 1259 2407 1330 ethmrelicos
2422 1262 2722 1331 pnecipuos
2746 1264 2810 1317 ad
2832 1280 3013 1319 veram
3032 1264 3345 1337 religionem
3362 1276 3471 1322 tra-

1899 1353 2071 1414 duxit,
2092 1354 2185 1407 sed
2201 1362 2253 1408 et
2280 1354 2427 1424 ipsos
2446 1354 2787 1410 Christianos
2811 1359 2984 1428 magis
3016 1358 3189 1413 solida
3220 1360 3469 1415 doctrina

1898 1445 2262 1498 conﬁrmavit.
2330 1445 2414 1499 Ab
2468 1446 2570 1499 hoc
2602 1446 2950 1510 Ambrosius,
2995 1464 3157 1520 quem
3206 1450 3468 1515 diximus,

1899 1536 2155 1592 Ctesarem
2205 1539 2391 1594 inultis
2441 1540 2702 1610 precibus
2748 1555 2811 1593 ac
2843 1547 3052 1595 tantum
3102 1558 3207 1597 non
3234 1544 3286 1597 vi
3325 1545 3470 1598 obti-

1898 1629 2038 1692 nuit,
2066 1630 2331 1684 adhibitis
2369 1631 2417 1685 ei
2448 1640 2651 1702 septem
2686 1632 2958 1689 celeribus
2989 1636 3374 1702 scriptoribus,
3405 1651 3469 1692 ac

1899 1719 2145 1790 pluribus
2171 1721 2265 1789 qui
2293 1722 2570 1791 eleganter
2598 1722 2928 1789 scriberent,
2951 1733 3009 1779 ut
3040 1740 3253 1780 sacram
3281 1726 3470 1798 Scrip-

1901 1820 2077 1865 turam
2131 1813 2606 1883 interpretaretur.
2647 1812 2869 1887 Origeni
2917 1817 3243 1874 Ambrosius
3275 1834 3470 1875 neces—

1899 1904 2044 1958 saria
2077 1906 2260 1960 omnia
2312 1906 2701 1977 suppeditavit,
2730 1910 2886 1979 isque
2925 1924 3023 1979 per
3062 1911 3234 1966 otium
3261 1913 3472 1969 versio-

1898 2010 2019 2048 nem
2046 1996 2316 2053 celeribus
2341 1998 2706 2069 scriptoribus
2731 1999 2959 2057 dictavit
2988 2020 3002 2055 :
3038 2002 3249 2058 librarii
3282 2013 3467 2060 autem

1897 2096 1951 2143 et
1986 2088 2266 2153 mulieres,
2288 2091 2426 2146 scite
2455 2092 2700 2147 scribere
2722 2094 2982 2158 scientes,
3006 2097 3059 2149 in
3084 2094 3243 2165 plura
3272 2097 3469 2153 exinde

1895 2182 2228 2251 exemplaria
2258 2184 2721 2240 transcribebaut.
2753 2186 3138 2242 Absolviteatn
3162 2189 3468 2244 versionem

1896 2274 2056 2327 annis
2108 2273 2191 2329 18.
2248 2273 2444 2330 Fertur
2494 2292 2656 2347 porro
2692 2278 2954 2333 librorum
2998 2294 3095 2335 sex
3138 2280 3307 2334 millia
3333 2296 3469 2335 con-

1896 2370 2187 2440 scripsisse
2244 2368 2531 2442 Origenes.
2581 2371 2818 2427 Tantum
2872 2381 3055 2430 autem
3101 2374 3203 2429 fuit
3253 2389 3315 2430 ac
3354 2382 3465 2429 tam

1898 2462 2096 2517 ardens
2132 2463 2405 2518 Ambrosii
2438 2465 2599 2533 bujus
2625 2466 2865 2519 studium
2895 2469 3261 2523 enarrationis
3292 2483 3472 2523 sacra-

1898 2570 2018 2607 runt
2061 2554 2412 2621 Litterarum,
2442 2567 2498 2611 ut
2523 2556 2787 2626 Origenes
2809 2559 2856 2611 ei
2883 2548 3114 2627 quadam
3147 2560 3197 2612 in
3236 2560 3466 2629 episzola

1899 2645 2214 2713 bujusuiodi
2271 2646 2410 2699 ferat
2468 2647 2848 2701 testimonium
2894 2661 2908 2699 :
2956 2644 3196 2702 Sanctus
3249 2648 3469 2718 lioque

1896 2738 2109 2791 sincere
2156 2738 2371 2792 deditus
2418 2739 2744 2795 Ambrosius
2799 2739 3027 2792 multant
3091 2740 3187 2793 tibi
3226 2737 3284 2793 S.
3321 2738 3380 2793 Ι).
3416 2739 3472 2794 Is

1898 2842 2022 2882 cum
2065 2842 2149 2881 me
2181 2828 2462 2883 existimet
2499 2830 2748 2883 laborum
2777 2830 3100 2883 tolerantem
3143 2845 3270 2885 esse
3297 2841 3348 2884 et
3380 2846 3472 2885 sa-

1897 2934 2002 2973 cra:
2036 2918 2334 2989 Scripturm
2364 2921 2762 2991 cognoscendae
2789 2921 3031 2985 avidum,
3076 2935 3179 2976 suo
3217 2922 3467 2976 laborum

1896 3013 2081 3066 studio
2108 3021 2161 3066 et
2202 3026 2388 3066 amore
2420 3027 2607 3067 sacras
2641 3028 2728 3066 res
2764 3012 3013 3067 discendi
3050 3014 3103 3068 id
3138 3014 3469 3083 exploravit.

1896 3099 2071 3153 Tanto
2128 3109 2310 3153 autem
2373 3115 2458 3155 me
2494 3109 2617 3170 post
2673 3116 2734 3157 se
2785 3102 3010 3172 reliquit
3062 3103 3371 3169 intervallo,
3412 3115 3471 3159 ut

220 3189 353 3254 ἅγια
380 3189 680 3258 μαθήματα
704 3189 888 3258 ἔρωτι.
923 3188 1086 3241 Ὅθεν
1112 3188 1206 3240 ἐπὶ
1233 3189 1490 3242 τοσοῦτόν
1528 3207 1597 3257 με
1652 3207 1796 3260 παρ·
1823 3229 1865 3286 C

1789 3219 1865 3286 »ο
1899 3191 2200 3261 periculum
2256 3191 2329 3245 sit
2372 3207 2441 3245 ne
2496 3193 2563 3246 de
2597 3193 2873 3248 solvendis
2925 3203 3196 3265 quotquot
3231 3195 3280 3251 is
3331 3197 3466 3251 mibi

223 3279 490 3348 εληλυθεν
520 3279 660 3330 ὥστε
693 3278 1027 3331 κινδυνεύειν
1051 3278 1299 3349 ἀπαυδᾷν
1333 3280 1469 3347 πρὸς
1503 3280 1601 3342 τὰς
1630 3281 1794 3334 αὑτοῦ
1830 3278 1865 3286 ’”
1898 3342 1900 3348 Α

1792 3278 2155 3350 ι“”ριόι)ί)ιιὶι
2216 3283 2612 3349 quaestionibus
2669 3283 2967 3354 desperare
3030 3300 3218 3355 cogar.
3280 3284 3469 3357 Neque

220 3371 535 3441 προτάσεις.
573 3368 712 3422 Οὔτε
744 3368 851 3438 γὰρ
882 3370 1170 3436 δειπνῆσαι
1206 3371 1354 3423 ἐστιν
1382 3373 1511 3440 ἡμῖν
1544 3372 1795 3425 ἀντιϐάλ-

217 3464 432 3523 λουσιν,
489 3460 615 3513 οὗτε
652 3461 1007 3529 δειπνήσασιν
1056 3460 1234 3525 ἔξεστι
1281 3463 1655 3532 περιπατῆσαι
1698 3464 1794 3517 καὶ

217 3553 588 3606 διαναπαῦσαι
630 3552 698 3605 τὰ
745 3551 1011 3622 σώματα.
1039 3552 1298 3607 ἀλλὰκαὶ
1334 3556 1390 3605 ὲν
1430 3557 1540 3615 τοῖς
1582 3558 1795 3625 καιροῖς

218 3643 451 3705 ἐκείνοις
470 3643 774 3711 φιλολογεῖν
803 3644 895 3694 καὶ
922 3642 1182 3711 ἀκριϐοῦν
1205 3643 1273 3696 τὰ
1298 3643 1605 3714 ἀντίγραφα
1622 3648 1793 3715 ἀναγ-

218 3733 522 3803 καζόμεθα.
547 3732 683 3787 Οὔτε
737 3735 845 3804 μὴν
881 3734 1012 3800 ὃλην
1029 3734 1121 3786 ἐπὶ
1142 3732 1410 3803 θεραπεία
1427 3734 1520 3786 τοῦ
1540 3734 1793 3804 σώματος

218 3825 315 3894 τὴν
335 3827 507 3877 νύκτα
525 3826 731 3889 ἔξεστιν
754 3827 884 3896 ἡμῖν
904 3824 1223 3894 κοιμᾶσθαι,
1246 3826 1337 3878 ἐπὶ
1356 3827 1488 3878 πολὺ
1513 3827 1609 3895 τῆς
1628 3828 1795 3880 ἑσπέ-

223 3932 317 3985 ρας
343 3915 445 3982 τῆς
466 3914 777 3983 φιλολογίας
797 3915 1249 3986 παρατεινούσης.
1289 3916 1395 3968 Ἐὦ
1414 3918 1470 3969 δὲ
1494 3917 1677 3983 λέγειν
1695 3920 1790 3971 καὶ

219 4007 286 4057 τὰ
316 4006 374 4058 Eo
396 4005 489 4058 θεν
526 4005 687 4076 μέχρι
714 4004 814 4072 τῆς
843 4005 907 4071 θ’,
941 4004 1049 4058 ἔσθ’
1078 4007 1167 4058 ὅτε
1207 4007 1301 4059 καὶ
1331 4005 1564 4077 δεκάτης
1601 4005 1750 4074 ὥρας
1771 4023 1787 4038 ο

220 4090 422 4153 πάντες
482 4090 593 4161 γὰρ
637 4093 687 4144 οἱ
731 4090 973 4153 θέλοντες
1022 4092 1334 4159 φιλοπονεῖν
1381 4096 1508 4157 τοὺς
1562 4096 1790 4166 καιροὺς

220 4182 465 4245 ἐκεινους
488 4186 555 4251 τῇ
584 4182 827 4247 ἐξετάσει
850 4183 959 4235 τῶν
985 4183 1146 4237 θείων
1168 4184 1366 4251 λογίων
1394 4187 1488 4238 καὶ
1514 4185 1635 4250 ταῖς
1662 4189 1793 4240 ἀνα-

219 4272 486 4337 γνώσεσιν
521 4272 859 4326 ἀνατιθέασι.
898 4274 1088 4326 Πᾶσαν
1110 4274 1291 4326 τοίνυν
1320 4275 1662 4344 ἑρμηνεύσας
1691 4278 1789 4345 τὴν

220 4361 370 4416 θείαν
417 4362 644 4431 Γραφὴν
696 4363 1047 4434 ἐτελεύτησεν
1072 4364 1209 4418 ἐτῶν
1239 4364 1334 4429 ξθ’.
1371 4367 1506 4436 Περὶ
1540 4360 1602 4421 οὗ
1633 4370 1726 4422 καὶ
1758 4369 1787 4422 ό

222 4453 394 4521 μέγας
429 4453 746 4522 Ἐπιφάνιος
778 4456 837 4507 ἐν
877 4457 990 4517 τοῖς
1009 4457 1299 4527 Παναρίοις
1325 4457 1511 4527 λέγει·
1548 4461 1654 4513 Τοῦ
1688 4460 1787 4530 μὲν

1896 3384 2116 3424 cmunre
2158 3386 2259 3425 nos
2311 3374 2702 3442 exemplarium
2746 3374 2891 3429 inter
2938 3392 2998 3431 se
3043 3377 3264 3430 collatio
3312 3378 3468 3443 sinit,

1892 3456 2055 3530 M5
2094 3474 2270 3527 neque
2317 3474 2346 3513 a
2390 3475 2545 3513 omna
2587 3463 2869 3518 ambulare
2915 3474 3010 3517 aut
3039 3480 3236 3535 corpus
3282 3466 3469 3535 quiete

1894 3552 2139 3605 relaxare
2160 3551 2339 3614 datur,
2358 3551 2451 3605 sed
2481 3552 2574 3607 lllo
2593 3554 2758 3608 etiam
2787 3564 3031 3626 tempore
3052 3548 3249 3612 litteris
3272 3573 3468 3613 vacare

1893 3651 1948 3696 et
1979 3644 2272 3697 emendare
2302 3644 2636 3712 exemplaria
2669 3647 2942 3716 cogimur.
2969 3645 3156 3718 Neque
3194 3665 3323 3704 vero
3349 3664 3467 3705 cor-

1894 3737 2057 3805 poris
2082 3737 2361 3791 reﬁciendi
2392 3753 2554 3792 causa
2588 3747 2756 3793 totam
2787 3740 2944 3797 nobis
2977 3751 3193 3797 noctem
3225 3742 3469 3799 dormire

1893 3827 2240 3889 conceditur,
2298 3829 2485 3885 labore
2548 3830 2601 3885 in
2653 3832 2878 3886 multam
2914 3842 3130 3889 noctem
3161 3850 3220 3890 se
3272 3843 3466 3890 exten-

1892 3916 2052 3970 dente
2084 3932 2096 3968 :
2125 3932 2193 3971 ne
2241 3919 2419 3972 dicam
2472 3920 2540 3974 de
2593 3924 2877 3978 matutinis
2911 3923 3218 3989 laboribus,
3268 3925 3358 3995 qui
3395 3924 3465 3981 ad

1893 4024 2114 4073 nonam,
2145 4025 2538 4080 nonnunquam
2588 4028 2715 4068 vero
2753 4013 3021 4069 decimam
3055 4020 3246 4070 horam
3286 4016 3466 4086 porri-

1894 4108 2120 4169 guntur.
2178 4100 2504 4171 Quicunque
2558 4103 2704 4157 enim
2755 4105 2947 4158 volunt
3005 4106 3464 4175 ocettpalionibus

1892 4191 2012 4245 istis
2062 4191 2347 4255 inservire,
2406 4203 2646 4261 tempora
2699 4196 2800 4249 ista
2837 4198 3215 4253 examinandis
3262 4199 3463 4255 divinis

1891 4282 2131 4335 oraculis
2162 4292 2216 4335 et
2247 4283 2467 4338 lectioni
2500 4285 2846 4353 impendunt.
2885 4287 3153 4358 Origenes
3178 4303 3308 4360 ergo
3331 4304 3459 4344 cum

1890 4374 2202 4429 universam
2235 4389 2447 4429 sacram
2505 4375 2846 4446 Scripturam
2879 4387 3025 4433 esset
3050 4380 3467 4449 interpretatus,

1890 4472 2136 4519 mortuus
2175 4474 2261 4519 est
2293 4481 2468 4520 annos
2499 4474 2662 4521 natus
2698 4467 2788 4522 69.
2828 4465 2902 4524 De
2933 4469 3035 4525 huc
3078 4485 3308 4542 magnus
3339 4471 3467 4539 Epi-

232 4544 556 4613 Ἀμσροσίου
593 4545 663 4597 τὰ
708 4545 848 4615 πρὸς
876 4547 1083 4616 τροφὴν
1115 4548 1266 4618 αὐτῷ
1293 4566 1355 4601 τε
1396 4551 1489 4603 καὶ
1529 4555 1643 4616 τοῖς
1665 4554 1789 4618 όξυ-
1823 4549 1864 4605 D
1897 4571 1909 4625 ι

1823 4549 1864 4605 D
1897 4555 2132 4625 pltanius
2160 4557 2211 4609 in
2240 4556 2490 4611 Panariis
2532 4557 2613 4612 sic
2645 4559 2839 4613 scribit
2870 4577 2883 4610 :
2920 4558 3306 4630 Suppeditavit
3328 4564 3466 4619 Ani-

218 4635 450 4702 γράφοις
490 4634 589 4687 καὶ
628 4636 741 4697 τοῖς
767 4637 1135 4706 ὑπηρετοῦσιν
1171 4640 1550 4711 ἐξαρκοῦντος,
1583 4645 1792 4713 χάρτας

217 4735 277 4772 τε
303 4722 402 4773 καὶ
436 4718 609 4776 τᾶλλα
645 4723 755 4776 τῶν
803 4724 1201 4795 ἀναλωμάτων,
1245 4729 1342 4781 τοῦ
1369 4730 1428 4783 δὲ
1482 4732 1791 4803 Ὤριγένους

221 4811 277 4863 εν
296 4829 355 4865 τε
385 4814 723 4883 ἀγρυπνίαις
752 4816 846 4869 καὶ
874 4817 1172 4883 πολιτείαις
1198 4814 1667 4893 ὑπερϐαλλούσαις
1695 4827 1790 4879 καὶ

220 4903 380 4973 σχολῇ
432 4904 669 4977 μεγίστῃ
691 4905 784 4959 τὸν
809 4909 937 4979 περὶ
970 4908 1071 4976 τῆς
1110 4910 1333 4982 Γραφῆς
1358 4913 1664 4980 διανύοντος
1694 4917 1791 4972 κά-

222 5011 425 5064 ματον,
478 4997 574 5048 καὶ
624 4997 807 5053 πᾶσαν
827 5000 928 5069 τὴν
970 5000 1314 5073 καλουμένην
1359 5005 1469 5057 τῶν
1502 5006 1784 5075 Ἐξαπλῶν

219 5089 603 5154 πραγματείαν
641 5090 735 5142 καὶ
759 5090 868 5143 τῶν
897 5090 1099 5145 λοιπῶν
1126 5094 1154 5145 ὁ
1180 5092 1322 5163 ἀνὴρ
1365 5096 1503 5165 μετὰ
1538 5102 1786 5169 καμάτου

220 5176 662 5246 πεφιλοτίμηται.
697 5180 772 5232 Οὐ
816 5179 978 5250 μόνον
1017 5182 1128 5254 γὰρ
1159 5184 1259 5249 τὰς
1294 5188 1602 5258 ἐπισήμους
1634 5193 1786 5246 ἐκδό-

220 5282 329 5329 σεις
359 5268 503 5321 κατὰ
526 5267 723 5321 ταύτὸν
751 5272 1083 5340 συνήγαγεν,
1114 5274 1249 5329 ἀλλὰ
1281 5277 1373 5330 καὶ
1404 5280 1660 5351 πέμπτην
1687 5283 1785 5336 καὶ

217 5352 381 5423 εκτην
416 5354 560 5408 κατὰ
591 5357 718 5419 τοὺς
755 5357 980 5428 χρόνους
1003 5361 1225 5426 τούτους
1254 5366 1313 5418 ἐν
1362 5367 1570 5438 Ἰεριχὼ
1604 5387 1784 5441 παρα-

218 5444 391 5516 τυχὼν
417 5446 473 5499 ἐν
496 5464 604 5500 τινι
630 5448 795 5519 πίθῳ,
818 5449 1020 5515 ταύτας
1045 5454 1353 5520 συνέταξεν.
1380 5455 1464 5528 [Ρ.
1492 5458 1621 5531 254]
1660 5462 1785 5516 Ἐπὶ

219 5536 411 5589 ταύτὸν
439 5532 537 5590 οὖν
565 5538 749 5602 πάσας
777 5541 1131 5611 συναγαγὼν,
1185 5545 1376 5600 διελὼν
1411 5548 1469 5601 δὲ
1513 5552 1608 5603 καὶ
1640 5553 1787 5608 ἀντι-

221 5626 486 5697 παραθεὶς
541 5628 787 5701 ἀλλήλων
822 5633 961 5702 μετὰ
1009 5634 1180 5704 αὐτῆς
1223 5637 1324 5707 τῆς
1384 5638 1652 5711 Ἐϐραίων
1684 5661 1783 5715 ση-

1894 4648 2111 4702 brosius
2144 4649 2401 4703 alimenta
2432 4656 2487 4701 et
2517 4648 2643 4718 ipsi,
2669 4658 2723 4703 et
2765 4651 3152 4718 scriptoribus,
3190 4662 3242 4707 et
3272 4655 3467 4710 minis-

1894 4739 2018 4799 tris,
2067 4738 2315 4805 aliosque
2367 4747 2620 4808 smoptus
2666 4739 2966 4795 liberaliter
3002 4742 3148 4799 fecit.
3199 4745 3467 4816 Origenes

1890 4836 2073 4882 autem
2123 4828 2327 4898 vigiliis
2357 4844 2422 4883 ac
2460 4830 2731 4885 industria
2768 4833 3184 4892 incredibilibus
3216 4851 3354 4909 opus
3382 4839 3469 4895 di-

1891 4919 2030 4974 vime
2085 4918 2386 4989 Scriptura
2441 4922 2781 4992 elaboravit;
2833 4939 2898 4979 ac
2942 4941 3065 4995 quae
3117 4929 3465 4999 appellantur

1894 5010 2153 5080 Hexapla,
2189 5018 2245 5064 et
2274 5012 2485 5079 reliqua
2517 5014 2698 5067 omnia
2731 5029 2927 5085 magno
2971 5016 3160 5073 labore
3200 5020 3462 5079 confecit.

1892 5100 2011 5155 Non
2047 5101 2190 5156 enim
2222 5109 2433 5157 tantum
2469 5104 2712 5172 insignes
2748 5104 2887 5160 istas
2916 5106 3189 5164 editiones
3218 5111 3460 5180 collegit,

1892 5193 1987 5250 Sed
2017 5202 2073 5248 et
2103 5193 2355 5263 quintam
2389 5203 2443 5250 et
2471 5205 2684 5250 sextam
2720 5192 3041 5253 Jericltunte
3080 5199 3135 5253 in
3162 5198 3309 5256 dolio
3344 5210 3458 5256 tum

1892 5285 2141 5340 inventas
2174 5284 2403 5354 adjecit;
2444 5287 2813 5357 omnibusque
2847 5288 2901 5342 in
2930 5304 3098 5342 unum
3135 5294 3461 5363 compositis

1890 5377 2306 5447 dispositisque.
2360 5378 2437 5433 ita
2490 5389 2549 5433 ut
2601 5380 2797 5434 ordine
2849 5379 2995 5435 inter
3044 5396 3106 5437 se
3134 5384 3321 5438 omnia
3352 5386 3458 5440 sibi

1888 5467 2268 5539 Hebraicoque
2293 5471 2455 5525 etiam
2487 5486 2647 5540 quem
2678 5470 2912 5525 addebat
2942 5472 3115 5527 textui
3161 5477 3462 5545 responde-

1889 5566 2043 5623 rent,
2082 5558 2323 5630 Hexapla
2350 5560 2455 5614 ista
2487 5560 2624 5615 scite
2649 5561 2942 5617 admodum
2968 5573 3129 5635 atque
3169 5565 3330 5623 docte
3356 5582 3463 5638 pro

1892 5664 1990 5705 sua
2024 5650 2219 5719 peritia
2251 5650 2620 5706 concinnavit.

222 5717 498 5786 μειώσεως
523 5720 593 5774 τὰ
614 5720 721 5776 τῶν
765 5720 1074 5793 λεγομένων
1118 5724 1400 5795 Ἐξαπλῶν
1435 5732 1789 5807 ἀντιγράφων
1828 5739 2042 5811 εὐφυῶς
2081 5742 2227 5798 μάλα
2258 5743 2351 5798 καὶ
2382 5745 2763 5816 ἐπιστημόνως
2805 5749 2869 5802 ὲκ
2942 5749 3297 5822 πολυπειρίας
3328 5768 3458 5807 κατ·

221 5809 533 5866 εσκεύασεν.
