4248 6456
273 387 381 455 489

1370 385 1419 444 Η
1437 378 1913 445 lSTORIARUM
1951 371 2478 439 COMPENDIUM.

3436 361 3546 430 {90

263 509 363 580 τὴν
415 505 687 576 διαθήκην
731 519 833 573 μου
885 501 974 555 διὰ
1022 499 1291 571 στόματός
1351 515 1481 563 con;
1533 497 1748 563 Πτύξας
1798 495 1858 546 τὸ

1970 490 2270 562 pontiﬁces,
2307 486 2550 544 surrexit
2580 493 2746 557 atque
2787 484 2892 542 hoc
2941 483 3105 541 modo
3162 482 3370 540 dictum
3422 498 3552 555 pro-

265 600 480 670 βιϐλίον
520 597 742 651 ἐκάθισε
781 594 918 664 μετὰ
950 590 1226 660 κλαυθμοῦ
1257 589 1351 642 καὶ
1389 587 1640 658 δακρύων
1662 626 1676 649 ,
1721 587 1858 638 πάν-

263 708 371 744 των
411 688 548 758 ὁμοῦ
583 686 985 755 συγκλαιόντων
1018 682 1191 750 αὐτῷ.
1224 681 1344 734 Εἰσὶ
1374 681 1431 732 δὲ
1470 682 1562 732 καὶ
1593 678 1759 748 ἕτερα
1791 676 1860 726 τὰ

266 781 396 852 περὶ
435 777 604 832 αὐτοῦ
639 776 913 847 λεγόμενά
947 791 1006 825 τε
1041 772 1136 826 καὶ
1162 773 1398 844 ᾀδόμενα
1428 771 1515 822 διά
1558 771 1630 844 τὸ.
1649 765 1855 835 πλῆθος

264 877 362 942 τῆς
400 874 658 942 γνώσεως
704 869 874 925 αὑτοῦ
930 869 1023 923 καὶ
1077 866 1385 929 συντάξεως
1432 863 1542 916 τῶν
1604 859 1854 929 βιϐλίων·

265 965 386 1017 ξθεν
415 965 514 1017 καὶ
560 960 921 1023 συντακτικὺς
965 956 1262 1026 ὠνομάσθη
1318 954 1406 1007 διὰ
1446 954 1505 994 ’·λ
1537 950 1706 1004 πολλὰ
1760 966 1858 1000 πε-

268 1057 556 1125 ποιηκέναι
603 1051 802 1122 βιϐλία,
852 1050 926 1121 μὴ
971 1049 1206 1109 ἀκούων,
1239 1045 1314 1106 ὼς
1348 1044 1514 1106 ἔοικε,
1548 1041 1643 1094 τοῦ
1689 1058 1862 1110 σοφω-

266 1151 433 1203 τάτου
483 1145 829 1214 Σολομῶντος
882 1143 1154 1210 λέγοντος,
1206 1137 1324 1201 Υἱὲ,
1368 1136 1606 1206 φύλασσε
1645 1133 1740 1187 τοῦ
1787 1130 1863 1201 μὴ

271 1244 447 1295 ποιεῖν
476 1238 656 1310 βιϐλία
689 1238 878 1298 πολλὰ,
906 1236 1001 1286 καὶ
1033 1233 1110 1304 μὴ
1136 1231 1337 1284 σπεῦδε
1362 1231 1456 1282 ἐπὶ
1486 1226 1718 1295 στόματί
1746 1241 1859 1288 σου,

270 1335 369 1386 καὶ
400 1332 598 1402 καρδία
647 1347 740 1384 σου
783 1328 859 1396 μὴ
897 1324 1187 1394 ταχυνάτω
1230 1322 1325 1374 τοῦ
1365 1320 1675 1386 ἐξενεγκεῖν
1706 1316 1861 1391 λόγον

274 1427 381 1480 ἀπὸ
415 1423 709 1495 προσώπου
743 1419 837 1472 τοῦ
871 1418 1028 1483 Θεοῦ,
1059 1418 1140 1470 ὅτι
1179 1416 1206 1466 ὁ
1237 1412 1371 1474 Θεὸς
1408 1413 1464 1464 ὲν
1495 1407 1710 1479 οὖρανῷ
1752 1408 1864 1460 ἄνω

274 1515 372 1566 καὶ
429 1512 494 1563 συ
534 1510 625 1562 ἐπὶ
657 1509 756 1578 τῆς
807 1511 909 1576 γῆς
957 1508 1128 1559 κάτω.
1179 1502 1278 1555 Διὰ
1315 1501 1472 1555 τοῦτο
1522 1501 1764 1552 ἔστωσαν
1816 1499 1862 1548 οἱ

274 1604 424 1671 λόγοι
454 1621 548 1657 σου
585 1602 792 1670 ὀλίγοι·
823 1600 933 1652 εἰσὶ
954 1597 1064 1668 γὰρ
1089 1599 1241 1664 λόγοι
1279 1595 1468 1648 πολλοὶ
1505 1591 1867 1660 πληθύνοντες

279 1697 666 1766 ματαιότητος.
719 1694 826 1746 Καὶ
864 1691 941 1762 μὴ
972 1690 1123 1759 γίνου
1163 1690 1371 1750 δίκαιος
1400 1683 1537 1737 πολύ
1567 1699 1580 1713 ο
1614 1681 1728 1735 ἐστι
1760 1682 1866 1748 γὰρ

270 1789 482 1849 δίκαιος
517 1785 890 1856 ἀπολλύμενος
939 1784 995 1836 ὲν
1042 1781 1364 1849 δικαιοσύνῃ
1391 1775 1579 1830 αὐτοῦ.
1627 1776 1736 1828 Kal
1786 1773 1861 1842 μὴ

1964 583 2255 638 nuntiavit.
2291 579 2574 637 Peccatori
2599 587 2783 636 autem
2817 580 2954 634 dicit
2983 578 3250 636 Dominus
3279 597 3294 634 :
3322 577 3435 633 Cur
3493 588 3550 632 tu

1962 690 2192 730 enat-ras
2236 688 2354 725 mea
2403 673 2555 743 jura,
2601 681 2656 727 et
2697 685 2880 726 meum
2935 679 3322 726 testamentum
3362 670 3416 724 in
3454 685 3553 724 ore

1967 767 2134 819 habes
2168 765 2212 795 ⁶⁰
2238 764 2260 817 ?
2285 763 2594 831 Statimque
2623 765 2812 818 clauso
2858 761 2999 816 libro
3047 763 3304 818 consedit
3336 763 3556 833 eiulans

1964 865 2128 924 atque
2167 857 2499 926 lat-rytnans,
2560 857 2819 912 omnibus
2872 855 2967 925 qui
3027 855 3260 910 aderant
3309 855 3554 910 hominis

1967 948 2317 1000 miseratione
2345 962 2450 1000 una
2494 945 2770 1002 flentibus.
2803 947 2942 1002 Sunt
2975 957 3031 1002 et
3068 946 3240 1001 multa
3280 946 3387 1000 alia
3425 963 3550 1015 qua:

1966 1038 2034 1092 de
2071 1054 2135 1091 eo
2162 1037 2422 1092 dicuntur
2445 1047 2609 1108 atque
2640 1048 2956 1105 cantantur,
2997 1040 3065 1097 de
3093 1041 3405 1096 eruditione
3435 1041 3557 1110 ejus

1967 1137 2022 1181 et
2055 1129 2316 1183 librorum
2353 1131 2759 1200 compositione
2789 1144 2806 1196 ;
2839 1143 2866 1182 a
2919 1145 3150 1197 quarunt
3203 1126 3562 1186 multitudine

1969 1223 2342 1292 syntaeticus,
2381 1221 2540 1290 quasi
2563 1222 2922 1288 compositor,
2959 1221 3140 1276 dictus
3171 1222 3291 1277 fuit.
3319 1223 3562 1294 Apparet

1968 1328 2093 1367 eum
2130 1327 2237 1365 nou
2283 1314 2540 1380 paruisse
2574 1311 2884 1366 Solomonis
2924 1314 3092 1377 dicto,
3131 1314 3206 1367 ita
3243 1315 3561 1383 pracipien-

1971 1406 2064 1466 tis,
2117 1402 2240 1472 Fili,
2282 1421 2413 1459 cave
2440 1421 2507 1461 ne
2554 1407 2756 1461 multos
2796 1406 2964 1461 libros
3014 1405 3206 1461 facias.
3248 1406 3434 1478 Neque
3485 1406 3564 1462 fc-

1972 1497 2117 1550 stina
2157 1497 2327 1568 loqui,
2389 1515 2564 1568 neque
2601 1507 2854 1568 preperet
2914 1500 3132 1554 animus
3185 1511 3312 1554 tuus
3371 1514 3560 1555 coram

1975 1586 2080 1641 Deo
2131 1591 2294 1642 verba
2356 1589 2557 1642 facere.
2618 1586 2750 1640 Nam
2785 1589 2930 1643 Deus
2973 1592 3026 1642 in
3077 1591 3218 1645 cmlo
3259 1605 3425 1660 supra
3457 1604 3560 1656 est,

1973 1692 2136 1750 tuque
2162 1681 2304 1734 infra
2326 1683 2378 1734 in
2402 1690 2570 1736 terra.
2599 1681 2787 1748 Itaque
2813 1697 3105 1738 sermones
3129 1685 3204 1738 tui
3230 1686 3341 1739 sint
3359 1686 3516 1754 pauci
3544 1703 3558 1738 :

1970 1786 2160 1824 eorum
2199 1772 2345 1824 enim
2403 1772 2751 1827 multitudine
2813 1784 3048 1842 augetur
3107 1774 3341 1829 vanitas.
3377 1773 3568 1845 ‘m

273 1880 500 1948 σοφίζου
532 1877 790 1947 περισσὰ,
830 1876 904 1947 μή
942 1891 1072 1927 ποτε
1105 1871 1400 1942 ἀσεὸήσῃς.
1437 1869 1654 1930 Ταύτας
1681 1869 1862 1921 τοίνυν

1970 1862 2150 1933 Neque
2175 1863 2250 1918 sis
2285 1864 2515 1916 nimium
2552 1864 2736 1934 justus
2780 1887 2792 1920 ;
2829 1867 3126 1935 aliquando
3176 1866 3322 1920 enim
3351 1865 3564 1937 justum

272 1969 786 2042 παραγραψάμενος
812 1968 908 2029 τὰς
943 1964 1096 2036 ἱεράς
1133 1962 1487 2033 παραινέσεις
1519 1960 1615 2014 καὶ
1648 1976 1865 2029 παραγ-

273 2065 688 2133 κωνισάμενος,
724 2061 847 2126 οὐδὲ
879 2059 976 2114 τοῦ
1008 2058 1294 2111 θεσπεσίου
1345 2056 1618 2127 προσέσχε
1651 2053 1866 2106 Παύλου

272 2161 344 2226 τῇ
379 2156 563 2225 ἐννοίᾳ
596 2173 656 2207 τε
697 2154 791 2207 καὶ
853 2153 1157 2206 συνέσει’ὲν
1189 2151 1303 2211 τοῖς
1356 2147 1750 2214 συντάγμασιν.
1812 2144 1870 2197 Ὀ

270 2247 386 2316 γάρ
418 2245 824 2317 τρισμακάριος
849 2242 1062 2305 Παῦλος
1089 2243 1146 2293 ὲν
1171 2239 1498 2310 παρασκευῇ
1528 2236 1702 2302 λόγων
1731 2251 1868 2285 παν-

272 2337 526 2390 τοδαπῶν
566 2335 916 2406 βραχυτάτας
963 2331 1255 2393 ἐπιστολὰς
1298 2332 1363 2399 τῇ
1411 2329 1596 2397 γραφῇ
1631 2326 1870 2398 παραδέ-

271 2428 441 2489 δωκε.
484 2429 666 2479 καίτοι
703 2426 874 2498 μυρία
906 2425 999 2478 καὶ
1030 2424 1324 2493 ἀπόρρητα
1353 2421 1538 2485 λέγειν
1570 2420 1730 2488 ἔχων,
1775 2417 1871 2470 ἆτε

273 2521 345 2572 τά
402 2519 596 2589 μέχρις
647 2517 880 2590 οὖρανοῦ
931 2516 1118 2588 τρίτου
1166 2513 1503 2581 θεωρήματα
1535 2509 1869 2576 ὲπιιρθάσας,

273 2608 368 2662 ἐπ’
400 2609 564 2661 αὐτὸν
596 2609 651 2660 δὲ
681 2609 771 2660 τὸν
808 2605 1087 2674 θεοπρεπῆ
1129 2601 1461 2673 παράδεισον
1498 2599 1874 2670 ἀναρπασθεὶς

275 2702 373 2753 καί
431 2699 543 2752 τῶν
607 2701 786 2752 ἐκεῖσε
853 2697 1249 2766 ἀνεκφράστων
1307 2694 1571 2764 ῥημάτων
1640 2691 1872 2746 ἀκοῦσαι

274 2788 561 2853 ἀξιωθείς.
615 2792 724 2842 Καὶ
785 2790 970 2858 μέντοι
1025 2787 1134 2840 οὑδ⁴
1189 2787 1236 2838 οἱ
1285 2786 1462 2837 λοιποὶ
1500 2783 1595 2835 τοῦ
1635 2783 1874 2851 Χριστοῦ

277 2883 557 2952 φοιτηταί,
588 2880 794 2934 δώδεκα
832 2880 931 2949 μὲν
959 2877 1279 2942 ἀπόστολοι,
1312 2878 1363 2928 oi
1396 2875 1452 2927 δὲ
1491 2873 1734 2945 μαθηταὶ
1781 2876 1876 2927 καὶ

275 2974 432 3026 ἄλλοι
469 2973 608 3043 πρὸς
633 2973 846 3032 τούτοις
893 2971 1098 3040 μυρίοι,
1130 2971 1232 3023 οὐκ
1269 2969 1488 3038 ἄπειροι
1526 2967 1699 3034 λόγων
1728 2966 1880 3033 ὲτύγ-

277 3078 479 3130 χανον·
525 3064 620 3116 καὶ
670 3062 820 3131 ὅμως
853 3057 944 3114 οὖν
975 3061 1034 3124 ὲξ
1086 3061 1344 3112 ἁπάντων
1388 3058 1499 3110 τῶν
1531 3055 1628 3109 τοῦ
1667 3057 1874 3125 Κυρίου

277 3149 577 3219 διατριϐῶν
597 3150 665 3203 τά
691 3151 1065 3220 ὑπομνήματα
1095 3148 1373 3210 Ματθαῖος
1399 3148 1532 3217 ἡμῖν
1563 3147 1655 3200 καὶ
1693 3147 1874 3199 Ἰωάν-

278 3259 378 3310 νης
409 3241 892 3304 καταλελοὶπασιν,
926 3240 1018 3304 οὓς
1054 3242 1146 3292 καὶ
1174 3240 1484 3307 ἐπάναγκες
1513 3239 1607 3290 ἐπὶ
1643 3238 1703 3290 τὸ
1737 3239 1876 3310 γρά-

279 3350 406 3400 φειν
442 3331 620 3384 ἐλθεῖν
665 3333 881 3400 κατέχει
916 3331 1072 3398 λόγος
1095 3371 1109 3395 ,
1145 3329 1338 3397 ὥσπερ
1369 3330 1464 3380 καὶ
1514 3329 1744 3400 Μάρκον
1785 3331 1880 3382 καὶ

280 3426 503 3480 Λουκᾶν
541 3423 792 3495 ὕστερον.
835 3424 926 3474 Διὸ
960 3423 1024 3491 δή
1054 3438 1219 3492 φησιν
1245 3423 1272 3474 ὁ
1311 3420 1485 3491 μέγας
1510 3423 1784 3492 Μάξιμος·
1821 3424 1878 3476 ὐ

276 3516 441 3582 λόγος
477 3514 935 3584 συγγραφόμενος
974 3513 1006 3584 ἢ
1047 3515 1185 3584 πρὸς
1210 3513 1311 3584 τὴν
1339 3511 1537 3566 ἑαυτοῦ
1571 3514 1878 3585 ὑπόμνησιν

281 3607 694 3677 συγγράφεται,
719 3606 754 3675 ἢ
781 3605 918 3676 πρὸς
941 3604 1213 3673 ὠφέλειαν
1249 3606 1335 3658 ἑτέ
1346 3623 1476 3674 ρων,
1501 3606 1536 3676 ἢ
1568 3605 1662 3659 καὶ
1685 3608 1876 3678 ἄμφω,

276 3702 313 3772 ἢ
371 3701 510 3772 πρὸς
561 3698 769 3770 βλάϐην
822 3697 1021 3764 τινῶν,
1077 3699 1110 3769 ἦ
1167 3699 1304 3770 πρὸς
1359 3698 1671 3765 ἀπόδειξιν,
1730 3701 1762 3771 ἢ
1821 3701 1879 3766 ἐξ

279 3793 554 3861 ἀνάγκης.

354 3930 514 3983 Μετὰ
572 3930 630 3982 δὲ
680 3929 926 4000 Σεσῆρον
981 3930 1335 3986 ἐϐασίλευσεν
1399 3933 1717 3994 Ἀντωνῖνος
1766 3932 1878 3996 υἱὸς

284 4022 534 4092 Σεσήρου
571 4023 665 4072 καὶ
693 4021 864 4083 Γέτας
894 4023 922 4073 ὁ
957 4021 1188 4090 ἀδελφὸς
1217 4023 1384 4076 αὐτοῦ
1417 4024 1591 4094 μῆνας
1625 4024 1738 4078 δύο.
1771 4025 1880 4077 Καὶ

285 4115 499 4184 σφάξας
547 4113 640 4166 τον
678 4114 813 4166 ῖδιον
849 4112 1079 4180 ἀδελφὸν
1114 4116 1172 4167 ὲν
1203 4113 1282 4182 τῷ
1318 4115 1504 4185 κόλπῳ
1541 4117 1637 4184 τῆς
1671 4116 1880 4185 μητρὸς

280 4207 657 4277 ἑμονάρχησεν
702 4205 796 4276 ἔτη
844 4212 919 4270 ς’.
966 4205 1255 4276 Σεραπίων
1289 4205 1345 4259 δέ
1373 4223 1452 4269 τις
1493 4206 1880 4276 μαθηματικὸς

281 4299 474 4365 ἔλεγεν
503 4297 578 4359 ὡς
601 4295 920 4367 τεθνήξεται
945 4297 1047 4349 οὐκ
1080 4297 1160 4358 είς
1187 4298 1406 4367 μακρὰν
1445 4297 1760 4359 Ἀντωνῖνος
1786 4299 1879 4350 καὶ

281 4391 568 4459 Μακρῖνος
624 4389 791 4442 αὐτὸν
838 4388 1181 4454 διαδέξεται,
1222 4390 1316 4441 καὶ
1350 4387 1550 4454 ἔδειξεν
1588 4389 1749 4442 αὑτὸν
1799 4389 1878 4456 τῷ

281 4482 532 4549 δακτύλῳ
582 4480 917 4549 παρεστῶτα
958 4478 1044 4551 [1).
1077 4481 1210 4542 256]
1244 4481 1381 4548 μετὰ
1411 4482 1509 4549 τῆς
1547 4480 1872 4548 συγκλήτου.

1968 1973 2066 2010 sua
2106 1956 2280 2025 perdit
2307 1956 2548 2025 justitia.
2579 1955 2765 2026 Neque
2802 1957 3028 2010 nimium
3053 1973 3201 2027 sape,
3237 1975 3306 2014 ne
3341 1957 3565 2029 quando

1972 2045 2038 2098 ad
2072 2046 2404 2114 impietatem
2440 2047 2744 2116 prolaltaris
2780 2047 2844 2101 ".
2895 2047 3188 2102 Enimvero
3211 2050 3309 2104 has
3351 2050 3441 2103 ille
3473 2065 3564 2104 stt-

1971 2152 2096 2191 cras
2118 2137 2517 2191 admonitiones
2543 2149 2887 2205 aspernatus,
2909 2154 3083 2208 neque
3101 2138 3274 2194 divini
3302 2137 3457 2192 Pauli
3476 2153 3567 2193 sa-

1973 2230 2231 2298 pientiam
2281 2232 2332 2284 in
2365 2229 2660 2284 scribendo
2702 2241 2927 2285 secutus
2953 2241 3056 2285 est.
3089 2229 3296 2286 Paulus
3319 2230 3465 2285 enim
3509 2230 3566 2283 in

1975 2329 2126 2374 tanto
2159 2322 2338 2376 omnis
2368 2323 2587 2391 generis
2637 2305 2953 2376 sermonum
3001 2333 3266 2392 apparatu
3300 2323 3567 2378 brevissi-

1976 2427 2093 2465 tnas
2113 2413 2373 2480 epistolas
2393 2413 2632 2482 scriptas
2665 2412 2911 2482 reliquit,
2946 2428 3070 2466 eum
3100 2413 3324 2484 quidem
3350 2414 3566 2468 inﬁnita

1976 2512 2030 2558 et
2059 2518 2258 2557 arcana
2295 2514 2481 2573 posset
2523 2507 2720 2560 litteris
2764 2508 3006 2573 tradere,
3063 2520 3121 2562 ut
3160 2509 3252 2579 qui
3292 2525 3468 2579 usque
3491 2512 3560 2564 ad

1978 2596 2126 2650 tertii
2156 2596 2280 2651 coeli
2333 2599 2644 2667 spectacula
2699 2598 2878 2654 elatus
2905 2599 3072 2669 inque
3106 2601 3284 2669 ipsum
3315 2603 3568 2658 divinum

1979 2687 2293 2755 paradisum
2319 2689 2601 2759 abreptus,
2632 2689 2818 2760 ibique
2848 2691 3144 2746 ineffabilia
3174 2693 3340 2747 verba
3377 2694 3570 2749 audire

1979 2776 2236 2846 dignatus
2269 2786 2437 2833 esset.
2473 2779 2615 2844 Quin
2675 2790 2732 2835 et
2756 2781 2961 2850 reliqui
3022 2780 3234 2837 Christi
3260 2786 3566 2846 auditores,

1981 2866 2268 2922 duodecim
2303 2885 2534 2924 numero
2553 2871 2788 2940 apostoli
2823 2882 2874 2926 et
2897 2875 3246 2943 septuaginta
3277 2875 3566 2946 discipuli,

1983 2974 2044 3014 ac
2079 2973 2276 3029 prmter
2309 2963 2408 3018 hos
2447 2964 2719 3019 innumeri
2769 2965 2883 3029 alii,
2918 2981 3234 3037 quanquam
3275 2983 3384 3024 non
3426 2968 3571 3023 indi-

1982 3053 2116 3105 serti
2161 3061 2366 3120 essent,
2423 3063 2607 3110 tamen
2625 3071 2692 3110 ex
2728 3065 2876 3111 tanta
2913 3060 3070 3113 turba
3109 3059 3394 3116 Mattltaeus
3450 3073 3570 3116 tan-

1985 3153 2098 3195 tum
2129 3153 2182 3197 et
2228 3145 2471 3202 Joannes
2491 3151 2922 3206 commentarios
2974 3152 3041 3208 de
3071 3156 3178 3206 vita
3210 3162 3263 3208 et
3290 3155 3456 3211 dictis
3487 3164 3572 3210 at-

1981 3250 2088 3304 que
2154 3236 2318 3292 factis
2378 3238 2587 3294 Christi
2661 3242 3026 3311 scripserunt,
3091 3249 3441 3311 necessitate,
3511 3256 3571 3301 ut

1982 3326 2174 3392 fertur,
2209 3330 2268 3381 ad
2303 3332 2662 3386 scribendum
2701 3335 2996 3404 compulsi,
3045 3337 3211 3391 sicuti
3264 3349 3319 3392 et
3372 3348 3569 3408 postea

1981 3419 2243 3484 temporis
2285 3417 2498 3475 Marcus
2537 3430 2701 3492 atque
2741 3423 2947 3480 Lucas.
3000 3426 3130 3481 [deo
3185 3441 3418 3496 magnus
3479 3429 3571 3482 ille

1982 3506 2252 3564 Maximus
2283 3513 2363 3565 sic
2399 3515 2476 3566 ait
2508 3533 2521 3567 :
2556 3513 2660 3580 Qui
2716 3516 2888 3573 libros
2920 3519 3136 3586 scribit,
3174 3518 3307 3575 facit
3343 3523 3446 3576 hoc
3475 3532 3574 3577 aut

1979 3601 2084 3656 sibi
2137 3607 2592 3661 commentarium
2654 3609 2883 3680 parandi
2935 3625 3125 3677 causa,
3170 3622 3267 3667 aut
3311 3613 3571 3670 utilitatis

1979 3694 2215 3749 aliorum
2247 3698 2444 3765 gratia,
2476 3709 2571 3752 aut
2625 3702 2915 3772 utriusque
2951 3720 3104 3776 ergo,
3139 3718 3235 3761 aut
3260 3708 3326 3762 ad
3367 3723 3572 3764 nocen-

1982 3785 2112 3838 dum
2146 3787 2290 3851 aliis,
2321 3797 2414 3842 aut
2449 3793 2761 3847 ostentandi
2795 3795 2999 3862 studio,
3033 3810 3128 3852 aut
3160 3808 3406 3856 coactus.

2051 3921 2180 3975 Post
2204 3922 2465 3978 Severum
2501 3925 2598 3980 filii
2629 3928 2750 3999 ejus
2795 3928 3108 3988 Antoninus
3143 3945 3197 3988 et
3225 3933 3360 3990 Geta
3401 3937 3573 4006 impe-

1982 4025 2242 4068 raverunt
2301 4033 2519 4073 menses
2546 4021 2600 4074 2.
2642 4020 2879 4078 Severus
2906 4025 3124 4091 deinde,
3166 4041 3292 4082 cum
3341 4027 3567 4083 fratrem

1983 4106 2036 4159 itt
2067 4108 2191 4161 sinu
2221 4111 2413 4166 matris
2442 4123 2718 4176 necasset.
2740 4116 2895 4170 solus
2937 4118 3228 4187 imperium
3264 4123 3437 4191 gessit
3467 4137 3569 4176 an-

1983 4213 2085 4254 nos
2115 4200 2165 4254 6.
2200 4199 2434 4266 Quidam
2465 4221 2593 4260 vero
2646 4209 3093 4273 mathematicus,
3145 4211 3413 4282 Serapion
3466 4229 3568 4269 no-

1981 4292 2147 4355 mine,
2182 4295 2436 4361 prazdixit
2472 4297 2811 4352 Antoninum
2849 4317 2958 4355 non
2994 4305 3170 4356 multo
3203 4311 3328 4372 post
3362 4307 3567 4372 peritu-

1982 4399 2126 4445 rum,
2175 4387 2336 4456 eique
2380 4386 2678 4443 Macrinam
2743 4407 3158 4456 successurum,
3197 4395 3363 4468 449
3403 4413 3565 4466 quem

1981 4476 2140 4530 etiam
2169 4493 2293 4532 cum
2325 4483 2672 4537 senatoribus
2691 4492 2959 4538 astantem
2990 4487 3163 4556 digito
3213 4490 3564 4544 demonstra-

293 4574 356 4627 Ὀ
377 4574 437 4626 δὲ
468 4573 575 4626 ὑπὸ
605 4571 803 4642 θυμοῦ,
845 4573 1047 4642 μᾶλλον
1075 4574 1132 4625 δὲ
1164 4573 1268 4625 ὑπὸ
1301 4574 1401 4642 τῆς
1429 4573 1621 4642 τύχης,
1649 4573 1710 4624 ού
1743 4590 1868 4625 συν-

1981 4567 2078 4621 vit.
2133 4569 2238 4622 Sed
2273 4572 2582 4626 Antoninus
2635 4590 2744 4644 prae
2784 4575 2883 4637 ira,
2937 4587 3032 4630 aut
3090 4581 3274 4648 potius
3332 4581 3564 4636 fortuna:

283 4668 388 4736 ἧκε
413 4668 474 4719 τὸ
500 4667 794 4732 πρόσωπον
821 4665 1126 4734 Μακρίνου,
1152 4665 1264 4716 ἀλλ’
1289 4664 1477 4735 ἕτερον
1509 4666 1598 4718 τὸν
1644 4665 1873 4734 πλησίον

285 4759 573 4810 ἐκέλευσεν
609 4757 1039 4826 ἀποκτανθῆναι.
1083 4757 1142 4810 '0
1175 4757 1230 4810 δὲ
1259 4758 1538 4826 Μακρῖνος
1573 4757 1872 4809 ἐσπούδασε

285 4849 378 4901 τὸν
440 4849 756 4900 ’Δντωνῖνον
797 4840 1269 4918 προκαταλαϐεῖν⁹
1303 4847 1364 4901 ὃν
1408 4847 1517 4900 ἀπὸ
1561 4847 1656 4899 τοῦ
1705 4848 1870 4900 ἵππου

285 4939 617 4991 κατελθόντα
649 4940 707 4990 ὲν
738 4939 982 5009 κυνηγίῳ
1009 4941 1087 5000 είς
1114 4938 1394 4992 ἀπόπατον
1416 4979 1430 5004 ,
1474 4939 1872 5008 ἑκατόνταρχον

286 5029 618 5094 ἀποστείλας
656 5030 845 5084 τοῦτον
895 5030 974 5100 τῷ
1040 5030 1181 5098 ξίφει
1217 5029 1462 5094 ἀνεῖλεν,
1514 5030 1683 5084 εἰπὼν
1737 5033 1872 5101 πρὸς

289 5123 453 5176 αὐτόν
478 5139 492 5153 ο
537 5125 626 5187 Ὠς
661 5126 725 5178 σὺ
755 5125 846 5178 τὸν
885 5125 1114 5194 ἀδελφὸν
1137 5124 1478 5194 άπέσφαξας,
1514 5125 1686 5189 οὓτως
1717 5126 1872 5193 κάγὼ

291 5214 374 5267 σε.
415 5213 541 5265 Ἐπὶ
580 5213 776 5266 τούτου
807 5217 1021 5286 πρῶτος
1053 5219 1350 5279 ἐπίσκοπος
1380 5217 1618 5286 κατέστη
1663 5216 1872 5281 Βυζαν-

289 5308 407 5358 τίου
449 5305 797 5378 Φιλάδελφος,
844 5307 938 5377 ἐτη
993 5310 1120 5379 τρία
1147 5321 1161 5337 ⁸
1197 5308 1384 5382 πρώην
1434 5309 1541 5379 γάρ
1575 5310 1872 5380 προΐστατο

289 5397 388 5467 τῇς
432 5396 756 5468 Ἐκκλησίας
787 5399 880 5471 ἔτη
909 5407 956 5471 η’
982 5401 1351 5472 πρεσϐύτερός
1386 5420 1492 5466 τις.

359 5534 518 5590 Μετὰ
551 5535 867 5591 ’Δντωνῖνον
913 5538 1227 5591 ὲὸασίλευσε
1264 5541 1560 5611 Μακρῖνος,
1597 5540 1656 5601 ὃς
1697 5535 1764 5612 ἦν
1811 5543 1871 5596 τὸ

368 5801 583 5860 “Psal.
623 5818 774 5869 mx,
802 5801 888 5856 16.
967 5803 1007 5835 ⁶¹
1052 5803 1228 5860 Eccle.
1263 5821 1292 5859 v
1323 5814 1376 5862 et
1414 5824 1458 5862 vt
1487 5810 1711 5878 possint.

612 5899 692 5961 ΡΑ
709 5915 884 5960 ι’ῐιοι..
928 5900 1044 5963 GR.
1093 5903 1305 5965 CXXI.

1982 4670 2139 4725 nutu,
2174 4662 2471 4717 Macrinum
2503 4680 2610 4718 nou
2637 4669 2908 4734 Cognovit,
2938 4672 3216 4739 aliumque
3245 4672 3346 4740 ipsi
3377 4685 3566 4728 astan-

1983 4765 2088 4808 tem
2129 4771 2224 4823 pro
2265 4771 2329 4808 eo
2377 4757 2542 4825 jussit
2577 4761 2780 4812 necari.
2852 4760 3126 4815 Macrinus
3169 4778 3297 4817 vero
3335 4779 3559 4832 operam

1982 4849 2130 4902 dedit
2157 4860 2214 4903 ut
2250 4849 2512 4905 Antonini
2546 4861 2803 4905 conatum
2839 4862 3249 4921 anteverteret;
3308 4866 3362 4910 et
3409 4871 3560 4920 eum,

1981 4955 2104 4993 cum
2135 4941 2188 4992 in
2215 4941 2500 4994 venatione
2526 4941 2730 4994 ventris
2759 4945 3090 4996 exonerandi
3123 4959 3291 4998 causa
3327 4946 3395 4999 de
3417 4959 3562 5015 equo

1982 5032 2362 5098 deset-nderct,
2405 5034 2651 5087 itltllliSSO
2686 5036 3010 5091 centurione
3043 5039 3264 5103 occidit,
3293 5040 3510 5094 dicente
3545 5059 3559 5095 :

1982 5125 2154 5179 Sicuti
2193 5137 2244 5179 tu
2271 5129 2513 5190 fratrem,
2554 5127 2624 5180 ita
2657 5144 2757 5198 ego
2794 5137 2848 5184 te
2878 5145 3032 5185 neco.
3066 5131 3141 5185 Eo
3173 5141 3415 5201 tempore
3444 5134 3560 5203 pri-

1982 5236 2104 5276 mus
2159 5219 2405 5292 Byzantii
2463 5222 2758 5292 epiSCOpus
2795 5227 3125 5279 constitutus
3167 5237 3250 5280 est
3283 5225 3564 5282 Philadel-

1980 5315 2144 5379 phus,
2197 5325 2250 5369 et
2295 5329 2469 5369 annos
2499 5316 2533 5368 5
2567 5315 2786 5384 praefuit
2823 5334 2835 5369 :
2871 5324 2996 5370 ante
3050 5318 3195 5372 enim
3244 5334 3339 5389 per
3368 5335 3560 5376 oeten-

1980 5409 2131 5462 nium
2163 5407 2418 5462 Ect'lesize
2460 5408 2672 5478 praefuit
2710 5410 2927 5478 quidam
2966 5411 3272 5481 presbyter.

2052 5543 2331 5597 Antonino
2401 5545 2674 5600 successit
2737 5545 3041 5616 Macrinus,
3110 5548 3283 5619 patria
3338 5547 3563 5608 Maurus

3094 5907 3166 5972 16
