  <div class='ocr_page' id='page_1' title='image "/cluster/home/n/w/nwhite01/storage/ocr_20150623/121/nnc1.0046980032/256.png"; bbox 0 0 4248 6456; ppageno 0'>
   <div class='ocr_carea' id='block_1_1' title="bbox 235 394 350 462">
    <p class='ocr_par' dir='ltr' id='par_1_1' title="bbox 235 394 350 462">
     <span class='ocr_line' id='line_1_1' title="bbox 235 394 350 462; baseline 0.017 -2"><span class='ocrx_word' id='word_1_1' title='bbox 235 394 350 462; x_wconf 63' lang='grc'>497</span> 
     </span>
    </p>
   </div>
   <div class='ocr_carea' id='block_1_2' title="bbox 1331 400 2442 471">
    <p class='ocr_par' dir='ltr' id='par_1_2' title="bbox 1331 400 2442 471">
     <span class='ocr_line' id='line_1_2' title="bbox 1331 400 2442 471; baseline 0.007 -9"><span class='ocrx_word' id='word_1_2' title='bbox 1331 400 1876 466; x_wconf 77' lang='lat' dir='ltr'><strong>HISTORIARUM</strong></span> <span class='ocrx_word' id='word_1_3' title='bbox 1909 405 2442 471; x_wconf 66' lang='lat' dir='ltr'><strong>COMPENDIUMt</strong></span> 
     </span>
    </p>
   </div>
   <div class='ocr_carea' id='block_1_3' title="bbox 3390 417 3502 486">
    <p class='ocr_par' dir='ltr' id='par_1_3' title="bbox 3390 417 3502 486">
     <span class='ocr_line' id='line_1_3' title="bbox 3390 417 3502 486; baseline 0.009 -2"><span class='ocrx_word' id='word_1_4' title='bbox 3390 417 3502 486; x_wconf 57' lang='lat'><strong>‘98</strong></span> 
     </span>
    </p>
   </div>
   <div class='ocr_carea' id='block_1_4' title="bbox 235 482 1912 609">
    <p class='ocr_par' dir='ltr' id='par_1_4' title="bbox 235 482 1893 609">
     <span class='ocr_line' id='line_1_4' title="bbox 235 482 1893 609; baseline 0.006 -44"><span class='ocrx_word' id='word_1_5' title='bbox 235 513 288 565; x_wconf 77' lang='grc' dir='ltr'>δὲ</span> <span class='ocrx_word' id='word_1_6' title='bbox 319 509 413 564; x_wconf 82' lang='grc' dir='ltr'>καὶ</span> <span class='ocrx_word' id='word_1_7' title='bbox 446 509 546 576; x_wconf 69' lang='grc' dir='ltr'><strong>τὰς</strong></span> <span class='ocrx_word' id='word_1_8' title='bbox 580 482 832 584; x_wconf 77' lang='grc' dir='ltr'>Ἀθήνας,</span> <span class='ocrx_word' id='word_1_9' title='bbox 886 514 1198 587; x_wconf 83' lang='grc' dir='ltr'>συνήγαγον</span> <span class='ocrx_word' id='word_1_10' title='bbox 1268 517 1446 571; x_wconf 85' lang='grc' dir='ltr'>πάντα</span> <span class='ocrx_word' id='word_1_11' title='bbox 1493 519 1563 572; x_wconf 76' lang='grc' dir='ltr'><strong>τὰ</strong></span> <span class='ocrx_word' id='word_1_12' title='bbox 1611 519 1814 590; x_wconf 85' lang='grc' dir='ltr'>βιϐλία,</span> <span class='ocrx_word' id='word_1_13' title='bbox 1852 553 1893 609; x_wconf 58' lang='grc' dir='ltr'><strong>Α</strong></span> 
     </span>
    </p>
   </div>
   <div class='ocr_carea' id='block_1_5' title="bbox 1827 482 3504 609">
    <p class='ocr_par' dir='ltr' id='par_1_5' title="bbox 1852 525 3504 609">
     <span class='ocr_line' id='line_1_5' title="bbox 1852 525 3504 609; baseline 0.012 -32"><span class='ocrx_word' id='word_1_14' title='bbox 1852 553 1893 609; x_wconf 59' lang='grc' dir='ltr'><strong>Α</strong></span> <span class='ocrx_word' id='word_1_15' title='bbox 1923 525 2100 594; x_wconf 78' lang='lat' dir='ltr'><strong>captis</strong></span> <span class='ocrx_word' id='word_1_16' title='bbox 2133 541 2326 583; x_wconf 89' lang='lat' dir='ltr'><strong>omnes</strong></span> <span class='ocrx_word' id='word_1_17' title='bbox 2369 528 2538 586; x_wconf 76' lang='lat' dir='ltr'><strong>libros</strong></span> <span class='ocrx_word' id='word_1_18' title='bbox 2575 527 2629 585; x_wconf 88' lang='lat' dir='ltr'><strong>in</strong></span> <span class='ocrx_word' id='word_1_19' title='bbox 2663 545 2832 588; x_wconf 87' lang='lat' dir='ltr'><strong>unum</strong></span> <span class='ocrx_word' id='word_1_20' title='bbox 2863 541 3283 607; x_wconf 74' lang='lat' dir='ltr'><strong>congesserunt,</strong></span> <span class='ocrx_word' id='word_1_21' title='bbox 3316 545 3376 592; x_wconf 85' lang='lat' dir='ltr'><strong>ut</strong></span> <span class='ocrx_word' id='word_1_22' title='bbox 3407 552 3504 596; x_wconf 83' lang='lat' dir='ltr'><strong>eos</strong></span> 
     </span>
    </p>
   </div>
   <div class='ocr_carea' id='block_1_6' title="bbox 233 603 1814 683">
    <p class='ocr_par' dir='ltr' id='par_1_6' title="bbox 233 603 1814 683">
     <span class='ocr_line' id='line_1_6' title="bbox 233 603 1814 683; baseline 0.007 -27"><span class='ocrx_word' id='word_1_23' title='bbox 233 604 328 657; x_wconf 74' lang='grc' dir='ltr'>καὶ</span> <span class='ocrx_word' id='word_1_24' title='bbox 356 603 648 674; x_wconf 71' lang='grc' dir='ltr'>ἠϐούλοντο</span> <span class='ocrx_word' id='word_1_25' title='bbox 685 605 911 671; x_wconf 88' lang='grc' dir='ltr'>καῦσαι,</span> <span class='ocrx_word' id='word_1_26' title='bbox 959 609 1008 661; x_wconf 86' lang='grc' dir='ltr'><strong>εἰ</strong></span> <span class='ocrx_word' id='word_1_27' title='bbox 1041 610 1118 676; x_wconf 85' lang='grc' dir='ltr'>μή</span> <span class='ocrx_word' id='word_1_28' title='bbox 1149 626 1234 672; x_wconf 89' lang='grc' dir='ltr'><strong>τις</strong></span> <span class='ocrx_word' id='word_1_29' title='bbox 1272 608 1333 674; x_wconf 76' lang='grc' dir='ltr'><strong>ἐξ</strong></span> <span class='ocrx_word' id='word_1_30' title='bbox 1355 610 1537 664; x_wconf 82' lang='grc' dir='ltr'>αὐτῶν</span> <span class='ocrx_word' id='word_1_31' title='bbox 1567 615 1814 683; x_wconf 83' lang='grc' dir='ltr'>κρεῖττον</span> 
     </span>
    </p>
   </div>
   <div class='ocr_carea' id='block_1_7' title="bbox 230 692 1810 769">
    <p class='ocr_par' dir='ltr' id='par_1_7' title="bbox 230 692 1810 769">
     <span class='ocr_line' id='line_1_7' title="bbox 230 692 1810 769; baseline 0.009 -25"><span class='ocrx_word' id='word_1_32' title='bbox 230 693 340 745; x_wconf 80' lang='grc' dir='ltr'><strong>τῶν</strong></span> <span class='ocrx_word' id='word_1_33' title='bbox 366 692 544 746; x_wconf 76' lang='grc' dir='ltr'>ἄλλων</span> <span class='ocrx_word' id='word_1_34' title='bbox 573 695 712 749; x_wconf 86' lang='grc' dir='ltr'><strong>κατά</strong></span> <span class='ocrx_word' id='word_1_35' title='bbox 743 696 878 751; x_wconf 82' lang='grc' dir='ltr'>πολὺ</span> <span class='ocrx_word' id='word_1_36' title='bbox 916 697 1129 768; x_wconf 78' lang='grc' dir='ltr'>φρονῶν</span> <span class='ocrx_word' id='word_1_37' title='bbox 1157 698 1433 754; x_wconf 80' lang='grc' dir='ltr'><strong>ἐκώλυσεν</strong></span> <span class='ocrx_word' id='word_1_38' title='bbox 1473 703 1693 769; x_wconf 77' lang='grc' dir='ltr'>αὐτοὺς,</span> <span class='ocrx_word' id='word_1_39' title='bbox 1727 706 1810 758; x_wconf 84' lang='grc' dir='ltr'>εἰ·</span> 
     </span>
    </p>
   </div>
   <div class='ocr_carea' id='block_1_8' title="bbox 231 783 1818 863">
    <p class='ocr_par' dir='ltr' id='par_1_8' title="bbox 231 783 1818 863">
     <span class='ocr_line' id='line_1_8' title="bbox 231 783 1818 863; baseline 0.009 -27"><span class='ocrx_word' id='word_1_40' title='bbox 231 783 371 851; x_wconf 81' lang='grc' dir='ltr'>πὼν,</span> <span class='ocrx_word' id='word_1_41' title='bbox 404 786 487 839; x_wconf 84' lang='grc' dir='ltr'>ὅτι</span> <span class='ocrx_word' id='word_1_42' title='bbox 529 788 656 856; x_wconf 80' lang='grc' dir='ltr'>περὶ</span> <span class='ocrx_word' id='word_1_43' title='bbox 694 788 868 842; x_wconf 89' lang='grc' dir='ltr'>ταῦτα</span> <span class='ocrx_word' id='word_1_44' title='bbox 899 790 950 842; x_wconf 77' lang='grc' dir='ltr'><strong>οἱ</strong></span> <span class='ocrx_word' id='word_1_45' title='bbox 1011 790 1270 862; x_wconf 75' lang='grc' dir='ltr'>Ῥωμαῖοι</span> <span class='ocrx_word' id='word_1_46' title='bbox 1313 793 1665 863; x_wconf 73' lang='grc' dir='ltr'><strong>σχολάζοντες</strong></span> <span class='ocrx_word' id='word_1_47' title='bbox 1707 798 1818 851; x_wconf 86' lang='grc' dir='ltr'><strong>τῶν</strong></span> 
     </span>
    </p>
   </div>
   <div class='ocr_carea' id='block_1_9' title="bbox 231 875 1818 958">
    <p class='ocr_par' dir='ltr' id='par_1_9' title="bbox 231 875 1818 958">
     <span class='ocr_line' id='line_1_9' title="bbox 231 875 1818 958; baseline 0.009 -30"><span class='ocrx_word' id='word_1_48' title='bbox 231 876 484 947; x_wconf 81' lang='grc' dir='ltr'>πολέμων</span> <span class='ocrx_word' id='word_1_49' title='bbox 514 877 830 948; x_wconf 83' lang='grc' dir='ltr'>ἀμελοῦσιν.</span> <span class='ocrx_word' id='word_1_50' title='bbox 860 875 1032 945; x_wconf 76' lang='grc' dir='ltr'>Οὗτος</span> <span class='ocrx_word' id='word_1_51' title='bbox 1067 883 1406 954; x_wconf 68' lang='grc' dir='ltr'>Αὑρηλιανδν</span> <span class='ocrx_word' id='word_1_52' title='bbox 1437 888 1516 950; x_wconf 90' lang='grc' dir='ltr'><strong>εἰς</strong></span> <span class='ocrx_word' id='word_1_53' title='bbox 1539 890 1637 958; x_wconf 76' lang='grc' dir='ltr'>τήν</span> <span class='ocrx_word' id='word_1_54' title='bbox 1667 887 1818 958; x_wconf 79' lang='grc' dir='ltr'>βασι-</span> 
     </span>
    </p>
   </div>
   <div class='ocr_carea' id='block_1_10' title="bbox 229 968 1029 1046">
    <p class='ocr_par' dir='ltr' id='par_1_10' title="bbox 229 968 1029 1046">
     <span class='ocr_line' id='line_1_10' title="bbox 229 968 1029 1046; baseline 0.013 -27"><span class='ocrx_word' id='word_1_55' title='bbox 229 968 382 1022; x_wconf 87' lang='grc' dir='ltr'>λείαν</span> <span class='ocrx_word' id='word_1_56' title='bbox 424 971 756 1039; x_wconf 82' lang='grc' dir='ltr'>προαγαγὼν</span> <span class='ocrx_word' id='word_1_57' title='bbox 785 972 1029 1046; x_wconf 76' lang='grc' dir='ltr'>τελευτᾷ.</span> 
     </span>
    </p>
   </div>
   <div class='ocr_carea' id='block_1_11' title="bbox 302 1059 1818 1142">
    <p class='ocr_par' dir='ltr' id='par_1_11' title="bbox 302 1059 1818 1142">
     <span class='ocr_line' id='line_1_11' title="bbox 302 1059 1818 1142; baseline 0.009 -31"><span class='ocrx_word' id='word_1_58' title='bbox 302 1059 659 1126; x_wconf 80' lang='grc' dir='ltr'>Κυντιλιανδς</span> <span class='ocrx_word' id='word_1_59' title='bbox 690 1063 918 1134; x_wconf 67' lang='grc' dir='ltr'>ἀδελφὸς</span> <span class='ocrx_word' id='word_1_60' title='bbox 965 1067 1236 1122; x_wconf 73' lang='grc' dir='ltr'><strong>Κλαυδίου</strong></span> <span class='ocrx_word' id='word_1_61' title='bbox 1287 1070 1644 1125; x_wconf 81' lang='grc' dir='ltr'>ἐϐασίλευσεν</span> <span class='ocrx_word' id='word_1_62' title='bbox 1681 1072 1818 1142; x_wconf 77' lang='grc' dir='ltr'><strong>ἡμέ-</strong></span> 
     </span>
    </p>
   </div>
   <div class='ocr_carea' id='block_1_12' title="bbox 230 1151 1818 1235">
    <p class='ocr_par' dir='ltr' id='par_1_12' title="bbox 230 1151 1818 1235">
     <span class='ocr_line' id='line_1_12' title="bbox 230 1151 1818 1235; baseline 0.009 -32"><span class='ocrx_word' id='word_1_63' title='bbox 230 1169 335 1221; x_wconf 83' lang='grc' dir='ltr'><strong>ρας</strong></span> <span class='ocrx_word' id='word_1_64' title='bbox 366 1151 432 1216; x_wconf 74' lang='grc' dir='ltr'><strong>ζ’.</strong></span> <span class='ocrx_word' id='word_1_65' title='bbox 470 1155 691 1226; x_wconf 74' lang='grc' dir='ltr'>Ἐπειδὴ</span> <span class='ocrx_word' id='word_1_66' title='bbox 729 1160 838 1229; x_wconf 74' lang='grc' dir='ltr'><strong>γὰρ</strong></span> <span class='ocrx_word' id='word_1_67' title='bbox 865 1158 1006 1228; x_wconf 79' lang='grc' dir='ltr'>ἔγνω</span> <span class='ocrx_word' id='word_1_68' title='bbox 1032 1162 1372 1231; x_wconf 71' lang='grc' dir='ltr'>Αὑρηλιανδν</span> <span class='ocrx_word' id='word_1_69' title='bbox 1405 1165 1662 1234; x_wconf 77' lang='grc' dir='ltr'>ἐπιϐῆναι</span> <span class='ocrx_word' id='word_1_70' title='bbox 1689 1167 1818 1235; x_wconf 83' lang='grc' dir='ltr'><strong>μὲλ-</strong></span> 
     </span>
    </p>
   </div>
   <div class='ocr_carea' id='block_1_13' title="bbox 227 1242 1814 1326">
    <p class='ocr_par' dir='ltr' id='par_1_13' title="bbox 227 1242 1814 1326">
     <span class='ocr_line' id='line_1_13' title="bbox 227 1242 1814 1326; baseline 0.011 -33"><span class='ocrx_word' id='word_1_71' title='bbox 227 1242 392 1298; x_wconf 82' lang='grc' dir='ltr'>λοντα</span> <span class='ocrx_word' id='word_1_72' title='bbox 447 1249 510 1317; x_wconf 79' lang='grc' dir='ltr'>τῇ</span> <span class='ocrx_word' id='word_1_73' title='bbox 580 1248 870 1320; x_wconf 84' lang='grc' dir='ltr'>Ῥωμαίων</span> <span class='ocrx_word' id='word_1_74' title='bbox 922 1252 1090 1323; x_wconf 84' lang='grc' dir='ltr'>ἀρχῇ,</span> <span class='ocrx_word' id='word_1_75' title='bbox 1155 1255 1349 1308; x_wconf 78' lang='grc' dir='ltr'>ἑαυτὸν</span> <span class='ocrx_word' id='word_1_76' title='bbox 1403 1257 1668 1326; x_wconf 74' lang='grc' dir='ltr'><strong>ὑπεξάγει</strong></span> <span class='ocrx_word' id='word_1_77' title='bbox 1719 1259 1814 1311; x_wconf 87' lang='grc' dir='ltr'><strong>τοῦ</strong></span> 
     </span>
    </p>
   </div>
   <div class='ocr_carea' id='block_1_14' title="bbox 229 1336 1812 1421">
    <p class='ocr_par' dir='ltr' id='par_1_14' title="bbox 229 1336 1812 1421">
     <span class='ocr_line' id='line_1_14' title="bbox 229 1336 1812 1421; baseline 0.009 -34"><span class='ocrx_word' id='word_1_78' title='bbox 229 1336 374 1404; x_wconf 76' lang='grc' dir='ltr'>βίου,</span> <span class='ocrx_word' id='word_1_79' title='bbox 397 1338 498 1407; x_wconf 82' lang='grc' dir='ltr'>τὴν</span> <span class='ocrx_word' id='word_1_80' title='bbox 524 1339 696 1407; x_wconf 80' lang='grc' dir='ltr'>φλέϐα</span> <span class='ocrx_word' id='word_1_81' title='bbox 730 1343 960 1413; x_wconf 76' lang='grc' dir='ltr'>τμηθεὶς</span> <span class='ocrx_word' id='word_1_82' title='bbox 979 1345 1079 1414; x_wconf 79' lang='grc' dir='ltr'>τῆς</span> <span class='ocrx_word' id='word_1_83' title='bbox 1103 1346 1286 1416; x_wconf 80' lang='grc' dir='ltr'>χειρὸς</span> <span class='ocrx_word' id='word_1_84' title='bbox 1309 1347 1413 1401; x_wconf 84' lang='grc' dir='ltr'><strong>ὑπό</strong></span> <span class='ocrx_word' id='word_1_85' title='bbox 1436 1366 1579 1413; x_wconf 87' lang='grc' dir='ltr'>τινος</span> <span class='ocrx_word' id='word_1_86' title='bbox 1602 1351 1812 1421; x_wconf 84' lang='grc' dir='ltr'>ἰατροῦ,</span> 
     </span>
    </p>
   </div>
   <div class='ocr_carea' id='block_1_15' title="bbox 229 1427 1291 1506">
    <p class='ocr_par' dir='ltr' id='par_1_15' title="bbox 229 1427 1291 1506">
     <span class='ocr_line' id='line_1_15' title="bbox 229 1427 1291 1506; baseline 0.01 -26"><span class='ocrx_word' id='word_1_87' title='bbox 229 1430 428 1498; x_wconf 79' lang='grc' dir='ltr'><strong>μέχρις</strong></span> <span class='ocrx_word' id='word_1_88' title='bbox 454 1427 514 1486; x_wconf 77' lang='grc' dir='ltr'>οῦ</span> <span class='ocrx_word' id='word_1_89' title='bbox 549 1432 959 1506; x_wconf 63' lang='grc' dir='ltr'>λειποῴυχήσας</span> <span class='ocrx_word' id='word_1_90' title='bbox 993 1438 1291 1493; x_wconf 83' lang='grc' dir='ltr'>ἀπέθανεν.</span> 
     </span>
    </p>
   </div>
   <div class='ocr_carea' id='block_1_16' title="bbox 298 1523 1804 1605">
    <p class='ocr_par' dir='ltr' id='par_1_16' title="bbox 298 1523 1804 1605">
     <span class='ocr_line' id='line_1_16' title="bbox 298 1523 1804 1605; baseline 0.011 -31"><span class='ocrx_word' id='word_1_91' title='bbox 298 1523 640 1596; x_wconf 77' lang='grc' dir='ltr'>Αὐρηλιανδς</span> <span class='ocrx_word' id='word_1_92' title='bbox 664 1525 1015 1581; x_wconf 84' lang='grc' dir='ltr'>ἐϐασίλευσεν</span> <span class='ocrx_word' id='word_1_93' title='bbox 1049 1529 1144 1600; x_wconf 79' lang='grc' dir='ltr'>ἔτη</span> <span class='ocrx_word' id='word_1_94' title='bbox 1191 1537 1264 1596; x_wconf 70' lang='grc' dir='ltr'><strong>τ’,</strong></span> <span class='ocrx_word' id='word_1_95' title='bbox 1309 1533 1549 1605; x_wconf 77' lang='grc' dir='ltr'><strong>ἀνῃρέθη</strong></span> <span class='ocrx_word' id='word_1_96' title='bbox 1586 1536 1642 1589; x_wconf 87' lang='grc' dir='ltr'><strong>δέ</strong></span> <span class='ocrx_word' id='word_1_97' title='bbox 1702 1538 1804 1590; x_wconf 78' lang='grc' dir='ltr'><strong>ὑπὸ</strong></span> 
     </span>
    </p>
   </div>
   <div class='ocr_carea' id='block_1_17' title="bbox 226 1618 1814 1702">
    <p class='ocr_par' dir='ltr' id='par_1_17' title="bbox 226 1618 1814 1702">
     <span class='ocr_line' id='line_1_17' title="bbox 226 1618 1814 1702; baseline 0.01 -35"><span class='ocrx_word' id='word_1_98' title='bbox 226 1618 579 1684; x_wconf 79' lang='grc' dir='ltr'><strong>στρατιωτῶν</strong></span> <span class='ocrx_word' id='word_1_99' title='bbox 606 1621 808 1688; x_wconf 75' lang='grc' dir='ltr'>μεταξὺ</span> <span class='ocrx_word' id='word_1_100' title='bbox 844 1623 1171 1692; x_wconf 82' lang='grc' dir='ltr'>Ἡρακλείας</span> <span class='ocrx_word' id='word_1_101' title='bbox 1204 1627 1297 1681; x_wconf 69' lang='grc' dir='ltr'>καὶ</span> <span class='ocrx_word' id='word_1_102' title='bbox 1319 1628 1636 1694; x_wconf 77' lang='grc' dir='ltr'><strong>Βυζαντίου,</strong></span> <span class='ocrx_word' id='word_1_103' title='bbox 1657 1633 1714 1683; x_wconf 83' lang='grc' dir='ltr'><strong>ἐν</strong></span> <span class='ocrx_word' id='word_1_104' title='bbox 1737 1633 1814 1702; x_wconf 80' lang='grc' dir='ltr'>τῷ</span> 
     </span>
    </p>
   </div>
   <div class='ocr_carea' id='block_1_18' title="bbox 222 1710 1813 1793">
    <p class='ocr_par' dir='ltr' id='par_1_18' title="bbox 222 1710 1813 1793">
     <span class='ocr_line' id='line_1_18' title="bbox 222 1710 1813 1793; baseline 0.011 -34"><span class='ocrx_word' id='word_1_105' title='bbox 222 1710 549 1779; x_wconf 81' lang='grc' dir='ltr'><strong>καλουμένῳ</strong></span> <span class='ocrx_word' id='word_1_106' title='bbox 569 1713 756 1784; x_wconf 81' lang='grc' dir='ltr'>Καινῷ</span> <span class='ocrx_word' id='word_1_107' title='bbox 777 1717 1044 1786; x_wconf 72' lang='grc' dir='ltr'>φρουρίῳ,</span> <span class='ocrx_word' id='word_1_108' title='bbox 1065 1717 1202 1788; x_wconf 78' lang='grc' dir='ltr'>ὅπερ</span> <span class='ocrx_word' id='word_1_109' title='bbox 1224 1720 1506 1789; x_wconf 80' lang='grc' dir='ltr'>ἐγχωρίως</span> <span class='ocrx_word' id='word_1_110' title='bbox 1525 1723 1813 1793; x_wconf 80' lang='grc' dir='ltr'><strong>Κενοφλώ-</strong></span> 
     </span>
    </p>
   </div>
   <div class='ocr_carea' id='block_1_19' title="bbox 227 1801 1809 1882">
    <p class='ocr_par' dir='ltr' id='par_1_19' title="bbox 227 1801 1809 1882">
     <span class='ocr_line' id='line_1_19' title="bbox 227 1801 1809 1882; baseline 0.012 -32"><span class='ocrx_word' id='word_1_111' title='bbox 227 1818 344 1870; x_wconf 70' lang='grc' dir='ltr'>ριον</span> <span class='ocrx_word' id='word_1_112' title='bbox 378 1801 616 1870; x_wconf 81' lang='grc' dir='ltr'>λέγεται,</span> <span class='ocrx_word' id='word_1_113' title='bbox 645 1803 772 1876; x_wconf 76' lang='grc' dir='ltr'>Εἶχε</span> <span class='ocrx_word' id='word_1_114' title='bbox 807 1809 918 1875; x_wconf 80' lang='grc' dir='ltr'>γὰρ</span> <span class='ocrx_word' id='word_1_115' title='bbox 933 1808 1287 1882; x_wconf 79' lang='grc' dir='ltr'>ὠτακουστὴν</span> <span class='ocrx_word' id='word_1_116' title='bbox 1307 1813 1643 1882; x_wconf 75' lang='grc' dir='ltr'>Αὑρηλιανός</span> <span class='ocrx_word' id='word_1_117' title='bbox 1665 1833 1809 1880; x_wconf 86' lang='grc' dir='ltr'>τινα,</span> 
     </span>
    </p>
   </div>
   <div class='ocr_carea' id='block_1_20' title="bbox 1922 616 3504 702">
    <p class='ocr_par' dir='ltr' id='par_1_20' title="bbox 1922 616 3504 702">
     <span class='ocr_line' id='line_1_20' title="bbox 1922 616 3504 702; baseline 0.014 -32"><span class='ocrx_word' id='word_1_118' title='bbox 1922 616 2328 674; x_wconf 87' lang='lat' dir='ltr'><strong>comburerent.</strong></span> <span class='ocrx_word' id='word_1_119' title='bbox 2364 620 2470 676; x_wconf 85' lang='lat' dir='ltr'><strong>Sed</strong></span> <span class='ocrx_word' id='word_1_120' title='bbox 2504 621 2572 676; x_wconf 84' lang='lat' dir='ltr'><strong>ab</strong></span> <span class='ocrx_word' id='word_1_121' title='bbox 2602 623 2708 679; x_wconf 92' lang='lat' dir='ltr'><strong>hoc</strong></span> <span class='ocrx_word' id='word_1_122' title='bbox 2737 641 2832 681; x_wconf 88' lang='lat' dir='ltr'><strong>eos</strong></span> <span class='ocrx_word' id='word_1_123' title='bbox 2866 629 3098 684; x_wconf 85' lang='lat' dir='ltr'><strong>consilio</strong></span> <span class='ocrx_word' id='word_1_124' title='bbox 3118 629 3341 702; x_wconf 82' lang='lat' dir='ltr'><strong>quidam</strong></span> <span class='ocrx_word' id='word_1_125' title='bbox 3371 631 3504 691; x_wconf 87' lang='lat' dir='ltr'><strong>reti.-</strong></span> 
     </span>
    </p>
   </div>
   <div class='ocr_carea' id='block_1_21' title="bbox 1922 705 3507 789">
    <p class='ocr_par' dir='ltr' id='par_1_21' title="bbox 1922 705 3507 789">
     <span class='ocr_line' id='line_1_21' title="bbox 1922 705 3507 789; baseline 0.011 -32"><span class='ocrx_word' id='word_1_126' title='bbox 1922 705 2047 772; x_wconf 88' lang='lat' dir='ltr'><strong>quis</strong></span> <span class='ocrx_word' id='word_1_127' title='bbox 2109 707 2267 777; x_wconf 79' lang='lat' dir='ltr'><strong>longe</strong></span> <span class='ocrx_word' id='word_1_128' title='bbox 2331 711 2654 780; x_wconf 77' lang='lat' dir='ltr'><strong>prudentior</strong></span> <span class='ocrx_word' id='word_1_129' title='bbox 2721 715 3003 779; x_wconf 82' lang='lat' dir='ltr'><strong>detraxit,</strong></span> <span class='ocrx_word' id='word_1_130' title='bbox 3070 721 3218 789; x_wconf 77' lang='lat' dir='ltr'><strong>quod</strong></span> <span class='ocrx_word' id='word_1_131' title='bbox 3293 721 3507 777; x_wconf 68' lang='lat' dir='ltr'><strong>diceret</strong></span> 
     </span>
    </p>
   </div>
   <div class='ocr_carea' id='block_1_22' title="bbox 1922 797 3500 884">
    <p class='ocr_par' dir='ltr' id='par_1_22' title="bbox 1922 797 3500 884">
     <span class='ocr_line' id='line_1_22' title="bbox 1922 797 3500 884; baseline 0.013 -34"><span class='ocrx_word' id='word_1_132' title='bbox 1922 797 2204 856; x_wconf 83' lang='lat' dir='ltr'><strong>Romanos</strong></span> <span class='ocrx_word' id='word_1_133' title='bbox 2243 801 2394 859; x_wconf 82' lang='lat' dir='ltr'><strong>libris</strong></span> <span class='ocrx_word' id='word_1_134' title='bbox 2431 806 2646 862; x_wconf 88' lang='lat' dir='ltr'><strong>deditos</strong></span> <span class='ocrx_word' id='word_1_135' title='bbox 2679 808 2929 863; x_wconf 80' lang='lat' dir='ltr'><strong>bellicam</strong></span> <span class='ocrx_word' id='word_1_136' title='bbox 2975 826 3090 865; x_wconf 88' lang='lat' dir='ltr'><strong>rem</strong></span> <span class='ocrx_word' id='word_1_137' title='bbox 3132 814 3500 884; x_wconf 78' lang='lat' dir='ltr'><strong>neglecturus.</strong></span> 
     </span>
    </p>
   </div>
   <div class='ocr_carea' id='block_1_23' title="bbox 1923 888 3498 977">
    <p class='ocr_par' dir='ltr' id='par_1_23' title="bbox 1923 888 3498 977">
     <span class='ocr_line' id='line_1_23' title="bbox 1923 888 3498 977; baseline 0.013 -36"><span class='ocrx_word' id='word_1_138' title='bbox 1923 888 2174 945; x_wconf 75' lang='lat' dir='ltr'><strong>Mortuus</strong></span> <span class='ocrx_word' id='word_1_139' title='bbox 2206 899 2312 956; x_wconf 91' lang='lat' dir='ltr'><strong>cst,</strong></span> <span class='ocrx_word' id='word_1_140' title='bbox 2348 908 2669 952; x_wconf 84' lang='lat' dir='ltr'><strong>successore</strong></span> <span class='ocrx_word' id='word_1_141' title='bbox 2705 900 3010 956; x_wconf 79' lang='lat' dir='ltr'><strong>Aureliano</strong></span> <span class='ocrx_word' id='word_1_142' title='bbox 3040 901 3146 958; x_wconf 82' lang='lat' dir='ltr'><strong>sibi</strong></span> <span class='ocrx_word' id='word_1_143' title='bbox 3192 905 3498 977; x_wconf 76' lang='lat' dir='ltr'><strong>designato.</strong></span> 
     </span>
    </p>
   </div>
   <div class='ocr_carea' id='block_1_24' title="bbox 1991 1063 3504 1147">
    <p class='ocr_par' dir='ltr' id='par_1_24' title="bbox 1991 1063 3504 1147">
     <span class='ocr_line' id='line_1_24' title="bbox 1991 1063 3504 1147; baseline 0.015 -32"><span class='ocrx_word' id='word_1_144' title='bbox 1991 1063 2370 1128; x_wconf 77' lang='lat' dir='ltr'><strong>Quintilianus</strong></span> <span class='ocrx_word' id='word_1_145' title='bbox 2414 1067 2628 1124; x_wconf 81' lang='lat' dir='ltr'><strong>Claudii</strong></span> <span class='ocrx_word' id='word_1_146' title='bbox 2681 1071 2848 1128; x_wconf 78' lang='lat' dir='ltr'><strong>frater</strong></span> <span class='ocrx_word' id='word_1_147' title='bbox 2879 1077 3166 1147; x_wconf 86' lang='lat' dir='ltr'><strong>imperium</strong></span> <span class='ocrx_word' id='word_1_148' title='bbox 3202 1077 3322 1134; x_wconf 77' lang='lat' dir='ltr'><strong>dies</strong></span> <span class='ocrx_word' id='word_1_149' title='bbox 3349 1081 3381 1133; x_wconf 85' lang='lat'><strong>7</strong></span> <span class='ocrx_word' id='word_1_150' title='bbox 3422 1089 3504 1136; x_wconf 83' lang='lat' dir='ltr'><strong>te-</strong></span> 
     </span>
    </p>
   </div>
   <div class='ocr_carea' id='block_1_25' title="bbox 1918 1159 3502 1244">
    <p class='ocr_par' dir='ltr' id='par_1_25' title="bbox 1918 1159 3502 1244">
     <span class='ocr_line' id='line_1_25' title="bbox 1918 1159 3502 1244; baseline 0.013 -34"><span class='ocrx_word' id='word_1_151' title='bbox 1918 1159 2055 1211; x_wconf 83' lang='lat' dir='ltr'><strong>nuit.</strong></span> <span class='ocrx_word' id='word_1_152' title='bbox 2089 1159 2213 1225; x_wconf 85' lang='lat' dir='ltr'><strong>Qui,</strong></span> <span class='ocrx_word' id='word_1_153' title='bbox 2241 1178 2364 1216; x_wconf 90' lang='lat' dir='ltr'><strong>cum</strong></span> <span class='ocrx_word' id='word_1_154' title='bbox 2397 1164 2611 1218; x_wconf 83' lang='lat' dir='ltr'><strong>audiret</strong></span> <span class='ocrx_word' id='word_1_155' title='bbox 2640 1165 2992 1224; x_wconf 82' lang='lat' dir='ltr'><strong>Aurelianum</strong></span> <span class='ocrx_word' id='word_1_156' title='bbox 3031 1173 3098 1227; x_wconf 83' lang='lat' dir='ltr'><strong>ad</strong></span> <span class='ocrx_word' id='word_1_157' title='bbox 3123 1173 3502 1244; x_wconf 83' lang='lat' dir='ltr'><strong>occupandum</strong></span> 
     </span>
    </p>
   </div>
   <div class='ocr_carea' id='block_1_26' title="bbox 1919 1249 3502 1333">
    <p class='ocr_par' dir='ltr' id='par_1_26' title="bbox 1919 1249 3502 1333">
     <span class='ocr_line' id='line_1_26' title="bbox 1919 1249 3502 1333; baseline 0.013 -31"><span class='ocrx_word' id='word_1_158' title='bbox 1919 1249 2209 1318; x_wconf 88' lang='lat' dir='ltr'><strong>itnperium</strong></span> <span class='ocrx_word' id='word_1_159' title='bbox 2235 1255 2548 1320; x_wconf 80' lang='lat' dir='ltr'><strong>adventare,</strong></span> <span class='ocrx_word' id='word_1_160' title='bbox 2582 1274 2642 1313; x_wconf 87' lang='lat' dir='ltr'><strong>se</strong></span> <span class='ocrx_word' id='word_1_161' title='bbox 2675 1261 2850 1328; x_wconf 87' lang='lat' dir='ltr'><strong>ipsum</strong></span> <span class='ocrx_word' id='word_1_162' title='bbox 2898 1263 3005 1316; x_wconf 83' lang='lat' dir='ltr'><strong>vita</strong></span> <span class='ocrx_word' id='word_1_163' title='bbox 3049 1265 3304 1333; x_wconf 74' lang='lat' dir='ltr'><strong>privavit,</strong></span> <span class='ocrx_word' id='word_1_164' title='bbox 3363 1283 3502 1324; x_wconf 81' lang='lat' dir='ltr'><strong>vena</strong></span> 
     </span>
    </p>
   </div>
   <div class='ocr_carea' id='block_1_27' title="bbox 1920 1340 3503 1422">
    <p class='ocr_par' dir='ltr' id='par_1_27' title="bbox 1920 1340 3503 1422">
     <span class='ocr_line' id='line_1_27' title="bbox 1920 1340 3503 1422; baseline 0.012 -28"><span class='ocrx_word' id='word_1_165' title='bbox 1920 1340 2130 1396; x_wconf 83' lang='lat' dir='ltr'><strong>brachii</strong></span> <span class='ocrx_word' id='word_1_166' title='bbox 2160 1359 2187 1396; x_wconf 91' lang='lat' dir='ltr'><strong>a</strong></span> <span class='ocrx_word' id='word_1_167' title='bbox 2216 1347 2430 1401; x_wconf 83' lang='lat' dir='ltr'><strong>medico</strong></span> <span class='ocrx_word' id='word_1_168' title='bbox 2463 1350 2639 1404; x_wconf 83' lang='lat' dir='ltr'><strong>secari</strong></span> <span class='ocrx_word' id='word_1_169' title='bbox 2668 1351 2843 1416; x_wconf 82' lang='lat' dir='ltr'><strong>jussa,</strong></span> <span class='ocrx_word' id='word_1_170' title='bbox 2891 1369 3068 1422; x_wconf 88' lang='lat' dir='ltr'><strong>neque</strong></span> <span class='ocrx_word' id='word_1_171' title='bbox 3107 1355 3340 1411; x_wconf 87' lang='lat' dir='ltr'><strong>inhibito</strong></span> <span class='ocrx_word' id='word_1_172' title='bbox 3373 1374 3503 1414; x_wconf 83' lang='lat' dir='ltr'><strong>san-</strong></span> 
     </span>
    </p>
   </div>
   <div class='ocr_carea' id='block_1_28' title="bbox 1915 1433 3140 1513">
    <p class='ocr_par' dir='ltr' id='par_1_28' title="bbox 1915 1433 3140 1513">
     <span class='ocr_line' id='line_1_28' title="bbox 1915 1433 3140 1513; baseline 0.017 -31"><span class='ocrx_word' id='word_1_173' title='bbox 1915 1433 2104 1504; x_wconf 69' lang='lat' dir='ltr'><strong>guine,</strong></span> <span class='ocrx_word' id='word_1_174' title='bbox 2141 1445 2198 1488; x_wconf 92' lang='lat' dir='ltr'><strong>ut</strong></span> <span class='ocrx_word' id='word_1_175' title='bbox 2233 1451 2298 1490; x_wconf 84' lang='lat' dir='ltr'><strong>ex</strong></span> <span class='ocrx_word' id='word_1_176' title='bbox 2331 1439 2496 1493; x_wconf 91' lang='lat' dir='ltr'><strong>animi</strong></span> <span class='ocrx_word' id='word_1_177' title='bbox 2525 1441 2768 1513; x_wconf 85' lang='lat' dir='ltr'><strong>deliquio</strong></span> <span class='ocrx_word' id='word_1_178' title='bbox 2810 1456 3140 1504; x_wconf 79' lang='lat' dir='ltr'><strong>moreretur.</strong></span> 
     </span>
    </p>
   </div>
   <div class='ocr_carea' id='block_1_29' title="bbox 1984 1523 3502 1602">
    <p class='ocr_par' dir='ltr' id='par_1_29' title="bbox 1984 1523 3502 1602">
     <span class='ocr_line' id='line_1_29' title="bbox 1984 1523 3502 1602; baseline 0.014 -24"><span class='ocrx_word' id='word_1_179' title='bbox 1984 1523 2145 1596; x_wconf 59' lang='lat'><strong>5,55</strong></span> <span class='ocrx_word' id='word_1_180' title='bbox 2167 1527 2497 1586; x_wconf 82' lang='lat' dir='ltr'><strong>Aurelianus</strong></span> <span class='ocrx_word' id='word_1_181' title='bbox 2521 1533 2804 1602; x_wconf 83' lang='lat' dir='ltr'><strong>imperavit</strong></span> <span class='ocrx_word' id='word_1_182' title='bbox 2822 1552 2994 1592; x_wconf 90' lang='lat' dir='ltr'><strong>annos</strong></span> <span class='ocrx_word' id='word_1_183' title='bbox 3024 1553 3141 1594; x_wconf 81' lang='lat' dir='ltr'><strong>sex.</strong></span> <span class='ocrx_word' id='word_1_184' title='bbox 3165 1539 3402 1598; x_wconf 80' lang='lat' dir='ltr'><strong>Necatus</strong></span> <span class='ocrx_word' id='word_1_185' title='bbox 3416 1553 3502 1600; x_wconf 85' lang='lat' dir='ltr'><strong>est</strong></span> 
     </span>
    </p>
   </div>
   <div class='ocr_carea' id='block_1_30' title="bbox 1916 1617 3502 1701">
    <p class='ocr_par' dir='ltr' id='par_1_30' title="bbox 1916 1617 3502 1701">
     <span class='ocr_line' id='line_1_30' title="bbox 1916 1617 3502 1701; baseline 0.016 -35"><span class='ocrx_word' id='word_1_186' title='bbox 1916 1629 1944 1666; x_wconf 90' lang='lat' dir='ltr'><strong>a</strong></span> <span class='ocrx_word' id='word_1_187' title='bbox 1978 1617 2244 1674; x_wconf 83' lang='lat' dir='ltr'><strong>militibus</strong></span> <span class='ocrx_word' id='word_1_188' title='bbox 2290 1622 2433 1676; x_wconf 85' lang='lat' dir='ltr'><strong>inter</strong></span> <span class='ocrx_word' id='word_1_189' title='bbox 2471 1621 2783 1680; x_wconf 85' lang='lat' dir='ltr'><strong>Heracleam</strong></span> <span class='ocrx_word' id='word_1_190' title='bbox 2827 1640 2878 1682; x_wconf 85' lang='lat' dir='ltr'><strong>et</strong></span> <span class='ocrx_word' id='word_1_191' title='bbox 2921 1629 3260 1701; x_wconf 85' lang='lat' dir='ltr'><strong>Byzantium,</strong></span> <span class='ocrx_word' id='word_1_192' title='bbox 3296 1636 3502 1691; x_wconf 87' lang='lat' dir='ltr'><strong>inloco</strong></span> 
     </span>
    </p>
   </div>
   <div class='ocr_carea' id='block_1_31' title="bbox 1916 1707 3498 1795">
    <p class='ocr_par' dir='ltr' id='par_1_31' title="bbox 1916 1707 3498 1795">
     <span class='ocr_line' id='line_1_31' title="bbox 1916 1707 3498 1795; baseline 0.014 -37"><span class='ocrx_word' id='word_1_193' title='bbox 1916 1708 2010 1776; x_wconf 85' lang='lat' dir='ltr'><strong>qui</strong></span> <span class='ocrx_word' id='word_1_194' title='bbox 2044 1707 2250 1764; x_wconf 84' lang='lat' dir='ltr'><strong>Novum</strong></span> <span class='ocrx_word' id='word_1_195' title='bbox 2281 1722 2548 1777; x_wconf 81' lang='lat' dir='ltr'><strong>castrum,</strong></span> <span class='ocrx_word' id='word_1_196' title='bbox 2577 1717 2818 1786; x_wconf 86' lang='lat' dir='ltr'><strong>ipsorum</strong></span> <span class='ocrx_word' id='word_1_197' title='bbox 2853 1722 3034 1792; x_wconf 77' lang='lat' dir='ltr'><strong>lingua</strong></span> <span class='ocrx_word' id='word_1_198' title='bbox 3068 1726 3498 1795; x_wconf 78' lang='lat' dir='ltr'><strong>Kenophtorium</strong></span> 
     </span>
    </p>
   </div>
   <div class='ocr_carea' id='block_1_32' title="bbox 1917 1799 3501 1887">
    <p class='ocr_par' dir='ltr' id='par_1_32' title="bbox 1917 1799 3501 1887">
     <span class='ocr_line' id='line_1_32' title="bbox 1917 1799 3501 1887; baseline 0.014 -35"><span class='ocrx_word' id='word_1_199' title='bbox 1917 1799 2140 1853; x_wconf 88' lang='lat' dir='ltr'><strong>dicitur.</strong></span> <span class='ocrx_word' id='word_1_200' title='bbox 2183 1801 2427 1856; x_wconf 84' lang='lat' dir='ltr'><strong>Habebat</strong></span> <span class='ocrx_word' id='word_1_201' title='bbox 2476 1807 2803 1864; x_wconf 81' lang='lat' dir='ltr'><strong>Aurelianus</strong></span> <span class='ocrx_word' id='word_1_202' title='bbox 2853 1816 3278 1872; x_wconf 82' lang='lat' dir='ltr'><strong>auscultatorem</strong></span> <span class='ocrx_word' id='word_1_203' title='bbox 3304 1834 3501 1887; x_wconf 51' lang='lat' dir='ltr'><strong>qucmé</strong></span> 
     </span>
    </p>
   </div>
   <div class='ocr_carea' id='block_1_33' title="bbox 221 1888 1898 1977">
    <p class='ocr_par' dir='ltr' id='par_1_33' title="bbox 221 1893 1887 1977">
     <span class='ocr_line' id='line_1_33' title="bbox 221 1893 1887 1977; baseline 0.01 -33"><span class='ocrx_word' id='word_1_204' title='bbox 221 1893 280 1952; x_wconf 77' lang='lat'><strong>6;</strong></span> <span class='ocrx_word' id='word_1_205' title='bbox 312 1894 580 1966; x_wconf 77' lang='grc' dir='ltr'><strong>ἀνέφερεν</strong></span> <span class='ocrx_word' id='word_1_206' title='bbox 610 1897 760 1967; x_wconf 72' lang='grc' dir='ltr'>αὐτῷ</span> <span class='ocrx_word' id='word_1_207' title='bbox 793 1901 972 1953; x_wconf 73' lang='grc' dir='ltr'>πάντα</span> <span class='ocrx_word' id='word_1_208' title='bbox 1004 1901 1073 1954; x_wconf 82' lang='grc' dir='ltr'><strong>τὰ</strong></span> <span class='ocrx_word' id='word_1_209' title='bbox 1099 1903 1360 1972; x_wconf 82' lang='grc' dir='ltr'>γινόμενα</span> <span class='ocrx_word' id='word_1_210' title='bbox 1395 1908 1489 1959; x_wconf 80' lang='grc' dir='ltr'>καὶ</span> <span class='ocrx_word' id='word_1_211' title='bbox 1517 1908 1807 1977; x_wconf 75' lang='grc' dir='ltr'>λεγόμενα.</span> <span class='ocrx_word' id='word_1_212' title='bbox 1840 1907 1887 1967; x_wconf 87' lang='grc' dir='ltr'><strong>Β</strong></span> 
     </span>
    </p>
   </div>
   <div class='ocr_carea' id='block_1_34' title="bbox 1826 1888 3503 1977">
    <p class='ocr_par' dir='ltr' id='par_1_34' title="bbox 1840 1888 3503 1976">
     <span class='ocr_line' id='line_1_34' title="bbox 1840 1888 3503 1976; baseline 0.014 -35"><span class='ocrx_word' id='word_1_213' title='bbox 1840 1907 1887 1967; x_wconf 77' lang='grc' dir='ltr'><strong>Β</strong></span> <span class='ocrx_word' id='word_1_214' title='bbox 1919 1888 2063 1956; x_wconf 90' lang='lat' dir='ltr'><strong>dam,</strong></span> <span class='ocrx_word' id='word_1_215' title='bbox 2104 1894 2194 1962; x_wconf 88' lang='lat' dir='ltr'><strong>qui</strong></span> <span class='ocrx_word' id='word_1_216' title='bbox 2221 1896 2402 1948; x_wconf 82' lang='lat' dir='ltr'><strong>omnia</strong></span> <span class='ocrx_word' id='word_1_217' title='bbox 2436 1900 2501 1949; x_wconf 86' lang='lat' dir='ltr'><strong>ad</strong></span> <span class='ocrx_word' id='word_1_218' title='bbox 2536 1898 2709 1968; x_wconf 83' lang='lat' dir='ltr'><strong>ipsum</strong></span> <span class='ocrx_word' id='word_1_219' title='bbox 2745 1903 3024 1960; x_wconf 78' lang='lat' dir='ltr'><strong>deferebat</strong></span> <span class='ocrx_word' id='word_1_220' title='bbox 3054 1924 3174 1976; x_wconf 74' lang='lat' dir='ltr'><strong>qua:</strong></span> <span class='ocrx_word' id='word_1_221' title='bbox 3199 1910 3503 1964; x_wconf 78' lang='lat' dir='ltr'><strong>tierentaut</strong></span> 
     </span>
    </p>
   </div>
   <div class='ocr_carea' id='block_1_35' title="bbox 234 1985 1813 2064">
    <p class='ocr_par' dir='ltr' id='par_1_35' title="bbox 234 1985 1813 2064">
     <span class='ocr_line' id='line_1_35' title="bbox 234 1985 1813 2064; baseline 0.009 -26"><span class='ocrx_word' id='word_1_222' title='bbox 234 1986 580 2054; x_wconf 69' lang='grc' dir='ltr'>’Λπειληθεὶς</span> <span class='ocrx_word' id='word_1_223' title='bbox 609 1985 703 2043; x_wconf 72' lang='grc' dir='ltr'><strong>οὖν</strong></span> <span class='ocrx_word' id='word_1_224' title='bbox 729 2008 857 2044; x_wconf 83' lang='grc' dir='ltr'>ποτε</span> <span class='ocrx_word' id='word_1_225' title='bbox 890 1993 1022 2064; x_wconf 83' lang='grc' dir='ltr'>παρ’</span> <span class='ocrx_word' id='word_1_226' title='bbox 1054 1995 1221 2048; x_wconf 81' lang='grc' dir='ltr'>αὐτοῦ</span> <span class='ocrx_word' id='word_1_227' title='bbox 1250 1996 1336 2050; x_wconf 81' lang='grc' dir='ltr'>διά</span> <span class='ocrx_word' id='word_1_228' title='bbox 1361 2014 1481 2051; x_wconf 84' lang='grc' dir='ltr'>τινα</span> <span class='ocrx_word' id='word_1_229' title='bbox 1507 1999 1688 2052; x_wconf 79' lang='grc' dir='ltr'>αἰτίαν</span> <span class='ocrx_word' id='word_1_230' title='bbox 1719 2001 1813 2053; x_wconf 73' lang='grc' dir='ltr'>καὶ</span> 
     </span>
    </p>
   </div>
   <div class='ocr_carea' id='block_1_36' title="bbox 227 2077 1809 2157">
    <p class='ocr_par' dir='ltr' id='par_1_36' title="bbox 227 2077 1809 2157">
     <span class='ocr_line' id='line_1_36' title="bbox 227 2077 1809 2157; baseline 0.009 -29"><span class='ocrx_word' id='word_1_231' title='bbox 227 2077 494 2148; x_wconf 64' lang='grc' dir='ltr'>φοϐηθεὶς</span> <span class='ocrx_word' id='word_1_232' title='bbox 542 2082 853 2150; x_wconf 80' lang='grc' dir='ltr'><strong>ἐμιμήσατο</strong></span> <span class='ocrx_word' id='word_1_233' title='bbox 887 2085 987 2154; x_wconf 80' lang='grc' dir='ltr'>τὴν</span> <span class='ocrx_word' id='word_1_234' title='bbox 1041 2089 1200 2157; x_wconf 82' lang='grc' dir='ltr'>χεῖρα</span> <span class='ocrx_word' id='word_1_235' title='bbox 1239 2088 1334 2140; x_wconf 86' lang='grc' dir='ltr'><strong>τοῦ</strong></span> <span class='ocrx_word' id='word_1_236' title='bbox 1395 2089 1681 2157; x_wconf 78' lang='grc' dir='ltr'>βασιλέως,</span> <span class='ocrx_word' id='word_1_237' title='bbox 1719 2095 1809 2145; x_wconf 80' lang='grc' dir='ltr'>καὶ</span> 
     </span>
    </p>
   </div>
   <div class='ocr_carea' id='block_1_37' title="bbox 221 2171 1814 2248">
    <p class='ocr_par' dir='ltr' id='par_1_37' title="bbox 221 2171 1814 2248">
     <span class='ocr_line' id='line_1_37' title="bbox 221 2171 1814 2248; baseline 0.01 -27"><span class='ocrx_word' id='word_1_238' title='bbox 221 2171 526 2242; x_wconf 71' lang='grc' dir='ltr'>ἐγγράφως</span> <span class='ocrx_word' id='word_1_239' title='bbox 556 2177 932 2246; x_wconf 76' lang='grc' dir='ltr'><strong>ποιησαμένου</strong></span> <span class='ocrx_word' id='word_1_240' title='bbox 961 2177 1259 2248; x_wconf 75' lang='grc' dir='ltr'><strong>ὀνομασίας</strong></span> <span class='ocrx_word' id='word_1_241' title='bbox 1295 2181 1577 2236; x_wconf 77' lang='grc' dir='ltr'>δυναστῶν</span> <span class='ocrx_word' id='word_1_242' title='bbox 1615 2183 1688 2247; x_wconf 85' lang='grc' dir='ltr'>ὼς</span> <span class='ocrx_word' id='word_1_243' title='bbox 1721 2186 1814 2237; x_wconf 75' lang='grc' dir='ltr'>ἐπὶ</span> 
     </span>
    </p>
   </div>
   <div class='ocr_carea' id='block_1_38' title="bbox 223 2261 1813 2342">
    <p class='ocr_par' dir='ltr' id='par_1_38' title="bbox 223 2261 1813 2342">
     <span class='ocr_line' id='line_1_38' title="bbox 223 2261 1813 2342; baseline 0.01 -29"><span class='ocrx_word' id='word_1_244' title='bbox 223 2261 461 2318; x_wconf 75' lang='grc' dir='ltr'>θάνατον</span> <span class='ocrx_word' id='word_1_245' title='bbox 505 2266 916 2337; x_wconf 81' lang='grc' dir='ltr'>ἀχθησομὲνων,</span> <span class='ocrx_word' id='word_1_246' title='bbox 973 2265 1122 2324; x_wconf 73' lang='grc' dir='ltr'>οὗτοι</span> <span class='ocrx_word' id='word_1_247' title='bbox 1205 2273 1535 2342; x_wconf 80' lang='grc' dir='ltr'>φοϐηθέντες</span> <span class='ocrx_word' id='word_1_248' title='bbox 1604 2277 1813 2330; x_wconf 82' lang='grc' dir='ltr'>ἀνεῖλον</span> 
     </span>
    </p>
   </div>
   <div class='ocr_carea' id='block_1_39' title="bbox 222 2353 1812 2436">
    <p class='ocr_par' dir='ltr' id='par_1_39' title="bbox 222 2353 1812 2436">
     <span class='ocr_line' id='line_1_39' title="bbox 222 2353 1812 2436; baseline 0.034 -32"><span class='ocrx_word' id='word_1_249' title='bbox 222 2353 413 2408; x_wconf 73' lang='grc' dir='ltr'>αὐτόν.</span> <span class='ocrx_word' id='word_1_250' title='bbox 471 2355 594 2408; x_wconf 82' lang='grc' dir='ltr'>Ἑπί</span> <span class='ocrx_word' id='word_1_251' title='bbox 648 2357 841 2410; x_wconf 78' lang='grc' dir='ltr'>τούτου</span> <span class='ocrx_word' id='word_1_252' title='bbox 883 2361 911 2412; x_wconf 82' lang='grc' dir='ltr'>ὀ</span> <span class='ocrx_word' id='word_1_253' title='bbox 962 2360 1119 2426; x_wconf 74' lang='grc' dir='ltr'>ἅγιος</span> <span class='ocrx_word' id='word_1_254' title='bbox 1168 2363 1425 2432; x_wconf 69' lang='grc' dir='ltr'><strong>Χαρίτων</strong></span> <span class='ocrx_word' id='word_1_255' title='bbox 1470 2365 1812 2436; x_wconf 60' lang='grc' dir='ltr'><strong>ὡμολόγησε⁹</strong></span> 
     </span>
    </p>
   </div>
   <div class='ocr_carea' id='block_1_40' title="bbox 222 2445 1816 2528">
    <p class='ocr_par' dir='ltr' id='par_1_40' title="bbox 222 2445 1816 2528">
     <span class='ocr_line' id='line_1_40' title="bbox 222 2445 1816 2528; baseline 0.011 -32"><span class='ocrx_word' id='word_1_256' title='bbox 222 2445 318 2498; x_wconf 69' lang='grc' dir='ltr'><strong>καὶ</strong></span> <span class='ocrx_word' id='word_1_257' title='bbox 345 2446 555 2512; x_wconf 77' lang='grc' dir='ltr'><strong>Παῦλος</strong></span> <span class='ocrx_word' id='word_1_258' title='bbox 609 2451 637 2502; x_wconf 83' lang='grc' dir='ltr'>ὁ</span> <span class='ocrx_word' id='word_1_259' title='bbox 686 2449 1035 2520; x_wconf 79' lang='grc' dir='ltr'>Σαμοσατεὺς</span> <span class='ocrx_word' id='word_1_260' title='bbox 1083 2454 1178 2507; x_wconf 87' lang='grc' dir='ltr'><strong>τοῦ</strong></span> <span class='ocrx_word' id='word_1_261' title='bbox 1231 2454 1422 2526; x_wconf 80' lang='grc' dir='ltr'>θρόνου</span> <span class='ocrx_word' id='word_1_262' title='bbox 1485 2459 1816 2528; x_wconf 80' lang='grc' dir='ltr'>Ἀντιοχείας</span> 
     </span>
    </p>
   </div>
   <div class='ocr_carea' id='block_1_41' title="bbox 224 2537 1814 2622">
    <p class='ocr_par' dir='ltr' id='par_1_41' title="bbox 224 2537 1814 2622">
     <span class='ocr_line' id='line_1_41' title="bbox 224 2537 1814 2622; baseline 0.011 -33"><span class='ocrx_word' id='word_1_263' title='bbox 224 2537 599 2609; x_wconf 77' lang='grc' dir='ltr'>καθαιρεῖται.</span> <span class='ocrx_word' id='word_1_264' title='bbox 648 2542 765 2610; x_wconf 70' lang='grc' dir='ltr'><strong>Ἐφ’</strong></span> <span class='ocrx_word' id='word_1_265' title='bbox 812 2537 872 2596; x_wconf 70' lang='grc' dir='ltr'>οὗ</span> <span class='ocrx_word' id='word_1_266' title='bbox 909 2547 1100 2616; x_wconf 75' lang='grc' dir='ltr'>Μάνης</span> <span class='ocrx_word' id='word_1_267' title='bbox 1131 2547 1157 2598; x_wconf 71' lang='grc' dir='ltr'><strong>δ</strong></span> <span class='ocrx_word' id='word_1_268' title='bbox 1197 2549 1389 2617; x_wconf 81' lang='grc' dir='ltr'>μιαρὸς</span> <span class='ocrx_word' id='word_1_269' title='bbox 1424 2553 1518 2603; x_wconf 72' lang='grc' dir='ltr'>καὶ</span> <span class='ocrx_word' id='word_1_270' title='bbox 1554 2569 1814 2622; x_wconf 86' lang='grc' dir='ltr'>τρισκατ-</span> 
     </span>
    </p>
   </div>
   <div class='ocr_carea' id='block_1_42' title="bbox 225 2630 1817 2713">
    <p class='ocr_par' dir='ltr' id='par_1_42' title="bbox 225 2630 1817 2713">
     <span class='ocr_line' id='line_1_42' title="bbox 225 2630 1817 2713; baseline 0.011 -31"><span class='ocrx_word' id='word_1_271' title='bbox 225 2630 432 2699; x_wconf 80' lang='grc' dir='ltr'>άρατος</span> <span class='ocrx_word' id='word_1_272' title='bbox 465 2634 674 2704; x_wconf 80' lang='grc' dir='ltr'>ἀνεφύη</span> <span class='ocrx_word' id='word_1_273' title='bbox 705 2677 718 2701; x_wconf 88' lang='grc'><strong>,</strong></span> <span class='ocrx_word' id='word_1_274' title='bbox 744 2637 978 2705; x_wconf 65' lang='grc' dir='ltr'>Χριστὸν</span> <span class='ocrx_word' id='word_1_275' title='bbox 1009 2640 1202 2692; x_wconf 75' lang='grc' dir='ltr'>ἑαυτὸν</span> <span class='ocrx_word' id='word_1_276' title='bbox 1253 2641 1347 2693; x_wconf 72' lang='grc' dir='ltr'>καὶ</span> <span class='ocrx_word' id='word_1_277' title='bbox 1396 2642 1615 2712; x_wconf 79' lang='grc' dir='ltr'>Πνεῦμα</span> <span class='ocrx_word' id='word_1_278' title='bbox 1663 2647 1817 2713; x_wconf 76' lang='grc' dir='ltr'>ἅγιον</span> 
     </span>
    </p>
   </div>
   <div class='ocr_carea' id='block_1_43' title="bbox 226 2721 1816 2801">
    <p class='ocr_par' dir='ltr' id='par_1_43' title="bbox 226 2721 1816 2801">
     <span class='ocr_line' id='line_1_43' title="bbox 226 2721 1816 2801; baseline 0.012 -29"><span class='ocrx_word' id='word_1_279' title='bbox 226 2721 664 2790; x_wconf 69' lang='grc' dir='ltr'>μορφαςόμενος.</span> <span class='ocrx_word' id='word_1_280' title='bbox 701 2725 796 2778; x_wconf 77' lang='grc' dir='ltr'>καὶ</span> <span class='ocrx_word' id='word_1_281' title='bbox 853 2728 918 2779; x_wconf 82' lang='grc' dir='ltr'><strong>ἐκ</strong></span> <span class='ocrx_word' id='word_1_282' title='bbox 977 2729 1153 2800; x_wconf 75' lang='grc' dir='ltr'>πάσης</span> <span class='ocrx_word' id='word_1_283' title='bbox 1183 2732 1454 2801; x_wconf 76' lang='grc' dir='ltr'>αἱρέσεως</span> <span class='ocrx_word' id='word_1_284' title='bbox 1480 2735 1534 2786; x_wconf 84' lang='grc' dir='ltr'>εἴ</span> <span class='ocrx_word' id='word_1_285' title='bbox 1553 2754 1603 2788; x_wconf 84' lang='grc' dir='ltr'><strong>τι</strong></span> <span class='ocrx_word' id='word_1_286' title='bbox 1648 2740 1816 2790; x_wconf 73' lang='grc' dir='ltr'>κακὸν</span> 
     </span>
    </p>
   </div>
   <div class='ocr_carea' id='block_1_44' title="bbox 221 2811 1818 2900">
    <p class='ocr_par' dir='ltr' id='par_1_44' title="bbox 221 2811 1818 2900">
     <span class='ocr_line' id='line_1_44' title="bbox 221 2811 1818 2900; baseline 0.014 -40"><span class='ocrx_word' id='word_1_287' title='bbox 221 2811 649 2880; x_wconf 70' lang='grc' dir='ltr'>ἐρανιζόμενος,</span> <span class='ocrx_word' id='word_1_288' title='bbox 683 2816 746 2868; x_wconf 83' lang='grc' dir='ltr'><strong>ἐκ</strong></span> <span class='ocrx_word' id='word_1_289' title='bbox 796 2817 1052 2887; x_wconf 71' lang='grc' dir='ltr'>Περσίδος</span> <span class='ocrx_word' id='word_1_290' title='bbox 1107 2824 1184 2883; x_wconf 77' lang='grc' dir='ltr'><strong>εἰς</strong></span> <span class='ocrx_word' id='word_1_291' title='bbox 1246 2822 1342 2892; x_wconf 71' lang='grc' dir='ltr'>τὴν</span> <span class='ocrx_word' id='word_1_292' title='bbox 1393 2823 1677 2896; x_wconf 85' lang='grc' dir='ltr'>Ῥωμαίων</span> <span class='ocrx_word' id='word_1_293' title='bbox 1713 2832 1818 2900; x_wconf 74' lang='grc' dir='ltr'>γῆν</span> 
     </span>
    </p>
   </div>
   <div class='ocr_carea' id='block_1_45' title="bbox 223 2903 1269 2983">
    <p class='ocr_par' dir='ltr' id='par_1_45' title="bbox 223 2903 1269 2983">
     <span class='ocr_line' id='line_1_45' title="bbox 223 2903 1269 2983; baseline 0.011 -29"><span class='ocrx_word' id='word_1_294' title='bbox 223 2903 370 2956; x_wconf 70' lang='grc' dir='ltr'>κατὰ</span> <span class='ocrx_word' id='word_1_295' title='bbox 400 2903 534 2957; x_wconf 88' lang='grc' dir='ltr'>Θεοῦ</span> <span class='ocrx_word' id='word_1_296' title='bbox 556 2906 904 2978; x_wconf 80' lang='grc' dir='ltr'>συγχώρησιν</span> <span class='ocrx_word' id='word_1_297' title='bbox 928 2911 1269 2983; x_wconf 73' lang='grc' dir='ltr'>είσέφρησεν.</span> 
     </span>
    </p>
   </div>
   <div class='ocr_carea' id='block_1_46' title="bbox 291 3072 1814 3159">
    <p class='ocr_par' dir='ltr' id='par_1_46' title="bbox 291 3072 1814 3159">
     <span class='ocr_line' id='line_1_46' title="bbox 291 3072 1814 3159; baseline 0.014 -29"><span class='ocrx_word' id='word_1_298' title='bbox 291 3072 468 3143; x_wconf 76' lang='grc' dir='ltr'>Οὗτος</span> <span class='ocrx_word' id='word_1_299' title='bbox 498 3080 590 3134; x_wconf 84' lang='grc' dir='ltr'><strong>οὖν</strong></span> <span class='ocrx_word' id='word_1_300' title='bbox 616 3081 644 3131; x_wconf 77' lang='grc' dir='ltr'><em>ὁ</em></span> <span class='ocrx_word' id='word_1_301' title='bbox 681 3085 941 3154; x_wconf 80' lang='grc' dir='ltr'>μεμηνὼς</span> <span class='ocrx_word' id='word_1_302' title='bbox 963 3087 1176 3153; x_wconf 77' lang='grc' dir='ltr'>Μάνης.</span> <span class='ocrx_word' id='word_1_303' title='bbox 1207 3092 1233 3142; x_wconf 86' lang='grc' dir='ltr'>ὁ</span> <span class='ocrx_word' id='word_1_304' title='bbox 1267 3094 1356 3145; x_wconf 67' lang='grc' dir='ltr'><strong>καὶ</strong></span> <span class='ocrx_word' id='word_1_305' title='bbox 1393 3093 1689 3159; x_wconf 82' lang='grc' dir='ltr'>Σκυοιανὺς</span> <span class='ocrx_word' id='word_1_306' title='bbox 1725 3098 1814 3150; x_wconf 88' lang='grc' dir='ltr'><strong>λε-</strong></span> 
     </span>
    </p>
   </div>
   <div class='ocr_carea' id='block_1_47' title="bbox 225 3171 1812 3248">
    <p class='ocr_par' dir='ltr' id='par_1_47' title="bbox 225 3171 1812 3248">
     <span class='ocr_line' id='line_1_47' title="bbox 225 3171 1812 3248; baseline 0.014 -27"><span class='ocrx_word' id='word_1_307' title='bbox 225 3171 487 3240; x_wconf 85' lang='grc' dir='ltr'>γόμενος,</span> <span class='ocrx_word' id='word_1_308' title='bbox 545 3172 877 3245; x_wconf 82' lang='grc' dir='ltr'>Βραχμάνης</span> <span class='ocrx_word' id='word_1_309' title='bbox 918 3175 986 3247; x_wconf 85' lang='grc' dir='ltr'>ἦν</span> <span class='ocrx_word' id='word_1_310' title='bbox 1054 3181 1114 3232; x_wconf 73' lang='grc' dir='ltr'>τὸ</span> <span class='ocrx_word' id='word_1_311' title='bbox 1155 3182 1332 3248; x_wconf 83' lang='grc' dir='ltr'>γένος,</span> <span class='ocrx_word' id='word_1_312' title='bbox 1381 3185 1702 3241; x_wconf 82' lang='grc' dir='ltr'>διδάσκαλον</span> <span class='ocrx_word' id='word_1_313' title='bbox 1759 3193 1812 3243; x_wconf 82' lang='grc' dir='ltr'>δὲ</span> 
     </span>
    </p>
   </div>
   <div class='ocr_carea' id='block_1_48' title="bbox 222 3245 1885 3346">
    <p class='ocr_par' dir='ltr' id='par_1_48' title="bbox 222 3245 1885 3346">
     <span class='ocr_line' id='line_1_48' title="bbox 222 3245 1885 3346; baseline 0.013 -33"><span class='ocrx_word' id='word_1_314' title='bbox 222 3260 350 3329; x_wconf 72' lang='grc' dir='ltr'>ισχε</span> <span class='ocrx_word' id='word_1_315' title='bbox 383 3261 588 3317; x_wconf 78' lang='grc' dir='ltr'>Βούδαν</span> <span class='ocrx_word' id='word_1_316' title='bbox 624 3267 716 3318; x_wconf 82' lang='grc' dir='ltr'>τὸν</span> <span class='ocrx_word' id='word_1_317' title='bbox 751 3266 942 3338; x_wconf 77' lang='grc' dir='ltr'>πρώην</span> <span class='ocrx_word' id='word_1_318' title='bbox 986 3271 1321 3340; x_wconf 83' lang='grc' dir='ltr'>καλούμενον</span> <span class='ocrx_word' id='word_1_319' title='bbox 1371 3277 1712 3346; x_wconf 77' lang='grc' dir='ltr'>Τερὲϐινοον,</span> <span class='ocrx_word' id='word_1_320' title='bbox 1752 3282 1808 3345; x_wconf 76' lang='grc' dir='ltr'>ὃς</span> <span class='ocrx_word' id='word_1_321' title='bbox 1842 3245 1885 3307; x_wconf 80' lang='lat' dir='ltr'><strong>C</strong></span> 
     </span>
    </p>
   </div>
   <div class='ocr_carea' id='block_1_49' title="bbox 221 3353 1808 3437">
    <p class='ocr_par' dir='ltr' id='par_1_49' title="bbox 221 3353 1808 3437">
     <span class='ocr_line' id='line_1_49' title="bbox 221 3353 1808 3437; baseline 0.014 -33"><span class='ocrx_word' id='word_1_322' title='bbox 221 3353 536 3418; x_wconf 72' lang='grc' dir='ltr'>παιδευθεὶς</span> <span class='ocrx_word' id='word_1_323' title='bbox 588 3356 692 3408; x_wconf 70' lang='grc' dir='ltr'>ὑπὸ</span> <span class='ocrx_word' id='word_1_324' title='bbox 735 3357 1035 3414; x_wconf 80' lang='grc' dir='ltr'>Σκυθιανοῦ</span> <span class='ocrx_word' id='word_1_325' title='bbox 1059 3365 1126 3416; x_wconf 72' lang='grc' dir='ltr'>τὰ</span> <span class='ocrx_word' id='word_1_326' title='bbox 1173 3364 1442 3435; x_wconf 79' lang='grc' dir='ltr'>Ἑλλήνων</span> <span class='ocrx_word' id='word_1_327' title='bbox 1493 3369 1808 3437; x_wconf 71' lang='grc' dir='ltr'>δοξάζοντος</span> 
     </span>
    </p>
   </div>
   <div class='ocr_carea' id='block_1_50' title="bbox 222 3444 1806 3534">
    <p class='ocr_par' dir='ltr' id='par_1_50' title="bbox 222 3444 1806 3534">
     <span class='ocr_line' id='line_1_50' title="bbox 222 3444 1806 3534; baseline 0.016 -40"><span class='ocrx_word' id='word_1_328' title='bbox 222 3444 322 3512; x_wconf 79' lang='grc' dir='ltr'>τὴν</span> <span class='ocrx_word' id='word_1_329' title='bbox 389 3446 818 3514; x_wconf 83' lang='grc' dir='ltr'><strong>Ἐμπεδοκλέους</strong></span> <span class='ocrx_word' id='word_1_330' title='bbox 870 3453 1158 3522; x_wconf 80' lang='grc' dir='ltr'>ἠγάπησεν</span> <span class='ocrx_word' id='word_1_331' title='bbox 1205 3459 1439 3528; x_wconf 71' lang='grc' dir='ltr'>αἵρεσιν,</span> <span class='ocrx_word' id='word_1_332' title='bbox 1491 3463 1582 3515; x_wconf 85' lang='grc' dir='ltr'><strong>δύο</strong></span> <span class='ocrx_word' id='word_1_333' title='bbox 1632 3466 1806 3534; x_wconf 76' lang='grc' dir='ltr'>ἀρχὰς</span> 
     </span>
    </p>
   </div>
   <div class='ocr_carea' id='block_1_51' title="bbox 221 3535 1809 3627">
    <p class='ocr_par' dir='ltr' id='par_1_51' title="bbox 221 3535 1809 3627">
     <span class='ocr_line' id='line_1_51' title="bbox 221 3535 1809 3627; baseline 0.014 -39"><span class='ocrx_word' id='word_1_334' title='bbox 221 3535 477 3603; x_wconf 79' lang='grc' dir='ltr'>λέγοντος</span> <span class='ocrx_word' id='word_1_335' title='bbox 511 3541 894 3613; x_wconf 80' lang='grc' dir='ltr'>ἀντικειμένας</span> <span class='ocrx_word' id='word_1_336' title='bbox 923 3548 1205 3615; x_wconf 76' lang='grc' dir='ltr'>ἀλλήλαις,</span> <span class='ocrx_word' id='word_1_337' title='bbox 1223 3552 1479 3606; x_wconf 82' lang='grc' dir='ltr'>εἰσελθὼν</span> <span class='ocrx_word' id='word_1_338' title='bbox 1500 3555 1554 3607; x_wconf 81' lang='grc' dir='ltr'>δὲ</span> <span class='ocrx_word' id='word_1_339' title='bbox 1579 3558 1635 3607; x_wconf 85' lang='grc' dir='ltr'><strong>ἐν</strong></span> <span class='ocrx_word' id='word_1_340' title='bbox 1669 3558 1809 3627; x_wconf 87' lang='grc' dir='ltr'>Περ-</span> 
     </span>
    </p>
   </div>
   <div class='ocr_carea' id='block_1_52' title="bbox 225 3625 1807 3712">
    <p class='ocr_par' dir='ltr' id='par_1_52' title="bbox 225 3625 1807 3712">
     <span class='ocr_line' id='line_1_52' title="bbox 225 3625 1807 3712; baseline 0.015 -34"><span class='ocrx_word' id='word_1_341' title='bbox 225 3625 330 3678; x_wconf 86' lang='grc' dir='ltr'>σίδι</span> <span class='ocrx_word' id='word_1_342' title='bbox 368 3630 432 3679; x_wconf 79' lang='grc' dir='ltr'><strong>ἐκ</strong></span> <span class='ocrx_word' id='word_1_343' title='bbox 454 3630 725 3697; x_wconf 82' lang='grc' dir='ltr'>παρθένου</span> <span class='ocrx_word' id='word_1_344' title='bbox 767 3633 964 3689; x_wconf 79' lang='grc' dir='ltr'>ἑαυτὸν</span> <span class='ocrx_word' id='word_1_345' title='bbox 988 3637 1192 3707; x_wconf 65' lang='grc' dir='ltr'>ἐυασκε</span> <span class='ocrx_word' id='word_1_346' title='bbox 1227 3643 1588 3712; x_wconf 81' lang='grc' dir='ltr'>γεγεννῆσθαι</span> <span class='ocrx_word' id='word_1_347' title='bbox 1623 3649 1715 3698; x_wconf 72' lang='grc' dir='ltr'>καὶ</span> <span class='ocrx_word' id='word_1_348' title='bbox 1749 3651 1807 3701; x_wconf 85' lang='grc' dir='ltr'><strong>ἐν</strong></span> 
     </span>
    </p>
   </div>
   <div class='ocr_carea' id='block_1_53' title="bbox 222 3715 1809 3801">
    <p class='ocr_par' dir='ltr' id='par_1_53' title="bbox 222 3715 1809 3801">
     <span class='ocr_line' id='line_1_53' title="bbox 222 3715 1809 3801; baseline 0.013 -36"><span class='ocrx_word' id='word_1_349' title='bbox 222 3717 334 3777; x_wconf 85' lang='grc' dir='ltr'>τοῖς</span> <span class='ocrx_word' id='word_1_350' title='bbox 363 3715 552 3786; x_wconf 78' lang='grc' dir='ltr'>ὄρεσιν</span> <span class='ocrx_word' id='word_1_351' title='bbox 582 3719 985 3792; x_wconf 73' lang='grc' dir='ltr'>ἁνατραφῆναι.</span> <span class='ocrx_word' id='word_1_352' title='bbox 1013 3727 1120 3779; x_wconf 77' lang='grc' dir='ltr'><strong>Καὶ</strong></span> <span class='ocrx_word' id='word_1_353' title='bbox 1146 3730 1613 3799; x_wconf 70' lang='grc' dir='ltr'>συγγραψάμενος</span> <span class='ocrx_word' id='word_1_354' title='bbox 1633 3733 1809 3801; x_wconf 86' lang='grc' dir='ltr'>βιϐλία</span> 
     </span>
    </p>
   </div>
   <div class='ocr_carea' id='block_1_54' title="bbox 223 3807 1808 3891">
    <p class='ocr_par' dir='ltr' id='par_1_54' title="bbox 223 3807 1808 3891">
     <span class='ocr_line' id='line_1_54' title="bbox 223 3807 1808 3891; baseline 0.013 -32"><span class='ocrx_word' id='word_1_355' title='bbox 223 3807 470 3879; x_wconf 80' lang='grc' dir='ltr'>τέσσαρα</span> <span class='ocrx_word' id='word_1_356' title='bbox 495 3812 558 3864; x_wconf 87' lang='grc' dir='ltr'>τὸ</span> <span class='ocrx_word' id='word_1_357' title='bbox 585 3813 682 3881; x_wconf 87' lang='grc' dir='ltr'><strong>μέν</strong></span> <span class='ocrx_word' id='word_1_358' title='bbox 707 3817 1029 3886; x_wconf 79' lang='grc' dir='ltr'>ἐπωνόμασε</span> <span class='ocrx_word' id='word_1_359' title='bbox 1058 3819 1164 3872; x_wconf 83' lang='grc' dir='ltr'><strong>τῶν</strong></span> <span class='ocrx_word' id='word_1_360' title='bbox 1201 3825 1540 3891; x_wconf 80' lang='grc' dir='ltr'>μυστηρίων,</span> <span class='ocrx_word' id='word_1_361' title='bbox 1574 3826 1636 3876; x_wconf 76' lang='grc' dir='ltr'>τὸ</span> <span class='ocrx_word' id='word_1_362' title='bbox 1658 3826 1714 3878; x_wconf 84' lang='grc' dir='ltr'>δὲ</span> <span class='ocrx_word' id='word_1_363' title='bbox 1745 3827 1808 3880; x_wconf 85' lang='grc' dir='ltr'><strong>τδ</strong></span> 
     </span>
    </p>
   </div>
   <div class='ocr_carea' id='block_1_55' title="bbox 223 3899 1807 3986">
    <p class='ocr_par' dir='ltr' id='par_1_55' title="bbox 223 3899 1807 3986">
     <span class='ocr_line' id='line_1_55' title="bbox 223 3899 1807 3986; baseline 0.013 -34"><span class='ocrx_word' id='word_1_364' title='bbox 223 3899 579 3968; x_wconf 77' lang='grc' dir='ltr'>Εὖαγγέλιον,</span> <span class='ocrx_word' id='word_1_365' title='bbox 615 3905 676 3956; x_wconf 84' lang='grc' dir='ltr'>τὸ</span> <span class='ocrx_word' id='word_1_366' title='bbox 719 3905 774 3958; x_wconf 85' lang='grc' dir='ltr'>δὲ</span> <span class='ocrx_word' id='word_1_367' title='bbox 805 3907 912 3960; x_wconf 86' lang='grc' dir='ltr'>τῶν</span> <span class='ocrx_word' id='word_1_368' title='bbox 942 3911 1266 3981; x_wconf 73' lang='grc' dir='ltr'>θησαυρῶν,</span> <span class='ocrx_word' id='word_1_369' title='bbox 1317 3915 1374 3965; x_wconf 66' lang='grc' dir='ltr'>τὸ</span> <span class='ocrx_word' id='word_1_370' title='bbox 1405 3915 1458 3966; x_wconf 75' lang='grc' dir='ltr'>δὲ</span> <span class='ocrx_word' id='word_1_371' title='bbox 1489 3916 1595 3968; x_wconf 80' lang='grc' dir='ltr'><strong>τῶν</strong></span> <span class='ocrx_word' id='word_1_372' title='bbox 1625 3919 1807 3986; x_wconf 68' lang='grc' dir='ltr'>Κεφα-</span> 
     </span>
    </p>
   </div>
   <div class='ocr_carea' id='block_1_56' title="bbox 225 3990 1808 4075">
    <p class='ocr_par' dir='ltr' id='par_1_56' title="bbox 225 3990 1808 4075">
     <span class='ocr_line' id='line_1_56' title="bbox 225 3990 1808 4075; baseline 0.015 -35"><span class='ocrx_word' id='word_1_373' title='bbox 225 3990 412 4044; x_wconf 81' lang='grc' dir='ltr'>λαίων.</span> <span class='ocrx_word' id='word_1_374' title='bbox 453 3993 564 4046; x_wconf 72' lang='grc' dir='ltr'><strong>Καὶ</strong></span> <span class='ocrx_word' id='word_1_375' title='bbox 594 3997 622 4048; x_wconf 87' lang='grc' dir='ltr'><strong>ὁ</strong></span> <span class='ocrx_word' id='word_1_376' title='bbox 685 3997 787 4066; x_wconf 77' lang='grc' dir='ltr'>μὲν</span> <span class='ocrx_word' id='word_1_377' title='bbox 845 3999 1051 4063; x_wconf 83' lang='grc' dir='ltr'>Βούδας</span> <span class='ocrx_word' id='word_1_378' title='bbox 1102 4006 1130 4055; x_wconf 86' lang='grc' dir='ltr'>ὁ</span> <span class='ocrx_word' id='word_1_379' title='bbox 1189 4007 1282 4058; x_wconf 77' lang='grc' dir='ltr'>καὶ</span> <span class='ocrx_word' id='word_1_380' title='bbox 1331 4007 1651 4075; x_wconf 75' lang='grc' dir='ltr'>Τερέϐινθος</span> <span class='ocrx_word' id='word_1_381' title='bbox 1704 4010 1808 4064; x_wconf 79' lang='grc' dir='ltr'><strong>ὑπὸ</strong></span> 
     </span>
    </p>
   </div>
   <div class='ocr_carea' id='block_1_57' title="bbox 226 4087 1805 4173">
    <p class='ocr_par' dir='ltr' id='par_1_57' title="bbox 226 4087 1805 4173">
     <span class='ocr_line' id='line_1_57' title="bbox 226 4087 1805 4173; baseline 0.014 -36"><span class='ocrx_word' id='word_1_382' title='bbox 226 4087 544 4155; x_wconf 81' lang='grc' dir='ltr'>πνεύματος</span> <span class='ocrx_word' id='word_1_383' title='bbox 572 4092 886 4163; x_wconf 82' lang='grc' dir='ltr'>ἀκαθάρτου</span> <span class='ocrx_word' id='word_1_384' title='bbox 925 4098 1236 4167; x_wconf 77' lang='grc' dir='ltr'>συντριϐεὶς</span> <span class='ocrx_word' id='word_1_385' title='bbox 1270 4102 1542 4164; x_wconf 80' lang='grc' dir='ltr'>ἀπώλετο,</span> <span class='ocrx_word' id='word_1_386' title='bbox 1582 4106 1718 4173; x_wconf 81' lang='grc' dir='ltr'>γυνὴ</span> <span class='ocrx_word' id='word_1_387' title='bbox 1749 4107 1805 4160; x_wconf 77' lang='grc' dir='ltr'>δέ</span> 
     </span>
    </p>
   </div>
   <div class='ocr_carea' id='block_1_58' title="bbox 226 4178 1804 4262">
    <p class='ocr_par' dir='ltr' id='par_1_58' title="bbox 226 4178 1804 4262">
     <span class='ocr_line' id='line_1_58' title="bbox 226 4178 1804 4262; baseline 0.011 -30"><span class='ocrx_word' id='word_1_388' title='bbox 226 4197 306 4244; x_wconf 82' lang='grc' dir='ltr'><strong>τις</strong></span> <span class='ocrx_word' id='word_1_389' title='bbox 336 4178 528 4256; x_wconf 81' lang='grc' dir='ltr'>παρ’ᾖ</span> <span class='ocrx_word' id='word_1_390' title='bbox 563 4185 833 4238; x_wconf 83' lang='grc' dir='ltr'>κατέλυσε</span> <span class='ocrx_word' id='word_1_391' title='bbox 870 4190 966 4240; x_wconf 73' lang='grc' dir='ltr'><strong>καὶ</strong></span> <span class='ocrx_word' id='word_1_392' title='bbox 1008 4192 1298 4260; x_wconf 77' lang='grc' dir='ltr'>κατετέθη.</span> <span class='ocrx_word' id='word_1_393' title='bbox 1328 4193 1396 4244; x_wconf 77' lang='grc' dir='ltr'><strong>τὰ</strong></span> <span class='ocrx_word' id='word_1_394' title='bbox 1422 4195 1683 4262; x_wconf 82' lang='grc' dir='ltr'>χρήματα</span> <span class='ocrx_word' id='word_1_395' title='bbox 1710 4200 1804 4250; x_wconf 78' lang='grc' dir='ltr'>καὶ</span> 
     </span>
    </p>
   </div>
   <div class='ocr_carea' id='block_1_59' title="bbox 224 4271 1806 4356">
    <p class='ocr_par' dir='ltr' id='par_1_59' title="bbox 224 4271 1806 4356">
     <span class='ocr_line' id='line_1_59' title="bbox 224 4271 1806 4356; baseline 0.013 -36"><span class='ocrx_word' id='word_1_396' title='bbox 224 4271 320 4333; x_wconf 78' lang='grc' dir='ltr'>τὰς</span> <span class='ocrx_word' id='word_1_397' title='bbox 351 4272 618 4341; x_wconf 84' lang='grc' dir='ltr'>βεϐήλους</span> <span class='ocrx_word' id='word_1_398' title='bbox 652 4275 868 4344; x_wconf 91' lang='grc' dir='ltr'>βίϐλους</span> <span class='ocrx_word' id='word_1_399' title='bbox 898 4278 1355 4350; x_wconf 75' lang='grc' dir='ltr'>κληρονομήσασα</span> <span class='ocrx_word' id='word_1_400' title='bbox 1384 4282 1467 4354; x_wconf 87' lang='grc' dir='ltr'><strong>[Ρ.</strong></span> <span class='ocrx_word' id='word_1_401' title='bbox 1491 4285 1618 4356; x_wconf 71' lang='grc'><strong>260]</strong></span> <span class='ocrx_word' id='word_1_402' title='bbox 1647 4288 1806 4340; x_wconf 83' lang='grc' dir='ltr'><strong>ὠνεῖ-</strong></span> 
     </span>
    </p>
   </div>
   <div class='ocr_carea' id='block_1_60' title="bbox 225 4363 1805 4445">
    <p class='ocr_par' dir='ltr' id='par_1_60' title="bbox 225 4363 1805 4445">
     <span class='ocr_line' id='line_1_60' title="bbox 225 4363 1805 4445; baseline 0.013 -32"><span class='ocrx_word' id='word_1_403' title='bbox 225 4377 313 4416; x_wconf 87' lang='grc' dir='ltr'><strong>ται</strong></span> <span class='ocrx_word' id='word_1_404' title='bbox 343 4363 636 4433; x_wconf 74' lang='grc' dir='ltr'>παιδάριον</span> <span class='ocrx_word' id='word_1_405' title='bbox 665 4367 802 4420; x_wconf 84' lang='grc' dir='ltr'><strong>ἐτῶν</strong></span> <span class='ocrx_word' id='word_1_406' title='bbox 835 4369 977 4422; x_wconf 84' lang='grc' dir='ltr'><strong>ἐπτά</strong></span> <span class='ocrx_word' id='word_1_407' title='bbox 1006 4369 1244 4439; x_wconf 78' lang='grc' dir='ltr'>τοῦνομα</span> <span class='ocrx_word' id='word_1_408' title='bbox 1265 4374 1595 4445; x_wconf 75' lang='grc' dir='ltr'>Κούϐρικον,</span> <span class='ocrx_word' id='word_1_409' title='bbox 1623 4379 1683 4430; x_wconf 86' lang='grc' dir='ltr'>ὃν</span> <span class='ocrx_word' id='word_1_410' title='bbox 1711 4381 1805 4433; x_wconf 76' lang='grc' dir='ltr'>καὶ</span> 
     </span>
    </p>
   </div>
   <div class='ocr_carea' id='block_1_61' title="bbox 223 4448 1806 4542">
    <p class='ocr_par' dir='ltr' id='par_1_61' title="bbox 223 4448 1806 4542">
     <span class='ocr_line' id='line_1_61' title="bbox 223 4448 1806 4542; baseline 0.015 -40"><span class='ocrx_word' id='word_1_411' title='bbox 223 4448 485 4517; x_wconf 74' lang='grc' dir='ltr'>διδάξασα</span> <span class='ocrx_word' id='word_1_412' title='bbox 519 4456 848 4525; x_wconf 76' lang='grc' dir='ltr'>γράμματα,</span> <span class='ocrx_word' id='word_1_413' title='bbox 895 4461 985 4514; x_wconf 75' lang='grc' dir='ltr'>καὶ</span> <span class='ocrx_word' id='word_1_414' title='bbox 1035 4461 1448 4536; x_wconf 71' lang='grc' dir='ltr'>ἐλευθερώσασα</span> <span class='ocrx_word' id='word_1_415' title='bbox 1469 4470 1806 4542; x_wconf 86' lang='grc' dir='ltr'>κληρονόμον</span> 
     </span>
    </p>
   </div>
   <div class='ocr_carea' id='block_1_62' title="bbox 224 4541 1806 4624">
    <p class='ocr_par' dir='ltr' id='par_1_62' title="bbox 224 4541 1806 4624">
     <span class='ocr_line' id='line_1_62' title="bbox 224 4541 1806 4624; baseline 0.015 -31"><span class='ocrx_word' id='word_1_416' title='bbox 224 4541 331 4594; x_wconf 62' lang='grc' dir='ltr'><strong>’,ὧν</strong></span> <span class='ocrx_word' id='word_1_417' title='bbox 365 4544 575 4614; x_wconf 82' lang='grc' dir='ltr'>ἐαυτῆς</span> <span class='ocrx_word' id='word_1_418' title='bbox 604 4547 824 4601; x_wconf 82' lang='grc' dir='ltr'>πάντων</span> <span class='ocrx_word' id='word_1_419' title='bbox 878 4551 1222 4624; x_wconf 87' lang='grc' dir='ltr'>καθίστησιν.</span> <span class='ocrx_word' id='word_1_420' title='bbox 1277 4557 1336 4610; x_wconf 86' lang='grc' dir='ltr'><strong>Ὀ</strong></span> <span class='ocrx_word' id='word_1_421' title='bbox 1391 4559 1445 4611; x_wconf 84' lang='grc' dir='ltr'>δὲ</span> <span class='ocrx_word' id='word_1_422' title='bbox 1507 4541 1806 4618; x_wconf 82' lang='grc' dir='ltr'>λαϐὼντά</span> 
     </span>
    </p>
   </div>
   <div class='ocr_carea' id='block_1_63' title="bbox 229 4632 1802 4727">
    <p class='ocr_par' dir='ltr' id='par_1_63' title="bbox 229 4632 1802 4727">
     <span class='ocr_line' id='line_1_63' title="bbox 229 4632 1802 4727; baseline 0.015 -41"><span class='ocrx_word' id='word_1_423' title='bbox 229 4632 407 4702; x_wconf 77' lang='grc' dir='ltr'>βιϐλία</span> <span class='ocrx_word' id='word_1_424' title='bbox 430 4637 528 4689; x_wconf 87' lang='grc' dir='ltr'><strong>τοῦ</strong></span> <span class='ocrx_word' id='word_1_425' title='bbox 562 4637 732 4692; x_wconf 82' lang='grc' dir='ltr'>Βούδα</span> <span class='ocrx_word' id='word_1_426' title='bbox 762 4641 858 4695; x_wconf 74' lang='grc' dir='ltr'>καὶ</span> <span class='ocrx_word' id='word_1_427' title='bbox 885 4643 952 4696; x_wconf 76' lang='grc' dir='ltr'>τὰ</span> <span class='ocrx_word' id='word_1_428' title='bbox 979 4646 1241 4714; x_wconf 83' lang='grc' dir='ltr'>χρήματα</span> <span class='ocrx_word' id='word_1_429' title='bbox 1267 4648 1522 4721; x_wconf 82' lang='grc' dir='ltr'>διήρχετο</span> <span class='ocrx_word' id='word_1_430' title='bbox 1541 4653 1639 4724; x_wconf 80' lang='grc' dir='ltr'>τὴν</span> <span class='ocrx_word' id='word_1_431' title='bbox 1659 4657 1802 4727; x_wconf 85' lang='grc' dir='ltr'>Περ-</span> 
     </span>
    </p>
   </div>
   <div class='ocr_carea' id='block_1_64' title="bbox 228 4725 1803 4814">
    <p class='ocr_par' dir='ltr' id='par_1_64' title="bbox 228 4725 1803 4814">
     <span class='ocr_line' id='line_1_64' title="bbox 228 4725 1803 4814; baseline 0.014 -36"><span class='ocrx_word' id='word_1_432' title='bbox 228 4725 368 4789; x_wconf 83' lang='grc' dir='ltr'>σίδα,</span> <span class='ocrx_word' id='word_1_433' title='bbox 394 4726 594 4798; x_wconf 76' lang='grc' dir='ltr'>Μάνην</span> <span class='ocrx_word' id='word_1_434' title='bbox 625 4731 822 4786; x_wconf 79' lang='grc' dir='ltr'>ἑαυτὸν</span> <span class='ocrx_word' id='word_1_435' title='bbox 848 4733 1135 4804; x_wconf 76' lang='grc' dir='ltr'>ὀνομάζων</span> <span class='ocrx_word' id='word_1_436' title='bbox 1167 4740 1261 4791; x_wconf 74' lang='grc' dir='ltr'>καὶ</span> <span class='ocrx_word' id='word_1_437' title='bbox 1303 4740 1404 4809; x_wconf 75' lang='grc' dir='ltr'>τῆς</span> <span class='ocrx_word' id='word_1_438' title='bbox 1463 4743 1675 4814; x_wconf 80' lang='grc' dir='ltr'>πλάνης</span> <span class='ocrx_word' id='word_1_439' title='bbox 1709 4725 1803 4800; x_wconf 84' lang='grc' dir='ltr'><strong>τοῦ</strong></span> 
     </span>
    </p>
   </div>
   <div class='ocr_carea' id='block_1_65' title="bbox 229 4817 1803 4908">
    <p class='ocr_par' dir='ltr' id='par_1_65' title="bbox 229 4817 1803 4908">
     <span class='ocr_line' id='line_1_65' title="bbox 229 4817 1803 4908; baseline 0.017 -41"><span class='ocrx_word' id='word_1_440' title='bbox 229 4817 396 4870; x_wconf 72' lang='grc' dir='ltr'>Βοὺδα</span> <span class='ocrx_word' id='word_1_441' title='bbox 434 4820 710 4892; x_wconf 83' lang='grc' dir='ltr'>συνίστωρ</span> <span class='ocrx_word' id='word_1_442' title='bbox 740 4826 1054 4895; x_wconf 80' lang='grc' dir='ltr'>γενόμενος,</span> <span class='ocrx_word' id='word_1_443' title='bbox 1088 4831 1183 4884; x_wconf 69' lang='grc' dir='ltr'>καὶ</span> <span class='ocrx_word' id='word_1_444' title='bbox 1207 4832 1274 4883; x_wconf 77' lang='grc' dir='ltr'><strong>τὰ</strong></span> <span class='ocrx_word' id='word_1_445' title='bbox 1297 4832 1480 4900; x_wconf 88' lang='grc' dir='ltr'>βιϐλία</span> <span class='ocrx_word' id='word_1_446' title='bbox 1512 4841 1803 4908; x_wconf 86' lang='grc' dir='ltr'>πονήματα</span> 
     </span>
    </p>
   </div>
   <div class='ocr_carea' id='block_1_66' title="bbox 227 4908 1804 5002">
    <p class='ocr_par' dir='ltr' id='par_1_66' title="bbox 227 4908 1804 5002">
     <span class='ocr_line' id='line_1_66' title="bbox 227 4908 1804 5002; baseline 0.016 -43"><span class='ocrx_word' id='word_1_447' title='bbox 227 4908 329 4960; x_wconf 80' lang='grc' dir='ltr'>ῐδια</span> <span class='ocrx_word' id='word_1_448' title='bbox 366 4909 559 4981; x_wconf 79' lang='grc' dir='ltr'>ἔλεγεν</span> <span class='ocrx_word' id='word_1_449' title='bbox 595 4909 760 4971; x_wconf 78' lang='grc' dir='ltr'>εἶναι.</span> <span class='ocrx_word' id='word_1_450' title='bbox 799 4918 897 4972; x_wconf 84' lang='grc' dir='ltr'>’ον</span> <span class='ocrx_word' id='word_1_451' title='bbox 942 4921 970 4971; x_wconf 85' lang='grc' dir='ltr'><strong>ὀ</strong></span> <span class='ocrx_word' id='word_1_452' title='bbox 1013 4920 1268 4989; x_wconf 85' lang='grc' dir='ltr'>βασιλεὺς</span> <span class='ocrx_word' id='word_1_453' title='bbox 1305 4925 1529 4994; x_wconf 83' lang='grc' dir='ltr'>Περσῶν</span> <span class='ocrx_word' id='word_1_454' title='bbox 1568 4929 1804 5002; x_wconf 73' lang='grc' dir='ltr'>ἐξέδειρε</span> 
     </span>
    </p>
   </div>
   <div class='ocr_carea' id='block_1_67' title="bbox 227 5000 1801 5090">
    <p class='ocr_par' dir='ltr' id='par_1_67' title="bbox 227 5000 1801 5090">
     <span class='ocr_line' id='line_1_67' title="bbox 227 5000 1801 5090; baseline 0.015 -37"><span class='ocrx_word' id='word_1_455' title='bbox 227 5000 399 5064; x_wconf 78' lang='grc' dir='ltr'>ζῶντα</span> <span class='ocrx_word' id='word_1_456' title='bbox 430 5003 511 5066; x_wconf 79' lang='grc' dir='ltr'>ὡς</span> <span class='ocrx_word' id='word_1_457' title='bbox 542 5005 776 5061; x_wconf 82' lang='grc' dir='ltr'>θανάτου</span> <span class='ocrx_word' id='word_1_458' title='bbox 805 5011 1098 5078; x_wconf 87' lang='grc' dir='ltr'>γενόμενον</span> <span class='ocrx_word' id='word_1_459' title='bbox 1129 5012 1207 5082; x_wconf 82' lang='grc' dir='ltr'><strong>τῷ</strong></span> <span class='ocrx_word' id='word_1_460' title='bbox 1240 5013 1340 5084; x_wconf 85' lang='grc' dir='ltr'><strong>υἱῷ</strong></span> <span class='ocrx_word' id='word_1_461' title='bbox 1396 5017 1561 5071; x_wconf 81' lang='grc' dir='ltr'>αὐτοῦ</span> <span class='ocrx_word' id='word_1_462' title='bbox 1603 5023 1801 5090; x_wconf 83' lang='grc' dir='ltr'>πρόξε-</span> 
     </span>
    </p>
   </div>
   <div class='ocr_carea' id='block_1_68' title="bbox 229 5093 1805 5185">
    <p class='ocr_par' dir='ltr' id='par_1_68' title="bbox 229 5093 1805 5185">
     <span class='ocr_line' id='line_1_68' title="bbox 229 5093 1805 5185; baseline 0.015 -42"><span class='ocrx_word' id='word_1_463' title='bbox 229 5109 339 5142; x_wconf 88' lang='grc' dir='ltr'>νον·</span> <span class='ocrx_word' id='word_1_464' title='bbox 377 5093 478 5149; x_wconf 85' lang='grc' dir='ltr'><strong>τοῦ</strong></span> <span class='ocrx_word' id='word_1_465' title='bbox 508 5095 618 5167; x_wconf 74' lang='grc' dir='ltr'>γὰρ</span> <span class='ocrx_word' id='word_1_466' title='bbox 637 5098 924 5168; x_wconf 83' lang='grc' dir='ltr'>βασιλικοῦ</span> <span class='ocrx_word' id='word_1_467' title='bbox 945 5102 1134 5165; x_wconf 84' lang='grc' dir='ltr'>παιδὸς</span> <span class='ocrx_word' id='word_1_468' title='bbox 1169 5105 1452 5171; x_wconf 85' lang='grc' dir='ltr'>νοσοῦντος</span> <span class='ocrx_word' id='word_1_469' title='bbox 1483 5109 1580 5163; x_wconf 72' lang='grc' dir='ltr'>καὶ</span> <span class='ocrx_word' id='word_1_470' title='bbox 1602 5113 1805 5185; x_wconf 82' lang='grc' dir='ltr'>πολλῆς</span> 
     </span>
    </p>
   </div>
   <div class='ocr_carea' id='block_1_69' title="bbox 231 5181 1804 5268">
    <p class='ocr_par' dir='ltr' id='par_1_69' title="bbox 231 5181 1804 5268">
     <span class='ocr_line' id='line_1_69' title="bbox 231 5181 1804 5268; baseline 0.015 -36"><span class='ocrx_word' id='word_1_471' title='bbox 231 5181 481 5252; x_wconf 75' lang='grc' dir='ltr'>ἰατρικῆς</span> <span class='ocrx_word' id='word_1_472' title='bbox 551 5185 872 5255; x_wconf 76' lang='grc' dir='ltr'>ἐπιμελείας</span> <span class='ocrx_word' id='word_1_473' title='bbox 955 5191 1324 5257; x_wconf 84' lang='grc' dir='ltr'>ἀπολαύοντος</span> <span class='ocrx_word' id='word_1_474' title='bbox 1367 5234 1388 5258; x_wconf 81' lang='lat'><strong>,</strong></span> <span class='ocrx_word' id='word_1_475' title='bbox 1435 5181 1804 5268; x_wconf 72' lang='grc' dir='ltr'>ἐπηγγείλατο</span> 
     </span>
    </p>
   </div>
   <div class='ocr_carea' id='block_1_70' title="bbox 229 5270 1804 5354">
    <p class='ocr_par' dir='ltr' id='par_1_70' title="bbox 229 5270 1804 5354">
     <span class='ocr_line' id='line_1_70' title="bbox 229 5270 1804 5354; baseline 0.018 -32"><span class='ocrx_word' id='word_1_476' title='bbox 229 5270 412 5342; x_wconf 75' lang='grc' dir='ltr'>Μάνης</span> <span class='ocrx_word' id='word_1_477' title='bbox 452 5275 623 5345; x_wconf 76' lang='grc' dir='ltr'>χωρὶς</span> <span class='ocrx_word' id='word_1_478' title='bbox 648 5277 892 5348; x_wconf 76' lang='grc' dir='ltr'>ἰατρείας</span> <span class='ocrx_word' id='word_1_479' title='bbox 923 5281 1238 5353; x_wconf 77' lang='grc' dir='ltr'>ἀναστῆσαι</span> <span class='ocrx_word' id='word_1_480' title='bbox 1280 5287 1496 5354; x_wconf 85' lang='grc' dir='ltr'>τοῦτον,</span> <span class='ocrx_word' id='word_1_481' title='bbox 1539 5294 1633 5346; x_wconf 83' lang='grc' dir='ltr'>καὶ</span> <span class='ocrx_word' id='word_1_482' title='bbox 1662 5292 1804 5349; x_wconf 72' lang='grc' dir='ltr'>οὕτω</span> 
     </span>
    </p>
   </div>
   <div class='ocr_carea' id='block_1_71' title="bbox 226 5364 1802 5457">
    <p class='ocr_par' dir='ltr' id='par_1_71' title="bbox 226 5364 1802 5457">
     <span class='ocr_line' id='line_1_71' title="bbox 226 5364 1802 5457; baseline 0.017 -43"><span class='ocrx_word' id='word_1_483' title='bbox 226 5364 350 5426; x_wconf 75' lang='grc' dir='ltr'>τοὺς</span> <span class='ocrx_word' id='word_1_484' title='bbox 377 5367 602 5438; x_wconf 84' lang='grc' dir='ltr'>ἰατροὺς</span> <span class='ocrx_word' id='word_1_485' title='bbox 651 5371 971 5444; x_wconf 85' lang='grc' dir='ltr'>ἀποστήσας</span> <span class='ocrx_word' id='word_1_486' title='bbox 1012 5375 1324 5431; x_wconf 81' lang='grc' dir='ltr'>ἐθανάτωσε</span> <span class='ocrx_word' id='word_1_487' title='bbox 1346 5383 1439 5434; x_wconf 83' lang='grc' dir='ltr'><strong>τὸν</strong></span> <span class='ocrx_word' id='word_1_488' title='bbox 1468 5383 1635 5437; x_wconf 85' lang='grc' dir='ltr'>παῖδα</span> <span class='ocrx_word' id='word_1_489' title='bbox 1667 5387 1802 5457; x_wconf 83' lang='grc' dir='ltr'>ἀμε-</span> 
     </span>
    </p>
   </div>
   <div class='ocr_carea' id='block_1_72' title="bbox 231 5453 1804 5542">
    <p class='ocr_par' dir='ltr' id='par_1_72' title="bbox 231 5453 1804 5542">
     <span class='ocr_line' id='line_1_72' title="bbox 231 5453 1804 5542; baseline 0.017 -37"><span class='ocrx_word' id='word_1_490' title='bbox 231 5453 343 5527; x_wconf 74' lang='grc' dir='ltr'>λείᾳ</span> <span class='ocrx_word' id='word_1_491' title='bbox 400 5461 503 5512; x_wconf 75' lang='grc' dir='ltr'>καὶ</span> <span class='ocrx_word' id='word_1_492' title='bbox 531 5463 906 5535; x_wconf 68' lang='grc' dir='ltr'>τερατολογίᾳ,</span> <span class='ocrx_word' id='word_1_493' title='bbox 945 5467 1040 5520; x_wconf 69' lang='grc' dir='ltr'>καὶ</span> <span class='ocrx_word' id='word_1_494' title='bbox 1072 5468 1214 5538; x_wconf 83' lang='grc' dir='ltr'>ὑπὲρ</span> <span class='ocrx_word' id='word_1_495' title='bbox 1254 5471 1448 5524; x_wconf 73' lang='grc' dir='ltr'>τούτου</span> <span class='ocrx_word' id='word_1_496' title='bbox 1492 5475 1683 5542; x_wconf 71' lang='grc' dir='ltr'>μισθὸν</span> <span class='ocrx_word' id='word_1_497' title='bbox 1713 5479 1804 5531; x_wconf 84' lang='grc' dir='ltr'>ἐπ-</span> 
     </span>
    </p>
   </div>
   <div class='ocr_carea' id='block_1_73' title="bbox 229 5544 1796 5632">
    <p class='ocr_par' dir='ltr' id='par_1_73' title="bbox 229 5544 1796 5632">
     <span class='ocr_line' id='line_1_73' title="bbox 229 5544 1796 5632; baseline 0.017 -36"><span class='ocrx_word' id='word_1_498' title='bbox 229 5544 372 5608; x_wconf 71' lang='grc' dir='ltr'>άξιον</span> <span class='ocrx_word' id='word_1_499' title='bbox 403 5549 633 5614; x_wconf 77' lang='grc' dir='ltr'>εἰκότως</span> <span class='ocrx_word' id='word_1_500' title='bbox 663 5555 948 5623; x_wconf 81' lang='grc' dir='ltr'>κομίζεται</span> <span class='ocrx_word' id='word_1_501' title='bbox 975 5558 1077 5630; x_wconf 83' lang='grc' dir='ltr'>τὴν</span> <span class='ocrx_word' id='word_1_502' title='bbox 1112 5561 1340 5632; x_wconf 85' lang='grc' dir='ltr'>ἐκδοράν</span> <span class='ocrx_word' id='word_1_503' title='bbox 1371 5563 1464 5617; x_wconf 87' lang='grc' dir='ltr'><strong>τοῦ</strong></span> <span class='ocrx_word' id='word_1_504' title='bbox 1499 5568 1796 5623; x_wconf 87' lang='grc' dir='ltr'>παναθλίου</span> 
     </span>
    </p>
   </div>
   <div class='ocr_carea' id='block_1_74' title="bbox 230 5639 1801 5733">
    <p class='ocr_par' dir='ltr' id='par_1_74' title="bbox 230 5639 1801 5733">
     <span class='ocr_line' id='line_1_74' title="bbox 230 5639 1801 5733; baseline 0.027 -45"><span class='ocrx_word' id='word_1_505' title='bbox 230 5639 387 5691; x_wconf 73' lang='grc' dir='ltr'>αὐτοῦ</span> <span class='ocrx_word' id='word_1_506' title='bbox 414 5641 691 5711; x_wconf 85' lang='grc' dir='ltr'>σώματος.</span> <span class='ocrx_word' id='word_1_507' title='bbox 742 5646 800 5699; x_wconf 87' lang='lat'><strong>&#39;0</strong></span> <span class='ocrx_word' id='word_1_508' title='bbox 829 5649 1008 5703; x_wconf 87' lang='grc' dir='ltr'>τοίνυν</span> <span class='ocrx_word' id='word_1_509' title='bbox 1034 5652 1400 5724; x_wconf 79' lang='grc' dir='ltr'>ἐμϐρόντητος</span> <span class='ocrx_word' id='word_1_510' title='bbox 1429 5652 1582 5723; x_wconf 78' lang='grc' dir='ltr'>οὗτος</span> <span class='ocrx_word' id='word_1_511' title='bbox 1611 5662 1801 5733; x_wconf 80' lang='grc' dir='ltr'><strong>Μάνης</strong></span> 
     </span>
    </p>
   </div>
   <div class='ocr_carea' id='block_1_75' title="bbox 231 5727 1803 5820">
    <p class='ocr_par' dir='ltr' id='par_1_75' title="bbox 231 5727 1803 5820">
     <span class='ocr_line' id='line_1_75' title="bbox 231 5727 1803 5820; baseline 0.018 -40"><span class='ocrx_word' id='word_1_512' title='bbox 231 5727 666 5802; x_wconf 79' lang='grc' dir='ltr'>ἀποϐαλλόμενος</span> <span class='ocrx_word' id='word_1_513' title='bbox 692 5737 791 5809; x_wconf 78' lang='grc' dir='ltr'>τὴν</span> <span class='ocrx_word' id='word_1_514' title='bbox 822 5741 1067 5797; x_wconf 77' lang='grc' dir='ltr'>Παλαιὰν</span> <span class='ocrx_word' id='word_1_515' title='bbox 1105 5745 1402 5817; x_wconf 82' lang='grc' dir='ltr'>Διαθήκην,</span> <span class='ocrx_word' id='word_1_516' title='bbox 1436 5751 1530 5804; x_wconf 78' lang='grc' dir='ltr'>καὶ</span> <span class='ocrx_word' id='word_1_517' title='bbox 1556 5751 1654 5820; x_wconf 84' lang='grc' dir='ltr'>τὴν</span> <span class='ocrx_word' id='word_1_518' title='bbox 1689 5727 1803 5807; x_wconf 76' lang='grc' dir='ltr'>κτί-</span> 
     </span>
    </p>
   </div>
   <div class='ocr_carea' id='block_1_76' title="bbox 232 5828 1800 5917">
    <p class='ocr_par' dir='ltr' id='par_1_76' title="bbox 232 5828 1800 5917">
     <span class='ocr_line' id='line_1_76' title="bbox 232 5828 1800 5917; baseline 0.018 -43"><span class='ocrx_word' id='word_1_519' title='bbox 232 5838 309 5875; x_wconf 80' lang='grc' dir='ltr'><strong>σιν</strong></span> <span class='ocrx_word' id='word_1_520' title='bbox 333 5828 512 5882; x_wconf 80' lang='grc' dir='ltr'>πᾶσαν</span> <span class='ocrx_word' id='word_1_521' title='bbox 560 5830 653 5882; x_wconf 81' lang='grc' dir='ltr'>καὶ</span> <span class='ocrx_word' id='word_1_522' title='bbox 683 5831 780 5905; x_wconf 81' lang='grc' dir='ltr'>τὴν</span> <span class='ocrx_word' id='word_1_523' title='bbox 822 5833 914 5888; x_wconf 87' lang='grc' dir='ltr'><strong>τοῦ</strong></span> <span class='ocrx_word' id='word_1_524' title='bbox 974 5836 1267 5908; x_wconf 77' lang='grc' dir='ltr'>ἀνθρώπου</span> <span class='ocrx_word' id='word_1_525' title='bbox 1302 5847 1648 5917; x_wconf 78' lang='grc' dir='ltr'>κατασκευὴν</span> <span class='ocrx_word' id='word_1_526' title='bbox 1701 5847 1800 5902; x_wconf 82' lang='grc' dir='ltr'>οὐκ</span> 
     </span>
    </p>
   </div>
   <div class='ocr_carea' id='block_1_77' title="bbox 1915 1981 3502 2066">
    <p class='ocr_par' dir='ltr' id='par_1_77' title="bbox 1915 1981 3502 2066">
     <span class='ocr_line' id='line_1_77' title="bbox 1915 1981 3502 2066; baseline 0.014 -33"><span class='ocrx_word' id='word_1_527' title='bbox 1915 1981 2246 2037; x_wconf 87' lang='lat' dir='ltr'><strong>dicerentur.</strong></span> <span class='ocrx_word' id='word_1_528' title='bbox 2300 1984 2350 2041; x_wconf 89' lang='lat' dir='ltr'><strong>ls</strong></span> <span class='ocrx_word' id='word_1_529' title='bbox 2397 1988 2504 2041; x_wconf 86' lang='lat' dir='ltr'><strong>sibi</strong></span> <span class='ocrx_word' id='word_1_530' title='bbox 2535 2000 2781 2047; x_wconf 76' lang='lat' dir='ltr'><strong>metuens</strong></span> <span class='ocrx_word' id='word_1_531' title='bbox 2815 1995 2884 2048; x_wconf 85' lang='lat' dir='ltr'><strong>ab</strong></span> <span class='ocrx_word' id='word_1_532' title='bbox 2918 1995 3264 2066; x_wconf 85' lang='lat' dir='ltr'><strong>imperatore,</strong></span> <span class='ocrx_word' id='word_1_533' title='bbox 3309 2000 3502 2055; x_wconf 82' lang='lat' dir='ltr'><strong>nescio</strong></span> 
     </span>
    </p>
   </div>
   <div class='ocr_carea' id='block_1_78' title="bbox 1916 2075 3500 2154">
    <p class='ocr_par' dir='ltr' id='par_1_78' title="bbox 1916 2075 3500 2154">
     <span class='ocr_line' id='line_1_78' title="bbox 1916 2075 3500 2154; baseline 0.013 -28"><span class='ocrx_word' id='word_1_534' title='bbox 1916 2088 2023 2143; x_wconf 89' lang='lat' dir='ltr'><strong>qua</strong></span> <span class='ocrx_word' id='word_1_535' title='bbox 2064 2075 2130 2130; x_wconf 89' lang='lat' dir='ltr'><strong>de</strong></span> <span class='ocrx_word' id='word_1_536' title='bbox 2169 2091 2335 2131; x_wconf 89' lang='lat' dir='ltr'><strong>causa</strong></span> <span class='ocrx_word' id='word_1_537' title='bbox 2383 2080 2553 2136; x_wconf 88' lang='lat' dir='ltr'><strong>minis</strong></span> <span class='ocrx_word' id='word_1_538' title='bbox 2586 2085 2653 2136; x_wconf 90' lang='lat' dir='ltr'><strong>ah</strong></span> <span class='ocrx_word' id='word_1_539' title='bbox 2694 2099 2760 2138; x_wconf 87' lang='lat' dir='ltr'><strong>eo</strong></span> <span class='ocrx_word' id='word_1_540' title='bbox 2799 2087 2904 2140; x_wconf 89' lang='lat' dir='ltr'><strong>sibi</strong></span> <span class='ocrx_word' id='word_1_541' title='bbox 2942 2091 3246 2154; x_wconf 78' lang='lat' dir='ltr'><strong>intentatis,</strong></span> <span class='ocrx_word' id='word_1_542' title='bbox 3279 2107 3500 2146; x_wconf 88' lang='lat' dir='ltr'><strong>manum</strong></span> 
     </span>
    </p>
   </div>
   <div class='ocr_carea' id='block_1_79' title="bbox 1915 2167 3500 2253">
    <p class='ocr_par' dir='ltr' id='par_1_79' title="bbox 1915 2167 3500 2253">
     <span class='ocr_line' id='line_1_79' title="bbox 1915 2167 3500 2253; baseline 0.013 -33"><span class='ocrx_word' id='word_1_543' title='bbox 1915 2167 2037 2235; x_wconf 82' lang='lat' dir='ltr'><strong>ejus</strong></span> <span class='ocrx_word' id='word_1_544' title='bbox 2087 2168 2334 2225; x_wconf 84' lang='lat' dir='ltr'><strong>imitatus</strong></span> <span class='ocrx_word' id='word_1_545' title='bbox 2392 2173 2647 2228; x_wconf 83' lang='lat' dir='ltr'><strong>sebcdatn</strong></span> <span class='ocrx_word' id='word_1_546' title='bbox 2691 2181 3044 2248; x_wconf 71' lang='lat' dir='ltr'><strong>conscripsit,</strong></span> <span class='ocrx_word' id='word_1_547' title='bbox 3081 2198 3186 2251; x_wconf 87' lang='lat' dir='ltr'><strong>qua</strong></span> <span class='ocrx_word' id='word_1_548' title='bbox 3233 2186 3500 2253; x_wconf 84' lang='lat' dir='ltr'><strong>primores</strong></span> 
     </span>
    </p>
   </div>
   <div class='ocr_carea' id='block_1_80' title="bbox 1918 2258 3498 2340">
    <p class='ocr_par' dir='ltr' id='par_1_80' title="bbox 1918 2258 3498 2340">
     <span class='ocr_line' id='line_1_80' title="bbox 1918 2258 3498 2340; baseline 0.013 -29"><span class='ocrx_word' id='word_1_549' title='bbox 1918 2259 2036 2313; x_wconf 86' lang='lat' dir='ltr'><strong>neci</strong></span> <span class='ocrx_word' id='word_1_550' title='bbox 2070 2258 2480 2318; x_wconf 80' lang='lat' dir='ltr'><strong>destinarentur</strong></span> <span class='ocrx_word' id='word_1_551' title='bbox 2511 2284 2522 2320; x_wconf 88' lang='lat'><strong>:</strong></span> <span class='ocrx_word' id='word_1_552' title='bbox 2552 2282 2614 2321; x_wconf 90' lang='lat' dir='ltr'><strong>ac</strong></span> <span class='ocrx_word' id='word_1_553' title='bbox 2648 2271 2916 2338; x_wconf 86' lang='lat' dir='ltr'><strong>primores</strong></span> <span class='ocrx_word' id='word_1_554' title='bbox 2953 2272 3042 2327; x_wconf 87' lang='lat' dir='ltr'><strong>illa</strong></span> <span class='ocrx_word' id='word_1_555' title='bbox 3068 2274 3228 2340; x_wconf 86' lang='lat' dir='ltr'><strong>lecta,</strong></span> <span class='ocrx_word' id='word_1_556' title='bbox 3257 2284 3317 2331; x_wconf 87' lang='lat' dir='ltr'><strong>ut</strong></span> <span class='ocrx_word' id='word_1_557' title='bbox 3337 2293 3498 2332; x_wconf 87' lang='lat' dir='ltr'><strong>suum</strong></span> 
     </span>
    </p>
   </div>
   <div class='ocr_carea' id='block_1_81' title="bbox 1917 2348 3502 2427">
    <p class='ocr_par' dir='ltr' id='par_1_81' title="bbox 1917 2348 3502 2427">
     <span class='ocr_line' id='line_1_81' title="bbox 1917 2348 3502 2427; baseline 0.016 -29"><span class='ocrx_word' id='word_1_558' title='bbox 1917 2348 2222 2416; x_wconf 86' lang='lat' dir='ltr'><strong>periculum</strong></span> <span class='ocrx_word' id='word_1_559' title='bbox 2248 2353 2571 2420; x_wconf 73' lang='lat' dir='ltr'><strong>eﬂ&#39;ugerent,</strong></span> <span class='ocrx_word' id='word_1_560' title='bbox 2607 2358 2992 2427; x_wconf 84' lang='lat' dir='ltr'><strong>imperatorem</strong></span> <span class='ocrx_word' id='word_1_561' title='bbox 3015 2365 3357 2422; x_wconf 84' lang='lat' dir='ltr'><strong>occiderunt.</strong></span> <span class='ocrx_word' id='word_1_562' title='bbox 3384 2367 3502 2424; x_wconf 88' lang='lat' dir='ltr'><strong>Sub</strong></span> 
     </span>
    </p>
   </div>
   <div class='ocr_carea' id='block_1_82' title="bbox 1920 2439 3502 2526">
    <p class='ocr_par' dir='ltr' id='par_1_82' title="bbox 1920 2439 3502 2526">
     <span class='ocr_line' id='line_1_82' title="bbox 1920 2439 3502 2526; baseline 0.015 -36"><span class='ocrx_word' id='word_1_563' title='bbox 1920 2439 2023 2492; x_wconf 90' lang='lat' dir='ltr'><strong>hoc</strong></span> <span class='ocrx_word' id='word_1_564' title='bbox 2051 2440 2245 2496; x_wconf 87' lang='lat' dir='ltr'><strong>beatus</strong></span> <span class='ocrx_word' id='word_1_565' title='bbox 2289 2442 2549 2499; x_wconf 75' lang='lat' dir='ltr'><strong>Chariten</strong></span> <span class='ocrx_word' id='word_1_566' title='bbox 2591 2447 2874 2505; x_wconf 55' lang='lat' dir='ltr'><strong>confessus</strong></span> <span class='ocrx_word' id='word_1_567' title='bbox 2913 2462 3019 2518; x_wconf 83' lang='lat' dir='ltr'><strong>est,</strong></span> <span class='ocrx_word' id='word_1_568' title='bbox 3061 2451 3371 2526; x_wconf 82' lang='lat' dir='ltr'><strong>Paulusque</strong></span> <span class='ocrx_word' id='word_1_569' title='bbox 3401 2457 3502 2512; x_wconf 85' lang='lat' dir='ltr'><strong>Sa-</strong></span> 
     </span>
    </p>
   </div>
   <div class='ocr_carea' id='block_1_83' title="bbox 1921 2535 3501 2610">
    <p class='ocr_par' dir='ltr' id='par_1_83' title="bbox 1921 2535 3501 2610">
     <span class='ocr_line' id='line_1_83' title="bbox 1921 2535 3501 2610; baseline 0.013 -26"><span class='ocrx_word' id='word_1_570' title='bbox 1921 2539 2238 2588; x_wconf 81' lang='lat' dir='ltr'><strong>mosatenus</strong></span> <span class='ocrx_word' id='word_1_571' title='bbox 2267 2535 2584 2605; x_wconf 85' lang='lat' dir='ltr'><strong>episcopatu</strong></span> <span class='ocrx_word' id='word_1_572' title='bbox 2615 2539 2959 2597; x_wconf 83' lang='lat' dir='ltr'><strong>Antiocheno</strong></span> <span class='ocrx_word' id='word_1_573' title='bbox 2997 2542 3264 2610; x_wconf 88' lang='lat' dir='ltr'><strong>dejectus.</strong></span> <span class='ocrx_word' id='word_1_574' title='bbox 3297 2547 3501 2608; x_wconf 71' lang='lat' dir='ltr'><strong>Eodem</strong></span> 
     </span>
    </p>
   </div>
   <div class='ocr_carea' id='block_1_84' title="bbox 1919 2625 3500 2698">
    <p class='ocr_par' dir='ltr' id='par_1_84' title="bbox 1919 2625 3500 2698">
     <span class='ocr_line' id='line_1_84' title="bbox 1919 2625 3500 2698; baseline 0.014 -22"><span class='ocrx_word' id='word_1_575' title='bbox 1919 2625 2221 2692; x_wconf 88' lang='lat' dir='ltr'><strong>imperante</strong></span> <span class='ocrx_word' id='word_1_576' title='bbox 2265 2627 2516 2698; x_wconf 89' lang='lat' dir='ltr'><strong>impurus</strong></span> <span class='ocrx_word' id='word_1_577' title='bbox 2552 2631 2640 2686; x_wconf 90' lang='lat' dir='ltr'><strong>ille</strong></span> <span class='ocrx_word' id='word_1_578' title='bbox 2680 2641 2732 2688; x_wconf 90' lang='lat' dir='ltr'><strong>et</strong></span> <span class='ocrx_word' id='word_1_579' title='bbox 2782 2634 3123 2694; x_wconf 84' lang='lat' dir='ltr'><strong>detestabilis</strong></span> <span class='ocrx_word' id='word_1_580' title='bbox 3174 2638 3359 2697; x_wconf 78' lang='lat' dir='ltr'><strong>Manes</strong></span> <span class='ocrx_word' id='word_1_581' title='bbox 3399 2658 3500 2697; x_wconf 78' lang='lat' dir='ltr'><strong>ex-</strong></span> 
     </span>
    </p>
   </div>
   <div class='ocr_carea' id='block_1_85' title="bbox 1918 2718 3496 2804">
    <p class='ocr_par' dir='ltr' id='par_1_85' title="bbox 1918 2718 3496 2804">
     <span class='ocr_line' id='line_1_85' title="bbox 1918 2718 3496 2804; baseline 0.01 -33"><span class='ocrx_word' id='word_1_582' title='bbox 1918 2718 2076 2783; x_wconf 84' lang='lat' dir='ltr'><strong>stitit,</strong></span> <span class='ocrx_word' id='word_1_583' title='bbox 2121 2721 2215 2789; x_wconf 87' lang='lat' dir='ltr'><strong>qui</strong></span> <span class='ocrx_word' id='word_1_584' title='bbox 2256 2723 2360 2778; x_wconf 86' lang='lat' dir='ltr'><strong>sibi</strong></span> <span class='ocrx_word' id='word_1_585' title='bbox 2411 2723 2612 2780; x_wconf 88' lang='lat' dir='ltr'><strong>Christi</strong></span> <span class='ocrx_word' id='word_1_586' title='bbox 2666 2735 2720 2781; x_wconf 89' lang='lat' dir='ltr'><strong>et</strong></span> <span class='ocrx_word' id='word_1_587' title='bbox 2753 2729 2980 2798; x_wconf 84' lang='lat' dir='ltr'><strong>spiritus</strong></span> <span class='ocrx_word' id='word_1_588' title='bbox 3030 2735 3206 2788; x_wconf 68' lang='lat' dir='ltr'><strong>sancti</strong></span> <span class='ocrx_word' id='word_1_589' title='bbox 3256 2736 3496 2804; x_wconf 83' lang='lat' dir='ltr'><strong>speciem</strong></span> 
     </span>
    </p>
   </div>
   <div class='ocr_carea' id='block_1_86' title="bbox 1920 2812 3498 2896">
    <p class='ocr_par' dir='ltr' id='par_1_86' title="bbox 1920 2812 3498 2896">
     <span class='ocr_line' id='line_1_86' title="bbox 1920 2812 3498 2896; baseline 0.013 -35"><span class='ocrx_word' id='word_1_590' title='bbox 1920 2812 2193 2876; x_wconf 86' lang='lat' dir='ltr'><strong>sumebat,</strong></span> <span class='ocrx_word' id='word_1_591' title='bbox 2225 2825 2387 2882; x_wconf 85' lang='lat' dir='ltr'><strong>atque</strong></span> <span class='ocrx_word' id='word_1_592' title='bbox 2405 2830 2472 2868; x_wconf 87' lang='lat' dir='ltr'><strong>ex</strong></span> <span class='ocrx_word' id='word_1_593' title='bbox 2503 2817 2803 2874; x_wconf 73' lang='lat' dir='ltr'><strong>haeresibus</strong></span> <span class='ocrx_word' id='word_1_594' title='bbox 2837 2823 3093 2878; x_wconf 87' lang='lat' dir='ltr'><strong>omnibus</strong></span> <span class='ocrx_word' id='word_1_595' title='bbox 3119 2825 3247 2878; x_wconf 90' lang='lat' dir='ltr'><strong>mali</strong></span> <span class='ocrx_word' id='word_1_596' title='bbox 3290 2827 3498 2896; x_wconf 82' lang='lat' dir='ltr'><strong>aliquid</strong></span> 
     </span>
    </p>
   </div>
   <div class='ocr_carea' id='block_1_87' title="bbox 1919 2901 3497 2977">
    <p class='ocr_par' dir='ltr' id='par_1_87' title="bbox 1919 2901 3497 2977">
     <span class='ocr_line' id='line_1_87' title="bbox 1919 2901 3497 2977; baseline 0.015 -24"><span class='ocrx_word' id='word_1_597' title='bbox 1919 2901 2224 2960; x_wconf 85' lang='lat' dir='ltr'><strong>corradeus</strong></span> <span class='ocrx_word' id='word_1_598' title='bbox 2261 2906 2352 2960; x_wconf 89' lang='lat' dir='ltr'><strong>Dei</strong></span> <span class='ocrx_word' id='word_1_599' title='bbox 2388 2911 2660 2977; x_wconf 87' lang='lat' dir='ltr'><strong>permissu</strong></span> <span class='ocrx_word' id='word_1_600' title='bbox 2686 2928 2751 2966; x_wconf 84' lang='lat' dir='ltr'><strong>ex</strong></span> <span class='ocrx_word' id='word_1_601' title='bbox 2778 2912 2997 2970; x_wconf 80' lang='lat' dir='ltr'><strong>Perside</strong></span> <span class='ocrx_word' id='word_1_602' title='bbox 3030 2917 3084 2970; x_wconf 87' lang='lat' dir='ltr'><strong>in</strong></span> <span class='ocrx_word' id='word_1_603' title='bbox 3120 2916 3497 2975; x_wconf 81' lang='lat' dir='ltr'><strong>Romanorum</strong></span> 
     </span>
    </p>
   </div>
   <div class='ocr_carea' id='block_1_88' title="bbox 1922 2993 2466 3068">
    <p class='ocr_par' dir='ltr' id='par_1_88' title="bbox 1922 2993 2466 3068">
     <span class='ocr_line' id='line_1_88' title="bbox 1922 2993 2466 3068; baseline 0.018 -24"><span class='ocrx_word' id='word_1_604' title='bbox 1922 2993 2190 3049; x_wconf 86' lang='lat' dir='ltr'><strong>ditionem</strong></span> <span class='ocrx_word' id='word_1_605' title='bbox 2226 2996 2466 3068; x_wconf 88' lang='lat' dir='ltr'><strong>irrepsit.</strong></span> 
     </span>
    </p>
   </div>
   <div class='ocr_carea' id='block_1_89' title="bbox 1990 3086 3496 3173">
    <p class='ocr_par' dir='ltr' id='par_1_89' title="bbox 1990 3086 3496 3173">
     <span class='ocr_line' id='line_1_89' title="bbox 1990 3086 3496 3173; baseline 0.015 -35"><span class='ocrx_word' id='word_1_606' title='bbox 1990 3086 2180 3140; x_wconf 86' lang='lat' dir='ltr'><strong>Manes</strong></span> <span class='ocrx_word' id='word_1_607' title='bbox 2215 3088 2304 3144; x_wconf 90' lang='lat' dir='ltr'><strong>ille</strong></span> <span class='ocrx_word' id='word_1_608' title='bbox 2335 3107 2591 3155; x_wconf 90' lang='lat' dir='ltr'><strong>vesanus,</strong></span> <span class='ocrx_word' id='word_1_609' title='bbox 2623 3097 2714 3164; x_wconf 89' lang='lat' dir='ltr'><strong>qui</strong></span> <span class='ocrx_word' id='word_1_610' title='bbox 2746 3107 2797 3151; x_wconf 89' lang='lat' dir='ltr'><strong>et</strong></span> <span class='ocrx_word' id='word_1_611' title='bbox 2831 3098 3162 3169; x_wconf 82' lang='lat' dir='ltr'><strong>Scythianus</strong></span> <span class='ocrx_word' id='word_1_612' title='bbox 3182 3103 3496 3173; x_wconf 83' lang='lat' dir='ltr'><strong>appellaba-</strong></span> 
     </span>
    </p>
   </div>
   <div class='ocr_carea' id='block_1_90' title="bbox 1923 3176 3490 3261">
    <p class='ocr_par' dir='ltr' id='par_1_90' title="bbox 1923 3176 3490 3261">
     <span class='ocr_line' id='line_1_90' title="bbox 1923 3176 3490 3261; baseline 0.016 -34"><span class='ocrx_word' id='word_1_613' title='bbox 1923 3185 2030 3240; x_wconf 90' lang='lat' dir='ltr'><strong>tur,</strong></span> <span class='ocrx_word' id='word_1_614' title='bbox 2085 3176 2385 3234; x_wconf 84' lang='lat' dir='ltr'><strong>Bracltman</strong></span> <span class='ocrx_word' id='word_1_615' title='bbox 2435 3194 2552 3237; x_wconf 88' lang='lat' dir='ltr'><strong>erat</strong></span> <span class='ocrx_word' id='word_1_616' title='bbox 2585 3188 2821 3244; x_wconf 90' lang='lat' dir='ltr'><strong>natione.</strong></span> <span class='ocrx_word' id='word_1_617' title='bbox 2867 3181 3259 3261; x_wconf 69' lang='lat' dir='ltr'><strong>Prmceptorem</strong></span> <span class='ocrx_word' id='word_1_618' title='bbox 3311 3207 3490 3252; x_wconf 86' lang='lat' dir='ltr'><strong>autem</strong></span> 
     </span>
    </p>
   </div>
   <div class='ocr_carea' id='block_1_91' title="bbox 1923 3269 3494 3359">
    <p class='ocr_par' dir='ltr' id='par_1_91' title="bbox 1923 3269 3494 3359">
     <span class='ocr_line' id='line_1_91' title="bbox 1923 3269 3494 3359; baseline 0.017 -39"><span class='ocrx_word' id='word_1_619' title='bbox 1923 3269 2113 3323; x_wconf 88' lang='lat' dir='ltr'><strong>habuit</strong></span> <span class='ocrx_word' id='word_1_620' title='bbox 2149 3271 2373 3342; x_wconf 74' lang='lat' dir='ltr'><strong>llutlam,</strong></span> <span class='ocrx_word' id='word_1_621' title='bbox 2413 3279 2502 3347; x_wconf 90' lang='lat' dir='ltr'><strong>qui</strong></span> <span class='ocrx_word' id='word_1_622' title='bbox 2546 3281 2672 3333; x_wconf 87' lang='lat' dir='ltr'><strong>olim</strong></span> <span class='ocrx_word' id='word_1_623' title='bbox 2711 3281 3024 3340; x_wconf 79' lang='lat' dir='ltr'><strong>Terebintlii</strong></span> <span class='ocrx_word' id='word_1_624' title='bbox 3065 3303 3262 3342; x_wconf 84' lang='lat' dir='ltr'><strong>nomen</strong></span> <span class='ocrx_word' id='word_1_625' title='bbox 3307 3305 3494 3359; x_wconf 73' lang='lat' dir='ltr'><strong>gesse-</strong></span> 
     </span>
    </p>
   </div>
   <div class='ocr_carea' id='block_1_92' title="bbox 1922 3365 3495 3450">
    <p class='ocr_par' dir='ltr' id='par_1_92' title="bbox 1922 3365 3495 3450">
     <span class='ocr_line' id='line_1_92' title="bbox 1922 3365 3495 3450; baseline 0.016 -37"><span class='ocrx_word' id='word_1_626' title='bbox 1922 3371 2044 3416; x_wconf 85' lang='lat' dir='ltr'><strong>rat:</strong></span> <span class='ocrx_word' id='word_1_627' title='bbox 2084 3365 2171 3418; x_wconf 90' lang='lat' dir='ltr'><strong>hic</strong></span> <span class='ocrx_word' id='word_1_628' title='bbox 2221 3365 2440 3423; x_wconf 65' lang='lat' dir='ltr'><strong>Curras</strong></span> <span class='ocrx_word' id='word_1_629' title='bbox 2476 3373 2759 3439; x_wconf 87' lang='lat' dir='ltr'><strong>opiniones</strong></span> <span class='ocrx_word' id='word_1_630' title='bbox 2812 3379 3113 3446; x_wconf 75' lang='lat' dir='ltr'><strong>amplexus.</strong></span> <span class='ocrx_word' id='word_1_631' title='bbox 3155 3382 3495 3450; x_wconf 84' lang='lat' dir='ltr'><strong>Empedoclis</strong></span> 
     </span>
    </p>
   </div>
   <div class='ocr_carea' id='block_1_93' title="bbox 1918 3456 3494 3544">
    <p class='ocr_par' dir='ltr' id='par_1_93' title="bbox 1918 3456 3494 3544">
     <span class='ocr_line' id='line_1_93' title="bbox 1918 3456 3494 3544; baseline 0.016 -39"><span class='ocrx_word' id='word_1_632' title='bbox 1918 3456 2133 3510; x_wconf 82' lang='lat' dir='ltr'><strong>decreta</strong></span> <span class='ocrx_word' id='word_1_633' title='bbox 2164 3468 2403 3515; x_wconf 90' lang='lat' dir='ltr'><strong>sectatus</strong></span> <span class='ocrx_word' id='word_1_634' title='bbox 2457 3474 2559 3525; x_wconf 87' lang='lat' dir='ltr'><strong>est,</strong></span> <span class='ocrx_word' id='word_1_635' title='bbox 2613 3467 2704 3534; x_wconf 90' lang='lat' dir='ltr'><strong>qui</strong></span> <span class='ocrx_word' id='word_1_636' title='bbox 2750 3467 2858 3523; x_wconf 88' lang='lat' dir='ltr'><strong>duo</strong></span> <span class='ocrx_word' id='word_1_637' title='bbox 2908 3474 3181 3525; x_wconf 88' lang='lat' dir='ltr'><strong>contraria</strong></span> <span class='ocrx_word' id='word_1_638' title='bbox 3229 3474 3494 3544; x_wconf 87' lang='lat' dir='ltr'><strong>principia</strong></span> 
     </span>
    </p>
   </div>
   <div class='ocr_carea' id='block_1_94' title="bbox 1919 3550 3495 3626">
    <p class='ocr_par' dir='ltr' id='par_1_94' title="bbox 1919 3550 3495 3626">
     <span class='ocr_line' id='line_1_94' title="bbox 1919 3550 3495 3626; baseline 0.014 -28"><span class='ocrx_word' id='word_1_639' title='bbox 1919 3555 2204 3602; x_wconf 85' lang='lat' dir='ltr'><strong>statuerat.</strong></span> <span class='ocrx_word' id='word_1_640' title='bbox 2259 3551 2316 3604; x_wconf 92' lang='lat' dir='ltr'><strong>lu</strong></span> <span class='ocrx_word' id='word_1_641' title='bbox 2366 3550 2645 3608; x_wconf 86' lang='lat' dir='ltr'><strong>Persidem</strong></span> <span class='ocrx_word' id='word_1_642' title='bbox 2708 3557 2883 3612; x_wconf 83' lang='lat' dir='ltr'><strong>Budas</strong></span> <span class='ocrx_word' id='word_1_643' title='bbox 2930 3576 3060 3616; x_wconf 80' lang='lat' dir='ltr'><strong>cum</strong></span> <span class='ocrx_word' id='word_1_644' title='bbox 3113 3563 3371 3626; x_wconf 78' lang='lat' dir='ltr'><strong>venisset.</strong></span> <span class='ocrx_word' id='word_1_645' title='bbox 3426 3567 3495 3620; x_wconf 82' lang='lat' dir='ltr'><strong>de</strong></span> 
     </span>
    </p>
   </div>
   <div class='ocr_carea' id='block_1_95' title="bbox 1917 3640 3491 3716">
    <p class='ocr_par' dir='ltr' id='par_1_95' title="bbox 1917 3640 3491 3716">
     <span class='ocr_line' id='line_1_95' title="bbox 1917 3640 3491 3716; baseline 0.015 -24"><span class='ocrx_word' id='word_1_646' title='bbox 1917 3640 2126 3706; x_wconf 71' lang='lat' dir='ltr'><strong>virgine</strong></span> <span class='ocrx_word' id='word_1_647' title='bbox 2164 3657 2224 3697; x_wconf 90' lang='lat' dir='ltr'><strong>se</strong></span> <span class='ocrx_word' id='word_1_648' title='bbox 2264 3654 2448 3699; x_wconf 90' lang='lat' dir='ltr'><strong>natum</strong></span> <span class='ocrx_word' id='word_1_649' title='bbox 2500 3657 2553 3701; x_wconf 83' lang='lat' dir='ltr'><strong>et</strong></span> <span class='ocrx_word' id='word_1_650' title='bbox 2593 3649 2644 3702; x_wconf 89' lang='lat' dir='ltr'><strong>in</strong></span> <span class='ocrx_word' id='word_1_651' title='bbox 2677 3652 2954 3708; x_wconf 80' lang='lat' dir='ltr'><strong>montibus</strong></span> <span class='ocrx_word' id='word_1_652' title='bbox 2998 3656 3293 3711; x_wconf 83' lang='lat' dir='ltr'><strong>educatum</strong></span> <span class='ocrx_word' id='word_1_653' title='bbox 3333 3659 3491 3716; x_wconf 77' lang='lat' dir='ltr'><strong>dixit.</strong></span> 
     </span>
    </p>
   </div>
   <div class='ocr_carea' id='block_1_96' title="bbox 1920 3729 3494 3823">
    <p class='ocr_par' dir='ltr' id='par_1_96' title="bbox 1920 3729 3494 3823">
     <span class='ocr_line' id='line_1_96' title="bbox 1920 3729 3494 3823; baseline 0.014 -39"><span class='ocrx_word' id='word_1_654' title='bbox 1920 3729 2154 3800; x_wconf 86' lang='lat' dir='ltr'><strong>Scripsit</strong></span> <span class='ocrx_word' id='word_1_655' title='bbox 2193 3735 2359 3790; x_wconf 90' lang='lat' dir='ltr'><strong>libros</strong></span> <span class='ocrx_word' id='word_1_656' title='bbox 2387 3747 2664 3806; x_wconf 76' lang='lat' dir='ltr'><strong>quatuor;</strong></span> <span class='ocrx_word' id='word_1_657' title='bbox 2703 3757 2934 3810; x_wconf 91' lang='lat' dir='ltr'><strong>quorum</strong></span> <span class='ocrx_word' id='word_1_658' title='bbox 2960 3747 3100 3800; x_wconf 90' lang='lat' dir='ltr'><strong>tituli</strong></span> <span class='ocrx_word' id='word_1_659' title='bbox 3129 3758 3258 3802; x_wconf 92' lang='lat' dir='ltr'><strong>sunt</strong></span> <span class='ocrx_word' id='word_1_660' title='bbox 3279 3749 3347 3804; x_wconf 88' lang='lat' dir='ltr'><strong>de</strong></span> <span class='ocrx_word' id='word_1_661' title='bbox 3375 3767 3494 3823; x_wconf 83' lang='lat' dir='ltr'><strong>my-</strong></span> 
     </span>
    </p>
   </div>
   <div class='ocr_carea' id='block_1_97' title="bbox 1916 3824 3493 3910">
    <p class='ocr_par' dir='ltr' id='par_1_97' title="bbox 1916 3824 3493 3910">
     <span class='ocr_line' id='line_1_97' title="bbox 1916 3824 3493 3910; baseline 0.015 -34"><span class='ocrx_word' id='word_1_662' title='bbox 1916 3824 2120 3888; x_wconf 84' lang='lat' dir='ltr'><strong>steriis,</strong></span> <span class='ocrx_word' id='word_1_663' title='bbox 2135 3825 2502 3898; x_wconf 78' lang='lat' dir='ltr'><strong>Evangelium,</strong></span> <span class='ocrx_word' id='word_1_664' title='bbox 2525 3829 2945 3901; x_wconf 87' lang='lat' dir='ltr'><strong>Thesaurorum,</strong></span> <span class='ocrx_word' id='word_1_665' title='bbox 2966 3837 3425 3910; x_wconf 83' lang='lat' dir='ltr'><strong>Capitum.Atque</strong></span> <span class='ocrx_word' id='word_1_666' title='bbox 3446 3846 3493 3899; x_wconf 89' lang='lat' dir='ltr'><strong>is</strong></span> 
     </span>
    </p>
   </div>
   <div class='ocr_carea' id='block_1_98' title="bbox 1916 3915 3496 4008">
    <p class='ocr_par' dir='ltr' id='par_1_98' title="bbox 1916 3915 3496 4008">
     <span class='ocr_line' id='line_1_98' title="bbox 1916 3915 3496 4008; baseline 0.016 -42"><span class='ocrx_word' id='word_1_667' title='bbox 1916 3915 2137 3982; x_wconf 87' lang='lat' dir='ltr'><strong>quidem</strong></span> <span class='ocrx_word' id='word_1_668' title='bbox 2170 3917 2349 3974; x_wconf 88' lang='lat' dir='ltr'><strong>Budas</strong></span> <span class='ocrx_word' id='word_1_669' title='bbox 2391 3921 2756 3979; x_wconf 88' lang='lat' dir='ltr'><strong>Tercbinthus</strong></span> <span class='ocrx_word' id='word_1_670' title='bbox 2789 3928 2857 3980; x_wconf 87' lang='lat' dir='ltr'><strong>ab</strong></span> <span class='ocrx_word' id='word_1_671' title='bbox 2893 3929 3104 3999; x_wconf 89' lang='lat' dir='ltr'><strong>impuro</strong></span> <span class='ocrx_word' id='word_1_672' title='bbox 3134 3935 3294 4002; x_wconf 76' lang='lat' dir='ltr'><strong>genio</strong></span> <span class='ocrx_word' id='word_1_673' title='bbox 3329 3933 3496 4008; x_wconf 56' lang='lat'><strong>556</strong></span> 
     </span>
    </p>
   </div>
   <div class='ocr_carea' id='block_1_99' title="bbox 1915 4011 3492 4097">
    <p class='ocr_par' dir='ltr' id='par_1_99' title="bbox 1915 4011 3492 4097">
     <span class='ocr_line' id='line_1_99' title="bbox 1915 4011 3492 4097; baseline 0.017 -38"><span class='ocrx_word' id='word_1_674' title='bbox 1915 4011 2188 4065; x_wconf 89' lang='lat' dir='ltr'><strong>contritus</strong></span> <span class='ocrx_word' id='word_1_675' title='bbox 2229 4014 2410 4080; x_wconf 89' lang='lat' dir='ltr'><strong>periit.</strong></span> <span class='ocrx_word' id='word_1_676' title='bbox 2445 4014 2634 4072; x_wconf 83' lang='lat' dir='ltr'><strong>Mulier</strong></span> <span class='ocrx_word' id='word_1_677' title='bbox 2664 4031 2845 4074; x_wconf 87' lang='lat' dir='ltr'><strong>autem</strong></span> <span class='ocrx_word' id='word_1_678' title='bbox 2876 4027 3144 4093; x_wconf 66' lang='lat' dir='ltr'><strong>quaedam,</strong></span> <span class='ocrx_word' id='word_1_679' title='bbox 3179 4027 3337 4097; x_wconf 76' lang='lat' dir='ltr'><strong>cujus</strong></span> <span class='ocrx_word' id='word_1_680' title='bbox 3371 4037 3492 4085; x_wconf 83' lang='lat' dir='ltr'><strong>ute-</strong></span> 
     </span>
    </p>
   </div>
   <div class='ocr_carea' id='block_1_100' title="bbox 1916 4099 3493 4193">
    <p class='ocr_par' dir='ltr' id='par_1_100' title="bbox 1916 4099 3493 4193">
     <span class='ocr_line' id='line_1_100' title="bbox 1916 4099 3493 4193; baseline 0.018 -42"><span class='ocrx_word' id='word_1_681' title='bbox 1916 4099 2078 4154; x_wconf 85' lang='lat' dir='ltr'><strong>batur</strong></span> <span class='ocrx_word' id='word_1_682' title='bbox 2108 4103 2365 4172; x_wconf 78' lang='lat' dir='ltr'><strong>hospitio,</strong></span> <span class='ocrx_word' id='word_1_683' title='bbox 2387 4118 2439 4161; x_wconf 87' lang='lat' dir='ltr'><strong>et</strong></span> <span class='ocrx_word' id='word_1_684' title='bbox 2462 4113 2603 4178; x_wconf 88' lang='lat' dir='ltr'><strong>apud</strong></span> <span class='ocrx_word' id='word_1_685' title='bbox 2631 4128 2790 4181; x_wconf 86' lang='lat' dir='ltr'><strong>quam</strong></span> <span class='ocrx_word' id='word_1_686' title='bbox 2825 4131 2919 4169; x_wconf 87' lang='lat' dir='ltr'><strong>sua</strong></span> <span class='ocrx_word' id='word_1_687' title='bbox 2947 4116 3272 4186; x_wconf 78' lang='lat' dir='ltr'><strong>deponobat,</strong></span> <span class='ocrx_word' id='word_1_688' title='bbox 3296 4121 3493 4193; x_wconf 85' lang='lat' dir='ltr'><strong>impios</strong></span> 
     </span>
    </p>
   </div>
   <div class='ocr_carea' id='block_1_101' title="bbox 1917 4189 3494 4281">
    <p class='ocr_par' dir='ltr' id='par_1_101' title="bbox 1917 4189 3494 4281">
     <span class='ocr_line' id='line_1_101' title="bbox 1917 4189 3494 4281; baseline 0.018 -40"><span class='ocrx_word' id='word_1_689' title='bbox 1917 4189 2053 4244; x_wconf 84' lang='lat' dir='ltr'><strong>istos</strong></span> <span class='ocrx_word' id='word_1_690' title='bbox 2085 4190 2610 4252; x_wconf 49' lang='lat' dir='ltr'><strong>librosha‘rcditario</strong></span> <span class='ocrx_word' id='word_1_691' title='bbox 2631 4214 2926 4257; x_wconf 85' lang='lat' dir='ltr'><strong>consecuta</strong></span> <span class='ocrx_word' id='word_1_692' title='bbox 2962 4210 3248 4274; x_wconf 90' lang='lat' dir='ltr'><strong>puerulum</strong></span> <span class='ocrx_word' id='word_1_693' title='bbox 3271 4219 3494 4281; x_wconf 84' lang='lat' dir='ltr'><strong>septen-</strong></span> 
     </span>
    </p>
   </div>
   <div class='ocr_carea' id='block_1_102' title="bbox 1917 4284 3488 4369">
    <p class='ocr_par' dir='ltr' id='par_1_102' title="bbox 1917 4284 3488 4369">
     <span class='ocr_line' id='line_1_102' title="bbox 1917 4284 3488 4369; baseline 0.018 -37"><span class='ocrx_word' id='word_1_694' title='bbox 1917 4295 2038 4333; x_wconf 91' lang='lat' dir='ltr'><strong>nem</strong></span> <span class='ocrx_word' id='word_1_695' title='bbox 2065 4284 2219 4345; x_wconf 86' lang='lat' dir='ltr'><strong>emit,</strong></span> <span class='ocrx_word' id='word_1_696' title='bbox 2249 4287 2469 4342; x_wconf 88' lang='lat' dir='ltr'><strong>nomine</strong></span> <span class='ocrx_word' id='word_1_697' title='bbox 2505 4291 2822 4355; x_wconf 84' lang='lat' dir='ltr'><strong>Cubrirum,</strong></span> <span class='ocrx_word' id='word_1_698' title='bbox 2855 4312 3012 4362; x_wconf 87' lang='lat' dir='ltr'><strong>quem</strong></span> <span class='ocrx_word' id='word_1_699' title='bbox 3047 4300 3256 4357; x_wconf 79' lang='lat' dir='ltr'><strong>litteras</strong></span> <span class='ocrx_word' id='word_1_700' title='bbox 3281 4303 3488 4369; x_wconf 77' lang='lat' dir='ltr'><strong>docuit.</strong></span> 
     </span>
    </p>
   </div>
   <div class='ocr_carea' id='block_1_103' title="bbox 1916 4375 3490 4454">
    <p class='ocr_par' dir='ltr' id='par_1_103' title="bbox 1916 4375 3490 4454">
     <span class='ocr_line' id='line_1_103' title="bbox 1916 4375 3490 4454; baseline 0.017 -27"><span class='ocrx_word' id='word_1_701' title='bbox 1916 4375 2279 4447; x_wconf 77' lang='lat' dir='ltr'><strong>libertateque</strong></span> <span class='ocrx_word' id='word_1_702' title='bbox 2302 4380 2562 4435; x_wconf 84' lang='lat' dir='ltr'><strong>donatum</strong></span> <span class='ocrx_word' id='word_1_703' title='bbox 2597 4384 2847 4440; x_wconf 85' lang='lat' dir='ltr'><strong>heredem</strong></span> <span class='ocrx_word' id='word_1_704' title='bbox 2874 4392 3115 4446; x_wconf 85' lang='lat' dir='ltr'><strong>omnium</strong></span> <span class='ocrx_word' id='word_1_705' title='bbox 3142 4409 3364 4450; x_wconf 69' lang='lat' dir='ltr'><strong>suarum</strong></span> <span class='ocrx_word' id='word_1_706' title='bbox 3399 4413 3490 4454; x_wconf 80' lang='lat' dir='ltr'><strong>re-</strong></span> 
     </span>
    </p>
   </div>
   <div class='ocr_carea' id='block_1_104' title="bbox 1915 4469 3488 4557">
    <p class='ocr_par' dir='ltr' id='par_1_104' title="bbox 1915 4469 3488 4557">
     <span class='ocr_line' id='line_1_104' title="bbox 1915 4469 3488 4557; baseline 0.017 -39"><span class='ocrx_word' id='word_1_707' title='bbox 1915 4480 2035 4520; x_wconf 87' lang='lat' dir='ltr'><strong>rum</strong></span> <span class='ocrx_word' id='word_1_708' title='bbox 2071 4469 2332 4524; x_wconf 89' lang='lat' dir='ltr'><strong>instituit.</strong></span> <span class='ocrx_word' id='word_1_709' title='bbox 2366 4471 2415 4526; x_wconf 82' lang='lat' dir='ltr'><strong>Is</strong></span> <span class='ocrx_word' id='word_1_710' title='bbox 2446 4488 2574 4542; x_wconf 75' lang='lat' dir='ltr'><strong>ergo</strong></span> <span class='ocrx_word' id='word_1_711' title='bbox 2607 4475 2872 4534; x_wconf 86' lang='lat' dir='ltr'><strong>Cubricus</strong></span> <span class='ocrx_word' id='word_1_712' title='bbox 2907 4479 3077 4538; x_wconf 86' lang='lat' dir='ltr'><strong>libros</strong></span> <span class='ocrx_word' id='word_1_713' title='bbox 3113 4482 3275 4542; x_wconf 60' lang='lat' dir='ltr'><strong>Budas</strong></span> <span class='ocrx_word' id='word_1_714' title='bbox 3319 4503 3488 4557; x_wconf 85' lang='lat' dir='ltr'><strong>pecu-</strong></span> 
     </span>
    </p>
   </div>
   <div class='ocr_carea' id='block_1_105' title="bbox 1915 4555 3490 4638">
    <p class='ocr_par' dir='ltr' id='par_1_105' title="bbox 1915 4555 3490 4638">
     <span class='ocr_line' id='line_1_105' title="bbox 1915 4555 3490 4638; baseline 0.018 -31"><span class='ocrx_word' id='word_1_715' title='bbox 1915 4555 2169 4626; x_wconf 89' lang='lat' dir='ltr'><strong>niamque</strong></span> <span class='ocrx_word' id='word_1_716' title='bbox 2195 4570 2390 4615; x_wconf 89' lang='lat' dir='ltr'><strong>nactus</strong></span> <span class='ocrx_word' id='word_1_717' title='bbox 2419 4560 2697 4618; x_wconf 81' lang='lat' dir='ltr'><strong>Persidem</strong></span> <span class='ocrx_word' id='word_1_718' title='bbox 2721 4571 3050 4638; x_wconf 72' lang='lat' dir='ltr'><strong>peragravit,</strong></span> <span class='ocrx_word' id='word_1_719' title='bbox 3067 4555 3336 4630; x_wconf 67' lang='lat' dir='ltr'><strong>Maneteni</strong></span> <span class='ocrx_word' id='word_1_720' title='bbox 3365 4593 3490 4634; x_wconf 82' lang='lat' dir='ltr'><strong>sese</strong></span> 
     </span>
    </p>
   </div>
   <div class='ocr_carea' id='block_1_106' title="bbox 1913 4651 3487 4737">
    <p class='ocr_par' dir='ltr' id='par_1_106' title="bbox 1913 4651 3487 4737">
     <span class='ocr_line' id='line_1_106' title="bbox 1913 4651 3487 4737; baseline 0.017 -37"><span class='ocrx_word' id='word_1_721' title='bbox 1913 4651 2203 4706; x_wconf 88' lang='lat' dir='ltr'><strong>nominans</strong></span> <span class='ocrx_word' id='word_1_722' title='bbox 2226 4667 2290 4706; x_wconf 94' lang='lat' dir='ltr'><strong>ac</strong></span> <span class='ocrx_word' id='word_1_723' title='bbox 2321 4653 2482 4709; x_wconf 59' lang='lat' dir='ltr'><strong>Budas</strong></span> <span class='ocrx_word' id='word_1_724' title='bbox 2515 4673 2755 4712; x_wconf 86' lang='lat' dir='ltr'><strong>errorem</strong></span> <span class='ocrx_word' id='word_1_725' title='bbox 2788 4677 3070 4731; x_wconf 72' lang='lat' dir='ltr'><strong>spargens,</strong></span> <span class='ocrx_word' id='word_1_726' title='bbox 3105 4666 3276 4722; x_wconf 88' lang='lat' dir='ltr'><strong>libros</strong></span> <span class='ocrx_word' id='word_1_727' title='bbox 3301 4670 3422 4737; x_wconf 87' lang='lat' dir='ltr'><strong>ejus</strong></span> <span class='ocrx_word' id='word_1_728' title='bbox 3454 4688 3487 4727; x_wconf 84' lang='lat' dir='ltr'><strong>a</strong></span> 
     </span>
    </p>
   </div>
   <div class='ocr_carea' id='block_1_107' title="bbox 1911 4738 3481 4812">
    <p class='ocr_par' dir='ltr' id='par_1_107' title="bbox 1911 4738 3481 4812">
     <span class='ocr_line' id='line_1_107' title="bbox 1911 4738 3481 4812; baseline 0.013 -22"><span class='ocrx_word' id='word_1_729' title='bbox 1911 4753 1970 4791; x_wconf 87' lang='lat' dir='ltr'><strong>se</strong></span> <span class='ocrx_word' id='word_1_730' title='bbox 2005 4738 2313 4796; x_wconf 83' lang='lat' dir='ltr'><strong>elaboratos</strong></span> <span class='ocrx_word' id='word_1_731' title='bbox 2347 4743 2608 4812; x_wconf 85' lang='lat' dir='ltr'><strong>jactabat.</strong></span> <span class='ocrx_word' id='word_1_732' title='bbox 2643 4744 2797 4800; x_wconf 86' lang='lat' dir='ltr'><strong>Hunc</strong></span> <span class='ocrx_word' id='word_1_733' title='bbox 2829 4764 2920 4802; x_wconf 82' lang='lat' dir='ltr'><strong>rex</strong></span> <span class='ocrx_word' id='word_1_734' title='bbox 2957 4747 3250 4808; x_wconf 88' lang='lat' dir='ltr'><strong>Persarum</strong></span> <span class='ocrx_word' id='word_1_735' title='bbox 3297 4756 3481 4811; x_wconf 75' lang='lat' dir='ltr'><strong>vivum</strong></span> 
     </span>
    </p>
   </div>
   <div class='ocr_carea' id='block_1_108' title="bbox 1910 4828 3482 4916">
    <p class='ocr_par' dir='ltr' id='par_1_108' title="bbox 1910 4828 3482 4916">
     <span class='ocr_line' id='line_1_108' title="bbox 1910 4828 3482 4916; baseline 0.014 -37"><span class='ocrx_word' id='word_1_736' title='bbox 1910 4828 2178 4882; x_wconf 81' lang='lat' dir='ltr'><strong>excoriari</strong></span> <span class='ocrx_word' id='word_1_737' title='bbox 2217 4829 2405 4899; x_wconf 88' lang='lat' dir='ltr'><strong>jussit,</strong></span> <span class='ocrx_word' id='word_1_738' title='bbox 2436 4833 2579 4900; x_wconf 92' lang='lat' dir='ltr'><strong>quod</strong></span> <span class='ocrx_word' id='word_1_739' title='bbox 2616 4834 2727 4887; x_wconf 80' lang='lat' dir='ltr'><strong>lilio</strong></span> <span class='ocrx_word' id='word_1_740' title='bbox 2767 4837 2884 4904; x_wconf 77' lang='lat' dir='ltr'><strong>ejus</strong></span> <span class='ocrx_word' id='word_1_741' title='bbox 2925 4853 3151 4894; x_wconf 81' lang='lat' dir='ltr'><strong>mortem</strong></span> <span class='ocrx_word' id='word_1_742' title='bbox 3185 4844 3482 4916; x_wconf 64' lang='lat' dir='ltr'><strong>attulisset.</strong></span> 
     </span>
    </p>
   </div>
   <div class='ocr_carea' id='block_1_109' title="bbox 1908 4919 3484 4994">
    <p class='ocr_par' dir='ltr' id='par_1_109' title="bbox 1908 4919 3484 4994">
     <span class='ocr_line' id='line_1_109' title="bbox 1908 4919 3484 4994; baseline 0.01 -20"><span class='ocrx_word' id='word_1_743' title='bbox 1908 4919 2042 4974; x_wconf 90' lang='lat' dir='ltr'><strong>Cum</strong></span> <span class='ocrx_word' id='word_1_744' title='bbox 2071 4922 2215 4975; x_wconf 89' lang='lat' dir='ltr'><strong>enim</strong></span> <span class='ocrx_word' id='word_1_745' title='bbox 2248 4925 2396 4994; x_wconf 77' lang='lat' dir='ltr'><strong>regis</strong></span> <span class='ocrx_word' id='word_1_746' title='bbox 2423 4925 2561 4979; x_wconf 77' lang='lat' dir='ltr'><strong>[ilius</strong></span> <span class='ocrx_word' id='word_1_747' title='bbox 2583 4938 2868 4994; x_wconf 74' lang='lat' dir='ltr'><strong>aegrotaret</strong></span> <span class='ocrx_word' id='word_1_748' title='bbox 2912 4939 2964 4982; x_wconf 88' lang='lat' dir='ltr'><strong>et</strong></span> <span class='ocrx_word' id='word_1_749' title='bbox 2999 4931 3282 4988; x_wconf 63' lang='lat' dir='ltr'><strong>aunedicis</strong></span> <span class='ocrx_word' id='word_1_750' title='bbox 3316 4937 3484 4989; x_wconf 82' lang='lat' dir='ltr'><strong>multa</strong></span> 
     </span>
    </p>
   </div>
   <div class='ocr_carea' id='block_1_110' title="bbox 1907 5009 3482 5089">
    <p class='ocr_par' dir='ltr' id='par_1_110' title="bbox 1907 5009 3482 5089">
     <span class='ocr_line' id='line_1_110' title="bbox 1907 5009 3482 5089; baseline 0.01 -24"><span class='ocrx_word' id='word_1_751' title='bbox 1907 5009 2178 5067; x_wconf 88' lang='lat' dir='ltr'><strong>industria</strong></span> <span class='ocrx_word' id='word_1_752' title='bbox 2215 5027 2523 5082; x_wconf 85' lang='lat' dir='ltr'><strong>curaretur,</strong></span> <span class='ocrx_word' id='word_1_753' title='bbox 2564 5017 2752 5075; x_wconf 80' lang='lat' dir='ltr'><strong>Manes</strong></span> <span class='ocrx_word' id='word_1_754' title='bbox 2801 5021 3072 5089; x_wconf 83' lang='lat' dir='ltr'><strong>pollicitus</strong></span> <span class='ocrx_word' id='word_1_755' title='bbox 3115 5034 3199 5078; x_wconf 89' lang='lat' dir='ltr'><strong>est</strong></span> <span class='ocrx_word' id='word_1_756' title='bbox 3250 5041 3310 5080; x_wconf 89' lang='lat' dir='ltr'><strong>se</strong></span> <span class='ocrx_word' id='word_1_757' title='bbox 3355 5041 3482 5081; x_wconf 87' lang='lat' dir='ltr'><strong>eum</strong></span> 
     </span>
    </p>
   </div>
   <div class='ocr_carea' id='block_1_111' title="bbox 1908 5106 3485 5187">
    <p class='ocr_par' dir='ltr' id='par_1_111' title="bbox 1908 5106 3485 5187">
     <span class='ocr_line' id='line_1_111' title="bbox 1908 5106 3485 5187; baseline 0.01 -27"><span class='ocrx_word' id='word_1_758' title='bbox 1908 5106 2126 5160; x_wconf 89' lang='lat' dir='ltr'><strong>sanitati</strong></span> <span class='ocrx_word' id='word_1_759' title='bbox 2157 5108 2364 5176; x_wconf 82' lang='lat' dir='ltr'><strong>absque</strong></span> <span class='ocrx_word' id='word_1_760' title='bbox 2395 5111 2661 5164; x_wconf 77' lang='lat' dir='ltr'><strong>medicina</strong></span> <span class='ocrx_word' id='word_1_761' title='bbox 2689 5114 3092 5179; x_wconf 88' lang='lat' dir='ltr'><strong>restituturum,</strong></span> <span class='ocrx_word' id='word_1_762' title='bbox 3142 5117 3325 5187; x_wconf 90' lang='lat' dir='ltr'><strong>itaque</strong></span> <span class='ocrx_word' id='word_1_763' title='bbox 3351 5119 3485 5174; x_wconf 88' lang='lat' dir='ltr'><strong>sub-</strong></span> 
     </span>
    </p>
   </div>
   <div class='ocr_carea' id='block_1_112' title="bbox 1909 5197 3478 5276">
    <p class='ocr_par' dir='ltr' id='par_1_112' title="bbox 1909 5197 3478 5276">
     <span class='ocr_line' id='line_1_112' title="bbox 1909 5197 3478 5276; baseline 0.011 -28"><span class='ocrx_word' id='word_1_764' title='bbox 1909 5197 2072 5251; x_wconf 87' lang='lat' dir='ltr'><strong>motis</strong></span> <span class='ocrx_word' id='word_1_765' title='bbox 2106 5200 2330 5254; x_wconf 91' lang='lat' dir='ltr'><strong>medicis</strong></span> <span class='ocrx_word' id='word_1_766' title='bbox 2352 5201 2560 5255; x_wconf 81' lang='lat' dir='ltr'><strong>incuria</strong></span> <span class='ocrx_word' id='word_1_767' title='bbox 2588 5211 2638 5256; x_wconf 91' lang='lat' dir='ltr'><strong>et</strong></span> <span class='ocrx_word' id='word_1_768' title='bbox 2657 5205 2814 5273; x_wconf 78' lang='lat' dir='ltr'><strong>nugis</strong></span> <span class='ocrx_word' id='word_1_769' title='bbox 2841 5206 2956 5262; x_wconf 88' lang='lat' dir='ltr'><strong>suis</strong></span> <span class='ocrx_word' id='word_1_770' title='bbox 2981 5223 3206 5276; x_wconf 89' lang='lat' dir='ltr'><strong>puerum</strong></span> <span class='ocrx_word' id='word_1_771' title='bbox 3238 5213 3478 5265; x_wconf 81' lang='lat' dir='ltr'><strong>necavit.</strong></span> 
     </span>
    </p>
   </div>
   <div class='ocr_carea' id='block_1_113' title="bbox 1907 5289 3482 5362">
    <p class='ocr_par' dir='ltr' id='par_1_113' title="bbox 1907 5289 3482 5362">
     <span class='ocr_line' id='line_1_113' title="bbox 1907 5289 3482 5362; baseline 0.01 -19"><span class='ocrx_word' id='word_1_772' title='bbox 1907 5289 2144 5360; x_wconf 80' lang='lat' dir='ltr'><strong>Ideoque</strong></span> <span class='ocrx_word' id='word_1_773' title='bbox 2197 5292 2413 5358; x_wconf 81' lang='lat' dir='ltr'><strong>dignam</strong></span> <span class='ocrx_word' id='word_1_774' title='bbox 2458 5296 2764 5350; x_wconf 87' lang='lat' dir='ltr'><strong>mercedem</strong></span> <span class='ocrx_word' id='word_1_775' title='bbox 2809 5297 2964 5362; x_wconf 81' lang='lat' dir='ltr'><strong>tulit,</strong></span> <span class='ocrx_word' id='word_1_776' title='bbox 2993 5299 3239 5354; x_wconf 84' lang='lat' dir='ltr'><strong>detracta</strong></span> <span class='ocrx_word' id='word_1_777' title='bbox 3281 5303 3482 5358; x_wconf 77' lang='lat' dir='ltr'><strong>misero</strong></span> 
     </span>
    </p>
   </div>
   <div class='ocr_carea' id='block_1_114' title="bbox 1908 5383 3483 5452">
    <p class='ocr_par' dir='ltr' id='par_1_114' title="bbox 1908 5383 3483 5452">
     <span class='ocr_line' id='line_1_114' title="bbox 1908 5383 3483 5452; baseline 0.01 -17"><span class='ocrx_word' id='word_1_778' title='bbox 1908 5385 2128 5452; x_wconf 86' lang='lat' dir='ltr'><strong>corpori</strong></span> <span class='ocrx_word' id='word_1_779' title='bbox 2187 5390 2334 5438; x_wconf 89' lang='lat' dir='ltr'><strong>cute.</strong></span> <span class='ocrx_word' id='word_1_780' title='bbox 2388 5383 2682 5441; x_wconf 81' lang='lat' dir='ltr'><strong>Enimvero</strong></span> <span class='ocrx_word' id='word_1_781' title='bbox 2727 5402 2919 5444; x_wconf 84' lang='lat' dir='ltr'><strong>vecors</strong></span> <span class='ocrx_word' id='word_1_782' title='bbox 2959 5389 3048 5444; x_wconf 91' lang='lat' dir='ltr'><strong>illc</strong></span> <span class='ocrx_word' id='word_1_783' title='bbox 3091 5390 3278 5447; x_wconf 78' lang='lat' dir='ltr'><strong>Manes</strong></span> <span class='ocrx_word' id='word_1_784' title='bbox 3327 5403 3483 5450; x_wconf 70' lang='lat' dir='ltr'><strong>vetus</strong></span> 
     </span>
    </p>
   </div>
   <div class='ocr_carea' id='block_1_115' title="bbox 1909 5478 3482 5550">
    <p class='ocr_par' dir='ltr' id='par_1_115' title="bbox 1909 5478 3482 5550">
     <span class='ocr_line' id='line_1_115' title="bbox 1909 5478 3482 5550; baseline 0.01 -22"><span class='ocrx_word' id='word_1_785' title='bbox 1909 5483 2296 5530; x_wconf 80' lang='lat' dir='ltr'><strong>testamentum</strong></span> <span class='ocrx_word' id='word_1_786' title='bbox 2323 5478 2591 5548; x_wconf 88' lang='lat' dir='ltr'><strong>repudiat,</strong></span> <span class='ocrx_word' id='word_1_787' title='bbox 2619 5480 2919 5550; x_wconf 86' lang='lat' dir='ltr'><strong>mundique</strong></span> <span class='ocrx_word' id='word_1_788' title='bbox 2964 5491 3016 5537; x_wconf 90' lang='lat' dir='ltr'><strong>et</strong></span> <span class='ocrx_word' id='word_1_789' title='bbox 3059 5483 3296 5538; x_wconf 79' lang='lat' dir='ltr'><strong>hominis</strong></span> <span class='ocrx_word' id='word_1_790' title='bbox 3324 5499 3482 5543; x_wconf 82' lang='lat' dir='ltr'><strong>crea-</strong></span> 
     </span>
    </p>
   </div>
   <div class='ocr_carea' id='block_1_116' title="bbox 1907 5572 3477 5642">
    <p class='ocr_par' dir='ltr' id='par_1_116' title="bbox 1907 5572 3477 5642">
     <span class='ocr_line' id='line_1_116' title="bbox 1907 5572 3477 5642; baseline 0.004 -18"><span class='ocrx_word' id='word_1_791' title='bbox 1907 5572 2107 5625; x_wconf 89' lang='lat' dir='ltr'><strong>tionem</strong></span> <span class='ocrx_word' id='word_1_792' title='bbox 2147 5573 2311 5641; x_wconf 89' lang='lat' dir='ltr'><strong>impie</strong></span> <span class='ocrx_word' id='word_1_793' title='bbox 2345 5573 2730 5637; x_wconf 75' lang='lat' dir='ltr'><strong>calumniatur,</strong></span> <span class='ocrx_word' id='word_1_794' title='bbox 2758 5589 2787 5627; x_wconf 88' lang='lat' dir='ltr'><strong>a</strong></span> <span class='ocrx_word' id='word_1_795' title='bbox 2815 5581 2920 5629; x_wconf 87' lang='lat' dir='ltr'><strong>Deo</strong></span> <span class='ocrx_word' id='word_1_796' title='bbox 2947 5590 3054 5631; x_wconf 90' lang='lat' dir='ltr'><strong>non</strong></span> <span class='ocrx_word' id='word_1_797' title='bbox 3086 5577 3226 5640; x_wconf 81' lang='lat' dir='ltr'><strong>bono</strong></span> <span class='ocrx_word' id='word_1_798' title='bbox 3257 5576 3477 5642; x_wconf 80' lang='lat' dir='ltr'><strong>factam,</strong></span> 
     </span>
    </p>
   </div>
   <div class='ocr_carea' id='block_1_117' title="bbox 1905 5663 3480 5734">
    <p class='ocr_par' dir='ltr' id='par_1_117' title="bbox 1905 5663 3480 5734">
     <span class='ocr_line' id='line_1_117' title="bbox 1905 5663 3480 5734; baseline 0.006 -19"><span class='ocrx_word' id='word_1_799' title='bbox 1905 5663 2048 5734; x_wconf 89' lang='lat' dir='ltr'><strong>quod</strong></span> <span class='ocrx_word' id='word_1_800' title='bbox 2100 5664 2345 5718; x_wconf 87' lang='lat' dir='ltr'><strong>iuteritui</strong></span> <span class='ocrx_word' id='word_1_801' title='bbox 2396 5665 2466 5718; x_wconf 89' lang='lat' dir='ltr'><strong>sit</strong></span> <span class='ocrx_word' id='word_1_802' title='bbox 2515 5674 2569 5720; x_wconf 91' lang='lat' dir='ltr'><strong>et</strong></span> <span class='ocrx_word' id='word_1_803' title='bbox 2621 5667 2906 5720; x_wconf 83' lang='lat' dir='ltr'><strong>mutationi</strong></span> <span class='ocrx_word' id='word_1_804' title='bbox 2960 5667 3216 5722; x_wconf 76' lang='lat' dir='ltr'><strong>obnoxia.</strong></span> <span class='ocrx_word' id='word_1_805' title='bbox 3269 5669 3480 5729; x_wconf 75' lang='lat' dir='ltr'><strong>Novum</strong></span> 
     </span>
    </p>
   </div>
   <div class='ocr_carea' id='block_1_118' title="bbox 1908 5756 3478 5824">
    <p class='ocr_par' dir='ltr' id='par_1_118' title="bbox 1908 5756 3478 5824">
     <span class='ocr_line' id='line_1_118' title="bbox 1908 5756 3478 5824; baseline 0.003 -14"><span class='ocrx_word' id='word_1_806' title='bbox 1908 5766 2092 5824; x_wconf 88' lang='lat' dir='ltr'><strong>utpote</strong></span> <span class='ocrx_word' id='word_1_807' title='bbox 2145 5756 2269 5810; x_wconf 90' lang='lat' dir='ltr'><strong>boni</strong></span> <span class='ocrx_word' id='word_1_808' title='bbox 2301 5757 2394 5812; x_wconf 89' lang='lat' dir='ltr'><strong>Dei</strong></span> <span class='ocrx_word' id='word_1_809' title='bbox 2446 5757 2702 5812; x_wconf 84' lang='lat' dir='ltr'><strong>admittit.</strong></span> <span class='ocrx_word' id='word_1_810' title='bbox 2755 5757 3042 5814; x_wconf 82' lang='lat' dir='ltr'><strong>Christum</strong></span> <span class='ocrx_word' id='word_1_811' title='bbox 3073 5775 3183 5813; x_wconf 80' lang='lat' dir='ltr'><strong>nou</strong></span> <span class='ocrx_word' id='word_1_812' title='bbox 3225 5774 3284 5813; x_wconf 86' lang='lat' dir='ltr'><strong>re</strong></span> <span class='ocrx_word' id='word_1_813' title='bbox 3325 5775 3478 5824; x_wconf 81' lang='lat' dir='ltr'><strong>vera,</strong></span> 
     </span>
    </p>
   </div>
   <div class='ocr_carea' id='block_1_119' title="bbox 1900 5849 3482 5925">
    <p class='ocr_par' dir='ltr' id='par_1_119' title="bbox 1900 5849 3482 5925">
     <span class='ocr_line' id='line_1_119' title="bbox 1900 5849 3482 5925; baseline 0.004 -19"><span class='ocrx_word' id='word_1_814' title='bbox 1900 5849 2004 5906; x_wconf 70' lang='lat' dir='ltr'><strong>sed</strong></span> <span class='ocrx_word' id='word_1_815' title='bbox 2033 5849 2383 5921; x_wconf 77' lang='lat' dir='ltr'><strong>opinantibus</strong></span> <span class='ocrx_word' id='word_1_816' title='bbox 2417 5859 2625 5906; x_wconf 86' lang='lat' dir='ltr'><strong>tantum</strong></span> <span class='ocrx_word' id='word_1_817' title='bbox 2660 5852 2973 5912; x_wconf 82' lang='lat' dir='ltr'><strong>hominibus</strong></span> <span class='ocrx_word' id='word_1_818' title='bbox 3015 5853 3338 5925; x_wconf 83' lang='lat' dir='ltr'><strong>apparuisse</strong></span> <span class='ocrx_word' id='word_1_819' title='bbox 3359 5893 3376 5924; x_wconf 87' lang='lat'><strong>,</strong></span> <span class='ocrx_word' id='word_1_820' title='bbox 3413 5865 3482 5913; x_wconf 80' lang='lat' dir='ltr'><strong>ac</strong></span> 
     </span>
    </p>
   </div>
  </div>
