4248 6456
749 345 856 409 503

2067 352 2394 416 GEORGII
2435 355 2776 421 CEDRENI

3922 365 4031 433 5οι

745 469 914 529 atque
945 457 1154 514 lndocti
1200 459 1473 527 homines,
1510 475 1612 517 nos
1651 476 1775 518 cum
1807 462 1876 518 de
1905 461 2124 520 duabus
2160 463 2339 534 loqui-

2444 482 2633 538 γωμεν
2661 470 2852 548 ἡμεῖς,
2879 471 2939 524 ού
2974 471 3111 527 Θεοῦ
3148 475 3244 529 καὶ
3299 474 3502 548 σαρκὸς
3528 515 3543 541 ,
3590 473 3713 528 οὔτε
3763 475 3871 545 μὴν
3901 474 4041 528 Θεοῦ

743 566 869 605 mur
901 551 1138 616 naturis,
1173 567 1282 606 non
1311 551 1457 622 loqui
1482 552 1550 608 de
1572 551 1684 609 Deo
1706 563 1761 609 et
1795 569 2048 625 corpore,
2078 571 2258 625 neque
2277 555 2346 610 de

747 644 860 698 Deo
891 652 944 698 et
980 642 1192 708 anima,
1225 643 1320 699 sed
1362 642 1429 699 de
1459 642 1569 700 Deo
1603 652 1657 700 et
1697 644 1938 702 homine.
1975 645 2162 717 Neque
2196 647 2344 702 enim

744 734 972 805 proprie
1004 735 1245 792 hominis
1284 745 1479 790 natura
1513 737 1564 792 id
1590 737 1902 808 appellatur
1919 740 2065 811 quod
2093 740 2348 796 humana:

742 833 954 880 natura:
980 837 1226 896 parsest.
1249 828 1462 899 Quippe
1479 837 1587 883 tam
1613 845 1992 902 corpusquam
2016 835 2196 886 anima
2223 848 2348 904 par-

740 928 826 974 tes
857 927 987 974 sunt
1020 920 1297 984 hominis;
1341 930 1507 992 atque
1535 924 1664 994 ipsa:
1693 933 1876 994 partes
1907 940 2100 980 rursus
2125 925 2177 980 in
2209 927 2345 983 alias

740 1027 873 1066 suas
892 1021 1074 1082 partes
1095 1013 1438 1077 dividuntur,
1462 1017 1708 1086 repetitis
1737 1019 1899 1072 etiam
1924 1017 2187 1088 deinceps
2211 1020 2344 1074 divi-

740 1105 992 1159 sionibus
1011 1106 1062 1159 in
1083 1106 1219 1162 alias
1244 1108 1506 1163 minores.
1530 1110 1606 1162 lta
1629 1118 1812 1180 partes
1842 1111 2049 1166 Christi
2071 1112 2345 1168 distincta:

741 1206 871 1250 sunt
898 1197 1084 1252 divina
1127 1211 1292 1271 atque
1320 1201 1559 1255 humana
1592 1211 1787 1257 natura
1816 1224 1826 1257 :
1859 1204 2039 1258 anima
2067 1215 2250 1261 autem
2290 1217 2344 1261 et

737 1289 899 1361 461
955 1305 1159 1361 corpus
1219 1293 1340 1348 alia:
1392 1303 1522 1348 sunt
1563 1303 1771 1364 partes,
1824 1296 1998 1365 partis
2049 1287 2337 1352 nimirum.

741 1380 922 1435 l’orro
961 1389 1146 1450 partes
1199 1384 1438 1452 partium
1470 1385 1734 1450 hominis,
1792 1387 1938 1456 quod
1988 1387 2054 1441 ad
2104 1390 2342 1442 animam

746 1471 969 1537 attinet,
1004 1483 1136 1528 sunt
1165 1476 1479 1530 substantia
1520 1478 1733 1531 ratione
1770 1479 1996 1550 przedita
2026 1490 2078 1536 et
2106 1482 2343 1552 qualitas

740 1566 992 1636 corporis
1021 1583 1242 1637 expers.
1277 1569 1339 1622 Et
1366 1570 1564 1625 anima:
1600 1572 1747 1628 aliud
1789 1584 1874 1630 est
1905 1577 2049 1644 quod
2087 1575 2342 1644 imperat,

740 1659 890 1713 aliud
935 1661 1080 1729 quod
1132 1661 1418 1728 irascitur,
1475 1665 1624 1719 aliud
1652 1668 1796 1736 quod
1839 1669 2069 1736 appetit,
2105 1676 2160 1722 et
2195 1670 2341 1738 quod

741 1752 1020 1824 intelligit,
1055 1756 1280 1824 cogitat,
1313 1758 1568 1813 meminit
1601 1769 1764 1827 atque
1796 1761 2059 1826 consulit,
2098 1761 2342 1831 itemque

740 1843 888 1911 quod
945 1847 1152 1915 appetit
1214 1857 1268 1902 et
1331 1849 1600 1914 attrahit,
1673 1857 1790 1904 tum
1854 1853 1999 1922 quod
2070 1851 2335 1919 defendit,

737 1935 960 1991 diversa
1013 1949 1162 2003 sunt,
1205 1939 1400 2010 hisque
1433 1957 1630 1997 rursus
1659 1943 1858 1997 divisis
1891 1945 1996 1998 alia
2021 1955 2333 2016 emergunt.

738 2028 928 2100 Neque
987 2030 1040 2084 in
1081 2035 1374 2101 praesentia
1419 2037 1743 2104 qumrimus,
1788 2047 2043 2106 partesue
2090 2038 2191 2091 ista
2227 2038 2338 2093 sint

741 2123 914 2176 animi
946 2140 1014 2176 an
1050 2139 1180 2179 vero
1213 2123 1526 2182 facultates.
1563 2126 1780 2198 Corpus
1815 2145 2035 2199 quoque.
2067 2130 2338 2185 dividitur

740 2216 796 2268 in
833 2223 1042 2285 partes,
1105 2232 1338 2285 quarum
1393 2219 1512 2273 alia:
1566 2221 1815 2289 partibus
1852 2222 1995 2274 idem
2040 2238 2240 2276 nomen
2283 2231 2336 2275 et

738 2308 990 2363 eamdem
1023 2309 1262 2378 speciem
1300 2313 1657 2369 servantibus
1694 2323 1976 2378 conStant,
2015 2315 2134 2370 alia:
2161 2316 2334 2372 dissi-

739 2401 990 2465 milibus,
1042 2413 1102 2456 ut
1160 2405 1398 2474 primum
1436 2407 1490 2461 in
1537 2417 1703 2478 caput
1752 2423 1950 2462 manus
2001 2409 2188 2478 pcdcs,
2220 2410 2335 2465 haec

738 2493 1017 2550 deindein
1056 2514 1179 2552 ossa
1214 2514 1413 2555 nervos
1449 2517 1692 2567 carnem,
1721 2503 1834 2558 hmc
1867 2520 2062 2560 rursus
2108 2507 2160 2560 in
2197 2524 2336 2578 qua-

740 2595 869 2641 tuor
901 2589 1198 2656 elcmenta,
1244 2601 1298 2646 et
1337 2611 1398 2648 ea
1424 2594 1645 2650 demum
1696 2597 1748 2649 in
1806 2599 2090 2653 materiam
2131 2616 2192 2655 ac
2220 2602 2336 2654 fur-

739 2696 909 2736 mam.
965 2683 1133 2740 Multa
1167 2701 1333 2755 porro
1365 2689 1472 2743 alia
1513 2689 1971 2758 philosorihantnr
2023 2694 2220 2748 medici
2267 2696 2334 2750 de

739 2773 1102 2830 facultatibus
1137 2778 1503 2845 naturalibus,
1551 2795 1789 2848 quarum
1816 2783 1978 2836 aliam
2019 2785 2334 2840 traetriceni

740 2865 906 2918 aliam
932 2867 1310 2923 alteratricem
1333 2870 1495 2923 aliam
1528 2873 1887 2940 expultricem
1919 2875 2131 2930 dicunt.
2167 2877 2336 2932 Multa

739 2959 906 3011 etiam
965 2959 1034 3013 tle
1085 2961 1366 3026 sensibus,
1411 2962 1479 3018 de
1533 2964 1868 3035 imaginandi
1921 2967 2208 3034 facultate,
2269 2971 2336 3025 de

740 3051 895 3104 \itali
945 3066 1011 3105 ac
1067 3068 1160 3122 per
1201 3054 1567 3110 instrumenta
1605 3073 1704 3111 sua
1741 3058 1913 3114 didito
1947 3062 2184 3130 spiritu,
2239 3065 2334 3134 qui

2451 558 2548 612 και
2573 558 2780 629 ψυχῆς,
2813 543 2948 615 ante
2975 561 3116 616 Θεοῦ
3144 564 3240 618 καὶ
3281 543 3595 636 ἀνόρώπου.
3623 543 3896 636 οὐδὲγάρ
3917 567 4041 620 ἐστι

2450 651 2659 720 κυρίως
2705 650 2999 722 ἀνθρώπου
3033 655 3199 724 φύσις
3232 657 3265 728 ἡ
3301 658 3395 710 τοῦ
3425 656 3625 728 μέρους
3668 655 3851 726 φύσις.
3878 657 4042 725 Μέρη

2454 741 2554 812 μὲν
2585 743 2694 812 γὰρ
2739 744 3031 815 ἀνθρώπου
3075 747 3222 819 ψυχὴ
3277 749 3374 804 καὶ
3412 749 3594 819 σῶμα,
3659 749 3804 819 μέρη
3837 749 3895 802 δὲ
3931 749 4044 802 τῶν

2453 835 2638 907 μερῶν
2670 837 2727 888 αἱ
2769 839 2898 910 περὶ
2931 841 3072 894 αύτὰ
3115 841 3416 912 διαιρέσεις
3469 859 3529 895 τε
3566 843 3659 895 καὶ
3722 842 4046 912 ὑποδιαιρέη

2453 944 2586 991 σεις.
2614 927 2724 982 Καὶ
2766 930 2907 1002 μέρη
2959 933 3060 1002 μὲν
3100 933 3341 1005 Χριστοῦ
3393 933 3678 1006 ἀσύγχυτα
3711 935 3906 1004 θεότης
3944 935 4046 987 καὶ

2446 1022 2829 1094 ἀνθρωπότης,
2855 1024 3000 1096 ψυχὴ
3022 1026 3078 1080 δὲ
3120 1027 3212 1081 καὶ
3249 1028 3409 1098 σῶμα
3455 1027 3591 1083 ἄλλα
3638 1027 3779 1098 μέρη
3808 1025 3904 1079 τοῦ
3944 1027 4045 1095 μὲ-

2450 1131 2595 1182 ρους.
2624 1116 2785 1188 Μέρη
2821 1119 2920 1187 μὲν
2957 1119 3070 1174 τῶν
3100 1121 3286 1192 μερῶν
3328 1121 3422 1174 τοῦ
3473 1120 3766 1191 ἀνθρώπου
3811 1120 3904 1180 ἐπὶ
3940 1119 4046 1188 μὲν

2446 1201 2626 1274 ψυχῆς
2655 1205 2817 1258 οὐσία
2842 1206 3035 1280 λογικὴ
3079 1210 3176 1262 καὶ
3232 1209 3460 1281 ποιότης
3512 1209 3831 1279 ἀσώματος,
3874 1203 3951 1262 ὧν
3982 1208 4048 1260 τὸ

2450 1293 2554 1360 μὲν
2585 1293 2938 1365 ἡγεμονικὸν,
2968 1297 3030 1351 τὸ
3057 1298 3115 1351 δὲ
3154 1298 3410 1369 θυμικὸν,
3441 1299 3502 1352 τὸ
3529 1300 3585 1352 δὲ
3617 1299 4048 1369 ἐπιθυμητικόν.

2448 1383 2670 1440 Τούτων
2706 1386 2768 1440 τὸ
2792 1388 2892 1458 μὲν
2912 1391 3311 1461 ἐννοηματικδν
3333 1391 3678 1461 διανοητικδν
3728 1409 4045 1462 μνημονευ-

2446 1477 2596 1531 τικὸν
2621 1480 2799 1532 τεκαὶ
2840 1480 3219 1550 βουλευτικὸν,
3279 1485 3338 1537 τδ
3386 1484 3443 1536 δὲ
3488 1484 3782 1554 ὀρεκτικόν
3829 1500 3889 1536 τε
3943 1483 4041 1535 καὶ

2447 1568 2720 1637 ἑλκτικὸν,
2758 1573 2819 1625 τὸ
2851 1574 2908 1628 δὲ
2941 1575 3265 1644 ἀμυντικόν.
3299 1577 3412 1630 Καὶ
3441 1577 3612 1630 πολλὰ
3637 1578 3802 1648 ἕτερα
3823 1577 4046 1641 τούτοις

2448 1663 2919 1734 ὑποδιαιροῦνται.
2976 1667 3249 1738 Ἀφείσθω
3307 1669 3378 1722 τὰ
3422 1669 3520 1722 νῦν
3568 1669 3754 1738 ζητεῖν
3807 1669 4046 1738 πότερον

2450 1753 2536 1826 [Ρ.
2566 1752 2698 1827 265]
2732 1755 2806 1819 ὼς
2847 1757 2988 1829 μέρη
3012 1757 3188 1812 ταῦτα
3209 1759 3348 1812 εἰσὶν
3378 1761 3436 1813 ὲν
3477 1762 3542 1829 τῇ
3575 1759 3720 1830 ψυχῇ
3751 1761 3784 1830 ἦ
3821 1760 3894 1821 ὼς
3941 1759 4038 1811 δυ·

2444 1847 2659 1918 νάμεις.
2702 1849 2766 1903 Ἦ
2802 1849 2858 1902 δὲ
2892 1849 2989 1904 τοῦ
3026 1850 3284 1922 σώματος
3321 1850 3486 1905 πάλιν
3517 1852 3788 1922 διαίρεσις
3823 1852 4043 1919 γίνεται

2440 1944 2518 2005 εἰς
2554 1944 2888 2017 ὁμοιομερῆ,
2923 1945 3016 2000 καὶ
3047 1945 3254 2000 τούτων
3283 1946 3362 2000 ἔτι
3392 1948 3474 2010 εἰς
3506 1946 3754 2018 κεφαλὴν
3795 1948 3891 2000 καὶ
3926 1949 4046 2016 Zai-

2443 2054 2544 2108 ρας
2577 2039 2670 2091 καὶ
2706 2039 2896 2105 πόδας,
2933 2040 3230 2094 καὶταῦτα
3273 2043 3353 2104 είς
3384 2040 3551 2096 ὀστέα
3601 2041 3694 2093 καὶ
3726 2038 3894 2111 νεῦρα
3944 2039 4048 2091 καὶ

2446 2132 2652 2202 σάρκα,
2685 2133 2779 2186 καὶ
2808 2133 2986 2187 ταῦτα
3011 2135 3090 2198 εἰς
3129 2133 3376 2204 τέσσαρα
3421 2135 3684 2204 στοιχεῖα,
3719 2133 3816 2186 καὶ
3865 2132 4046 2186 ταῦτα

2439 2223 2519 2285 εἰς
2551 2222 2684 2291 ὓλην
2715 2223 2807 2275 καὶ
2837 2218 2995 2286 εἶδος.
3025 2223 3204 2276 Πολλὰ
3234 2222 3290 2276 δὲ
3322 2221 3417 2276 καὶ
3442 2222 3609 2293 ἕτερα
3641 2221 4040 2290 φιλοσοφοῦσιν

2443 2317 2646 2386 ἰατρῶν
2673 2317 2862 2380 παῖδες
2898 2317 3028 2388 περὶ
3063 2317 3308 2386 φυσικῶν
3336 2317 3640 2388 δυνάμεων,
3672 2310 3748 2370 ὧν
3793 2315 3892 2385 τὴν
3936 2316 4042 2385 μὲν

2440 2410 2718 2480 ἑλκτικὴν,
2750 2411 2848 2481 τὴν
2879 2410 2934 2464 δὲ
2985 2410 3369 2481 ἀλλοιωτικὴν,
3415 2411 3514 2483 τὴν
3575 2409 3632 2464 δὲ
3672 2408 4044 2481 ἀποκριτικὴν

2439 2501 2788 2572 ὀνομάζουσι,
2831 2501 3000 2556 πολλὰ
3030 2503 3088 2555 δὲ
3121 2503 3217 2556 καὶ
3245 2504 3372 2574 περί
3402 2501 3711 2571 αῑσῡὴσεως
3763 2502 3859 2554 καὶ
3895 2519 4034 2570 φαν-

2440 2596 2629 2658 τασίας
2665 2599 2758 2649 καὶ
2793 2595 2884 2649 τοῦ
2922 2596 3242 2667 συνέχοντος
3281 2595 3342 2648 τδ
3378 2595 3520 2661 ζῶον
3561 2593 3800 2659 ζωτικοῦ
3824 2593 3919 2647 καὶ
3947 2595 4047 2664 ορ-

2440 2689 2665 2758 γανικοῦ
2719 2690 3057 2761 πνεύματος,
3138 2690 3328 2761 ἐτέρου
3384 2688 3536 2758 παρὰ
3586 2689 3648 2741 τὸ
3684 2687 3922 2756 λογικὸν,
3963 2686 4044 2750 ὣς

2444 2799 2631 2850 φασιν,
2677 2783 3040 2852 ὑπάρχοντος.
3093 2784 3260 2834 Ὥστε
3295 2779 3476 2834 τοίνυν
3533 2779 3750 2850 ἀπόχρη
3796 2778 3936 2849 πρὸς
3969 2778 4038 2830 τὸ

2441 2876 2796 2947 παραστῆσαι
2831 2875 3005 2928 ταῦτα
3061 2874 3242 2929 πάντα
3280 2872 3414 2946 [διὰ]
3447 2874 3507 2926 τὸ
3541 2874 3718 2942 σάρκα
3764 2874 3945 2926 εἰπεῖν
3992 2871 4030 2942 ἢ

2442 2967 2602 3035 σῶμα
2635 2966 2954 3037 ἀνθρώπου,
2989 2968 3084 3020 καὶ
3114 2966 3336 3037 ἀπόχρη
3362 2959 3527 3019 ἒιάλιν
3559 2965 3647 3019 διὰ
3677 2966 3775 3036 τῆς
3801 2964 4038 3035 λογικῆς

2437 3061 2615 3131 ψυχῆς
2645 3061 2704 3113 τὸ
2735 3063 2812 3123 εἰς
2845 3060 2880 3114 ἃ
2919 3062 3214 3132 διαιρεῖται
3252 3061 3392 3132 μέρη
3420 3059 3669 3130 δηλῶσαί
3708 3075 3768 3111 τε
3793 3060 3890 3110 καὶ
3928 3075 4042 3110 πα-

739 3144 997 3199 animalis
1029 3146 1194 3201 vitam
1229 3158 1542 3213 (Ottscrvat,
1571 3166 1734 3221 quem
1770 3154 1838 3204 ab
1873 3153 2175 3210 intellectui
2215 3174 2337 3211 svr-

2449 3155 2724 3225 ραστῆσαι
2772 3155 2839 3207 τὰ
2873 3153 2932 3217 ἐξ
2971 3149 3049 3208 ὧν
3105 3156 3437 3224 συνέστηκεν
3470 3155 3527 3204 ἐν
3558 3147 3638 3215 οἷς
3684 3150 4039 3220 γνωρίζεται.

742 3237 923 3291 \iente
977 3239 1259 3293 diversum
1315 3249 1590 3296 statuunt.
1650 3244 2127 3309 Quemadmodum
2172 3249 2339 3318 igitur

741 3324 808 3376 ad
871 3323 974 3378 ista
1038 3327 1203 3380 simul
1279 3331 1536 3385 universa
1605 3337 2088 3391 commemoranda
2141 3342 2339 3394 sullicit

743 3415 1032 3470 nominare
1067 3420 1148 3472 vel
1183 3433 1406 3474 carnem
1433 3424 1514 3477 vel
1542 3439 1744 3493 corpus
1776 3427 2039 3494 hominis,
2073 3431 2143 3485 ita
2179 3449 2336 3488 men-

742 3509 892 3564 tione
942 3511 1140 3565 anima:
1195 3515 1408 3568 ratione
1460 3518 1702 3586 praeditae
1752 3519 1926 3584 facta,
1983 3523 2119 3578 satis
2171 3527 2336 3580 etiam

744 3601 1125 3671 intelliguntur
1164 3604 1285 3674 ejus
1349 3616 1557 3675 partes,
1611 3609 1664 3663 in
1703 3625 1841 3680 quas
1891 3611 2154 3668 dividitur
2176 3623 2230 3670 et
2267 3632 2334 3672 ex

743 3693 946 3762 quibus
978 3705 1220 3750 constat.
1270 3697 1467 3753 Verum
1503 3700 1594 3756 isti
1622 3717 1730 3757 non
1761 3711 1820 3758 ut
1857 3705 2135 3762 hominem
2167 3711 2339 3765 omni-

746 3783 852 3839 bus
889 3788 1138 3842 numeris
1165 3789 1480 3845 absolutnm
1510 3795 1901 3864 pronuntient,
1953 3799 2048 3853 sed
2080 3809 2138 3854 ut
2177 3800 2338 3856 Chri—

747 3885 894 3930 stum
931 3879 1341 3935 ealumnientur
1395 3898 1634 3956 eumque
1687 3900 1715 3939 a
1752 3897 1940 3942 nostra
1976 3900 2174 3947 natura
2203 3895 2337 3950 alie-

2443 3247 2507 3297 Οἱ
2543 3246 2621 3311 δὲ,
2655 3249 2753 3316 ούχ
2785 3248 2870 3298 ἵνα
2896 3248 2989 3299 τὸν
3048 3246 3340 3316 ἄνθρωπον
3397 3244 3604 3298 τέλειον
3647 3244 4042 3312 ἀποφήνωσιν,

2443 3338 2558 3392 ἀλλ’
2587 3339 2674 3392 ἵνα
2696 3340 2787 3392 τὸν
2811 3339 3018 3408 Κύριον
3045 3339 3502 3408 συκοφαντήσωσι
3530 3337 3619 3388 καὶ
3640 3335 3738 3404 τῆς
3759 3334 4044 3406 ἡμετέρας

2443 3433 2605 3485 αὑτὸν
2635 3430 3045 3500 ἀλλοτριώσωσι
3077 3430 3314 3497 φύσεως,
3339 3428 3490 3497 καὶῆ
3519 3427 3594 3497 μὴ
3625 3425 4046 3498 προσειληφότα

2443 3523 2543 3592 τὴν
2573 3521 2748 3592 ἀρχὴν
2779 3523 2839 3574 τὸ
2861 3521 3135 3591 ἡμέτερον
3168 3519 3201 3590 ἦ
3235 3520 3310 3589 μὴ
3343 3518 3663 3586 φυλάξαντα
3709 3515 3852 3570 σῶον
3893 3516 4043 3586 ὅπερ

2446 3617 2571 3687 ἔσχε
2600 3618 2728 3686 παρ’
2754 3616 2932 3685 ἡμῶν,
2965 3613 3142 3667 ταῦτα
3167 3614 3262 3666 καὶ
3300 3613 3369 3665 τὰ
3400 3611 3629 3665 τοιαῦτα
3658 3609 4040 3679 σοφιζόμενοι,

2447 3711 2543 3765 καὶ
2589 3710 2719 3780 περὶ
2752 3707 2814 3761 τὺ
2852 3708 3216 3779 παράδειγμα
3266 3703 3730 3774 κακουργοῦντες,
3767 3703 3845 3764 εις
3894 3701 4046 3767 aea.

2449 3821 2610 3868 κτους
2674 3803 2768 3854 καὶ
2801 3800 3205 3867 ἀδιεξοδεύτους
3263 3796 3738 3851 καταπεπτὼκασι
3780 3793 4047 3863 λαϐυρίν-

2448 3896 2596 3959 θους.

747 3989 880 4027 num
917 3974 1141 4043 faciant,
1179 3987 1238 4032 ut
1269 3979 1350 4034 vel
1381 3995 1449 4036 ne
1481 3986 1851 4055 assumpsisse
1908 3987 2133 4057 quidem
2181 3993 2344 4048 initio
2383 4003 2629 4050 nostram
2685 4000 2938 4046 naturam
2992 3990 3273 4052 credatur,
3308 3987 3392 4042 vel
3444 3986 3498 4041 id
3570 3984 3842 4056 integrum
3929 3996 4043 4036 non

749 4087 1000 4128 servasse
1027 4077 1172 4144 quod
1207 4093 1233 4130 a
1262 4077 1422 4133 nobis
1458 4089 1769 4150 acceperat,
1805 4093 2098 4153 propterea
2134 4087 2452 4158 bujusmodi
2487 4089 2544 4162 4
2603 4089 2655 4158 2
2707 4088 2973 4160 captiosis
3013 4095 3244 4141 utuntur
3273 4081 3816 4144 ratiocinationibus,
3847 4091 4045 4133 exem-

749 4166 1013 4236 plumque
1044 4169 1678 4240 propositummalalide
1703 4179 2588 4244 pervertentesiuextricabilibus
2652 4192 2706 4235 et
2765 4181 2973 4235 exitum
3024 4194 3133 4234 non
3193 4176 3526 4233 habentibus
3595 4188 3718 4230 sese
3789 4170 4044 4226 insinua-

751 4273 952 4320 verunt
982 4265 1331 4336 labyrintltis.

826 4360 903 4414 De
935 4362 1018 4416 his
1056 4373 1110 4416 et
1137 4375 1329 4416 eorum
1365 4362 1641 4419 similibus
1689 4365 1874 4435 impiis
1926 4367 2215 4425 erroribus
2265 4370 2339 4426 ita

750 4456 948 4511 scribit
979 4454 1383 4510 'l‘heodoretus.
1410 4455 1550 4511 Sunt
1581 4457 1828 4527 quidem,
1859 4459 2058 4530 inquit,
2091 4463 2340 4518 nonnulli

2534 4375 2753 4444 Ἀμέλει
2783 4375 2848 4444 γέ
2875 4391 2958 4427 τοι
2991 4372 3084 4428 καὶ
3107 4370 3457 4441 Θεοδώρητος
3483 4369 3587 4438 ἔψη
3646 4366 3773 4434 περὶ
3825 4365 4042 4419 τούτων

2452 4469 2677 4522 καὶτῶν
2718 4467 2976 4521 τοιούτων
3008 4465 3244 4519 ἀνοσίων
3299 4462 3475 4524 οὕτως
3501 4477 3514 4490 ·
3559 4460 3677 4513 Εἰσὶ
3730 4458 3917 4527 μέντοι
3973 4459 4042 4524 γέ

752 4550 919 4602 etiam
976 4549 1204 4603 nomine
1255 4548 1603 4614 Christiani,
1663 4551 1756 4621 qui
1818 4552 1998 4621 palam
2051 4555 2338 4611 veritatem

2447 4574 2591 4621 τινες
2614 4557 2664 4610 οἳ
2697 4556 2792 4609 καὶ
2825 4553 3178 4626 Χριστιανῶν
3213 4553 3316 4624 μὲν
3375 4550 3755 4622 προσηγορίαν
3797 4548 4040 4617 ἔχουσιν,

752 4647 1094 4710 oppugnant.
1142 4638 1348 4694 llorum
1381 4642 1473 4696 alii
1517 4642 1570 4698 id
1625 4645 1771 4714 quod
1808 4646 2052 4714 genitum
2090 4662 2198 4702 non
2233 4656 2338 4715 est,

750 4734 808 4787 in
866 4733 970 4786 tria
1004 4733 1340 4802 partiuntur,
1371 4734 1427 4788 in
1463 4734 1696 4800 bonum,
1734 4737 1938 4790 malum
1993 4748 2049 4793 et
2103 4740 2338 4808 justum.

751 4824 860 4878 Alii
891 4825 999 4878 duo
1033 4841 1314 4895 nunquam
1343 4836 1470 4880 nata
1513 4826 1788 4898 principia
1829 4829 2156 4902 depingunt,
2192 4833 2340 4888 invi-

751 4934 874 4973 cem
905 4933 1070 4989 quam
1103 4922 1340 4976 maxime
1395 4923 1694 4978 contraria.
1753 4926 1884 4991 Alii,
1939 4927 2032 4997 qui
2068 4943 2128 4984 se
2162 4929 2342 5000 impiis

754 5009 880 5066 istis
951 5009 1307 5080 opinionibus
1387 5014 1671 5070 adversari
1731 5015 2058 5084 profitentur
2092 5058 2109 5083 ,
2177 5021 2340 5076 aliam

757 5101 1062 5173 impietatis
1124 5103 1268 5158 viam
1316 5106 1750 5175 ingrediuntur:
1797 5110 2142 5180 unigenitum
2193 5114 2341 5168 enim

755 5190 854 5247 Dei
899 5191 1137 5248 Verbum
1185 5210 1312 5250 cum
1344 5194 1620 5253 fateantur
1653 5213 1778 5254 esse
1820 5196 2044 5268 Filium,
2079 5209 2341 5273 tanquam

753 5283 964 5337 factum
998 5286 1272 5340 creaturis
1315 5297 1704 5354 annumerant,
1753 5289 1920 5360 inque
1953 5306 2145 5346 earum
2194 5293 2342 5347 ordi-

753 5391 878 5430 nem
916 5377 1255 5432 conditorem
1295 5379 1567 5449 redigunt.
1629 5381 1892 5436 Sanctum
1924 5399 2143 5454 quoque
2169 5383 2341 5454 Spiri-

757 5478 872 5524 tum
926 5471 1096 5542 impio
1155 5487 1408 5527 sermone
1460 5474 1647 5529 divina
1701 5477 2072 5532 exterminant
2121 5487 2338 5533 natura.

757 5563 866 5617 Alii
901 5562 1008 5617 alio
1043 5583 1072 5617 a
1119 5573 1270 5620 recto
1314 5567 1512 5622 itinere
1539 5567 1898 5637 divertentes,
1933 5570 2066 5626 dum
2094 5572 2340 5641 vestigiis

757 5661 1205 5724 antegressorum
1238 5658 1503 5714 insistere
1535 5660 1867 5727 detrectant,
1919 5661 2082 5734 longe
2113 5677 2144 5718 a
2193 5663 2340 5718 veri-

755 5751 868 5798 tate
900 5744 1316 5804 aberraverunt.
1343 5748 1546 5806 Eorum
1571 5753 1823 5808 nonnulli
1853 5751 2057 5811 Christi
2087 5755 2142 5811 in
2173 5771 2342 5813 carne

758 5837 1222 5910 dispensationem
1272 5857 1368 5914 pro
1401 5841 1790 5921 nobisfactam
1824 5861 2052 5916 prorsus
2090 5847 2337 5906 intitian-

2446 4651 2709 4721 ἄντικρυς
2742 4647 2800 4700 δὲ
2823 4649 2935 4711 τοῖς
2958 4646 3058 4714 τῆς
3091 4645 3357 4715 ἀληθείας
3386 4645 3622 4712 δόγμασι
3678 4639 4036 4709 πολεμοῦσιν.

2447 4743 2511 4796 Ol.
2543 4743 2641 4812 μὲν
2668 4740 2778 4810 γὰρ
2805 4739 2866 4792 τὸ
2891 4739 3193 4809 ἀγέννητον
3218 4739 3298 4800 εἰς
3345 4736 3472 4806 τρία
3512 4736 3793 4803 τέμνουσι,
3830 4732 3924 4785 καὶ
3976 4732 4044 4782 τὸ

2449 4836 2548 4904 μὲν
2579 4832 2838 4887 καλοῦσιν
2869 4830 3094 4898 ἀγαθὸν,
3129 4829 3190 4882 τὺ
3213 4828 3268 4882 δὲ
3320 4829 3513 4893 κακὸν,
3542 4827 3605 4879 τὸ
3631 4825 3690 4879 δὲ
3714 4824 3943 4877 δίκαιον.
3971 4822 4043 4874 Οἱ

2444 4927 2501 4980 δὲ
2528 4925 2623 4978 δύο
2649 4925 2825 4996 ἀρχὰς
2858 4925 3193 4992 ἀγεννήτους
3227 4918 3612 4992 ζωγραφούσι,
3647 4918 3726 4987 τῷ
3753 4917 3900 4987 λόγῳ
3927 4914 4032 4968 αλ-

2444 5017 2634 5088 λήλαις
2667 5017 2918 5080 ἐναντίας
2959 5017 3025 5070 ὲκ
3083 5014 3410 5087 διαμέτρου.
3449 5014 3637 5067 ’Δλλοι
3678 5011 3738 5065 δὲ
3781 5013 3896 5073 τοῖς
3930 5010 4036 5078 μιν

2445 5111 2668 5165 ἀσεϐέσι
2693 5111 2907 5172 τούτοις
2952 5112 3211 5180 πολεμεῖν
3266 5109 3696 5178 ἐπαγγέλλονται
3739 5105 4033 5173 δύγμασιν.

2446 5205 2640 5273 ἑτέραν
2687 5205 2745 5258 δὲ
2775 5202 3100 5267 δυσσεϐείας
3146 5201 3458 5255 ἐπινοοῦσιν
3483 5201 3602 5254 ὁδὸν
3624 5217 3634 5229 ⁸
3677 5200 3768 5250 τὸν
3801 5197 3910 5266 γὰρ
3937 5193 4037 5248 τοῦ

2445 5299 2580 5353 Θεοῦ
2610 5298 2878 5368 μονογενῆ
2908 5299 3078 5365 Λόγον
3100 5295 3495 5365 ὁμολογοῦντες
3528 5295 3657 5347 Υἰδν
3689 5293 3766 5353 ὡς
3816 5290 4038 5358 ποίημα

2445 5395 2511 5463 τῇ
2550 5392 2724 5444 κτίσει
2783 5390 3201 5462 συναριθμοῧσι,
3263 5390 3360 5443 καὶ
3409 5390 3502 5441 τὸν
3543 5386 3785 5453 κτίστην
3842 5382 4040 5436 ἱστῶσι

2450 5485 2589 5551 μετὰ
2614 5483 2712 5551 τῆς
2751 5485 3005 5546 κτίσεως,
3035 5484 3126 5535 καὶ
3159 5482 3216 5534 τὸ
3238 5482 3394 5549 ἆγιον
3428 5477 3653 5547 Πνεῦμα
3680 5475 3758 5545 τῷ
3779 5473 4043 5527 δυσσεεεῖ

2445 5577 2586 5646 λόγῳ
2619 5580 2716 5648 τῆς
2748 5578 2895 5638 θείας
2923 5576 3227 5644 ἐξορίζουσι
3279 5574 3519 5642 φύσεως.
3557 5571 3742 5624 Ἄλλοι
3770 5569 3826 5623 δὲ
3854 5567 4035 5632 ἄλλως

2444 5670 2542 5739 τὴν
2570 5669 2786 5724 εὐθεῖαν
2815 5669 2932 5722 ὁδὸν
2962 5668 3334 5730 ἀπολέσαντες
3355 5669 3450 5719 καὶ
3476 5669 3587 5728 τοῖς
3615 5665 3722 5718 τῶν
3751 5663 4038 5735 προωδευ-

2443 5761 2622 5815 κότων
2658 5761 2864 5832 ἴχνεσιν
2893 5761 3262 5831 ἀκολουθῆσαι
3312 5761 3390 5834 μὴ
3451 5759 3802 5831 βουληθέντες
3840 5758 4039 5828 ςτορρω

2446 5869 2549 5906 που
2599 5853 2700 5923 τῆς
2749 5852 3010 5925 ἀληθείας
3057 5853 3325 5923 ἐγένοντο,
3366 5852 3460 5906 καὶ
3510 5852 3557 5906 οξ
3601 5850 3698 5923 μὲν
3738 5849 3836 5920 τὴν
3893 5849 4039 5918 ὑπὲρ
