4248 6456
202 387 300 453 505

1308 392 1860 456 HISTORIARUM
1889 394 2427 458 COMPENDIUM.

199 499 348 572 ἡμῶν
380 501 763 574 γεγενημένην
815 501 1138 577 οἰκονομίαν
1195 505 1482 571 παντελῶς
1525 508 1788 579 ἀπηρνή-

1909 524 2008 565 ιιιιι.
2049 510 2285 578 Quidam
2313 509 2552 568 Verbm
2583 511 2639 566 in
2665 523 2888 568 carnem
2914 508 3136 568 venisse
3167 507 3412 572 fatentur
3446 509 3490 568 li

203 609 378 660 σαντο,
416 594 463 647 oi
502 594 559 648 δὲ
592 595 921 665 ὁμολογοῦσι
949 597 1052 668 μὲν
1079 597 1508 672 ὲνανθρωπῆσαι
1542 600 1635 654 τὸν
1659 599 1794 654 Θεὸν

205 685 393 754 Λόγον.
437 685 597 754 σῶμα
629 686 687 740 δὲ
739 688 902 758 μόνον
956 688 1336 760 ἀνειληφέναι,
1364 692 1412 744 oi
1450 690 1505 744 δὲ
1549 690 1795 760 ἔμψυχον

212 777 305 846 μὲν
333 777 562 830 καλοῦσι
591 777 689 850 τὴν
719 778 1022 849 ληφθεῖσαν
1050 782 1254 852 σάρκα,
1306 783 1368 835 οὐ
1421 782 1529 854 μὴν
1566 783 1794 850 λογικὴν

208 869 256 920 δὲ
279 871 375 922 καὶ
406 872 602 942 νοερὰν
638 875 696 925 ὲν
735 872 910 946 ταύτῃ
943 875 1274 945 γεγενῆσθαι
1304 875 1509 946 ψυχὴν,
1537 877 1669 939 ἴσως
1696 876 1795 946 τὴν

203 965 405 1017 οἰκείαν
436 964 624 1020 ἄνοιαν
655 967 847 1020 τούτου
874 969 1182 1039 τεκμήριον
1223 968 1462 1039 ἔχοντες.
1499 969 1694 1039 Ἡμεῖς
1733 969 1791 1020 δὲ

203 1056 489 1128 ἀνθρώπου
517 1058 702 1131 ψυχὴν
723 1059 988 1129 οὐδεμίαν
1024 1061 1187 1130 ἴσμεν
1220 1062 1419 1132 ἑτέραν
1445 1063 1476 1132 ἢ
1505 1062 1604 1132 τὴν
1641 1063 1796 1130 λογι-

207 1150 302 1222 κὴν
337 1152 433 1206 καὶ
459 1152 752 1207 ἀθάνατον.
792 1152 880 1226 [Ρ.
910 1153 1041 1228 264]
1077 1156 1186 1210 Καὶ
1214 1155 1363 1210 ἄλλοι
1391 1155 1490 1227 μὲν
1524 1156 1686 1209 πάλιν
1720 1161 1798 1220 εἰς

203 1245 290 1301 δύο
320 1247 413 1300 τὸν
444 1248 543 1302 ἕνα
587 1249 828 1321 Χριστὸν
887 1235 1272 1322 διατέμνουσι,
1335 1253 1430 1304 καὶ
1473 1250 1661 1320 ἕτερον
1700 1252 1798 1319 μὲν

206 1337 342 1392 εἶναι
364 1341 759 1410 διατεινόμενοι
782 1341 874 1395 τὸν
899 1343 966 1396 ἐκ
992 1344 1274 1414 Παρθένου
1294 1343 1555 1413 τεχθέντα
1575 1343 1796 1403 τελείως

205 1430 513 1502 ἄνθρωπον,
545 1433 735 1504 ἕτερον
767 1433 823 1487 δὲ
845 1435 935 1488 τὸν
963 1437 1028 1488 ἐκ
1058 1436 1197 1488 Θεοῦ
1222 1437 1436 1506 [ἰατρὸς
1469 1437 1665 1504 Λόγον,
1702 1439 1799 1488 καὶ

205 1524 292 1576 ’τὶν
323 1525 424 1595 μὲν
458 1525 534 1586 ὡς
565 1524 857 1597 ἄνθρωπον
894 1527 1001 1600 ἰδίᾳ
1055 1527 1302 1590 τιθέντες
1329 1529 1424 1582 καὶ
1461 1529 1566 1583 άνὰ
1607 1528 1794 1598 μέρος.

207 1617 291 1672 τὸν
314 1619 372 1672 δὲ
399 1619 477 1682 ὡς
509 1619 642 1673 Θεὸν
672 1621 834 1690 φύσει
902 1639 964 1674 τε
1020 1622 1119 1676 καὶ
1150 1622 1384 1694 ἀληθείᾳ
1421 1623 1556 1675 Θεὸν
1592 1622 1798 1690 ὀνομά-

209 1709 410 1774 ζουσιν.
448 1711 634 1765 Ἀλλοι
656 1712 712 1764 δὲ
747 1712 1214 1783 παρατετράφθαι
1250 1714 1387 1778 φασὶ
1439 1713 1533 1766 τὸν
1562 1713 1627 1766 ἐκ
1662 1712 1797 1765 Θεοῦ

209 1807 423 1876 Πατρδς
459 1806 638 1872 Λόγον
697 1807 780 1869 εἰς
832 1806 1039 1860 ὀστέων
1075 1807 1169 1860 καὶ
1213 1806 1424 1877 νεύρων
1459 1809 1555 1858 καὶ
1596 1806 1797 1877 σαρκὸς

210 1899 389 1966 φύσιν,
429 1898 603 1952 ταῦτα
632 1900 814 1953 πάντα
843 1898 907 1952 δυ
919 1899 1134 1963 σσεόῶς
1161 1897 1610 1969 δογματίζοντες.

274 1993 511 2056 Τάκιτος
572 1992 927 2047 ἐϐασίλευσεν
992 1993 1087 2064 ἔτη
1142 1993 1210 2064 β’.
1264 1988 1434 2055 Οὗτος
1484 1991 1798 2061 Μαξιμίνον

212 2086 449 2156 συγγενῆ
481 2085 648 2139 αὐτοῦ
680 2086 952 2156 ἐπέστησε
994 2089 1062 2158 τῇ
1131 2085 1418 2157 ’Λσσυρίᾳο
1468 2084 1528 2138 ὃν
1581 2084 1671 2137 διὰ
1701 2085 1802 2155 τῆς

215 2180 305 2232 ὑπ’
332 2180 506 2234 αὐτοῦ
536 2179 844 2248 γενομένης
879 2179 1095 2243 ἀδικίας
1127 2178 1409 2240 ἀνελόντες
1446 2177 1497 2230 oi
1531 2176 1805 2246 στρατιῶο

209 2289 318 2333 ται,
354 2270 478 2326 εἶτα
509 2271 843 2342 φοϐηθέντες
877 2273 954 2343 μὴ
981 2272 1250 2343 ἐκδικήσῃ
1278 2270 1447 2325 αὑτὸν
1474 2271 1501 2322 ὁ
1541 2270 1798 2334 Τάκιτος,

212 2366 542 2421 ἀπέκτειναν
574 2368 669 2421 καὶ
695 2367 860 2421 αὑτὸν
892 2368 1148 2440 ὑποθήκῃ
1175 2365 1518 2437 Φλωριανοΰ.

281 2461 491 2530 Πρὸὄος
521 2463 616 2516 κα)⁸
654 2462 966 2533 Φλωριανὸς
1019 2461 1379 2515 ἐϐασίλευσαν
1422 2461 1518 2530 έτη
1553 2460 1648 2514 δύο
1701 2462 1805 2528 μῆ-

212 2571 304 2617 νας
336 2552 398 2607 δ’.
427 2549 598 2618 Οὗτος
640 2556 668 2608 ὁ
705 2555 917 2627 Πρόδος
961 2556 1298 2626 παράφρονα
1333 2555 1527 2608 ἑαυτὸν
1571 2557 1806 2620 ποιήσας

213 2646 389 2698 ἀνεῖλε
425 2645 521 2700 τὸν
550 2647 885 2718 Φλωριανόν.
929 2647 1054 2700 Ἐπὶ
1086 2646 1252 2700 αὑτοῦ
1281 2645 1483 2720 βροχῆς
1517 2644 1807 2711 γεγονυίας

216 2742 358 2805 σῖτος
398 2743 744 2812 μεμιγμένος
792 2741 869 2812 τῷ
928 2739 1081 2794 ’ὕδατι
1134 2727 1303 2802 πολὺς
1353 2738 1692 2809 κατηνέχθη,
1746 2738 1808 2790 ὃν

217 2834 619 2902 συναγαγόντες
648 2835 858 2904 σωροὺς
897 2833 1171 2905 μεγάλους
1197 2833 1486 2901 ἐποίησαν.
1528 2833 1810 2893 Ὡσαύτως

215 2928 306 2980 καὶ
334 2927 583 2996 ψεκάδας
617 2926 865 2996 ἀργύρου
909 2925 1310 2996 κατενεχθῆναί
1345 2943 1500 2993 φασι.
1535 2925 1810 2995 Βικτωρῖ-

214 3036 300 3082 νος
329 3019 387 3073 δὲ
415 3019 571 3088 φίλος
601 3019 696 3072 τοῦ
731 3019 942 3090 Πρὸεου
969 3020 1142 3091 ᾔτησε
1171 3019 1326 3088 φίλον
1355 3017 1523 3072 αὐτοῦ
1565 3017 1806 3088 ἄρχοντα

214 3114 474 3180 γενέσθαι
526 3115 607 3176 είς
657 3113 1028 3183 Βρεττανίαν·
1075 3114 1106 3166 ὁ
1157 3112 1215 3166 δὲ
1257 3111 1514 3164 ἀπελθὼν
1549 3111 1808 3179 άντῆρεν.

225 3205 656 3274 Ὀνειδιζόμενος
698 3203 755 3257 δὲ
789 3206 817 3257 ὁ
848 3206 1181 3273 Βικτωρῖνος
1229 3204 1296 3257 δι’
1337 3204 1502 3256 αὑτὸν
1528 3202 1809 3270 ἀπεστάλη

215 3297 445 3351 παύσων
490 3296 590 3366 τὴν
640 3297 963 3366 ἁνταρσίαν.
1023 3296 1554 3366 Προσποιησάμενος
1595 3295 1652 3347 δὲ
1703 3293 1813 3346 ἀπὸ

222 3389 524 3460 προσώπου
545 3389 771 3456 φεύγειν
797 3387 888 3440 τοῦ
919 3387 1207 3458 βασιλέως,
1243 3387 1318 3449 ὡς
1349 3386 1502 3456 φίλος
1527 3385 1641 3438 ’τοῦ
1681 3387 1813 3439 άντ-

215 3481 455 3546 ἁραντος
497 3481 774 3550 ἀπεδέχθη
812 3479 908 3533 καὶ
953 3481 1164 3532 ἀνεῖλεν
1194 3480 1378 3532 αὐτόν.
1425 3477 1813 3547 Ὑποστρέψας

216 3575 294 3639 δὲ,
347 3575 430 3638 ὡς
478 3573 627 3645 ἐξῄει
675 3571 772 3626 τοῦ
809 3571 1021 3630 πλοίου,
1054 3570 1229 3634 λύσας
1258 3571 1356 3640 τὴν
1389 3569 1586 3623 ἑαυτοῦ
1635 3568 1815 3638 ζώνην

213 3670 444 3741 ἔρριψεν
480 3670 562 3730 εἰς
592 3667 692 3736 τὴν
719 3665 993 3718 θάλασσαν
1015 3664 1113 3718 καὶ
1149 3664 1367 3731 εἰσῆλθε
1394 3664 1696 3726 λυσίζωνος
1733 3664 1814 3724 εἰς

214 3765 306 3819 τὸν
340 3762 597 3836 βασιλέα.
659 3762 716 3814 Ὀ
750 3761 806 3814 δὲ
854 3757 1127 3828 ὠργίσθη,
1165 3756 1340 3810 δοκῶν
1373 3756 1461 3823 ὑφ’
1493 3756 1686 3824 ἐτέρου
1710 3756 1812 3806 αὑ-

213 3859 305 3912 τὸν
328 3857 498 3912 τοῦτο
531 3853 882 3908 πεπονθέναι.
915 3853 1250 3922 Βικτωρῖνος
1279 3850 1335 3902 δὲ
1361 3849 1464 3918 ἔφη
1499 3847 1590 3917 ὑφ’
1616 3847 1812 3900 ἑαυτοῦ

215 3952 379 4006 τοῦτο
414 3949 704 4020 γενέσθαι,
737 3945 1109 4016 αἰτησάμενος
1139 3943 1340 4014 μηκέτι
1369 3942 1532 4010 ἄρξαι
1560 3941 1816 4011 πράγμα-

213 4063 324 4111 τος.
366 4043 545 4116 Ἀρχὴ
577 4042 686 4113 γάρ
713 4042 884 4102 πᾶσα,
913 4039 1039 4107 ἔφη,
1087 4036 1226 4108 μετὰ
1269 4034 1534 4087 κινδύνων
1568 4035 1664 4086 καὶ
1695 4033 1814 4086 κλι-

219 4141 531 4209 μακτήρων
559 4136 695 4206 (Ἶιί).
743 4135 802 4187 Ὀ
833 4130 890 4184 δὲ
927 4132 1024 4182 καλ⁸
1054 4127 1293 4199 ἡσυχίαν
1323 4125 1474 4194 αὐτῷ
1523 4123 1819 4194 ἐχαρίσατο

217 4233 308 4285 καὶ
338 4229 561 4301 δωρεάς
582 4226 785 4288 πολλὰς
819 4221 1117 4295 παρέσχεν.
1156 4218 1476 4272 Ἀπέκτεινε
1512 4217 1569 4270 δὲ
1607 4216 1818 4278 πάντας

215 4328 341 4388 τοὺς
377 4322 817 4382 ἀποκτείναντας
849 4315 1084 4373 Τάκιτον
1138 4313 1232 4366 καὶ
1261 4309 1628 4382 Αὑρηλιανδν,
1661 4311 1718 4362 έν
1748 4310 1814 4377 τῇ

216 4417 497 4488 Πειρίνθῳ
533 4416 628 4467 ἐπὶ
661 4411 907 4466 ἑστίασιν
941 4408 1106 4462 αὑτὸν
1148 4405 1411 4466 καλέσας.
1457 4399 1728 4474 ’Λνῃρέθη
1759 4399 1817 4452 δὲ

214 4513 310 4564 καὶ
336 4510 535 4572 αὐτός.

1899 603 2148 676 quidem,
2182 605 2281 662 sed
2307 605 2378 660 ab
2420 620 2488 661 eo
2522 610 2737 674 tantum
2789 618 2988 674 corpus
3037 605 3214 663 fuisse
3266 618 3491 661 assum-

1900 709 2055 767 ptum
2087 697 2454 754 contendunt.
2489 696 2630 753 Sunt
2665 696 3011 768 quicarnem
3035 712 3157 753 eam
3183 698 3490 754 animatae:

1901 787 2074 844 fuisse
2121 789 2454 855 concedant,
2516 790 2612 844 sed
2669 788 2909 842 animam
2964 796 3150 845 mente
3198 789 3493 862 praeditam

1903 876 2075 934 fuisse
2123 891 2348 951 negent,
2406 895 2522 938 sua:
2576 880 2817 940 fortasse
2874 881 3134 938 amentia:
3166 890 3494 954 argumento

1901 974 2146 1029 adducti.
2207 963 2320 1030 Nos
2351 989 2481 1030 vero
2513 977 2719 1030 nullam
2759 976 2923 1032 aliam
2959 976 3203 1033 hominis
3235 978 3495 1035 novimus

1901 1069 2143 1124 animam
2196 1085 2360 1140 quam
2401 1070 2615 1125 ratione
2671 1069 2958 1136 praeditam
3010 1078 3065 1126 et
3097 1071 3494 1128 immortalem.

1904 1163 2120 1218 Rursus
2171 1164 2262 1218 alii
2318 1163 2542 1218 unicum
2593 1161 2879 1218 Christum
2915 1164 2970 1220 in
3017 1163 3158 1220 duos
3178 1165 3498 1231 dissecant,

1901 1255 2354 1326 cantendcntque
2385 1256 2554 1310 alium
2605 1271 2727 1310 esse
2757 1271 2884 1311 eum
2927 1257 3018 1326 qui
3061 1256 3302 1326 perfecte
3329 1255 3496 1330 5.63

1903 1350 2066 1405 homo
2097 1359 2258 1404 natus
2286 1359 2372 1406 est
2407 1367 2475 1405 ex
2513 1348 2754 1420 Virgine.
2789 1351 2958 1403 al'um
2993 1348 3235 1406 Verbum
3271 1343 3368 1406 Dei
3389 1351 3496 1405 Pa-

1904 1443 2225 1510 tris.Atque
2260 1443 2413 1497 illum
2437 1444 2620 1512 quidet
2646 1462 2681 1508 I,
2709 1451 2898 1513 utpote
2929 1443 3229 1507 hominem.
3263 1446 3497 1501 seorsim

1901 1538 2197 1600 collocant,
2232 1536 2380 1591 hunc
2414 1543 2610 1591 natura
2643 1537 2812 1592 Deum
2843 1547 2897 1592 et
2934 1536 3137 1592 Filium
3180 1539 3495 1594 nominant.

1902 1632 2006 1685 Alii
2031 1631 2268 1686 Verbum
2294 1632 2348 1685 in
2376 1640 2632 1686 naturam
2655 1633 2885 1699 ossium,
2914 1648 3210 1688 nervorum
3237 1642 3292 1689 et
3308 1635 3498 1689 carnis

1903 1733 2302 1781 commutatum
2331 1725 2606 1780 amrmant
2629 1767 2643 1793 ,
2678 1741 2801 1797 quae
2827 1743 3020 1785 omnes
3052 1729 3346 1799 Opiniones
3366 1738 3500 1784 sunt
3597 1760 3602 1764 ~

1907 1816 2112 1886 impie.

1978 1995 2208 2052 Tacitus
2265 1997 2558 2068 imperavit
2621 2013 2800 2057 annos
2829 2001 2885 2056 2.
2928 2001 2981 2058 Is
3018 1999 3376 2057 Maximinum
3401 2015 3499 2059 co-

1907 2099 2133 2158 gnatum
2179 2107 2341 2147 suum
2383 2093 2625 2164 Assyriae
2663 2093 2928 2162 praefecit.
2990 2095 3188 2160 Quem,
3225 2095 3371 2165 quod
3410 2097 3499 2152 in-

1903 2182 2052 2248 juste
2079 2185 2252 2238 multa
2289 2194 2495 2253 ageret,
2530 2186 2732 2241 milites
2758 2186 3209 2250 trucidaverunt;
3245 2197 3500 2243 metuen-

1908 2283 2102 2343 tesque
2134 2290 2201 2328 ne
2234 2289 2354 2330 eam
2384 2274 2590 2330 caedem
2621 2274 2851 2332 Tacitus
2890 2277 3279 2342 ulcisceretur,
3318 2277 3498 2346 ipsum

1907 2382 2126 2436 quoque
2155 2365 2395 2420 Floriani
2421 2382 2588 2422 suasu
2632 2367 3055 2423 interfecerunt.

1982 2459 2193 2514 Probus
2225 2469 2280 2512 et
2309 2459 2603 2515 Flor-ianus
2631 2461 2998 2530 imperarunt
3026 2476 3202 2517 annos
3232 2461 3268 2515 2
3300 2470 3354 2518 et
3400 2463 3504 2519 tri-

1909 2563 2115 2607 entem.
2157 2553 2369 2608 Probus
2408 2553 2665 2607 simulata
2715 2555 2930 2607 insania
2963 2553 3283 2610 Florianum
3325 2555 3503 2611 inter-

1914 2646 2063 2701 fecit.
2127 2644 2243 2699 Suh
2289 2661 2355 2699 eo
2383 2647 2564 2716 pluvia
2596 2646 2803 2700 decidit
2839 2646 2893 2700 in
2924 2662 3032 2714 qua
3069 2646 3325 2702 frumenti
3362 2648 3504 2702 mul-

1912 2748 2026 2793 tum
2063 2739 2164 2794 fuit
2207 2754 2364 2810 aqua:
2398 2740 2746 2809 permistum,
2779 2741 3074 2810 magnique
3101 2741 3222 2808 ejus
3253 2740 3502 2812 congesti

1913 2841 2042 2885 sunt
2089 2832 2295 2886 acervi.
2347 2831 2556 2886 Ferunt
2594 2815 2760 2885 etiam
2798 2841 2984 2901 guttas
3030 2833 3239 2902 argenti
3272 2832 3500 2903 pluisse.

1916 2924 2238 2980 Victorinus
2287 2939 2451 2994 porro
2483 2923 2697 2978 amicus
2730 2923 2892 2979 Probi
2936 2924 3078 2994 apud
3113 2938 3246 2980 enm’
3273 2941 3373 2997 pro
3403 2941 3506 2982 suo

1916 3020 2155 3088 quodam
2213 3020 2391 3074 amico
2450 3020 2808 3082 intercessit,
2842 3026 2900 3072 ut
2958 3019 3006 3073 is
3060 3019 3114 3072 in
3165 3019 3502 3073 Britanniam

1917 3114 2215 3183 prmfectus
2245 3114 2580 3166 mitteretur.
2647 3111 2848 3168 Missus
2885 3120 3079 3167 contra
3112 3111 3502 3180 imperatorem

1920 3208 2247 3262 seditionem
2305 3205 2496 3260 movit.
2565 3205 2850 3259 Victorino
2912 3220 2975 3258 ea
3028 3205 3255 3260 rebellio
3301 3207 3506 3273 probro

1918 3304 2064 3363 data,
2103 3300 2415 3366 missusque
2452 3305 2539 3352 est
2589 3299 2654 3352 ad
2688 3312 2808 3352 eam
2847 3297 3169 3353 sedandam.
3224 3296 3505 3352 Simulans

1917 3411 2048 3465 ergo
2095 3410 2156 3449 se
2208 3394 2275 3448 ab
2302 3394 2634 3463 imperatore
2670 3392 3004 3464 profugisse,
3041 3401 3296 3460 receptus
3337 3390 3504 3446 amici

1921 3488 2040 3540 loco
2072 3499 2157 3540 est
2193 3500 2222 3538 a
2257 3485 2573 3539 rebellionis
2608 3491 2857 3546 auctore,
2919 3498 3159 3554 eumque
3207 3481 3506 3537 interfecit.

1923 3581 2196 3636 Reversus
2257 3578 2407 3638 inde.
2457 3592 2583 3631 cum
2641 3577 2818 3631 exiret
2875 3576 3045 3638 navi,
3103 3589 3299 3630 zonam
3346 3589 3505 3630 suam

1919 3676 2082 3731 solvit
2115 3689 2177 3727 ac
2203 3677 2255 3726 in
2293 3686 2444 3725 mare
2472 3671 2695 3739 abiecit,
2735 3678 2789 3723 et
2819 3669 2936 3723 sine
2964 3669 3148 3724 cinctu
3175 3669 3239 3722 ad
3271 3668 3510 3737 impera-

1917 3779 2090 3822 torem
2115 3767 2400 3834 ingressus
2414 3771 2518 3818 est.
2545 3763 2844 3833 Imperator
2869 3763 2937 3816 ab
2962 3763 3069 3815 alio
3088 3762 3160 3814 ita
3185 3776 3307 3814 eum
3333 3759 3511 3816 fuisse

1919 3867 2219 3910 tractatum
2246 3855 2542 3923 suspicans
2566 3853 2741 3906 iratus
2761 3862 2865 3906 est.
2891 3849 3208 3905 Vi(»to:-inus
3240 3859 3421 3905 autem
3449 3865 3510 3905 se

1920 3952 2068 4004 ultro
2087 3949 2187 4002 hoc
2209 3947 2408 4003 fecisse
2427 3947 2589 4009 dixit,
2616 3942 2940 4015 rogavitque
2965 3959 3033 3998 ne
3057 3944 3149 3996 ulli
3170 3943 3398 4013 posthac
3429 3942 3509 3998 rei

1917 4039 2086 4112 ἀ,θᾷ
2152 4038 2544 4109 ρταιίὶςονειιιτ,
2608 4039 2752 4106 quod
2794 4036 2982 4090 omnia
3034 4035 3260 4106 imperia
3292 4034 3512 4106 pericu-

1922 4133 2037 4185 losa
2073 4138 2125 4184 et
2176 4140 2339 4183 certa;
2399 4127 2664 4198 perniciei
2719 4127 2955 4181 obnoxia
3021 4134 3171 4181 esset
3226 4136 3508 4194 expertus.

1919 4223 2225 4292 Imperator
2253 4230 2307 4274 et
2348 4220 2522 4274 otium
2569 4219 2618 4273 ei
2680 4217 2957 4274 concessit
3006 4226 3061 4270 et
3112 4217 3327 4287 magnis
3390 4231 3515 4271 mu-

1922 4316 2147 4370 neribus
2186 4313 2428 4368 donavit.
2475 4313 2682 4366 Omnes
2720 4311 2886 4366 etiam
2925 4310 3100 4365 Taciti
3131 4320 3297 4380 atque
3335 4309 3513 4367 Aure-

1923 4408 2049 4462 liani
2088 4421 2444 4476 percussores
2499 4413 2753 4469 necarit,
2800 4402 3048 4458 Perinthi
3092 4406 3159 4458 ad
3192 4403 3510 4457 convivium

1920 4499 2231 4553 invitatum.
2265 4498 2385 4568 Ipse
2413 4513 2634 4567 quoque
2661 4495 2986 4551 interfectus
3007 4503 3112 4550 est.

283 4603 478 4669 Κάρος
513 4599 614 4653 καὶ
639 4599 883 4667 Καρϊνος
911 4595 1007 4649 καὶ
1042 4589 1425 4662 Νουμεριανδς
1454 4587 1812 4642 έδασίλευσαν

1991 4592 2168 4648 Carus
2212 4599 2267 4644 et
2306 4591 2542 4645 Carinus
2590 4598 2642 4644 et
2684 4588 3054 4643 Numerianus
3105 4589 3513 4658 imperaverunt

214 4694 306 4765 ἔτη
342 4693 410 4763 β’.
442 4688 621 4753 Οὗτος
650 4693 680 4744 ὁ
707 4689 896 4759 Κάρος
924 4689 1027 4755 τὴν
1057 4684 1298 4755 Περσίδα
1315 4683 1411 4736 καὶ
1441 4680 1818 4751 Κτησιφῶντα

215 4784 562 4858 παρέλαϐεν,
605 4781 870 4852 τέταρτον
898 4777 1060 4832 τοῦτο
1089 4775 1448 4839 πεπονθυίας,
1469 4773 1576 4827 ὑπὸ
1610 4773 1820 4844 Τραϊα-

215 4878 325 4943 νοῦ,
355 4878 469 4931 ὑπὸ
504 4876 688 4945 Βήρου
734 4873 830 4927 καὶ
867 4870 1114 4942 Σεὸήρου
1153 4868 1251 4922 καὶ
1303 4866 1514 4936 Κάρου.
1544 4863 1816 4932 Τελευτή-

216 4989 408 5036 σαντος
453 4970 515 5024 δὲ
559 4968 749 5038 Κάρου
807 4963 915 5018 ὑπὸ
954 4962 1236 5032 λοιμικῆς,
1289 4961 1386 5014 καὶ
1430 4956 1818 5029 Νουμεριανοῢ

212 5061 627 5131 τυιξλωθέντος,
677 5054 890 5110 ἀνεῖλεν
921 5054 1084 5108 αὑτὸν
1123 5052 1336 5122 "Art-po;
1367 5050 1396 5103 ὁ
1421 5048 1586 5103 αὑτοῦ
1619 5047 1818 5102 πενθε-

217 5156 324 5223 ρδς,
385 5155 490 5208 καὶ
542 5150 868 5205 ὲϐασίλευσε
922 5145 1311 5217 Νουμεριανὺς·
1353 5142 1481 5208 δοὺξ
1530 5143 1816 5212 τυγχάνων

215 5249 453 5312 Μυσίας.
524 5245 657 5300 Ἐπὶ
684 5241 851 5296 αὐτοῦ
877 5239 1268 5311 ἐμαρτύρησεν
1305 5238 1335 5290 ὁ
1362 5236 1521 5306 ἆγιος
1562 5234 1814 5298 Βαϐύλας

216 5343 272 5395 ἓν
311 5339 655 5412 Ἀντιοχείᾳ.
687 5335 893 5392 Τοῦτον
924 5334 1107 5388 ἀνεῖλε
1153 5329 1562 5399 Διοκλητιανός.

282 5431 689 5508 Διοκλητιανδς
716 5428 1212 5496 ὲὸασίλευσεν.ἐτη
1251 5423 1358 5495 κβθ,
1392 5423 1470 5495 τῷ
1492 5424 1642 5492 γένει
1676 5423 1814 5476 Δαλ-

1920 4698 2099 4738 annos
2151 4683 2208 4737 2.
2257 4681 2435 4735 Carus
2474 4679 2757 4733 Persidem
2799 4687 2855 4732 et
2884 4677 3300 4748 Ctesiphontem
3341 4677 3508 4743 cepit,

1921 4784 2177 4846 quartum
2242 4781 2355 4827 tum
2406 4780 2622 4842 captam
2659 4789 2672 4826 :
2737 4785 2864 4824 nam
2903 4784 3024 4823 eam
3066 4769 3257 4823 urbem
3287 4777 3343 4822 et
3381 4767 3516 4822 Tra-

1917 4868 2085 4937 janus
2135 4866 2428 4935 occupavit
2468 4872 2524 4918 et
2564 4861 2744 4919 Verus
2796 4871 2856 4917 et
2891 4861 3131 4916 Severus
3191 4868 3246 4914 et
3306 4857 3510 4914 Carus.

1922 4957 2066 5012 Caro
2123 4966 2276 5027 peste
2317 4956 2560 5019 sublato,
2609 4954 3007 5009 Numerianum
3068 4952 3246 5007 oculis
3285 4959 3510 5021 captum

1926 5066 2087 5106 socer
2117 5052 2260 5121 ejus,
2297 5050 2441 5120 Aper
2470 5048 2709 5111 nomine,
2742 5047 3042 5103 interfecit.
3106 5046 3176 5101 Et
3218 5040 3514 5114 imperavit

1924 5143 2299 5200 Numerianus
2351 5144 2463 5198 dux
2507 5140 2715 5211 Mysiae.
2784 5141 2901 5195 Sub
2944 5154 3010 5195 eo
3052 5138 3246 5194 beatus
3277 5136 3514 5208 Babylas

1922 5236 2228 5291 Antiochiae
2261 5244 2467 5307 martyr
2510 5244 2596 5290 cst
2626 5232 2823 5290 factus.
2863 5231 3257 5288 Numerianuin
3301 5226 3512 5309 Diocle-
3575 5247 3588 5254 ·

1923 5330 2109 5384 tianus
2149 5327 2451 5382 interfecit.

1998 5422 2373 5476 Diocletianus
2421 5418 2711 5492 imperavit
2747 5430 2924 5472 annos
2964 5413 3072 5481 22,
3123 5411 3399 5466 Dalmata.
3461 5407 3514 5464 ls

1389 5562 1748 5618 XYLANDlll
1795 5552 1881 5616 ET
1915 5560 2125 5617 suam
2168 5558 2404 5614 NOTAE.

283 5669 398 5739 (Tt)
424 5662 839 5735 κλιμακτῆρας
893 5663 1225 5739 interpretor
1269 5674 1452 5714 rerum
1487 5658 1686 5738 dubios
1712 5671 1810 5739 coa-

221 5731 335 5800 sus.
368 5731 498 5809 quae
539 5731 607 5809 ut
642 5731 1039 5809 nonnunquam
1065 5731 1374 5809 consistere
1405 5731 1696 5809 (tt-augeri,
1737 5731 1811 5782 ita

222 5820 275 5863 et
309 5802 663 5879 frequentius
699 5803 754 5858 in
782 5804 997 5879 ruinam
1047 5802 1357 5870 praecipites
1398 5802 1480 5866 agi
1513 5813 1812 5852 consueve-

223 5891 377 5950 runt;
409 5875 748 5948 inetaplwra
776 5887 806 5929 a
837 5875 1086 5932 revoluto
1135 5881 1488 5944 scptcnorum
1540 5883 1812 5926 annorum

1920 5659 2152 5716 circulo,
2189 5655 2242 5708 in
2281 5670 2412 5724 quo,
2443 5661 2501 5706 ut
2530 5651 2772 5724 uniusjn
2795 5648 2942 5724 aliud
2969 5642 3515 5724 temperamentitsic

1919 5739 1976 5782 et
2027 5728 2148 5784 vita?
2207 5721 2371 5783 solito
2430 5723 2632 5793 saepius
2697 5721 2800 5778 fuit
2858 5721 2913 5774 in
2967 5729 3196 5774 mortem
3239 5721 3496 5770 mutatio.

1922 5801 2093 5852 (iniu.
