4248 6456
747 401 851 464 507

2092 395 2418 456 GEORGII
2456 391 2763 454 CEDREN
2771 392 2797 451 Ι

3909 385 4021 449 503

732 510 966 580 imperio
993 509 1199 581 potitus
1228 506 1617 563 Maximiannm
1662 506 2014 572 Herculeum,
2060 520 2323 577 generum

2434 505 2631 574 μάτης.
2667 498 3103 573 Περιγενόμενος
3146 495 3203 550 δὲ
3249 494 3360 551 τῶν
3400 495 3745 566 πραγμάτων
3774 494 4023 568 προϐάλ-

733 620 895 660 suum
931 610 987 658 et
1007 602 1267 665 amicum,
1306 599 1583 658 Caesarem
1634 598 1961 656 declaravit.
2003 597 2102 654 His
2149 599 2324 667 impe-

733 695 986 751 rantibus
1015 694 1207 763 ingens
1232 692 1679 761 Christianorum
1702 690 2013 763 persecutio
2036 688 2158 745 fuit.
2186 689 2324 745 Nam

734 803 831 856 per
864 788 1117 859 regiones
1146 796 1311 858 atque
1350 786 1518 842 urbes
1544 783 1839 855 jusserunt
1872 783 2082 841 Christi
2120 786 2325 856 templa

730 879 885 933 destr
907 880 965 944 ti,
1000 893 1196 934 sacras
1235 893 1360 948 quae
1391 892 1564 948 penes
1590 877 1741 947 ipsos
1784 886 1973 933 essent
2005 876 2325 946 Scripturas

729 970 1005 1038 comburi,
1034 979 1090 1025 et
1124 971 1216 1041 qui
1247 971 1551 1026 Christiani
1575 970 2146 1047 deprehenderentur,
2178 970 2230 1023 vi
2255 969 2323 1024 ad

730 1061 977 1117 divinum
1009 1060 1351 1117 daemonibus
1395 1062 1767 1132 praestandum
1799 1062 2006 1117 cultum
2037 1061 2208 1130 adigi.
2251 1060 2323 1114 Ea

730 1156 798 1210 de
856 1169 1024 1210 causa
1080 1155 1239 1209 multi
1294 1169 1556 1211 coronam
1615 1155 1761 1210 sacri
1817 1153 2140 1210 certaminis
2195 1164 2326 1208 sunt

730 1244 933 1316 adepti.
994 1244 1241 1312 Quorum
1279 1245 1349 1300 de
1400 1259 1630 1299 numero
1670 1253 1801 1300 sunt
1848 1243 2045 1298 Petrus
2087 1243 2326 1297 Alexan-

729 1337 887 1403 ιιι-ἰεῦ,
922 1343 978 1392 et
1015 1338 1312 1393 Authimus
1341 1334 1678 1392 Nicomedia:
1711 1336 1980 1405 episcopi,
2027 1342 2081 1388 et
2122 1334 2325 1389 Proco-

731 1430 855 1499 pius
904 1440 1068 1498 atque
1099 1428 1372 1497 Georgius
1421 1428 1609 1498 inclyti
1640 1437 1935 1497 martyres.
1964 1426 2121 1480 Tunc
2156 1425 2323 1477 etiam

730 1522 977 1576 innotuit
1019 1519 1342 1588 Sahbatius,
1382 1522 1427 1576 is
1479 1520 1572 1589 qui
1647 1521 1885 1575 lta'resin
1939 1516 2328 1589 quattuordeci-

730 1631 1019 1670 manorum
1052 1614 1419 1669 continuauit.
1448 1614 1653 1670 Eodem
1695 1623 1940 1683 tempore
1983 1626 2139 1667 sacra
2176 1625 2327 1680 qua:-

731 1709 857 1762 dam
902 1707 1067 1779 [‘65
1112 1708 1315 1761 mulier
1358 1717 1525 1778 atque
1565 1707 1934 1761 admirazione
1980 1704 2166 1775 digna.
2211 1702 2327 1773 pul-

731 1798 1046 1852 chritudine
1077 1798 1269 1851 forma:
1310 1798 1532 1867 insigni,
1569 1805 1624 1852 et
1653 1813 1775 1865 qum
1804 1796 2173 1865 virginitatem
2209 1808 2328 1848 ser-

2427 596 2580 650 λεται
2633 592 2983 664 Μαξιμιανὸν
3027 588 3368 658 Ἐρκούλιον,
3421 586 3674 661 γαμϐρδν
3727 591 3821 642 καὶ
3865 588 4024 657 φίλον

2430 685 2597 741 αὐτοῦ
2631 684 2761 740 ὄντα
2787 700 2801 714 ο
2839 682 2929 753 ὕφ’
2957 675 3033 736 ὧν
3069 681 3246 753 μέγας
3274 678 3516 749 διωγμὸς
3560 678 3705 732 κατὰ
3750 680 4019 749 Χριστια-

2427 779 2535 831 νῶν
2566 775 2652 849 [Ρ.
2681 775 2814 848 265]
2848 773 3101 844 ἐκινήθη.
3156 770 3507 843 Προσέταξαν
3534 769 3645 841 γὰρ
3676 771 3828 825 κατὰ
3859 770 4022 823 πόλιν

2428 868 2523 922 καὶ
2567 867 2710 921 κατὰ
2754 865 2942 938 χώραν
2994 865 3096 929 τὰς
3133 863 3233 934 μὲν
3282 860 3523 932 Χριστοῦ
3568 861 3871 931 ἐκκλησίας
3918 878 4019 913 κα-

2426 958 2833 1032 ταστρέφεσθαι
2882 956 3108 1021 καὶτὰς
3141 954 3294 1021 Θείας
3340 953 3523 1009 αὐτῶν
3572 952 3795 1025 Γραφὰς
3847 970 4024 1006 κατα-

2427 1054 2706 1117 καίεσθαι,
2772 1054 2900 1116 τοὺς
2984 1051 3042 1105 δὲ
3122 1050 3489 1121 Χριστιανοὺς
3587 1048 4024 1120 εὑρισκομένους

2426 1146 3006 1216 ἀναγκάζεσθαιθύειν
3036 1146 3152 1208 τοῖς
3182 1143 3426 1215 δαίμοσι.
3459 1142 3552 1196 Διὸ
3579 1142 3675 1197 καὶ
3703 1141 3887 1194 πολλοὶ
3928 1142 4025 1195 τὸν

2427 1242 2528 1312 τῆς
2585 1240 2870 1311 ἀθλήσεως
2937 1237 3271 1308 ἁνεδὴσαντο
3322 1236 3611 1306 στέφανον,
3669 1235 3729 1300 ἐξ
3781 1227 3856 1289 ὧν
3906 1235 4019 1287 εἱσι

2428 1334 2639 1403 Πέτρος
2710 1331 3127 1404 Ἀλεξανδρείας
3171 1330 3267 1384 καὶ
3327 1330 3594 1400 Ι’Δνθιμος
3644 1327 4023 1400 Νικομηδείας

2429 1426 2527 1480 καὶ
2562 1425 2869 1495 Προκόπιος
2896 1424 2991 1479 καὶ
3050 1423 3326 1493 Γεώργιος
3364 1426 3415 1476 oi
3446 1423 3686 1491 ἀοίδιμοι
3714 1423 4021 1494 μάρτυρες.

2430 1521 2554 1588 Kal]
2599 1519 2904 1583 Σαϐϐἁτιος
2937 1519 2967 1571 ὁ
3001 1518 3099 1590 τὴν
3147 1520 3361 1588 αἵρεσιν
3396 1517 3506 1571 τῶν
3562 1516 4023 1587 τεσσαρεσκαιδε-

2430 1612 2672 1666 κατιτῶν
2721 1613 2832 1683 (75)
2878 1612 3157 1682 κρατύνας
3208 1612 3563 1680 ὲγνωρίζετο,
3595 1612 3689 1665 καὶ
3737 1611 3877 1681 γυνή
3933 1627 4022 1674 τις

2433 1703 2555 1772 ἱερὰ
2617 1704 2713 1757 καὶ
2782 1703 3088 1774 θαυμασία,
3150 1703 3242 1756 τὸν
3295 1702 3410 1774 βίον
3468 1700 3827 1773 ἀειπάρθενος
3906 1702 4006 1752 καὶ

2430 1794 2632 1867 ὡραία,
2668 1796 2809 1848 πάνυ
2844 1795 3173 1864 συσχεθεῖσα
3192 1796 3287 1848 καὶ
3303 1794 3529 1858 πολλαῖς
3561 1797 3830 1865 μηχαναῖς
3852 1792 4022 1845 θῦσαι

731 1897 937 1948 vassct,
1000 1889 1399 1958 comprehensa
1468 1901 1534 1941 ac
1603 1888 1794 1941 multis
1844 1897 2205 1957 tyrannorum
2266 1891 2325 1939 ut

2432 1888 2538 1941 τῶν
2564 1889 2847 1958 τυράννων
2902 1889 3074 1957 αὐτὴν
3105 1886 3531 1957 ἀναγκαζόντων
3582 1887 3658 1957 μὴ
3691 1885 4018 1955 ἡττηθεῖσα.

731 1980 1084 2035 ammon-ibus
1120 1981 1459 2035 sacriﬁcaret
1514 1980 1805 2033 tormentis
1841 1979 2046 2033 frustra
2097 1985 2327 2042 tentata,

731 2073 894 2126 militi
932 2072 1151 2126 cuidam
1186 2070 1254 2124 ad
1288 2071 1645 2125 concubitum
1680 2070 1863 2124 dedita
1904 2078 2012 2134 est,
2049 2083 2111 2121 ea
2135 2067 2329 2122 condi-

731 2166 879 2219 tione
909 2173 967 2218 ut
996 2165 1041 2219 si
1077 2182 1202 2219 eum
1239 2181 1348 2219 non
1375 2164 1715 2229 admitteret,
1750 2164 1929 2230 capite
1964 2164 2323 2231 piecteretnr.

731 2258 924 2313 Tantis
974 2258 1065 2313 illa
1116 2259 1330 2311 inclusa
1379 2257 1654 2325 angustiis
1704 2254 2026 2309 Antbimum
2075 2252 2331 2307 Nicome-

730 2353 1002 2416 dtensem,
1061 2354 1155 2420 qui
1205 2351 1448 2405 nondum
1506 2349 1784 2420 supplicio
1844 2347 2023 2402 fuerat
2083 2347 2325 2412 deditus,

732 2453 918 2497 utrum
955 2445 1150 2497 horum
1182 2451 1397 2512 Optaret
1424 2443 1477 2497 in
1509 2441 1800 2497 consilium
1844 2441 2117 2495 adhibuit.
2144 2440 2328 2509 Atque

736 2536 808 2596 is.
856 2544 914 2590 ut
945 2546 1064 2590 erat
1097 2536 1183 2589 vir
1217 2550 1274 2590 re
1304 2552 1429 2589 vera
1470 2534 1648 2589 bonus
1695 2545 1749 2589 et
1788 2533 2139 2603 dispensator
2175 2531 2328 2585 verbi

735 2626 828 2680 Dei
865 2627 1039 2680 fidelis
1073 2634 1239 2695 atque
1276 2627 1521 2695 prudens
1544 2667 1559 2691 ,
1612 2627 1686 2679 ita
1717 2625 1766 2679 ei
1800 2623 2086 2694 respondit
2114 2640 2128 2677 :
2166 2622 2326 2685 Filia,

733 2720 1058 2788 praeclarum
1106 2736 1170 2772 ae
1208 2720 1456 2773 divinum
1494 2727 1576 2773 est
1611 2718 1890 2773 castitatis
1934 2718 2329 2772 conservanda:

732 2813 971 2867 udicium
1007 2832 1020 2866 :
1057 2822 1282 2882 praestat
1318 2823 1499 2866 tamen
1534 2810 1583 2865 ei
1620 2812 1739 2865 litlei
1786 2823 2146 2880 prmccptutu,
2172 2810 2322 2886 quod

732 2915 818 2962 est
868 2908 1137 2962 bonorum
1176 2922 1206 2958 a
1242 2899 1961 2980 pietateproﬁciscentium
1998 2904 2330 2957 fundamen-

736 3008 877 3054 tum.
944 2998 1064 3053 Noli
1098 3014 1232 3069 ergo
1267 2997 1546 3052 deteriora
1578 2997 2057 3067 pra>stantiuribns
2097 3008 2326 3064 antepo-

732 3108 886 3149 nere.
948 3091 1104 3145 Sicut
1155 3091 1302 3145 enim
1346 3091 1400 3145 in
1455 3089 1702 3160 periculo
1744 3089 1962 3157 aliquis
1995 3089 2329 3143 constitutus

2432 1978 2783 2049 Προσέταξαν
2846 1977 3137 2048 ἐκδοθῆναι
3197 1977 3511 2047 στρατιώτῃ
3584 1976 3723 2046 πρὶς
3785 1975 4025 2046 αἰσχρὰν

2435 2071 2606 2143 μῖξιν,
2648 2071 2743 2123 καὶ
2771 2070 2905 2141 μηδὲ
2934 2069 3109 2133 οὕτως
3144 2070 3479 2141 πειθομένην
3526 2067 3899 2122 ὑποϐαλέσθαι
3931 2085 4029 2121 κε-

2435 2165 2640 2233 φαλικῇ
2696 2164 2960 2235 τιμωρίᾳ.
3019 2164 3129 2216 Καὶ
3174 2160 3643 2233 περιστατηθείσα
3697 2161 3819 2214 λίαν
3850 2161 4025 2215 ἐδεῖτο

2435 2254 2529 2309 τοῦ
2574 2256 2833 2326 Ἀνθίμου
2866 2255 3263 2327 Νικομηδείας,
3309 2256 3481 2326 μήπω
3508 2255 3891 2319 τελειωθέντος
3932 2254 4026 2307 διὰ

2436 2349 2763 2421 μαρτυρίου,
2801 2348 3211 2420 συμϐουλεῦσαι
3235 2348 3376 2417 αὐτῇ
3420 2348 3474 2400 τί
3510 2346 3579 2401 ἂν
3607 2348 3915 2419 αἱρήσοιτο.
3962 2350 4025 2402 ’0

2430 2444 2488 2497 δὲ
2519 2443 2756 2513 χρηστὸς
2791 2441 2960 2504 ὅντως
2987 2443 3128 2513 ἀνὴρ
3150 2442 3249 2495 καὶ
3272 2440 3560 2513 οἰκονόμος
3591 2442 3688 2496 καὶ
3722 2441 3929 2504 πιστῶς
3966 2445 4029 2496 ὲν

2431 2537 2612 2608 κρίσει
2646 2536 2712 2588 τὰ
2748 2536 2904 2604 λόγια
2936 2536 3140 2607 Κυρίου
3191 2534 3591 2606 ταμιευόμενῦς
3649 2551 3808 2604 φησι,
3840 2535 4024 2589 Καλὸν

2434 2631 2557 2702 μὲν,
2595 2624 2640 2682 ὦ
2679 2633 2891 2694 τέκνον,
2934 2629 2994 2683 τὸ
3029 2629 3364 2701 κατόρθωμα
3388 2630 3486 2701 τῆς
3513 2629 3739 2698 ἁγνείας
3771 2631 3865 2683 καὶ
3902 2631 4030 2683 θεο-

2432 2724 2664 2792 πρεπὲς,
2704 2722 2904 2793 μείζων
2934 2723 2989 2776 δὲ
3041 2724 3073 2791 ἡ
3110 2724 3206 2793 τῆς
3262 2722 3504 2786 πίστεως
3537 2721 3750 2793 ἐντολὴ,
3812 2725 4026 2791 κρηπὶς

2431 2815 2565 2870 οὖσα
2598 2816 2707 2869 τῶν
2744 2815 2923 2869 καλῶν
2958 2816 3057 2885 τῆς
3099 2815 3407 2879 εὐσεϐείας.
3453 2814 3545 2885 Μὴ
3576 2810 3670 2867 οὖν
3708 2813 4025 2886 προκρίνῃς

2433 2909 2545 2963 τῶν
2578 2910 2908 2979 κρειττόνων
2948 2909 3016 2962 τὰ
3063 2908 3316 2977 δεύτερα.
3351 2909 3567 2978 Ὥσπερ
3600 2907 3711 2976 γὰρ
3761 2909 3821 2959 ὲν
3858 2925 4022 2978 περι-

2433 3002 2623 3055 στάσει
2668 3000 2790 3054 τινὰ
2834 3001 3129 3071 γενόμενον
3167 3000 3534 3072 αἱρετώτερᾶν
3565 3002 3715 3054 ἐστιν
3750 3002 3894 3069 ὑπὲρ
3922 3001 4022 3054 τοῦ

2433 3092 2689 3162 σώματος
2733 3092 3109 3161 διαρπαγῆναι
3168 3092 3230 3143 τὸ
3279 3091 3520 3161 ἱμάτιον,
3578 3090 3754 3155 οὕτως
3823 3093 4031 3160 μᾶλλόν

733 3196 943 3241 vestem
976 3184 1163 3255 potius
1199 3198 1355 3239 suam
1390 3183 1567 3239 scindi
1619 3198 1785 3252 quam
1826 3198 2030 3251 corpus
2067 3183 2217 3242 vciil,
2253 3182 2324 3235 ita

2436 3187 2584 3239 ἐστιν
2635 3186 2693 3236 ὲν
2739 3187 2851 3247 τοῖς
2900 3186 3232 3254 πειρασμοῖς
3286 3183 3517 3238 ἄσπιλον
3558 3184 3880 3254 τηρήσαντα
3926 3184 4031 3253 τὴν

735 3276 791 3332 in
847 3275 1253 3330 tentationibus
1291 3289 1515 3344 quoque
1546 3274 1746 3328 anima:
1787 3289 1814 3326 a
1862 3273 2330 3327 ('0ntatttiuati0ttc

734 3368 1023 3424 servandae
1061 3381 1229 3422 causa
1262 3380 1465 3435 corpus
1522 3364 1743 3435 expedit
1786 3364 2001 3419 libidini
2047 3364 2329 3417 hominum

734 3475 1035 3530 exponere,
1087 3459 1272 3528 potius
1303 3473 1466 3528 quam
1505 3457 1627 3524 ejus
1666 3457 2007 3526 generositas
2045 3456 2329 3524 prodatur.

735 3552 835 3609 liis
867 3552 957 3606 illa
986 3551 1189 3605 auditis
1213 3560 1396 3604 mente
1428 3550 1592 3603 anxia
1646 3550 1808 3613 abiit,
1868 3550 1996 3618 quia
2039 3556 2332 3617 utrumque

735 3645 940 3698 bonum
981 3642 1293 3711 expetebat.
1355 3640 1547 3695 Divina
1592 3650 1775 3695 tamen
1819 3641 2130 3707 benignitas
2162 3640 2329 3710 virgi-

734 3733 969 3799 nitatem
1033 3734 1155 3803 ejus
1197 3734 1303 3788 hoc
1364 3740 1528 3802 pacto
1585 3734 1955 3788 conservavit.
2023 3733 2237 3786 Inclusa
2277 3733 2329 3785 in

736 3828 904 3883 domo
952 3843 1077 3882 cum
1128 3828 1302 3882 milite
1341 3826 1556 3898 rogavit
1598 3843 1723 3881 eum
1777 3837 1835 3880 ut
1890 3826 1995 3881 sibi
2054 3835 2328 3895 parceret,

738 3920 963 3991 dignam
989 3928 1315 3990 recepturus
1345 3917 1678 3974 mercedem.
1726 3917 1798 3972 Se
1835 3919 1979 3973 enim
2004 3933 2129 3973 esse
2161 3916 2336 3969 mndi-

739 4027 899 4076 cam,
952 4010 1173 4081 ipsique
1227 4010 1693 4065 medicamentum
1766 4010 2122 4081 praebituram
2187 4009 2332 4078 quod

740 4104 940 4160 mortis
964 4101 1103 4158 foret
1137 4103 1437 4156 amuletum
1470 4119 1485 4155 :
1520 4117 1646 4156 nam
1680 4117 1747 4156 eo
1779 4103 2064 4156 inunetum
2101 4104 2151 4155 in
2179 4102 2335 4157 bellis

744 4192 862 4249 fore
910 4190 1390 4247 invulnerabilem.
1469 4191 1649 4260 L'tque
1715 4191 1839 4259 ejus
1900 4192 1975 4245 rei
2030 4191 2332 4261 periculum

747 4287 930 4342 facere
967 4294 1179 4353 posset,
1218 4283 1385 4356 5,66
1424 4283 1639 4352 rogavit
1686 4291 1745 4337 ιιι
1795 4284 1900 4337 sibi
1938 4283 2060 4351 ejus
2091 4285 2334 4337 medica-

745 4379 914 4435 menti
944 4377 1271 4432 coniiciendi
1305 4383 1629 4445 potestatem
1657 4374 1881 4429 faceret.
1936 4373 1990 4427 Id
2024 4391 2145 4428 cum
2177 4377 2335 4430 miles

745 4470 1040 4525 admodum
1091 4469 1242 4524 lectus
1280 4467 1647 4538 permisisset,
1683 4468 1773 4522 illa
1833 4482 2014 4521 ceram
2055 4470 2177 4522 oleo
2211 4483 2335 4534 per-

2433 3278 2614 3348 ψυχὴν
2645 3278 2940 3347 προδοῦναι
2980 3278 3082 3347 τὴν
3122 3277 3303 3347 σάρκα
3348 3279 3459 3340 τοῖς
3495 3277 3767 3339 παντοίως
3806 3276 4028 3349 ἐνυϐρί-

2433 3370 2546 3435 ζειν
2575 3369 2855 3425 ἐθέλουσιν
2881 3370 2911 3440 ἢ
2941 3370 3211 3423 ἀπολέσαι
3246 3370 3347 3438 τῆς
3374 3369 3555 3441 ψυχῆς
3577 3370 3678 3441 τὴν
3709 3369 4021 3437 εὐγένειαν.

2444 3465 2594 3520 Ἡδὲ
2630 3465 2822 3518 τούτου
2873 3464 3159 3518 ἀκούσασα
3208 3464 3376 3535 ἀπῄει
3430 3464 3872 3535 ταλαντευομένη
3931 3465 4030 3516 τὸν

2434 3557 2580 3621 νοῦν,
2639 3555 2715 3620 ὡς
2761 3557 2854 3610 δύο
2906 3556 3087 3609 καλῶν
3139 3556 3588 3627 ἀντιποιουμένῃ.
3661 3556 3803 3610 ’Λὶλ“
3900 3557 4024 3610 θεία

2434 3649 2597 3719 χάρις
2651 3651 2856 3720 ταύτης
2910 3648 3272 3718 διεφυλάξατο
3334 3648 3436 3720 τὴν
3478 3649 3782 3720 παρθενίαν
3835 3649 4032 3718 τρόπῳ

2433 3743 2647 3812 τοιῷδε.
2697 3745 2783 3806 Ὠς
2811 3744 2919 3814 γὰρ
2964 3744 3048 3812 ὲφ“
3080 3742 3199 3806 ἑνὸς
3233 3744 3387 3798 οἷκον
3455 3742 3834 3813 συνεκλείσθη.
3875 3742 4031 3810 λέγει

2434 3836 2513 3907 τῷ
2552 3838 2861 3906 στρατιώτῃ
2886 3854 2897 3867 ·
2938 3858 2955 3888 ι
2993 3837 3176 3908 Μηδὲν
3203 3838 3407 3892 ἄτοπον
3433 3836 3649 3910 πράξῃς
3675 3837 3754 3899 εἰς
3776 3838 3897 3907 ἐμὲ,
3928 3837 4031 3892 ἄν·

2437 3927 2648 3996 θρωπε,
2679 3926 2772 3978 καὶ
2810 3926 3035 3997 παρέξω
3069 3944 3154 3981 σοι
3196 3927 3392 3998 μισθὸν
3438 3926 3699 3992 ἐπάξιον·
3727 3925 3887 3980 δώσω
3915 3928 4032 3999 γάρ

2438 4034 2520 4070 σοι
2555 4020 2871 4087 φάρμακον.
2896 4014 3031 4080 οὖσα
3070 4020 3382 4091 φαρμακὶς,
3413 4019 3714 4081 ἀθανασίας
3739 4019 4030 4088 πρόξενον,

2436 4105 2482 4179 ᾧ
2512 4111 2802 4182 χριόμενος
2827 4112 3070 4183 ἄτρωτος
3116 4115 3299 4183 μενεῖς
3348 4114 3409 4166 ὲν
3434 4114 3545 4175 τοῖς
3593 4112 3879 4182 πολέμοις.
3915 4113 4031 4168 Καὶ

2437 4203 2485 4254 εί
2526 4203 2691 4273 βούλῃ
2711 4202 2903 4255 τούτου
2926 4202 3115 4256 λαϐεῖν
3142 4204 3362 4272 πεῖραν,
3400 4201 3696 4273 ἐπίτρεψόν
3729 4219 3795 4271 με
3826 4203 4033 4256 σκευά-

2439 4310 2529 4346 σαι
2564 4294 2717 4347 αὐτό.
2755 4295 2861 4347 Τοῦ
2896 4294 2951 4348 δὲ
2979 4296 3117 4365 μετὰ
3164 4295 3368 4364 πολλῆς
3399 4295 3578 4366 χαρᾶς
3602 4294 4029 4364 ιπιτρὲψαντος,

2437 4385 2676 4438 λαϐοῦσα
2700 4404 2769 4455 κη
2780 4388 2872 4457 ρδν
2898 4388 2928 4456 ἡ
2961 4388 3211 4457 μακαρία
3236 4389 3329 4441 καὶ
3352 4386 3518 4457 ἐλαίῳ
3545 4386 3889 4456 συμμίξασα,
3926 4391 4030 4442 καὶ

2442 4478 2730 4548 μαλάξασα
2762 4480 2857 4532 καὶ
2890 4480 2981 4531 τὸν
3007 4480 3433 4549 εαυτῆςαῦχὲνα
3463 4479 4028 4549 περιχρίσασα,λέγει

745 4561 972 4617 miscuit
995 4569 1160 4630 atque
1190 4558 1430 4629 subegit,
1480 4559 1733 4628 colloque
1776 4574 1879 4614 suo
1919 4574 1982 4612 ea
2012 4574 2069 4613 re
2103 4559 2328 4614 inuncto

2435 4570 2608 4639 αὐτῷ.
2628 4568 2980 4633 Πάταξον,ὡς
3000 4569 3151 4642 δύνῃ.
3170 4570 3228 4623 Ὀ
3239 4569 3295 4623 δὲ
3320 4569 3457 4640 μετὰ
3469 4569 3748 4638 δυνάμεως
3768 4570 4033 4637 κατενὲγε

746 4654 978 4710 militem
1038 4654 1187 4707 omni
1230 4654 1428 4706 robore
1472 4650 1637 4706 ferire
1689 4651 1881 4721 jussit,
1934 4652 2043 4703 vim
2087 4652 2329 4705 medica-

745 4748 916 4802 menti
969 4753 1348 4816 cxperturum.
1429 4744 1509 4797 lla
1552 4744 1712 4798 miles
1758 4742 1942 4797 valido
1998 4740 2164 4812 gladii
2221 4742 2332 4795 ictu

746 4839 903 4893 illato
936 4836 1313 4893 venerandum
1343 4846 1511 4906 caput
1538 4836 1725 4891 statim
1762 4836 2109 4905 amputavit;
2165 4842 2333 4904 atque

748 4932 837 4987 illa
867 4931 1012 4986 victa
1040 4930 1484 4986 adversariorum
1519 4927 1754 4995 malitia,
1783 4927 2036 5000 martyrii
2068 4943 2331 4983 coronam

746 5024 1021 5079 castitatis
1048 5036 1256 5077 corona
1290 5021 1466 5077 auxit.

820 5113 1025 5169 Eodem
1062 5111 1231 5168 modo
1279 5112 1383 5166 aiia
1412 5112 1660 5183 quaedam
1694 5112 1896 5183 puella.
1927 5112 2084 5183 virgo
2123 5110 2332 5166 formo-

748 5206 969 5262 sissima
1002 5215 1058 5260 et
1106 5204 1443 5277 virginitatis
1494 5205 1785 5260 servanda
1821 5204 2097 5269 studiosa,
2149 5203 2333 5258 delata

752 5298 899 5367 quod
948 5299 1003 5352 in
1045 5298 1182 5353 deos
1212 5297 1611 5353 contumeliosa
1672 5296 1889 5362 fuisset,
1934 5311 2060 5350 cum
2097 5305 2258 5364 capta
2284 5301 2340 5350 et

752 5389 942 5461 ﬂagris
997 5404 1139 5446 cassa
1193 5405 1305 5444 non
1357 5390 1581 5446 cederet
1627 5390 1871 5446 hostium
1927 5388 2219 5458 impietati,
2280 5388 2336 5441 in

750 5485 985 5554 lupanar
1021 5491 1106 5539 est
1165 5484 1401 5550 tradita,
1453 5484 1752 5554 leuonique
1805 5483 1991 5537 cibum
2038 5483 2086 5537 ei
2143 5495 2344 5550 suppe-

753 5576 949 5634 ditanti
986 5575 1306 5632 mandatum
1339 5583 1400 5632 ut
1434 5576 1505 5633 ab
1556 5591 1620 5633 ea
1654 5575 1901 5648 quotidie
1931 5583 2046 5630 tres
2084 5587 2344 5628 nummos

2435 4677 2540 4722 κας
2564 4660 2623 4712 τὸ
2661 4658 2811 4728 ξίφος
2843 4649 3648 4728 ἀπέτεμενεῦθέωςτὴντιμίαν
3665 4660 3834 4726 αὐτῆς
3853 4675 4031 4726 κεφα-

2434 4751 2552 4821 λήν,
2586 4752 2694 4804 Καὶ
2724 4750 2868 4803 οὕτω
2898 4752 3176 4821 νικήσασα
3208 4749 3318 4803 τῶν
3345 4750 3628 4820 δυσμενῶν
3659 4752 3761 4819 τὴν
3785 4768 4030 4821 κακουρ-

2437 4844 2564 4910 γίαν
2591 4842 2818 4896 διπλοῦν
2867 4846 2961 4896 τὸν
3013 4843 3283 4911 στέφανον
3312 4841 3408 4894 τὸν
3451 4840 3550 4895 τοῦ
3586 4844 3893 4912 μαρτυρίου
3931 4844 4032 4897 καὶ

2436 4936 2539 5006 τῆς
2569 4936 2795 5005 ἁγνείας
2830 4936 3150 5008 ἀνεδήσατο.

2518 5100 2796 5171 Ὡσαύτως
2855 5108 2913 5162 δέ
2967 5126 3051 5172 τις
3085 5111 3181 5162 καὶ
3219 5108 3354 5179 ἄλλη
3391 5111 3530 5180 γυνὴ
3568 5110 4025 5179 εὐπρεπεστάτη,

2442 5203 2581 5273 κόρη
2612 5199 2749 5257 οὖσα
2785 5201 2880 5257 καὶ
2917 5201 3007 5273 [Ρ.
3034 5201 3166 5275 266]
3204 5203 3504 5275 παρθενίαν
3529 5203 3797 5264 ἀσκοῦσα.
3816 5203 4032 5274 διεϐλή-

2440 5297 2507 5368 θη
2556 5298 2633 5360 ὡς
2677 5297 2804 5349 τοὺς
2841 5294 3000 5358 θεοὺς
3062 5295 3463 5364 ἐνυϐρίζουσαο
3509 5295 3578 5366 ἦν
3629 5293 4032 5363 συλλαϐόμενοι

2442 5387 2534 5440 καὶ
2571 5385 3018 5455 μαστιγώσαντες
3067 5384 3143 5455 μὴ
3184 5384 3518 5439 ὑπείκουσαν
3560 5387 3628 5455 τῇ
3660 5384 3866 5438 τούτων
3894 5382 4030 5437 δυσ-

2446 5479 2635 5548 σεϐείο.
2686 5477 3019 5547 παρέδωκαν
3071 5479 3151 5540 εἰς
3201 5480 3474 5548 πορνεῖον,
3528 5477 3903 5547 ἐντειλάμενοι
3950 5475 4036 5547 τῷ

2443 5571 2648 5641 ταύτην
2701 5570 2923 5641 νέμοντι
2976 5570 3223 5641 κομίζειν
3276 5571 3418 5645 ὑπὲρ
3480 5570 3654 5643 αὐτῆς
3715 5569 4033 5641 ἡμερήσιον

1909 5751 2262 5808 ΧΫΙΛΝΜΚΙ
2300 5751 2385 5806 E'l'
2416 5748 2630 5807 GOARl
2667 5748 2898 5805 NOTAE.

825 5849 940 5924 (75)
971 5850 1177 5927 Nempe
1234 5861 1294 5910 ut
1351 5851 1567 5911 Pascha
1603 5850 1833 5910 Judaico
1861 5850 2114 5909 instituto
2150 5866 2213 5907 ac
2249 5851 2335 5907 die
2373 5848 2746 5907 celebraretur
2809 5845 2948 5902 Χιι..
