4248 6456
214 429 325 496 509

1310 436 1856 502 HISTORIARUM
1891 442 2423 510 COMPENDIUM.

3366 465 3474 534 510

214 547 532 616 νομίσματα
582 546 732 618 τρία.
790 547 889 612 ’ος
941 546 1163 605 ἔκδοτον
1210 551 1381 623 αὐτὴν
1436 553 1634 626 ἔστησε
1677 558 1791 621 τοῖς
1820 563 1868 620 Α

1820 563 1868 620 Α
1894 558 2160 631 exigeret.
2213 563 2297 618 Ab
2333 579 2399 620 eo
2434 567 2729 635 prostituta
2760 584 2954 631 omnes
3000 573 3070 631 ad
3108 588 3167 633 se
3197 577 3479 649 ingressos

214 637 593 708 βουλομένοις·
630 639 725 694 καὶ
755 638 967 695 πολλῶν
1005 642 1141 713 πρὸς
1168 645 1338 716 αὐτὴν
1370 647 1780 719 είσπηδώντων,

214 730 429 793 πάντας
459 730 821 804 ἀπεκρούετο,
860 736 1310 808 προφασιζομένη
1344 739 1499 802 ἕλκος
1525 740 1670 811 ἐχειν
1699 742 1795 795 ἐπὶ

215 821 463 888 κρυπτοῦ
488 822 655 874 τόπου
700 823 796 876 καὶ
842 823 1034 877 τούτου
1063 827 1164 895 τὴν
1205 828 1527 901 ἀπαλλαγὴν
1568 832 1792 898 ἐκδέξα-

218 912 362 965 σθαι.
414 912 603 976 Οὕτως
638 910 734 967 οὖν
761 915 985 981 τούτους
1032 918 1479 977 ἀποϐουκολοῦσα
1523 924 1615 975 τὸν
1659 924 1793 978 Θεὸν

215 1003 461 1056 ἱκέτευεν
495 1005 725 1060 ἄσπιλον
762 1008 862 1079 τὴν
899 1012 1198 1081 παρθενίαν
1227 1014 1393 1083 αὐτῆς
1437 1017 1787 1083 διαφυλάξαι.

213 1094 320 1145 Καὶ
354 1095 419 1159 δὴ
458 1096 771 1165 ὑπήκουσεν
822 1101 995 1168 αὑτῆς
1042 1102 1071 1155 ὀ
1107 1103 1260 1164 Θεός.
1299 1107 1405 1158 Καὶ
1459 1106 1680 1176 ἔρχεταί
1713 1126 1797 1173 τις

212 1186 497 1248 νεανίσκος
526 1188 834 1260 περιφανὴς
865 1193 958 1244 καὶ
995 1193 1116 1246 λίαν
1156 1194 1388 1266 εὐσεϐὴς
1427 1199 1672 1266 ἑσπέρας
1698 1199 1797 1270 βα-

214 1276 364 1340 θείας
392 1279 531 1350 πρὸς
555 1280 646 1337 τὸν
672 1284 1061 1355 πορνοϐοσκὸν,
1102 1288 1195 1341 καὶ
1226 1289 1438 1342 δίδωσιν
1469 1292 1617 1360 αὑτῷ
1642 1293 1799 1364 νομί·

216 1384 397 1435 σματα
421 1372 607 1437 πέντε,
637 1373 816 1443 λέγων
842 1376 1043 1429 Ἐασόν
1068 1394 1158 1448 μοι
1175 1379 1381 1451 ταύτην
1400 1382 1499 1452 τὴν
1530 1384 1795 1453 κάρηνα..

212 1460 280 1510 τὰ
342 1461 534 1529 ίμάτια
593 1465 785 1532 αὑτοῦ,
828 1467 925 1520 καὶ
964 1470 1344 1541 περικαλύψας
1389 1472 1489 1544 τὴν
1543 1474 1788 1545 κεφαλὴν

212 1551 381 1621 αὑτῆς
432 1554 741 1626 ἐξέπεμψεν
800 1560 972 1630 αὐτὴν
1020 1561 1256 1632 ἄφθορον
1306 1565 1403 1617 καὶ
1482 1567 1786 1636 ἀνέπαφον.

225 1642 467 1715 Ἡμέρας
494 1643 564 1699 δὲ’
580 1651 879 1723 γενομένης
908 1654 1005 1706 καὶ
1028 1653 1123 1707 τοῦ
1156 1656 1431 1727 δράματος
1449 1660 1789 1727 γνωσθέντος

211 1732 403 1804 ἐκρίθη
424 1737 452 1788 ὀ
485 1739 704 1802 νεανίας
730 1741 1109 1813 ἀναιρεθῆναι,
1147 1745 1243 1798 καὶ
1274 1745 1465 1799 τούτου
1492 1750 1785 1818 γενομένου

1899 651 2118 717 avertit,
2170 655 2337 711 ,ulcus
2400 658 2504 713 sibi
2561 674 2687 716 esse
2745 674 2963 719 secreto
3010 666 3133 723 loco
3177 671 3478 737 mentiens,

1901 753 2070 812 utque
2097 743 2221 815 ejus
2252 751 2592 805 sanationem
2620 763 3008 822 exspectarent
3034 774 3221 818 orans.
3275 760 3373 818 His
3403 764 3479 819 ita
3515 754 3519 757 ’

1900 834 2168 904 deceptis,
2220 837 2388 891 Deum
2425 854 2647 912 precata
2693 855 2777 901 est
2825 858 2885 903 ut
2918 864 3075 905 snam
3107 852 3477 923 virginitatem

1900 928 2244 999 impollutam
2296 934 2401 1010 sibi
2444 946 2708 994 servaret.
2770 941 2977 1011 Estque
3022 942 3091 996 ab
3121 957 3187 997 eo
3225 947 3309 998 sui
3364 946 3477 999 voti

1899 1035 2123 1090 compos
2156 1022 2293 1078 faeta
2332 1044 2343 1079 :
2382 1029 2648 1082 nam‘alta
2692 1038 2849 1087 nocte
2883 1034 3207 1089 adolescens
3254 1034 3475 1105 quidam

1895 1110 2130 1167 illustris
2162 1126 2327 1185 atque
2360 1118 2655 1173 admodum
2691 1123 2815 1192 pius
2842 1124 2907 1178 ad
2944 1126 3193 1180 lenonem
3216 1129 3472 1193 accessit,

1894 1203 2056 1273 eique
2082 1205 2233 1260 dedit
2266 1210 2511 1281 quinque
2546 1228 2823 1276 nummos,
2868 1224 2927 1268 ut
2958 1217 3026 1270 ad
3053 1219 3284 1287 puellam
3336 1220 3479 1272 hanc

1895 1297 2279 1352 admitteretur
2337 1341 2349 1353 .
2378 1342 2391 1353 .
2429 1342 2440 1355 .
2503 1313 2687 1359 vestes
2748 1305 2868 1375 ejus
2900 1347 2915 1372 ,
2970 1309 3256 1377 capiteque
3297 1312 3475 1366 velato

1894 1386 2157 1441 intactam
2212 1388 2444 1446 dimisit.
2500 1395 2661 1450 Facta
2710 1397 2833 1451 luce
2871 1414 2961 1454 res
2990 1399 3334 1469 deprehensa
3367 1411 3469 1465 οει,

1898 1487 1953 1531 et
2013 1479 2342 1538 adolescens
2410 1496 2585 1543 morte
2648 1489 2930 1545 multatos.
3007 1493 3167 1561 Isque
3219 1506 3288 1545 eo
3330 1491 3476 1547 facto

1898 1570 2143 1641 implevit
2172 1574 2419 1631 divinum
2458 1581 2742 1634 oraculum
2775 1582 2908 1635 illud
2937 1598 2952 1636 :
2979 1582 3235 1653 Majorem
3286 1582 3475 1637 chari-

1895 1670 2060 1719 tatem
2116 1683 2278 1725 nemo
2320 1678 2501 1739 potest
2548 1685 2813 1743 praestare
2858 1690 3020 1744 quam
3070 1684 3129 1729 ut
3173 1677 3338 1731 vitam
3372 1690 3474 1747 pro

1898 1757 2093 1813 amicis
2122 1760 2401 1830 impendat
2430 1762 2494 1818 ⁸⁸.

211 1826 495 1934 Elimia“
515 1831 604 1934 ’τὸ
650 1834 930 1905 Κυριακδν
955 1836 1136 1906 λόγιον
1162 1838 1222 1891 τὸ
1261 1839 1468 1907 φάσκον
1497 1858 1510 1869 ·
1544 1843 1785 1909 Μείζονα
1820 1846 2025 1921 ταύτης
2052 1826 2274 1925 ἀγάπην
2303 1857 2481 1921 οὐδεὶς
2509 1857 2644 1926 ἔχει,
2678 1862 2766 1913 ἴνα
2793 1879 2877 1925 τις
2900 1861 2998 1934 τὴν
3061 1860 3243 1932 ψυχὴν
3304 1858 3471 1917 αὑτοῦ

211 1919 278 1992 θῇ
306 1923 447 1993 ὑπὲρ
472 1927 583 1981 τῶν
617 1930 789 1998 φίλων
811 1932 1003 1990 αὑτοῦ.

288 2016 527 2086 Ὁμοίως
584 2021 680 2075 καὶ
731 2024 924 2095 ἐτέρου
982 2027 1309 2098 μονάζοντος
1357 2035 1788 2102 κατασχεθέντος
1820 2043 1861 2099 Β
1964 2084 1965 2093 η

1820 2043 1861 2099 Β
1964 2033 2131 2107 467
2179 2034 2333 2091 Alius
2370 2037 2673 2093 monachus
2697 2038 2763 2092 ab
2791 2039 2973 2107 impiis
3003 2026 3310 2121 correptius,
3344 2054 3468 2093 cum

211 2107 315 2160 ὑπὸ
344 2111 456 2163 τῶν
485 2111 722 2180 ἀσεϐῶν,
764 2118 903 2186 μετὰ
932 2118 1137 2186 πολλὰς
1179 2124 1371 2186 ποινὰς
1396 2127 1491 2180 καὶ
1517 2126 1787 2196 μάστιγας

209 2200 519 2256 τελευταῖον
560 2210 805 2278 πονηρὰν
842 2211 1149 2282 ἐπενόησαν
1195 2217 1439 2271 ἐπίνοιαν
1469 2221 1551 2281 είς
1581 2220 1787 2289 φθορὰν

206 2290 308 2357 τῆς
350 2294 711 2368 σωφροσύνης
760 2299 856 2352 τοῦ
898 2300 1132 2358 δικαίου.
1165 2306 1267 2358 Ἐν
1320 2322 1427 2360 τινι
1482 2311 1589 2379 γὰρ
1624 2313 1787 2382 κήπῳ

206 2382 396 2454 κλίνην
429 2386 777 2457 στρώσαντες
821 2393 917 2445 καὶ⁹
946 2395 1039 2447 τὸν
1098 2396 1253 2465 ἅγιον
1298 2400 1357 2452 ἐν
1404 2400 1539 2471 αὐτῇ
1579 2402 1786 2471 δεσμή-

206 2492 400 2540 σαντες
434 2479 728 2551 ἐπαφῆκαν
748 2484 896 2555 αὑτῷ
930 2486 1150 2554 γύναιον
1195 2489 1453 2560 ἄσεμνον,
1496 2493 1571 2555 ὡς
1607 2494 1673 2546 ἂν
1709 2494 1784 2563 μὴ

202 2564 508 2637 δυνάμενος
545 2573 648 2636 τὰς
705 2574 771 2627 ἐκ
823 2576 1030 2648 ταύτης
1075 2581 1326 2650 μηχανὰς
1368 2583 1653 2653 διαφυγεῖν
1690 2585 1783 2638 καὶ

201 2660 469 2754 ἀκωνᾲείς
513 2665 613 2734 τὴν
675 2668 922 2738 πονηρὰν
964 2670 1397 2745 καθελκυσθῆναι
1423 2679 1642 2754 πρᾶξιν.
1669 2679 1783 2749 Τῆς

201 2750 257 2802 δὲ
287 2752 467 2823 τούτῳ
508 2758 988 2831 περιπλεκομένης
1015 2765 1111 2818 καὶ
1160 2750 1567 2839 καταφιλούσης
1593 2770 1778 2836 αὑτὸν,

199 2842 297 2912 τὴν
342 2845 539 2901 ἐαυτοῦ
607 2850 860 2917 γλῶσσαν
906 2855 1203 2925 ἀποτεμὼν
1242 2862 1356 2922 τοῖς
1382 2860 1561 2915 ὀδοῦσι
1613 2880 1783 2932 προσ-

200 2932 440 2989 έπτυσεν
470 2940 551 3004 είς
581 2941 642 2994 τὸ
675 2945 967 3014 πρόσωπον
1000 2948 1193 3018 αὐτῆς,
1223 2950 1331 3003 κάκ
1363 2951 1554 3003 τούτου
1600 2953 1781 3026 ἐαυτῷ

202 3026 302 3091 μὲν
326 3028 529 3093 πόνους
557 3035 648 3086 καὶ
679 3035 978 3108 ἀλγηδόνας
1002 3038 1122 3093 ἀντὶ
1150 3041 1353 3110 ἡδονῶν
1381 3045 1770 3113 ἐπεισήγαγενο

200 3116 421 3182 ἐκείνην
453 3119 509 3173 δὲ
550 3123 757 3193 σφόδρα
808 3128 1121 3198 κατέπληξε
1171 3131 1265 3184 καὶ
1288 3131 1481 3200 ἀηδίας
1512 3134 1777 3204 ἐνέπλησε

196 3206 272 3276 τῷ
322 3209 558 3280 ῥεύματι
610 3215 705 3267 τοῦ
771 3217 1025 3287 αἵματος.
1093 3222 1272 3292 Ἀπερ
1325 3225 1659 3290 ἀκούσαντες
1722 3230 1774 3281 οι

197 3296 462 3369 Ἕλληνες
481 3301 795 3375 ἐθαύμαζον
825 3308 925 3379 τὴν
963 3309 1072 3363 τῶν
1111 3311 1455 3380 μοναζόντων
1488 3319 1775 3387 σωφροσύ-

196 3405 291 3460 νην
320 3394 418 3445 καὶ
446 3394 757 3464 ἀκρίϐειαν.

272 3483 635 3553 Ἠττηθέντες
668 3484 765 3541 οὖν
792 3490 840 3542 οί
867 3491 1150 3557 δυσσεϐεῖς
1169 3496 1425 3565 τύραννοι
1452 3500 1772 3569 Διοκλητια-

193 3574 280 3637 νὸς
311 3577 409 3629 καὶ
437 3578 784 3648 Μαξιμιανδς
823 3583 899 3653 τῷ
937 3585 1134 3656 πλήθει
1187 3590 1296 3641 τῶν
1336 3591 1769 3662 ἀναιρουμένων,

194 3664 369 3736 δῦγμα
400 3667 649 3731 ἐξέθεντο
689 3670 831 3725 ὥστε
865 3674 991 3737 τοὺς
1032 3676 1462 3747 εὑρισκομένους
1508 3684 1770 3755 Χριστια-

192 3758 314 3817 νοὺς
342 3758 733 3828 ἐξορύττεσθαι
754 3764 843 3817 τὸν
885 3765 1057 3830 δεξιὸν
1089 3768 1199 3821 τῶν
1232 3771 1550 3840 ὀφθαλμῶν,
1582 3776 1643 3827 οὐ
1674 3778 1770 3845 μό-

304 3847 393 3902 διά
419 3850 483 3902 τὸ
511 3850 786 3924 ὀδυνηρὸν,
810 3856 944 3911 ἀλλά
976 3861 1072 3913 καὶ
1098 3861 1184 3915 διὰ
1203 3863 1262 3917 τὸ
1294 3865 1489 3934 ἄτιμον
1510 3870 1602 3921 καὶ
1632 3870 1768 3939 πρό-

191 3935 340 4006 δηλον
369 3940 465 3993 καὶ
485 3942 585 4012 τῆς
601 3945 711 4000 τῶν
747 3945 1037 4019 Ῥωμαίων
1068 3953 1344 4019 πολιτείας
1372 3956 1673 4028 ἀλλότριον.

256 4119 345 4189 Τῷ
382 4121 428 4186 ζ’
472 4121 584 4175 ἔτει
624 4125 808 4179 αὑτῶν
849 4129 949 4199 τὴν
972 4129 1229 4202 Βούσιριν
1278 4137 1373 4189 καὶ
1400 4138 1497 4208 τὴν
1526 4141 1759 4205 Κοπτὸν,

192 4209 367 4275 πόλεις
434 4216 495 4266 ἐν
545 4214 757 4286 Θήϐαις
802 4219 903 4289 τῆς
950 4221 1765 4301 Αἰγύπτουρὰποστατησάσας

190 4301 281 4394 τῆς
308 4304 417 4355 τῶν
476 4304 765 4375 Ῥωμαὲων
796 4310 971 4381 ἀρχῆς
1012 4314 1091 4377 είς
1134 4315 1331 4384 ἔδαφος
1382 4321 1758 4394 κατέσκαψαν.

193 4392 275 4461 Τῷ
323 4393 366 4448 θ’
421 4395 535 4448 ἔτει
572 4398 649 4459 ὡς
699 4400 757 4455 ἐν
806 4405 975 4476 στήλῃ
1026 4407 1337 4479 ἐνέγραψαν
1389 4413 1439 4465 οί
1478 4392 1762 4483 δυσσεϐεῖς

192 4484 304 4537 καθ’
356 4487 537 4557 ἡμῶν,
572 4489 648 4551 ὡς
704 4493 925 4550 πάντων
971 4498 1367 4572 ἀναιρεθέντων
1415 4506 1760 4577 Χριστιανῶν

189 4576 362 4647 πάσης
389 4579 653 4649 εὐθηνίας
682 4586 777 4639 καὶ
807 4588 1106 4659 εὐκρασίας
1129 4595 1161 4665 ἠ
1195 4576 1485 4667 Ῥωμαίων
1512 4602 1758 4659 πολιτεία

1892 2130 2084 2181 multis
2120 2130 2458 2184 cruciatibus
2488 2142 2654 2197 atque
2688 2129 2921 2201 ﬂagellis
2958 2148 3066 2185 non
3098 2143 3244 2186 esset
3268 2132 3469 2197 victus,

1891 2219 2107 2274 tandem
2150 2220 2216 2273 ad
2249 2223 2560 2276 castitatem
2614 2222 2735 2291 ejus
2797 2222 3094 2276 vitiandam
3157 2224 3259 2276 hoc
3308 2231 3394 2276 est
3441 2237 3471 2274 a

1890 2309 2049 2362 malis
2085 2310 2279 2363 initum
2310 2311 2627 2367 consilium.
2685 2310 2910 2366 Lectum
2942 2313 2995 2366 in
3028 2312 3265 2378 quodam
3310 2313 3470 2366 horto

1889 2411 2161 2467 sternunt,
2214 2403 2376 2472 eique
2422 2411 2677 2457 sanctum
2712 2404 2875 2461 istum
2916 2403 3189 2460 hominem
3220 2402 3469 2474 illigant;

1888 2491 2307 2563 immittuntque
2356 2495 2405 2549 ei
2464 2494 2801 2564 impudicam
2876 2496 3159 2550 mulierem
3193 2534 3207 2556 ,
3245 2505 3303 2548 ut
3341 2509 3467 2549 cum

1885 2586 2006 2651 cjns
2066 2588 2403 2642 tcntationes
2476 2588 2862 2659 subterfugere
2919 2606 3029 2643 non
3104 2599 3329 2659 posset,
3390 2590 3467 2643 ita

1884 2675 2091 2731 invitus
2139 2692 2361 2747 quoque
2413 2679 2478 2731 ad
2521 2678 2814 2733 obscenam
2872 2694 2983 2733 rem
3034 2679 3463 2757 pet-traheretur.

1882 2763 1931 2817 ις
1965 2783 2118 2837 ergo,
2162 2785 2288 2822 cum
2348 2771 2603 2840 amplexa
2634 2785 2757 2824 eum
2792 2770 2989 2823 mulier
3022 2769 3461 2831 deoscularetur,

1883 2858 2124 2929 linguam
2178 2875 2332 2914 suam
2388 2860 2646 2913 dentibus
2703 2863 2986 2929 praecisam
3024 2860 3076 2912 in
3114 2858 3305 2913 faciem
3337 2873 3467 2910 mu-

1882 2948 2034 3004 lieris
2098 2954 2339 3019 exspuit.
2400 2951 2522 3018 Quo
2584 2953 2729 3007 facto
2797 2959 2852 3006 et
2913 2951 3135 3006 dolores
3184 2950 3288 3004 sibi
3339 2950 3463 3003 loco

1880 3041 2177 3111 voluptatis
2221 3044 2448 3106 intulit,
2500 3059 2732 3112 eamque
2783 3044 3136 3097 vehementer
3191 3050 3465 3111 perterre-

1881 3134 2027 3199 fecit,
2081 3137 2481 3206 sanguinisque
2520 3135 2690 3190 ﬂuxio
2724 3137 3019 3207 plurimum
3052 3137 3240 3189 attulit
3285 3135 3459 3188 mole-

1878 3227 2016 3280 stite.
2056 3227 2228 3280 (ira-ci
2263 3241 2428 3297 porro
2460 3228 2544 3282 his
2588 3227 2795 3281 auditis
2848 3228 3243 3281 monachorum
3274 3224 3457 3282 conti-

1882 3319 2120 3372 nentiam
2149 3330 2202 3372 et
2233 3318 2626 3388 perfectionem
2656 3318 2937 3374 admirari.

1946 3492 2085 3547 Victi
2118 3503 2298 3563 autem
2336 3494 2489 3565 impii
2525 3495 2747 3566 tyranni
2790 3494 3165 3550 Diocletianus
3196 3504 3251 3551 et
3283 3496 3455 3550 Maxi-

1874 3588 2088 3638 mianus
2156 3586 2513 3642 multitudine
2596 3595 2969 3651 necatorum,
3045 3588 3337 3642 edixerunt
3396 3598 3455 3642 nt

1869 3677 2217 3731 Christianus
2245 3679 2289 3731 si
2322 3679 2446 3748 quis
2475 3688 2625 3734 esset
2656 3681 2929 3742 inventus.
2960 3682 3009 3734 ei
3034 3681 3227 3735 oculus
3265 3690 3455 3737 dexter

1871 3777 2192 3835 erneretur;
2250 3771 2396 3839 quod
2458 3771 2790 3841 supplicium
2854 3788 2963 3826 non
3016 3774 3178 3826 modo
3230 3784 3453 3842 propter

1867 3860 2138 3923 dolorem,
2189 3863 2284 3914 sed
2335 3870 2391 3914 et
2444 3873 2668 3931 propter
2700 3865 3061 3933 conspicuam
3095 3864 3449 3934 ignominiam

1867 3950 2303 4020 inusitatumque
2362 3950 2628 4008 Romanis
2692 3955 2943 4009 moribus
3006 3970 3183 4024 pinnae
3254 3970 3445 4024 genus,

1866 4057 2031 4112 grave
2061 4042 2179 4097 fore
2206 4044 2644 4099 arbitrabantur.

1937 4133 2179 4204 Septimo
2237 4137 2450 4204 imperii
2502 4137 2583 4191 sui
2632 4152 2777 4191 anno
2830 4137 3051 4192 Busirin
3098 4138 3439 4208 etCOptnm,

1863 4246 1986 4301 qua:
2023 4232 2186 4286 urbes
2240 4230 2462 4303 Egypti
2496 4239 2626 4288 sunt
2664 4239 2718 4288 et
2777 4232 2843 4287 ad
2892 4233 3115 4288 Thebas
3145 4235 3442 4303 pertinent,

1863 4326 2008 4397 quod
2067 4342 2145 4383 eae
2206 4342 2233 4380 a
2291 4327 2539 4382 Romano
2591 4328 2823 4396 imperio
2880 4327 3262 4393 defecissent,
3324 4329 3443 4382 solo

1861 4426 2242 4491 aequaverunt.
2329 4418 2486 4474 Nono
2551 4434 2697 4473 anno
2760 4419 2815 4473 in
2892 4429 3074 4475 statua
3127 4421 3440 4484 ediderunt,

1860 4512 2119 4566 omnibus
2168 4511 2500 4567 Christianis
2556 4509 2883 4577 interfectis,
2938 4510 3245 4565 Romanum
3276 4512 3442 4581 impe-

1861 4608 2001 4658 rium
2060 4603 2222 4658 rebus
2266 4604 2550 4674 prosperis
2612 4603 2965 4659 aﬂluxnruni.
3020 4602 3191 4660 Secus
3252 4615 3435 4661 autem

192 4667 597 4778 πλησθήσεται,
656 4676 841 4742 καθὼς
895 4682 1280 4754 ὑπελάμϐανον
1324 4690 1375 4742 οί
1425 4692 1753 4764 ἀλάστορες
1788 4722 1869 4778 DA

1788 4722 1831 4778 υ
1856 4696 2025 4771 468
2057 4696 2235 4751 evenit
2266 4667 2432 4764 quam
2467 4694 2625 4748 furiis
2655 4695 2781 4749 istis
2814 4695 2994 4748 visum
3036 4695 3154 4749 fuit.
3212 4696 3347 4763 Nam
3381 4707 3436 4751 et

191 4759 266 4812 διὸ
330 4767 425 4817 καὶ
484 4766 643 4836 λιμὸς
704 4774 799 4824 καὶ
846 4774 1035 4845 λοιμὸς
1078 4782 1172 4832 καὶ
1206 4782 1440 4851 αὐχμὸς,
1502 4789 1599 4841 καὶ
1631 4759 1745 4845 πᾶν

190 4855 352 4908 ὁτιοῦν
381 4858 503 4911 ἐστι
532 4864 701 4915 κακδν
726 4868 925 4932 εἰπεῖν,
959 4870 1087 4933 τοὺς
1139 4873 1464 4942 ἀνθρώπους
1494 4881 1748 4950 μετῆλθε,

191 4944 424 5038 ίΡβθἹ]
459 4953 554 5005 καί
577 4972 720 5019 τινος
761 4958 950 5029 ἐτέρου
985 4963 1290 5033 νοσήματος
1324 4944 1508 5036 μοῖραξ
1555 4944 1754 5038 Ἕλκος

189 5036 241 5089 δὲ
269 5034 335 5109 ἦν
369 5047 712 5116 φερωνύμως
748 5050 843 5104 τοῦ
889 5053 1173 5124 πυρώδους
1216 5034 1486 5130 ἄνθρακος
1518 5034 1750 5134 λεγόμεζ

188 5145 289 5225 νον.
334 5136 456 5188 καθ’
492 5138 615 5190 ὅλον
658 5139 757 5210 μὲν
800 5141 971 5213 ἕρπον
1019 5145 1082 5199 τδ
1125 5147 1308 5219 σῶμα,
1366 5154 1669 5225 σφαλεροὺς
1692 5158 1749 5210 δὲ

1861 4788 2035 4842 fames
2065 4797 2118 4841 et
2153 4787 2325 4857 pestis
2350 4795 2404 4841 et
2438 4787 2661 4842 siccitas
2704 4787 2957 4843 homines
2997 4788 3317 4855 infestavit;
3369 4804 3435 4844 ac

1861 4882 2045 4936 ulcera
2093 4894 2233 4950 quos
2289 4879 2657 4933 carbunculos
2712 4889 2932 4944 vocant,
2985 4894 3079 4949 per
3109 4890 3279 4934 totum
3314 4897 3443 4953 ser-_

1859 4974 2039 5045 peritia
2119 4988 2320 5043 corpus
2379 4970 2724 5042 periculosos
2791 4973 3013 5027 morbos
3105 4972 3430 5035 allerebant,

1858 5066 2183 5136 praesertim
2224 5074 2408 5121 autem
2470 5065 2648 5119 oculis
2682 5073 2741 5117 ut
2790 5065 3090 5133 plurimum
3123 5067 3440 5134 occupatis,

1858 5157 2027 5211 multa
2082 5158 2349 5220 virorum,
2416 5156 2709 5209 mulierum
2775 5170 3181 5240 puerorumque
3256 5156 3429 5209 millia

185 5224 289 5319 mi;
312 5229 641 5284 πεπονθόσιν
666 5234 902 5290 ἐνεποίει
944 5240 1245 5306 κινδύνους,
1285 5245 1363 5302 Οὐ,
1388 5247 1496 5317 μὴν
1523 5224 1581 5301 δὲ
1612 5249 1749 5307 ἀλλά
1854 5265 1862 5302 1

1854 5248 2267 5304 mutilaverunt.
2303 5247 2479 5302 Simul
2517 5258 2574 5302 et
2606 5247 2809 5303 bellum
2841 5224 3160 5305 Armenium
3194 5257 3428 5319 tyranno

188 5314 453 5409 xui-nti
500 5320 612 5373 τῶν
659 5323 954 5396 ὀφθαλμῶν
1003 5330 1301 5403 ἐξαιρέτως
1354 5314 1461 5390 ἐπὶ⁷
1491 5339 1745 5394 πλεῖστον
1851 5341 1865 5394 i

1851 5340 2063 5395 incidit.
2128 5339 2234 5395 Tot
2282 5350 2540 5409 tantaque
2574 5340 2739 5396 simul
2774 5340 2915 5395 mala
2949 5340 3139 5394 eodem
3178 5314 3424 5409 tearpore

187 5406 469 5501 γενόμενον
519 5414 751 5481 μυρίους
792 5418 952 5483 ὅσους
1002 5421 1204 5493 ἄνδρας
1248 5427 1365 5496 ἃμα
1400 5431 1613 5497 γυναιξὶ
1652 5434 1747 5485 καὶ
1850 5433 1863 5487 i

1743 5471 1747 5484 .
1850 5433 2156 5501 ingruentia
2214 5431 2437 5501 impiam
2502 5432 2763 5487 adversus
2817 5431 2987 5485 Deum
3048 5432 3420 5500 audacemque

188 5500 326 5551 παισὶ
356 5506 570 5572 πηροὺς
602 5508 997 5581 ἀπειργάσατο.
1035 5518 1146 5571 Καὶ
1193 5520 1290 5572 σὺν
1318 5526 1528 5587 τούτοις
1569 5542 1745 5596 προσ-

186 5588 525 5682 επανίσταται
581 5595 660 5665 τῷ
698 5604 947 5674 τυράννῳ
993 5607 1021 5658 ὀ
1053 5608 1189 5678 πρὸς
1225 5611 1544 5682 ’Δρμενίους
1575 5588 1739 5670 πόλε-

189 5688 296 5741 m.
326 5680 567 5753 ’ἀθρόως
613 5686 818 5757 ὑφ’ἒνα
865 5696 959 5750 καὶ
982 5696 1073 5753 τὸν
1105 5699 1265 5758 αὑτὸν
1301 5680 1489 5776 καιρὸν
1514 5707 1743 5780 συρρεό-

249 5854 291 5889 ⁶³
320 5860 473 5917 Joan.
517 5881 608 5934 xv,
640 5867 731 5925 l5.

1847 5526 1967 5594 ejus
2016 5524 2337 5593 iactantiam
2396 5521 2774 5577 refutavcrunt
2806 5560 2821 5585 ,
2875 5537 3000 5577 cum
3058 5523 3103 5577 is
3158 5536 3225 5576 eo
3271 5522 3417 5592 quod

1843 5617 2155 5673 simulacris
2198 5614 2447 5670 divinum
2483 5616 2690 5669 cultum
2721 5616 3003 5670 exhiberet
3041 5614 3417 5669 Christianos-

1844 5726 1950 5781 que
2012 5718 2387 5782 oppugnaret,
2451 5709 2661 5764 nullum
2724 5724 2937 5781 eorum,
2992 5708 3188 5764 nedum
3252 5706 3415 5763 simul
