4248 6456
253 443 360 508 521

1353 424 1902 490 HISTORIARUM
1943 419 2476 483 COMPENDIUAI.

3403 413 3510 476 522

243 556 339 610 καὶ
369 552 653 625 προφήτας
673 550 769 603 καὶ
803 546 1024 618 μάντεις
1053 545 1128 608 ὡς
1160 541 1488 605 ἀπατεῶνας
1541 539 1821 606 κατέσφα-
1853 545 1898 602 Α

1853 545 1898 602 Α
1926 535 2254 605 impostores
2300 531 2612 586 trucidavit.
2677 529 2979 585 Undecimo
3027 542 3194 594 anno,
3226 541 3349 582 eum
3394 529 3506 597 jam

243 649 356 714 ξεν.
403 647 493 698 Ἐν
540 644 596 698 δὲ
631 642 708 711 τῷ
743 647 812 694 ια’
867 641 978 693 ἔτει
1025 638 1310 710 μέλλοντος
1361 633 1704 707 κρατηθῆναι
1732 630 1825 684 τοῦ

245 735 594 808 Μαξιμιανοῦ
627 733 732 787 ὑπὸ
772 733 864 786 τοῦ
902 731 1158 799 Μεγάλου
1211 726 1647 789 Κωνσταντίνου,
1693 739 1828 792 προ-

246 830 488 883 λαϐοῦσα
523 827 643 880 θεία
669 825 806 896 ὀργὴ
854 821 1157 878 κατέλαϐεν
1195 820 1391 874 αὐτόν’
1424 816 1557 886 φλὸξ
1587 815 1694 884 γάρ
1725 813 1830 866 ἀπὸ

245 922 354 975 τῶν
395 920 722 987 σπλάγχνων
755 915 920 969 αὐτοῦ
951 914 1045 968 καὶ
1075 912 1251 983 μελῶν
1295 909 1600 978 ἀναφθεῖσαι
1646 907 1831 975 ἀμφο-

250 1017 443 1086 τέρους
469 1014 595 1076 τοὺς
627 1010 940 1080 ὀφθαλμοὺς
973 1008 1140 1061 αὑτοῦ
1163 1005 1395 1076 έκπηδῇι
1421 1022 1468 1057 λι
1507 1001 1829 1070 πεποίηκεν,

252 1109 308 1159 αἱ
348 1105 408 1158 δὲ
437 1105 641 1173 σάρκες
672 1101 836 1156 αὑτοῦ
891 1101 1148 1152 σαπεῖσαι
1178 1097 1286 1150 τῶν
1313 1096 1515 1147 ὀστέων
1551 1093 1832 1159 ἐξέπεσον,

249 1199 345 1253 καὶ
375 1197 520 1250 οὕτω
563 1194 834 1256 διατεθεὶς
872 1193 972 1264 τὴν
1007 1191 1278 1262 θεομάχον
1328 1188 1496 1242 αὑτοῦ
1555 1184 1833 1256 ἀπέρρηξε

249 1291 455 1361 ψυχήν.
501 1289 592 1358 Τῷ
630 1287 780 1355 αὐτῷ
805 1284 860 1338 δὲ
912 1285 1101 1356 τρόπῳ
1161 1283 1256 1336 καὶ
1309 1281 1612 1349 Μαξιμῖνος
1667 1278 1695 1328 ὁ
1739 1275 1833 1329 τοῦ

253 1381 454 1452 μιαροῦ
518 1377 859 1450 μιαρώτατος
929 1378 1063 1439 υἱὸς,
1101 1373 1272 1444 μυρία
1324 1375 1425 1427 ὅσα
1483 1371 1579 1424 καὶ
1621 1370 1834 1439 άρῤητα

253 1476 398 1528 κατά
453 1473 564 1524 τῶν
627 1469 977 1540 Χριστιανῶν
1049 1467 1372 1536 ἐπινοήσας,
1447 1461 1836 1532 ἀναριθμήτοις

249 1565 443 1625 κακοῖς
477 1559 780 1631 ὑπεϐλήθη,
805 1559 901 1612 καὶ
941 1558 1118 1619 νόσοις
1154 1557 1304 1624 παρά
1357 1553 1516 1622 φύσιν
1550 1554 1643 1605 καὶ
1697 1550 1837 1619 πλη-

249 1656 374 1720 γαῖς
406 1651 672 1718 ὲξαισίαις
700 1647 1198 1718 ποινηλατούμενος
1237 1643 1486 1714 ἐξέψυξε.

322 1744 413 1814 Τῷ
480 1743 546 1814 ιβ’
591 1744 700 1795 ἔτει
757 1741 1002 1794 Λικίνιον
1056 1737 1325 1806 διαθήκας
1377 1734 1689 1802 ἀπαιτήσας
1743 1731 1836 1784 τοῦ

253 1837 419 1908 μηδὲν
449 1835 592 1888 κατά
641 1835 987 1903 Χριστιανῶν
1045 1830 1308 1900 πράττειν
1362 1826 1554 1891 κακὸν,
1618 1824 1838 1894 βασιλέα

248 1925 580 1996 ἀναγορεύει
610 1925 705 1977 καὶ
739 1921 1010 1992 ἀφορίσας
1048 1920 1244 1990 μοῖραν
1272 1916 1370 1985 τῆς
1414 1913 1700 1982 Ῥωμαίων
1733 1911 1836 1979 γῆς

248 2018 484 2071 δίδωσιν.
539 2013 822 2069 Ἐντεῦθεν
854 2014 882 2065 ὁ
905 2009 1046 2064 κατὰ
1090 2005 1432 2079 Χριστιανῶν
1481 2004 1666 2073 χάριτι
1701 1997 1836 2052 Θεοῦ

255 2110 540 2163 πέπαυται
570 2107 848 2175 διωγμός.“
873 2104 998 2157 Ἐπὶ
1025 2101 1218 2155 τούτου
1249 2097 1346 2153 τοῦ
1379 2094 1628 2151 Λικινίου
1659 2094 1837 2162 ὲμαρ-

250 2203 490 2273 τύρησεν
516 2204 544 2255 ὀ
581 2201 736 2270 ἅγιος
761 2197 1059 2267 Θεόδωρος.

320 2293 412 2365 Τῷ
447 2292 507 2347 ιδ’
557 2294 667 2346 ἔτει
702 2289 1061 2362 μονοκράτωρ
1116 2287 1144 2338 ὁ
1205 2283 1398 2351 Μέγας
1432 2279 1838 2337 Κωνσταντῖνος

256 2387 441 2456 πάσης
474 2386 572 2456 τῆς
621 2381 910 2452 Ῥωμαίων
957 2383 1062 2448 γῆς
1097 2378 1389 2447 γενόμενος
1444 2375 1626 2426 πᾶσαν
1673 2368 1838 2422 αὑτοῦ

250 2480 352 2550 τὴν
390 2480 602 2531 ἔννοιαν
630 2478 709 2539 εἰς
750 2474 901 2537 θείας
939 2472 1233 2545 φροντίδας
1266 2467 1601 2538 μετήγαγεν,
1638 2462 1840 2532 ἐκκλη-

259 2573 381 2635 σίας
408 2570 710 2639 ἀνεγείρων
757 2568 853 2620 κα)⁸
911 2562 1214 2633 φιλοτίμως
1269 2559 1471 2619 ταύτας
1512 2555 1835 2618 πλουτίζων.

255 2664 463 2736 Γράφει
487 2663 544 2714 δὲ
571 2663 663 2713 καὶ
695 2658 906 2729 πρῶτον
930 2655 1115 2724 νόμον,
1134 2654 1260 2714 τοὺς
1289 2649 1398 2703 τῶν
1421 2647 1655 2701 εἰδώλων
1679 2645 1842 2703 ναοὺς

257 2753 608 2808 ἀποδίδοσθαι
637 2753 747 2813 τοῖς
785 2748 864 2818 τῷ
907 2744 1131 2816 Χριστῷ
1188 2741 1594 2812 ἀφιερωμένοις
1632 2740 1782 2800 ναοῖς
1821 2750 1833 2764 ·

253 2848 533 2915 δεύτερον,
567 2841 930 2911 Χριστιανοὺς
990 2838 1186 2907 μόνους
1222 2832 1616 2904 στρατεύεσθαι
1672 2829 1841 2882 ὲθνῶν

257 2956 319 2991 τε
353 2941 450 2991 καὶ
474 2932 854 3005 στρατοπέδων
886 2932 1101 3000 ἄρχειν,
1137 2929 1264 2990 τοῦς
1294 2927 1352 2979 δὲ
1385 2925 1745 2993 ἐπιμένοντας
1773 2924 1838 2992 τῇ

258 3026 678 3096 είδωλολατρείᾳ
710 3024 1028 3092 κεφαλικῶς
1068 3018 1453 3090 τιμωρεῖσθαιο
1484 3016 1689 3087 τρίτον,
1739 3014 1839 3078 τὰς

256 3119 571 3186 πασχαλίας
603 3116 698 3168 δύο
728 3113 1030 3183 ἑϐδομάδας
1053 3112 1372 3179 ἀπράκτους
1405 3109 1604 3172 τελεῖν,
1634 3107 1735 3176 τήν
1779 3122 1838 3156 τε

1929 627 2326 681 Constantinus
2361 623 2748 676 Maximianum
2784 630 2934 676 esset
2968 622 3022 675 in
3061 633 3216 674 suam
3265 628 3510 688 potesta-

1934 729 2041 774 tem
2088 719 2434 783 redacturus,
2473 715 2571 770 Dei
2607 715 2686 768 ira
2719 714 3065 782 imperatoris
3098 722 3357 769 conatum
3391 726 3515 765 cor-

1931 811 2185 882 ripiendo
2220 811 2323 866 isto
2363 809 2678 864 antevertit.
2711 805 2958 860 Flamma
3008 806 3152 860 enim
3185 821 3251 861 ex
3292 804 3513 859 intesti.

1932 901 2256 957 nisGallerii
2286 909 2338 957 et
2368 901 2628 956 membris
2659 906 2872 960 exorta,
2895 907 3186 967 utrumque
3215 899 3264 952 ei
3295 897 3513 950 oculum

1934 996 2079 1051 elisit
2113 1009 2453 1063 :carnesque
2507 995 2574 1048 ab
2619 992 2841 1048 ossibus
2886 976 3232 1045 deciderunt.
3283 988 3376 1043 Sic
3423 989 3515 1042 ille

1938 1087 2166 1142 aﬁ‘ectus
2204 1087 2312 1141 Deo
2363 1087 2743 1140 adversantem
2772 1087 3010 1139 animam
3039 1084 3168 1153 egit.
3201 1082 3515 1150 Eodemque

1937 1181 2099 1235 modo
2134 1180 2492 1241 Maximinus,
2525 1178 2786 1233 scelerosi
2836 1178 3000 1245 hujus
3037 1176 3505 1232 sceleratissimus

1939 1272 2110 1336 ﬁlius,
2145 1271 2240 1340 qui
2279 1271 2491 1326 inﬁnita
2523 1277 2576 1324 et
2609 1267 2900 1323 inellabilia
2939 1275 3138 1321 contra
3163 1267 3515 1322 Christianos

1937 1368 2359 1439 excogitaverat,
2393 1364 2696 1419 innumeris
2729 1361 2905 1432 pmnis
2933 1358 3242 1428 subjectus,
3273 1360 3515 1414 morbis-

1941 1477 2046 1530 que
2077 1461 2480 1516 innaturalibus
2513 1467 2568 1513 et
2596 1455 2858 1512 inauditis
2887 1454 3128 1510 miseriis
3156 1453 3518 1510 excarniﬁca-

1942 1567 2029 1611 tus
2057 1556 2210 1610 obiit.

2020 1737 2351 1796 Duodecimo
2398 1750 2540 1790 anno
2596 1732 2889 1796 Licinium,
2944 1746 3068 1786 eum
3111 1731 3158 1785 is
3200 1736 3358 1800 pacto
3409 1728 3519 1783 icto

1943 1835 2238 1906 stipulatus
2270 1836 2437 1892 esset,
2480 1827 2614 1881 nihil
2650 1840 2710 1880 se
2739 1833 2928 1879 contra
2968 1821 3312 1878 Christianos
3338 1829 3517 1876 tenta-

1944 1938 2151 1987 turum,
2191 1922 2575 1990 imperatorem
2616 1915 2936 1980 declaravit,
2968 1923 3291 1984 partemque
3325 1914 3372 1967 ei
3410 1911 3521 1965 Ro-

1939 2014 2085 2070 mani
2124 2009 2336 2080 imperii
2368 2005 2640 2062 attribuit.
2677 2005 2832 2058 Tunc
2867 2003 2958 2058 Dei
2999 2003 3266 2058 beneﬁcio
3293 2002 3515 2057 vexatio

1939 2104 2384 2163 Christianorum
2421 2099 2590 2170 478
2638 2097 2789 2151 ﬁnita
2845 2104 2949 2152 est.
2995 2095 3106 2150 Sub
3165 2096 3268 2149 hoc
3302 2093 3518 2148 Licinio

1941 2199 2135 2253 beatus
2168 2193 2493 2247 Theodorus
2533 2197 2743 2260 martyr
2774 2203 2970 2258 passus
2998 2197 3082 2243 est
3124 2186 3478 2256 supplicium.

2012 2288 2170 2340 Anno
2193 2283 2402 2339 decimo
2431 2288 2627 2350 quarto
2656 2279 3078 2340 Constantinus,
3097 2293 3219 2332 cum
3247 2275 3314 2331 ad
3339 2277 3516 2347 ipsum

1945 2394 2112 2433 unum
2166 2378 2345 2432 omnis
2401 2373 2614 2443 imperii
2662 2380 2906 2442 potestas
2959 2369 3294 2436 devenisset,
3327 2383 3518 2423 omnes

1943 2487 2073 2529 suas
2125 2469 2484 2540 cogitationes
2539 2465 2605 2518 ad
2645 2478 2832 2520 sacras
2871 2478 2959 2518 res
2993 2462 3296 2527 convertit,,
3318 2463 3520 2532 templa

1943 2562 2215 2620 exstruxit
2265 2577 2330 2616 ac
2361 2558 2644 2637 magniﬁce
2690 2557 2905 2611 ditavit.
2949 2553 3094 2610 Tulit
3143 2555 3306 2610 etiam
3350 2553 3518 2626 leges.

1944 2657 2125 2712 Prima
2159 2655 2283 2719 fuit,
2321 2661 2380 2707 ut
2423 2652 2546 2706 fana
2593 2648 2907 2704 simulacris
2937 2656 3260 2703 consecrata
3299 2646 3522 2702 Christo

1942 2749 2207 2804 dedicatis
2231 2745 2449 2815 templis
2481 2743 2887 2796 addicerentur.
2915 2740 3167 2795 Secunda
3200 2740 3335 2794 :soli
3365 2739 3524 2796 Chri-

1944 2838 2106 2895 stiani
2138 2836 2394 2898 militent,
2423 2832 2848 2900 nationibusque
2883 2837 2937 2885 et
2975 2830 3306 2884 exercitibus
3356 2832 3524 2901 impe-

1944 2939 2084 2983 rent.
2125 2926 2228 2990 Qui
2269 2926 2325 2978 in
2382 2926 2534 2977 cultu
2582 2921 2841 2975 falsorum
2895 2920 3122 2974 deorum
3180 2931 3520 2989 perseverat,

1943 3021 2119 3090 capite
2137 3019 2423 3086 plectatur.
2459 3015 2643 3069 Tertia
2673 3033 2685 3069 :
2715 3029 2808 3084 per
2839 3013 2976 3068 duas
3005 3014 3362 3082 septimanas,
3387 3030 3523 3084 qua-

1942 3128 2062 3167 rum
2091 3112 2260 3165 altera
2290 3110 2582 3169 antecedit,
2612 3108 2781 3161 altera
2820 3106 3070 3175 sequitur
3108 3107 3337 3172 Pascha,
3377 3107 3524 3162 feria:

257 3208 366 3276 πρὸ
387 3203 481 3257 τοῦ
505 3204 696 3272 Πάσχα
717 3204 811 3255 καὶ
836 3201 934 3269 τὴν
963 3197 1078 3268 μετ’
1098 3198 1289 3267 αὑτήν.
1321 3196 1402 3247 Τά
1431 3195 1488 3246 δὲ
1507 3193 1616 3246 τῶν
1646 3192 1838 3262 πηχῶν
1865 3217 1909 3276 c

1865 3217 1909 3276 ο
1944 3212 2124 3258 sunto.
2173 3201 2482 3256 Mensuram
2541 3215 2761 3269 quoque
2811 3199 3119 3254 cubitorum
3183 3199 3522 3254 ascensionis

255 3298 358 3366 τῆς
386 3296 706 3357 ἀναϐάσεως
736 3293 829 3346 τοῦ
855 3293 1051 3344 Νείλου
1083 3291 1140 3342 ἐν
1176 3292 1240 3359 τῇ
1289 3287 1558 3356 ἐκκλησία
1589 3285 1842 3355 ἐνομοθέ-

255 3406 426 3458 τησεν
459 3385 850 3456 ἀναφέρεσθαι,
883 3385 976 3436 καὶ
1033 3381 1134 3434 οὐκ
1189 3383 1246 3432 ὲν
1289 3379 1366 3450 τῷ
1421 3377 1711 3448 Σαράπιδι,
1767 3377 1842 3440 ὼς

259 3481 466 3535 εἴθιστο
513 3483 626 3540 τοῖς
660 3478 942 3543 Ἕλλησιν.
995 3473 1160 3527 ’Λλλά
1205 3473 1323 3525 δέον
1385 3472 1502 3524 ἐστὶ
1557 3470 1685 3540 περὶ
1743 3473 1842 3539 τῆς

256 3576 351 3628 τοῦ
377 3575 533 3640 ἁγίου
559 3571 884 3641 Σιλϐἐστρου
919 3568 1208 3632 διαλέξεως
1236 3567 1396 3633 ὀλίγα
1421 3565 1542 3618 τινά
1567 3565 1764 3617 εἰπεῖν.

333 3666 420 3740 [Ρ.
461 3664 590 3737 275]
641 3663 731 3733 Τῷ
763 3664 802 3716 δ’
832 3663 941 3716 ἔτει
995 3662 1093 3731 τῆς
1138 3660 1415 3732 βασιλείας
1461 3658 1554 3711 τοῦ
1625 3655 1844 3708 εὐσεϐεο

262 3763 458 3815 mm
483 3762 579 3812 xui.
595 3758 848 3825 Μεγάλου
870 3756 1282 3808 Κώνσταντίνου
1302 3751 1534 3814 διάλεξις
1552 3750 1772 3819 γέγονεν
1787 3751 1843 3801 ὲν

271 3854 458 3923 Ῥώμῃ
471 3849 814 3920 Χριστιανῶν
847 3850 940 3903 καὶ
979 3845 1271 3901 Ἰουδαίων.
1299 3846 1410 3898 Καὶ
1438 3843 1543 3897 τῶν
1577 3844 1674 3912 μὲν
1705 3843 1841 3912 Χρι-

261 3944 496 3999 στιανῶν
540 3945 568 3995 ὁ
601 3943 775 4010 μέγας
805 3944 990 4012 ἠγεῖτο
1016 3939 1342 4006 Σίλϐεστρος
1399 3936 1587 3997 πάπας
1620 3933 1695 3985 ῶν
1745 3934 1844 4002 τῆς

274 4035 521 4102 Ῥώμης,
537 4031 806 4084 Ἰουδαίων
823 4031 880 4084 δὲ
903 4031 1000 4084 σὺν
1020 4029 1199 4091 ἄλλοις
1220 4027 1492 4088 πλείστοις
1511 4023 1843 4093 νομομαθέσι

262 4133 358 4177 καὶ
382 4124 644 4191 Ζαμϐρῆς
668 4123 696 4174 ὁ
718 4123 914 4191 μάγος,
939 4118 1188 4188 Ἐϐραῖος
1211 4118 1304 4170 καλ¹
1333 4117 1488 4185 γόης,
1506 4117 1564 4167 ὲν
1591 4107 1636 4180 ᾧ
1662 4115 1842 4165 πᾶσαν

260 4219 359 4288 τὴν
391 4216 714 4284 πεποίθησιν
765 4210 909 4283 εἶχον
963 4213 1013 4265 οἱ
1055 4213 1324 4264 Ἰουδαῖοι.
1378 4210 1611 4278 Λέγουσι
1660 4208 1842 4260 τοίνυν

272 4307 543 4360 Ἰουδαῖον
596 4303 919 4367 Ἐκλέξασθε
956 4302 1162 4356 δώδεκα
1207 4300 1589 4373 Χριστιανοὺς,
1651 4299 1844 4362 οἵτινες

261 4397 536 4465 ὸςείλουσι
548 4394 1025 4462 δικαιολογηθῆναι
1041 4394 1192 4462 ἡμῖν.
1211 4392 1270 4444 Ὀ
1284 4391 1339 4442 δὲ
1352 4390 1508 4456 ἆγιος
1521 4387 1674 4439 Σίλϐε
1682 4405 1743 4440 στ
1751 4404 1842 4456 ρος

260 4487 386 4557 ἔφη·
408 4485 598 4554 Ἦμεῖς
631 4483 712 4545 είς
732 4481 830 4553 τὴν
858 4481 952 4534 τοῦ
975 4480 1111 4534 Θεοῦ
1141 4480 1370 4550 δύναμιν
1391 4479 1710 4548 ἀφορῶμεν.
1746 4473 1842 4540 Εἷς

260 4551 372 4646 γάρ
387 4551 592 4641 ἐστινῷ
606 4551 858 4642 λέγομενο
877 4571 1108 4626 Ἀνάστα
1128 4572 1156 4624 ὀ
1170 4571 1321 4638 Θεὸς,
1339 4572 1560 4624 δίκασον
1578 4571 1676 4639 τὴν
1686 4569 1841 4638 δίκην
1872 4551 1916 4606 ι)

264 4683 380 4719 σου.
419 4666 584 4718 Ὅσον
605 4665 712 4735 γάρ
735 4663 832 4732 τῆς
853 4662 962 4715 τῶν
982 4661 1285 4732 ἀνθρώπων
1308 4661 1560 4732 βοηθείας
1584 4660 1840 4731 ὑστερού-

265 4759 426 4828 μεθα,
461 4757 715 4810 τοσοῦτον
751 4759 818 4826 τῇ
859 4754 954 4807 τοῦ
1004 4753 1138 4806 Θεοῦ
1168 4754 1392 4820 δυνάμει
1444 4753 1833 4823 στηριζόμεθα.

265 4853 408 4922 Πρὸς
434 4848 608 4904 ταῦτα
635 4847 902 4916 ’Δϐιάθαρ
923 4846 1178 4908 Ἰουδαῖος
1214 4845 1317 4915 ἔφη
1342 4863 1354 4876 ·
1393 4845 1562 4898 Τοῦτο
1587 4851 1647 4899 τὸ
1673 4848 1836 4917 ῥητὸν

258 4943 286 4992 ὀ
319 4940 589 5010 ἡμέτερος
627 4935 732 5005 ἔφη
770 4937 1076 5005 προφήτης.
1120 4936 1232 4990 Καὶ
1257 4939 1284 4989 ὁ
1312 4935 1462 5002 ἀγιος
1494 4935 1835 5003 Σίλϐεστρος·

269 5032 454 5086 Πάντα
480 5029 720 5098 σήμερον
765 5025 1000 5080 ἐνταῦθα
1029 5028 1094 5079 ἐκ
1142 5026 1252 5078 τῶν
1305 5028 1586 5097 ὑμετέρων
1641 5027 1838 5093 βίϐλων

262 5122 650 5192 προσενεγκεῖν
705 5119 904 5188 ἔχομεν
948 5117 1070 5171 καθ’
1110 5117 1262 5187 ὑμῶν
1309 5119 1488 5171 αὐτῶν
1515 5134 1528 5147 ·
1565 5118 1681 5172 τότε
1727 5120 1834 5190 γάρ

258 5214 488 5284 λαμπρά
512 5212 718 5280 γίνεται
753 5210 900 5279 νίκη,
935 5212 1063 5264 ὅταν
1089 5211 1151 5262 τὸ
1182 5209 1240 5276 ἐξ
1287 5211 1538 5274 ἐναντίας
1575 5211 1736 5281 μέρος
1766 5216 1831 5284 τῇ

259 5308 363 5359 τῶν
392 5305 610 5358 οἰκείων
637 5301 996 5356 διδασκαλιῶν
1021 5301 1274 5372 αὑθεντίᾳ
1306 5302 1530 5372 ἡττηθῇ.
1575 5304 1634 5355 Ὀ
1687 5304 1836 5373 βασι-

258 5397 383 5459 λεὺς
422 5396 550 5464 ἔφη·
583 5393 732 5465 Αὕτη
762 5393 949 5446 δικαία
979 5394 1011 5463 ἡ
1037 5393 1241 5462 κρίσις,
1271 5393 1328 5444 ἐν
1419 5396 1835 5462 καταναγκάζε-

260 5505 345 5539 ται
378 5487 608 5548 ἕκαστος
637 5487 703 5554 τῇ
732 5484 828 5552 τῆς
859 5482 995 5544 ἰδίας
1021 5483 1321 5552 θρησκείας
1363 5483 1622 5554 αὑθεντία
1676 5487 1836 5555 ἡττᾶ-

263 5581 400 5634 σθαι,
429 5578 696 5646 ’Δϐιάθαρ
742 5572 892 5629 εἷπε·
931 5575 1037 5628 Τοῦ
1069 5578 1504 5650 παντοκράτορος
1538 5578 1695 5644 Θεοῦ,
1743 5579 1834 5632 τοῦ

261 5669 737 5744 ὴμετέρου,λέγω,
765 5669 879 5740 ἰδίῳ
901 5668 1130 5738 στόματι
1157 5671 1430 5739 λέγοντος,
1464 5673 1652 5738 Ἴδετε,
1676 5672 1835 5738 ἴδετε,

324 5847 374 5882 ⁸⁵
405 5847 566 5906 Deut.
601 5862 778 5914 xxxii;
812 5846 918 5902 Isa.
959 5861 1082 5910 xcv,
1122 5845 1191 5899 46
1224 5849 1436 5915 passim.

589 5943 864 6005 Pnaon.
907 5941 1026 6005 Gn.
1072 5941 1170 6001 CX
1187 5943 1291 6002 XI.

1945 3293 2264 3363 Nili,jussit
2308 3294 2362 3346 in
2416 3293 2675 3361 templum
2720 3289 2933 3358 referri,
2980 3307 3088 3344 non
3145 3290 3226 3360 (ut
3278 3293 3526 3346 solebant

1946 3386 2117 3442 Graeci
2145 3385 2344 3455 facere)
2383 3385 2437 3438 in
2476 3385 2602 3436 fano
2660 3383 2958 3452 Serapidis.
3015 3384 3214 3438 Verum
3257 3385 3360 3439 hoc
3404 3385 3524 3440 loco

1944 3486 2159 3549 oportet
2183 3491 2354 3548 pauca
2388 3475 2721 3547 quasdamdc
2758 3474 2935 3530 sancti
2965 3474 3213 3530 Silvesui
3251 3477 3524 3547 colloquio

1947 3572 2209 3626 inserere.

2015 3667 2209 3719 Annus
2248 3670 2366 3716 erat
2399 3669 2632 3731 quartus
2667 3662 2879 3731 nnperii
2912 3660 3263 3715 Constantini
3320 3660 3523 3732 Magni,

1947 3771 2069 3812 cum
2107 3754 2291 3808 Romae
2314 3757 2457 3808 inter
2489 3753 2833 3809 Christianos
2864 3761 2918 3809 et
2947 3751 3165 3807 Judmos
3195 3753 3525 3824 colloquium

1951 3845 2073 3899 fuit.
2107 3845 2550 3899 Christianorum
2601 3858 2822 3896 causam
2875 3844 3068 3912 agebat
3134 3843 3396 3899 Silvester
3436 3847 3527 3899 ille

1948 3952 2202 4007 magnus,
2236 3951 2370 4005 papa
2395 3936 2695 3998 Romanus,
2725 3934 3060 3998 Judaaorum,
3095 3935 3236 3989 inter
3263 3937 3526 4005 plurimos

1949 4028 2087 4082 alios
2134 4027 2269 4095 legis
2308 4028 2511 4096 peritos
2538 4026 2800 4082 Zambres
2846 4043 2960 4082 rem
3007 4028 3260 4082 tuebatur
3309 4033 3522 4101 inagus,

1950 4117 2172 4172 Ebrteus
2207 4118 2491 4186 impostor,
2529 4117 2582 4170 in
2614 4133 2722 4186 quo
2739 4117 2910 4171 Judzei
2945 4135 3159 4172 onmem
3188 4136 3337 4188 spent
3367 4137 3523 4175 suam

1947 4218 2328 4276 reposuerant.
2360 4207 2530 4263 Judzei
2561 4226 2572 4261 :
2603 4209 2796 4277 Eligilt:
2842 4209 3128 4263 duodecim
3161 4211 3523 4277 Christianos,

1947 4318 2090 4371 quos
2126 4303 2268 4371 apud
2303 4317 2403 4357 nos
2434 4309 2650 4372 oportet
2703 4317 2928 4357 causam
2974 4303 3176 4357 dicere.
3219 4305 3481 4359 Silvester
3509 4325 3522 4336 ·

1945 4391 2056 4446 Nos
2114 4392 2182 4447 de
2230 4393 2471 4462 potentia
2527 4393 2620 4446 Dei
2677 4396 2995 4462 pendemus.
3050 4395 3201 4450 Unus
3236 4397 3380 4449 enim
3415 4407 3522 4461 est,

1945 4498 2107 4552 quem
2172 4484 2252 4537 sic
2308 4485 2721 4553 compellamus.
2767 4485 2961 4554 Surge,
3018 4485 3184 4549 Deus,
3217 4495 3270 4542 et
3298 4503 3522 4542 causam

1948 4584 2098 4629 tuam
2145 4591 2348 4630 assere.
2378 4575 2596 4642 Quanto
2647 4577 2792 4631 enim
2858 4581 3027 4648 magis
3080 4581 3238 4633 nobis
3299 4581 3522 4636 humani

1950 4668 2140 4722 auxilii
2180 4669 2355 4733 deest,
2388 4667 2555 4740 479
2590 4677 2742 4723 tanto
2802 4671 2921 4739 plus
2979 4673 3031 4723 in
3090 4671 3276 4724 divino
3319 4674 3525 4726 auxilio

1947 4757 2160 4812 fiduciae
2187 4761 2521 4826 reponimus.
2555 4760 2635 4811 Ad
2672 4760 2788 4814 hare
2819 4762 3082 4814 Abiathar
3112 4762 3334 4818 Judaeus
3362 4783 3373 4817 :
3401 4763 3524 4820 Hmc

1947 4849 2144 4919 inquit,
2175 4851 2340 4904 verba
2383 4857 2510 4902 sunt
2543 4853 2717 4905 nostri
2747 4853 2906 4908 vatis.
2943 4852 3186 4923 Subjecit
3221 4854 3518 4912 Silvestcr:

1944 4935 2053 4992 Nos
2075 4937 2237 4992 hodie
2280 4938 2461 4991 omnia
2501 4953 2619 5008 quae
2671 4941 2933 4995 adversus
2990 4956 3083 4995 vos
3130 4957 3520 5012 propnneinns,

1943 5043 2011 5084 ex
2047 5031 2244 5084 vestris
2284 5029 2442 5085 libris
2490 5033 2784 5087 statuitnns
2838 5033 3104 5102 proferre.
3166 5033 3320 5088 Tunc
3369 5037 3517 5089 enim

1946 5124 2176 5179 illustris
2231 5133 2314 5178 est
2363 5127 2613 5189 victoria,
2647 5140 2771 5178 cum
2806 5125 3032 5180 adversa
3069 5141 3196 5196 pars
3228 5143 3338 5180 suae
3376 5129 3520 5194 ipso-

1941 5232 2065 5270 rum
2117 5212 2379 5271 tloctrinte
2413 5217 2738 5270 anotoritate
2766 5221 3022 5271 vincitur.
3056 5218 3360 5286 Imperator
3396 5235 3521 5286 pro-

1942 5309 2213 5362 nuntiavit
2266 5308 2474 5376 justum
2507 5305 2558 5357 id
2590 5321 2714 5361 esse
2760 5308 3034 5375 judicium
3093 5322 3218 5360 cum
3256 5313 3517 5361 alterutra

1938 5417 2064 5470 pars
2123 5416 2236 5454 sua:
2293 5414 2453 5467 quam
2508 5399 2794 5467 proﬁtetur
2855 5401 3136 5468 religionis
3185 5405 3516 5454 auctoritate

1935 5490 2150 5556 cogitur
2170 5503 2228 5539 se
2253 5488 2448 5540 victam
2475 5487 2783 5541 ostendere.
2803 5487 3068 5542 Abiatliar
3092 5505 3106 5541 :
3134 5488 3246 5542 Suo
3261 5504 3355 5543 ore
3380 5489 3517 5542 dixit

1938 5581 2286 5648 omnipotens
2307 5589 2494 5634 noster
2530 5579 2672 5634 Deus
2703 5597 2715 5633 :
2750 5577 2966 5644 Videte,
3004 5580 3204 5635 videte.
3247 5579 3358 5648 Ego
3388 5595 3512 5633 sum

1940 5672 2101 5738 Deus,
2138 5686 2316 5743 neque
2345 5672 2484 5727 alius
2515 5681 2598 5728 est
2624 5681 2822 5743 praeter
2848 5689 2934 5728 me
2968 5674 3108 5729 Deus
3134 5674 3196 5727 “.
3228 5672 3514 5737 Quomodo

3126 5942 3200 6001 17
