  <div class='ocr_page' id='page_1' title='image "/cluster/home/n/w/nwhite01/storage/ocr_20150623/121/nnc1.0046980032/269.png"; bbox 0 0 4248 6456; ppageno 0'>
   <div class='ocr_carea' id='block_1_1' title="bbox 772 357 2758 434">
    <p class='ocr_par' dir='ltr' id='par_1_1' title="bbox 772 357 2758 434">
     <span class='ocr_line' id='line_1_1' title="bbox 772 357 2758 434; baseline 0.008 -17"><span class='ocrx_word' id='word_1_1' title='bbox 772 357 874 418; x_wconf 69' lang='lat'><strong>5:23</strong></span> <span class='ocrx_word' id='word_1_2' title='bbox 2065 366 2386 429; x_wconf 77' lang='lat' dir='ltr'><strong>GEORGII</strong></span> <span class='ocrx_word' id='word_1_3' title='bbox 2427 369 2758 434; x_wconf 72' lang='lat' dir='ltr'><strong>CEDRENI</strong></span> 
     </span>
    </p>
   </div>
   <div class='ocr_carea' id='block_1_2' title="bbox 3915 396 4026 458">
    <p class='ocr_par' dir='ltr' id='par_1_2' title="bbox 3915 396 4026 458">
     <span class='ocr_line' id='line_1_2' title="bbox 3915 396 4026 458; baseline 0.027 -2"><span class='ocrx_word' id='word_1_4' title='bbox 3915 396 4026 458; x_wconf 71' lang='lat'><strong>52‘.-</strong></span> 
     </span>
    </p>
   </div>
   <div class='ocr_carea' id='block_1_3' title="bbox 769 469 2446 573">
    <p class='ocr_par' dir='ltr' id='par_1_3' title="bbox 769 469 2446 545">
     <span class='ocr_line' id='line_1_3' title="bbox 769 469 2446 545; baseline 0.007 -21"><span class='ocrx_word' id='word_1_5' title='bbox 769 487 898 540; x_wconf 75' lang='lat' dir='ltr'><strong>ergo</strong></span> <span class='ocrx_word' id='word_1_6' title='bbox 937 469 1235 526; x_wconf 68' lang='lat' dir='ltr'><strong>Christiani</strong></span> <span class='ocrx_word' id='word_1_7' title='bbox 1294 473 1447 527; x_wconf 85' lang='lat' dir='ltr'><strong>aiunt</strong></span> <span class='ocrx_word' id='word_1_8' title='bbox 1495 483 1604 529; x_wconf 86' lang='lat' dir='ltr'><strong>tres</strong></span> <span class='ocrx_word' id='word_1_9' title='bbox 1658 491 1780 531; x_wconf 89' lang='lat' dir='ltr'><strong>esse</strong></span> <span class='ocrx_word' id='word_1_10' title='bbox 1847 479 2195 545; x_wconf 87' lang='lat' dir='ltr'><strong>adorandos,</strong></span> <span class='ocrx_word' id='word_1_11' title='bbox 2232 481 2446 544; x_wconf 72' lang='lat' dir='ltr'><strong>Pa-Ai</strong></span> 
     </span>
    </p>
   </div>
   <div class='ocr_carea' id='block_1_4' title="bbox 2349 469 4026 573">
    <p class='ocr_par' dir='ltr' id='par_1_4' title="bbox 2362 483 4026 573">
     <span class='ocr_line' id='line_1_4' title="bbox 2362 483 4026 573; baseline 0.014 -37"><span class='ocrx_word' id='word_1_12' title='bbox 2362 483 2515 544; x_wconf 82' lang='grc' dir='ltr'>Λδτι</span> <span class='ocrx_word' id='word_1_13' title='bbox 2552 486 2664 554; x_wconf 80' lang='grc' dir='ltr'>ἐγώ</span> <span class='ocrx_word' id='word_1_14' title='bbox 2692 489 2808 557; x_wconf 84' lang='grc' dir='ltr'>εἰμι</span> <span class='ocrx_word' id='word_1_15' title='bbox 2857 490 3009 552; x_wconf 80' lang='grc' dir='ltr'>Θεὸς,</span> <span class='ocrx_word' id='word_1_16' title='bbox 3064 493 3152 545; x_wconf 68' lang='grc' dir='ltr'><strong>καὶ</strong></span> <span class='ocrx_word' id='word_1_17' title='bbox 3185 495 3282 550; x_wconf 73' lang='grc' dir='ltr'>οὐκ</span> <span class='ocrx_word' id='word_1_18' title='bbox 3335 499 3447 553; x_wconf 79' lang='grc' dir='ltr'>ἔστι</span> <span class='ocrx_word' id='word_1_19' title='bbox 3498 501 3633 573; x_wconf 72' lang='grc' dir='ltr'>πλὴν</span> <span class='ocrx_word' id='word_1_20' title='bbox 3697 503 3853 573; x_wconf 74' lang='grc' dir='ltr'>ἐμοῦ,</span> <span class='ocrx_word' id='word_1_21' title='bbox 3901 508 4026 570; x_wconf 81' lang='grc' dir='ltr'><strong>πῶς</strong></span> 
     </span>
    </p>
   </div>
   <div class='ocr_carea' id='block_1_5' title="bbox 769 562 2335 641">
    <p class='ocr_par' dir='ltr' id='par_1_5' title="bbox 769 562 2335 641">
     <span class='ocr_line' id='line_1_5' title="bbox 769 562 2335 641; baseline 0.008 -26"><span class='ocrx_word' id='word_1_22' title='bbox 769 574 904 617; x_wconf 83' lang='lat' dir='ltr'><strong>trem</strong></span> <span class='ocrx_word' id='word_1_23' title='bbox 949 562 1003 616; x_wconf 92' lang='lat' dir='ltr'><strong>in</strong></span> <span class='ocrx_word' id='word_1_24' title='bbox 1053 577 1212 631; x_wconf 86' lang='lat' dir='ltr'><strong>quem</strong></span> <span class='ocrx_word' id='word_1_25' title='bbox 1257 573 1311 617; x_wconf 89' lang='lat' dir='ltr'><strong>ct</strong></span> <span class='ocrx_word' id='word_1_26' title='bbox 1376 580 1477 620; x_wconf 82' lang='lat' dir='ltr'><strong>nos</strong></span> <span class='ocrx_word' id='word_1_27' title='bbox 1523 567 1876 636; x_wconf 84' lang='lat' dir='ltr'><strong>conﬁdimus,</strong></span> <span class='ocrx_word' id='word_1_28' title='bbox 1923 570 2117 626; x_wconf 77' lang='lat' dir='ltr'><strong>Filium</strong></span> <span class='ocrx_word' id='word_1_29' title='bbox 2173 588 2335 641; x_wconf 88' lang='lat' dir='ltr'><strong>quem</strong></span> 
     </span>
    </p>
   </div>
   <div class='ocr_carea' id='block_1_6' title="bbox 771 650 2338 732">
    <p class='ocr_par' dir='ltr' id='par_1_6' title="bbox 771 650 2338 732">
     <span class='ocr_line' id='line_1_6' title="bbox 771 650 2338 732; baseline 0.006 -26"><span class='ocrx_word' id='word_1_30' title='bbox 771 650 1005 718; x_wconf 75' lang='lat' dir='ltr'><strong>majores</strong></span> <span class='ocrx_word' id='word_1_31' title='bbox 1041 652 1214 706; x_wconf 92' lang='lat' dir='ltr'><strong>nostri</strong></span> <span class='ocrx_word' id='word_1_32' title='bbox 1253 652 1305 706; x_wconf 93' lang='lat' dir='ltr'><strong>in</strong></span> <span class='ocrx_word' id='word_1_33' title='bbox 1334 668 1558 710; x_wconf 86' lang='lat' dir='ltr'><strong>crucem</strong></span> <span class='ocrx_word' id='word_1_34' title='bbox 1595 671 1845 727; x_wconf 81' lang='lat' dir='ltr'><strong>egerunt,</strong></span> <span class='ocrx_word' id='word_1_35' title='bbox 1878 675 1940 713; x_wconf 89' lang='lat' dir='ltr'><strong>ac</strong></span> <span class='ocrx_word' id='word_1_36' title='bbox 1964 661 2184 715; x_wconf 89' lang='lat' dir='ltr'><strong>tertium</strong></span> <span class='ocrx_word' id='word_1_37' title='bbox 2213 661 2338 732; x_wconf 90' lang='lat' dir='ltr'><strong>Spi-</strong></span> 
     </span>
    </p>
   </div>
   <div class='ocr_carea' id='block_1_7' title="bbox 769 743 2340 822">
    <p class='ocr_par' dir='ltr' id='par_1_7' title="bbox 769 743 2340 822">
     <span class='ocr_line' id='line_1_7' title="bbox 769 743 2340 822; baseline 0.009 -28"><span class='ocrx_word' id='word_1_38' title='bbox 769 743 934 795; x_wconf 81' lang='lat' dir='ltr'><strong>ritum</strong></span> <span class='ocrx_word' id='word_1_39' title='bbox 966 744 1258 796; x_wconf 86' lang='lat' dir='ltr'><strong>sanctum?</strong></span> <span class='ocrx_word' id='word_1_40' title='bbox 1299 743 1440 816; x_wconf 83' lang='lat' dir='ltr'><strong>Ergo</strong></span> <span class='ocrx_word' id='word_1_41' title='bbox 1472 762 1696 804; x_wconf 87' lang='lat' dir='ltr'><strong>necesse</strong></span> <span class='ocrx_word' id='word_1_42' title='bbox 1730 763 1810 804; x_wconf 75' lang='grc' dir='ltr'><strong>εει</strong></span> <span class='ocrx_word' id='word_1_43' title='bbox 1868 759 1924 803; x_wconf 83' lang='grc' dir='ltr'><strong>ιιι</strong></span> <span class='ocrx_word' id='word_1_44' title='bbox 1983 767 2109 805; x_wconf 90' lang='lat' dir='ltr'><strong>cum</strong></span> <span class='ocrx_word' id='word_1_45' title='bbox 2141 754 2218 807; x_wconf 84' lang='lat' dir='ltr'><strong>illi</strong></span> <span class='ocrx_word' id='word_1_46' title='bbox 2250 754 2340 822; x_wconf 91' lang='lat' dir='ltr'><strong>ju-</strong></span> 
     </span>
    </p>
   </div>
   <div class='ocr_carea' id='block_1_8' title="bbox 768 833 2337 911">
    <p class='ocr_par' dir='ltr' id='par_1_8' title="bbox 768 833 2337 911">
     <span class='ocr_line' id='line_1_8' title="bbox 768 833 2337 911; baseline 0.009 -27"><span class='ocrx_word' id='word_1_47' title='bbox 768 833 926 886; x_wconf 84' lang='lat' dir='ltr'><strong>beant</strong></span> <span class='ocrx_word' id='word_1_48' title='bbox 983 841 1094 887; x_wconf 87' lang='lat' dir='ltr'><strong>tres</strong></span> <span class='ocrx_word' id='word_1_49' title='bbox 1141 833 1384 898; x_wconf 89' lang='lat' dir='ltr'><strong>adorari,</strong></span> <span class='ocrx_word' id='word_1_50' title='bbox 1413 837 1559 893; x_wconf 89' lang='lat' dir='ltr'><strong>hunc</strong></span> <span class='ocrx_word' id='word_1_51' title='bbox 1586 839 1862 894; x_wconf 77' lang='lat' dir='ltr'><strong>oﬂ‘endant</strong></span> <span class='ocrx_word' id='word_1_52' title='bbox 1897 843 1989 911; x_wconf 88' lang='lat' dir='ltr'><strong>qui</strong></span> <span class='ocrx_word' id='word_1_53' title='bbox 2023 859 2082 898; x_wconf 91' lang='lat' dir='ltr'><strong>se</strong></span> <span class='ocrx_word' id='word_1_54' title='bbox 2118 846 2337 898; x_wconf 81' lang='lat' dir='ltr'><strong>unicum</strong></span> 
     </span>
    </p>
   </div>
   <div class='ocr_carea' id='block_1_9' title="bbox 766 921 2340 988">
    <p class='ocr_par' dir='ltr' id='par_1_9' title="bbox 766 921 2340 988">
     <span class='ocr_line' id='line_1_9' title="bbox 766 921 2340 988; baseline 0.01 -15"><span class='ocrx_word' id='word_1_55' title='bbox 766 936 888 975; x_wconf 87' lang='lat' dir='ltr'><strong>esse</strong></span> <span class='ocrx_word' id='word_1_56' title='bbox 931 921 1100 975; x_wconf 87' lang='lat' dir='ltr'><strong>Deum</strong></span> <span class='ocrx_word' id='word_1_57' title='bbox 1141 923 1299 977; x_wconf 78' lang='lat' dir='ltr'><strong>dixit.</strong></span> <span class='ocrx_word' id='word_1_58' title='bbox 1340 923 1604 980; x_wconf 77' lang='lat' dir='ltr'><strong>SilveSIer</strong></span> <span class='ocrx_word' id='word_1_59' title='bbox 1638 947 1650 982; x_wconf 94' lang='lat'>:</span> <span class='ocrx_word' id='word_1_60' title='bbox 1685 928 1795 984; x_wconf 85' lang='lat' dir='ltr'><strong>Nos</strong></span> <span class='ocrx_word' id='word_1_61' title='bbox 1829 932 2048 986; x_wconf 88' lang='lat' dir='ltr'><strong>unicum</strong></span> <span class='ocrx_word' id='word_1_62' title='bbox 2088 933 2252 987; x_wconf 88' lang='lat' dir='ltr'><strong>Deum</strong></span> <span class='ocrx_word' id='word_1_63' title='bbox 2285 941 2340 988; x_wconf 86' lang='lat' dir='ltr'><strong>et</strong></span> 
     </span>
    </p>
   </div>
   <div class='ocr_carea' id='block_1_10' title="bbox 763 1011 2335 1086">
    <p class='ocr_par' dir='ltr' id='par_1_10' title="bbox 763 1011 2335 1086">
     <span class='ocr_line' id='line_1_10' title="bbox 763 1011 2335 1086; baseline 0.008 -22"><span class='ocrx_word' id='word_1_64' title='bbox 763 1011 996 1066; x_wconf 84' lang='lat' dir='ltr'><strong>colimus</strong></span> <span class='ocrx_word' id='word_1_65' title='bbox 1029 1021 1082 1066; x_wconf 88' lang='lat' dir='ltr'><strong>et</strong></span> <span class='ocrx_word' id='word_1_66' title='bbox 1119 1013 1459 1079; x_wconf 80' lang='lat' dir='ltr'><strong>proﬁtemur.</strong></span> <span class='ocrx_word' id='word_1_67' title='bbox 1495 1015 1682 1086; x_wconf 77' lang='lat' dir='ltr'><strong>Neque</strong></span> <span class='ocrx_word' id='word_1_68' title='bbox 1735 1027 1919 1074; x_wconf 90' lang='lat' dir='ltr'><strong>tamen</strong></span> <span class='ocrx_word' id='word_1_69' title='bbox 1958 1024 2029 1075; x_wconf 88' lang='lat' dir='ltr'><strong>ita</strong></span> <span class='ocrx_word' id='word_1_70' title='bbox 2062 1022 2335 1076; x_wconf 91' lang='lat' dir='ltr'><strong>desertam</strong></span> 
     </span>
    </p>
   </div>
   <div class='ocr_carea' id='block_1_11' title="bbox 761 1105 2342 1182">
    <p class='ocr_par' dir='ltr' id='par_1_11' title="bbox 761 1105 2342 1182">
     <span class='ocr_line' id='line_1_11' title="bbox 761 1105 2342 1182; baseline 0.006 -26"><span class='ocrx_word' id='word_1_71' title='bbox 761 1118 1050 1158; x_wconf 87' lang='lat' dir='ltr'><strong>censemus</strong></span> <span class='ocrx_word' id='word_1_72' title='bbox 1082 1105 1338 1158; x_wconf 72' lang='lat' dir='ltr'><strong>deitatem</strong></span> <span class='ocrx_word' id='word_1_73' title='bbox 1377 1115 1437 1158; x_wconf 89' lang='lat' dir='ltr'><strong>ut</strong></span> <span class='ocrx_word' id='word_1_74' title='bbox 1467 1121 1576 1161; x_wconf 92' lang='lat' dir='ltr'><strong>non</strong></span> <span class='ocrx_word' id='word_1_75' title='bbox 1625 1109 1823 1164; x_wconf 85' lang='lat' dir='ltr'><strong>haheat</strong></span> <span class='ocrx_word' id='word_1_76' title='bbox 1849 1109 2044 1166; x_wconf 86' lang='lat' dir='ltr'><strong>Filium</strong></span> <span class='ocrx_word' id='word_1_77' title='bbox 2075 1128 2182 1182; x_wconf 87' lang='lat' dir='ltr'><strong>quo</strong></span> <span class='ocrx_word' id='word_1_78' title='bbox 2209 1128 2342 1182; x_wconf 81' lang='lat' dir='ltr'><strong>gau-</strong></span> 
     </span>
    </p>
   </div>
   <div class='ocr_carea' id='block_1_12' title="bbox 761 1195 2338 1275">
    <p class='ocr_par' dir='ltr' id='par_1_12' title="bbox 761 1195 2338 1275">
     <span class='ocr_line' id='line_1_12' title="bbox 761 1195 2338 1275; baseline 0.008 -29"><span class='ocrx_word' id='word_1_79' title='bbox 761 1195 909 1249; x_wconf 83' lang='lat' dir='ltr'><strong>deat.</strong></span> <span class='ocrx_word' id='word_1_80' title='bbox 940 1195 1056 1249; x_wconf 83' lang='lat' dir='ltr'><strong>Jam</strong></span> <span class='ocrx_word' id='word_1_81' title='bbox 1111 1195 1309 1250; x_wconf 87' lang='lat' dir='ltr'><strong>Filium</strong></span> <span class='ocrx_word' id='word_1_82' title='bbox 1343 1196 1462 1266; x_wconf 87' lang='lat' dir='ltr'><strong>ejus</strong></span> <span class='ocrx_word' id='word_1_83' title='bbox 1496 1199 1639 1255; x_wconf 87' lang='lat' dir='ltr'><strong>hunc</strong></span> <span class='ocrx_word' id='word_1_84' title='bbox 1690 1216 1812 1257; x_wconf 89' lang='lat' dir='ltr'><strong>esse</strong></span> <span class='ocrx_word' id='word_1_85' title='bbox 1851 1203 2107 1269; x_wconf 84' lang='lat' dir='ltr'><strong>dicimus,</strong></span> <span class='ocrx_word' id='word_1_86' title='bbox 2139 1203 2204 1259; x_wconf 95' lang='lat' dir='ltr'><strong>de</strong></span> <span class='ocrx_word' id='word_1_87' title='bbox 2230 1220 2338 1275; x_wconf 91' lang='lat' dir='ltr'><strong>quo</strong></span> 
     </span>
    </p>
   </div>
   <div class='ocr_carea' id='block_1_13' title="bbox 759 1289 2340 1352">
    <p class='ocr_par' dir='ltr' id='par_1_13' title="bbox 759 1289 2340 1352">
     <span class='ocr_line' id='line_1_13' title="bbox 759 1289 2340 1352; baseline 0.008 -13"><span class='ocrx_word' id='word_1_88' title='bbox 759 1299 909 1341; x_wconf 68' lang='lat' dir='ltr'><strong>vaies</strong></span> <span class='ocrx_word' id='word_1_89' title='bbox 943 1299 1120 1342; x_wconf 83' lang='lat' dir='ltr'><strong>vester</strong></span> <span class='ocrx_word' id='word_1_90' title='bbox 1170 1289 1247 1342; x_wconf 91' lang='lat' dir='ltr'><strong>ait</strong></span> <span class='ocrx_word' id='word_1_91' title='bbox 1307 1289 1481 1345; x_wconf 83' lang='lat' dir='ltr'><strong>Verbo</strong></span> <span class='ocrx_word' id='word_1_92' title='bbox 1513 1293 1724 1346; x_wconf 82' lang='lat' dir='ltr'><strong>Domini</strong></span> <span class='ocrx_word' id='word_1_93' title='bbox 1774 1297 1944 1350; x_wconf 75' lang='lat' dir='ltr'><strong>euelos</strong></span> <span class='ocrx_word' id='word_1_94' title='bbox 1985 1311 2107 1352; x_wconf 90' lang='lat' dir='ltr'><strong>esse</strong></span> <span class='ocrx_word' id='word_1_95' title='bbox 2140 1297 2340 1351; x_wconf 81' lang='lat' dir='ltr'><strong>funda-</strong></span> 
     </span>
    </p>
   </div>
   <div class='ocr_carea' id='block_1_14' title="bbox 761 1387 2333 1461">
    <p class='ocr_par' dir='ltr' id='par_1_14' title="bbox 761 1387 2333 1461">
     <span class='ocr_line' id='line_1_14' title="bbox 761 1387 2333 1461; baseline 0.013 -31"><span class='ocrx_word' id='word_1_96' title='bbox 761 1389 865 1445; x_wconf 83' lang='lat' dir='ltr'><strong>tos,</strong></span> <span class='ocrx_word' id='word_1_97' title='bbox 908 1396 1237 1451; x_wconf 87' lang='lat' dir='ltr'><strong>omnemque</strong></span> <span class='ocrx_word' id='word_1_98' title='bbox 1293 1398 1483 1436; x_wconf 88' lang='lat' dir='ltr'><strong>eorum</strong></span> <span class='ocrx_word' id='word_1_99' title='bbox 1539 1387 1649 1438; x_wconf 92' lang='lat' dir='ltr'><strong>vim</strong></span> <span class='ocrx_word' id='word_1_100' title='bbox 1703 1387 1898 1456; x_wconf 88' lang='lat' dir='ltr'><strong>spiritu</strong></span> <span class='ocrx_word' id='word_1_101' title='bbox 1952 1391 2066 1444; x_wconf 90' lang='lat' dir='ltr'><strong>oris</strong></span> <span class='ocrx_word' id='word_1_102' title='bbox 2125 1391 2244 1461; x_wconf 90' lang='lat' dir='ltr'><strong>ejus</strong></span> <span class='ocrx_word' id='word_1_103' title='bbox 2267 1395 2333 1450; x_wconf 72' lang='grc'><strong>⁸⁵.</strong></span> 
     </span>
    </p>
   </div>
   <div class='ocr_carea' id='block_1_15' title="bbox 761 1472 2333 1546">
    <p class='ocr_par' dir='ltr' id='par_1_15' title="bbox 761 1472 2333 1546">
     <span class='ocr_line' id='line_1_15' title="bbox 761 1472 2333 1546; baseline 0.009 -24"><span class='ocrx_word' id='word_1_104' title='bbox 761 1473 912 1524; x_wconf 82' lang='lat' dir='ltr'><strong>llune</strong></span> <span class='ocrx_word' id='word_1_105' title='bbox 939 1472 1132 1525; x_wconf 78' lang='lat' dir='ltr'><strong>Filium</strong></span> <span class='ocrx_word' id='word_1_106' title='bbox 1159 1473 1521 1541; x_wconf 74' lang='lat' dir='ltr'><strong>appellamus,</strong></span> <span class='ocrx_word' id='word_1_107' title='bbox 1543 1479 1863 1546; x_wconf 88' lang='lat' dir='ltr'><strong>quemapud</strong></span> <span class='ocrx_word' id='word_1_108' title='bbox 1891 1488 2066 1534; x_wconf 85' lang='lat' dir='ltr'><strong>\atem</strong></span> <span class='ocrx_word' id='word_1_109' title='bbox 2094 1492 2333 1537; x_wconf 85' lang='lat' dir='ltr'><strong>vestrum</strong></span> 
     </span>
    </p>
   </div>
   <div class='ocr_carea' id='block_1_16' title="bbox 755 1559 2332 1640">
    <p class='ocr_par' dir='ltr' id='par_1_16' title="bbox 755 1559 2332 1640">
     <span class='ocr_line' id='line_1_16' title="bbox 755 1559 2332 1640; baseline 0.009 -28"><span class='ocrx_word' id='word_1_110' title='bbox 755 1559 915 1613; x_wconf 74' lang='lat' dir='ltr'><strong>Pater</strong></span> <span class='ocrx_word' id='word_1_111' title='bbox 942 1561 1019 1614; x_wconf 88' lang='lat' dir='ltr'><strong>sic</strong></span> <span class='ocrx_word' id='word_1_112' title='bbox 1047 1561 1341 1630; x_wconf 82' lang='lat' dir='ltr'><strong>alquniiur</strong></span> <span class='ocrx_word' id='word_1_113' title='bbox 1367 1581 1377 1615; x_wconf 91' lang='lat'>:</span> <span class='ocrx_word' id='word_1_114' title='bbox 1408 1563 1486 1616; x_wconf 83' lang='lat' dir='ltr'><strong>&#39;l‘u</strong></span> <span class='ocrx_word' id='word_1_115' title='bbox 1519 1580 1576 1618; x_wconf 86' lang='lat' dir='ltr'><strong>es</strong></span> <span class='ocrx_word' id='word_1_116' title='bbox 1605 1563 1775 1621; x_wconf 85' lang='lat' dir='ltr'><strong>Filius</strong></span> <span class='ocrx_word' id='word_1_117' title='bbox 1797 1584 1970 1633; x_wconf 92' lang='lat' dir='ltr'><strong>meus,</strong></span> <span class='ocrx_word' id='word_1_118' title='bbox 1993 1584 2091 1640; x_wconf 79' lang='lat' dir='ltr'><strong>ego</strong></span> <span class='ocrx_word' id='word_1_119' title='bbox 2109 1580 2159 1626; x_wconf 88' lang='lat' dir='ltr'><strong>te</strong></span> <span class='ocrx_word' id='word_1_120' title='bbox 2173 1571 2332 1626; x_wconf 88' lang='lat' dir='ltr'><strong>hodie</strong></span> 
     </span>
    </p>
   </div>
   <div class='ocr_carea' id='block_1_17' title="bbox 753 1652 2332 1730">
    <p class='ocr_par' dir='ltr' id='par_1_17' title="bbox 753 1652 2332 1730">
     <span class='ocr_line' id='line_1_17' title="bbox 753 1652 2332 1730; baseline 0.008 -26"><span class='ocrx_word' id='word_1_121' title='bbox 753 1654 915 1722; x_wconf 76' lang='lat' dir='ltr'><strong>genui</strong></span> <span class='ocrx_word' id='word_1_122' title='bbox 943 1654 1009 1706; x_wconf 76' lang='lat'><strong>°°.</strong></span> <span class='ocrx_word' id='word_1_123' title='bbox 1065 1654 1228 1722; x_wconf 74' lang='lat' dir='ltr'><strong>Atqui</strong></span> <span class='ocrx_word' id='word_1_124' title='bbox 1307 1652 1449 1710; x_wconf 89' lang='lat' dir='ltr'><strong>Dens</strong></span> <span class='ocrx_word' id='word_1_125' title='bbox 1495 1670 1619 1709; x_wconf 90' lang='lat' dir='ltr'><strong>cum</strong></span> <span class='ocrx_word' id='word_1_126' title='bbox 1677 1661 1938 1727; x_wconf 86' lang='lat' dir='ltr'><strong>temporis</strong></span> <span class='ocrx_word' id='word_1_127' title='bbox 1996 1677 2191 1730; x_wconf 77' lang='lat' dir='ltr'><strong>expers</strong></span> <span class='ocrx_word' id='word_1_128' title='bbox 2240 1665 2332 1726; x_wconf 85' lang='lat' dir='ltr'><strong>sit,</strong></span> 
     </span>
    </p>
   </div>
   <div class='ocr_carea' id='block_1_18' title="bbox 752 1747 2328 1814">
    <p class='ocr_par' dir='ltr' id='par_1_18' title="bbox 752 1747 2328 1814">
     <span class='ocr_line' id='line_1_18' title="bbox 752 1747 2328 1814; baseline 0.009 -21"><span class='ocrx_word' id='word_1_129' title='bbox 752 1749 951 1814; x_wconf 71' lang='lat' dir='ltr'><strong>quippe</strong></span> <span class='ocrx_word' id='word_1_130' title='bbox 985 1762 1051 1799; x_wconf 85' lang='lat' dir='ltr'><strong>eo</strong></span> <span class='ocrx_word' id='word_1_131' title='bbox 1098 1747 1470 1813; x_wconf 74' lang='lat' dir='ltr'><strong>praestantior,</strong></span> <span class='ocrx_word' id='word_1_132' title='bbox 1507 1747 1830 1802; x_wconf 87' lang='lat' dir='ltr'><strong>hodiernum</strong></span> <span class='ocrx_word' id='word_1_133' title='bbox 1881 1759 1977 1803; x_wconf 89' lang='lat' dir='ltr'><strong>aut</strong></span> <span class='ocrx_word' id='word_1_134' title='bbox 2025 1754 2328 1807; x_wconf 90' lang='lat' dir='ltr'><strong>crastinum</strong></span> 
     </span>
    </p>
   </div>
   <div class='ocr_carea' id='block_1_19' title="bbox 2444 578 4027 666">
    <p class='ocr_par' dir='ltr' id='par_1_19' title="bbox 2444 578 4027 666">
     <span class='ocr_line' id='line_1_19' title="bbox 2444 578 4027 666; baseline 0.015 -38"><span class='ocrx_word' id='word_1_135' title='bbox 2444 578 2598 631; x_wconf 77' lang='grc' dir='ltr'>αὐτοὶ</span> <span class='ocrx_word' id='word_1_136' title='bbox 2625 579 2840 646; x_wconf 80' lang='grc' dir='ltr'>λέγουσι</span> <span class='ocrx_word' id='word_1_137' title='bbox 2863 585 3006 650; x_wconf 78' lang='grc' dir='ltr'>τρεῖ,</span> <span class='ocrx_word' id='word_1_138' title='bbox 3034 583 3270 651; x_wconf 63' lang='grc' dir='ltr'>ὀφείλειν</span> <span class='ocrx_word' id='word_1_139' title='bbox 3297 594 3737 660; x_wconf 75' lang='grc' dir='ltr'><strong>προσκυνεῖσθαι,</strong></span> <span class='ocrx_word' id='word_1_140' title='bbox 3774 596 4027 666; x_wconf 81' lang='grc' dir='ltr'>Πατέρα,</span> 
     </span>
    </p>
   </div>
   <div class='ocr_carea' id='block_1_20' title="bbox 2442 668 4025 749">
    <p class='ocr_par' dir='ltr' id='par_1_20' title="bbox 2442 668 4025 749">
     <span class='ocr_line' id='line_1_20' title="bbox 2442 668 4025 749; baseline 0.014 -30"><span class='ocrx_word' id='word_1_141' title='bbox 2442 668 2623 722; x_wconf 86' lang='grc' dir='ltr'>δντινα</span> <span class='ocrx_word' id='word_1_142' title='bbox 2649 673 2740 722; x_wconf 79' lang='grc' dir='ltr'><strong>καὶ</strong></span> <span class='ocrx_word' id='word_1_143' title='bbox 2772 671 2934 740; x_wconf 82' lang='grc' dir='ltr'>ἡμεῖς</span> <span class='ocrx_word' id='word_1_144' title='bbox 2968 677 3441 749; x_wconf 73' lang='grc' dir='ltr'><strong>πεπιστεύκαμεν,</strong></span> <span class='ocrx_word' id='word_1_145' title='bbox 3478 683 3628 747; x_wconf 85' lang='grc' dir='ltr'>Υίὸν,</span> <span class='ocrx_word' id='word_1_146' title='bbox 3670 683 3730 736; x_wconf 85' lang='grc' dir='ltr'><strong>δν</strong></span> <span class='ocrx_word' id='word_1_147' title='bbox 3757 687 3805 738; x_wconf 87' lang='grc' dir='ltr'>οἱ</span> <span class='ocrx_word' id='word_1_148' title='bbox 3854 689 4025 741; x_wconf 82' lang='grc' dir='ltr'>πατέ-</span> 
     </span>
    </p>
   </div>
   <div class='ocr_carea' id='block_1_21' title="bbox 2444 759 4022 845">
    <p class='ocr_par' dir='ltr' id='par_1_21' title="bbox 2444 759 4022 845">
     <span class='ocr_line' id='line_1_21' title="bbox 2444 759 4022 845; baseline 0.016 -39"><span class='ocrx_word' id='word_1_149' title='bbox 2444 772 2537 825; x_wconf 88' lang='grc' dir='ltr'><strong>ρες</strong></span> <span class='ocrx_word' id='word_1_150' title='bbox 2590 759 2748 828; x_wconf 82' lang='grc' dir='ltr'>ἡμῶν</span> <span class='ocrx_word' id='word_1_151' title='bbox 2795 761 3172 831; x_wconf 79' lang='grc' dir='ltr'><strong>ἐσταύρωσαν,</strong></span> <span class='ocrx_word' id='word_1_152' title='bbox 3225 768 3408 839; x_wconf 90' lang='grc' dir='ltr'>τρίτον</span> <span class='ocrx_word' id='word_1_153' title='bbox 3454 772 3681 844; x_wconf 80' lang='grc' dir='ltr'><strong>Πνεῦμα</strong></span> <span class='ocrx_word' id='word_1_154' title='bbox 3717 774 3779 827; x_wconf 86' lang='grc' dir='ltr'><strong>τὸ</strong></span> <span class='ocrx_word' id='word_1_155' title='bbox 3827 776 4022 845; x_wconf 78' lang='grc' dir='ltr'>ἀγιονς</span> 
     </span>
    </p>
   </div>
   <div class='ocr_carea' id='block_1_22' title="bbox 2442 846 4022 935">
    <p class='ocr_par' dir='ltr' id='par_1_22' title="bbox 2442 846 4022 935">
     <span class='ocr_line' id='line_1_22' title="bbox 2442 846 4022 935; baseline 0.014 -37"><span class='ocrx_word' id='word_1_156' title='bbox 2442 847 2605 916; x_wconf 80' lang='grc' dir='ltr'>Τρεῖς</span> <span class='ocrx_word' id='word_1_157' title='bbox 2647 846 2741 904; x_wconf 77' lang='grc' dir='ltr'>οὖν</span> <span class='ocrx_word' id='word_1_158' title='bbox 2799 855 3232 922; x_wconf 76' lang='grc' dir='ltr'><strong>προσκυνοῦντες</strong></span> <span class='ocrx_word' id='word_1_159' title='bbox 3274 858 3450 931; x_wconf 85' lang='grc' dir='ltr'>τούτῳ</span> <span class='ocrx_word' id='word_1_160' title='bbox 3505 862 3584 932; x_wconf 84' lang='grc' dir='ltr'>τῷ</span> <span class='ocrx_word' id='word_1_161' title='bbox 3631 865 3875 935; x_wconf 78' lang='grc' dir='ltr'><strong>εἰρηκότι</strong></span> <span class='ocrx_word' id='word_1_162' title='bbox 3921 867 4022 922; x_wconf 72' lang='grc' dir='ltr'><strong>ἕνα</strong></span> 
     </span>
    </p>
   </div>
   <div class='ocr_carea' id='block_1_23' title="bbox 2442 937 4024 1026">
    <p class='ocr_par' dir='ltr' id='par_1_23' title="bbox 2442 937 4024 1026">
     <span class='ocr_line' id='line_1_23' title="bbox 2442 937 4024 1026; baseline 0.013 -37"><span class='ocrx_word' id='word_1_163' title='bbox 2442 937 2602 1006; x_wconf 84' lang='grc' dir='ltr'>μόνον</span> <span class='ocrx_word' id='word_1_164' title='bbox 2627 937 2768 995; x_wconf 86' lang='grc' dir='ltr'>εἶναι</span> <span class='ocrx_word' id='word_1_165' title='bbox 2785 943 2915 996; x_wconf 89' lang='grc' dir='ltr'>Θεὸν</span> <span class='ocrx_word' id='word_1_166' title='bbox 2932 945 2990 1011; x_wconf 81' lang='grc' dir='ltr'>ἐξ</span> <span class='ocrx_word' id='word_1_167' title='bbox 3019 947 3266 1021; x_wconf 83' lang='grc' dir='ltr'><strong>ἀνάγκης</strong></span> <span class='ocrx_word' id='word_1_168' title='bbox 3287 955 3737 1022; x_wconf 82' lang='grc' dir='ltr'>προσκρούουσιν.</span> <span class='ocrx_word' id='word_1_169' title='bbox 3784 957 3842 1010; x_wconf 86' lang='lat' dir='ltr'><strong>&#39;U</strong></span> <span class='ocrx_word' id='word_1_170' title='bbox 3863 957 4024 1026; x_wconf 78' lang='grc' dir='ltr'>ἅγιος</span> 
     </span>
    </p>
   </div>
   <div class='ocr_carea' id='block_1_24' title="bbox 2439 1029 4023 1120">
    <p class='ocr_par' dir='ltr' id='par_1_24' title="bbox 2439 1029 4023 1120">
     <span class='ocr_line' id='line_1_24' title="bbox 2439 1029 4023 1120; baseline 0.014 -40"><span class='ocrx_word' id='word_1_171' title='bbox 2439 1029 2763 1103; x_wconf 80' lang='grc' dir='ltr'>Σίλϐεστρος</span> <span class='ocrx_word' id='word_1_172' title='bbox 2796 1034 2923 1106; x_wconf 74' lang='grc' dir='ltr'><strong>ἔφη·</strong></span> <span class='ocrx_word' id='word_1_173' title='bbox 2957 1037 3148 1107; x_wconf 82' lang='grc' dir='ltr'>Ἡμεῖς</span> <span class='ocrx_word' id='word_1_174' title='bbox 3171 1041 3268 1095; x_wconf 72' lang='grc' dir='ltr'><strong>ἕνα</strong></span> <span class='ocrx_word' id='word_1_175' title='bbox 3284 1043 3414 1096; x_wconf 87' lang='grc' dir='ltr'>Θεὸν</span> <span class='ocrx_word' id='word_1_176' title='bbox 3450 1044 3680 1116; x_wconf 80' lang='grc' dir='ltr'>σέόομεν</span> <span class='ocrx_word' id='word_1_177' title='bbox 3707 1047 3800 1101; x_wconf 79' lang='grc' dir='ltr'><strong>καὶ</strong></span> <span class='ocrx_word' id='word_1_178' title='bbox 3828 1049 4023 1120; x_wconf 80' lang='grc' dir='ltr'>ὁμολο-</span> 
     </span>
    </p>
   </div>
   <div class='ocr_carea' id='block_1_25' title="bbox 2443 1124 4021 1213">
    <p class='ocr_par' dir='ltr' id='par_1_25' title="bbox 2443 1124 4021 1213">
     <span class='ocr_line' id='line_1_25' title="bbox 2443 1124 4021 1213; baseline 0.016 -39"><span class='ocrx_word' id='word_1_179' title='bbox 2443 1124 2668 1195; x_wconf 82' lang='grc' dir='ltr'>γοῦμεν.</span> <span class='ocrx_word' id='word_1_180' title='bbox 2715 1130 2854 1183; x_wconf 83' lang='grc' dir='ltr'>Ἀλλ’</span> <span class='ocrx_word' id='word_1_181' title='bbox 2879 1132 2976 1202; x_wconf 81' lang='grc' dir='ltr'><strong>οὐχ</strong></span> <span class='ocrx_word' id='word_1_182' title='bbox 3005 1131 3176 1194; x_wconf 71' lang='grc' dir='ltr'>οὕτως</span> <span class='ocrx_word' id='word_1_183' title='bbox 3201 1136 3406 1208; x_wconf 78' lang='grc' dir='ltr'>ἔρημον</span> <span class='ocrx_word' id='word_1_184' title='bbox 3433 1140 3596 1193; x_wconf 80' lang='grc' dir='ltr'>αὑτοῦ</span> <span class='ocrx_word' id='word_1_185' title='bbox 3638 1141 3736 1210; x_wconf 78' lang='grc' dir='ltr'><strong>τὴν</strong></span> <span class='ocrx_word' id='word_1_186' title='bbox 3785 1143 4021 1213; x_wconf 84' lang='grc' dir='ltr'>θεότητὰ</span> 
     </span>
    </p>
   </div>
   <div class='ocr_carea' id='block_1_26' title="bbox 2441 1216 4018 1291">
    <p class='ocr_par' dir='ltr' id='par_1_26' title="bbox 2441 1216 4018 1291">
     <span class='ocr_line' id='line_1_26' title="bbox 2441 1216 4018 1291; baseline 0.014 -25"><span class='ocrx_word' id='word_1_187' title='bbox 2441 1231 2620 1284; x_wconf 82' lang='grc' dir='ltr'>φαμεν</span> <span class='ocrx_word' id='word_1_188' title='bbox 2655 1216 2796 1270; x_wconf 79' lang='grc' dir='ltr'>ὥστε</span> <span class='ocrx_word' id='word_1_189' title='bbox 2825 1221 2899 1290; x_wconf 85' lang='grc' dir='ltr'><strong>μὴ</strong></span> <span class='ocrx_word' id='word_1_190' title='bbox 2927 1221 3071 1291; x_wconf 75' lang='grc' dir='ltr'>ἔχειν</span> <span class='ocrx_word' id='word_1_191' title='bbox 3107 1225 3431 1291; x_wconf 88' lang='grc' dir='ltr'>ἀγαλλίασιν</span> <span class='ocrx_word' id='word_1_192' title='bbox 3456 1229 3608 1284; x_wconf 79' lang='grc' dir='ltr'><strong>Υίοῦ.</strong></span> <span class='ocrx_word' id='word_1_193' title='bbox 3647 1230 3774 1282; x_wconf 74' lang='grc' dir='ltr'>Υίὸν</span> <span class='ocrx_word' id='word_1_194' title='bbox 3803 1233 3861 1286; x_wconf 80' lang='grc' dir='ltr'>δὲ</span> <span class='ocrx_word' id='word_1_195' title='bbox 3913 1235 4018 1287; x_wconf 79' lang='grc' dir='ltr'><strong>αὐ-</strong></span> 
     </span>
    </p>
   </div>
   <div class='ocr_carea' id='block_1_27' title="bbox 2438 1304 4015 1395">
    <p class='ocr_par' dir='ltr' id='par_1_27' title="bbox 2438 1304 4015 1395">
     <span class='ocr_line' id='line_1_27' title="bbox 2438 1304 4015 1395; baseline 0.015 -39"><span class='ocrx_word' id='word_1_196' title='bbox 2438 1304 2530 1357; x_wconf 79' lang='grc' dir='ltr'><strong>τοῦ</strong></span> <span class='ocrx_word' id='word_1_197' title='bbox 2553 1306 2742 1360; x_wconf 76' lang='grc' dir='ltr'>τοῦτον</span> <span class='ocrx_word' id='word_1_198' title='bbox 2794 1310 3026 1382; x_wconf 85' lang='grc' dir='ltr'>λέγομεν</span> <span class='ocrx_word' id='word_1_199' title='bbox 3085 1315 3214 1386; x_wconf 79' lang='grc' dir='ltr'>περὶ</span> <span class='ocrx_word' id='word_1_200' title='bbox 3268 1315 3329 1372; x_wconf 75' lang='grc' dir='ltr'>οὗ</span> <span class='ocrx_word' id='word_1_201' title='bbox 3357 1322 3386 1372; x_wconf 84' lang='grc' dir='ltr'><strong>ό</strong></span> <span class='ocrx_word' id='word_1_202' title='bbox 3417 1321 3682 1393; x_wconf 82' lang='grc' dir='ltr'>ὑμέτερος</span> <span class='ocrx_word' id='word_1_203' title='bbox 3724 1328 4015 1395; x_wconf 70' lang='grc' dir='ltr'>προφήτης</span> 
     </span>
    </p>
   </div>
   <div class='ocr_carea' id='block_1_28' title="bbox 2438 1395 4018 1485">
    <p class='ocr_par' dir='ltr' id='par_1_28' title="bbox 2438 1395 4018 1485">
     <span class='ocr_line' id='line_1_28' title="bbox 2438 1395 4018 1485; baseline 0.013 -36"><span class='ocrx_word' id='word_1_204' title='bbox 2438 1395 2584 1451; x_wconf 82' lang='grc' dir='ltr'>εἷπε·</span> <span class='ocrx_word' id='word_1_205' title='bbox 2617 1399 2706 1470; x_wconf 83' lang='grc' dir='ltr'><strong>Τῷ</strong></span> <span class='ocrx_word' id='word_1_206' title='bbox 2730 1402 2874 1474; x_wconf 82' lang='grc' dir='ltr'>λόγῳ</span> <span class='ocrx_word' id='word_1_207' title='bbox 2898 1407 3105 1477; x_wconf 79' lang='grc' dir='ltr'><strong>Κυρίου</strong></span> <span class='ocrx_word' id='word_1_208' title='bbox 3128 1409 3177 1460; x_wconf 88' lang='grc' dir='ltr'><strong>οἰ</strong></span> <span class='ocrx_word' id='word_1_209' title='bbox 3205 1410 3424 1480; x_wconf 71' lang='grc' dir='ltr'>οὐρανοὶ</span> <span class='ocrx_word' id='word_1_210' title='bbox 3451 1414 3884 1485; x_wconf 72' lang='grc' dir='ltr'>ἐστερεώθησαν,</span> <span class='ocrx_word' id='word_1_211' title='bbox 3918 1418 4018 1469; x_wconf 73' lang='grc' dir='ltr'><strong>καὶ</strong></span> 
     </span>
    </p>
   </div>
   <div class='ocr_carea' id='block_1_29' title="bbox 2436 1489 4016 1575">
    <p class='ocr_par' dir='ltr' id='par_1_29' title="bbox 2436 1489 4016 1575">
     <span class='ocr_line' id='line_1_29' title="bbox 2436 1489 4016 1575; baseline 0.009 -35"><span class='ocrx_word' id='word_1_212' title='bbox 2436 1489 2515 1559; x_wconf 84' lang='grc' dir='ltr'>τῷ</span> <span class='ocrx_word' id='word_1_213' title='bbox 2548 1490 2821 1558; x_wconf 77' lang='grc' dir='ltr'>πνεύματι</span> <span class='ocrx_word' id='word_1_214' title='bbox 2852 1493 2948 1546; x_wconf 81' lang='grc' dir='ltr'>τοῦ</span> <span class='ocrx_word' id='word_1_215' title='bbox 3001 1497 3266 1567; x_wconf 87' lang='grc' dir='ltr'>στόματος</span> <span class='ocrx_word' id='word_1_216' title='bbox 3312 1500 3478 1554; x_wconf 80' lang='grc' dir='ltr'>αὐτοῦ</span> <span class='ocrx_word' id='word_1_217' title='bbox 3541 1505 3689 1556; x_wconf 82' lang='grc' dir='ltr'>πᾶσα</span> <span class='ocrx_word' id='word_1_218' title='bbox 3719 1505 3751 1575; x_wconf 77' lang='grc' dir='ltr'><strong>η</strong></span> <span class='ocrx_word' id='word_1_219' title='bbox 3784 1503 4016 1574; x_wconf 72' lang='grc' dir='ltr'>δύναμις</span> 
     </span>
    </p>
   </div>
   <div class='ocr_carea' id='block_1_30' title="bbox 2436 1581 4018 1666">
    <p class='ocr_par' dir='ltr' id='par_1_30' title="bbox 2436 1581 4018 1666">
     <span class='ocr_line' id='line_1_30' title="bbox 2436 1581 4018 1666; baseline 0.011 -35"><span class='ocrx_word' id='word_1_220' title='bbox 2436 1581 2638 1634; x_wconf 80' lang='grc' dir='ltr'>αὐτῶν.</span> <span class='ocrx_word' id='word_1_221' title='bbox 2669 1582 2797 1635; x_wconf 84' lang='grc' dir='ltr'>Υἰὸν</span> <span class='ocrx_word' id='word_1_222' title='bbox 2823 1583 2878 1636; x_wconf 82' lang='grc' dir='ltr'><strong>δὲ</strong></span> <span class='ocrx_word' id='word_1_223' title='bbox 2908 1587 3114 1640; x_wconf 78' lang='grc' dir='ltr'>ἐκεῖνον</span> <span class='ocrx_word' id='word_1_224' title='bbox 3145 1589 3376 1659; x_wconf 85' lang='grc' dir='ltr'>λέγομεν</span> <span class='ocrx_word' id='word_1_225' title='bbox 3401 1592 3535 1656; x_wconf 79' lang='grc' dir='ltr'>πρὸς</span> <span class='ocrx_word' id='word_1_226' title='bbox 3569 1593 3627 1645; x_wconf 85' lang='grc' dir='ltr'>ὃν</span> <span class='ocrx_word' id='word_1_227' title='bbox 3654 1595 3737 1646; x_wconf 73' lang='grc' dir='ltr'>διὰ</span> <span class='ocrx_word' id='word_1_228' title='bbox 3763 1596 3853 1648; x_wconf 77' lang='grc' dir='ltr'>τοῦ</span> <span class='ocrx_word' id='word_1_229' title='bbox 3882 1598 4018 1666; x_wconf 81' lang='grc' dir='ltr'>ὑμε-</span> 
     </span>
    </p>
   </div>
   <div class='ocr_carea' id='block_1_31' title="bbox 2435 1668 4009 1750">
    <p class='ocr_par' dir='ltr' id='par_1_31' title="bbox 2435 1668 4009 1750">
     <span class='ocr_line' id='line_1_31' title="bbox 2435 1668 4009 1750; baseline 0.01 -30"><span class='ocrx_word' id='word_1_230' title='bbox 2435 1668 2594 1738; x_wconf 89' lang='grc' dir='ltr'>τέρου</span> <span class='ocrx_word' id='word_1_231' title='bbox 2619 1673 3142 1746; x_wconf 75' lang='grc' dir='ltr'>προφήτουόΠατὴρ</span> <span class='ocrx_word' id='word_1_232' title='bbox 3161 1677 3464 1748; x_wconf 76' lang='grc' dir='ltr'>βοᾷλέγωνο</span> <span class='ocrx_word' id='word_1_233' title='bbox 3520 1680 3644 1743; x_wconf 84' lang='grc' dir='ltr'>Υἱός</span> <span class='ocrx_word' id='word_1_234' title='bbox 3673 1699 3775 1750; x_wconf 86' lang='grc' dir='ltr'><strong>μου</strong></span> <span class='ocrx_word' id='word_1_235' title='bbox 3818 1679 3870 1735; x_wconf 80' lang='grc' dir='ltr'>εἷ</span> <span class='ocrx_word' id='word_1_236' title='bbox 3922 1682 4009 1736; x_wconf 74' lang='grc' dir='ltr'>συ·</span> 
     </span>
    </p>
   </div>
   <div class='ocr_carea' id='block_1_32' title="bbox 2437 1762 4014 1843">
    <p class='ocr_par' dir='ltr' id='par_1_32' title="bbox 2437 1762 4014 1843">
     <span class='ocr_line' id='line_1_32' title="bbox 2437 1762 4014 1843; baseline 0.009 -32"><span class='ocrx_word' id='word_1_237' title='bbox 2437 1762 2799 1833; x_wconf 80' lang='grc' dir='ltr'>ὲγὼσήμερον</span> <span class='ocrx_word' id='word_1_238' title='bbox 2813 1766 3118 1836; x_wconf 76' lang='grc' dir='ltr'>γεγέννηκά</span> <span class='ocrx_word' id='word_1_239' title='bbox 3142 1786 3220 1824; x_wconf 85' lang='grc' dir='ltr'>σε.</span> <span class='ocrx_word' id='word_1_240' title='bbox 3254 1771 3383 1834; x_wconf 82' lang='grc' dir='ltr'>Θεὸς</span> <span class='ocrx_word' id='word_1_241' title='bbox 3400 1772 3457 1824; x_wconf 84' lang='grc' dir='ltr'>δὲ</span> <span class='ocrx_word' id='word_1_242' title='bbox 3481 1771 3608 1842; x_wconf 84' lang='grc' dir='ltr'>χθὲς</span> <span class='ocrx_word' id='word_1_243' title='bbox 3635 1773 3729 1824; x_wconf 79' lang='grc' dir='ltr'><strong>καὶ</strong></span> <span class='ocrx_word' id='word_1_244' title='bbox 3750 1773 4014 1843; x_wconf 72' lang='grc' dir='ltr'>σήμερον,</span> 
     </span>
    </p>
   </div>
   <div class='ocr_carea' id='block_1_33' title="bbox 760 1830 2437 1934">
    <p class='ocr_par' dir='ltr' id='par_1_33' title="bbox 760 1830 2437 1900">
     <span class='ocr_line' id='line_1_33' title="bbox 760 1830 2437 1900; baseline 0.005 -12"><span class='ocrx_word' id='word_1_245' title='bbox 760 1837 811 1888; x_wconf 92' lang='lat' dir='ltr'><strong>in</strong></span> <span class='ocrx_word' id='word_1_246' title='bbox 856 1852 914 1890; x_wconf 89' lang='lat' dir='ltr'><strong>se</strong></span> <span class='ocrx_word' id='word_1_247' title='bbox 961 1836 1101 1888; x_wconf 87' lang='lat' dir='ltr'><strong>nihil</strong></span> <span class='ocrx_word' id='word_1_248' title='bbox 1143 1837 1324 1889; x_wconf 89' lang='lat' dir='ltr'><strong>habet.</strong></span> <span class='ocrx_word' id='word_1_249' title='bbox 1357 1836 1477 1900; x_wconf 81' lang='lat' dir='ltr'><strong>Quo</strong></span> <span class='ocrx_word' id='word_1_250' title='bbox 1512 1838 1804 1892; x_wconf 83' lang='lat' dir='ltr'><strong>conﬁcitur</strong></span> <span class='ocrx_word' id='word_1_251' title='bbox 1829 1848 1881 1894; x_wconf 92' lang='lat' dir='ltr'><strong>et</strong></span> <span class='ocrx_word' id='word_1_252' title='bbox 1917 1840 2111 1896; x_wconf 87' lang='lat' dir='ltr'><strong>Filium</strong></span> <span class='ocrx_word' id='word_1_253' title='bbox 2149 1854 2200 1898; x_wconf 87' lang='lat' dir='ltr'><strong>et</strong></span> <span class='ocrx_word' id='word_1_254' title='bbox 2230 1846 2331 1899; x_wconf 88' lang='lat' dir='ltr'><strong>Pa-</strong></span> <span class='ocrx_word' id='word_1_255' title='bbox 2369 1830 2437 1897; x_wconf 62' lang='grc' dir='ltr'><strong>Β(</strong></span> 
     </span>
    </p>
   </div>
   <div class='ocr_carea' id='block_1_34' title="bbox 2335 1830 4012 1934">
    <p class='ocr_par' dir='ltr' id='par_1_34' title="bbox 2369 1830 4012 1934">
     <span class='ocr_line' id='line_1_34' title="bbox 2369 1830 4012 1934; baseline 0.008 -31"><span class='ocrx_word' id='word_1_256' title='bbox 2369 1830 2406 1884; x_wconf 76' lang='grc' dir='ltr'><strong><em>Β</em></strong></span> <span class='ocrx_word' id='word_1_257' title='bbox 2433 1855 2533 1905; x_wconf 80' lang='grc' dir='ltr'><strong>οὐκ</strong></span> <span class='ocrx_word' id='word_1_258' title='bbox 2552 1853 2849 1922; x_wconf 81' lang='grc' dir='ltr'>έχειτέλος,</span> <span class='ocrx_word' id='word_1_259' title='bbox 2871 1858 3060 1930; x_wconf 78' lang='grc' dir='ltr'>ἐπειδὴ</span> <span class='ocrx_word' id='word_1_260' title='bbox 3078 1859 3410 1930; x_wconf 80' lang='grc' dir='ltr'>ὑπέρχρονός</span> <span class='ocrx_word' id='word_1_261' title='bbox 3432 1867 3598 1918; x_wconf 77' lang='grc' dir='ltr'>ἐστιν.</span> <span class='ocrx_word' id='word_1_262' title='bbox 3630 1865 3899 1934; x_wconf 78' lang='grc' dir='ltr'>Ἀναρχος</span> <span class='ocrx_word' id='word_1_263' title='bbox 3919 1861 4012 1916; x_wconf 73' lang='grc' dir='ltr'>οὖν</span> 
     </span>
    </p>
   </div>
   <div class='ocr_carea' id='block_1_35' title="bbox 754 1927 2328 2004">
    <p class='ocr_par' dir='ltr' id='par_1_35' title="bbox 754 1927 2328 2004">
     <span class='ocr_line' id='line_1_35' title="bbox 754 1927 2328 2004; baseline 0.009 -29"><span class='ocrx_word' id='word_1_264' title='bbox 754 1940 888 1979; x_wconf 79' lang='lat' dir='ltr'><strong>nem</strong></span> <span class='ocrx_word' id='word_1_265' title='bbox 915 1943 1156 1996; x_wconf 82' lang='lat' dir='ltr'><strong>quoque,</strong></span> <span class='ocrx_word' id='word_1_266' title='bbox 1200 1929 1318 1980; x_wconf 73' lang='lat' dir='ltr'><strong>sine</strong></span> <span class='ocrx_word' id='word_1_267' title='bbox 1350 1927 1517 1997; x_wconf 55' lang='lat'><strong>[3.80</strong></span> <span class='ocrx_word' id='word_1_268' title='bbox 1556 1930 1828 1999; x_wconf 87' lang='lat' dir='ltr'><strong>principio</strong></span> <span class='ocrx_word' id='word_1_269' title='bbox 1871 1946 2015 1986; x_wconf 91' lang='lat' dir='ltr'><strong>esse.</strong></span> <span class='ocrx_word' id='word_1_270' title='bbox 2050 1933 2134 1986; x_wconf 86' lang='lat' dir='ltr'><strong>Ad</strong></span> <span class='ocrx_word' id='word_1_271' title='bbox 2168 1951 2328 2004; x_wconf 84' lang='lat' dir='ltr'><strong>quem</strong></span> 
     </span>
    </p>
   </div>
   <div class='ocr_carea' id='block_1_36' title="bbox 750 2017 2331 2097">
    <p class='ocr_par' dir='ltr' id='par_1_36' title="bbox 750 2017 2331 2097">
     <span class='ocr_line' id='line_1_36' title="bbox 750 2017 2331 2097; baseline 0.006 -28"><span class='ocrx_word' id='word_1_272' title='bbox 750 2019 892 2070; x_wconf 77' lang='lat' dir='ltr'><strong>enim</strong></span> <span class='ocrx_word' id='word_1_273' title='bbox 949 2019 1108 2084; x_wconf 78' lang='lat' dir='ltr'><strong>dixit,</strong></span> <span class='ocrx_word' id='word_1_274' title='bbox 1158 2017 1448 2072; x_wconf 75' lang='lat' dir='ltr'><strong>Faciamus</strong></span> <span class='ocrx_word' id='word_1_275' title='bbox 1500 2021 1771 2097; x_wconf 67' lang='lat' dir='ltr'><strong>hominem</strong></span> <span class='ocrx_word' id='word_1_276' title='bbox 1825 2020 1890 2072; x_wconf 88' lang='lat' dir='ltr'><strong>ad</strong></span> <span class='ocrx_word' id='word_1_277' title='bbox 1939 2021 2225 2091; x_wconf 76' lang='lat' dir='ltr'><strong>imaginem</strong></span> <span class='ocrx_word' id='word_1_278' title='bbox 2278 2035 2331 2080; x_wconf 86' lang='lat' dir='ltr'><strong>et</strong></span> 
     </span>
    </p>
   </div>
   <div class='ocr_carea' id='block_1_37' title="bbox 750 2108 2326 2170">
    <p class='ocr_par' dir='ltr' id='par_1_37' title="bbox 750 2108 2326 2170">
     <span class='ocr_line' id='line_1_37' title="bbox 750 2108 2326 2170; baseline 0.005 -9"><span class='ocrx_word' id='word_1_279' title='bbox 750 2109 1163 2164; x_wconf 74' lang='lat' dir='ltr'><strong>similitudinem</strong></span> <span class='ocrx_word' id='word_1_280' title='bbox 1201 2119 1441 2163; x_wconf 83' lang='lat' dir='ltr'><strong>nostram</strong></span> <span class='ocrx_word' id='word_1_281' title='bbox 1465 2110 1544 2161; x_wconf 70' lang='lat'><strong>‘7?</strong></span> <span class='ocrx_word' id='word_1_282' title='bbox 1576 2108 1708 2163; x_wconf 77' lang='lat' dir='ltr'><strong>Nam</strong></span> <span class='ocrx_word' id='word_1_283' title='bbox 1741 2111 1786 2164; x_wconf 89' lang='lat' dir='ltr'><strong>si</strong></span> <span class='ocrx_word' id='word_1_284' title='bbox 1841 2111 2073 2167; x_wconf 82' lang='lat' dir='ltr'><strong>dixisset</strong></span> <span class='ocrx_word' id='word_1_285' title='bbox 2110 2111 2326 2170; x_wconf 83' lang='lat' dir='ltr'><strong>Faciam</strong></span> 
     </span>
    </p>
   </div>
   <div class='ocr_carea' id='block_1_38' title="bbox 753 2201 2327 2274">
    <p class='ocr_par' dir='ltr' id='par_1_38' title="bbox 753 2201 2327 2274">
     <span class='ocr_line' id='line_1_38' title="bbox 753 2201 2327 2274; baseline 0.004 -20"><span class='ocrx_word' id='word_1_286' title='bbox 753 2204 1026 2255; x_wconf 78' lang='lat' dir='ltr'><strong>hominem</strong></span> <span class='ocrx_word' id='word_1_287' title='bbox 1077 2201 1146 2255; x_wconf 89' lang='lat' dir='ltr'><strong>ad</strong></span> <span class='ocrx_word' id='word_1_288' title='bbox 1191 2202 1480 2271; x_wconf 80' lang='lat' dir='ltr'><strong>imaginem</strong></span> <span class='ocrx_word' id='word_1_289' title='bbox 1536 2211 1591 2256; x_wconf 89' lang='lat' dir='ltr'><strong>et</strong></span> <span class='ocrx_word' id='word_1_290' title='bbox 1645 2203 2066 2258; x_wconf 86' lang='lat' dir='ltr'><strong>similitudinem</strong></span> <span class='ocrx_word' id='word_1_291' title='bbox 2128 2221 2327 2274; x_wconf 84' lang='lat' dir='ltr'><strong>meam,</strong></span> 
     </span>
    </p>
   </div>
   <div class='ocr_carea' id='block_1_39' title="bbox 751 2294 2328 2363">
    <p class='ocr_par' dir='ltr' id='par_1_39' title="bbox 751 2294 2328 2363">
     <span class='ocr_line' id='line_1_39' title="bbox 751 2294 2328 2363; baseline 0.006 -20"><span class='ocrx_word' id='word_1_292' title='bbox 751 2303 964 2363; x_wconf 69' lang='lat' dir='ltr'><strong>poterat</strong></span> <span class='ocrx_word' id='word_1_293' title='bbox 1005 2294 1176 2348; x_wconf 81' lang='lat' dir='ltr'><strong>videri</strong></span> <span class='ocrx_word' id='word_1_294' title='bbox 1217 2297 1481 2349; x_wconf 89' lang='lat' dir='ltr'><strong>unitatem</strong></span> <span class='ocrx_word' id='word_1_295' title='bbox 1508 2309 1663 2348; x_wconf 90' lang='lat' dir='ltr'><strong>suam</strong></span> <span class='ocrx_word' id='word_1_296' title='bbox 1696 2295 1949 2349; x_wconf 89' lang='lat' dir='ltr'><strong>innuere.</strong></span> <span class='ocrx_word' id='word_1_297' title='bbox 1982 2296 2118 2351; x_wconf 91' lang='lat' dir='ltr'><strong>Cum</strong></span> <span class='ocrx_word' id='word_1_298' title='bbox 2148 2308 2328 2353; x_wconf 90' lang='lat' dir='ltr'><strong>autem</strong></span> 
     </span>
    </p>
   </div>
   <div class='ocr_carea' id='block_1_40' title="bbox 751 2385 2328 2456">
    <p class='ocr_par' dir='ltr' id='par_1_40' title="bbox 751 2385 2328 2456">
     <span class='ocr_line' id='line_1_40' title="bbox 751 2385 2328 2456; baseline 0.004 -20"><span class='ocrx_word' id='word_1_299' title='bbox 751 2386 889 2437; x_wconf 69' lang='lat' dir='ltr'><strong>dixit</strong></span> <span class='ocrx_word' id='word_1_300' title='bbox 934 2385 1291 2438; x_wconf 88' lang='lat' dir='ltr'><strong>:Sccundum</strong></span> <span class='ocrx_word' id='word_1_301' title='bbox 1348 2394 1590 2438; x_wconf 78' lang='lat' dir='ltr'><strong>nostram</strong></span> <span class='ocrx_word' id='word_1_302' title='bbox 1664 2385 1978 2453; x_wconf 84' lang='lat' dir='ltr'><strong>imaginem,</strong></span> <span class='ocrx_word' id='word_1_303' title='bbox 2035 2389 2328 2456; x_wconf 88' lang='lat' dir='ltr'><strong>perspicue</strong></span> 
     </span>
    </p>
   </div>
   <div class='ocr_carea' id='block_1_41' title="bbox 751 2474 2328 2546">
    <p class='ocr_par' dir='ltr' id='par_1_41' title="bbox 751 2474 2328 2546">
     <span class='ocr_line' id='line_1_41' title="bbox 751 2474 2328 2546; baseline 0.004 -18"><span class='ocrx_word' id='word_1_304' title='bbox 751 2475 944 2529; x_wconf 84' lang='lat' dir='ltr'><strong>Filium</strong></span> <span class='ocrx_word' id='word_1_305' title='bbox 981 2491 1216 2546; x_wconf 89' lang='lat' dir='ltr'><strong>cumque</strong></span> <span class='ocrx_word' id='word_1_306' title='bbox 1238 2476 1342 2530; x_wconf 91' lang='lat' dir='ltr'><strong>sibi</strong></span> <span class='ocrx_word' id='word_1_307' title='bbox 1375 2477 1637 2545; x_wconf 72' lang='lat' dir='ltr'><strong>:equalem</strong></span> <span class='ocrx_word' id='word_1_308' title='bbox 1667 2475 1890 2530; x_wconf 87' lang='lat' dir='ltr'><strong>indicat.</strong></span> <span class='ocrx_word' id='word_1_309' title='bbox 1911 2474 2058 2530; x_wconf 87' lang='lat' dir='ltr'><strong>Nihil</strong></span> <span class='ocrx_word' id='word_1_310' title='bbox 2091 2479 2234 2533; x_wconf 87' lang='lat' dir='ltr'><strong>enim</strong></span> <span class='ocrx_word' id='word_1_311' title='bbox 2268 2494 2328 2534; x_wconf 87' lang='lat' dir='ltr'><strong>se</strong></span> 
     </span>
    </p>
   </div>
   <div class='ocr_carea' id='block_1_42' title="bbox 751 2569 2327 2639">
    <p class='ocr_par' dir='ltr' id='par_1_42' title="bbox 751 2569 2327 2639">
     <span class='ocr_line' id='line_1_42' title="bbox 751 2569 2327 2639; baseline 0.003 -19"><span class='ocrx_word' id='word_1_312' title='bbox 751 2571 925 2638; x_wconf 61' lang='lat' dir='ltr'><strong>majus</strong></span> <span class='ocrx_word' id='word_1_313' title='bbox 945 2569 1195 2638; x_wconf 83' lang='lat' dir='ltr'><strong>accipere</strong></span> <span class='ocrx_word' id='word_1_314' title='bbox 1218 2578 1418 2639; x_wconf 85' lang='lat' dir='ltr'><strong>potest,</strong></span> <span class='ocrx_word' id='word_1_315' title='bbox 1442 2584 1563 2622; x_wconf 89' lang='lat' dir='ltr'><strong>cum</strong></span> <span class='ocrx_word' id='word_1_316' title='bbox 1589 2569 1983 2638; x_wconf 80' lang='lat' dir='ltr'><strong>magnitudinis</strong></span> <span class='ocrx_word' id='word_1_317' title='bbox 2018 2570 2327 2625; x_wconf 90' lang='lat' dir='ltr'><strong>incremen-</strong></span> 
     </span>
    </p>
   </div>
   <div class='ocr_carea' id='block_1_43' title="bbox 749 2660 2327 2732">
    <p class='ocr_par' dir='ltr' id='par_1_43' title="bbox 749 2660 2327 2732">
     <span class='ocr_line' id='line_1_43' title="bbox 749 2660 2327 2732; baseline 0.002 -18"><span class='ocrx_word' id='word_1_318' title='bbox 749 2671 862 2714; x_wconf 88' lang='lat' dir='ltr'><strong>tum</strong></span> <span class='ocrx_word' id='word_1_319' title='bbox 898 2677 1006 2715; x_wconf 89' lang='lat' dir='ltr'><strong>non</strong></span> <span class='ocrx_word' id='word_1_320' title='bbox 1049 2660 1339 2728; x_wconf 79' lang='lat' dir='ltr'><strong>admittat;</strong></span> <span class='ocrx_word' id='word_1_321' title='bbox 1376 2677 1438 2715; x_wconf 92' lang='lat' dir='ltr'><strong>ac</strong></span> <span class='ocrx_word' id='word_1_322' title='bbox 1489 2677 1556 2715; x_wconf 87' lang='lat' dir='ltr'><strong>ne</strong></span> <span class='ocrx_word' id='word_1_323' title='bbox 1606 2663 1788 2716; x_wconf 88' lang='lat' dir='ltr'><strong>minus</strong></span> <span class='ocrx_word' id='word_1_324' title='bbox 1837 2662 2056 2732; x_wconf 85' lang='lat' dir='ltr'><strong>quidem</strong></span> <span class='ocrx_word' id='word_1_325' title='bbox 2117 2663 2327 2732; x_wconf 87' lang='lat' dir='ltr'><strong>aliquid</strong></span> 
     </span>
    </p>
   </div>
   <div class='ocr_carea' id='block_1_44' title="bbox 749 2750 2324 2808">
    <p class='ocr_par' dir='ltr' id='par_1_44' title="bbox 749 2750 2324 2808">
     <span class='ocr_line' id='line_1_44' title="bbox 749 2750 2324 2808; baseline 0.001 -2"><span class='ocrx_word' id='word_1_326' title='bbox 749 2753 990 2807; x_wconf 79' lang='lat' dir='ltr'><strong>asciscit.</strong></span> <span class='ocrx_word' id='word_1_327' title='bbox 1039 2750 1177 2806; x_wconf 81' lang='lat' dir='ltr'><strong>Rabi</strong></span> <span class='ocrx_word' id='word_1_328' title='bbox 1211 2751 1382 2808; x_wconf 81' lang='lat' dir='ltr'><strong>Jonas</strong></span> <span class='ocrx_word' id='word_1_329' title='bbox 1418 2751 1720 2806; x_wconf 69' lang='lat' dir='ltr'><strong>:llumana:</strong></span> <span class='ocrx_word' id='word_1_330' title='bbox 1766 2753 2172 2806; x_wconf 84' lang='lat' dir='ltr'><strong>ratiocinationi</strong></span> <span class='ocrx_word' id='word_1_331' title='bbox 2218 2768 2324 2808; x_wconf 90' lang='lat' dir='ltr'><strong>non</strong></span> 
     </span>
    </p>
   </div>
   <div class='ocr_carea' id='block_1_45' title="bbox 747 2841 2325 2909">
    <p class='ocr_par' dir='ltr' id='par_1_45' title="bbox 747 2841 2325 2909">
     <span class='ocr_line' id='line_1_45' title="bbox 747 2841 2325 2909; baseline -0.001 -11"><span class='ocrx_word' id='word_1_332' title='bbox 747 2855 830 2898; x_wconf 80' lang='lat' dir='ltr'><strong>est</strong></span> <span class='ocrx_word' id='word_1_333' title='bbox 857 2844 1165 2898; x_wconf 84' lang='lat' dir='ltr'><strong>adhibenda</strong></span> <span class='ocrx_word' id='word_1_334' title='bbox 1193 2843 1345 2898; x_wconf 80' lang='lat' dir='ltr'><strong>ﬁdes.</strong></span> <span class='ocrx_word' id='word_1_335' title='bbox 1371 2841 1594 2909; x_wconf 81' lang='lat' dir='ltr'><strong>Qualem</strong></span> <span class='ocrx_word' id='word_1_336' title='bbox 1632 2843 1777 2897; x_wconf 92' lang='lat' dir='ltr'><strong>enim</strong></span> <span class='ocrx_word' id='word_1_337' title='bbox 1803 2844 2041 2900; x_wconf 88' lang='lat' dir='ltr'><strong>consulit</strong></span> <span class='ocrx_word' id='word_1_338' title='bbox 2063 2859 2126 2899; x_wconf 90' lang='lat' dir='ltr'><strong>ea</strong></span> <span class='ocrx_word' id='word_1_339' title='bbox 2154 2843 2325 2898; x_wconf 83' lang='lat' dir='ltr'><strong>Deum</strong></span> 
     </span>
    </p>
   </div>
   <div class='ocr_carea' id='block_1_46' title="bbox 745 2933 2329 3004">
    <p class='ocr_par' dir='ltr' id='par_1_46' title="bbox 745 2933 2329 3004">
     <span class='ocr_line' id='line_1_46' title="bbox 745 2933 2329 3004; baseline 0.003 -18"><span class='ocrx_word' id='word_1_340' title='bbox 745 2935 921 2997; x_wconf 81' lang='lat' dir='ltr'><strong>credi,</strong></span> <span class='ocrx_word' id='word_1_341' title='bbox 953 2936 1047 3004; x_wconf 83' lang='lat' dir='ltr'><strong>qui</strong></span> <span class='ocrx_word' id='word_1_342' title='bbox 1097 2943 1153 2988; x_wconf 88' lang='lat' dir='ltr'><strong>et</strong></span> <span class='ocrx_word' id='word_1_343' title='bbox 1192 2933 1350 2987; x_wconf 83' lang='lat' dir='ltr'><strong>Pater</strong></span> <span class='ocrx_word' id='word_1_344' title='bbox 1395 2934 1608 2989; x_wconf 85' lang='lat' dir='ltr'><strong>dicatur</strong></span> <span class='ocrx_word' id='word_1_345' title='bbox 1640 2945 1690 2988; x_wconf 91' lang='lat' dir='ltr'><strong>ct</strong></span> <span class='ocrx_word' id='word_1_346' title='bbox 1731 2933 1901 2989; x_wconf 83' lang='lat' dir='ltr'><strong>Filius</strong></span> <span class='ocrx_word' id='word_1_347' title='bbox 1947 2947 2001 2989; x_wconf 91' lang='lat' dir='ltr'><strong>et</strong></span> <span class='ocrx_word' id='word_1_348' title='bbox 2049 2934 2329 3004; x_wconf 84' lang='lat' dir='ltr'><strong>Spiritus?</strong></span> 
     </span>
    </p>
   </div>
   <div class='ocr_carea' id='block_1_47' title="bbox 749 3025 2323 3094">
    <p class='ocr_par' dir='ltr' id='par_1_47' title="bbox 749 3025 2323 3094">
     <span class='ocr_line' id='line_1_47' title="bbox 749 3025 2323 3094; baseline 0 -13"><span class='ocrx_word' id='word_1_349' title='bbox 749 3025 1012 3082; x_wconf 68' lang='lat' dir='ltr'><strong>Silvester</strong></span> <span class='ocrx_word' id='word_1_350' title='bbox 1037 3043 1049 3081; x_wconf 94' lang='lat'><strong>:</strong></span> <span class='ocrx_word' id='word_1_351' title='bbox 1073 3025 1205 3080; x_wconf 90' lang='lat' dir='ltr'><strong>Cum</strong></span> <span class='ocrx_word' id='word_1_352' title='bbox 1228 3027 1281 3079; x_wconf 92' lang='lat' dir='ltr'><strong>in</strong></span> <span class='ocrx_word' id='word_1_353' title='bbox 1305 3028 1481 3080; x_wconf 88' lang='lat' dir='ltr'><strong>sacris</strong></span> <span class='ocrx_word' id='word_1_354' title='bbox 1502 3025 1726 3081; x_wconf 87' lang='lat' dir='ltr'><strong>Litteris</strong></span> <span class='ocrx_word' id='word_1_355' title='bbox 1742 3026 1876 3094; x_wconf 76' lang='lat' dir='ltr'><strong>legis</strong></span> <span class='ocrx_word' id='word_1_356' title='bbox 1903 3027 1967 3080; x_wconf 91' lang='lat' dir='ltr'><strong>de</strong></span> <span class='ocrx_word' id='word_1_357' title='bbox 1985 3027 2146 3081; x_wconf 72' lang='lat' dir='ltr'><strong>l’atre</strong></span> <span class='ocrx_word' id='word_1_358' title='bbox 2166 3044 2323 3081; x_wconf 92' lang='lat' dir='ltr'><strong>suum</strong></span> 
     </span>
    </p>
   </div>
   <div class='ocr_carea' id='block_1_48' title="bbox 2439 1945 4012 2025">
    <p class='ocr_par' dir='ltr' id='par_1_48' title="bbox 2439 1945 4012 2025">
     <span class='ocr_line' id='line_1_48' title="bbox 2439 1945 4012 2025; baseline 0.008 -28"><span class='ocrx_word' id='word_1_359' title='bbox 2439 1945 2708 2016; x_wconf 77' lang='grc' dir='ltr'>ὑπάρχει·</span> <span class='ocrx_word' id='word_1_360' title='bbox 2734 1946 2972 2018; x_wconf 74' lang='grc' dir='ltr'>ἄναρχος</span> <span class='ocrx_word' id='word_1_361' title='bbox 3003 1951 3110 2021; x_wconf 86' lang='grc' dir='ltr'><strong>ἀρα</strong></span> <span class='ocrx_word' id='word_1_362' title='bbox 3135 1953 3230 2005; x_wconf 72' lang='grc' dir='ltr'>καὶ</span> <span class='ocrx_word' id='word_1_363' title='bbox 3255 1955 3283 2006; x_wconf 85' lang='grc' dir='ltr'>ὁ</span> <span class='ocrx_word' id='word_1_364' title='bbox 3306 1955 3519 2025; x_wconf 86' lang='grc' dir='ltr'>Πατήρ.</span> <span class='ocrx_word' id='word_1_365' title='bbox 3553 1956 3704 2008; x_wconf 74' lang='grc' dir='ltr'>Ἐπεὶ</span> <span class='ocrx_word' id='word_1_366' title='bbox 3724 1958 3829 2009; x_wconf 88' lang='grc' dir='ltr'>τίνι</span> <span class='ocrx_word' id='word_1_367' title='bbox 3862 1951 4012 2008; x_wconf 68' lang='grc' dir='ltr'>εἴπεο</span> 
     </span>
    </p>
   </div>
   <div class='ocr_carea' id='block_1_49' title="bbox 2437 2035 4012 2116">
    <p class='ocr_par' dir='ltr' id='par_1_49' title="bbox 2437 2035 4012 2116">
     <span class='ocr_line' id='line_1_49' title="bbox 2437 2035 4012 2116; baseline 0.008 -31"><span class='ocrx_word' id='word_1_368' title='bbox 2437 2035 2764 2106; x_wconf 77' lang='grc' dir='ltr'>Ποιήσωμεν</span> <span class='ocrx_word' id='word_1_369' title='bbox 2793 2037 3082 2108; x_wconf 77' lang='grc' dir='ltr'>ἄνθρωπον</span> <span class='ocrx_word' id='word_1_370' title='bbox 3114 2044 3236 2095; x_wconf 81' lang='grc' dir='ltr'>κατ’</span> <span class='ocrx_word' id='word_1_371' title='bbox 3257 2044 3442 2097; x_wconf 77' lang='grc' dir='ltr'>εἰκόνα</span> <span class='ocrx_word' id='word_1_372' title='bbox 3472 2044 3564 2096; x_wconf 71' lang='grc' dir='ltr'><strong>καί⁵</strong></span> <span class='ocrx_word' id='word_1_373' title='bbox 3595 2045 3717 2097; x_wconf 85' lang='grc' dir='ltr'>καθ’</span> <span class='ocrx_word' id='word_1_374' title='bbox 3751 2045 4012 2116; x_wconf 79' lang='grc' dir='ltr'>ὁμοίωσιν</span> 
     </span>
    </p>
   </div>
   <div class='ocr_carea' id='block_1_50' title="bbox 2431 2125 4017 2206">
    <p class='ocr_par' dir='ltr' id='par_1_50' title="bbox 2431 2125 4017 2206">
     <span class='ocr_line' id='line_1_50' title="bbox 2431 2125 4017 2206; baseline 0.009 -30"><span class='ocrx_word' id='word_1_375' title='bbox 2431 2125 2728 2194; x_wconf 71' lang='grc' dir='ltr'>ἠμετέρανς</span> <span class='ocrx_word' id='word_1_376' title='bbox 2745 2128 2806 2180; x_wconf 89' lang='grc' dir='ltr'>Εἰ</span> <span class='ocrx_word' id='word_1_377' title='bbox 2819 2128 2926 2199; x_wconf 88' lang='grc' dir='ltr'><strong>γάρ</strong></span> <span class='ocrx_word' id='word_1_378' title='bbox 2943 2130 3152 2202; x_wconf 74' lang='grc' dir='ltr'>εἴρηκε,</span> <span class='ocrx_word' id='word_1_379' title='bbox 3174 2133 3389 2204; x_wconf 81' lang='grc' dir='ltr'>Ποιήσω</span> <span class='ocrx_word' id='word_1_380' title='bbox 3402 2133 3496 2187; x_wconf 83' lang='grc' dir='ltr'>ἄνθ</span> <span class='ocrx_word' id='word_1_381' title='bbox 3509 2152 3689 2206; x_wconf 87' lang='grc' dir='ltr'>ρωπον</span> <span class='ocrx_word' id='word_1_382' title='bbox 3701 2137 3818 2189; x_wconf 82' lang='grc' dir='ltr'>κατ’</span> <span class='ocrx_word' id='word_1_383' title='bbox 3831 2137 3977 2190; x_wconf 85' lang='grc' dir='ltr'>είκόν</span> <span class='ocrx_word' id='word_1_384' title='bbox 3987 2155 4017 2189; x_wconf 81' lang='grc' dir='ltr'><strong>α</strong></span> 
     </span>
    </p>
   </div>
   <div class='ocr_carea' id='block_1_51' title="bbox 2431 2215 4019 2295">
    <p class='ocr_par' dir='ltr' id='par_1_51' title="bbox 2431 2215 4019 2295">
     <span class='ocr_line' id='line_1_51' title="bbox 2431 2215 4019 2295; baseline 0.006 -27"><span class='ocrx_word' id='word_1_385' title='bbox 2431 2216 2524 2268; x_wconf 72' lang='grc' dir='ltr'><strong>καὶ</strong></span> <span class='ocrx_word' id='word_1_386' title='bbox 2541 2215 2665 2270; x_wconf 85' lang='grc' dir='ltr'>καθ’</span> <span class='ocrx_word' id='word_1_387' title='bbox 2681 2217 2943 2287; x_wconf 84' lang='grc' dir='ltr'>ὁμοίωσιν</span> <span class='ocrx_word' id='word_1_388' title='bbox 2963 2220 3130 2291; x_wconf 77' lang='grc' dir='ltr'>ἐμὴν,</span> <span class='ocrx_word' id='word_1_389' title='bbox 3146 2222 3323 2275; x_wconf 75' lang='grc' dir='ltr'>ἐδόκει</span> <span class='ocrx_word' id='word_1_390' title='bbox 3337 2223 3402 2277; x_wconf 83' lang='grc' dir='ltr'><strong>ἂν</strong></span> <span class='ocrx_word' id='word_1_391' title='bbox 3422 2225 3479 2278; x_wconf 90' lang='grc' dir='ltr'><strong>τὸ</strong></span> <span class='ocrx_word' id='word_1_392' title='bbox 3500 2227 3596 2294; x_wconf 76' lang='grc' dir='ltr'>τῆς</span> <span class='ocrx_word' id='word_1_393' title='bbox 3618 2225 3904 2295; x_wconf 84' lang='grc' dir='ltr'>μονότητος</span> <span class='ocrx_word' id='word_1_394' title='bbox 3923 2228 4019 2278; x_wconf 76' lang='grc' dir='ltr'><strong>αὺ-</strong></span> 
     </span>
    </p>
   </div>
   <div class='ocr_carea' id='block_1_52' title="bbox 2429 2309 4016 2385">
    <p class='ocr_par' dir='ltr' id='par_1_52' title="bbox 2429 2309 4016 2385">
     <span class='ocr_line' id='line_1_52' title="bbox 2429 2309 4016 2385; baseline 0.006 -26"><span class='ocrx_word' id='word_1_395' title='bbox 2429 2309 2522 2360; x_wconf 87' lang='grc' dir='ltr'>τοῦ</span> <span class='ocrx_word' id='word_1_396' title='bbox 2546 2310 2850 2378; x_wconf 84' lang='grc' dir='ltr'>σημαίνειν.</span> <span class='ocrx_word' id='word_1_397' title='bbox 2879 2311 2953 2362; x_wconf 85' lang='grc' dir='ltr'>Τὸ</span> <span class='ocrx_word' id='word_1_398' title='bbox 2976 2309 3055 2376; x_wconf 85' lang='grc' dir='ltr'>δὲ,</span> <span class='ocrx_word' id='word_1_399' title='bbox 3087 2312 3224 2366; x_wconf 84' lang='grc' dir='ltr'>Κατ’</span> <span class='ocrx_word' id='word_1_400' title='bbox 3250 2315 3434 2367; x_wconf 81' lang='grc' dir='ltr'>εἰκόνα</span> <span class='ocrx_word' id='word_1_401' title='bbox 3469 2317 3562 2368; x_wconf 78' lang='grc' dir='ltr'><strong>καὶ</strong></span> <span class='ocrx_word' id='word_1_402' title='bbox 3591 2317 3848 2385; x_wconf 84' lang='grc' dir='ltr'>ὁμοίωσιν</span> <span class='ocrx_word' id='word_1_403' title='bbox 3877 2317 4016 2385; x_wconf 75' lang='grc' dir='ltr'>ἡμε-</span> 
     </span>
    </p>
   </div>
   <div class='ocr_carea' id='block_1_53' title="bbox 2428 2395 4015 2476">
    <p class='ocr_par' dir='ltr' id='par_1_53' title="bbox 2428 2395 4015 2476">
     <span class='ocr_line' id='line_1_53' title="bbox 2428 2395 4015 2476; baseline 0.009 -30"><span class='ocrx_word' id='word_1_404' title='bbox 2428 2395 2612 2464; x_wconf 89' lang='grc' dir='ltr'>τέραν,</span> <span class='ocrx_word' id='word_1_405' title='bbox 2638 2399 2827 2465; x_wconf 78' lang='grc' dir='ltr'>σαφῶς</span> <span class='ocrx_word' id='word_1_406' title='bbox 2848 2400 3051 2454; x_wconf 76' lang='grc' dir='ltr'>καὶτὸν</span> <span class='ocrx_word' id='word_1_407' title='bbox 3073 2401 3199 2454; x_wconf 86' lang='grc' dir='ltr'>Υίὸν</span> <span class='ocrx_word' id='word_1_408' title='bbox 3233 2402 3325 2456; x_wconf 79' lang='grc' dir='ltr'><strong>καὶ</strong></span> <span class='ocrx_word' id='word_1_409' title='bbox 3353 2404 3450 2474; x_wconf 75' lang='grc' dir='ltr'>τὴν</span> <span class='ocrx_word' id='word_1_410' title='bbox 3470 2405 3691 2474; x_wconf 82' lang='grc' dir='ltr'>ἰσότητα</span> <span class='ocrx_word' id='word_1_411' title='bbox 3717 2407 4015 2476; x_wconf 78' lang='grc' dir='ltr'>ἐσήμανεν.</span> 
     </span>
    </p>
   </div>
   <div class='ocr_carea' id='block_1_54' title="bbox 2430 2487 4014 2567">
    <p class='ocr_par' dir='ltr' id='par_1_54' title="bbox 2430 2487 4014 2567">
     <span class='ocr_line' id='line_1_54' title="bbox 2430 2487 4014 2567; baseline 0.006 -28"><span class='ocrx_word' id='word_1_412' title='bbox 2430 2487 2505 2539; x_wconf 84' lang='grc' dir='ltr'><strong>Οὑ</strong></span> <span class='ocrx_word' id='word_1_413' title='bbox 2533 2488 2640 2559; x_wconf 86' lang='grc' dir='ltr'><strong>γὰρ</strong></span> <span class='ocrx_word' id='word_1_414' title='bbox 2659 2489 2844 2558; x_wconf 75' lang='grc' dir='ltr'>μεῖζόν</span> <span class='ocrx_word' id='word_1_415' title='bbox 2875 2507 2928 2542; x_wconf 87' lang='grc' dir='ltr'><strong>τι</strong></span> <span class='ocrx_word' id='word_1_416' title='bbox 2954 2492 3543 2562; x_wconf 67' lang='grc' dir='ltr'>προσλαϐεῖνδὺναται,</span> <span class='ocrx_word' id='word_1_417' title='bbox 3577 2497 3766 2567; x_wconf 79' lang='grc' dir='ltr'>ἐπειδὴ</span> <span class='ocrx_word' id='word_1_418' title='bbox 3791 2497 4014 2566; x_wconf 73' lang='grc' dir='ltr'>ἡλικίας</span> 
     </span>
    </p>
   </div>
   <div class='ocr_carea' id='block_1_55' title="bbox 2429 2577 4013 2658">
    <p class='ocr_par' dir='ltr' id='par_1_55' title="bbox 2429 2577 4013 2658">
     <span class='ocr_line' id='line_1_55' title="bbox 2429 2577 4013 2658; baseline 0.006 -27"><span class='ocrx_word' id='word_1_419' title='bbox 2429 2577 2656 2647; x_wconf 78' lang='grc' dir='ltr'>αὔξησιν</span> <span class='ocrx_word' id='word_1_420' title='bbox 2700 2582 2800 2634; x_wconf 79' lang='grc' dir='ltr'><strong>οὐκ</strong></span> <span class='ocrx_word' id='word_1_421' title='bbox 2862 2577 3032 2634; x_wconf 79' lang='grc' dir='ltr'>οἶδεν·</span> <span class='ocrx_word' id='word_1_422' title='bbox 3087 2585 3382 2638; x_wconf 75' lang='grc' dir='ltr'>ἐλάττωσιν</span> <span class='ocrx_word' id='word_1_423' title='bbox 3437 2587 3602 2641; x_wconf 78' lang='grc' dir='ltr'>πάλιν</span> <span class='ocrx_word' id='word_1_424' title='bbox 3663 2590 3724 2642; x_wconf 82' lang='grc' dir='ltr'><strong>οὐ</strong></span> <span class='ocrx_word' id='word_1_425' title='bbox 3776 2589 4013 2658; x_wconf 76' lang='grc' dir='ltr'>δέχεται.</span> 
     </span>
    </p>
   </div>
   <div class='ocr_carea' id='block_1_56' title="bbox 2441 2671 4016 2751">
    <p class='ocr_par' dir='ltr' id='par_1_56' title="bbox 2441 2671 4016 2751">
     <span class='ocr_line' id='line_1_56' title="bbox 2441 2671 4016 2751; baseline 0.004 -27"><span class='ocrx_word' id='word_1_426' title='bbox 2441 2672 2624 2734; x_wconf 79' lang='grc' dir='ltr'>Ἰωνᾶς</span> <span class='ocrx_word' id='word_1_427' title='bbox 2664 2673 2822 2743; x_wconf 76' lang='grc' dir='ltr'>ραὅὶς</span> <span class='ocrx_word' id='word_1_428' title='bbox 2846 2671 2997 2728; x_wconf 82' lang='grc' dir='ltr'>εἶπεν</span> <span class='ocrx_word' id='word_1_429' title='bbox 3025 2691 3039 2706; x_wconf 77' lang='grc' dir='ltr'><strong>ο</strong></span> <span class='ocrx_word' id='word_1_430' title='bbox 3089 2675 3441 2747; x_wconf 83' lang='grc' dir='ltr'>’Λνθρωπίνῳ</span> <span class='ocrx_word' id='word_1_431' title='bbox 3479 2679 3567 2749; x_wconf 84' lang='grc' dir='ltr'><strong>[Ρ.</strong></span> <span class='ocrx_word' id='word_1_432' title='bbox 3598 2677 3726 2751; x_wconf 72' lang='grc'><strong>274]</strong></span> <span class='ocrx_word' id='word_1_433' title='bbox 3766 2680 4016 2749; x_wconf 77' lang='grc' dir='ltr'>λογισμῷ</span> 
     </span>
    </p>
   </div>
   <div class='ocr_carea' id='block_1_57' title="bbox 2426 2762 4011 2840">
    <p class='ocr_par' dir='ltr' id='par_1_57' title="bbox 2426 2762 4011 2840">
     <span class='ocr_line' id='line_1_57' title="bbox 2426 2762 4011 2840; baseline 0.004 -24"><span class='ocrx_word' id='word_1_434' title='bbox 2426 2763 2526 2816; x_wconf 79' lang='grc' dir='ltr'><strong>οὐκ</strong></span> <span class='ocrx_word' id='word_1_435' title='bbox 2557 2762 2673 2815; x_wconf 81' lang='grc' dir='ltr'>ἐστι</span> <span class='ocrx_word' id='word_1_436' title='bbox 2694 2764 2889 2818; x_wconf 87' lang='grc' dir='ltr'>δεκτέα</span> <span class='ocrx_word' id='word_1_437' title='bbox 2919 2767 2953 2836; x_wconf 83' lang='grc' dir='ltr'>ὴ</span> <span class='ocrx_word' id='word_1_438' title='bbox 2999 2766 3202 2830; x_wconf 82' lang='grc' dir='ltr'>πίστις.</span> <span class='ocrx_word' id='word_1_439' title='bbox 3234 2770 3393 2821; x_wconf 85' lang='grc' dir='ltr'>Ποῖον</span> <span class='ocrx_word' id='word_1_440' title='bbox 3439 2771 3548 2840; x_wconf 68' lang='grc' dir='ltr'><strong>γὰρ</strong></span> <span class='ocrx_word' id='word_1_441' title='bbox 3585 2769 3717 2822; x_wconf 84' lang='grc' dir='ltr'>Θεὸν</span> <span class='ocrx_word' id='word_1_442' title='bbox 3770 2771 4011 2840; x_wconf 78' lang='grc' dir='ltr'>συμόουο</span> 
     </span>
    </p>
   </div>
   <div class='ocr_carea' id='block_1_58' title="bbox 2425 2847 4006 2928">
    <p class='ocr_par' dir='ltr' id='par_1_58' title="bbox 2425 2847 4006 2928">
     <span class='ocr_line' id='line_1_58' title="bbox 2425 2847 4006 2928; baseline 0.005 -23"><span class='ocrx_word' id='word_1_443' title='bbox 2425 2853 2575 2907; x_wconf 84' lang='grc' dir='ltr'>λεύει</span> <span class='ocrx_word' id='word_1_444' title='bbox 2605 2847 2763 2917; x_wconf 73' lang='grc' dir='ltr'>οὗτος</span> <span class='ocrx_word' id='word_1_445' title='bbox 2793 2856 3180 2926; x_wconf 79' lang='grc' dir='ltr'>πιστευθῆναι,</span> <span class='ocrx_word' id='word_1_446' title='bbox 3217 2858 3276 2910; x_wconf 83' lang='grc' dir='ltr'>ὃν</span> <span class='ocrx_word' id='word_1_447' title='bbox 3322 2860 3418 2912; x_wconf 72' lang='grc' dir='ltr'>καὶ</span> <span class='ocrx_word' id='word_1_448' title='bbox 3449 2860 3689 2928; x_wconf 82' lang='grc' dir='ltr'>Πατέρα,</span> <span class='ocrx_word' id='word_1_449' title='bbox 3721 2861 3816 2913; x_wconf 74' lang='grc' dir='ltr'><strong>καὶ</strong></span> <span class='ocrx_word' id='word_1_450' title='bbox 3849 2862 4006 2924; x_wconf 60' lang='lat' dir='ltr'><strong>rm,</strong></span> 
     </span>
    </p>
   </div>
   <div class='ocr_carea' id='block_1_59' title="bbox 2427 2945 4012 3018">
    <p class='ocr_par' dir='ltr' id='par_1_59' title="bbox 2427 2945 4012 3018">
     <span class='ocr_line' id='line_1_59' title="bbox 2427 2945 4012 3018; baseline 0.001 -20"><span class='ocrx_word' id='word_1_451' title='bbox 2427 2947 2522 2999; x_wconf 69' lang='grc' dir='ltr'><strong>καὶ</strong></span> <span class='ocrx_word' id='word_1_452' title='bbox 2557 2945 2779 3016; x_wconf 77' lang='grc' dir='ltr'>Πνεῦμα</span> <span class='ocrx_word' id='word_1_453' title='bbox 2799 2947 2952 3016; x_wconf 82' lang='grc' dir='ltr'>ἆγιον</span> <span class='ocrx_word' id='word_1_454' title='bbox 2978 2946 3336 3016; x_wconf 71' lang='grc' dir='ltr'>όμολογεῖςὍ</span> <span class='ocrx_word' id='word_1_455' title='bbox 3358 2950 3512 3016; x_wconf 83' lang='grc' dir='ltr'>ἀγιος</span> <span class='ocrx_word' id='word_1_456' title='bbox 3535 2950 3848 3017; x_wconf 79' lang='grc' dir='ltr'>Σίλϐεστρος</span> <span class='ocrx_word' id='word_1_457' title='bbox 3878 2951 4012 3018; x_wconf 62' lang='grc' dir='ltr'>ἔφη’</span> 
     </span>
    </p>
   </div>
   <div class='ocr_carea' id='block_1_60' title="bbox 2431 3037 4012 3110">
    <p class='ocr_par' dir='ltr' id='par_1_60' title="bbox 2431 3037 4012 3110">
     <span class='ocr_line' id='line_1_60' title="bbox 2431 3037 4012 3110; baseline 0.001 -20"><span class='ocrx_word' id='word_1_458' title='bbox 2431 3037 2597 3090; x_wconf 84' lang='grc' dir='ltr'>Ὅταν</span> <span class='ocrx_word' id='word_1_459' title='bbox 2617 3039 2867 3108; x_wconf 80' lang='grc' dir='ltr'>ἀναγνῷς</span> <span class='ocrx_word' id='word_1_460' title='bbox 2897 3039 2956 3091; x_wconf 86' lang='grc' dir='ltr'>ὲν</span> <span class='ocrx_word' id='word_1_461' title='bbox 2981 3043 3101 3103; x_wconf 87' lang='grc' dir='ltr'>ταῖς</span> <span class='ocrx_word' id='word_1_462' title='bbox 3135 3038 3348 3102; x_wconf 75' lang='grc' dir='ltr'>Βίϐλοις</span> <span class='ocrx_word' id='word_1_463' title='bbox 3381 3041 3508 3108; x_wconf 78' lang='grc' dir='ltr'>περὶ</span> <span class='ocrx_word' id='word_1_464' title='bbox 3536 3041 3633 3109; x_wconf 78' lang='grc' dir='ltr'><strong>μὲν</strong></span> <span class='ocrx_word' id='word_1_465' title='bbox 3657 3041 3747 3092; x_wconf 68' lang='grc' dir='ltr'>τοῦ</span> <span class='ocrx_word' id='word_1_466' title='bbox 3772 3041 4012 3110; x_wconf 67' lang='grc' dir='ltr'>Πατρὸς,</span> 
     </span>
    </p>
   </div>
   <div class='ocr_carea' id='block_1_61' title="bbox 749 3111 2426 3224">
    <p class='ocr_par' dir='ltr' id='par_1_61' title="bbox 749 3111 2396 3224">
     <span class='ocr_line' id='line_1_61' title="bbox 749 3111 2396 3224; baseline 0.001 -56"><span class='ocrx_word' id='word_1_467' title='bbox 749 3115 943 3169; x_wconf 81' lang='lat' dir='ltr'><strong>Filium</strong></span> <span class='ocrx_word' id='word_1_468' title='bbox 979 3114 1336 3184; x_wconf 81' lang='lat' dir='ltr'><strong>compellante</strong></span> <span class='ocrx_word' id='word_1_469' title='bbox 1376 3130 1388 3142; x_wconf 91' lang='grc'><strong>·</strong></span> <span class='ocrx_word' id='word_1_470' title='bbox 1425 3111 1595 3167; x_wconf 90' lang='lat' dir='ltr'><strong>Filius</strong></span> <span class='ocrx_word' id='word_1_471' title='bbox 1621 3130 1773 3169; x_wconf 91' lang='lat' dir='ltr'><strong>meus</strong></span> <span class='ocrx_word' id='word_1_472' title='bbox 1799 3129 1859 3169; x_wconf 87' lang='lat' dir='ltr'><strong>es</strong></span> <span class='ocrx_word' id='word_1_473' title='bbox 1895 3114 2030 3167; x_wconf 70' lang='lat' dir='ltr'><strong>tu“.</strong></span> <span class='ocrx_word' id='word_1_474' title='bbox 2061 3113 2127 3168; x_wconf 84' lang='lat' dir='ltr'><strong>Et</strong></span> <span class='ocrx_word' id='word_1_475' title='bbox 2154 3116 2278 3169; x_wconf 89' lang='lat' dir='ltr'><strong>alibi</strong></span> <span class='ocrx_word' id='word_1_476' title='bbox 2308 3135 2321 3170; x_wconf 90' lang='lat'>:</span> <span class='ocrx_word' id='word_1_477' title='bbox 2349 3163 2396 3224; x_wconf 65' lang='grc' dir='ltr'>Ο</span> 
     </span>
    </p>
   </div>
   <div class='ocr_carea' id='block_1_62' title="bbox 2337 3111 4014 3224">
    <p class='ocr_par' dir='ltr' id='par_1_62' title="bbox 2349 3127 4014 3224">
     <span class='ocr_line' id='line_1_62' title="bbox 2349 3127 4014 3224; baseline 0.004 -47"><span class='ocrx_word' id='word_1_478' title='bbox 2349 3163 2396 3224; x_wconf 77' lang='lat' dir='ltr'><strong><em>C</em></strong></span> <span class='ocrx_word' id='word_1_479' title='bbox 2430 3127 2589 3195; x_wconf 71' lang='grc' dir='ltr'>ἡνίκα</span> <span class='ocrx_word' id='word_1_480' title='bbox 2618 3127 2767 3194; x_wconf 87' lang='grc' dir='ltr'>λέγει</span> <span class='ocrx_word' id='word_1_481' title='bbox 2798 3129 2928 3197; x_wconf 72' lang='grc' dir='ltr'>περὶ</span> <span class='ocrx_word' id='word_1_482' title='bbox 2974 3129 3068 3182; x_wconf 83' lang='grc' dir='ltr'>τοῦ</span> <span class='ocrx_word' id='word_1_483' title='bbox 3102 3129 3233 3182; x_wconf 82' lang='grc' dir='ltr'>ἰδίου</span> <span class='ocrx_word' id='word_1_484' title='bbox 3285 3131 3444 3182; x_wconf 76' lang='grc' dir='ltr'><strong>Υίοῦ·</strong></span> <span class='ocrx_word' id='word_1_485' title='bbox 3470 3132 3596 3193; x_wconf 84' lang='grc' dir='ltr'>Υἱός</span> <span class='ocrx_word' id='word_1_486' title='bbox 3623 3149 3722 3200; x_wconf 82' lang='grc' dir='ltr'><strong>μου</strong></span> <span class='ocrx_word' id='word_1_487' title='bbox 3748 3127 3796 3183; x_wconf 81' lang='grc' dir='ltr'>εἷ</span> <span class='ocrx_word' id='word_1_488' title='bbox 3826 3129 3910 3194; x_wconf 71' lang='grc' dir='ltr'><strong>συ,</strong></span> <span class='ocrx_word' id='word_1_489' title='bbox 3957 3134 4014 3184; x_wconf 81' lang='grc' dir='ltr'>ό-</span> 
     </span>
    </p>
   </div>
   <div class='ocr_carea' id='block_1_63' title="bbox 747 3205 2324 3271">
    <p class='ocr_par' dir='ltr' id='par_1_63' title="bbox 747 3205 2324 3271">
     <span class='ocr_line' id='line_1_63' title="bbox 747 3205 2324 3271; baseline 0.002 -12"><span class='ocrx_word' id='word_1_490' title='bbox 747 3207 796 3261; x_wconf 91' lang='lat' dir='ltr'><strong>ls</strong></span> <span class='ocrx_word' id='word_1_491' title='bbox 828 3222 913 3260; x_wconf 91' lang='lat' dir='ltr'><strong>me</strong></span> <span class='ocrx_word' id='word_1_492' title='bbox 945 3205 1164 3260; x_wconf 85' lang='lat' dir='ltr'><strong>Patrem</strong></span> <span class='ocrx_word' id='word_1_493' title='bbox 1199 3220 1359 3259; x_wconf 90' lang='lat' dir='ltr'><strong>suum</strong></span> <span class='ocrx_word' id='word_1_494' title='bbox 1397 3205 1674 3258; x_wconf 70' lang='lat' dir='ltr'><strong>invocabit</strong></span> <span class='ocrx_word' id='word_1_495' title='bbox 1697 3207 1764 3271; x_wconf 65' lang='grc'><strong>⁸9,</strong></span> <span class='ocrx_word' id='word_1_496' title='bbox 1802 3214 1930 3259; x_wconf 94' lang='lat' dir='ltr'><strong>tunc</strong></span> <span class='ocrx_word' id='word_1_497' title='bbox 1976 3206 2199 3261; x_wconf 76' lang='lat' dir='ltr'><strong>evidens</strong></span> <span class='ocrx_word' id='word_1_498' title='bbox 2228 3207 2324 3262; x_wconf 89' lang='lat' dir='ltr'><strong>tibi</strong></span> 
     </span>
    </p>
   </div>
   <div class='ocr_carea' id='block_1_64' title="bbox 749 3294 2322 3366">
    <p class='ocr_par' dir='ltr' id='par_1_64' title="bbox 749 3294 2322 3366">
     <span class='ocr_line' id='line_1_64' title="bbox 749 3294 2322 3366; baseline 0.001 -17"><span class='ocrx_word' id='word_1_499' title='bbox 749 3299 839 3351; x_wconf 87' lang='lat' dir='ltr'><strong>liet</strong></span> <span class='ocrx_word' id='word_1_500' title='bbox 871 3297 1015 3366; x_wconf 87' lang='lat' dir='ltr'><strong>quod</strong></span> <span class='ocrx_word' id='word_1_501' title='bbox 1056 3295 1317 3360; x_wconf 82' lang='lat' dir='ltr'><strong>dicimus,</strong></span> <span class='ocrx_word' id='word_1_502' title='bbox 1343 3309 1517 3364; x_wconf 90' lang='lat' dir='ltr'><strong>neque</strong></span> <span class='ocrx_word' id='word_1_503' title='bbox 1545 3294 1919 3363; x_wconf 88' lang='lat' dir='ltr'><strong>suspicaberis</strong></span> <span class='ocrx_word' id='word_1_504' title='bbox 1943 3309 2042 3348; x_wconf 92' lang='lat' dir='ltr'><strong>nos</strong></span> <span class='ocrx_word' id='word_1_505' title='bbox 2073 3296 2140 3350; x_wconf 87' lang='lat' dir='ltr'><strong>de</strong></span> <span class='ocrx_word' id='word_1_506' title='bbox 2165 3311 2322 3350; x_wconf 88' lang='lat' dir='ltr'><strong>sacra</strong></span> 
     </span>
    </p>
   </div>
   <div class='ocr_carea' id='block_1_65' title="bbox 745 3383 2320 3454">
    <p class='ocr_par' dir='ltr' id='par_1_65' title="bbox 745 3383 2320 3454">
     <span class='ocr_line' id='line_1_65' title="bbox 745 3383 2320 3454; baseline -0.001 -12"><span class='ocrx_word' id='word_1_507' title='bbox 745 3388 1016 3443; x_wconf 89' lang='lat' dir='ltr'><strong>Trinitate</strong></span> <span class='ocrx_word' id='word_1_508' title='bbox 1070 3386 1277 3454; x_wconf 87' lang='lat' dir='ltr'><strong>aliquid</strong></span> <span class='ocrx_word' id='word_1_509' title='bbox 1313 3388 1441 3440; x_wconf 86' lang='lat' dir='ltr'><strong>novi</strong></span> <span class='ocrx_word' id='word_1_510' title='bbox 1477 3385 1686 3440; x_wconf 90' lang='lat' dir='ltr'><strong>dicere.</strong></span> <span class='ocrx_word' id='word_1_511' title='bbox 1743 3383 1817 3438; x_wconf 85' lang='lat' dir='ltr'><strong>De</strong></span> <span class='ocrx_word' id='word_1_512' title='bbox 1875 3387 2082 3454; x_wconf 64' lang='lat' dir='ltr'><strong>Spiritu</strong></span> <span class='ocrx_word' id='word_1_513' title='bbox 2139 3398 2320 3441; x_wconf 88' lang='lat' dir='ltr'><strong>autem</strong></span> 
     </span>
    </p>
   </div>
   <div class='ocr_carea' id='block_1_66' title="bbox 743 3476 2321 3546">
    <p class='ocr_par' dir='ltr' id='par_1_66' title="bbox 743 3476 2321 3546">
     <span class='ocr_line' id='line_1_66' title="bbox 743 3476 2321 3546; baseline -0.001 -12"><span class='ocrx_word' id='word_1_514' title='bbox 743 3488 958 3545; x_wconf 82' lang='lat' dir='ltr'><strong>saneto,</strong></span> <span class='ocrx_word' id='word_1_515' title='bbox 992 3492 1215 3533; x_wconf 88' lang='lat' dir='ltr'><strong>rursum</strong></span> <span class='ocrx_word' id='word_1_516' title='bbox 1249 3476 1375 3530; x_wconf 91' lang='lat' dir='ltr'><strong>audi</strong></span> <span class='ocrx_word' id='word_1_517' title='bbox 1417 3486 1593 3531; x_wconf 81' lang='lat' dir='ltr'><strong>vatem</strong></span> <span class='ocrx_word' id='word_1_518' title='bbox 1622 3485 1775 3529; x_wconf 91' lang='lat' dir='ltr'><strong>tuum</strong></span> <span class='ocrx_word' id='word_1_519' title='bbox 1817 3476 1959 3530; x_wconf 89' lang='lat' dir='ltr'><strong>inter</strong></span> <span class='ocrx_word' id='word_1_520' title='bbox 1985 3477 2321 3546; x_wconf 87' lang='lat' dir='ltr'><strong>precandum</strong></span> 
     </span>
    </p>
   </div>
   <div class='ocr_carea' id='block_1_67' title="bbox 746 3567 2326 3638">
    <p class='ocr_par' dir='ltr' id='par_1_67' title="bbox 746 3567 2326 3638">
     <span class='ocr_line' id='line_1_67' title="bbox 746 3567 2326 3638; baseline -0.003 -12"><span class='ocrx_word' id='word_1_521' title='bbox 746 3571 826 3627; x_wconf 90' lang='lat' dir='ltr'><strong>sic</strong></span> <span class='ocrx_word' id='word_1_522' title='bbox 870 3572 1171 3636; x_wconf 86' lang='lat' dir='ltr'><strong>dicentem,</strong></span> <span class='ocrx_word' id='word_1_523' title='bbox 1203 3567 1466 3638; x_wconf 91' lang='lat' dir='ltr'><strong>Spiritum</strong></span> <span class='ocrx_word' id='word_1_524' title='bbox 1522 3575 1676 3619; x_wconf 92' lang='lat' dir='ltr'><strong>tuum</strong></span> <span class='ocrx_word' id='word_1_525' title='bbox 1726 3575 1977 3620; x_wconf 86' lang='lat' dir='ltr'><strong>sanctum</strong></span> <span class='ocrx_word' id='word_1_526' title='bbox 2010 3582 2078 3621; x_wconf 87' lang='lat' dir='ltr'><strong>ne</strong></span> <span class='ocrx_word' id='word_1_527' title='bbox 2110 3568 2326 3623; x_wconf 80' lang='lat' dir='ltr'><strong>auferas</strong></span> 
     </span>
    </p>
   </div>
   <div class='ocr_carea' id='block_1_68' title="bbox 745 3661 2322 3732">
    <p class='ocr_par' dir='ltr' id='par_1_68' title="bbox 745 3661 2322 3732">
     <span class='ocr_line' id='line_1_68' title="bbox 745 3661 2322 3732; baseline 0 -18"><span class='ocrx_word' id='word_1_528' title='bbox 745 3681 775 3716; x_wconf 73' lang='grc' dir='ltr'><strong>ιι</strong></span> <span class='ocrx_word' id='word_1_529' title='bbox 806 3679 894 3718; x_wconf 91' lang='lat' dir='ltr'><strong>me</strong></span> <span class='ocrx_word' id='word_1_530' title='bbox 918 3664 986 3716; x_wconf 81' lang='grc' dir='ltr'><strong>⁷ο.</strong></span> <span class='ocrx_word' id='word_1_531' title='bbox 1027 3663 1095 3717; x_wconf 86' lang='lat' dir='ltr'><strong>Et</strong></span> <span class='ocrx_word' id='word_1_532' title='bbox 1126 3664 1254 3718; x_wconf 87' lang='lat' dir='ltr'><strong>alibi</strong></span> <span class='ocrx_word' id='word_1_533' title='bbox 1287 3680 1300 3718; x_wconf 89' lang='lat'><strong>:</strong></span> <span class='ocrx_word' id='word_1_534' title='bbox 1340 3661 1548 3732; x_wconf 86' lang='lat' dir='ltr'><strong>Spiritu</strong></span> <span class='ocrx_word' id='word_1_535' title='bbox 1581 3661 1692 3714; x_wconf 90' lang='lat' dir='ltr'><strong>oris</strong></span> <span class='ocrx_word' id='word_1_536' title='bbox 1724 3661 1842 3730; x_wconf 88' lang='lat' dir='ltr'><strong>ejus</strong></span> <span class='ocrx_word' id='word_1_537' title='bbox 1897 3662 2076 3715; x_wconf 91' lang='lat' dir='ltr'><strong>omnis</strong></span> <span class='ocrx_word' id='word_1_538' title='bbox 2107 3662 2322 3716; x_wconf 92' lang='lat' dir='ltr'><strong>illorum</strong></span> 
     </span>
    </p>
   </div>
   <div class='ocr_carea' id='block_1_69' title="bbox 745 3750 2317 3824">
    <p class='ocr_par' dir='ltr' id='par_1_69' title="bbox 745 3750 2317 3824">
     <span class='ocr_line' id='line_1_69' title="bbox 745 3750 2317 3824; baseline -0.001 -18"><span class='ocrx_word' id='word_1_539' title='bbox 745 3756 827 3809; x_wconf 81' lang='lat' dir='ltr'><strong>ris</strong></span> <span class='ocrx_word' id='word_1_540' title='bbox 853 3756 921 3807; x_wconf 77' lang='grc'><strong>⁷⁸.</strong></span> <span class='ocrx_word' id='word_1_541' title='bbox 953 3753 1226 3824; x_wconf 90' lang='lat' dir='ltr'><strong>Loquitur</strong></span> <span class='ocrx_word' id='word_1_542' title='bbox 1251 3764 1432 3807; x_wconf 87' lang='lat' dir='ltr'><strong>autem</strong></span> <span class='ocrx_word' id='word_1_543' title='bbox 1464 3753 1531 3806; x_wconf 92' lang='lat' dir='ltr'><strong>de</strong></span> <span class='ocrx_word' id='word_1_544' title='bbox 1576 3751 1942 3820; x_wconf 88' lang='lat' dir='ltr'><strong>potestatibus</strong></span> <span class='ocrx_word' id='word_1_545' title='bbox 1977 3750 2317 3806; x_wconf 73' lang='lat' dir='ltr'><strong>crelestibus.</strong></span> 
     </span>
    </p>
   </div>
   <div class='ocr_carea' id='block_1_70' title="bbox 742 3839 2323 3914">
    <p class='ocr_par' dir='ltr' id='par_1_70' title="bbox 742 3839 2323 3914">
     <span class='ocr_line' id='line_1_70' title="bbox 742 3839 2323 3914; baseline -0.004 -15"><span class='ocrx_word' id='word_1_546' title='bbox 742 3846 1143 3900; x_wconf 76' lang='lat' dir='ltr'><strong>Constantinus</strong></span> <span class='ocrx_word' id='word_1_547' title='bbox 1169 3843 1452 3914; x_wconf 84' lang='lat' dir='ltr'><strong>Augustus</strong></span> <span class='ocrx_word' id='word_1_548' title='bbox 1479 3842 1619 3896; x_wconf 81' lang='lat' dir='ltr'><strong>dixit</strong></span> <span class='ocrx_word' id='word_1_549' title='bbox 1647 3857 1659 3891; x_wconf 91' lang='lat'>:</span> <span class='ocrx_word' id='word_1_550' title='bbox 1683 3840 1850 3893; x_wconf 84' lang='lat' dir='ltr'><strong>Miror</strong></span> <span class='ocrx_word' id='word_1_551' title='bbox 1879 3839 2192 3893; x_wconf 68' lang='lat' dir='ltr'><strong>Judazorum</strong></span> <span class='ocrx_word' id='word_1_552' title='bbox 2218 3841 2323 3893; x_wconf 88' lang='lat' dir='ltr'><strong>im-</strong></span> 
     </span>
    </p>
   </div>
   <div class='ocr_carea' id='block_1_71' title="bbox 745 3930 2324 4007">
    <p class='ocr_par' dir='ltr' id='par_1_71' title="bbox 745 3930 2324 4007">
     <span class='ocr_line' id='line_1_71' title="bbox 745 3930 2324 4007; baseline -0.003 -18"><span class='ocrx_word' id='word_1_553' title='bbox 745 3937 1086 4007; x_wconf 85' lang='lat' dir='ltr'><strong>pudentiam,</strong></span> <span class='ocrx_word' id='word_1_554' title='bbox 1119 3937 1206 4006; x_wconf 90' lang='lat' dir='ltr'><strong>qui</strong></span> <span class='ocrx_word' id='word_1_555' title='bbox 1239 3936 1426 3989; x_wconf 86' lang='lat' dir='ltr'><strong>multis</strong></span> <span class='ocrx_word' id='word_1_556' title='bbox 1458 3934 1634 3986; x_wconf 90' lang='lat' dir='ltr'><strong>modis</strong></span> <span class='ocrx_word' id='word_1_557' title='bbox 1665 3946 1731 3986; x_wconf 76' lang='lat' dir='ltr'><strong>ex</strong></span> <span class='ocrx_word' id='word_1_558' title='bbox 1760 3931 2014 3985; x_wconf 83' lang='lat' dir='ltr'><strong>universa</strong></span> <span class='ocrx_word' id='word_1_559' title='bbox 2043 3945 2138 3984; x_wconf 91' lang='lat' dir='ltr'><strong>sua</strong></span> <span class='ocrx_word' id='word_1_560' title='bbox 2172 3930 2324 3984; x_wconf 86' lang='lat' dir='ltr'><strong>Seri-</strong></span> 
     </span>
    </p>
   </div>
   <div class='ocr_carea' id='block_1_72' title="bbox 746 4020 2326 4096">
    <p class='ocr_par' dir='ltr' id='par_1_72' title="bbox 746 4020 2326 4096">
     <span class='ocr_line' id='line_1_72' title="bbox 746 4020 2326 4096; baseline -0.004 -16"><span class='ocrx_word' id='word_1_561' title='bbox 746 4039 904 4096; x_wconf 78' lang='lat' dir='ltr'><strong>ptura</strong></span> <span class='ocrx_word' id='word_1_562' title='bbox 941 4027 1202 4092; x_wconf 77' lang='lat' dir='ltr'><strong>convicti,</strong></span> <span class='ocrx_word' id='word_1_563' title='bbox 1243 4035 1428 4079; x_wconf 89' lang='lat' dir='ltr'><strong>tamen</strong></span> <span class='ocrx_word' id='word_1_564' title='bbox 1478 4023 1655 4075; x_wconf 88' lang='lat' dir='ltr'><strong>adhuc</strong></span> <span class='ocrx_word' id='word_1_565' title='bbox 1685 4029 1878 4075; x_wconf 86' lang='lat' dir='ltr'><strong>contra</strong></span> <span class='ocrx_word' id='word_1_566' title='bbox 1914 4022 2195 4074; x_wconf 74' lang='lat' dir='ltr'><strong>veritatem</strong></span> <span class='ocrx_word' id='word_1_567' title='bbox 2227 4020 2326 4074; x_wconf 91' lang='lat' dir='ltr'><strong>ali-</strong></span> 
     </span>
    </p>
   </div>
   <div class='ocr_carea' id='block_1_73' title="bbox 744 4110 2322 4186">
    <p class='ocr_par' dir='ltr' id='par_1_73' title="bbox 744 4110 2322 4186">
     <span class='ocr_line' id='line_1_73' title="bbox 744 4110 2322 4186; baseline -0.003 -16"><span class='ocrx_word' id='word_1_568' title='bbox 744 4117 874 4186; x_wconf 86' lang='lat' dir='ltr'><strong>quid</strong></span> <span class='ocrx_word' id='word_1_569' title='bbox 899 4117 1086 4171; x_wconf 77' lang='lat' dir='ltr'><strong>volunt</strong></span> <span class='ocrx_word' id='word_1_570' title='bbox 1105 4116 1452 4184; x_wconf 89' lang='lat' dir='ltr'><strong>conquirere.</strong></span> <span class='ocrx_word' id='word_1_571' title='bbox 1469 4112 1705 4167; x_wconf 88' lang='lat' dir='ltr'><strong>Proinde</strong></span> <span class='ocrx_word' id='word_1_572' title='bbox 1724 4112 1850 4180; x_wconf 86' lang='lat' dir='ltr'><strong>quia</strong></span> <span class='ocrx_word' id='word_1_573' title='bbox 1870 4111 1936 4164; x_wconf 89' lang='lat' dir='ltr'><strong>de</strong></span> <span class='ocrx_word' id='word_1_574' title='bbox 1956 4110 2138 4177; x_wconf 84' lang='lat' dir='ltr'><strong>Patre,</strong></span> <span class='ocrx_word' id='word_1_575' title='bbox 2164 4110 2322 4176; x_wconf 85' lang='lat' dir='ltr'><strong>Filio,</strong></span> 
     </span>
    </p>
   </div>
   <div class='ocr_carea' id='block_1_74' title="bbox 743 4202 2322 4276">
    <p class='ocr_par' dir='ltr' id='par_1_74' title="bbox 743 4202 2322 4276">
     <span class='ocr_line' id='line_1_74' title="bbox 743 4202 2322 4276; baseline -0.003 -18"><span class='ocrx_word' id='word_1_576' title='bbox 743 4218 798 4260; x_wconf 72' lang='lat' dir='ltr'><strong>et</strong></span> <span class='ocrx_word' id='word_1_577' title='bbox 837 4207 1042 4276; x_wconf 84' lang='lat' dir='ltr'><strong>Spiritu</strong></span> <span class='ocrx_word' id='word_1_578' title='bbox 1075 4215 1273 4261; x_wconf 80' lang='lat' dir='ltr'><strong>Sancto</strong></span> <span class='ocrx_word' id='word_1_579' title='bbox 1306 4206 1652 4260; x_wconf 81' lang='lat' dir='ltr'><strong>satisfactum</strong></span> <span class='ocrx_word' id='word_1_580' title='bbox 1677 4209 1785 4266; x_wconf 87' lang='lat' dir='ltr'><strong>est,</strong></span> <span class='ocrx_word' id='word_1_581' title='bbox 1809 4202 2109 4270; x_wconf 79' lang='lat' dir='ltr'><strong>proferant,</strong></span> <span class='ocrx_word' id='word_1_582' title='bbox 2137 4202 2179 4254; x_wconf 91' lang='lat' dir='ltr'><strong>si</strong></span> <span class='ocrx_word' id='word_1_583' title='bbox 2213 4217 2322 4270; x_wconf 89' lang='lat' dir='ltr'><strong>qua</strong></span> 
     </span>
    </p>
   </div>
   <div class='ocr_carea' id='block_1_75' title="bbox 747 4293 2324 4366">
    <p class='ocr_par' dir='ltr' id='par_1_75' title="bbox 747 4293 2324 4366">
     <span class='ocr_line' id='line_1_75' title="bbox 747 4293 2324 4366; baseline -0.003 -14"><span class='ocrx_word' id='word_1_584' title='bbox 747 4299 967 4366; x_wconf 89' lang='lat' dir='ltr'><strong>habent,</strong></span> <span class='ocrx_word' id='word_1_585' title='bbox 1012 4300 1140 4351; x_wconf 93' lang='lat' dir='ltr'><strong>alia.</strong></span> <span class='ocrx_word' id='word_1_586' title='bbox 1188 4297 1445 4352; x_wconf 87' lang='lat' dir='ltr'><strong>Godolias</strong></span> <span class='ocrx_word' id='word_1_587' title='bbox 1469 4294 1733 4349; x_wconf 71' lang='lat' dir='ltr'><strong>Judazus:</strong></span> <span class='ocrx_word' id='word_1_588' title='bbox 1767 4293 1900 4358; x_wconf 65' lang='lat' dir='ltr'><strong>Nos,</strong></span> <span class='ocrx_word' id='word_1_589' title='bbox 1934 4294 2130 4363; x_wconf 90' lang='lat' dir='ltr'><strong>inquit,</strong></span> <span class='ocrx_word' id='word_1_590' title='bbox 2164 4293 2231 4348; x_wconf 89' lang='lat' dir='ltr'><strong>de</strong></span> <span class='ocrx_word' id='word_1_591' title='bbox 2259 4308 2324 4348; x_wconf 89' lang='lat' dir='ltr'><strong>eo</strong></span> 
     </span>
    </p>
   </div>
   <div class='ocr_carea' id='block_1_76' title="bbox 747 4409 2311 4488">
    <p class='ocr_par' dir='ltr' id='par_1_76' title="bbox 747 4409 2311 4488">
     <span class='ocr_line' id='line_1_76' title="bbox 747 4409 2311 4488; baseline -0.004 -17"><span class='ocrx_word' id='word_1_592' title='bbox 747 4417 1041 4488; x_wconf 87' lang='lat' dir='ltr'><strong>loquimur,</strong></span> <span class='ocrx_word' id='word_1_593' title='bbox 1079 4416 1173 4486; x_wconf 90' lang='lat' dir='ltr'><strong>qui</strong></span> <span class='ocrx_word' id='word_1_594' title='bbox 1223 4424 1388 4470; x_wconf 90' lang='lat' dir='ltr'><strong>natus</strong></span> <span class='ocrx_word' id='word_1_595' title='bbox 1432 4413 1554 4479; x_wconf 78' lang='lat' dir='ltr'><strong>fuit,</strong></span> <span class='ocrx_word' id='word_1_596' title='bbox 1613 4411 1729 4482; x_wconf 91' lang='lat' dir='ltr'><strong>qui,</strong></span> <span class='ocrx_word' id='word_1_597' title='bbox 1773 4418 1834 4464; x_wconf 90' lang='lat' dir='ltr'><strong>ut</strong></span> <span class='ocrx_word' id='word_1_598' title='bbox 1890 4410 1945 4462; x_wconf 94' lang='lat' dir='ltr'><strong>in</strong></span> <span class='ocrx_word' id='word_1_599' title='bbox 1985 4409 2104 4477; x_wconf 91' lang='lat' dir='ltr'><strong>ejus</strong></span> <span class='ocrx_word' id='word_1_600' title='bbox 2157 4409 2311 4481; x_wconf 66' lang='grc'><strong>48]</strong></span> 
     </span>
    </p>
   </div>
   <div class='ocr_carea' id='block_1_77' title="bbox 2434 3218 4016 3291">
    <p class='ocr_par' dir='ltr' id='par_1_77' title="bbox 2434 3218 4016 3291">
     <span class='ocr_line' id='line_1_77' title="bbox 2434 3218 4016 3291; baseline 0.003 -21"><span class='ocrx_word' id='word_1_601' title='bbox 2434 3218 2597 3287; x_wconf 86' lang='grc' dir='ltr'>μοίως</span> <span class='ocrx_word' id='word_1_602' title='bbox 2619 3219 2674 3270; x_wconf 87' lang='grc' dir='ltr'>δὲ</span> <span class='ocrx_word' id='word_1_603' title='bbox 2705 3219 2799 3271; x_wconf 75' lang='grc' dir='ltr'><strong>καὶ</strong></span> <span class='ocrx_word' id='word_1_604' title='bbox 2824 3220 2882 3271; x_wconf 84' lang='grc' dir='ltr'>ὲν</span> <span class='ocrx_word' id='word_1_605' title='bbox 2924 3220 3098 3290; x_wconf 80' lang='grc' dir='ltr'>ἑτέρῳ</span> <span class='ocrx_word' id='word_1_606' title='bbox 3115 3223 3285 3290; x_wconf 80' lang='grc' dir='ltr'>τόπῳ,</span> <span class='ocrx_word' id='word_1_607' title='bbox 3310 3222 3482 3283; x_wconf 69' lang='grc' dir='ltr'>Αὐτὸς</span> <span class='ocrx_word' id='word_1_608' title='bbox 3513 3223 3891 3275; x_wconf 73' lang='grc' dir='ltr'>ἐπικαλέσεταί</span> <span class='ocrx_word' id='word_1_609' title='bbox 3919 3239 4016 3291; x_wconf 82' lang='grc' dir='ltr'><strong>με,</strong></span> 
     </span>
    </p>
   </div>
   <div class='ocr_carea' id='block_1_78' title="bbox 2427 3303 4013 3380">
    <p class='ocr_par' dir='ltr' id='par_1_78' title="bbox 2427 3303 4013 3380">
     <span class='ocr_line' id='line_1_78' title="bbox 2427 3303 4013 3380; baseline 0.003 -20"><span class='ocrx_word' id='word_1_610' title='bbox 2427 3308 2621 3378; x_wconf 86' lang='grc' dir='ltr'>Πατήρ</span> <span class='ocrx_word' id='word_1_611' title='bbox 2650 3324 2758 3376; x_wconf 84' lang='grc' dir='ltr'><strong>μου</strong></span> <span class='ocrx_word' id='word_1_612' title='bbox 2796 3303 2848 3359; x_wconf 80' lang='grc' dir='ltr'>εἶ</span> <span class='ocrx_word' id='word_1_613' title='bbox 2881 3309 2972 3372; x_wconf 79' lang='grc' dir='ltr'><strong>σὺ,</strong></span> <span class='ocrx_word' id='word_1_614' title='bbox 3013 3310 3135 3362; x_wconf 86' lang='grc' dir='ltr'>τότε</span> <span class='ocrx_word' id='word_1_615' title='bbox 3185 3310 3306 3380; x_wconf 73' lang='grc' dir='ltr'>εἴσῃ</span> <span class='ocrx_word' id='word_1_616' title='bbox 3355 3311 3540 3379; x_wconf 69' lang='grc' dir='ltr'>σαφῶς</span> <span class='ocrx_word' id='word_1_617' title='bbox 3587 3312 3646 3364; x_wconf 81' lang='grc' dir='ltr'><strong>τὸ</strong></span> <span class='ocrx_word' id='word_1_618' title='bbox 3698 3312 4013 3380; x_wconf 61' lang='grc' dir='ltr'>λεγόμενον,</span> 
     </span>
    </p>
   </div>
   <div class='ocr_carea' id='block_1_79' title="bbox 2426 3399 4014 3473">
    <p class='ocr_par' dir='ltr' id='par_1_79' title="bbox 2426 3399 4014 3473">
     <span class='ocr_line' id='line_1_79' title="bbox 2426 3399 4014 3473; baseline 0.001 -21"><span class='ocrx_word' id='word_1_619' title='bbox 2426 3402 2519 3452; x_wconf 74' lang='grc' dir='ltr'><strong>καὶ</strong></span> <span class='ocrx_word' id='word_1_620' title='bbox 2548 3399 2700 3453; x_wconf 77' lang='grc' dir='ltr'>οὐδὲν</span> <span class='ocrx_word' id='word_1_621' title='bbox 2727 3399 2876 3463; x_wconf 80' lang='grc' dir='ltr'>ξένον</span> <span class='ocrx_word' id='word_1_622' title='bbox 2909 3401 3039 3470; x_wconf 77' lang='grc' dir='ltr'>περὶ</span> <span class='ocrx_word' id='word_1_623' title='bbox 3091 3402 3189 3469; x_wconf 79' lang='grc' dir='ltr'>τῆς</span> <span class='ocrx_word' id='word_1_624' title='bbox 3235 3403 3397 3468; x_wconf 84' lang='grc' dir='ltr'>ἁγίας</span> <span class='ocrx_word' id='word_1_625' title='bbox 3448 3402 3675 3471; x_wconf 76' lang='grc' dir='ltr'>Τριάδος</span> <span class='ocrx_word' id='word_1_626' title='bbox 3729 3404 4014 3473; x_wconf 72' lang='grc' dir='ltr'>ὑπολάϐῃς</span> 
     </span>
    </p>
   </div>
   <div class='ocr_carea' id='block_1_80' title="bbox 2425 3490 4010 3564">
    <p class='ocr_par' dir='ltr' id='par_1_80' title="bbox 2425 3490 4010 3564">
     <span class='ocr_line' id='line_1_80' title="bbox 2425 3490 4010 3564; baseline 0.003 -23"><span class='ocrx_word' id='word_1_627' title='bbox 2425 3490 2600 3554; x_wconf 79' lang='grc' dir='ltr'>λέξειν</span> <span class='ocrx_word' id='word_1_628' title='bbox 2643 3493 2815 3562; x_wconf 74' lang='grc' dir='ltr'>ἡμᾶς.</span> <span class='ocrx_word' id='word_1_629' title='bbox 2850 3492 2987 3560; x_wconf 73' lang='grc' dir='ltr'>Περὶ</span> <span class='ocrx_word' id='word_1_630' title='bbox 3031 3493 3088 3544; x_wconf 74' lang='grc' dir='ltr'>δὲ</span> <span class='ocrx_word' id='word_1_631' title='bbox 3147 3493 3240 3545; x_wconf 76' lang='grc' dir='ltr'>τοῦ</span> <span class='ocrx_word' id='word_1_632' title='bbox 3290 3495 3445 3562; x_wconf 85' lang='grc' dir='ltr'>ἁγίου</span> <span class='ocrx_word' id='word_1_633' title='bbox 3485 3495 3798 3564; x_wconf 79' lang='grc' dir='ltr'>Πνεύματος</span> <span class='ocrx_word' id='word_1_634' title='bbox 3842 3496 4010 3547; x_wconf 76' lang='grc' dir='ltr'>ἄκουε</span> 
     </span>
    </p>
   </div>
   <div class='ocr_carea' id='block_1_81' title="bbox 2427 3581 4012 3654">
    <p class='ocr_par' dir='ltr' id='par_1_81' title="bbox 2427 3581 4012 3654">
     <span class='ocr_line' id='line_1_81' title="bbox 2427 3581 4012 3654; baseline 0.003 -21"><span class='ocrx_word' id='word_1_635' title='bbox 2427 3581 2591 3634; x_wconf 84' lang='grc' dir='ltr'>πάλιν</span> <span class='ocrx_word' id='word_1_636' title='bbox 2618 3583 2712 3634; x_wconf 78' lang='grc' dir='ltr'>τοῦ</span> <span class='ocrx_word' id='word_1_637' title='bbox 2744 3585 3029 3654; x_wconf 77' lang='grc' dir='ltr'>προφήτου</span> <span class='ocrx_word' id='word_1_638' title='bbox 3067 3600 3160 3636; x_wconf 88' lang='grc' dir='ltr'><strong>σου</strong></span> <span class='ocrx_word' id='word_1_639' title='bbox 3183 3584 3433 3652; x_wconf 87' lang='grc' dir='ltr'>λέγοντος</span> <span class='ocrx_word' id='word_1_640' title='bbox 3456 3587 3550 3638; x_wconf 73' lang='grc' dir='ltr'>καὶ</span> <span class='ocrx_word' id='word_1_641' title='bbox 3583 3587 3896 3654; x_wconf 69' lang='grc' dir='ltr'>εὐχομένου·</span> <span class='ocrx_word' id='word_1_642' title='bbox 3934 3587 4012 3638; x_wconf 78' lang='grc' dir='ltr'>Τὸ</span> 
     </span>
    </p>
   </div>
   <div class='ocr_carea' id='block_1_82' title="bbox 2425 3673 4014 3748">
    <p class='ocr_par' dir='ltr' id='par_1_82' title="bbox 2425 3673 4014 3748">
     <span class='ocr_line' id='line_1_82' title="bbox 2425 3673 4014 3748; baseline 0.001 -23"><span class='ocrx_word' id='word_1_643' title='bbox 2425 3673 2652 3742; x_wconf 74' lang='grc' dir='ltr'>Πνεῦμα</span> <span class='ocrx_word' id='word_1_644' title='bbox 2679 3690 2772 3726; x_wconf 86' lang='grc' dir='ltr'><strong>σου</strong></span> <span class='ocrx_word' id='word_1_645' title='bbox 2803 3675 2862 3726; x_wconf 88' lang='grc' dir='ltr'><strong>τὸ</strong></span> <span class='ocrx_word' id='word_1_646' title='bbox 2894 3674 3049 3742; x_wconf 77' lang='grc' dir='ltr'>ἅγιον</span> <span class='ocrx_word' id='word_1_647' title='bbox 3087 3676 3162 3746; x_wconf 81' lang='grc' dir='ltr'>μὴ</span> <span class='ocrx_word' id='word_1_648' title='bbox 3220 3678 3518 3748; x_wconf 74' lang='grc' dir='ltr'>ἀντανέλης</span> <span class='ocrx_word' id='word_1_649' title='bbox 3553 3678 3647 3729; x_wconf 86' lang='grc' dir='ltr'>ἀπ’</span> <span class='ocrx_word' id='word_1_650' title='bbox 3692 3676 3847 3745; x_wconf 76' lang='grc' dir='ltr'>ἐμοῦ.</span> <span class='ocrx_word' id='word_1_651' title='bbox 3894 3676 4014 3728; x_wconf 75' lang='grc' dir='ltr'><strong>Καὶ</strong></span> 
     </span>
    </p>
   </div>
   <div class='ocr_carea' id='block_1_83' title="bbox 2426 3763 4009 3836">
    <p class='ocr_par' dir='ltr' id='par_1_83' title="bbox 2426 3763 4009 3836">
     <span class='ocr_line' id='line_1_83' title="bbox 2426 3763 4009 3836; baseline 0.003 -21"><span class='ocrx_word' id='word_1_652' title='bbox 2426 3763 2590 3817; x_wconf 87' lang='grc' dir='ltr'>πάλιν</span> <span class='ocrx_word' id='word_1_653' title='bbox 2611 3765 2640 3816; x_wconf 81' lang='grc' dir='ltr'>ὁ</span> <span class='ocrx_word' id='word_1_654' title='bbox 2662 3765 2846 3828; x_wconf 85' lang='grc' dir='ltr'>αὐτός’</span> <span class='ocrx_word' id='word_1_655' title='bbox 2886 3766 2998 3817; x_wconf 78' lang='grc' dir='ltr'><strong>Καὶ</strong></span> <span class='ocrx_word' id='word_1_656' title='bbox 3026 3766 3104 3834; x_wconf 84' lang='grc' dir='ltr'><strong>τῷ</strong></span> <span class='ocrx_word' id='word_1_657' title='bbox 3133 3769 3404 3836; x_wconf 66' lang='grc' dir='ltr'>πνεύματι</span> <span class='ocrx_word' id='word_1_658' title='bbox 3431 3768 3524 3820; x_wconf 79' lang='grc' dir='ltr'>τοῦ</span> <span class='ocrx_word' id='word_1_659' title='bbox 3556 3768 3820 3836; x_wconf 83' lang='grc' dir='ltr'>στόματος</span> <span class='ocrx_word' id='word_1_660' title='bbox 3841 3767 4009 3819; x_wconf 67' lang='grc' dir='ltr'>αὑτοῦ</span> 
     </span>
    </p>
   </div>
   <div class='ocr_carea' id='block_1_84' title="bbox 2428 3855 4012 3929">
    <p class='ocr_par' dir='ltr' id='par_1_84' title="bbox 2428 3855 4012 3929">
     <span class='ocr_line' id='line_1_84' title="bbox 2428 3855 4012 3929; baseline 0.001 -21"><span class='ocrx_word' id='word_1_661' title='bbox 2428 3857 2580 3908; x_wconf 81' lang='grc' dir='ltr'>πᾶσα</span> <span class='ocrx_word' id='word_1_662' title='bbox 2625 3857 2658 3924; x_wconf 80' lang='grc' dir='ltr'><strong>ἡ</strong></span> <span class='ocrx_word' id='word_1_663' title='bbox 2709 3855 2940 3926; x_wconf 86' lang='grc' dir='ltr'>δύναμις</span> <span class='ocrx_word' id='word_1_664' title='bbox 3010 3858 3212 3922; x_wconf 81' lang='grc' dir='ltr'>αὐτῶν,</span> <span class='ocrx_word' id='word_1_665' title='bbox 3267 3861 3514 3913; x_wconf 79' lang='grc' dir='ltr'>τουτέστι</span> <span class='ocrx_word' id='word_1_666' title='bbox 3573 3860 3682 3912; x_wconf 79' lang='grc' dir='ltr'><strong>τῶν</strong></span> <span class='ocrx_word' id='word_1_667' title='bbox 3738 3859 4012 3929; x_wconf 64' lang='grc' dir='ltr'>οὶρανίων</span> 
     </span>
    </p>
   </div>
   <div class='ocr_carea' id='block_1_85' title="bbox 2426 3943 4010 4016">
    <p class='ocr_par' dir='ltr' id='par_1_85' title="bbox 2426 3943 4010 4016">
     <span class='ocr_line' id='line_1_85' title="bbox 2426 3943 4010 4016; baseline 0.003 -20"><span class='ocrx_word' id='word_1_668' title='bbox 2426 3943 2734 4013; x_wconf 88' lang='grc' dir='ltr'>δυνάμεων.</span> <span class='ocrx_word' id='word_1_669' title='bbox 2775 3947 3186 4008; x_wconf 82' lang='grc' dir='ltr'>Κωνσταντῖνος</span> <span class='ocrx_word' id='word_1_670' title='bbox 3217 3948 3525 4014; x_wconf 72' lang='grc' dir='ltr'>Αὔγουστος</span> <span class='ocrx_word' id='word_1_671' title='bbox 3549 3943 3690 4000; x_wconf 71' lang='grc' dir='ltr'>εἰπε·</span> <span class='ocrx_word' id='word_1_672' title='bbox 3727 3948 4010 4016; x_wconf 65' lang='grc' dir='ltr'>Θαυμάζω</span> 
     </span>
    </p>
   </div>
   <div class='ocr_carea' id='block_1_86' title="bbox 2424 4035 4005 4107">
    <p class='ocr_par' dir='ltr' id='par_1_86' title="bbox 2424 4035 4005 4107">
     <span class='ocr_line' id='line_1_86' title="bbox 2424 4035 4005 4107; baseline 0 -18"><span class='ocrx_word' id='word_1_673' title='bbox 2424 4037 2534 4089; x_wconf 82' lang='grc' dir='ltr'>τῶν</span> <span class='ocrx_word' id='word_1_674' title='bbox 2564 4035 2838 4090; x_wconf 85' lang='grc' dir='ltr'>Ἰουδαίων</span> <span class='ocrx_word' id='word_1_675' title='bbox 2870 4038 2931 4089; x_wconf 84' lang='grc' dir='ltr'><strong>τὸ</strong></span> <span class='ocrx_word' id='word_1_676' title='bbox 2969 4038 3322 4107; x_wconf 76' lang='grc' dir='ltr'>ἀναίσχυντον</span> <span class='ocrx_word' id='word_1_677' title='bbox 3341 4055 3354 4069; x_wconf 88' lang='grc'><strong>·</strong></span> <span class='ocrx_word' id='word_1_678' title='bbox 3399 4040 3506 4092; x_wconf 80' lang='grc' dir='ltr'><strong>ἀπὸ</strong></span> <span class='ocrx_word' id='word_1_679' title='bbox 3543 4041 3729 4091; x_wconf 77' lang='grc' dir='ltr'>πατῶν</span> <span class='ocrx_word' id='word_1_680' title='bbox 3757 4039 3864 4107; x_wconf 80' lang='grc' dir='ltr'>γὰρ</span> <span class='ocrx_word' id='word_1_681' title='bbox 3894 4039 4005 4090; x_wconf 81' lang='grc' dir='ltr'>τῶν</span> 
     </span>
    </p>
   </div>
   <div class='ocr_carea' id='block_1_87' title="bbox 2426 4125 4007 4199">
    <p class='ocr_par' dir='ltr' id='par_1_87' title="bbox 2426 4125 4007 4199">
     <span class='ocr_line' id='line_1_87' title="bbox 2426 4125 4007 4199; baseline 0.001 -21"><span class='ocrx_word' id='word_1_682' title='bbox 2426 4125 2642 4179; x_wconf 81' lang='grc' dir='ltr'>οἰκείων</span> <span class='ocrx_word' id='word_1_683' title='bbox 2720 4127 2954 4196; x_wconf 78' lang='grc' dir='ltr'>Γραφῶν</span> <span class='ocrx_word' id='word_1_684' title='bbox 3017 4129 3373 4198; x_wconf 78' lang='grc' dir='ltr'>πολυτρόπως</span> <span class='ocrx_word' id='word_1_685' title='bbox 3448 4129 3755 4199; x_wconf 71' lang='grc' dir='ltr'>ἡττώμενοι</span> <span class='ocrx_word' id='word_1_686' title='bbox 3817 4127 4007 4196; x_wconf 72' lang='grc' dir='ltr'>ἀκμὴν</span> 
     </span>
    </p>
   </div>
   <div class='ocr_carea' id='block_1_88' title="bbox 2429 4216 4005 4289">
    <p class='ocr_par' dir='ltr' id='par_1_88' title="bbox 2429 4216 4005 4289">
     <span class='ocr_line' id='line_1_88' title="bbox 2429 4216 4005 4289; baseline -0.001 -20"><span class='ocrx_word' id='word_1_687' title='bbox 2429 4216 2643 4269; x_wconf 86' lang='grc' dir='ltr'>θέλουσί</span> <span class='ocrx_word' id='word_1_688' title='bbox 2693 4234 2815 4269; x_wconf 91' lang='grc' dir='ltr'>τινα</span> <span class='ocrx_word' id='word_1_689' title='bbox 2867 4218 3008 4272; x_wconf 88' lang='grc' dir='ltr'><strong>κατά</strong></span> <span class='ocrx_word' id='word_1_690' title='bbox 3058 4219 3156 4288; x_wconf 82' lang='grc' dir='ltr'><strong>τῆς</strong></span> <span class='ocrx_word' id='word_1_691' title='bbox 3199 4219 3458 4289; x_wconf 78' lang='grc' dir='ltr'>ἀληθείας</span> <span class='ocrx_word' id='word_1_692' title='bbox 3502 4221 3805 4289; x_wconf 74' lang='grc' dir='ltr'>ἐπιζητεῖν.</span> <span class='ocrx_word' id='word_1_693' title='bbox 3838 4219 4005 4270; x_wconf 84' lang='grc' dir='ltr'>Ὅθεν</span> 
     </span>
    </p>
   </div>
   <div class='ocr_carea' id='block_1_89' title="bbox 2425 4305 4003 4376">
    <p class='ocr_par' dir='ltr' id='par_1_89' title="bbox 2425 4305 4003 4376">
     <span class='ocr_line' id='line_1_89' title="bbox 2425 4305 4003 4376; baseline 0.002 -19"><span class='ocrx_word' id='word_1_694' title='bbox 2425 4305 2549 4358; x_wconf 74' lang='grc' dir='ltr'>ἐπεὶ</span> <span class='ocrx_word' id='word_1_695' title='bbox 2579 4305 2709 4375; x_wconf 75' lang='grc' dir='ltr'>περὶ</span> <span class='ocrx_word' id='word_1_696' title='bbox 2737 4310 2833 4359; x_wconf 81' lang='grc' dir='ltr'><strong>τοῦ</strong></span> <span class='ocrx_word' id='word_1_697' title='bbox 2867 4307 3102 4376; x_wconf 88' lang='grc' dir='ltr'>Πατρὸς,</span> <span class='ocrx_word' id='word_1_698' title='bbox 3143 4309 3236 4360; x_wconf 76' lang='grc' dir='ltr'>καὶ</span> <span class='ocrx_word' id='word_1_699' title='bbox 3266 4309 3360 4361; x_wconf 74' lang='grc' dir='ltr'>τοῦ</span> <span class='ocrx_word' id='word_1_700' title='bbox 3405 4309 3556 4373; x_wconf 78' lang='grc' dir='ltr'>Υίοῦ,</span> <span class='ocrx_word' id='word_1_701' title='bbox 3593 4314 3687 4361; x_wconf 56' lang='grc' dir='ltr'><strong>καῖ⁸</strong></span> <span class='ocrx_word' id='word_1_702' title='bbox 3719 4308 3808 4361; x_wconf 75' lang='grc' dir='ltr'>τοῦ</span> <span class='ocrx_word' id='word_1_703' title='bbox 3842 4309 4003 4376; x_wconf 79' lang='grc' dir='ltr'>ἁγίου</span> 
     </span>
    </p>
   </div>
   <div class='ocr_carea' id='block_1_90' title="bbox 2427 4396 4004 4468">
    <p class='ocr_par' dir='ltr' id='par_1_90' title="bbox 2427 4396 4004 4468">
     <span class='ocr_line' id='line_1_90' title="bbox 2427 4396 4004 4468; baseline 0.001 -20"><span class='ocrx_word' id='word_1_704' title='bbox 2427 4396 2744 4467; x_wconf 81' lang='grc' dir='ltr'>Πνεύματος</span> <span class='ocrx_word' id='word_1_705' title='bbox 2778 4397 2840 4450; x_wconf 91' lang='grc' dir='ltr'><strong>τὸ</strong></span> <span class='ocrx_word' id='word_1_706' title='bbox 2874 4398 3056 4450; x_wconf 78' lang='grc' dir='ltr'>ἱκανὸν</span> <span class='ocrx_word' id='word_1_707' title='bbox 3087 4399 3332 4466; x_wconf 87' lang='grc' dir='ltr'>γέγονεν,</span> <span class='ocrx_word' id='word_1_708' title='bbox 3364 4400 3416 4452; x_wconf 82' lang='grc' dir='ltr'>ετ</span> <span class='ocrx_word' id='word_1_709' title='bbox 3455 4417 3508 4452; x_wconf 85' lang='grc' dir='ltr'><strong>τι</strong></span> <span class='ocrx_word' id='word_1_710' title='bbox 3554 4401 3719 4468; x_wconf 81' lang='grc' dir='ltr'>’ἑτερά</span> <span class='ocrx_word' id='word_1_711' title='bbox 3752 4402 3854 4450; x_wconf 81' lang='grc' dir='ltr'>εἰσι</span> <span class='ocrx_word' id='word_1_712' title='bbox 3891 4400 4004 4450; x_wconf 80' lang='grc' dir='ltr'>δει-</span> 
     </span>
    </p>
   </div>
   <div class='ocr_carea' id='block_1_91' title="bbox 747 4485 2424 4577">
    <p class='ocr_par' dir='ltr' id='par_1_91' title="bbox 747 4485 2400 4577">
     <span class='ocr_line' id='line_1_91' title="bbox 747 4485 2400 4577; baseline -0.003 -16"><span class='ocrx_word' id='word_1_713' title='bbox 747 4485 1060 4577; x_wconf 57' lang='grc' dir='ltr'>Ενέιιεοιίἱε</span> <span class='ocrx_word' id='word_1_714' title='bbox 1094 4485 1451 4570; x_wconf 76' lang='lat' dir='ltr'><strong>describitur,</strong></span> <span class='ocrx_word' id='word_1_715' title='bbox 1482 4511 1695 4558; x_wconf 86' lang='lat' dir='ltr'><strong>statura</strong></span> <span class='ocrx_word' id='word_1_716' title='bbox 1728 4508 1782 4554; x_wconf 89' lang='lat' dir='ltr'><strong>et</strong></span> <span class='ocrx_word' id='word_1_717' title='bbox 1813 4501 2080 4570; x_wconf 88' lang='lat' dir='ltr'><strong>sapientia</strong></span> <span class='ocrx_word' id='word_1_718' title='bbox 2115 4501 2320 4564; x_wconf 84' lang='lat' dir='ltr'><strong>crevit;</strong></span> <span class='ocrx_word' id='word_1_719' title='bbox 2354 4500 2400 4556; x_wconf 93' lang='lat' dir='ltr'><strong>D</strong></span> 
     </span>
    </p>
   </div>
   <div class='ocr_carea' id='block_1_92' title="bbox 2322 4485 3999 4577">
    <p class='ocr_par' dir='ltr' id='par_1_92' title="bbox 2354 4485 3999 4560">
     <span class='ocr_line' id='line_1_92' title="bbox 2354 4485 3999 4560; baseline -0.001 -19"><span class='ocrx_word' id='word_1_720' title='bbox 2354 4500 2400 4556; x_wconf 82' lang='grc' dir='ltr'><strong>ι)</strong></span> <span class='ocrx_word' id='word_1_721' title='bbox 2430 4491 2584 4554; x_wconf 84' lang='grc' dir='ltr'>κτέα,</span> <span class='ocrx_word' id='word_1_722' title='bbox 2627 4491 3146 4560; x_wconf 83' lang='grc' dir='ltr'>προσφερέσθωσαν.</span> <span class='ocrx_word' id='word_1_723' title='bbox 3199 4491 3446 4553; x_wconf 86' lang='grc' dir='ltr'>Γοδολίας</span> <span class='ocrx_word' id='word_1_724' title='bbox 3510 4491 3758 4552; x_wconf 80' lang='grc' dir='ltr'>Ἰουδαῖος</span> <span class='ocrx_word' id='word_1_725' title='bbox 3823 4485 3999 4541; x_wconf 63' lang='grc' dir='ltr'>εἶπεν·</span> 
     </span>
    </p>
   </div>
   <div class='ocr_carea' id='block_1_93' title="bbox 745 4591 2321 4668">
    <p class='ocr_par' dir='ltr' id='par_1_93' title="bbox 745 4591 2321 4668">
     <span class='ocr_line' id='line_1_93' title="bbox 745 4591 2321 4668; baseline -0.004 -20"><span class='ocrx_word' id='word_1_726' title='bbox 745 4600 837 4668; x_wconf 86' lang='lat' dir='ltr'><strong>qui</strong></span> <span class='ocrx_word' id='word_1_727' title='bbox 870 4613 898 4651; x_wconf 90' lang='lat' dir='ltr'><strong>a</strong></span> <span class='ocrx_word' id='word_1_728' title='bbox 931 4597 1152 4652; x_wconf 86' lang='lat' dir='ltr'><strong>diabolo</strong></span> <span class='ocrx_word' id='word_1_729' title='bbox 1183 4605 1450 4661; x_wconf 90' lang='lat' dir='ltr'><strong>tentatus,</strong></span> <span class='ocrx_word' id='word_1_730' title='bbox 1488 4605 1676 4664; x_wconf 89' lang='lat' dir='ltr'><strong>postea</strong></span> <span class='ocrx_word' id='word_1_731' title='bbox 1712 4591 1974 4661; x_wconf 89' lang='lat' dir='ltr'><strong>temporis</strong></span> <span class='ocrx_word' id='word_1_732' title='bbox 2005 4605 2034 4642; x_wconf 87' lang='lat' dir='ltr'><strong>a</strong></span> <span class='ocrx_word' id='word_1_733' title='bbox 2069 4605 2168 4643; x_wconf 94' lang='lat' dir='ltr'><strong>suo</strong></span> <span class='ocrx_word' id='word_1_734' title='bbox 2193 4604 2321 4659; x_wconf 90' lang='lat' dir='ltr'><strong>pro-</strong></span> 
     </span>
    </p>
   </div>
   <div class='ocr_carea' id='block_1_94' title="bbox 746 4681 2321 4754">
    <p class='ocr_par' dir='ltr' id='par_1_94' title="bbox 746 4681 2321 4754">
     <span class='ocr_line' id='line_1_94' title="bbox 746 4681 2321 4754; baseline -0.004 -14"><span class='ocrx_word' id='word_1_735' title='bbox 746 4690 894 4741; x_wconf 88' lang='lat' dir='ltr'><strong>ditus</strong></span> <span class='ocrx_word' id='word_1_736' title='bbox 927 4687 1218 4754; x_wconf 84' lang='lat' dir='ltr'><strong>discipulo,</strong></span> <span class='ocrx_word' id='word_1_737' title='bbox 1253 4686 1511 4747; x_wconf 90' lang='lat' dir='ltr'><strong>traditus,</strong></span> <span class='ocrx_word' id='word_1_738' title='bbox 1573 4693 1788 4753; x_wconf 91' lang='lat' dir='ltr'><strong>captus,</strong></span> <span class='ocrx_word' id='word_1_739' title='bbox 1825 4683 2044 4746; x_wconf 90' lang='lat' dir='ltr'><strong>illusus,</strong></span> <span class='ocrx_word' id='word_1_740' title='bbox 2084 4681 2321 4751; x_wconf 82' lang='lat' dir='ltr'><strong>ﬂagella-</strong></span> 
     </span>
    </p>
   </div>
   <div class='ocr_carea' id='block_1_95' title="bbox 748 4771 2316 4840">
    <p class='ocr_par' dir='ltr' id='par_1_95' title="bbox 748 4771 2316 4840">
     <span class='ocr_line' id='line_1_95' title="bbox 748 4771 2316 4840; baseline 0 -16"><span class='ocrx_word' id='word_1_741' title='bbox 748 4783 854 4834; x_wconf 89' lang='lat' dir='ltr'><strong>tus,</strong></span> <span class='ocrx_word' id='word_1_742' title='bbox 884 4772 1008 4825; x_wconf 81' lang='lat' dir='ltr'><strong>l‘elle</strong></span> <span class='ocrx_word' id='word_1_743' title='bbox 1032 4775 1254 4826; x_wconf 90' lang='lat' dir='ltr'><strong>mistum</strong></span> <span class='ocrx_word' id='word_1_744' title='bbox 1295 4781 1512 4825; x_wconf 88' lang='lat' dir='ltr'><strong>acetum</strong></span> <span class='ocrx_word' id='word_1_745' title='bbox 1541 4780 1785 4840; x_wconf 86' lang='lat' dir='ltr'><strong>potatus,</strong></span> <span class='ocrx_word' id='word_1_746' title='bbox 1805 4771 1978 4838; x_wconf 88' lang='lat' dir='ltr'><strong>spinis</strong></span> <span class='ocrx_word' id='word_1_747' title='bbox 1998 4781 2316 4834; x_wconf 89' lang='lat' dir='ltr'><strong>coronatus,</strong></span> 
     </span>
    </p>
   </div>
   <div class='ocr_carea' id='block_1_96' title="bbox 746 4861 2316 4928">
    <p class='ocr_par' dir='ltr' id='par_1_96' title="bbox 746 4861 2316 4928">
     <span class='ocr_line' id='line_1_96' title="bbox 746 4861 2316 4928; baseline -0.001 -14"><span class='ocrx_word' id='word_1_748' title='bbox 746 4861 1002 4924; x_wconf 89' lang='lat' dir='ltr'><strong>nudatus,</strong></span> <span class='ocrx_word' id='word_1_749' title='bbox 1061 4861 1310 4916; x_wconf 81' lang='lat' dir='ltr'><strong>vestibus</strong></span> <span class='ocrx_word' id='word_1_750' title='bbox 1357 4861 1475 4914; x_wconf 88' lang='lat' dir='ltr'><strong>suis</strong></span> <span class='ocrx_word' id='word_1_751' title='bbox 1521 4869 1668 4915; x_wconf 91' lang='lat' dir='ltr'><strong>sorte</strong></span> <span class='ocrx_word' id='word_1_752' title='bbox 1724 4861 1938 4923; x_wconf 78' lang='lat' dir='ltr'><strong>divisis,</strong></span> <span class='ocrx_word' id='word_1_753' title='bbox 1983 4861 2100 4928; x_wconf 90' lang='lat' dir='ltr'><strong>ipse</strong></span> <span class='ocrx_word' id='word_1_754' title='bbox 2165 4861 2316 4913; x_wconf 88' lang='lat' dir='ltr'><strong>cruci</strong></span> 
     </span>
    </p>
   </div>
   <div class='ocr_carea' id='block_1_97' title="bbox 747 4950 2318 5020">
    <p class='ocr_par' dir='ltr' id='par_1_97' title="bbox 747 4950 2318 5020">
     <span class='ocr_line' id='line_1_97' title="bbox 747 4950 2318 5020; baseline 0.002 -16"><span class='ocrx_word' id='word_1_755' title='bbox 747 4953 908 5017; x_wconf 82' lang='lat' dir='ltr'><strong>lixus,</strong></span> <span class='ocrx_word' id='word_1_756' title='bbox 963 4961 1215 5006; x_wconf 88' lang='lat' dir='ltr'><strong>mortuus</strong></span> <span class='ocrx_word' id='word_1_757' title='bbox 1264 4960 1319 5006; x_wconf 87' lang='lat' dir='ltr'><strong>et</strong></span> <span class='ocrx_word' id='word_1_758' title='bbox 1365 4951 1610 5020; x_wconf 88' lang='lat' dir='ltr'><strong>sepultus</strong></span> <span class='ocrx_word' id='word_1_759' title='bbox 1644 4958 1746 5005; x_wconf 93' lang='lat' dir='ltr'><strong>est.</strong></span> <span class='ocrx_word' id='word_1_760' title='bbox 1787 4950 2060 5008; x_wconf 71' lang='lat' dir='ltr'><strong>,Silrester</strong></span> <span class='ocrx_word' id='word_1_761' title='bbox 2095 4966 2108 5002; x_wconf 91' lang='lat'>:</span> <span class='ocrx_word' id='word_1_762' title='bbox 2145 4950 2318 5008; x_wconf 84' lang='lat' dir='ltr'><strong>Hodie</strong></span> 
     </span>
    </p>
   </div>
   <div class='ocr_carea' id='block_1_98' title="bbox 745 5039 2307 5097">
    <p class='ocr_par' dir='ltr' id='par_1_98' title="bbox 745 5039 2307 5097">
     <span class='ocr_line' id='line_1_98' title="bbox 745 5039 2307 5097; baseline -0.002 -1"><span class='ocrx_word' id='word_1_763' title='bbox 745 5042 1245 5097; x_wconf 85' lang='lat' dir='ltr'><strong>demonstrabimus</strong></span> <span class='ocrx_word' id='word_1_764' title='bbox 1289 5042 1404 5096; x_wconf 76' lang='lat' dir='ltr'><strong>haec</strong></span> <span class='ocrx_word' id='word_1_765' title='bbox 1434 5056 1466 5094; x_wconf 88' lang='lat' dir='ltr'><strong>a</strong></span> <span class='ocrx_word' id='word_1_766' title='bbox 1501 5041 1716 5096; x_wconf 79' lang='lat' dir='ltr'><strong>vatibus</strong></span> <span class='ocrx_word' id='word_1_767' title='bbox 1749 5040 1815 5095; x_wconf 89' lang='lat' dir='ltr'><strong>de</strong></span> <span class='ocrx_word' id='word_1_768' title='bbox 1847 5039 2070 5094; x_wconf 87' lang='lat' dir='ltr'><strong>Christo</strong></span> <span class='ocrx_word' id='word_1_769' title='bbox 2127 5043 2307 5095; x_wconf 86' lang='lat' dir='ltr'><strong>omnia</strong></span> 
     </span>
    </p>
   </div>
   <div class='ocr_carea' id='block_1_99' title="bbox 744 5127 2311 5201">
    <p class='ocr_par' dir='ltr' id='par_1_99' title="bbox 744 5127 2311 5201">
     <span class='ocr_line' id='line_1_99' title="bbox 744 5127 2311 5201; baseline -0.001 -16"><span class='ocrx_word' id='word_1_770' title='bbox 744 5147 869 5186; x_wconf 88' lang='lat' dir='ltr'><strong>esse</strong></span> <span class='ocrx_word' id='word_1_771' title='bbox 902 5131 1161 5201; x_wconf 64' lang='lat' dir='ltr'><strong>prmdieta</strong></span> <span class='ocrx_word' id='word_1_772' title='bbox 1188 5144 1252 5184; x_wconf 88' lang='lat' dir='ltr'><strong>ac</strong></span> <span class='ocrx_word' id='word_1_773' title='bbox 1279 5131 1616 5198; x_wconf 84' lang='lat' dir='ltr'><strong>praescripta.</strong></span> <span class='ocrx_word' id='word_1_774' title='bbox 1651 5128 1726 5182; x_wconf 83' lang='lat' dir='ltr'><strong>De</strong></span> <span class='ocrx_word' id='word_1_775' title='bbox 1772 5128 2059 5182; x_wconf 74' lang='lat' dir='ltr'><strong>nativitate</strong></span> <span class='ocrx_word' id='word_1_776' title='bbox 2104 5127 2311 5184; x_wconf 86' lang='lat' dir='ltr'><strong>Christi</strong></span> 
     </span>
    </p>
   </div>
   <div class='ocr_carea' id='block_1_100' title="bbox 744 5217 2309 5289">
    <p class='ocr_par' dir='ltr' id='par_1_100' title="bbox 744 5217 2309 5289">
     <span class='ocr_line' id='line_1_100' title="bbox 744 5217 2309 5289; baseline -0.001 -13"><span class='ocrx_word' id='word_1_777' title='bbox 744 5221 934 5276; x_wconf 87' lang='lat' dir='ltr'><strong>lsaias.</strong></span> <span class='ocrx_word' id='word_1_778' title='bbox 966 5221 1108 5276; x_wconf 77' lang='lat' dir='ltr'><strong>Ecce</strong></span> <span class='ocrx_word' id='word_1_779' title='bbox 1158 5218 1326 5289; x_wconf 80' lang='lat' dir='ltr'><strong>Virgo</strong></span> <span class='ocrx_word' id='word_1_780' title='bbox 1360 5231 1572 5274; x_wconf 88' lang='lat' dir='ltr'><strong>uterum</strong></span> <span class='ocrx_word' id='word_1_781' title='bbox 1619 5218 1776 5284; x_wconf 80' lang='lat' dir='ltr'><strong>feret,</strong></span> <span class='ocrx_word' id='word_1_782' title='bbox 1809 5227 1864 5273; x_wconf 88' lang='lat' dir='ltr'><strong>et</strong></span> <span class='ocrx_word' id='word_1_783' title='bbox 1901 5217 2071 5271; x_wconf 81' lang='lat' dir='ltr'><strong>lilium</strong></span> <span class='ocrx_word' id='word_1_784' title='bbox 2109 5221 2309 5288; x_wconf 86' lang='lat' dir='ltr'><strong>pariet.</strong></span> 
     </span>
    </p>
   </div>
   <div class='ocr_carea' id='block_1_101' title="bbox 743 5309 2317 5382">
    <p class='ocr_par' dir='ltr' id='par_1_101' title="bbox 743 5309 2317 5382">
     <span class='ocr_line' id='line_1_101' title="bbox 743 5309 2317 5382; baseline 0 -15"><span class='ocrx_word' id='word_1_785' title='bbox 743 5313 904 5382; x_wconf 88' lang='lat' dir='ltr'><strong>cujus</strong></span> <span class='ocrx_word' id='word_1_786' title='bbox 956 5328 1151 5368; x_wconf 83' lang='lat' dir='ltr'><strong>nOmeu</strong></span> <span class='ocrx_word' id='word_1_787' title='bbox 1209 5313 1428 5367; x_wconf 85' lang='lat' dir='ltr'><strong>dicetur</strong></span> <span class='ocrx_word' id='word_1_788' title='bbox 1455 5312 1860 5366; x_wconf 79' lang='lat' dir='ltr'><strong>Emmanuel&quot;.</strong></span> <span class='ocrx_word' id='word_1_789' title='bbox 1915 5309 2074 5375; x_wconf 87' lang='lat' dir='ltr'><strong>Quod</strong></span> <span class='ocrx_word' id='word_1_790' title='bbox 2133 5321 2317 5367; x_wconf 90' lang='lat' dir='ltr'><strong>autem</strong></span> 
     </span>
    </p>
   </div>
   <div class='ocr_carea' id='block_1_102' title="bbox 741 5403 2316 5468">
    <p class='ocr_par' dir='ltr' id='par_1_102' title="bbox 741 5403 2316 5468">
     <span class='ocr_line' id='line_1_102' title="bbox 741 5403 2316 5468; baseline 0.001 -9"><span class='ocrx_word' id='word_1_791' title='bbox 741 5405 888 5459; x_wconf 87' lang='lat' dir='ltr'><strong>inter</strong></span> <span class='ocrx_word' id='word_1_792' title='bbox 927 5403 1176 5458; x_wconf 90' lang='lat' dir='ltr'><strong>homines</strong></span> <span class='ocrx_word' id='word_1_793' title='bbox 1227 5405 1394 5459; x_wconf 83' lang='lat' dir='ltr'><strong>fuerit</strong></span> <span class='ocrx_word' id='word_1_794' title='bbox 1428 5410 1771 5468; x_wconf 87' lang='lat' dir='ltr'><strong>versaturns,</strong></span> <span class='ocrx_word' id='word_1_795' title='bbox 1821 5404 1949 5456; x_wconf 78' lang='lat' dir='ltr'><strong>audi</strong></span> <span class='ocrx_word' id='word_1_796' title='bbox 2005 5405 2316 5460; x_wconf 84' lang='lat' dir='ltr'><strong>Baruchurn</strong></span> 
     </span>
    </p>
   </div>
   <div class='ocr_carea' id='block_1_103' title="bbox 740 5496 2311 5565">
    <p class='ocr_par' dir='ltr' id='par_1_103' title="bbox 740 5496 2311 5565">
     <span class='ocr_line' id='line_1_103' title="bbox 740 5496 2311 5565; baseline 0.003 -16"><span class='ocrx_word' id='word_1_797' title='bbox 740 5496 1148 5551; x_wconf 81' lang='lat' dir='ltr'><strong>vaticinantem.</strong></span> <span class='ocrx_word' id='word_1_798' title='bbox 1178 5496 1279 5551; x_wconf 85' lang='lat' dir='ltr'><strong>Hic</strong></span> <span class='ocrx_word' id='word_1_799' title='bbox 1311 5507 1392 5554; x_wconf 91' lang='lat' dir='ltr'><strong>est</strong></span> <span class='ocrx_word' id='word_1_800' title='bbox 1421 5496 1567 5554; x_wconf 86' lang='lat' dir='ltr'><strong>Deus</strong></span> <span class='ocrx_word' id='word_1_801' title='bbox 1600 5503 1809 5563; x_wconf 88' lang='lat' dir='ltr'><strong>noster,</strong></span> <span class='ocrx_word' id='word_1_802' title='bbox 1835 5511 2011 5565; x_wconf 88' lang='lat' dir='ltr'><strong>neque</strong></span> <span class='ocrx_word' id='word_1_803' title='bbox 2049 5498 2191 5553; x_wconf 87' lang='lat' dir='ltr'><strong>alius</strong></span> <span class='ocrx_word' id='word_1_804' title='bbox 2223 5513 2311 5554; x_wconf 91' lang='lat' dir='ltr'><strong>re-</strong></span> 
     </span>
    </p>
   </div>
   <div class='ocr_carea' id='block_1_104' title="bbox 1498 5699 1911 5766">
    <p class='ocr_par' dir='ltr' id='par_1_104' title="bbox 1498 5699 1911 5766">
     <span class='ocr_line' id='line_1_104' title="bbox 1498 5699 1911 5766; baseline -0.005 -10"><span class='ocrx_word' id='word_1_805' title='bbox 1498 5704 1542 5733; x_wconf 82' lang='lat'>“</span> <span class='ocrx_word' id='word_1_806' title='bbox 1575 5701 1720 5756; x_wconf 77' lang='lat' dir='ltr'><strong>Psa..</strong></span> <span class='ocrx_word' id='word_1_807' title='bbox 1763 5717 1823 5766; x_wconf 88' lang='grc' dir='ltr'><strong>ιι,</strong></span> <span class='ocrx_word' id='word_1_808' title='bbox 1857 5699 1911 5752; x_wconf 83' lang='lat'><strong>7.</strong></span> 
     </span>
    </p>
   </div>
   <div class='ocr_carea' id='block_1_105' title="bbox 849 5702 2009 5826">
    <p class='ocr_par' dir='ltr' id='par_1_105' title="bbox 849 5702 2009 5826">
     <span class='ocr_line' id='line_1_105' title="bbox 849 5702 1911 5767; baseline -0.01 -7"><span class='ocrx_word' id='word_1_809' title='bbox 849 5706 893 5737; x_wconf 82' lang='lat'><strong>“</strong></span> <span class='ocrx_word' id='word_1_810' title='bbox 929 5705 1072 5762; x_wconf 84' lang='lat' dir='ltr'><strong>Psal.</strong></span> <span class='ocrx_word' id='word_1_811' title='bbox 1109 5718 1282 5767; x_wconf 73' lang='lat' dir='ltr'><strong>xxxii,</strong></span> <span class='ocrx_word' id='word_1_812' title='bbox 1309 5702 1362 5756; x_wconf 94' lang='lat'><strong>6.</strong></span> <span class='ocrx_word' id='word_1_813' title='bbox 1498 5704 1542 5733; x_wconf 81' lang='lat'>“</span> <span class='ocrx_word' id='word_1_814' title='bbox 1575 5702 1720 5756; x_wconf 77' lang='lat' dir='ltr'><strong>Psa..</strong></span> <span class='ocrx_word' id='word_1_815' title='bbox 1763 5717 1823 5766; x_wconf 88' lang='grc' dir='ltr'><strong>ιι,</strong></span> <span class='ocrx_word' id='word_1_816' title='bbox 1857 5702 1911 5752; x_wconf 90' lang='lat'><strong>7.</strong></span> 
     </span>
     <span class='ocr_line' id='line_1_106' title="bbox 849 5769 2009 5826; baseline -0.005 0"><span class='ocrx_word' id='word_1_817' title='bbox 849 5777 919 5826; x_wconf 78' lang='lat' dir='ltr'><strong>l3.</strong></span> <span class='ocrx_word' id='word_1_818' title='bbox 1031 5776 1073 5807; x_wconf 66' lang='grc' dir='ltr'>τι</span> <span class='ocrx_word' id='word_1_819' title='bbox 1105 5773 1248 5826; x_wconf 76' lang='lat' dir='ltr'><strong>Psal.</strong></span> <span class='ocrx_word' id='word_1_820' title='bbox 1277 5788 1448 5826; x_wconf 76' lang='lat' dir='ltr'><strong>xxxii.</strong></span> <span class='ocrx_word' id='word_1_821' title='bbox 1474 5771 1527 5826; x_wconf 87' lang='lat'><strong>6.</strong></span> <span class='ocrx_word' id='word_1_822' title='bbox 1605 5775 1648 5804; x_wconf 71' lang='grc' dir='ltr'>τι</span> <span class='ocrx_word' id='word_1_823' title='bbox 1681 5773 1785 5826; x_wconf 88' lang='lat' dir='ltr'><strong>lsa.</strong></span> <span class='ocrx_word' id='word_1_824' title='bbox 1819 5786 1916 5826; x_wconf 89' lang='lat' dir='ltr'><strong>vn.</strong></span> <span class='ocrx_word' id='word_1_825' title='bbox 1954 5769 2009 5821; x_wconf 74' lang='grc' dir='ltr'><strong>Μ</strong></span> 
     </span>
    </p>
   </div>
   <div class='ocr_carea' id='block_1_106' title="bbox 1770 5808 2034 5836">
    <p class='ocr_par' dir='ltr' id='par_1_106' title="bbox 1770 5808 2034 5836">
     <span class='ocr_line' id='line_1_107' title="bbox 1770 5808 2034 5836; baseline 0.008 -13"><span class='ocrx_word' id='word_1_826' title='bbox 1770 5810 1785 5836; x_wconf 74' lang='lat'><strong>,</strong></span> <span class='ocrx_word' id='word_1_827' title='bbox 1827 5808 1916 5832; x_wconf 69' lang='lat' dir='ltr'><strong>VII,</strong></span> <span class='ocrx_word' id='word_1_828' title='bbox 1955 5808 2034 5825; x_wconf 67' lang='lat'><strong>&#39;1.</strong></span> 
     </span>
    </p>
   </div>
   <div class='ocr_carea' id='block_1_107' title="bbox 742 5771 1527 5843">
    <p class='ocr_par' dir='ltr' id='par_1_107' title="bbox 742 5771 1527 5843">
     <span class='ocr_line' id='line_1_108' title="bbox 742 5771 1527 5843; baseline -0.006 -12"><span class='ocrx_word' id='word_1_829' title='bbox 742 5791 795 5843; x_wconf 78' lang='grc'><strong>1.,</strong></span> <span class='ocrx_word' id='word_1_830' title='bbox 835 5776 919 5829; x_wconf 77' lang='lat' dir='ltr'><strong>i3.</strong></span> <span class='ocrx_word' id='word_1_831' title='bbox 1031 5776 1073 5807; x_wconf 72' lang='grc'>⁷⁸</span> <span class='ocrx_word' id='word_1_832' title='bbox 1105 5773 1248 5828; x_wconf 80' lang='lat' dir='ltr'><strong>Psal.</strong></span> <span class='ocrx_word' id='word_1_833' title='bbox 1277 5788 1448 5838; x_wconf 76' lang='lat' dir='ltr'><strong>xxxii,</strong></span> <span class='ocrx_word' id='word_1_834' title='bbox 1474 5771 1527 5827; x_wconf 88' lang='lat'><strong>6.</strong></span> 
     </span>
    </p>
   </div>
   <div class='ocr_carea' id='block_1_108' title="bbox 2010 5699 2404 5768">
    <p class='ocr_par' dir='ltr' id='par_1_108' title="bbox 2010 5699 2404 5768">
     <span class='ocr_line' id='line_1_109' title="bbox 2010 5699 2404 5768; baseline 0.008 -15"><span class='ocrx_word' id='word_1_835' title='bbox 2010 5700 2052 5730; x_wconf 82' lang='lat'><strong>&quot;</strong></span> <span class='ocrx_word' id='word_1_836' title='bbox 2075 5699 2207 5757; x_wconf 86' lang='lat' dir='ltr'><strong>Gen.</strong></span> <span class='ocrx_word' id='word_1_837' title='bbox 2243 5719 2281 5768; x_wconf 90' lang='lat' dir='ltr'><strong>I,</strong></span> <span class='ocrx_word' id='word_1_838' title='bbox 2315 5702 2404 5757; x_wconf 73' lang='lat'><strong>26.</strong></span> 
     </span>
    </p>
   </div>
   <div class='ocr_carea' id='block_1_109' title="bbox 2433 4578 4002 4649">
    <p class='ocr_par' dir='ltr' id='par_1_109' title="bbox 2433 4578 4002 4649">
     <span class='ocr_line' id='line_1_110' title="bbox 2433 4578 4002 4649; baseline 0 -18"><span class='ocrx_word' id='word_1_839' title='bbox 2433 4579 2620 4649; x_wconf 84' lang='grc' dir='ltr'>Ἡμεῖς</span> <span class='ocrx_word' id='word_1_840' title='bbox 2647 4578 2776 4648; x_wconf 77' lang='grc' dir='ltr'>περὶ</span> <span class='ocrx_word' id='word_1_841' title='bbox 2815 4579 3024 4632; x_wconf 83' lang='grc' dir='ltr'>ἐκείνου</span> <span class='ocrx_word' id='word_1_842' title='bbox 3079 4579 3309 4648; x_wconf 79' lang='grc' dir='ltr'>λέγομεν</span> <span class='ocrx_word' id='word_1_843' title='bbox 3339 4579 3431 4631; x_wconf 78' lang='grc' dir='ltr'>τοῦ</span> <span class='ocrx_word' id='word_1_844' title='bbox 3482 4579 3782 4648; x_wconf 80' lang='grc' dir='ltr'>τεχθέντος,</span> <span class='ocrx_word' id='word_1_845' title='bbox 3821 4581 3913 4631; x_wconf 73' lang='grc' dir='ltr'>τοῦ</span> <span class='ocrx_word' id='word_1_846' title='bbox 3943 4582 4002 4631; x_wconf 77' lang='grc' dir='ltr'><strong>ἐν</strong></span> 
     </span>
    </p>
   </div>
   <div class='ocr_carea' id='block_1_110' title="bbox 2422 4667 3998 4739">
    <p class='ocr_par' dir='ltr' id='par_1_110' title="bbox 2422 4667 3998 4739">
     <span class='ocr_line' id='line_1_111' title="bbox 2422 4667 3998 4739; baseline 0.001 -19"><span class='ocrx_word' id='word_1_847' title='bbox 2422 4672 2533 4731; x_wconf 89' lang='grc' dir='ltr'>τοῖς</span> <span class='ocrx_word' id='word_1_848' title='bbox 2565 4667 2919 4736; x_wconf 74' lang='grc' dir='ltr'>Εὑαγγελίοις</span> <span class='ocrx_word' id='word_1_849' title='bbox 2971 4669 3137 4722; x_wconf 75' lang='grc' dir='ltr'>αὐτοῦ</span> <span class='ocrx_word' id='word_1_850' title='bbox 3169 4670 3667 4739; x_wconf 82' lang='grc' dir='ltr'>ἀναγεγραμμένου</span> <span class='ocrx_word' id='word_1_851' title='bbox 3694 4669 3998 4737; x_wconf 64' lang='grc' dir='ltr'>ηὑξηκέναι</span> 
     </span>
    </p>
   </div>
   <div class='ocr_carea' id='block_1_111' title="bbox 2420 4761 4000 4832">
    <p class='ocr_par' dir='ltr' id='par_1_111' title="bbox 2420 4761 4000 4832">
     <span class='ocr_line' id='line_1_112' title="bbox 2420 4761 4000 4832; baseline -0.001 -18"><span class='ocrx_word' id='word_1_852' title='bbox 2420 4779 2480 4814; x_wconf 88' lang='grc' dir='ltr'><strong>τε</strong></span> <span class='ocrx_word' id='word_1_853' title='bbox 2512 4761 2699 4832; x_wconf 73' lang='grc' dir='ltr'>ἡλικίᾳ</span> <span class='ocrx_word' id='word_1_854' title='bbox 2754 4763 2848 4814; x_wconf 77' lang='grc' dir='ltr'>καὶ</span> <span class='ocrx_word' id='word_1_855' title='bbox 2903 4761 3085 4832; x_wconf 73' lang='grc' dir='ltr'>σοφίᾳ,</span> <span class='ocrx_word' id='word_1_856' title='bbox 3145 4764 3239 4814; x_wconf 64' lang='lat' dir='ltr'><strong>x11</strong></span> <span class='ocrx_word' id='word_1_857' title='bbox 3287 4761 3675 4831; x_wconf 70' lang='grc' dir='ltr'>πειρασθέντος</span> <span class='ocrx_word' id='word_1_858' title='bbox 3723 4762 3875 4831; x_wconf 70' lang='grc' dir='ltr'>παρὰ</span> <span class='ocrx_word' id='word_1_859' title='bbox 3905 4763 4000 4813; x_wconf 52' lang='grc' dir='ltr'>τοι]</span> 
     </span>
    </p>
   </div>
   <div class='ocr_carea' id='block_1_112' title="bbox 2419 4852 3999 4922">
    <p class='ocr_par' dir='ltr' id='par_1_112' title="bbox 2419 4852 3999 4922">
     <span class='ocr_line' id='line_1_113' title="bbox 2419 4852 3999 4922; baseline -0.019 10"><span class='ocrx_word' id='word_1_860' title='bbox 2419 4852 2700 4918; x_wconf 63' lang='grc' dir='ltr'><strong>διαϐόλουν·</strong></span> <span class='ocrx_word' id='word_1_861' title='bbox 2727 4855 2866 4922; x_wconf 73' lang='grc' dir='ltr'><strong>μετά</strong></span> <span class='ocrx_word' id='word_1_862' title='bbox 2887 4853 2944 4904; x_wconf 70' lang='grc' dir='ltr'><strong>δὲ</strong></span> <span class='ocrx_word' id='word_1_863' title='bbox 2977 4853 3148 4905; x_wconf 67' lang='grc' dir='ltr'>ταῦτα</span> <span class='ocrx_word' id='word_1_864' title='bbox 3177 4852 3477 4922; x_wconf 80' lang='grc' dir='ltr'>πραθέντος</span> <span class='ocrx_word' id='word_1_865' title='bbox 3501 4854 3651 4922; x_wconf 78' lang='grc' dir='ltr'><strong>παρά</strong></span> <span class='ocrx_word' id='word_1_866' title='bbox 3678 4853 3769 4903; x_wconf 71' lang='grc' dir='ltr'>τοῦ</span> <span class='ocrx_word' id='word_1_867' title='bbox 3795 4853 3999 4903; x_wconf 73' lang='grc' dir='ltr'>οἱκτίου</span> 
     </span>
    </p>
   </div>
   <div class='ocr_carea' id='block_1_113' title="bbox 2424 4942 3999 5014">
    <p class='ocr_par' dir='ltr' id='par_1_113' title="bbox 2424 4942 3999 5014">
     <span class='ocr_line' id='line_1_114' title="bbox 2424 4942 3999 5014; baseline -0.001 -20"><span class='ocrx_word' id='word_1_868' title='bbox 2424 4943 2697 5013; x_wconf 82' lang='grc' dir='ltr'>μαθητοῦ,</span> <span class='ocrx_word' id='word_1_869' title='bbox 2743 4943 3162 5013; x_wconf 81' lang='grc' dir='ltr'>παραδοθέντος,</span> <span class='ocrx_word' id='word_1_870' title='bbox 3203 4944 3594 5014; x_wconf 80' lang='grc' dir='ltr'>κρατηθέντος,</span> <span class='ocrx_word' id='word_1_871' title='bbox 3655 4942 3999 5012; x_wconf 70' lang='grc' dir='ltr'>ἐμπαιχθέν-</span> 
     </span>
    </p>
   </div>
   <div class='ocr_carea' id='block_1_114' title="bbox 2419 5033 3997 5105">
    <p class='ocr_par' dir='ltr' id='par_1_114' title="bbox 2419 5033 3997 5105">
     <span class='ocr_line' id='line_1_115' title="bbox 2419 5033 3997 5105; baseline -0.002 -19"><span class='ocrx_word' id='word_1_872' title='bbox 2419 5049 2529 5096; x_wconf 89' lang='grc' dir='ltr'>τος,</span> <span class='ocrx_word' id='word_1_873' title='bbox 2583 5033 3061 5104; x_wconf 87' lang='grc' dir='ltr'>φραγελωθέντος,</span> <span class='ocrx_word' id='word_1_874' title='bbox 3111 5035 3274 5105; x_wconf 78' lang='grc' dir='ltr'>χολὴν</span> <span class='ocrx_word' id='word_1_875' title='bbox 3327 5036 3421 5087; x_wconf 78' lang='grc' dir='ltr'><strong>σὺν</strong></span> <span class='ocrx_word' id='word_1_876' title='bbox 3472 5034 3586 5100; x_wconf 74' lang='grc' dir='ltr'>δξει</span> <span class='ocrx_word' id='word_1_877' title='bbox 3629 5033 3997 5096; x_wconf 79' lang='grc' dir='ltr'>ποτισθέντος,</span> 
     </span>
    </p>
   </div>
   <div class='ocr_carea' id='block_1_115' title="bbox 2419 5124 3998 5197">
    <p class='ocr_par' dir='ltr' id='par_1_115' title="bbox 2419 5124 3998 5197">
     <span class='ocr_line' id='line_1_116' title="bbox 2419 5124 3998 5197; baseline -0.003 -17"><span class='ocrx_word' id='word_1_878' title='bbox 2419 5127 2680 5189; x_wconf 83' lang='grc' dir='ltr'>ἀκάνθαις</span> <span class='ocrx_word' id='word_1_879' title='bbox 2714 5128 3147 5196; x_wconf 85' lang='grc' dir='ltr'>στεφανωθέντος</span> <span class='ocrx_word' id='word_1_880' title='bbox 3182 5131 3276 5179; x_wconf 69' lang='grc' dir='ltr'>καὶ</span> <span class='ocrx_word' id='word_1_881' title='bbox 3325 5127 3731 5197; x_wconf 86' lang='grc' dir='ltr'>γυμνωθέντος,</span> <span class='ocrx_word' id='word_1_882' title='bbox 3765 5124 3861 5177; x_wconf 68' lang='grc' dir='ltr'><strong>καὶ</strong></span> <span class='ocrx_word' id='word_1_883' title='bbox 3895 5125 3998 5194; x_wconf 72' lang='grc' dir='ltr'>τῆς</span> 
     </span>
    </p>
   </div>
   <div class='ocr_carea' id='block_1_116' title="bbox 2418 5217 3999 5292">
    <p class='ocr_par' dir='ltr' id='par_1_116' title="bbox 2418 5217 3999 5292">
     <span class='ocr_line' id='line_1_117' title="bbox 2418 5217 3999 5292; baseline -0.004 -18"><span class='ocrx_word' id='word_1_884' title='bbox 2418 5221 2584 5275; x_wconf 80' lang='grc' dir='ltr'>αὑτοῦ</span> <span class='ocrx_word' id='word_1_885' title='bbox 2614 5221 2838 5291; x_wconf 70' lang='grc' dir='ltr'>ἐσθῆτος</span> <span class='ocrx_word' id='word_1_886' title='bbox 2888 5223 2946 5273; x_wconf 80' lang='grc' dir='ltr'>ὲν</span> <span class='ocrx_word' id='word_1_887' title='bbox 2978 5222 3169 5292; x_wconf 81' lang='grc' dir='ltr'>κλήρῳ</span> <span class='ocrx_word' id='word_1_888' title='bbox 3206 5219 3450 5291; x_wconf 84' lang='grc' dir='ltr'>δοθείσης</span> <span class='ocrx_word' id='word_1_889' title='bbox 3500 5221 3594 5273; x_wconf 75' lang='grc' dir='ltr'>ἐπὶ</span> <span class='ocrx_word' id='word_1_890' title='bbox 3631 5217 3863 5288; x_wconf 80' lang='grc' dir='ltr'>σταυροῦ</span> <span class='ocrx_word' id='word_1_891' title='bbox 3894 5235 3999 5268; x_wconf 77' lang='grc' dir='ltr'>πα-</span> 
     </span>
    </p>
   </div>
   <div class='ocr_carea' id='block_1_117' title="bbox 2419 5307 3999 5382">
    <p class='ocr_par' dir='ltr' id='par_1_117' title="bbox 2419 5307 3999 5382">
     <span class='ocr_line' id='line_1_118' title="bbox 2419 5307 3999 5382; baseline -0.004 -16"><span class='ocrx_word' id='word_1_892' title='bbox 2419 5315 2626 5382; x_wconf 88' lang='grc' dir='ltr'>γέντος,</span> <span class='ocrx_word' id='word_1_893' title='bbox 2657 5315 3020 5376; x_wconf 84' lang='grc' dir='ltr'>ἀποθανόντος</span> <span class='ocrx_word' id='word_1_894' title='bbox 3059 5319 3152 5367; x_wconf 72' lang='grc' dir='ltr'>καὶ</span> <span class='ocrx_word' id='word_1_895' title='bbox 3188 5314 3473 5381; x_wconf 78' lang='grc' dir='ltr'>ταφέντος.</span> <span class='ocrx_word' id='word_1_896' title='bbox 3523 5313 3580 5364; x_wconf 86' lang='grc' dir='ltr'><strong>Ὀ</strong></span> <span class='ocrx_word' id='word_1_897' title='bbox 3631 5311 3782 5378; x_wconf 69' lang='grc' dir='ltr'>ἅγιος</span> <span class='ocrx_word' id='word_1_898' title='bbox 3811 5307 3999 5360; x_wconf 75' lang='grc' dir='ltr'>Σίλεε-</span> 
     </span>
    </p>
   </div>
   <div class='ocr_carea' id='block_1_118' title="bbox 2423 5400 3996 5474">
    <p class='ocr_par' dir='ltr' id='par_1_118' title="bbox 2423 5400 3996 5474">
     <span class='ocr_line' id='line_1_119' title="bbox 2423 5400 3996 5474; baseline -0.003 -19"><span class='ocrx_word' id='word_1_899' title='bbox 2423 5420 2582 5473; x_wconf 88' lang='grc' dir='ltr'>στρος</span> <span class='ocrx_word' id='word_1_900' title='bbox 2612 5403 2739 5472; x_wconf 78' lang='grc' dir='ltr'><strong>ἔφη’</strong></span> <span class='ocrx_word' id='word_1_901' title='bbox 2769 5403 2956 5457; x_wconf 80' lang='grc' dir='ltr'>Ταῦτα</span> <span class='ocrx_word' id='word_1_902' title='bbox 2990 5404 3168 5456; x_wconf 87' lang='grc' dir='ltr'>πάντα</span> <span class='ocrx_word' id='word_1_903' title='bbox 3190 5404 3264 5466; x_wconf 83' lang='grc' dir='ltr'>ὡς</span> <span class='ocrx_word' id='word_1_904' title='bbox 3296 5401 3745 5474; x_wconf 83' lang='grc' dir='ltr'>προκηρυχθέντα</span> <span class='ocrx_word' id='word_1_905' title='bbox 3777 5400 3996 5468; x_wconf 63' lang='grc' dir='ltr'>ἐγράςη</span> 
     </span>
    </p>
   </div>
   <div class='ocr_carea' id='block_1_119' title="bbox 2421 5493 3993 5567">
    <p class='ocr_par' dir='ltr' id='par_1_119' title="bbox 2421 5493 3993 5567">
     <span class='ocr_line' id='line_1_120' title="bbox 2421 5493 3993 5567; baseline 0.019 -20"><span class='ocrx_word' id='word_1_906' title='bbox 2421 5495 2681 5565; x_wconf 76' lang='grc' dir='ltr'>περὶτοῦ</span> <span class='ocrx_word' id='word_1_907' title='bbox 2731 5495 2969 5566; x_wconf 81' lang='grc' dir='ltr'>Χριστοῦ</span> <span class='ocrx_word' id='word_1_908' title='bbox 3016 5498 3168 5565; x_wconf 66' lang='grc' dir='ltr'><strong>ττιπιρὲι</strong></span> <span class='ocrx_word' id='word_1_909' title='bbox 3205 5495 3317 5550; x_wconf 80' lang='grc' dir='ltr'>τῶν</span> <span class='ocrx_word' id='word_1_910' title='bbox 3371 5493 3687 5567; x_wconf 70' lang='grc' dir='ltr'><strong>προφητῶνο</strong></span> <span class='ocrx_word' id='word_1_911' title='bbox 3751 5494 3993 5561; x_wconf 61' lang='grc' dir='ltr'><strong>σήμερ⁵⁸</strong></span> 
     </span>
    </p>
   </div>
   <div class='ocr_carea' id='block_1_120' title="bbox 3775 5704 3994 5762">
    <p class='ocr_par' dir='ltr' id='par_1_120' title="bbox 3775 5704 3994 5762">
     <span class='ocr_line' id='line_1_121' title="bbox 3775 5704 3994 5762; baseline -0.014 -3"><span class='ocrx_word' id='word_1_912' title='bbox 3775 5705 3824 5738; x_wconf 77' lang='grc'><em>’⁸</em></span> <span class='ocrx_word' id='word_1_913' title='bbox 3843 5704 3994 5762; x_wconf 73' lang='lat' dir='ltr'><strong>Psal.</strong></span> 
     </span>
    </p>
   </div>
   <div class='ocr_carea' id='block_1_121' title="bbox 2520 5705 3668 5772">
    <p class='ocr_par' dir='ltr' id='par_1_121' title="bbox 2520 5705 3668 5772">
     <span class='ocr_line' id='line_1_122' title="bbox 2520 5705 3668 5772; baseline 0.001 -13"><span class='ocrx_word' id='word_1_914' title='bbox 2520 5705 2562 5736; x_wconf 79' lang='grc'><strong>⁵⁸</strong></span> <span class='ocrx_word' id='word_1_915' title='bbox 2611 5705 2755 5763; x_wconf 86' lang='lat' dir='ltr'><strong>Psal.</strong></span> <span class='ocrx_word' id='word_1_916' title='bbox 2818 5725 2876 5772; x_wconf 87' lang='grc' dir='ltr'><strong>ιι,</strong></span> <span class='ocrx_word' id='word_1_917' title='bbox 2915 5709 2964 5762; x_wconf 87' lang='lat'><strong>7.</strong></span> <span class='ocrx_word' id='word_1_918' title='bbox 3044 5707 3254 5764; x_wconf 78' lang='lat' dir='ltr'><strong>&quot;Psal.</strong></span> <span class='ocrx_word' id='word_1_919' title='bbox 3286 5723 3546 5771; x_wconf 79' lang='lat' dir='ltr'><strong>um&#39;ln,</strong></span> <span class='ocrx_word' id='word_1_920' title='bbox 3577 5707 3668 5760; x_wconf 74' lang='lat'><strong>27.</strong></span> 
     </span>
    </p>
   </div>
  </div>
