4248 6456
167 458 174 465 -
285 420 394 486 52'.)

1379 419 1886 483 IIISTORIARUI

2008 421 2492 482 UMPENDiUM.
3444 415 3557 476 530

277 529 478 602 φητεία
510 528 643 586 Θεδν
672 527 962 601 ἐπιδημεῖν
1005 528 1175 598 λέγει,
1216 526 1292 584 ’τά
1333 529 1391 584 δὲ
1419 533 1621 603 σημεῖα
1649 530 1741 585 καὶ
1776 531 1866 584 τὸν

2008 531 2238 596 stendit,
2274 530 2551 601 simulque
2572 534 2722 583 certa
2754 527 2908 597 signa
2947 527 3213 598 temporis
3246 539 3355 595 quo
3387 523 3549 579 Chri-

278 622 472 692 χρόνον
516 621 620 692 τῆς
663 619 968 691 παρουσίας
1014 616 1296 691 γνωρίζει·
1346 620 1467 673 τότε
1520 619 1631 689 γὰρ
1690 619 1865 674 ταῦτα

2008 632 2094 679 lus
2128 623 2465 678 atlventurus
2513 629 2662 679 esset
2703 619 2931 676 indicat.
2961 619 3100 674 Tum
3147 619 3293 674 enim
3348 631 3410 671 ea
3458 618 3554 669 im-

278 715 460 783 πεπλή
471 730 669 782 ρωνται
695 711 973 781 ἀπερούδέ
993 729 1122 766 ποτε
1139 711 1426 780 γεγόνασιν
1451 715 1508 766 ὲν
1534 714 1612 783 τῷ
1650 712 1869 783 Ἰσραὴλ

2012 716 2117 771 leta
2162 722 2314 777 sunt,
2355 729 2476 783 quae
2537 722 2662 767 ante
2705 712 2759 766 in
2808 711 3014 767 lsraelo
3073 725 3351 779 nunquam
3409 707 3551 761 facta

281 805 572 877 πρότερον.
604 804 689 877 [Ρ.
714 803 845 876 ειη
872 804 1011 874 Περὶ
1047 804 1106 858 δὲ
1142 804 1237 857 τοῦ
1267 803 1474 868 πάθους
1504 802 1672 857 αὐτοῦ
1706 804 1870 858 πάλιν

2008 816 2208 859 nerant.
2246 804 2321 861 De
2352 803 2612 858 aerumnis
2644 818 2808 873 porro
2842 802 2961 871 ejus
2990 802 3065 855 ita
3097 801 3297 855 dicitur
3326 820 3339 855 :
3379 799 3555 853 Homo

280 895 468 963 φησίνο
514 894 837 965 Ἀνθρωπος
885 895 943 947 ὲν
994 894 1176 965 πληγῇ
1220 892 1297 947 ὢν
1340 895 1435 948 καὶ
1485 894 1642 956 εἰδὼς
1684 895 1871 964 φέρειν

2008 898 2150 968 lagis
2179 897 2463 966 subjectus
2490 903 2544 950 et
2600 894 2851 950 miserias
2894 893 3101 949 ferendi
3142 892 3348 962 pel-itus
3401 892 3557 961 igno-
3648 910 3655 915 ι

284 983 560 1052 μαλακίαν
599 984 884 1055 ἡτιμάσθη
931 984 1027 1039 καὶ
1070 985 1171 1038 οὐκ
1217 984 1498 1054 ἐλογίσθη.
1557 978 1726 1048 Οὗτος
1778 987 1874 1050 τὰς

285 1078 564 1147 ἁμαρτίας
593 1076 752 1146 ἡμῶν
775 1076 932 1148 φέρει
960 1076 1055 1130 καὶ
1084 1077 1213 1148 περὶ
1248 1077 1409 1148 ήμῶν
1456 1077 1732 1131 ὀδυνᾶται.
1768 1079 1876 1131 Καὶ

284 1170 450 1236 ἡμεῖς
497 1168 868 1238 ἐλογισάμεθα
925 1168 1094 1223 αὐτὸν
1141 1165 1284 1222 εἶναι
1346 1170 1406 1222 ὲν
1465 1170 1610 1240 πόνῳ
1668 1172 1764 1222 καὶ
1817 1171 1875 1221 ἐν

290 1258 477 1329 πληγῇ
509 1259 604 1313 καὶ
638 1260 696 1312 ὲν
749 1256 1014 1313 κακώσει·
1048 1259 1211 1324 αὐτὸς
1237 1259 1295 1312 δὲ
1329 1259 1744 1329 ὲτραυματίσθη
1790 1261 1880 1314 διά

285 1349 389 1411 τὰς
438 1349 718 1420 ἁμαρτίας
759 1351 918 1419 ἡμῶν
960 1352 1058 1405 καὶ
1098 1351 1484 1421 μεμαλάκηται
1520 1352 1607 1405 διὰ
1635 1352 1734 1415 τὰς
1758 1354 1880 1405 ἀνο-

293 1442 421 1510 μὲας
467 1441 646 1511 ἡμῶν.
698 1441 925 1495 Παιδεία
973 1442 1200 1512 εἰρήνης
1245 1441 1404 1512 ἡμῶν
1448 1442 1536 1494 ἐπ’
1579 1442 1748 1512 αύτῷ.
1789 1442 1880 1512 Τῷ

293 1533 524 1592 μώλωπι
556 1532 720 1586 αὐτοῦ
760 1535 923 1604 ἡμεῖς
958 1533 1212 1604 ίάθημεν.
1250 1534 1361 1587 Ka‘t
1387 1533 1469 1587 ὅτι
1501 1535 1719 1605 αἴρεται
1773 1534 1881 1590 ἀπὸ

294 1625 398 1695 τῆς
438 1626 542 1695 γῆς
585 1626 621 1695 ἡ
652 1625 767 1694 ζωὴ
795 1625 986 1679 αὑτοῦ.
1015 1627 1126 1698 Τὴν
1166 1626 1223 1680 δὲ
1257 1625 1456 1694 γενεὰν
1501 1626 1664 1680 αὑτοῦ
1695 1627 1777 1690 τίς
1802 1628 1883 1681 δι-

293 1717 600 1786 ηγήσεται;
652 1715 765 1769 Καὶ
787 1718 816 1769 6
844 1716 1088 1785 Μωῦσῆς
1106 1734 1122 1749 ·
1155 1715 1392 1785 Ὀψεσθε
1421 1716 1522 1788 τὴν
1565 1714 1710 1787 ζωὴν
1731 1716 1883 1786 ὑμῶν

1978 990 2145 1044 minia
2174 989 2400 1043 allectus
2433 994 2518 1043 est
2553 1000 2616 1039 ac
2644 1000 2742 1055 pro
2773 986 2941 1039 nihilo
2979 983 3220 1038 habitus.
3255 979 3305 1037 Is
3336 988 3557 1050 peccata

1978 1087 2164 1133 nostra
2197 1078 2457 1149 portavit,
2504 1075 2790 1145 nostrique
2830 1090 2995 1130 causa
3030 1075 3086 1129 in
3120 1072 3408 1129 doloribus
3435 1071 3556 1125 fuit.

1982 1170 2059 1224 Ac
2122 1185 2224 1226 nos
2291 1168 2510 1240 quidem
2574 1166 3012 1222 existimavimus
3064 1181 3183 1219 eum
3254 1163 3559 1227 laboribus,

1979 1263 2303 1317 verberibus
2369 1276 2433 1316 ac
2496 1260 2735 1314 miseriis
2804 1257 3168 1327 subjectum:
3251 1258 3367 1324 ipse
3431 1270 3563 1309 vero

1984 1357 2264 1412 sauciatus
2317 1355 2418 1409 fuit
2482 1360 2830 1422 peccatorum
2890 1358 3208 1406 nostrorum
3265 1364 3452 1412 causa,
3510 1357 3564 1402 et

1983 1459 2208 1518 propter
2259 1447 2459 1503 delicta
2496 1454 2683 1501 nostra
2721 1443 3029 1515 azgrotavit.
3088 1442 3401 1511 Castigatus
3458 1448 3562 1500 est,

1983 1547 2043 1593 ut
2091 1539 2251 1594 nobis
2309 1546 2494 1606 pacem
2560 1545 2795 1606 pareret.
2847 1537 3079 1606 ejusque
3141 1535 3409 1589 vibicibus
3465 1548 3564 1589 nos

1985 1645 2178 1686 sumus
2202 1629 2400 1683 sanati.
2445 1628 2709 1683 Aufertur
2746 1643 2774 1681 a
2805 1635 2948 1681 terra
2977 1628 3094 1695 ejus
3124 1629 3235 1680 vita
3268 1643 3283 1681 :
3318 1627 3411 1681 sed
3442 1625 3566 1693 quis

1984 1737 2159 1793 genus
2206 1720 2326 1791 ejus
2370 1720 2651 1776 enarrabit
2678 1720 2769 1773 3‘?
2811 1717 2989 1774 Moses
3048 1732 3268 1787 quoque
3317 1717 3434 1770 ait:
3477 1714 3571 1770 Vi-

292 1807 656 1878 κρεμαμὲνην
690 1808 952 1862 ἀπέναντι
999 1808 1111 1862 τῶν
1148 1806 1447 1879 ὀφθαλμῶν
1489 1807 1664 1878 ὑμῶν,
1702 1808 1798 1862 καὶ
1818 1809 1879 1863 ού

2008 1812 2186 1868 Iebitis
2224 1812 2390 1866 vitam
2422 1819 2662 1868 vestram
2699 1824 3021 1881 suspensam
3064 1818 3190 1864 ante
3234 1808 3425 1863 oculos
3474 1823 3566 1862 vc-

1913 1861 1961 1924 Β

296 1897 373 1966 μὴ
404 1896 756 1967 πιστεύσητε.
779 1898 888 1952 Καὶ
909 1898 1073 1953 Δαδὶδ
1099 1900 1162 1953 ὲκ
1193 1899 1485 1969 προσώπου
1514 1898 1610 1952 τοῦ
1642 1900 1881 1968 Χριστοῦ

2008 1912 2158 1967 ιιιοε,
2217 1912 2272 1959 et
2321 1902 2481 1958 ﬁdem
2528 1917 2638 1957 non
2697 1900 2972 1957 habebitis
3004 1899 3073 1953 ⁸⁷.
3112 1898 3353 1954 Davidus
3403 1912 3569 1965 porro

293 1988 467 2057 λέγει’
508 1988 744 2060 Ὠρυξαν
770 1991 961 2063 χεῖράς
999 2009 1100 2063 μου
1143 1993 1239 2046 καὶ
1264 1993 1434 2056 πόδας
1449 2009 1574 2062 μου,
1597 1993 1691 2047 καὶ
1702 1994 1779 2047 διε
1789 2011 1886 2065 με·

299 2086 524 2153 ρεσαντο
546 2085 838 2154 τά⁹ίμάτιά
861 2103 965 2155 μου
994 2087 1229 2151 ἑαυτοῖς,
1279 2086 1377 2140 καὶ
1410 2085 1480 2138 τὰ
1517 2085 1663 2157 ἑξῆς.
1684 2087 1806 2141 Ὅτι
1830 2086 1887 2141 δὲ

299 2176 396 2236 καὶ
441 2176 552 2230 τῶν
592 2177 759 2231 ἐθνῶν
801 2178 955 2241 ἐλπὶς
988 2174 1078 2250 ἦν,
1109 2180 1138 2231 6
1185 2179 1284 2249 μὲν
1325 2178 1520 2233 Ἰακὼϐ
1553 2175 1737 2239 εἶπεν·
1773 2181 1888 2234 Οὐκ

299 2266 544 2336 ἐκλείψει
576 2267 762 2340 ἄρχων
792 2269 852 2333 ἐξ
891 2267 1063 2324 ’ἰούδα
1120 2271 1216 2325 καὶ
1249 2270 1553 2342 ἡγούμενος
1588 2272 1653 2325 ὲκ
1694 2272 1887 2343 μηρῶν

298 2358 490 2421 αὐτοῦ,
515 2359 621 2422 ἓως
636 2360 702 2413 ἂν
726 2359 855 2431 ἔλθῃ
878 2353 924 2428 ᾧ
944 2360 1255 2423 ἀπόκειται,
1282 2364 1377 2417 καὶ
1399 2363 1564 2425 αὐτὸς
1591 2363 1892 2434 προσδοκία

302 2448 495 2503 ἐθνῶν.
557 2450 616 2504 Ὀ
660 2451 718 2505 δὲ
754 2450 984 2515 Ἡσαΐας
1031 2451 1134 2523 ἔφη
1158 2470 1173 2485 ο
1205 2455 1316 2508 Καὶ
1354 2454 1510 2509 ἔσται
1555 2458 1589 2526 ή
1630 2456 1755 2526 ῥίζα
1794 2455 1889 2508 τοῦ

316 2536 516 2593 Ἰεσσαὶ
547 2541 644 2596 καὶ
683 2544 711 2596 6
748 2542 1112 2614 ἀνιστάμενος
1148 2545 1338 2616 ἄρχειν
1379 2546 1570 2600 ἐθνῶνο
1622 2547 1708 2599 ἐπ’
1740 2546 1890 2617 αύτῴ

307 2630 436 2702 ἔθνη
467 2632 737 2688 ὶλπιοῦσι.
771 2637 881 2689 Καὶ
907 2636 1081 2690 ταῦτα
1120 2638 1218 2707 μὲν
1247 2637 1408 2706 ὀλίγα
1450 2638 1587 2709 πρὸς
1617 2638 1891 2705 ἀπόδειξιν

308 2720 422 2774 τῶν
454 2725 785 2793 γενομένων,
813 2730 962 2780 πᾶσα
991 2729 1047 2781 δὲ
1080 2729 1114 2798 ἡ
1145 2728 1336 2799 Γραφὴ
1365 2728 1671 2801 πέπλησται
1696 2731 1894 2800 διελέγ·

310 2830 484 2883 χουσα
512 2816 611 2886 τὴν
650 2818 922 2888 ὑμετέραν
948 2819 1227 2875 ἀπιστίαν.
1276 2821 1373 2885 Τίς
1401 2823 1510 2893 γάρ
1545 2841 1675 2877 ποτε
1702 2824 1812 2877 τῶν
1838 2825 1894 2877 ἐν

308 2908 428 2968 ταῖς
470 2906 641 2970 θείαις
672 2909 917 2977 Γραφαῖς
947 2913 1350 2983 ἱστορουμένων
1371 2914 1596 2969 δικαίων
1638 2918 1733 2969 καὶ
1760 2932 1895 2987 προ-

311 2998 501 3064 φητῶν
527 3000 697 3066 ἁγίων
721 3002 787 3055 ὲκ
813 3003 1092 3073 Παρθένου
1117 3006 1288 3075 μόνης
1319 3005 1446 3077 ἔσχε
1472 3008 1572 3077 τὴν
1600 3008 1889 3078 γέννησινς

1990 1994 2045 2048 in
2079 1993 2281 2049 Christi
2315 2008 2548 2064 persona
2577 1993 2656 2049 sic
2705 1992 2993 2062 loquitur:
3051 1990 3412 2046 Perfoderunt
3453 2006 3567 2042 ma—

1991 2100 2096 2140 nus
2119 2100 2268 2140 meas
2299 2093 2354 2140 et
2395 2083 2559 2155 pedes
2596 2098 2771 2148 meos,
2806 2091 3103 2151 vestesque
3135 2095 3285 2137 meas
3320 2081 3465 2137 inter
3514 2096 3571 2134 se

1990 2176 2314 2244 diviserunt,
2342 2186 2447 2231 etc.
2470 2175 2736 2230 Praeterea
2775 2174 2829 2228 in
2863 2188 2929 2228 eo
2950 2172 3123 2229 fuisse
3142 2172 3395 2244 gentibus
3414 2186 3566 2241 spem

1991 2267 2310 2335 repositam,
2331 2265 2569 2321 Iacobus
2587 2265 2674 2321 his
2700 2265 2887 2320 verbis
2918 2272 3153 2320 testatur
3172 2264 3220 2297 ⁸⁵
3245 2282 3258 2319 :
3279 2263 3574 2333 Nunquam

1992 2359 2168 2414 deerit
2199 2359 2459 2428 princeps
2488 2357 2631 2412 .luda
2678 2364 2855 2421 ortus,
2898 2363 2954 2412 et
2999 2355 3197 2411 ductor
3244 2370 3309 2409 ex
3365 2354 3574 2409 femore

1993 2450 2115 2519 ejus
2142 2463 2421 2520 egressus,
2477 2448 2646 2520 486
2686 2458 2977 2517 antequam
3024 2447 3072 2503 is
3123 2446 3307 2502 veniat
3353 2447 3442 2500 cui
3494 2462 3579 2499 re-

1992 2542 2170 2612 posita
2199 2541 2381 2596 omnia
2412 2550 2540 2597 sunt
2569 2558 2584 2595 :
2614 2540 2669 2594 in
2704 2556 2769 2595 eo
2809 2554 2960 2610 spem
2989 2546 3193 2610 ponent
3238 2547 3429 2609 gentes
3483 2539 3572 2592 ⁸⁸⁵.

1994 2633 2168 2689 Isaias
2202 2647 2466 2703 quoque:
2522 2630 2762 2687 Exsistet
2820 2630 2973 2685 radix
3029 2629 3220 2696 Jessaa,
3281 2639 3334 2684 et
3392 2642 3579 2698 surget

1996 2725 2089 2794 qui
2121 2724 2439 2780 nationibus
2471 2723 2796 2792 imperabit:
2846 2721 2898 2774 in
2943 2735 3007 2774 eo
3033 2736 3184 2791 spem
3218 2728 3423 2790 ponent
3449 2736 3579 2789 gen—

1998 2827 2081 2872 tes
2126 2817 2195 2871 ”.
2237 2816 2364 2872 Haec
2400 2830 2573 2887 pauca
2615 2815 2681 2870 ad
2743 2828 2933 2872 eorum
2977 2829 3098 2883 quae
3124 2814 3271 2869 facta
3320 2824 3450 2870 sunt
3481 2814 3577 2869 dc-

1998 2912 2451 2966 monstrationem
2506 2909 2804 2976 protulisse
2864 2906 3111 2962 sufﬁciat.
3175 2907 3346 2961 Porro
3391 2912 3575 2960 autem

1998 3011 2112 3059 tota
2145 3000 2429 3073 Scriptura
2462 3001 2621 3072 plena
2675 3010 2760 3056 est
2810 2999 3345 3056 demonstrationum
3379 3004 3579 3053 vestra:

311 3088 468 3152 Τίνος
489 3089 547 3142 δὲ
571 3091 670 3160 τῆς
698 3095 1009 3164 γεννήσεως
1047 3096 1393 3166 προέδραμεν
1422 3096 1601 3168 ἀστὴρ
1630 3098 1688 3150 ὲν
1725 3098 1886 3169 οὐρα-

2008 3093 2360 3150 lnlidelitatis.
2399 3093 2536 3159 Quis
2573 3094 2721 3148 enim
2764 3107 3007 3161 unquam
3038 3107 3229 3145 eorum
3260 3096 3578 3145 sanctorum

311 3181 445 3244 νοῖς,
473 3181 571 3233 καὶ
612 3181 705 3233 τὸν
729 3182 1064 3253 γεννηθέντα
1099 3185 1400 3256 διεσήμανε
1444 3188 1512 3257 τῇ
1562 3186 1886 3259 οἰκουμένης

2008 3193 2094 3240 aut
2114 3195 2321 3246 vatum.
2360 3186 2451 3255 qui
2483 3185 2658 3241 sacris
2686 3185 2913 3241 Litteris
2946 3186 3323 3251 celebrantur,
3365 3200 3431 3240 ex
3464 3184 3580 3241 sola

314 3265 411 3328 Τίς
438 3266 494 3319 δὲ
534 3267 809 3335 βασιλεὺς,
853 3273 986 3340 πρὶν
1020 3273 1240 3341 ἰσχῦσαι
1268 3275 1453 3330 καλεῖν
1485 3277 1751 3347 πατέραῆ
1789 3294 1886 3347 μη-

2008 3277 2224 3350 Virgine
2254 3285 2418 3333 natus
2444 3277 2766 3348 perhibetur
2791 3278 2814 3330 ?
2846 3282 3008 3347 cujus
3055 3279 3266 3334 natales
3305 3278 3584 3347 praecessit

314 3353 469 3425 τέρα,
501 3356 818 3414 ἐϐασίλευσε
851 3360 947 3415 καὶ
985 3362 1227 3432 τρόπαια
1252 3365 1395 3419 κατά
1432 3366 1541 3420 τῶν
1583 3367 1792 3444 ἐχθρῶν
1818 3367 1898 3421 εἴ·

315 3446 485 3519 ληφε;
519 3451 617 3516 Τίς
652 3452 746 3507 οῦν
771 3454 881 3526 ἄρα
904 3455 1098 3524 γέγονε
1146 3458 1402 3528 βασιλεὺς
1442 3460 1500 3515 ὲν
1546 3460 1766 3533 Ἰσραὴλ
1812 3462 1900 3531 ἐφ’

312 3542 374 3595 δν
399 3544 472 3596 τά
517 3543 645 3616 ἔθνη
688 3546 867 3601 πάντα
911 3547 1013 3617 τὴν
1050 3550 1244 3604 ἐλπίδα
1293 3550 1590 3616 τέθεινται,
1637 3553 1733 3613 καὶ
1781 3554 1904 3626 οὐχὶ

317 3636 522 3707 μᾶλλον
566 3637 715 3709 αύτῷ
762 3640 1119 3711 ἠναντιοῦντο
1163 3642 1541 3713 πανταχόθενς
1595 3645 1743 3708 Ἕως
1794 3646 1902 3718 γὰρ

317 3730 604 3784 συνίστατο
644 3730 1024 3804 Ἰερουσαλὴμ,
1052 3733 1289 3803 πόλεμος
1310 3735 1579 3799 ἄσπονδος
1605 3732 1674 3807 ἦν
1696 3737 1901 3803 αὐτοῖς,

316 3825 413 3877 καὶ
434 3824 756 3893 διεμάχοντο
785 3825 920 3895 πρὸς
945 3826 1037 3880 τὸν
1080 3825 1298 3897 Ἰσραὴλ
1342 3826 1620 3899 Ἀσσύριοι
1652 3829 1750 3900 μὲν
1789 3829 1906 3882 θλί-

318 3915 527 3981 ϐοντες,
554 3915 841 3983 Αἰγύπτιοι
862 3917 917 3969 δὲ
936 3917 1246 3984 διώκοντες,
1270 3919 1658 3991 πολεμοῦντες.
1686 3923 1758 3976 Ἦ
1781 3923 1905 3994 οὐχὶ

316 4002 348 4055 6
379 4003 479 4072 μὲν
493 4002 658 4057 Δαδὶδ
676 4007 787 4069 τοῖς
813 4006 1137 4069 Μωαϐίταις
1163 4007 1422 4079 ἐπολέμει
1441 4011 1534 4061 καὶ
1562 4012 1903 4080 ἐπολεμεῖτο,

317 4094 348 4143 6
378 4094 435 4145 δὲ
469 4094 679 4157 Ἰωσίας
693 4095 821 4158 τοὺς
834 4096 1063 4166 πλησίον
1087 4098 1567 4168 παρεφυλάττετο;
1601 4102 1706 4157 Καὶ
1723 4104 1906 4172 μέντοι

319 4183 416 4236 καὶ
462 4184 712 4248 Ἐζεκίας
738 4185 937 4241 ἐδειλία
954 4187 1053 4258 τὴν
1076 4188 1394 4252 ἀλαζονείαν
1416 4190 1509 4244 τοῦ
1534 4192 1743 4263 Σεναχη
1755 4194 1903 4264 ρεὶμ,

2003 3372 2058 3426 in
2081 3371 2222 3427 coelo
2253 3370 2431 3433 stella,
2467 3386 2588 3441 quae
2610 3370 2814 3427 mundo
2845 3373 3090 3442 genitum
3122 3370 3389 3427 indicaret
3412 3371 3435 3423 ?
3458 3369 3582 3440 quis

2001 3472 2308 3519 vestrorum
2355 3478 2568 3533 regum,
2610 3470 2906 3533 antequam
2962 3472 3215 3533 parentes
3258 3462 3581 3518 nominatim

2008 3557 2281 3629 appellare
2332 3563 2542 3627 posset,
2585 3556 2835 3627 regnavit
2887 3563 2943 3612 et
2986 3556 3055 3612 de
3083 3555 3334 3613 hostibus
3379 3563 3584 3628 tropaea

2011 3649 2250 3703 statuit?
2281 3647 2417 3715 Quis
2461 3647 2697 3719 denique
2731 3662 2824 3702 rex
2859 3648 2963 3703 fuit
3014 3649 3327 3714 lsraelicus,
3369 3649 3433 3705 in
3476 3666 3587 3722 quo

2010 3751 2161 3804 spem
2197 3750 2354 3791 suam
2381 3743 2572 3806 gentes
2604 3736 2987 3792 collocarent?
3028 3737 3139 3794 Imo
3177 3747 3359 3795 autem
3392 3755 3586 3796 omnes

2009 3827 2264 3882 nationes
2296 3826 2651 3898 undiquaque
2678 3837 2919 3883 vestram
2957 3837 3177 3900 gentem
3230 3831 3391 3887 bellis
3442 3831 3586 3886 inl‘e-

2009 3929 2245 3985 starunt,
2281 3935 2558 3991 nunquam
2601 3920 2984 3978 desinentibus
3022 3923 3285 3992 quamdiu
3330 3923 3588 3980 Hieroso-

2007 4011 2216 4082 solyma
2255 4012 2429 4066 stetit.
2461 4011 2723 4066 lsraelum
2762 4014 2907 4067 enim
2951 4014 3177 4070 assiduo
3224 4015 3435 4086 Assyrii
3484 4031 3586 4085 up-

2007 4107 2350 4169 presserunt,
2386 4099 2626 4171 Aigyptii
2669 4100 2868 4170 aliique
2902 4102 3085 4172 p0puli
3118 4101 3273 4156 bellis
3302 4112 3584 4156 vexarunt.

2008 4189 2284 4245 Nonueet
2313 4189 2553 4246 Davidus
2597 4190 2864 4246 Mnabitas
2920 4191 3063 4246 bello
3104 4192 3281 4263 petiit,
3312 4192 3589 4248 vicissim:-
3620 4252 3621 4257 η

320 4275 418 4328 καὶ
442 4273 521 4344 τῷ
551 4276 650 4345 μὲν
684 4277 864 4347 Ἰησοῦ
895 4280 946 4331 οἱ
988 4280 1308 4351 Ἀμορραῖοι
1336 4282 1713 4351 ἠναντιοῦντο,
1740 4285 1819 4356 τῷ
1849 4287 1886 4340 δί

2009 4298 2117 4353 que
2146 4282 2215 4336 ab
2245 4282 2327 4335 cis
2357 4289 2443 4336 est
2478 4281 2622 4336 bello
2662 4283 2995 4352 impetitus?
3043 4297 3227 4337 nonne
3274 4280 3456 4338 Josias
3487 4283 3588 4338 ~vi-

321 4366 529 4439 Μωῦσῇ
557 4370 585 4420 6
617 4368 869 4439 Ἀμαλὴκ
893 4371 1375 4440 ἀντεστρατεύετο,
1399 4373 1495 4427 καὶ
1519 4373 1689 4438 ὅντως
1710 4376 1886 4430 ἀσπον

2008 4374 2163 4429 cinos
2195 4373 2436 4426 metuit?
2469 4388 2647 4427 nonne
2671 4372 3060 4428 Senuacheribi
3085 4374 3409 4444 jactantiam
3449 4375 3587 4429 Eze-
3638 4392 3645 4397 '

320 4458 410 4511 δον
458 4454 529 4529 ἦν
558 4459 635 4529 τῷ
681 4460 900 4529 Ἰσραὴλ
929 4461 1064 4529 πρὸς
1102 4460 1174 4514 τὰ
1211 4461 1341 4530 ἔθνη
1379 4462 1441 4516 τὸ
1474 4464 1575 4533 τῆς
1600 4463 1800 4533 φιλίας,
1828 4466 1886 4527 ὠ,

2013 4465 2168 4520 chias
2197 4464 2497 4519 extimuit?
2527 4464 2718 4520 Nonne
2740 4473 2794 4518 et
2824 4465 3116 4521 adversum
3138 4464 3365 4521 Josuam
3388 4466 3585 4519 Amor-

326 4550 486 4619 μέχρι
511 4528 615 4602 νῦν
646 4528 986 4621 μαρτυροῦσι
1020 4550 1090 4605 τὰ
1124 4528 1451 4622 γράμματα.
1487 4528 1684 4608 Καὶ-οι
1720 4528 1886 4627 γρ-αμι

2010 4558 2126 4617 τιεί,
2180 4566 2235 4612 et
2294 4557 2585 4613 Amalecus
2647 4566 2842 4613 contra
2900 4556 3106 4613 Mosem
3156 4558 3388 4612 adversa
3428 4557 3581 4628 signa

327 4641 515 4707 ματεῖς
534 4640 925 4710 ἀποκριθέντες
945 4636 1120 4694 εἷπον*
1140 4642 1254 4695 Ούκ
1286 4643 1600 4713 ἀρνούμεθα
1632 4644 1707 4710 ὡς
1730 4647 1886 4701 ταῦτα

2008 4650 2295 4704 tulerunt?
2320 4651 2456 4705 adeo
2486 4649 2633 4703 nulla
2676 4662 2920 4719 unquam
2955 4649 3009 4702 in
3044 4648 3189 4702 hunc
3219 4663 3394 4718 usque
3438 4648 3581 4702 diem

325 4730 424 4798 μὲν
448 4731 626 4784 πάντα
669 4732 1005 4801 γέγραπται,
1040 4734 1431 4805 προσδοκῶμεν
1457 4737 1516 4789 δὲ
1549 4737 1642 4792 τὸν
1672 4739 1886 4809 μηδέπιι

2008 4755 2112 4811 pax
2142 4739 2285 4793 inter
2315 4737 2579 4795 lsraelum
2606 4749 2660 4794 et
2688 4750 2879 4810 gentes
2909 4739 3085 4809 potuit
3107 4740 3359 4809 componi
3387 4756 3403 4804 ;
3436 4740 3582 4809 quod

323 4820 766 4888 παραγενόμενον
795 4821 927 4874 Θεδν
969 4822 1164 4889 Λόγον.
1212 4825 1270 4877 ’0
1317 4824 1373 4877 δὲ
1413 4825 1736 4899 Σίλόεστρος
1774 4828 1899 4899 ἔφη*

324 4909 434 4961 Καὶ
466 4909 580 4970 πῶς
608 4910 709 4963 οὐκ
739 4910 1018 4991 ἠκούσατε
1045 4911 1143 4966 τοῦ
1169 4914 1370 4986 Δανιὴλ
1396 4917 1755 4988 προλέγοντος
1795 4937 1899 4987 φα-

324 4997 496 5067 νερῶς
541 4997 626 5071 [Ρ.
681 4998 812 5071 2781
850 5000 943 5053 καὶ
974 5001 1065 5054 τὸν
1109 5004 1301 5075 καιρὸν
1334 5004 1430 5058 καὶ
1470 5006 1571 5078 τὴν
1609 5007 1759 5061 θείαν
1804 5007 1898 5062 τοῦ

325 5089 578 5157 Σωτῆρος
612 5090 937 5161 ὲπιδημίαν;
984 5091 1125 5160 Φησὶ
1153 5094 1263 5163 γὰρ
1305 5096 1334 5148 6
1373 5095 1898 5166 προσδιαλεγόμενος

326 5180 474 5251 αὐτῷ
490 5182 741 5248 ἄγγελος
762 5184 1164 5254 Ἑϐδομήκοντα
1177 5187 1467 5256 ἐϐδομὰδες
1486 5191 1898 5262 συνετμήθησαν

324 5275 419 5327 ἐπὶ
448 5274 542 5326 τὸν
576 5274 706 5327 λαόν
754 5292 848 5328 σου
884 5277 977 5328 καὶ
1009 5278 1101 5329 ἐπὶ
1134 5278 1231 5348 τὴν
1267 5280 1423 5333 πόλιν
1468 5281 1567 5350 τὴν
1608 5282 1771 5350 ἁγίαν
1803 5282 1898 5336 τοῦ

330 5366 747 5437 συντελεσθῆναι
795 5369 1070 5439 ἁμαρτίαν
1114 5374 1208 5426 καὶ
1254 5371 1350 5425 τοῦ
1390 5373 1742 5438 ἐξιλάσασθαι
1782 5376 1902 5430 ἀδι-

328 5461 475 5524 κίαν,
510 5460 608 5515 καὶ
638 5460 733 5514 τοῦ
770 5465 1068 5532 σφραγίσαι
1099 5466 1377 5535 ἁμαρτίαν
1413 5469 1509 5520 καὶ
1540 5468 1634 5521 τοῦ
1667 5469 1901 5523 ἀπαλεῖ-

328 5555 427 5624 ψαι
475 5554 710 5617 ἀδικίαν,
746 5556 844 5609 καὶ
887 5555 983 5610 τοῦ
1021 5558 1251 5627 ἀγαγεῖν
1283 5559 1633 5629 δικαιοσύνην
1681 5560 1901 5615 αἰώνιον

329 5648 425 5701 καὶ
473 5646 569 5701 τοῦ
625 5649 925 5719 σφραγίσαι
970 5650 1161 5721 ὅρασιν
1198 5650 1293 5704 καὶ
1348 5651 1443 5703 τοῦ
1478 5654 1664 5723 χρῖσαι
1709 5653 1899 5721 Ἀγιον

392 5834 437 5869 ⁸⁸
473 5835 575 5892 lsa.
613 5854 727 5895 ιιιι.
761 5837 794 5894 5
848 5855 1000 5911 seqq.
1078 5843 1119 5875 "
1157 5840 1311 5898 Deut.
1352 5859 1540 5907 χιιι-ιιι,
1572 5843 1657 5899 66.

1734 5843 1778 5875 “
1811 5843 1953 5899 l‘sal.
1986 5859 2097 5901 ut.
2137 5842 2216 5898 l9.

2008 4829 2192 4885 doceri
2224 4837 2406 4899 potest
2432 4846 2497 4883 ex
2525 4830 2961 4884 commentariis.
3005 4827 3142 4883 Tum
3188 4829 3583 4897 respondentes

2005 4921 2200 4976 scribae
2231 4920 2530 4975 dixerunt:
2588 4918 2708 4973 Non
2745 4920 3054 4974 inﬁciamur
3096 4920 3197 4974 ista
3236 4920 3419 4974 omnia
3462 4933 3586 4973 esse

2003 5013 2625 5082 scripta,exspectamus
2649 5021 2826 5066 autem
2862 5011 3098 5066 Verbum
3124 5012 3239 5078 Dei,
3268 5011 3411 5081 quod
3439 5025 3584 5064 non-

2002 5103 2133 5159 dum
2164 5104 2216 5157 in
2240 5118 2456 5157 carnem
2481 5105 2645 5157 venit.
2698 5102 2957 5159 Silvester
2991 5102 3130 5157 dixit
3159 5121 3174 5157 :
3209 5104 3276 5157 Et
3309 5100 3582 5171 quomodo

2002 5211 2112 5252 non
2146 5193 2432 5248 audivistis
2461 5192 2623 5264 487
2648 5178 2932 5248 Danielum
2960 5193 3159 5247 diserte
3181 5201 3394 5262 tempus
3433 5193 3580 5247 desit

2004 5296 2282 5359 gnantem,
2315 5301 2424 5355 quo
2447 5286 2498 5340 in
2528 5297 2700 5339 terras
2737 5284 2995 5341 Servatur
3021 5286 3358 5341 adventurus
3389 5287 3584 5340 esset?

2006 5381 2088 5435 sic
2115 5380 2260 5433 enim
2294 5377 2343 5432 ei
2378 5378 2510 5432 dicit
2532 5392 2776 5446 angelus,
2812 5377 2902 5446 qui
2930 5392 3054 5431 cum
3078 5377 3197 5445 ipso
3226 5376 3581 5445 colloqueba-

2006 5478 2141 5525 tur:
2196 5466 2398 5523 Decisae
2451 5478 2574 5522 sunt
2604 5469 2802 5536 populo
2836 5475 2930 5522 tuo
2976 5467 3211 5536 urbique
3262 5477 3467 5521 sancta:
3511 5466 3571 5521 Π

2007 5560 2322 5629 septimanae
2345 5560 2548 5629 quibus
2586 5571 2870 5627 peccatum
2928 5559 3248 5628 perliciatur
3297 5565 3352 5614 et
3375 5558 3580 5613 delicta

2006 5651 2316 5722 expientur,
2356 5652 2786 5722 obsigneturque
2838 5660 3147 5722 peccaturo,
3209 5661 3263 5705 et
3315 5650 3578 5719 iniquitas

2286 5844 2364 5877 ³³*
2399 5844 2533 5898 lien.
2573 5858 2716 5907 χιικ,
2755 5842 2837 5897 1η.
2913 5844 2957 5875 ⁸⁵
2982 5843 3085 5898 lsa.
3121 5842 3275 5905 n.1,
3308 5841 3362 5896 2.
