4248 6456
700 379 796 442 3.31
1992 386 2312 447 GEORGII
2345 387 2681 446 CEDRENI

3859 391 3976 454 διε

692 497 961 560 deleatur,
991 508 1054 549 ac
1104 504 1306 549 acterna
1354 496 1568 566 justitia
1628 497 2055 554 iutrodueatur:
2116 500 2265 555 ohsi-
2296 508 2341 565 Α

2378 501 2563 567 ἁγίων.
2615 502 2722 555 Καὶ
2752 501 2937 574 γνώσῃ
2985 502 3078 556 καὶ
3114 503 3387 574 συνήσεις,
3428 505 3537 560 ἀπὸ
3578 505 3762 569 ἐξόδου
3807 507 3976 575 λόγου

690 594 888 654 guetur
940 587 1097 652 visio,
1132 595 1187 641 et
1218 587 1454 643 Sanctus
1493 599 1807 646 sanctorum
1867 599 2121 662 ungatur.
2169 590 2274 645 Co-

694 693 1036 748 };uuscesque
1097 687 1151 734 et
1207 680 1482 753 intelliges
1538 682 1606 737 ab
1646 697 1712 737 eo
1766 691 2014 753 tempore
2048 699 2156 755 quo
2189 683 2279 737 dc-

697 779 902 823 rretum
933 769 1126 825 edetur
1150 772 1218 827 de
1244 772 1643 845 Hierosolymis
1670 775 2070 840 instaurandis,
2100 790 2275 846 usque

694 862 759 914 ad
796 861 991 917 ducem
1023 874 1275 927 unctum,
1307 866 1527 922 emuere
1550 867 1885 937 septimanas
1918 870 1946 922 Ἰ
1996 877 2049 921 ct
2103 866 2273 937 septi-

695 970 884 1012 manus
913 956 983 1011 6'2
1030 959 1097 1012 ⁸⁸.
1156 959 1363 1013 Cazt3ra
1398 959 1619 1029 quidem
1682 976 1802 1030 quae
1861 959 2034 1015 sacris
2090 962 2275 1015 consi-

692 1055 855 1111 gnata
927 1056 1058 1102 sunt
1119 1047 1363 1115 Litteris,
1415 1047 1669 1103 fortassis
1735 1048 2099 1103 causabimini
2169 1048 2275 1102 alio

692 1154 814 1193 esse
867 1138 1140 1208 implenda
1197 1148 1463 1210 tempore.
1509 1138 1608 1196 llis
1661 1150 1842 1196 autem
1900 1140 2030 1209 quid
2064 1140 2275 1196 habetis

694 1228 837 1297 quod
893 1231 1235 1300 oppouatis?
1283 1246 1408 1285 cum
1460 1240 1517 1287 et
1554 1248 1765 1303 ungeus
1817 1232 2163 1295 nominatur,
2222 1240 2276 1286 et

692 1323 738 1376 is
770 1322 861 1391 qtti
900 1324 1125 1392 ungitur
1164 1340 1270 1380 non
1299 1325 1464 1380 homo
1515 1327 1608 1380 sed
1663 1325 1899 1381 Sanetus
1958 1336 2272 1381 sanctorum

692 1415 1019 1482 appelletur.
1048 1417 1130 1471 Ad
1163 1417 1408 1485 ejusdem
1453 1432 1627 1486 usque
1681 1419 1973 1472 adventum
2018 1416 2275 1471 llierusoo

693 1507 834 1576 lyma
875 1508 1047 1561 stetit.
1089 1510 1383 1579 P05!quam
1414 1508 1656 1574 advenit,
1691 1524 1868 1577 neque
1903 1518 2077 1563 vatem
2114 1527 2175 1563 ex
2210 1524 2276 1563 eo

693 1596 862 1650 ullum
896 1595 1071 1651 Judmi
1109 1598 1415 1653 habuerunt
1455 1613 1630 1666 neque
1676 1599 1921 1654 visiones
1971 1601 2051 1654 eis
2104 1614 2275 1669 appa-

692 1696 941 1742 ruerunt.
985 1687 1128 1744 Sane
1185 1690 1393 1759 pridem
1435 1702 1489 1745 et
1545 1691 1782 1748 Davidus
1842 1693 1945 1748 fuit
1986 1702 2182 1749 unctus
2222 1703 2276 1748 et

693 1779 953 1833 Solomon
991 1787 1043 1834 et
1086 1780 1372 1847 Ezechias,
1431 1782 1524 1837 sed
1568 1782 1636 1838 iis
1685 1783 1823 1839 vivis
1872 1793 1927 1840 et
1957 1787 2089 1839 urbs
2124 1787 2275 1840 stetit

691 1876 856 1933 atque
909 1881 1068 1921 sacer
1127 1867 1304 1932 locus,
1370 1878 1426 1923 et
1478 1878 1633 1925 vates
1687 1874 1908 1926 oracula
1959 1874 2271 1930 ediderunt.
2307 1844 2352 1905 Β

692 1953 827 2008 Tum
863 1958 1011 2013 uncti
1045 1957 1122 2011 illi
1151 1959 1330 2014 sancti
1358 1961 1577 2031 quidem
1622 1962 1893 2032 homines,
1947 1980 2056 2021 non
2089 1976 2274 2023 tamen

692 2050 868 2103 sancti
920 2060 1240 2106 sanctorum
1278 2061 1407 2108 sunt
1453 2055 1735 2124 appellati.
1792 2055 1955 2113 Vates
2000 2069 2179 2113 autem
2222 2068 2276 2116 et

690 2141 936 2197 visiones
966 2143 1187 2214 quando
1214 2145 1376 2201 desiit
1404 2144 1606 2201 habere
1638 2146 1873 2203 lsraelus
1907 2165 2069 2219 quam
2104 2166 2272 2215 nunc,

688 2233 924 2288 adventu
959 2237 1097 2292 vatis
1130 2246 1183 2292 et
1212 2236 1397 2293 Sancti
1429 2248 1748 2294 sanctorum
1779 2240 1984 2297 Christi
2011 2242 2034 2295 ?
2061 2242 2115 2298 ιιι
2146 2258 2277 2299 vero

688 2321 938 2389 apprime
956 2322 1181 2379 evidens
1215 2326 1432 2395 signum
1460 2334 1623 2396 atque
1659 2328 1923 2383 indicium
1953 2340 2037 2386 est
2066 2333 2274 2388 adven-

688 2420 776 2465 tus
805 2410 965 2466 Verbi
988 2413 1105 2477 Dei,
1138 2417 1282 2485 quod
1310 2433 1489 2488 neque
1514 2417 1890 2490 Hierosolyma
1921 2423 2080 2479 hodie
2102 2432 2270 2489 staut,

691 2516 868 2569 neque
898 2513 1052 2561 vates
1084 2508 1227 2562 inter
1255 2506 1477 2566 Judtcos
1510 2511 1654 2567 ullus
1684 2512 1869 2568 ullave
1897 2514 2040 2570 visio
2071 2524 2270 2572 exstat.

688 2593 857 2667 488
912 2598 1065 2665 Quod
1129 2602 1350 2671 quidem
1413 2613 1533 2659 erat
1596 2616 2060 2664 consentaneum.
2135 2608 2269 2666 Cum

688 2689 834 2742 cuitu
856 2690 967 2759 jam
999 2694 1302 2749 exhibitum
1336 2708 1483 2753 esset
1516 2697 1568 2752 id
1615 2698 1762 2768 quod
1810 2699 2158 2756 indicabatur
2207 2717 2271 2757 ac

690 2777 966 2834 vaticiniis
998 2781 1420 2853 praedicabatur,
1466 2786 1641 2857 signis
1673 2797 1727 2841 et
1756 2788 1975 2845 vatibus
2011 2806 2278 2860 quorsum

2380 592 2475 645 τοῦ
2516 594 2884 663 ἀποκριθῆναι
2924 595 3018 648 καὶ
3068 594 3161 648 τοῦ
3200 596 3555 667 οἰκοδομῆσαι
3616 597 3977 669 Ἰερουσαλὴμ.

2379 683 2482 746 ἕως
2530 683 2765 753 Χριστοῦ
2812 684 3118 755 ἡγουμένου
3166 685 3462 756 ὲόδομάδες
3492 684 3535 752 ζ’
3581 687 3679 741 καὶ
3732 689 3973 758 66699.6-

2378 773 2467 837 δες
2488 773 2585 842 ξβν.
2610 774 2719 829 Καὶ
2753 773 2888 845 πρὸς
2920 773 3020 844 μὲν
3054 776 3168 838 τοῖς
3188 772 3368 837 ἄλλοις
3393 774 3523 838 ἴσως
3554 774 3967 844 προφασιζόμε-

2378 883 2457 919 νοι
2484 868 2562 929 είς
2585 867 2849 936 μέλλοντα
2877 867 3068 937 χρόνον
3102 866 3468 920 ἀναϐάλλεσθε
3490 865 3559 919 τὰ
3583 883 3755 937 γεγρα
3765 866 3968 935 μμέναο

2379 955 2430 1009 τί
2460 955 2515 1008 δὲ
2543 955 2682 1026 πρὸς
2711 956 2882 1009 ταῦτα
2914 956 3096 1024 λέγειν
3126 956 3159 1027 ἢ
3196 956 3332 1019 ὅλως
3365 957 3684 1026 ἁντωπῆσαι
3714 952 3969 1015 εὐνασθε.

2378 1047 2513 1099 ὅπου
2543 1063 2608 1114 γε
2641 1048 2733 1100 καὶ
2772 1048 2800 1099 6
2849 1047 3019 1118 χρίων
3044 1047 3298 1117 δηλοῦται
3348 1047 3446 1101 καὶ⁵
3475 1049 3504 1100 6
3545 1048 3835 1118 χριόμενος
3871 1050 3974 1100 οὐκ

2379 1141 2665 1209 ἄνθρωπος
2696 1141 2812 1195 ἀλλ’
2846 1142 3040 1208 ’Ἄγιος
3064 1141 3234 1210 ἁγίων
3257 1141 3713 1209 καταγγέλλεται,
3741 1142 3836 1195 καὶ
3866 1141 3973 1202 ἓως

2379 1231 2478 1299 τῆς
2523 1232 2830 1301 παρουσίας
2879 1231 3044 1285 αὑτοῦ
3108 1230 3467 1301 Ἰερουσαλὴμ
3518 1230 3843 1291 συνίστατο,
3876 1230 3974 1284 καὶ

2378 1322 2565 1376 λοιπὸν
2595 1323 2736 1385 ἄπας
2783 1325 3069 1395 προφήτης
3118 1322 3397 1376 πέπαυται
3444 1323 3531 1375 καὶ
3583 1324 3777 1392 ὅρασις
3809 1325 3865 1375 ἐν
3896 1324 3971 1391 τῷ

2390 1415 2642 1484 Ἰσραήλ;
2683 1415 2942 1484 Ἑχρίτθη
2979 1415 3165 1485 μέντοι
3196 1415 3366 1469 πάλαι
3395 1414 3563 1467 Δαϐὶδ
3590 1417 3683 1467 καὶ
3713 1414 3968 1483 Σολομῶν

2380 1507 2474 1560 καὶ
2517 1507 2789 1572 Ἐζεκίας,
2829 1508 2943 1560 ἀλλ’
2989 1507 3350 1578 Ἰερουσαλὴμ
3378 1507 3473 1560 καὶ
3519 1509 3545 1560 6
3600 1509 3764 1569 τόπος
3795 1523 3972 1558 συνει-

2384 1601 2570 1669 στήκει
2606 1600 2700 1653 καὶ
2734 1601 3011 1669 προφῆται
3052 1603 3449 1671 προεφήτευον.
3501 1600 3712 1662 Ἀλλως
3762 1600 3819 1652 δὲ
3871 1600 3968 1651 καὶ

2381 1692 2531 1744 αὑτοὶ
2566 1693 2612 1744 οἱ
2660 1692 2980 1760 χρισθέντες
3028 1692 3172 1760 ἆγιοι
3217 1692 3497 1763 ἄνθρωποι
3537 1694 3630 1745 καὶ
3679 1694 3777 1761 οὐχ
3825 1692 3971 1758 ἅγιοι

2379 1784 2551 1851 ἁγίων
2585 1784 2919 1855 ἐκλήθησαν.
2956 1785 3097 1840 Πότε
3134 1784 3193 1838 δὲ
3231 1787 3327 1839 καὶ
3369 1786 3663 1856 προφήτης
3693 1786 3972 1840 ἐπαύσατο

2378 1878 2472 1929 καὶ
2499 1877 2689 1948 ὅρασις
2725 1877 2837 1932 ἀπὸ
2869 1877 2963 1930 τοῦ
3005 1877 3243 1947 Ἰσραὴλ,
3277 1879 3327 1930 εί
3367 1880 3441 1948 μὴ
3486 1878 3603 1942 νῦν,
3637 1880 3727 1931 ὅτε
3765 1882 3793 1933 6
3840 1896 3975 1949 προ-

2378 1969 2746 2039 φητευόμενος
2771 1970 2865 2022 καὶ
2892 1972 2920 2023 6
2953 1969 3142 2038 ’Ἄγιος
3181 1969 3353 2035 ἁγίων
3386 1971 3413 2023 6
3456 1971 3692 2039 Χριστὸς
3724 1974 3970 2041 παρεγέ-

2378 2079 2499 2115 νετο
2520 2079 2537 2127 ;
2563 2062 2635 2133 Ση
2646 2064 2794 2132 μεῖον
2812 2058 2903 2115 οὖν
2925 2061 3096 2126 ὅντως
3121 2062 3262 2132 μέγα
3285 2063 3552 2133 πρόδηλον
3570 2065 3662 2117 καὶ
3684 2065 3973 2135 γνώρισμα

2378 2153 2472 2206 τοῦ
2505 2153 2641 2207 Θεοῦ
2675 2154 2850 2222 Λόγου
2883 2155 2978 2207 καὶ
3005 2154 3104 2224 τῆς
3136 2153 3302 2207 αὑτοῦ
3338 2156 3645 2224 παρουσίας
3680 2156 3741 2209 τὸ
3770 2157 3970 2225 μηκέτι

2380 2245 2477 2315 τὴν
2538 2246 2899 2317 Ἰερουσαλὴμ
2934 2246 3155 2300 ἑστάναι
3211 2246 3350 2317 μήτε
3394 2249 3686 2317 προῃήτην
3727 2250 3960 2317 ἐνεργη-

2379 2333 2535 2404 θῆναι
2596 2339 2733 2404 μήτε
2785 2337 2975 2407 ὅρασιν
3024 2336 3508 2391 ἀποκαλύπτεσθαι
3565 2339 3801 2403 τούτοις.
3855 2341 3970 2393 Καὶ

2378 2427 2624 2490 εἰκότως·
2649 2429 2895 2492 ἐλθόντος
2921 2431 3031 2497 γὰρ
3058 2430 3153 2483 τοῦ
3192 2429 3597 2499 σημαινομένου
3628 2432 3721 2484 καὶ
3752 2450 3968 2503 προςη-

2386 2519 2704 2586 τευομένου,
2731 2520 2814 2584 τίς
2843 2522 2875 2591 ή
2909 2521 3070 2591 χρεία
3101 2521 3211 2575 τῶν
3242 2522 3617 2592 σημαινόντων
3634 2524 3727 2577 καὶ
3760 2542 3971 2593 προσῇ·

2375 2611 2678 2677 τευόντωνς
2708 2612 2807 2666 Διὰ
2836 2614 2945 2684 γὰρ
2978 2612 3138 2667 τοῦτο
3166 2614 3563 2683 προεφήτευον,
3593 2614 3700 2678 ἓως
3741 2609 3802 2669 οὗ
3840 2617 3968 2686 ἔλθῃ

2376 2704 2404 2755 6
2448 2704 2926 2775 προφητευόμενος
2974 2707 3071 2759 καὶ⁵
3119 2706 3489 2777 λυτρούμενος
3538 2707 3639 2772 τὰς
3692 2710 3970 2780 ἁμαρτίας

2390 2795 2627 2848 πάντων.

689 2889 852 2942 porro
878 2892 1011 2934 ttsus
1041 2882 1359 2938 erat?ldeo
1380 2884 1664 2940 vaticinati
1700 2893 1831 2942 sunt
1864 2888 1939 2942 illi
1974 2889 2264 2961 tantisper,
2300 2889 2429 2946 dum
2476 2895 2623 2949 venit
2667 2897 2712 2950 is
2756 2913 2917 2967 quem
2967 2896 3159 2951 adfore
3216 2899 3613 2969 pradicebant,
3682 2900 3968 2954 omnium-

689 2985 797 3039 que
832 2972 1067 3029 abolevit
1102 2985 1344 3047 peccata.

761 3064 876 3121 Jam
899 3070 1025 3139 quis
1047 3070 1149 3125 fuit
1171 3073 1260 3127 ille
1285 3075 1542 3147 princeps
1564 3078 1654 3147 qui
1680 3093 1710 3133 e
1738 3076 2092 3135 Bcthlehcma
2117 3082 2266 3143 exiit,
2298 3086 2341 3145 C

2448 3084 2606 3142 Ποῖος
2659 3082 2838 3134 τοίνυν
2875 3082 3181 3152 ἡγούμενος
3221 3083 3448 3151 ἐξῆλθεν
3486 3085 3551 3138 ὲκ
3586 3084 3836 3155 Βηθλεὲμ
3878 3090 3966 3139 καί

691 3156 783 3224 qui
817 3156 1077 3215 lsraelum
1134 3165 1485 3235 gubernavit,
1554 3169 1716 3239 cujus
1772 3171 1956 3226 exitus
1991 3172 2059 3226 ab
2119 3174 2277 3227 initio

693 3249 815 3311 fuit.
875 3253 943 3307 ab
990 3254 1106 3325 ipsa
1158 3259 1486 3321 wtcrnitate,
1521 3262 1682 3329 Cujus
1717 3278 1916 3317 nomen
1965 3265 2084 3319 sole
2136 3267 2277 3319 anti-

690 3342 856 3410 quius
917 3356 1001 3401 cst
1056 3356 1110 3402 et
1166 3350 1429 3407 nativitas
1476 3352 1917 3409 inenarrabilis?
1969 3356 2084 3412 hate
2130 3356 2276 3411 enim

695 3436 980 3507 Scriptura
1015 3440 1064 3495 ei
1098 3443 1375 3497 attribuit.
1406 3442 1738 3500 Sanctorum
1771 3447 1993 3515 quidem
2032 3448 2275 3501 omnium

692 3541 871 3588 nrtum
924 3533 1133 3590 scimus
1184 3536 1465 3591 memoria:
1498 3537 1796 3605 proditum,
1855 3539 2278 3609 principumque

694 3624 1074 3681 lsraelicorum
1114 3626 1358 3681 omnium
1400 3638 1615 3682 exSIant
1662 3638 1730 3704 et,
1758 3630 1968 3683 natales
1988 3640 2040 3684 et
2070 3631 2274 3695 obitus,

698 3717 1050 3771 monimentis
1112 3717 1420 3773 litterarum
1477 3720 1805 3790 consignati.
1866 3718 2037 3775 Porro
2090 3721 2279 3776 memi-

696 3809 844 3864 nisse
881 3808 1069 3875 debes,
1123 3807 1331 3876 Judcee,
1387 3825 1475 3865 me
1517 3810 1618 3865 hoc
1672 3811 1899 3878 dixissn,
1947 3811 2146 3867 Filium
2183 3812 2278 3866 Dei

696 3911 870 3956 totum
922 3916 1030 3955 non
1080 3901 1253 3957 fuisse
1306 3903 1761 3972 perpessiouibus
1799 3904 2131 3974 subjectum.
2182 3903 2281 3959 sed

698 3996 972 4051 hominem
1045 3995 1204 4063 cujus
1263 3995 1312 4049 ci
1381 3994 1692 4049 substantia
1756 3996 1894 4051 citra
1954 4005 2277 4050 naturarum

696 4088 1083 4143 t-onfusionem
1138 4088 1191 4140 in
1243 4096 1399 4141 utero
1437 4087 1607 4142 beatae
1641 4086 1883 4159 Virginis
1911 4087 2098 4142 Maria:
2125 4090 2279 4142 unita

700 4180 821 4232 t‘uit.
861 4178 1033 4245 Quem
1069 4180 1210 4233 Deus
1257 4177 1575 4232 Abrahamo
1625 4181 1952 4249 promittens
1995 4180 2069 4232 ita
2100 4178 2282 4233 fuerat

699 4271 845 4326 fatus
886 4287 899 4325 :
938 4269 996 4325 In
1043 4272 1256 4327 semine
1303 4278 1399 4324 tuo
1440 4285 1629 4325 omnes
1656 4272 1840 4341 populi
1873 4271 2184 4327 beabuntur
2209 4272 2276 4325 ⁹¹.

704 4361 1019 4432 “avidoque
1081 4363 1338 4420 similiter
1397 4364 1703 4434 promisit:
1763 4363 1999 4419 Fructus
2070 4363 2281 4419 ventris

2388 3172 2480 3225 τὸν
2523 3172 2737 3242 Ἰσραὴλ
2786 3173 3086 3241 ὲποίμανεν
3109 3214 3124 3238 ,
3159 3166 3279 3243 οῦὴ
3314 3173 3493 3237 ἔξοδος
3524 3172 3619 3226 ἀπ’
3653 3174 3830 3244 ἀρχῆς
3876 3176 3970 3244 ἀφ’

2383 3261 2609 3332 ἡμερῶν
2653 3262 2872 3328 αἰῶνος,
2932 3262 3039 3332 πρὸ
3076 3262 3170 3315 τοῦ
3219 3263 3371 3333 ἡλίου
3413 3264 3660 3333 διαμένει
3704 3266 3763 3316 τὸ
3800 3264 3971 3334 ὄνομα

2384 3351 2573 3414 αὑτοῦ,
2617 3352 2712 3405 καὶ
2740 3352 3131 3422 ἀνεκδιήγητος
3162 3355 3196 3423 ἡ
3235 3354 3398 3421 γενεὰ
3426 3355 3614 3418 αὑτοῦ,
3651 3355 3835 3418 καθὼς

2386 3459 2664 3511 γραπται;
2707 3442 2829 3496 Τῶν
2861 3442 2970 3513 γὰρ
3002 3444 3173 3511 ἁγίων
3205 3445 3427 3498 πάντων
3460 3446 3620 3515 ἴσμεν
3647 3446 3745 3513 τὴν
3773 3448 3970 3513 γενεὰν

2389 3534 2803 3603 ἱστορουμένην,
2844 3534 2938 3586 καὶ
2974 3535 3084 3587 τῶν
3113 3534 3395 3605 ἀρξάντων
3422 3538 3515 3590 τοῦ
3562 3536 3780 3606 Ἰσραὴλ
3829 3553 3971 3605 παρ-

2394 3627 2633 3680 ιστῶσαν
2674 3626 2787 3697 τὴν⁸
2822 3627 3037 3694 γένεσιν
3084 3630 3178 3680 καὶ
3222 3628 3314 3680 τὸν
3340 3628 3592 3682 θάνατον.
3640 3629 3971 3697 Μεμνπῖισθαι

2418 3712 2443 3734 τ
2726 3734 2747 3747 ρ
2807 3710 2832 3733 τ
2888 3719 2900 3737 ν
2961 3737 2969 3748 ,
3000 3718 3021 3734 ς
3063 3720 3108 3747 υ.
3334 3720 3352 3746 λ
3530 3738 3550 3747 _
3746 3719 3801 3734 ιιι
3877 3737 3904 3748 -
3941 3720 3966 3751 '-

2385 3733 2480 3770 ουν
2514 3717 2766 3785 ὀφείλεις,
2800 3736 2844 3770 ω
2905 3720 3130 3781 Ιοσοαιε,
3166 3719 3448 3787 εἰρηκεναι
3486 3736 3552 3787 με
3599 3720 3691 3771 τὸν
3716 3719 3846 3771 hev
3887 3738 3968 3772 ,ου

2386 3807 2522 3861 Θεοῦ
2559 3808 2721 3863 πάθει
2768 3810 2829 3861 τὸ
2881 3810 3102 3862 σύνολον
3148 3810 3223 3880 μὴ
3263 3810 3661 3864 ὑποπίπτοντα·
3696 3809 3832 3863 ἀλλὰ
3879 3812 3970 3865 τὶν

2388 3900 2658 3954 ἑνωθέντα
2707 3900 2857 3970 αὐτῷ
2888 3902 3174 3971 ἄνθρωπον
3216 3900 3338 3955 καθ’
3380 3902 3681 3955 ὑπόστασιν
3726 3903 3971 3971 ἀσυγχύ-

2386 4010 2495 4055 τως
2519 3996 2583 4046 ἐκ
2614 3993 2710 4061 τῆς
2740 3992 2901 4060 ἁγίας
2923 3994 3204 4064 Παρθένου
3247 3994 3491 4063 Μαρίας,
3522 3993 3580 4048 ὃν
3605 3995 3972 4063 ἐπηγγείλατο

2387 4088 2415 4139 6
2459 4084 2591 4147 056;
2638 4084 2713 4154 τῷ
2761 4084 3013 4155 Ἀϐραὰμ
3062 4085 3256 4153 λέγων,
3304 4085 3394 4137 Ἐν
3434 4084 3511 4154 τῷ
3560 4085 3839 4153 σπέρματί
3877 4100 3970 4135 σου

2390 4175 2849 4245 εὐλογηθήσονται
2878 4177 3058 4230 πᾶντα
3080 4177 3148 4230 τὰ
3167 4176 3319 4245 ἔθνη,
3352 4177 3447 4230 καὶ
3471 4175 3547 4246 τῷ
3579 4177 3744 4229 Δαϐἰδ
3768 4177 3970 4245 ὁμοίως

2390 4266 2600 4334 λέγων’
2644 4268 2739 4320 Ἐκ
2773 4267 2989 4339 καρποῦ
3044 4269 3144 4337 τῆς
3192 4268 3398 4332 κοιλίας
3442 4285 3533 4321 σου
3578 4267 3817 4338 θήσομαι
3879 4269 3975 4319 ἐπὶ

2390 4358 2484 4412 τοῦ
2531 4360 2721 4430 θρόνου
2774 4377 2889 4413 σου.
2941 4359 3146 4414 Τοῦτον
3198 4359 3565 4430 πειρασθῆναί
3632 4375 3833 4427 φαμεν,
3886 4359 3974 4411 ἵνα

699 4454 779 4508 tui
815 4455 1099 4512 collocabu
1137 4457 1191 4511 in
1223 4457 1361 4511 solio
1393 4465 1486 4511 tuo
1523 4456 1591 4513 ’⁸.
1644 4454 1800 4510 Hunc
1848 4470 1952 4511 nos
2010 4464 2281 4510 tentatum
2317 4461 2352 4516 ι]

2389 4450 2479 4503 τὸν
2521 4450 2852 4520 πειράζοντα
2893 4450 3055 4504 αὑτὸν
3097 4451 3328 4519 νικήσας
3376 4449 3626 4503 διάϐολον
3679 4447 3971 4517 αἰχμαλωο

701 4548 956 4614 dicimus,
1013 4556 1071 4603 ut
1109 4548 1409 4615 diabolum,
1465 4564 1494 4602 a
1551 4564 1662 4620 quo
1700 4549 2041 4612 tentabatur,
2077 4549 2282 4602 victum

700 4640 1091 4710 captivumque
1126 4640 1421 4709 redigeret.
1453 4639 1687 4695 Passum
1721 4639 1981 4702 dicimus,
2009 4645 2069 4691 ut
2101 4639 2284 4694 omnia

702 4729 934 4785 adversa
987 4730 1332 4799 subjicerct;
1377 4738 1680 4791 mortuum,
1732 4739 1793 4785 ut
1839 4744 1965 4785 eum
2023 4728 2288 4799 dejiceret

701 4822 795 4891 qui
831 4824 1028 4879 mortis
1055 4824 1350 4894 potentiam
1378 4822 1632 4879 habebat.
1658 4819 1883 4877 Iudaeus
1907 4829 2085 4875 autem
2111 4820 2283 4879 dixit:

704 4914 849 4983 Ergo
902 4915 998 4970 Dei
1053 4915 1163 4971 duo
1192 4922 1321 4971 sunt
1362 4914 1482 4978 ﬁlii,
1512 4928 1657 4969 unus
1696 4927 1859 4982 quem
1907 4912 2068 4966 beata
2117 4909 2284 4984 Virgo

705 5006 951 5076 peperit,
1007 5007 1146 5061 alter
1202 5020 1364 5077 quem
1431 5005 1786 5074 omnipotens
1848 5001 1992 5057 Deus
2048 5004 2283 5073 genuit?

706 5101 969 5157 Silvester
995 5119 1008 5155 :
1038 5100 1193 5157 Unus
1245 5111 1329 5157 est
1379 5101 1578 5177 Filius,
1614 5099 1894 5154 Christus.
1932 5098 2089 5153 Sicut
2134 5098 2281 5153 enim

705 5207 834 5247 vere
889 5192 1066 5249 Filius
1115 5192 1210 5248 Dei
1266 5192 1581 5254 invisibilis,
1640 5190 1716 5244 ita
1777 5196 1863 5244 est
1910 5190 2072 5244 etiam
2108 5187 2281 5245 Filius

704 5286 947 5341 hominis
974 5286 1231 5341 visibilis.
1275 5284 1379 5351 Qui
1426 5285 1573 5339 enim
1625 5283 1900 5353 perfectus
1948 5289 2067 5334 erat
2116 5280 2282 5346 Deus,

704 5375 873 5447 £3.89
935 5375 1213 5445 perfectus
1266 5375 1432 5430 homo
1492 5372 1902 5428 immutabiliter
1951 5369 2129 5426 factus
2178 5379 2280 5434 est,

708 5474 768 5519 ut
804 5466 1057 5536 perfecta:
1099 5466 1297 5521 salutis
1346 5474 1539 5520 auctor
1598 5461 1915 5517 hominibus
1974 5460 2148 5515 ﬁeret.
2186 5457 2283 5513 Ju-

712 5558 864 5614 dams
898 5576 912 5613 :
940 5557 1006 5612 Et
1037 5559 1309 5628 quomodo
1339 5557 1455 5612 fieri
1489 5564 1666 5628 potest
1696 5556 1769 5609 uti
1799 5553 2040 5625 patiatur
2068 5567 2282 5607 assum-

712 5662 837 5719 ptus
869 5652 1036 5706 homo
1064 5652 1186 5707 sine
1228 5665 1294 5705 eo
1331 5651 1423 5719 qui
1484 5652 1661 5719 ipsum
1714 5646 2058 5715 assumpsit?
2108 5644 2280 5698 Silve-

787 5835 833 5868 °°
860 5837 989 5891 Dan.
1019 5852 1091 5901 ix,
1126 5838 1193 5891 αἱ
1244 5851 1395 5904 seqq.
1463 5838 1502 5868 ³⁸
1538 5838 1671 5890 tieu.
1702 5852 1828 5900 xm,
1863 5840 1941 5890 ξεῖ.

2388 4543 2539 4613 τίσῃ,
2587 4540 2918 4595 πεπονθέναι
2950 4541 3035 4612 [Ρ.
3081 4539 3211 4611 279]
3249 4541 3326 4601 δὲ,
3370 4541 3458 4594 ἵνα
3488 4542 3665 4594 πάντα
3718 4542 3785 4591 τὰ
3820 4540 3971 4608 παεη

2389 4634 2663 4703 ὑποτάξῃ,
2719 4632 2973 4686 τεθνάναι
3027 4630 3106 4697 δὲ,
3156 4630 3244 4683 ἵνα
3294 4630 3357 4683 τὸ
3410 4630 3611 4700 κράτος
3645 4627 3739 4682 τοῦ
3794 4629 3970 4682 θανά-

2386 4742 2479 4778 του
2506 4723 2806 4797 καταλύσῃ.
2846 4723 2905 4776 ’0
2945 4723 3199 4786 Ἰουδαῖος
3229 4717 3384 4775 εἶπεν
3404 4740 3417 4753 ·
3456 4721 3668 4775 Οὐκοῦν
3706 4719 3801 4773 δύο
3831 4722 3971 4773 εἰσιν

2386 4818 2494 4871 υίοὶ
2523 4816 2617 4871 τοῦ
2645 4815 2803 4880 Θεοῦ,
2850 4809 2931 4879 εἷς
2963 4814 3062 4886 μὲν
3104 4816 3133 4868 6
3166 4816 3230 4867 ὲκ
3276 4813 3378 4883 τῆς
3408 4814 3687 4883 Παρθένου
3717 4811 3932 4882 τεχθεὶς
3952 4853 3968 4875 ,

2385 4912 2573 4980 ἔτερος
2609 4908 2667 4962 δὲ
2689 4908 2749 4961 ὃν
2794 4908 3194 4978 παντοκράτωρ
3215 4907 3350 4970 Θεὸς
3376 4906 3671 4976 ὲγέννησες
3727 4905 3784 4959 Ὀ
3814 4906 3970 4972 Ξιγιςς

2386 5002 2711 5073 Σίλὸεστρος
2741 4996 2896 5055 εἶπεν
2915 5016 2930 5031 ·
2963 4993 3188 5063 Υίδςείς
3226 5001 3376 5053 ἐστιν
3402 5000 3431 5051 6
3466 4997 3726 5069 Χριστός.
3753 4996 3969 5065 Ὠσπερ

2385 5093 2494 5164 γὰρ
2521 5092 2738 5163 ἀληθῶς
2761 5094 2877 5145 ἔστι
2904 5091 3041 5145 Θεοῦ
3076 5089 3205 5153 Υἱὸς
3232 5090 3486 5161 ἀόρατος,
3528 5089 3703 5150 οὕτως
3729 5088 3843 5139 ἐστὶ
3873 5087 3970 5147 καὶ

2386 5186 2512 5248 Υἱὸς
2546 5183 2835 5256 ἀνθρώπου
2870 5184 3086 5254 ὁρατός⁹
3118 5181 3324 5247 τέλειος
3357 5181 3467 5250 γὰρ
3493 5178 3568 5233 ὢν
3594 5178 3971 5245 Θεὸς,τέλειος

2386 5277 2674 5348 ἄνθρωπος
2713 5277 3001 5347 ἀτρέπτως
3033 5276 3274 5344 ἐγένετο,
3310 5275 3396 5326 ἶνα
3443 5271 3656 5325 τελείαν
3691 5268 3968 5338 σωτηρίαν

2391 5372 2501 5434 τοῖς
2519 5368 2829 5440 ἀνθρώποις
2851 5366 3131 5439 παράσχῃ.
3164 5367 3222 5419 Ὀ
3254 5367 3503 5427 Ἰουδαῖος
3529 5359 3649 5417 εἷπε
3669 5378 3683 5393 ο
3709 5362 3818 5416 Καὶ
3844 5361 3966 5424 πῶς

2393 5463 2631 5533 ἐγχωρεῖ
2670 5461 2730 5515 τὸ
2757 5461 3032 5532 ληφθέντα
3065 5460 3354 5532 ἄνθρωπον
3393 5458 3627 5527 πάσχειν
3667 5454 3837 5525 χωρὶς
3870 5453 3967 5505 τοῦ

2389 5554 2749 5616 ἀναλαϐόντος
2775 5554 2966 5619 αὑτόνς
3004 5552 3062 5605 ὐ
3091 5552 3244 5620 ἅγιος
3262 5550 3583 5619 Σίλϐεστρος
3611 5544 3762 5601 εἶπεν
3780 5562 3793 5576 ·
3822 5549 3966 5599 Οὐκ-

2393 5648 2487 5700 οῦν
2517 5645 2875 5716 ὑποδείγματί
2912 5663 3017 5698 τινι
3064 5644 3299 5714 ὀφείλεις
3333 5642 3670 5710 διδαχθῆναι,
3702 5639 3785 5691 ἵνα
3823 5638 3970 5707 γνῷς

2019 5838 2062 5867 ”²
2102 5839 2242 5894 Ιδδιι.
2279 5850 2464 5896 mw,
2515 5834 2591 5887 ll.
