4248 6456
293 423 398 487 533

1388 421 1933 485 IIISTORIARUM
1991 423 2523 491 COMPENDIUM.

3463 429 3569 492 534

291 543 373 595 δτι
405 540 499 594 δύο
551 537 693 593 κατὰ
739 537 937 592 ταυτὸν
965 538 1264 610 ἡνωμένων
1301 539 1517 606 φύσεων
1552 541 1584 610 ἡ
1642 540 1742 609 μὲν
1779 537 1876 610 μία
1908 536 1954 594 Α

1908 536 1954 594 Α
1983 552 2097 597 ειει·
2128 559 2140 594 :
2181 543 2444 614 Exemplo
2482 542 2648 614 igitur
2683 543 2869 598 doceri
2917 543 3086 600 debes
3113 542 3328 599 duabus
3359 548 3570 600 naturis

296 633 621 700 ἐριπίπτει
655 633 724 702 τῇ
751 629 930 702 ὕϐρει,
975 632 1008 701 ἡ
1045 631 1102 685 δὲ
1133 632 1290 700 ἑτέρα
1332 633 1538 700 ταύτην
1569 632 1877 700 διαφεύγει.

297 727 404 778 Καὶ
428 726 456 777 ὁ
491 724 746 796 Ἐϐραῖος
775 723 879 794 ἐφη
911 724 1232 778 ’Ἄδύνατόν
1266 729 1380 779 ἐστι
1408 725 1596 778 πεῖσαί
1625 743 1692 796 με
1712 728 1766 778 ἐν
1803 727 1883 778 ἐνὶ

295 818 389 870 δύο
439 811 579 870 εἷναί
635 835 780 880 τινα,
835 818 930 869 καὶ
967 817 1082 888 ἅμα
1130 819 1229 888 μὲν
1278 819 1602 888 κατέχεσθαι
1660 818 1777 888 ἅμα
1827 819 1883 871 δὲ

302 909 556 978 πάσχειν,
609 908 704 962 καὶ
749 907 807 960 ἓν
855 907 1061 962 τούτων
1094 912 1192 978 τὴν
1241 909 1398 976 ὓϐριν
1449 911 1758 982 ιῗιττομένειν.
1829 912 1886 966 '0

302 1001 454 1066 ἅγιος
484 1000 805 1072 Σίλϐεστρος
843 997 1016 1054 εἷπενο
1049 1002 1268 1066 Ἄκουε,
1295 995 1338 1056 ὦ
1384 1003 1623 1075 Ἐϐραῖε·
1654 1003 1889 1057 Δυνατὸν

301 1092 418 1144 ἐστι
450 1091 512 1144 τὸ
545 1091 761 1162 δένδρον
809 1093 932 1163 ἔχον
958 1095 1014 1146 ὲν
1048 1093 1228 1164 ἐαυτῷ
1256 1094 1353 1164 τὴν
1383 1097 1578 1151 ἀκτῖνα
1609 1096 1706 1150 τοῦ
1737 1096 1888 1166 ἡλίου

303 1181 618 1252 τμηθῆναις
658 1183 850 1256 Θαῤῥα
897 1185 1084 1253 λέγει’
1117 1187 1354 1240 Δυνατόν
1402 1190 1570 1242 ἐστιν.
1633 1187 1691 1242 Ὀ
1737 1189 1891 1254 ἅγιος

307 1271 630 1342 Σίλϐεστρος
656 1274 758 1343 ἔφη
787 1290 800 1304 ·
829 1275 1011 1342 Δεῖξον
1048 1279 1184 1347 ἡμῖν
1235 1278 1330 1348 τὴν
1381 1280 1751 1334 ἀποκοπεῖσαν
1797 1282 1891 1335 τοῦ

307 1363 458 1432 ἡλίου
492 1365 688 1417 ἀκτῖνα
731 1368 790 1418 ἐν
839 1367 917 1436 τῷ
946 1369 1244 1439 τέμνεσθαι
1295 1371 1444 1425 αὑτό.
1479 1372 1585 1425 Τοῦ
1617 1373 1672 1426 δὲ
1705 1374 1895 1444 Θάῤῥα

310 1457 644 1520 σιωπῶντος,
669 1460 696 1510 ὁ
719 1459 872 1526 ἅγιος
895 1460 1218 1534 Σίλϐεστρος
1245 1462 1373 1533 ἔφη’
1405 1465 1518 1535 Οὐχ
1552 1468 1683 1536 ὁρᾷς
1704 1466 1896 1536 ὅτιτὴν

309 1547 523 1617 πληγὴν
555 1549 647 1600 τοῦ
678 1551 971 1618 τέμνοντος
1004 1553 1227 1624 σιδήρου
1275 1557 1306 1623 ἡ
1342 1556 1500 1617 ἀκτὶς
1539 1555 1727 1625 πρώτη
1763 1557 1896 1609 ὑπο⁴

307 1636 544 1706 δέχεται,
577 1640 705 1706 πρὶν
738 1641 769 1707 ἦ
805 1641 865 1692 τὸ
900 1641 1056 1706 ξύλον
1103 1644 1506 1712 ὑποδέξασθαι;
1560 1647 1622 1700 Ἡ
1665 1647 1720 1699 δὲ
1761 1649 1898 1718 λαμ-

311 1728 493 1796 πηδὼν
525 1731 701 1783 καίτοι
736 1734 852 1786 ἐκεῖ
878 1730 1012 1787 οὖσα
1061 1735 1184 1789 οὔτε
1232 1739 1508 1809 τμηθῆναι
1549 1739 1678 1793 οὗτε
1717 1741 1899 1795 διακο-

1988 640 2194 691 unione
2219 637 2546 694 constrictis
2578 637 2804 692 alteram
2837 637 3109 706 supplicio
3142 636 3365 707 subjici.
3403 635 3569 690 altera

1988 730 2040 784 id
2100 729 2411 799 etl‘ugicnte.
2476 727 2739 783 Hebrzeus
2801 728 2987 782 dixit:
3053 728 3379 783 Persuaderi
3440 726 3572 780 mihi

1989 821 2139 874 nullo
2197 819 2360 874 modo
2411 828 2612 890 potest,
2677 821 2730 874 in
2795 834 2904 873 uno
2958 833 3080 874 esse
3143 818 3252 873 duo
3300 818 3570 890 quaedam,

1989 917 2190 986 quibus
2252 915 2411 971 simul
2465 914 2784 971 constrictis
2831 921 2997 983 atque
3045 912 3250 982 aliquid
3315 911 3574 981 patienti-

1993 1011 2096 1066 bus
2157 1011 2388 1065 alterum
2457 1007 2839 1063 tantummodo
2915 1007 3055 1062 male
3109 1013 3397 1062 tractetur.
3469 1003 3576 1057 Sil-

1992 1111 2173 1158 vester
2222 1120 2235 1155 :
2289 1101 2472 1165 Audi,
2539 1097 2786 1154 chraee.
2830 1097 3088 1154 Potestne
3160 1099 3324 1154 arbor
3376 1095 3576 1158 scindi,

1997 1198 2050 1252 in
2086 1210 2250 1266 quam
2276 1196 2409 1250 solis
2445 1193 2578 1247 radii
2622 1191 2915 1248 incidunt?
2949 1191 3188 1246 Tharras
3229 1192 3325 1258 ait,
3363 1189 3575 1244 Potest.

1999 1286 2264 1340 Silvester
2293 1303 2306 1340 :
2349 1283 2586 1339 Ostende
2617 1283 2747 1337 mihi
2782 1281 2874 1337 ubi
2909 1282 3096 1337 radius
3125 1282 3259 1337 solis
3291 1280 3575 1335 abscissus

1998 1378 2091 1439 sit,
2141 1376 2269 1430 dum
2336 1375 2499 1429 arbor
2572 1373 2893 1429 secaretur?
2945 1373 3143 1428 silente
3191 1373 3402 1426 Tharra
3462 1371 3579 1424 lucc

2002 1469 2208 1523 addidit
2239 1489 2251 1525 :
2285 1467 2476 1522 Nonne
2529 1466 2682 1522 vides
2733 1467 2902 1519 ictum
2961 1464 3263 1520 scindentis
3301 1462 3427 1517 ferri
3461 1460 3576 1531 pri-

2002 1578 2148 1615 mum
2197 1577 2224 1614 a
2267 1561 2421 1614 radio
2449 1559 2648 1628 excipi,
2687 1569 2980 1628 antequam
3017 1557 3060 1612 is
3090 1559 3231 1612 ictus
3257 1556 3324 1610 ad
3367 1554 3575 1619 lignum

2002 1652 2321 1723 pertingat?
2379 1653 2440 1705 Et
2485 1659 2661 1706 tamen
2722 1650 2903 1722 fulgor
2954 1650 3046 1719 qui
3107 1649 3182 1702 ibi
3239 1655 3346 1712 est,
3397 1659 3577 1714 neque

2007 1744 2181 1800 secari
2213 1759 2389 1811 neque
2419 1741 2591 1797 scindi
2637 1751 2839 1812 potest.
2890 1741 2981 1795 Sic
3027 1749 3080 1794 et
3136 1739 3317 1794 Deitas
3355 1732 3479 1791 cum
3512 1734 3583 1789 ab

311 1824 476 1892 πῆναι
508 1825 750 1881 δύναται.
789 1827 980 1892 Οὕτως
1023 1831 1206 1886 τοίνυν
1239 1834 1334 1886 καὶ
1383 1835 1415 1903 ἡ
1453 1835 1646 1905 θεότης
1695 1836 1901 1908 ἀχώριο
1937 1873 1975 1928 Β

1937 1836 2360 1928 ΒΕιηιηιιηυεΙε
2424 1835 2606 1890 divelli
2672 1849 2778 1889 non
2832 1834 3027 1904 possit,
3087 1832 3194 1901 pati
3249 1837 3431 1883 tamen
3491 1834 3584 1879 aut

311 1934 434 1979 στος
469 1918 561 1970 τοῦ
603 1921 948 1994 Ἐμμανουήλ
991 1922 1126 1978 οὖσα
1158 1925 1352 1979 παθεῖν
1393 1927 1425 1998 ἢ
1479 1928 1752 2000 τμηθῆναι
1791 1931 1894 1984 οὐκ

309 2010 560 2077 ἠδύνατο.
617 2012 788 2066 Τοῦτο
843 2014 901 2067 δὲ
968 2017 1210 2071 ὑπέπεσε
1275 2019 1354 2090 τῷ
1415 2020 1577 2074 πάθει
1626 2021 1655 2075 ὃ
1719 2023 1894 2076 καθά-

314 2115 420 2168 περ
451 2101 512 2152 τδ
548 2101 704 2166 ξύλον
735 2105 828 2156 καὶ
857 2104 1081 2173 δεθῆναι
1120 2112 1216 2162 καὶ
1252 2109 1594 2180 κρατηθῆναι
1638 2111 1891 2180 ἠδύνατο.

314 2190 412 2243 Διὰ
442 2191 552 2261 γὰρ
592 2192 753 2246 τοῦτο
805 2195 1142 2264 κατηξίωσεν
1193 2199 1221 2251 ὁ
1263 2199 1470 2270 Κύριος
1521 2202 1895 2256 ἀπολαϐέσθαι

316 2282 497 2353 σάρκα
525 2284 708 2337 ἔννουν
739 2286 832 2339 καὶ
860 2285 1102 2356 ἔμψυχον
1133 2291 1195 2343 ἐκ
1217 2290 1312 2343 τοῦ
1344 2293 1618 2362 ἡμετέρου
1645 2294 1897 2364 φυράμα-

316 2391 428 2438 τος,
462 2374 548 2427 ἵνα
582 2379 872 2441 κοινωνοὺς
899 2381 1046 2447 ἡμᾶς
1080 2380 1234 2444 θείας
1266 2383 1648 2452 ἀπεργάσηται
1683 2387 1896 2453 φύσεως

318 2468 410 2519 καὶ
445 2467 620 2538 ὲνώσῃ
663 2469 842 2540 ἐαυτῷ
884 2470 983 2542 τὴν
1026 2475 1304 2544 ἡμετέραν
1354 2477 1536 2543 φύσιν.
1575 2478 1809 2532 Ἒνωσιν
1840 2481 1897 2534 δὲ

318 2557 462 2625 λέγω
491 2559 796 2629 ἁσύγχυτον
831 2562 925 2615 καὶ
958 2563 1228 2632 ἄτρεπτον
1261 2567 1356 2618 καὶ
1387 2567 1768 2633 ἀναλλοίωτον,
1803 2570 1899 2623 καὶ

321 2651 385 2717 ἦν
426 2650 583 2716 μόνος
631 2652 789 2714 αὐτὸς
825 2654 1129 2710 ἐπίσταται.
1194 2658 1538 2729 Ἀποκριθεὶς
1585 2661 1640 2714 δέ
1686 2660 1899 2731 Σιμεὼν

322 2737 507 2794 εἶπεν·
547 2745 607 2796 ΕΞ
660 2747 789 2815 περὶ
828 2748 922 2800 τοῦ
958 2749 1225 2821 ὑμετέρου
1249 2753 1488 2820 Χριστοῦ
1531 2755 1581 2806 οἱ
1638 2755 1898 2826 ἡμέτεροι

324 2833 599 2902 προφῆται
649 2837 1090 2904 προεφήτευσαν,
1125 2838 1225 2901 τὰς
1273 2839 1454 2902 αἰτίας
1499 2841 1598 2909 τῆς
1629 2843 1900 2914 τοσαύτης

327 2921 562 2990 ὓϐρεως,
600 2924 693 2976 τοῦ
748 2925 1088 2996 ἐμπαιγμοῦ,
1121 2929 1212 2981 τοῦ
1269 2929 1474 2995 πάθους
1519 2933 1614 2985 καὶ
1660 2935 1754 2987 τοῦ
1805 2936 1906 2990 θα-

325 3017 485 3068 νάτου
537 3017 895 3088 διασάφησον,
945 3022 1031 3074 ἵνα
1070 3022 1261 3076 τοῦτον
1300 3019 1438 3077 εἶναι
1491 3027 1582 3080 τὸν
1629 3029 1902 3100 ἐπηγγελ-

330 3107 486 3176 μένον
524 3108 759 3178 Χριστὸν
788 3113 880 3164 καὶ
915 3114 1073 3182 ἡμεῖς
1113 3115 1230 3186 ἅμα
1275 3117 1404 3188 ὑμῖν
1455 3119 1900 3191 ὁμολογήσωμεν.

2007 1931 2179 1985 scindi
2221 1929 2428 1998 nequit.
2487 1927 2539 1980 Id
2596 1927 2760 1981 modo
2805 1923 3255 1996 perpessionibus
3303 1922 3360 1975 ﬁt
3413 1919 3586 1975 obno-

2005 2016 2192 2085 xium,
2249 2019 2394 2090 quod
2458 2017 2631 2072 instar
2694 2015 2826 2086 ligni
2880 2015 3039 2069 istius
3098 2010 3483 2081 comprehendi
3533 2018 3586 2062 et

2003 2112 2200 2168 vinciri
2259 2118 2462 2182 potest.
2526 2108 2737 2163 idcirco
2789 2108 2934 2162 enim
2985 2105 3244 2173 dignatus
3301 2114 3384 2156 est
3444 2099 3586 2153 Dcus

2005 2206 2305 2260 humanum
2337 2215 2536 2272 corpus
2564 2199 2745 2252 anima
2773 2206 2827 2253 et
2875 2205 3056 2250 mente
3110 2193 3395 2264 prtedilum
3431 2207 3588 2245 assu-

2005 2313 2152 2352 mere
2180 2296 2247 2352 de
2283 2304 2469 2349 nostra
2501 2305 2703 2358 massa,
2743 2299 2804 2345 ut
2835 2305 2937 2344 nos
2963 2288 3162 2341 divina
3187 2293 3397 2340 natura:
3423 2284 3589 2338 faciat

2003 2387 2303 2460 participes
2331 2398 2630 2452 secumque
2663 2389 2911 2436 nostram
2945 2379 3100 2434 uniat
3123 2385 3404 2432 naturam.
3449 2375 3593 2431 Uni-

2005 2487 2208 2538 tioncm
2242 2485 2421 2534 autem
2455 2477 2580 2532 dico
2637 2473 2980 2530 confusionis
3028 2481 3082 2527 et
3128 2470 3451 2526 mutationis
3492 2485 3590 2526 ex-

2009 2585 2212 2646 pertem
2237 2575 2452 2644 ipsique
2486 2571 2588 2627 soli
2615 2569 2913 2640 cognitam.
2965 2565 3269 2636 Respondit
3319 2564 3588 2620 Simeon:

2009 2667 2065 2724 Si
2093 2667 2160 2721 de
2192 2675 2372 2721 vestro
2395 2665 2616 2719 Christo
2645 2659 2818 2716 nostri
2851 2665 3004 2714 vates
3027 2659 3363 2721 cecinerunt,
3391 2669 3591 2711 causas

2007 2758 2139 2816 mihi
2163 2758 2375 2827 aperias
2393 2753 2557 2826 5,90
2573 2752 2732 2808 velim
2758 2766 2856 2806 cur
2876 2750 2922 2805 is
2941 2756 3021 2804 tot
3044 2748 3259 2819 injuriis
3279 2747 3414 2801 allici
3434 2731 3588 2800 illudi

2008 2852 2242 2909 cruciari
2275 2864 2339 2905 ae
2373 2849 2512 2902 mori
2546 2845 2820 2911 debuerit,
2862 2852 2923 2898 ut
2978 2858 3103 2897 eum
3151 2857 3274 2898 esse
3303 2841 3470 2897 istum
3498 2840 3590 2910 qui

2009 2945 2321 3017 promissus
2381 2949 2500 3004 est,
2561 2953 2662 2993 nos
2724 2950 2942 3007 quoque
2997 2934 3278 2989 vobiscum
3340 2931 3590 2987 conﬁteri

2009 3035 2300 3108 possimus.
2351 3029 2614 3084 Silvester
2658 3045 2670 3080 :
2709 3027 2787 3080 Ab
2854 3024 3080 3080 exordio
3119 3021 3332 3086 mundi,
3379 3037 3442 3077 ex
3481 3035 3592 3091 quo

2012 3125 2217 3183 invidia
2241 3122 2444 3176 diaboli
2471 3121 2882 3174 circumventus
2910 3117 3076 3170 homo
3107 3114 3364 3184 paradiso
3386 3113 3591 3183 eiectus

340 3201 398 3253 Ὀ
451 3201 606 3292 ᾰ-γιος
650 3203 973 3272 Σίλϐεστρος
1025 3207 1152 3277 ἔφη’
1205 3209 1293 3276 Ἐξ
1331 3211 1506 3280 ἀρχῆς
1534 3213 1627 3266 τοῦ
1679 3215 1894 3282 αίῶνος,
1936 3233 2017 3292 C‘

1936 3233 1979 3292 ο
2011 3217 2289 3284 mortique
2340 3213 2590 3266 addictus
2640 3210 2766 3275 fuit,
2817 3224 2884 3263 ex
2932 3216 3046 3263 tota
3102 3205 3326 3261 humani
3374 3205 3591 3276 generis

328 3292 420 3358 ἀφ’
445 3288 506 3346 οὗ
525 3295 552 3346 6
577 3294 863 3364 ἄνθρωπος
896 3299 959 3351 ἐκ
981 3297 1075 3352 τοῦ
1101 3302 1430 3368 παραδείσου
1457 3303 1636 3374 φθόνῳ
1657 3305 1906 3362 διαϐόλου

330 3385 592 3456 ἐξεϐλήθη
633 3388 724 3441 καὶ
751 3389 966 3458 θανάτῳ
995 3392 1382 3462 κατεδικάσθη,
1425 3397 1487 3447 ἐκ
1520 3396 1614 3449 τοῦ
1647 3399 1907 3470 φυράμα-

330 3494 421 3540 τος
446 3479 628 3548 πάσης
667 3480 1086 3552 ἁνθρωπὸτητος
1123 3483 1377 3555 Ἀϐραὰμ
1404 3486 1558 3553 ἆγιος
1596 3491 1690 3542 καὶ
1721 3491 1910 3554 πιστὸς

332 3569 577 3636 εὑρεθεὶς
626 3571 816 3625 τούτου
871 3572 964 3625 τοῦ
1021 3575 1439 3646 ἐπαγγέλματος
1500 3579 1704 3649 ἡξιώθη
1760 3583 1911 3654 παρά

331 3661 488 3725 Θεοῦ,
538 3662 630 3715 τοῦ
685 3663 744 3716 ἐν
787 3661 864 3733 τῷ
913 3665 1192 3735 σπέρματι
1241 3667 1407 3720 αὑτοῦ
1447 3668 1912 3740 εὐλογηθήσεσθαι

332 3755 510 3808 πάντα
553 3755 620 3808 τὰ
649 3755 799 3826 ἔθνη.
850 3757 1125 3825 Ἐκλεγε“ις
1161 3754 1253 3814 οὖν
1293 3760 1382 3814 διὰ
1415 3760 1513 3832 τὴν
1544 3763 1645 3831 τῆς
1675 3763 1912 3830 πίστεως

334 3848 494 3914 ἀξίαν
547 3847 805 3918 ἐγέννησε
853 3850 946 3904 τὸν
995 3851 1204 3915 Ἰσαὰκ,
1250 3853 1344 3906 καὶ
1416 3853 1603 3908 Ἰσαὰκ
1649 3855 1911 3925 ἐγέννησε

332 3938 423 3990 τὸν
481 3937 697 3992 Ἰακώϐ.
735 3938 845 4001 Καὶ
891 3939 1066 4004 οὕτως
1111 3942 1392 4011 ἄμεμπτοι
1434 3944 1736 4016 εὑρέθησαν
1772 3947 1913 4000 ὥστε

332 4031 422 4082 τον
454 4031 871 4100 παντοκράτορα
901 4033 1033 4086 Θεὸν
1070 4035 1361 4105 ὲνδιαθέτῳ
1388 4037 1513 4107 ἀξία
1539 4038 1825 4106 βούλεσθαι
1853 4041 1916 4094 τὸ

335 4123 466 4175 ἴδιον
482 4122 651 4194 ὄνομα
683 4123 740 4176 ἐν
774 4123 1231 4196 [Ρ.⁶280]ξτούτοις
1251 4127 1637 4198 ὀνομάζεσθαι,
1663 4130 1912 4200 λέγοντα·

347 4213 491 4280 Ἐγώ
515 4215 631 4283 είμι
660 4217 687 4266 ὁ
715 4215 848 4278 Θεὸς
889 4217 1164 4286 Ἀϐραὰμ,
1191 4220 1286 4272 καὶ
1309 4221 1489 4284 δίθεὸς
1525 4222 1730 4290 Ἰσαὰκ,
1763 4225 1857 4278 καὶ
1888 4227 1916 4278 ὁ

335 4306 468 4368 Θεὸς
521 4305 736 4358 Ἰακώϐ·
778 4306 937 4361 τοῦτό
969 4325 1061 4378 μοι
1109 4309 1282 4379 ὄνομα
1333 4310 1550 4366 αἰώνιον
1593 4315 1673 4377 εἰς
1722 4317 1916 4382 γενεὰς

340 4395 564 4462 γενεῶν.
625 4397 964 4468 Ἀνεφύησαν
997 4395 1090 4454 οὖν
1134 4403 1326 4467 αἰτίαι,
1368 4403 1436 4467 ἃς
1474 4404 1570 4460 νῦν
1603 4407 1815 4478 μακρὸν
1851 4407 1919 4462 ἀν

340 4486 423 4554 εῖη
459 4485 802 4554 καταλέγειν,
833 4487 973 4541 ὥστε
1004 4490 1128 4554 τοὺς
1161 4493 1311 4556 υἱοὺς
1362 4495 1614 4567 Ἀϐραὰμ
1639 4499 1918 4556 κατελθεῖν

2013 3320 2195 3362 massa
2246 3303 2618 3358 Abrahamum
2663 3308 2915 3356 sanctum
2953 3307 3008 3354 et
3054 3297 3265 3352 lidelem
3315 3304 3594 3366 repertum

2011 3399 2156 3454 Deus
2191 3397 2294 3451 ista
2329 3393 2697 3465 promissione
2743 3392 2999 3460 dignatus
3031 3397 3140 3451 est,
3190 3389 3309 3444 fore
3360 3396 3419 3443 ut
3473 3386 3593 3456 ejus

2013 3504 2200 3547 semen
2243 3486 2500 3542 omnibus
2547 3483 2766 3554 populis
2799 3480 3116 3537 beatitatem
3155 3479 3494 3535 conciliaret.
3545 3476 3594 3532 ls

2015 3596 2146 3651 ergo
2185 3579 2256 3634 ob
2307 3578 2430 3632 ﬁdei
2470 3575 2788 3647 dignitatem
2847 3573 3055 3627 electus
3107 3569 3349 3625 Isaacum
3385 3567 3593 3638 genuit,

2016 3676 2238 3732 lsaacus
2290 3670 2580 3726 Iacobum.
2625 3665 2704 3719 Ita
2753 3670 2934 3718 autem
2996 3662 3306 3733 inculpatos
3360 3675 3484 3715 sese
3519 3659 3594 3713 illi

2014 3772 2322 3837 gesserunt,
2367 3770 2424 3814 ut
2459 3773 2584 3812 cum
2619 3757 2761 3812 Deus
2815 3755 3163 3824 omnipotens
3219 3750 3460 3808 nominis
3510 3750 3596 3805 sui

2016 3854 2338 3924 dignitatem
2369 3861 2630 3919 expresse
2662 3853 2916 3901 testatam
2953 3844 3116 3900 vellet
3163 3843 3364 3906 facere,
3408 3857 3595 3896 eorum

2018 3962 2077 4002 se
2109 3944 2274 3998 Deum
2310 3956 2432 3998 esse
2482 3939 2703 4001 dixerit,
2747 3936 2880 4007 Ego,
2940 3935 3217 4005 inquiens,
3271 3949 3392 3990 sum
3455 3933 3598 3988 Deus

2018 4035 2340 4098 Abrahami,
2379 4033 2738 4094 Deuslsaaci,
2793 4045 2856 4084 ac
2899 4027 3040 4084 Deus
3094 4026 3307 4082 Jacobi.
3346 4024 3461 4080 lloc
3518 4033 3602 4080 est

2020 4143 2221 4184 nomen
2269 4141 2449 4182 meum
2483 4125 2876 4193 sempiternum
2918 4136 3014 4191 per
3047 4134 3239 4175 omnes
3291 4127 3479 4174 aetates
3531 4119 3597 4174 ”.

2019 4219 2214 4275 Causae
2250 4217 2478 4288 proinde
2501 4216 2854 4279 exstiterunt,
2881 4228 3020 4282 quas
3048 4212 3136 4267 hic
3169 4225 3602 4266 commemorare

2022 4313 2294 4384 prolixum
2328 4312 2420 4372 sit,
2461 4318 2684 4379 propter
2745 4321 2882 4377 quas
2939 4305 3145 4375 posteri
3198 4304 3497 4358 Abraliami
3547 4303 3600 4357 in

2023 4403 2317 4474 Egyptum
2354 4401 2697 4456 devenerunt
2740 4412 3018 4467 regnoque
3068 4395 3370 4451 Pharaonis
3399 4393 3601 4449 subditi

2027 4495 2268 4550 fuerunt.
2307 4492 2415 4546 Sed
2464 4505 2692 4546 suorum
2731 4504 2943 4544 memor
3000 4487 3401 4557 promissorum
3459 4483 3602 4539 Deus

340 4578 399 4629 ὲν
445 4581 516 4647 γῇ
567 4578 830 4650 Αἰγύπτῳ
878 4581 983 4634 ὑπὸ
1021 4582 1121 4654 τὴν
1166 4584 1444 4653 βασιλείαν
1487 4590 1710 4660 Φαραώ.
1756 4593 1917 4646 Ἀλλὰ
1953 4581 1995 4637 D

1953 4581 1995 4637 Β
2025 4587 2152 4642 inde
2182 4599 2276 4641 eos
2312 4583 2503 4639 eduxit
2547 4595 2713 4635 manu
2765 4579 2945 4633 valida
2989 4586 3320 4648 exsertaque
3350 4575 3598 4637 brachio,

344 4671 694 4738 μεμνημένος
715 4671 816 4740 τῆς
846 4672 1043 4728 ἐαυτοῦ
1078 4677 1412 4745 ἐπαγγελίας
1435 4681 1464 4731 ὁ
1491 4679 1622 4745 Θεὸς
1653 4683 1919 4753 ἐξήγαγεν

340 4761 539 4822 αὐτοὺς
573 4761 785 4814 ἐκεῖθεν
836 4764 896 4816 ἐν
933 4765 1076 4835 χειρὶ
1120 4770 1360 4840 κραταιᾷ
1407 4771 1502 4823 καὶ
1561 4773 1620 4826 ἐν
1673 4772 1919 4845 βραχίονι

343 4848 554 4919 ὑψηλῷ,
587 4850 772 4914 καθὼς
801 4851 1000 4917 πάντες
1028 4854 1164 4910 ἴστε.
1198 4858 1468 4930 ’Ὕστερον
1497 4861 1552 4915 δὲ
1585 4864 1650 4916 ἐκ
1678 4865 1921 4935 σπέρμαο

340 4957 430 5006 τος
477 4942 750 5014 Ἀϐραὰμ,
797 4944 862 4998 τὸ
909 4945 1052 4999 κατὰ
1088 4947 1288 5019 σάρκα,
1335 4952 1529 5023 ἐτέχθη
1577 4955 1607 5007 ὁ
1659 4956 1777 5017 υίὸς
1822 4955 1917 5009 τοῦ

343 5033 501 5098 Θεοῦ,
543 5034 608 5086 ἐκ
644 5034 748 5104 τῆς
774 5035 940 5104 ἀγίας
982 5038 1283 5108 Παρθένου,
1319 5041 1407 5096 ἵνα
1435 5044 1594 5114 ἡμεῖς
1619 5045 1919 5117 ἀναγεννη-

345 5122 526 5194 θῶμεν
548 5125 611 5179 ἐκ
637 5126 874 5196 γαστρὸς
903 5127 1002 5198 τῆς
1033 5129 1308 5200 παρθένου
1348 5133 1695 5205 Ἐκιιλησίας.
1739 5137 1923 5190 Ἐπει-

349 5214 546 5285 ράσθη,
589 5215 677 5270 ἵνα
709 5218 872 5286 ἡμεῖς
910 5218 1300 5292 λυτρωθῶμεν.
1347 5223 1612 5296 Ἐπράθη,
1656 5227 1743 5280 ἵνα
1773 5228 1924 5298 ἡμᾶς

344 5306 672 5380 ἐξαγοράσῃ.
710 5309 1105 5366 Ἐταπείνωσεν
1127 5315 1340 5380 ἑαυτὸν,
1357 5317 1446 5372 ἵνα
1467 5319 1614 5388 ἡμᾶς
1638 5319 1920 5392 ἁνυψώσῃ.

357 5399 664 5470 Ἐκρατήθη
697 5402 848 5471 παρὰ
891 5404 1214 5474 ἀνθρώπων,
1253 5407 1338 5461 ἵνα
1381 5411 1530 5478 ἡμᾶς
1574 5412 1920 5486 ἐλευθερώσῃ

345 5490 444 5558 τῆς
489 5489 598 5542 τῶν
649 5491 919 5560 δαιμόνων
967 5495 1363 5565 αίχμαλωσίας.
1421 5498 1687 5571 Ἔσκατον
1735 5502 1793 5554 ἐν
1843 5503 1921 5573 τῷ

346 5581 488 5650 ξύλῳ
515 5580 609 5633 τοῦ
651 5583 888 5652 σταυροῦ
939 5585 1258 5660 ἐθυσιάσθη,
1308 5589 1399 5644 ἴνα
1442 5591 1542 5658 τὴν
1583 5593 1677 5646 τοῦ
1722 5596 1923 5667 παντὸς

350 5675 552 5745 κόσμου
584 5675 861 5746 ἁμαρτίαν
883 5678 1178 5756 ἀπαλείψῃ.
1217 5685 1465 5757 Ἀνέστη,
1498 5687 1587 5742 ἵνα
1615 5689 1745 5759 ἡμῖν
1777 5689 1921 5761 ζωὴν

417 5853 465 5887 ’⁸
504 5852 676 5912 Exod.
733 5873 822 5921 tu.
855 5859 908 5912 ϐ.

2023 4679 2184 4734 sicuti
2209 4691 2401 4732 omnes
2439 4674 2632 4728 nostis.
2665 4671 2862 4727 Postea
2886 4671 3153 4740 temporis
3199 4685 3268 4724 ex
3305 4668 3598 4723 Abrahami

2022 4771 2230 4828 semine
2256 4768 2534 4830 Christus,
2557 4763 2702 4834 quod
2728 4763 2796 4817 ad
2821 4776 3045 4816 carnem
3074 4762 3291 4824 attinet,
3326 4770 3492 4814 natus
3519 4769 3602 4814 est

2023 4863 2090 4918 de
2115 4863 2268 4916 beata
2301 4859 2546 4929 Virgine,
2610 4857 2690 4911 uti
2745 4871 2847 4910 nos
2877 4855 2945 4909 de
2970 4857 3140 4908 ‘uovo
3167 4853 3325 4922 virgo
3357 4851 3599 4906 Ecclesia

2023 4956 2288 5026 gigneret.
2322 4951 2590 5006 Tentatus
2625 4957 2727 5009 est,
2768 4955 2828 5000 ut
2877 4961 2977 5000 nos
3031 4946 3418 5010 liberaremur;
3472 4959 3602 4996 ven-

2027 5046 2196 5108 ditus,
2231 5051 2290 5097 ut
2318 5057 2420 5097 nos
2456 5040 2750 5096 redimeret
2779 5053 2792 5103 ;
2827 5051 2887 5092 se
2919 5037 3099 5106 ipsum
3133 5036 3374 5099 demisit,
3416 5041 3475 5088 ut
3502 5047 3602 5087 nos

2027 5137 2349 5203 attolleret;
2408 5142 2602 5204 captus
2667 5138 2752 5186 est
2811 5130 2879 5185 ab
2934 5128 3270 5194 hominibus,
3329 5133 3390 5182 ut
3428 5141 3530 5179 nos
3572 5144 3599 5175 a

2026 5233 2334 5288 daemonum
2370 5225 2691 5295 captivitate
2725 5223 2980 5277 liberaret
3079 5219 3320 5289 denique
3350 5219 3404 5272 in
3452 5217 3602 5286 ligno

2025 5320 2208 5376 crucis
2260 5333 2357 5389 pro
2413 5315 2633 5369 victima
2692 5313 2908 5367 oblatus
2959 5320 3064 5375 est,
3111 5320 3170 5365 ut
3207 5310 3378 5364 totius
3411 5307 3599 5362 mundt

2027 5420 2246 5486 peccata
2265 5410 2529 5478 expiaret.
2552 5405 2709 5476 491
2737 5405 2793 5458 lu
2824 5404 2992 5457 vitam
3018 5418 3049 5457 e
3073 5401 3304 5457 mortuis
3335 5400 3516 5463 rediit,
3544 5406 3602 5452 ut

2030 5505 2188 5563 nobis
2219 5505 2382 5558 vitam
2411 5501 2725 5570 largiretur.
2775 5496 2832 5551 lu
2865 5497 3063 5550 emtum
3101 5491 3369 5554 ascendit,
3405 5501 3461 5545 ut
3500 5507 3603 5544 nos

2030 5609 2214 5652 secum
2247 5590 2520 5646 evelleret.
2572 5585 2736 5640 Sedet
2791 5597 2938 5637 nunc
2988 5583 3053 5636 ad
3092 5582 3370 5637 dexteram
3401 5577 3602 5632 Patris~

2031 5695 2088 5744 ut
2123 5684 2376 5741 ﬁdelibus
2406 5677 2759 5751 precantibus
2794 5683 3024 5730 annuat.
3073 5673 3271 5728 Veniet
3315 5678 3498 5725 autem
3549 5670 3603 5721 in
