4248 6456
694 399 801 458 ξιξὶὃ

1993 393 2315 454 GEORGII
2358 393 2692 454 CEDRENI

3836 393 3944 458 536

692 510 800 560 line
831 508 1017 562 mundi
1050 507 1354 577 judicatutn
1383 507 1538 562 vivos
1570 517 1622 562 et
1651 518 1920 572 mortuos,
1963 525 2026 564 ac
2067 511 2264 580 cuique
2296 519 2338 574 Α

2296 519 2338 574 Α
2371 513 2651 588 παράσχῃ.
2690 512 2877 582 Ἀνέϐη
2913 511 2990 574 είς
3014 511 3300 582 ούρανοῦς,
3326 509 3413 563 ἵνα
3435 509 3582 581 ἡμᾶς
3632 511 3950 583 συνυψὼσῃ.

691 603 907 670 dignam
951 603 1065 654 suis
1102 599 1262 655 factis
1297 600 1600 655 mercedem
1640 601 1981 656 redditurus.

2374 604 2623 675 Κάθηται
2651 605 2744 658 νῦν
2769 605 2832 657 ἐκ
2855 603 3044 670 δεξιῶν
3067 603 3160 656 τοῦ
3191 602 3426 673 Πατρδς,
3452 605 3540 656 ἵνα
3565 610 3684 668 ταῖς
3726 604 3950 674 Ἑκκληο

691 698 837 762 σίαις
867 697 974 750 τῶν
1001 696 1207 750 πιστῶν
1236 697 1480 770 ἐπινεύῃ.
1535 698 1844 752 Ἐλεύσεται
1873 700 1927 752 δὲ
1961 699 2055 753 ἐπὶ
2083 701 2364 772 συντελείᾳ
2417 701 2528 754 τῶν
2575 702 2786 754 αἰώνων
2859 701 3042 770 κρῖναι
3092 700 3304 766 ζῶντας
3379 703 3473 756 καὶ
3545 705 3773 772 νεκροὺς
3859 705 3957 758 καὶ

691 792 983 847 ἀποδοῦναι
1013 793 1231 865 ἑκάστῳ
1258 793 1400 848 κατὰ
1427 794 1494 848 τὰ
1527 795 1662 866 ἔργα
1687 793 1878 850 αὑτοῦ.

762 886 898 941 Cum
930 888 1284 944 disseruisset
1333 891 1545 960 prolixe
1599 889 1882 956 Silvester,
1944 893 2264 961 Christique

689 994 778 1034 res
808 995 872 1034 ex
906 981 1080 1036 sacris
1117 980 1340 1035 Litteris
1372 983 1786 1038 accuratissime
1807 983 2261 1052 demonstrasset,

689 1072 974 1144 Judaeique
1000 1074 1294 1127 admodum
1322 1086 1744 1144 superarentur,
1782 1076 2005 1145 quidam
2046 1092 2263 1142 eorum,

691 1162 954 1218 Zambrcs
980 1165 1222 1229 nomine,
1259 1166 1500 1234 reliquos
1523 1164 1741 1220 Juda'os
1795 1168 1866 1218 ita
1907 1174 1991 1220 est
2029 1167 2258 1220 allatus:

695 1257 752 1311 Si
787 1257 1036 1312 Silvestri
1081 1274 1364 1313 sermones
1404 1259 1713 1322 admittitis,
1757 1274 1983 1316 necesse
2037 1272 2121 1317 est
2164 1279 2262 1318 vos

689 1345 836 1413 leges
898 1347 1165 1414 majorum
1239 1355 1548 1402 vestrorum
1605 1347 1880 1413 deserere,
1954 1365 2269 1420 vanumque

690 1435 968 1490 hominem
1003 1437 1179 1506 sequi,
1211 1455 1372 1509 quem
1399 1440 1472 1493 illi
1499 1448 1674 1494 morte
1701 1441 2021 1496 multarunt.
2062 1441 2264 1496 Verum

692 1529 1148 1599 miltiimperator
1177 1531 1532 1600 obsequatur,
1581 1532 1878 1603 iubeatque
1913 1534 2086 1588 ferum
2141 1545 2264 1589 tau-

691 1638 814 1676 rum
880 1621 1100 1686 adduci,
1173 1632 1232 1677 ttt
1283 1624 1384 1677 hac
1445 1639 1546 1696 ego
1593 1625 1682 1679 die
1739 1640 1925 1678 coram
1975 1627 2262 1682 ostendam

689 1723 893 1784 quanta
935 1716 1015 1770 vis
1042 1716 1112 1770 sit
1142 1716 1350 1770 nomini
1394 1715 1489 1769 Dei
1527 1716 1723 1770 nostri.
1746 1716 1867 1772 Non
1899 1719 2044 1772 enim
2076 1719 2258 1773 verbis

689 1803 784 1857 sed
824 1803 983 1859 factis
1013 1805 1296 1858 veritatem
1334 1804 1742 1860 demonstrabo.
1780 1805 2042 1862 Silvester
2089 1807 2260 1877 impe-

688 1906 929 1954 ratorem
957 1900 1209 1955 hortatus
1232 1907 1290 1953 ut
1323 1907 1540 1954 taurum
1573 1903 1737 1955 talem
1769 1901 1989 1969 juberet
2040 1903 2259 1968 adduci,

690 1991 911 2045 interim
953 1991 1238 2046 Zambrem
1280 1991 1582 2062 interrogat
1616 2009 1713 2047 cur
1745 2000 1962 2047 taurum
1996 1995 2260 2063 requirat.

689 2079 986 2136 Zambres:
1021 2081 1158 2148 Quia
1204 2097 1402 2136 nomen
1450 2083 1621 2148 nostri
1672 2081 1769 2138 Dei
1813 2085 1960 2138 nulla
2012 2093 2264 2139 creatura

689 2173 884 2230 audire
910 2181 1088 2244 potest
1116 2175 1248 2243 quitt
1281 2175 1570 2239 moriatur,
1595 2174 1720 2229 volo
1768 2174 1890 2243 ejus
1920 2174 2026 2229 vim
2072 2174 2126 2228 in
2165 2173 2266 2230 hoc

692 2277 849 2321 tauro
877 2275 1061 2337 aperte
1089 2275 1418 2320 monstrare.
1455 2266 1722 2320 Silvester
1750 2284 1764 2323 :
1803 2267 2092 2332 Quomodo
2138 2283 2266 2337 ergo

692 2357 824 2412 illud
854 2372 1049 2411 nomen
1073 2367 1128 2411 tu
1160 2357 1452 2412 didicisti?
1477 2356 1555 2410 Ex
1582 2357 1840 2428 aliquone
1866 2359 1919 2412 id
1948 2359 2146 2413 audisti
2173 2366 2267 2412 aut

693 2449 907 2519 legisti?
938 2449 1199 2506 Zambrcs
1225 2467 1238 2503 :
1267 2447 1453 2521 Neque
1481 2449 1672 2504 charta
1708 2444 1887 2520 nequc
1917 2451 2055 2519 lapis
2088 2465 2268 2520 neque

694 2543 900 2611 lignum
935 2541 1052 2611 ejus
1086 2541 1330 2595 nominis
1389 2549 1474 2594 est
1499 2555 1690 2610 capax.
1749 2541 1862 2612 Ego
1919 2551 2098 2596 autem
2141 2556 2264 2595 cum

685 2634 1050 2702 jejuuassem,
1084 2633 1137 2684 in
1174 2639 1486 2701 argenteam
1519 2631 1716 2700 pelvitn
1765 2647 1962 2685 novam
2018 2633 2267 2685 immissa

691 2741 830 2795 aqua
865 2726 916 2778 id
949 2725 1209 2779 addidici.
1269 2723 1364 2780 llis
1406 2725 1567 2779 dictis
1621 2725 1780 2778 simul
1830 2727 1992 2779 etiam
2047 2732 2265 2778 taurum

693 2819 848 2873 tuulti
879 2819 981 2872 viri
1014 2818 1258 2887 undique
1285 2817 1508 2872 funibus
1554 2816 1798 2871 vinctum
1828 2816 1990 2888 492
2033 2826 2270 2872 attraxe-

695 2919 845 2970 runt.
873 2910 1213 2965 ferissimum
1273 2927 1336 2965 ac
1369 2893 1771 2980 priegrandem.
1825 2910 1898 2963 lbi
1944 2910 2269 2966 Silvestrum

693 3003 1042 3058 subsannans
1075 3002 1356 3066 Zambres,
1382 3002 1679 3066 Nunc,ait,
1707 3003 1890 3057 verbis
1919 3003 2024 3057 tuis
2054 3018 2272 3058 eorum-

2455 894 2580 947 Ἐπὶ
2614 893 2747 948 πολὺ
2778 889 2872 946 οὗν
2896 892 3271 962 διαλεχθέντος
3291 891 3386 945 τοῦ
3417 891 3572 960 ἁγίου
3602 893 3951 961 Σιλσέστρου,

2372 988 2466 1039 καὶ
2497 987 2595 1040 σὺν
2621 986 2790 1056 πολλῇ
2816 985 3070 1056 ἀκριϐείᾳ
3101 984 3518 1046 ἀποδεικνύντος
3549 988 3614 1037 ὲκ
3644 985 3753 1037 τῶν
3794 986 3954 1038 θείων

2371 1078 2410 1130 Γ
2417 1079 2602 1148 ραφῶν
2650 1079 2720 1131 τὰ
2753 1079 2881 1147 περὶ
2923 1075 3015 1128 τοῦ
3061 1075 3323 1146 Χριστοῦ,
3378 1076 3473 1128 καὶ
3525 1075 3634 1128 τῶν
3682 1077 3955 1129 Ἰουδαίων

2374 1171 2623 1238 μεγάλως
2673 1169 3037 1240 ἡττηθέντων,
3099 1167 3204 1237 ἔφη
3251 1185 3336 1231 τις
3389 1167 3449 1231 ἐξ
3497 1167 3678 1220 αὐτῶν
3727 1169 3931 1235 ὀνὸματ

2369 1261 2630 1331 Ζαμϐρῆς
2667 1261 2802 1333 πρὸς
2833 1259 2958 1322 τοὺς
2997 1259 3219 1321 λοιποὺς
3271 1259 3595 1321 Ἰουδαίους·
3652 1258 3712 1312 Ei
3771 1259 3927 1310 Σιλῦέ

2367 1372 2528 1424 στρου
2584 1354 2766 1422 λόγοις
2823 1351 3142 1424 προσέχετε,
3208 1352 3422 1421 ἀνάγκη
3472 1353 3600 1416 τοὺς
3663 1353 3954 1422 πατρῴους

2365 1447 2563 1517 νόμους
2589 1446 2910 1498 καταλιπεῖν
2939 1447 3034 1497 καὶ
3067 1442 3384 1497 ἀκολουθεῖν
3411 1441 3686 1513 ἀνθρώπῳ
3713 1445 3952 1512 ματαίῳ,

2365 1539 2426 1592 ὃν
2470 1541 2518 1590 οἱ
2569 1539 2806 1607 πατέρες
2844 1537 3006 1607 ἡμῶν
3037 1537 3422 1591 κατεδίκασαν.
3477 1535 3620 1589 Ἀλλ’
3666 1535 3955 1587 ἀκουσάτω

2366 1648 2468 1702 μου
2500 1632 2527 1682 6
2561 1629 2829 1699 βασιλεὺς,
2864 1629 2958 1681 καὶ
2995 1627 3272 1698 ἐνεχθήτω
3302 1628 3502 1697 ταῦρος
3559 1629 3773 1696 ἄγριος,
3811 1627 3952 1678 ὥστε

2367 1739 2433 1793 με
2462 1722 2629 1786 δεῖξαι
2674 1723 2915 1791 σήμερον
2946 1720 3182 1774 ἐνώπιον
3229 1720 3393 1772 αὑτοῦ
3441 1720 3539 1790 τὴν
3585 1719 3814 1785 δύναμιν
3858 1718 3954 1771 τοῦ

2367 1813 2630 1883 ὀνόματος
2675 1812 2770 1865 τοῦ
2819 1811 2954 1865 Θεοῦ
2998 1811 3177 1882 ἡμῶνο
3213 1811 3336 1864 οὑδὲ
3387 1809 3494 1879 γὰρ
3525 1809 3612 1862 διά
3656 1811 3944 1879 ῥημάτων,

2369 1905 2504 1959 ἀλλὰ
2533 1904 2620 1958 διὰ
2655 1904 2995 1973 πραγμάτων
3039 1901 3307 1972 βούλομαι
3335 1902 3654 1954 δείκνυσθαι
3689 1902 3788 1968 τὴν
3819 1902 3955 1970 ἀλὴο

2371 1997 2544 2051 θειαν.
2585 1996 2644 2049 Ὀ
2675 1996 2732 2048 δέ
2767 1994 3126 2065 Σίλὸρεστρος
3169 1993 3559 2063 παρακαλέσας
3589 1993 3829 2045 τοιοῦτον
3874 1994 3959 2045 ὲν-

2370 2087 2595 2158 εχθῆναι
2614 2087 2837 2157 ταῦρον,
2861 2087 3144 2156 ἠρώτησεν
3163 2088 3220 2138 ὲν
3244 2085 3321 2154 τῷ
3339 2085 3539 2153 μεταξὺ
3557 2085 3648 2138 τδν
3673 2087 3952 2156 Ζαμερῆν·

2369 2183 2526 2245 Τίνος
2582 2181 2767 2234 ἕνεκεν
2829 2179 3109 2249 ἐπιζητεῖς
3159 2179 3251 2231 τὸν
3303 2179 3533 2248 ταῦρον;
3605 2179 3712 2232 Καί
3767 2193 3953 2248 φησιν·

2383 2275 2602 2344 Ἐπειδὴ
2631 2275 2692 2327 τὸ
2713 2273 2882 2343 ὄνομα
2907 2271 3002 2324 τοῦ
3028 2271 3298 2342 ἡμετέρου
3326 2270 3462 2323 Θεοῦ
3496 2271 3723 2340 ούδεμία
3759 2271 3954 2338 κτιστὴ

2371 2363 2532 2434 φύσις
2577 2363 2859 2416 ἀκούσασα
2895 2363 3143 2431 ζήσεται,
3181 2361 3440 2430 βούλομαι
3489 2360 3575 2413 διὰ
3612 2359 3705 2413 τοῦ
3750 2360 3954 2430 ταύρου

2370 2456 2466 2526 τὴν
2519 2454 2672 2524 ἰσχὺν
2703 2453 2982 2516 ἀποδεῖξαι
3016 2453 3220 2519 σαφῶς.
3259 2451 3400 2522 Πρὸς
3447 2453 3506 2504 ὃν
3549 2454 3576 2505 6
3634 2451 3958 2524 Σίλϐεστρος

2372 2545 2497 2616 ἐφη·
2524 2544 2634 2597 Καὶ
2661 2544 2726 2597 σὺ
2750 2544 2886 2613 ποίῳ
2910 2543 3094 2612 τρόπῳ
3117 2541 3177 2593 τὸ
3203 2541 3374 2604 θνομα
3406 2540 3563 2594 τοῦτο
3593 2540 3953 2610 μεμάθηκας;

2371 2634 2517 2708 *Αρα
2548 2638 2696 2706 παρά
2722 2654 2866 2698 τινος
2900 2637 3138 2698 ἀκούσας
3168 2634 3200 2703 ἦ
3251 2635 3549 2700 ἁναγνούς;
3603 2633 3662 2685 '0
3687 2633 3741 2686 δὲ
3782 2629 3953 2685 εἷπε-ν

2372 2729 2511 2786 Οὔτε
2539 2729 2746 2799 χάρτης
2787 2727 2911 2779 οὔτε
2954 2727 3101 2790 λίθος
3142 2724 3266 2778 οὔτε
3305 2725 3462 2790 ξύλον
3501 2723 3863 2788 ὑποδέξασθαι
3894 2724 3959 2777 τὸ

2386 2824 2558 2892 ὄνομα
2587 2823 2696 2893 (79)
2737 2821 2896 2874 τοῦτο
2965 2820 3206 2873 δύναται·
3259 2819 3370 2886 ἐγὼ
3415 2818 3471 2871 δὲ
3515 2816 3820 2886 νηστεύσας
3864 2815 3960 2868 καὶ

2374 2919 2455 2980 είς
2504 2917 2756 2985 ἀργυρᾶν
2805 2914 3039 2982 λεκάνην
3071 2914 3266 2981 καινὴν
3299 2910 3443 2980 ὕδωρ
3494 2908 3748 2979 ἐμϐαλὼν
3801 2907 3961 2960 τοῦτο

2379 3009 2695 3080 μεμάθηκα.
2728 3006 2949 3059 Τούτων
2979 3005 3074 3058 οὖν
3109 3004 3418 3074 λεγομένων
3459 3001 3600 3072 ἢχθη
3640 3003 3733 3053 καὶ
3776 3002 3802 3052 6
3831 2998 3962 3051 ταῦ-

693 3111 800 3164 que
835 3096 1170 3165 argumentis
1193 3096 1312 3150 linis
1340 3095 1582 3149 advenit.
1623 3096 1678 3148 Si
1710 3096 1939 3150 conﬁdis
1971 3096 2024 3149 in
2049 3097 2271 3150 nomine
2299 3112 2345 3174 ς

2299 3112 2345 3174 ς,
2380 3121 2468 3172 ρος
2507 3103 2611 3154 ὑπὸ
2655 3099 2866 3153 πολλῶν
2909 3097 3121 3167 ἀνδρῶν
3153 3096 3469 3165 ἑλκόμενος,
3509 3094 3791 3164 δεδεμένος
3819 3094 3961 3145 πάν-

697 3188 792 3242 Dei
857 3189 958 3254 tui,
1023 3189 1318 3258 pronuntia
1379 3186 1648 3257 agendum
1700 3188 1750 3240 id
1799 3188 1866 3241 ad
1909 3203 2070 3244 aures
2127 3187 2269 3242 tauri

697 3281 882 3350 hujus,
917 3293 1081 3351 atque
1102 3282 1172 3334 ita
1193 3281 1480 3335 veritatem
1516 3289 1621 3333 tuae
1641 3281 1923 3348 religionis
1952 3281 2270 3350 imperatori

698 3372 886 3442 proba.
925 3371 1021 3425 Sin
1057 3386 1207 3435 vero,
1233 3375 1351 3441 ipse
1382 3370 1786 3440 pronuntiabo;
1821 3386 2121 3439 omnesque
2150 3379 2270 3438 sta-

695 3469 792 3520 tim
849 3468 913 3521 ad
975 3483 1060 3523 me
1103 3475 1396 3522 accurrent
1448 3467 1718 3536 (idemque
1773 3465 1905 3519 mihi
1974 3464 2271 3516 habeliunt.

698 3563 766 3616 Et
821 3561 1103 3623 Zambres,
1159 3562 1362 3616 Judazis
1419 3578 1483 3616 ac
1547 3562 1772 3631 reliquis
1830 3558 2271 3622 exhortantibus,

700 3671 898 3710 nomen
929 3657 992 3709 ad
1027 3671 1190 3710 aures
1221 3656 1359 3709 tauri
1397 3655 1656 3725 protulit:
1686 3665 1850 3724 atque
1900 3654 2046 3706 illico
2084 3663 2274 3704 taurus

701 3765 900 3817 magno
936 3749 1146 3817 mugitu
1178 3747 1351 3810 edito,
1384 3747 1564 3801 oculis
1596 3746 1752 3800 elisis
1799 3744 2124 3814 exspiravit.
2174 3741 2273 3796 llic

699 3837 902 3895 Jutlzeis
929 3839 1337 3894 exsultantibus
1367 3854 1432 3894 ac
1475 3849 1671 3894 contra
1735 3837 2057 3892 Silvestrutn
2103 3836 2276 3889 multa

698 3931 1058 3998 jac-tantibus,
1087 3931 1416 3985 Christianis
1445 3945 1624 3983 autem
1661 3930 1809 3999 gravi
1845 3927 2034 3980 dolore.
2058 3927 2274 3990 oborto,

703 4022 966 4076 Silvester
998 4022 1382 4090 imperatorem
1423 4023 1635 4090 mgavit
1690 4028 1750 4072 ut
1788 4019 2067 4073 silentium
2104 4017 2277 4071 turba:

706 4115 1022 4182 imperaret.
1085 4115 1204 4179 Quo
1263 4113 1405 4167 facto
1466 4116 1582 4182 ipse
1643 4112 1860 4166 sublimi
1925 4120 2078 4165 stans
2134 4112 2276 4172 loco,

703 4206 926 4269 Audite,
971 4208 1169 4276 inquit,
1203 4220 1460 4275 proceres
1518 4213 1683 4273 atque
1713 4205 2009 4273 principes,
2050 4201 2274 4271 populi-

705 4318 811 4369 que
834 4316 1024 4354 omnes
1058 4300 1220 4354 verba
1269 4312 1387 4353 mea
1423 4297 1654 4351 attentis
1705 4298 1971 4366 pereipitc
2026 4295 2272 4348 auribus.

708 4391 952 4445 l’rzctlico
975 4391 1263 4445 Dominum
1293 4389 1534 4443 universi
1564 4388 1750 4440 mundi
1771 4387 1952 4440 Jesum
1976 4385 2278 4448 Christum,

2379 3196 2534 3248 τοθεν
2587 3193 2861 3262 σχοινίοις,
2920 3187 3259 3259 ἀγριώτατος
3304 3187 3400 3240 καὶ
3454 3185 3625 3254 μέγας
3678 3185 3962 3254 ὑπάρχων.

2380 3287 2536 3338 Καὶὸ
2558 3284 2817 3352 Ζαμόρῆς
2849 3281 3202 3342 ἐπιτωθάζων
3232 3279 3307 3348 τῷ
3339 3278 3649 3347 Σιλὸέστρῳ
3683 3278 3811 3345 ἔφη·
3849 3275 3965 3328 Νῦν

2379 3378 2447 3430 τὰ
2477 3379 2695 3446 ῥήματα
2735 3377 2827 3428 καὶ
2877 3376 2932 3426 αἱ
2970 3373 3259 3434 ὑποθέσεις
3304 3373 3414 3424 τῶν
3450 3373 3708 3440 ῥημάτων
3754 3387 3845 3421 σου
3881 3370 3971 3420 τέ-

2381 3473 2469 3532 λος
2497 3468 2582 3541 [Ρ.
2611 3468 2741 3540 281]
2765 3467 3000 3531 ἕξουσιν.
3025 3467 3088 3519 Εἰ
3109 3467 3206 3535 μὲν
3228 3464 3320 3518 οῦν
3344 3465 3567 3536 θαρρεῖς
3595 3467 3674 3526 εἰς
3704 3464 3764 3516 τὸ
3793 3464 3967 3533 ὄνομα

2382 3562 2476 3614 τοῦ
2516 3561 2652 3613 Θεοῦ
2688 3577 2802 3620 σου,
2841 3560 2961 3611 εἰπὲ
3012 3558 3170 3610 τοῦτο
3203 3555 3348 3610 κατὰ
3381 3558 3480 3625 τὴν
3510 3556 3678 3625 ἀκοὴν
3709 3555 3801 3607 τοῦ
3832 3555 3966 3607 ταύο

2388 3673 2503 3726 ρου,
2550 3655 2643 3707 καὶ
2687 3653 2948 3724 δειχθήσῃ
2994 3652 3406 3720 Παντοκράτορι
3447 3648 3786 3717 θρησκεύων·
3833 3649 3882 3698 εἰ
3923 3646 3968 3698 δ’

2384 3744 2503 3811 οὖν,
2548 3746 2686 3810 λέξω
2729 3744 2862 3812 ἐγὼ,
2905 3744 2997 3796 καὶ
3041 3743 3245 3804 πάντες
3287 3744 3354 3811 τῇ
3399 3741 3506 3810 ἐμῇ
3557 3737 3969 3809 προσδραμοῦσι

2384 3839 2588 3891 πίστει.
2617 3837 2738 3888 Τῶν
2772 3835 2826 3887 δὲ
2866 3834 3138 3886 Ἰουδαίων
3176 3831 3272 3886 καὶ
3313 3831 3423 3883 τῶν
3467 3830 3645 3883 ἄλλων
3677 3846 3972 3899 παρορμη-

2388 3931 2598 3984 σάντων
2621 3930 2796 3981 είπεῖν
2822 3926 2917 3978 τὸν
2947 3925 3209 3995 Ζαμὸρῆν
3252 3924 3312 3976 τὸ
3338 3924 3510 3994 ὄνομα
3539 3921 3644 3974 ὑπὸ
3676 3922 3772 3990 τὴν
3799 3922 3970 3990 ἀκοὴν

2384 4023 2480 4076 τοῦ
2524 4021 2748 4090 ταύρου,
2794 4019 2890 4071 καὶ
2933 4019 3124 4070 τούτου
3172 4017 3442 4080 εἰπόντος,
3493 4015 3656 4076 εὐθὺς
3699 4015 3726 4065 6
3769 4014 3971 4082 ταῦρος

2391 4115 2773 4182 μυκησάμενος
2807 4111 2950 4179 μέγα
2985 4109 3092 4161 τῶν
3116 4108 3412 4175 ὀφθαλμῶν
3441 4105 3602 4158 αὐτοῦ
3640 4104 3969 4168 ἐξελθόντων

2389 4201 2672 4271 ἐξέψυξεν.
2735 4197 3217 4268 Ἀνασκιρτώντων
3258 4194 3352 4249 οὖν
3397 4197 3504 4248 τῶν
3565 4194 3835 4247 Ἰουδαίων
3876 4196 3973 4245 καὶ

2393 4291 2882 4365 μεγαλαυχούντων
2910 4289 3053 4342 κατά
3075 4287 3422 4358 Σιλὸέστρου,
3451 4288 3544 4338 καὶ
3572 4285 3681 4338 τῶν
3705 4285 3972 4353 Χριστια-

2390 4388 2498 4442 νῶν
2529 4385 2883 4453 λυπουμένων
2913 4382 3138 4452 σφόδρα,
3171 4379 3424 4434 κελεῦσαι
3451 4378 3530 4447 τῷ
3560 4376 3672 4445 λαῷ
3696 4377 3969 4446 ήσυχάσαι

709 4486 802 4551 qui
839 4483 1000 4536 caecis
1030 4483 1231 4544 visum,
1271 4479 1454 4535 surdis
1485 4479 1754 4538 auditum,
1800 4479 1964 4531 mntis
2013 4477 2280 4545 loquelam
2316 4468 2360 4523 Ι)

2316 4468 2360 4523 D
2389 4476 2698 4546 παρακαλεῖ
2738 4475 2765 4525 6
2818 4472 3139 4538 Σίλῦεστρος
3181 4470 3272 4521 τὸν
3321 4468 3567 4536 βασιλέα.
3620 4467 3728 4519 Καὶ
3771 4465 3966 4517 τούτου

714 4577 977 4636 rc5tituit,
1010 4589 1203 4628 manus
1244 4573 1426 4627 aridas
1467 4570 1696 4632 sanavit,
1754 4569 1977 4623 claudos
2021 4568 2074 4621 itt
2140 4569 2277 4620 inte-

713 4683 873 4738 grum
919 4667 1161 4735 reposuit
1216 4673 1435 4726 statum,
1467 4663 1711 4730 leprosos
1764 4661 2034 4729 purgavit,
2067 4659 2281 4712 luxatos

715 4769 871 4812 artus
909 4757 1166 4818 ﬁrmavit,
1221 4765 1466 4806 mortuos
1508 4753 1562 4805 in
1617 4753 1778 4804 vitam
1840 4750 2078 4802 reduxit.
2135 4749 2289 4804 Unde

720 4851 932 4916 liquido
957 4857 1041 4903 est
1089 4851 1524 4902 demonstratum
1572 4858 1770 4898 nomen
1822 4841 1976 4901 illud,
2013 4841 2158 4908 quod
2221 4840 2287 4894 ad

718 4941 1026 4996 necandum
1062 4948 1275 4991 laurum
1307 4936 1570 4989 Zambres
1595 4934 1890 4994 invocavit,
1915 4932 2114 4986 diaboli
2142 4946 2285 4985 esse.

727 5033 782 5085 Si
815 5032 961 5085 enim
997 5037 1216 5084 mortuo
1249 5029 1412 5080 vitam
1445 5025 1674 5080 reddere
1711 5039 1814 5078 non
1849 5030 2050 5092 potest,
2099 5023 2289 5091 utique

718 5124 844 5176 vitae
879 5130 931 5175 et
966 5119 1162 5173 salutis
1196 5118 1369 5171 hostis
1393 5125 1496 5177 est,
1523 5116 1616 5183 qui
1659 5115 1840 5167 vivum
1880 5127 2098 5172 necare,
2143 5127 2292 5166 mor--

720 5224 878 5268 tuum
919 5221 1097 5265 autem
1124 5210 1404 5263 viviﬁcare
1438 5206 1646 5275 nequit.
1685 5205 1822 5258 Tum
1854 5203 2114 5257 Zamhres
2148 5202 2294 5254 tuni-

721 5321 841 5360 cam
868 5319 1022 5360 suam
1053 5302 1424 5372 disrumpens,
1451 5298 1686 5369 Optime,
1743 5297 1942 5366 inquit,
1998 5295 2294 5362 imperator

2384 4566 2679 4636 γενομένου
2728 4565 2822 4616 καὶ
2867 4563 2952 4630 ἐρ’
3005 4561 3210 4631 ὑψηλοῦ
3255 4561 3422 4612 τόπου
3475 4557 3607 4619 στὰς
3638 4559 3665 4609 6
3700 4557 3971 4626 μακάριος

2386 4659 2708 4726 Σίλὸεστρος
2738 4657 2840 4725 ἔφη
2867 4669 2880 4682 ⁸
2922 4654 3216 4707 Ἀκούσατέ
3241 4669 3364 4720 μου,
3395 4651 3653 4720 ἄρχοντες
3688 4649 3782 4700 καὶ
3809 4647 3969 4698 δυνά·

2388 4763 2530 4808 σται,
2565 4745 2660 4798 καὶ
2687 4742 3038 4809 ἐνωτίσασθε,
3065 4742 3182 4794 λαοὶ
3211 4741 3471 4802 ἅπαντες,
3491 4738 3560 4790 τὰ
3589 4736 3811 4807 ῥήματά
3846 4753 3970 4804 μου.

2401 4836 2543 4904 Ἐγὼ
2572 4836 2662 4888 τὸν
2695 4835 2976 4904 Δεσπότην
3006 4835 3102 4886 καὶ
3146 4831 3350 4902 Κύριον
3386 4829 3589 4892 παντὸς
3634 4828 3727 4882 τοῦ
3764 4828 3972 4896 κόσμου

2403 4928 2613 4996 Ἰησοῦν
2643 4927 2879 4999 Χριστὸν
2923 4926 3203 4997 κηρύττω,
3252 4925 3345 4977 τὸν
3372 4921 3728 4992 παρασχόντα
3753 4917 3976 4985 τυφλοῖς

2392 5019 2686 5088 ἀνάϐλεψιν
2713 5020 2807 5072 καὶ
2846 5021 3048 5086 κωφοῖς
3073 5017 3314 5080 ἀκούειν,
3345 5015 3564 5075 ἀλάλοις
3606 5011 3978 5089 χαρισάμενον

2393 5110 2598 5175 λαλεῖν,
2634 5114 2825 5181 χεῖρας
2868 5110 3038 5180 ξηρὰς
3088 5108 3400 5177 ἰασάμενον,
3450 5103 3644 5173 χωλοῖς
3688 5104 3829 5154 ἴασιν
3869 5099 3980 5151 δω-

2406 5202 2733 5272 ρησάμενον,
2764 5202 3002 5272 λεπροὺς
3043 5199 3444 5270 καθαρίσαντα,
3474 5191 3821 5263 παραλύτους
3855 5190 3974 5258 σφί-

2401 5296 2605 5364 γξαντα
2631 5297 2725 5350 καὶ
2756 5295 2982 5366 νεκροὺς
3017 5292 3325 5362 ἐγείραντα.
3357 5286 3520 5340 Ὅθεν
3550 5282 3802 5354 φανερῶς
3838 5285 3978 5335 ἁπο-

1857 5479 2211 5535 XYLANDRI
2249 5479 2337 5534 ΕΤ
2369 5477 2579 5534 GOARI
2610 5476 2842 5533 ΝΟΤᾸΞ.

794 5625 1042 5698 (79)lpsi
1095 5624 1267 5698 Graeci
1333 5623 1589 5698 fabulos_:e
1641 5620 1956 5698 Judagorum
1998 5621 2282 5698 traditioni

724 5691 1024 5759 adhaerent,
1053 5696 1143 5748 ubi
1173 5695 1476 5762 composita
1515 5691 1822 5762 Tryphonis
1884 5693 2101 5744 nomine
2161 5706 2286 5744 ora-

726 5770 877 5821 tione
917 5765 1278 5836 pronuntiant
1304 5766 1574 5836 adversus
1600 5765 1808 5836 insecta
1829 5777 2078 5836 _qtt:2q_u_e
2127 5776 2287 5836 agros

1109 5853 1121 5888 :
1149 5834 1394 5905 Ὀρκίζω
1423 5835 1568 5904 ὑμᾶς
1589 5834 1729 5886 κατὰ
1762 5832 1856 5885 τοῦ
1891 5832 2126 5900 μεγάλου
2170 5831 2286 5884 ὀνό-

725 5839 1067 5894 devastantia

2442 5639 2569 5683 ατος
2602 5637 2697 5674 του
2752 5620 2844 5672 ἐπὶ
2868 5617 2967 5684 τῆς
3026 5613 3232 5684 πέτρας
3278 5609 3700 5688 ἐπιγραφέντος,
3743 5607 3850 5688 οιαὶ

2442 5640 2569 5683 ατος
2602 5640 2697 5674 του
2752 5640 2844 5672 επι
2868 5640 2967 5684 της
3026 5640 3232 5684 πεῖρας
3281 5640 3700 5682 ιπιγροιγινως,
3757 5640 3850 5660 aut
3901 5640 3978 5675 μη,

2399 5640 2749 5763 saansaan;
2813 5685 3392 5763 ἁλλὰ-διαρραγείσης
3449 5680 3579 5734 ὡσεὶ
3631 5676 3799 5747 κηρὸς
3872 5676 3978 5728 άπδ

2399 5756 2917 5834 προσώπουπυρός.
2951 5756 3120 5811 Gesn.
