  <div class='ocr_page' id='page_1' title='image "/cluster/home/n/w/nwhite01/storage/ocr_20150623/121/nnc1.0046980032/276.png"; bbox 0 0 4248 6456; ppageno 0'>
   <div class='ocr_carea' id='block_1_1' title="bbox 218 405 322 470">
    <p class='ocr_par' dir='ltr' id='par_1_1' title="bbox 218 405 322 470">
     <span class='ocr_line' id='line_1_1' title="bbox 218 405 322 470; baseline 0 -1"><span class='ocrx_word' id='word_1_1' title='bbox 218 405 322 470; x_wconf 78' lang='lat'><strong>537</strong></span> 
     </span>
    </p>
   </div>
   <div class='ocr_carea' id='block_1_2' title="bbox 1327 401 2446 463">
    <p class='ocr_par' dir='ltr' id='par_1_2' title="bbox 1327 401 2446 463">
     <span class='ocr_line' id='line_1_2' title="bbox 1327 401 2446 463; baseline -0.002 -1"><span class='ocrx_word' id='word_1_2' title='bbox 1327 401 1876 462; x_wconf 77' lang='lat' dir='ltr'><strong>HISTORIARUM</strong></span> <span class='ocrx_word' id='word_1_3' title='bbox 1911 401 2446 463; x_wconf 72' lang='lat' dir='ltr'><strong>COMPENDIUM.</strong></span> 
     </span>
    </p>
   </div>
   <div class='ocr_carea' id='block_1_3' title="bbox 3405 411 3513 476">
    <p class='ocr_par' dir='ltr' id='par_1_3' title="bbox 3405 411 3513 476">
     <span class='ocr_line' id='line_1_3' title="bbox 3405 411 3513 476; baseline 0.019 -2"><span class='ocrx_word' id='word_1_4' title='bbox 3405 411 3513 476; x_wconf 68' lang='lat'><strong>538</strong></span> 
     </span>
    </p>
   </div>
   <div class='ocr_carea' id='block_1_4' title="bbox 214 515 1823 595">
    <p class='ocr_par' dir='ltr' id='par_1_4' title="bbox 214 515 1816 589">
     <span class='ocr_line' id='line_1_4' title="bbox 214 515 1816 589; baseline -0.003 -14"><span class='ocrx_word' id='word_1_5' title='bbox 214 521 498 575; x_wconf 75' lang='grc' dir='ltr'><strong>δείκνυται</strong></span> <span class='ocrx_word' id='word_1_6' title='bbox 517 519 601 574; x_wconf 85' lang='grc' dir='ltr'><strong>ὅτι</strong></span> <span class='ocrx_word' id='word_1_7' title='bbox 620 518 781 573; x_wconf 84' lang='grc' dir='ltr'>τοῦτο</span> <span class='ocrx_word' id='word_1_8' title='bbox 797 517 860 572; x_wconf 76' lang='grc' dir='ltr'>τὸ</span> <span class='ocrx_word' id='word_1_9' title='bbox 877 518 1052 588; x_wconf 75' lang='grc' dir='ltr'>ὄνομα</span> <span class='ocrx_word' id='word_1_10' title='bbox 1068 515 1096 571; x_wconf 82' lang='grc' dir='ltr'>ὃ</span> <span class='ocrx_word' id='word_1_11' title='bbox 1115 518 1491 572; x_wconf 80' lang='grc' dir='ltr'>ἐπεκαλέσατο</span> <span class='ocrx_word' id='word_1_12' title='bbox 1507 520 1533 571; x_wconf 91' lang='lat'><strong>6</strong></span> <span class='ocrx_word' id='word_1_13' title='bbox 1553 518 1816 589; x_wconf 79' lang='grc' dir='ltr'>Ζαμϐρῆς</span> 
     </span>
    </p>
   </div>
   <div class='ocr_carea' id='block_1_5' title="bbox 1929 515 3517 595">
    <p class='ocr_par' dir='ltr' id='par_1_5' title="bbox 1929 517 3517 595">
     <span class='ocr_line' id='line_1_5' title="bbox 1929 517 3517 595; baseline 0.005 -22"><span class='ocrx_word' id='word_1_14' title='bbox 1929 528 2089 588; x_wconf 82' lang='lat' dir='ltr'><strong>atque</strong></span> <span class='ocrx_word' id='word_1_15' title='bbox 2114 520 2278 591; x_wconf 64' lang='lat'><strong>493</strong></span> <span class='ocrx_word' id='word_1_16' title='bbox 2311 530 2536 589; x_wconf 77' lang='lat' dir='ltr'><strong>aeterne,</strong></span> <span class='ocrx_word' id='word_1_17' title='bbox 2571 517 2929 592; x_wconf 85' lang='lat' dir='ltr'><strong>Silvestrum,</strong></span> <span class='ocrx_word' id='word_1_18' title='bbox 2985 540 3148 595; x_wconf 89' lang='lat' dir='ltr'><strong>quem</strong></span> <span class='ocrx_word' id='word_1_19' title='bbox 3207 538 3238 579; x_wconf 76' lang='grc' dir='ltr'><strong>ιι</strong></span> <span class='ocrx_word' id='word_1_20' title='bbox 3296 528 3517 583; x_wconf 84' lang='lat' dir='ltr'><strong>nemine</strong></span> 
     </span>
    </p>
   </div>
   <div class='ocr_carea' id='block_1_6' title="bbox 219 612 1822 682">
    <p class='ocr_par' dir='ltr' id='par_1_6' title="bbox 219 612 1822 682">
     <span class='ocr_line' id='line_1_6' title="bbox 219 612 1822 682; baseline -0.002 -15"><span class='ocrx_word' id='word_1_21' title='bbox 219 613 314 667; x_wconf 87' lang='grc' dir='ltr'><strong>τοῦ</strong></span> <span class='ocrx_word' id='word_1_22' title='bbox 341 613 666 666; x_wconf 76' lang='grc' dir='ltr'>ἀποκτεῖναι</span> <span class='ocrx_word' id='word_1_23' title='bbox 707 612 798 666; x_wconf 71' lang='grc' dir='ltr'><strong>τὸν</strong></span> <span class='ocrx_word' id='word_1_24' title='bbox 849 612 1072 682; x_wconf 88' lang='grc' dir='ltr'>ταῦρον,</span> <span class='ocrx_word' id='word_1_25' title='bbox 1100 612 1195 666; x_wconf 90' lang='grc' dir='ltr'><strong>τοῦ</strong></span> <span class='ocrx_word' id='word_1_26' title='bbox 1248 612 1500 666; x_wconf 73' lang='grc' dir='ltr'>διαϐόλου</span> <span class='ocrx_word' id='word_1_27' title='bbox 1556 613 1725 665; x_wconf 85' lang='grc' dir='ltr'>ἐστίν.</span> <span class='ocrx_word' id='word_1_28' title='bbox 1758 613 1822 664; x_wconf 78' lang='lat' dir='ltr'><strong>Et</strong></span> 
     </span>
    </p>
   </div>
   <div class='ocr_carea' id='block_1_7' title="bbox 218 701 1822 776">
    <p class='ocr_par' dir='ltr' id='par_1_7' title="bbox 218 701 1822 776">
     <span class='ocr_line' id='line_1_7' title="bbox 218 701 1822 776; baseline -0.005 -15"><span class='ocrx_word' id='word_1_29' title='bbox 218 707 332 776; x_wconf 76' lang='grc' dir='ltr'>γὰρ</span> <span class='ocrx_word' id='word_1_30' title='bbox 350 704 583 762; x_wconf 69' lang='grc' dir='ltr'>θανόντα</span> <span class='ocrx_word' id='word_1_31' title='bbox 600 707 898 775; x_wconf 80' lang='grc' dir='ltr'>ἀναστῆσαι</span> <span class='ocrx_word' id='word_1_32' title='bbox 919 705 980 758; x_wconf 87' lang='grc' dir='ltr'><strong>ού</strong></span> <span class='ocrx_word' id='word_1_33' title='bbox 999 704 1407 770; x_wconf 70' lang='grc' dir='ltr'>δύναται,ξέστιν</span> <span class='ocrx_word' id='word_1_34' title='bbox 1429 704 1538 774; x_wconf 82' lang='grc' dir='ltr'>ἄρα</span> <span class='ocrx_word' id='word_1_35' title='bbox 1563 703 1707 767; x_wconf 70' lang='grc' dir='ltr'>ζωῆς</span> <span class='ocrx_word' id='word_1_36' title='bbox 1724 701 1822 754; x_wconf 72' lang='grc' dir='ltr'>καὶ</span> 
     </span>
    </p>
   </div>
   <div class='ocr_carea' id='block_1_8' title="bbox 219 794 1818 868">
    <p class='ocr_par' dir='ltr' id='par_1_8' title="bbox 219 794 1818 868">
     <span class='ocr_line' id='line_1_8' title="bbox 219 794 1818 868; baseline -0.002 -19"><span class='ocrx_word' id='word_1_37' title='bbox 219 797 498 868; x_wconf 77' lang='grc' dir='ltr'><strong>σωτηρίας</strong></span> <span class='ocrx_word' id='word_1_38' title='bbox 533 797 724 868; x_wconf 74' lang='grc' dir='ltr'>ἐχθρὸς</span> <span class='ocrx_word' id='word_1_39' title='bbox 754 798 780 848; x_wconf 82' lang='grc' dir='ltr'><strong>ό</strong></span> <span class='ocrx_word' id='word_1_40' title='bbox 816 796 998 861; x_wconf 77' lang='grc' dir='ltr'>ζῶντα</span> <span class='ocrx_word' id='word_1_41' title='bbox 1037 797 1134 866; x_wconf 82' lang='grc' dir='ltr'><strong>μὲν</strong></span> <span class='ocrx_word' id='word_1_42' title='bbox 1174 798 1499 850; x_wconf 82' lang='grc' dir='ltr'>ἀποκτεῖναι</span> <span class='ocrx_word' id='word_1_43' title='bbox 1528 794 1818 864; x_wconf 67' lang='grc' dir='ltr'>δυνηθεὶς,</span> 
     </span>
    </p>
   </div>
   <div class='ocr_carea' id='block_1_9' title="bbox 219 885 1822 958">
    <p class='ocr_par' dir='ltr' id='par_1_9' title="bbox 219 885 1822 958">
     <span class='ocr_line' id='line_1_9' title="bbox 219 885 1822 958; baseline 0.006 -20"><span class='ocrx_word' id='word_1_44' title='bbox 219 889 416 958; x_wconf 71' lang='grc' dir='ltr'>νεκρὸν</span> <span class='ocrx_word' id='word_1_45' title='bbox 442 888 499 941; x_wconf 84' lang='grc' dir='ltr'>δὲ</span> <span class='ocrx_word' id='word_1_46' title='bbox 540 885 881 958; x_wconf 76' lang='grc' dir='ltr'><strong>ζωοποιῆσαι</strong></span> <span class='ocrx_word' id='word_1_47' title='bbox 925 887 999 958; x_wconf 83' lang='grc' dir='ltr'>μὴ</span> <span class='ocrx_word' id='word_1_48' title='bbox 1046 888 1268 957; x_wconf 80' lang='grc' dir='ltr'><strong>ἰσχύων.</strong></span> <span class='ocrx_word' id='word_1_49' title='bbox 1304 887 1437 940; x_wconf 84' lang='grc' dir='ltr'>Τότε</span> <span class='ocrx_word' id='word_1_50' title='bbox 1483 889 1511 939; x_wconf 96' lang='lat'><strong>6</strong></span> <span class='ocrx_word' id='word_1_51' title='bbox 1559 886 1822 955; x_wconf 75' lang='grc' dir='ltr'>Ζαμΰρῆς</span> 
     </span>
    </p>
   </div>
   <div class='ocr_carea' id='block_1_10' title="bbox 221 977 1820 1050">
    <p class='ocr_par' dir='ltr' id='par_1_10' title="bbox 221 977 1820 1050">
     <span class='ocr_line' id='line_1_10' title="bbox 221 977 1820 1050; baseline 0 -20"><span class='ocrx_word' id='word_1_52' title='bbox 221 979 526 1050; x_wconf 73' lang='grc' dir='ltr'>διαρρήξας</span> <span class='ocrx_word' id='word_1_53' title='bbox 552 981 644 1032; x_wconf 76' lang='grc' dir='ltr'><strong>τὸν</strong></span> <span class='ocrx_word' id='word_1_54' title='bbox 669 980 867 1033; x_wconf 84' lang='grc' dir='ltr'>ἐαυτοῦ</span> <span class='ocrx_word' id='word_1_55' title='bbox 911 980 1115 1048; x_wconf 72' lang='grc' dir='ltr'>χιτῶνα</span> <span class='ocrx_word' id='word_1_56' title='bbox 1139 979 1265 1050; x_wconf 78' lang='grc' dir='ltr'><strong>ἔφη’</strong></span> <span class='ocrx_word' id='word_1_57' title='bbox 1305 983 1553 1032; x_wconf 71' lang='grc' dir='ltr'>Δέυποτα</span> <span class='ocrx_word' id='word_1_58' title='bbox 1578 977 1820 1032; x_wconf 76' lang='grc' dir='ltr'>ἐπιεικέ-</span> 
     </span>
    </p>
   </div>
   <div class='ocr_carea' id='block_1_11' title="bbox 223 1069 1820 1152">
    <p class='ocr_par' dir='ltr' id='par_1_11' title="bbox 223 1069 1820 1152">
     <span class='ocr_line' id='line_1_11' title="bbox 223 1069 1820 1152; baseline -0.001 -30"><span class='ocrx_word' id='word_1_59' title='bbox 223 1086 411 1130; x_wconf 81' lang='grc' dir='ltr'>στατε,</span> <span class='ocrx_word' id='word_1_60' title='bbox 442 1069 665 1152; x_wconf 60' lang='grc' dir='ltr'>βασιλεῦ</span> <span class='ocrx_word' id='word_1_61' title='bbox 696 1070 908 1135; x_wconf 79' lang='grc' dir='ltr'>αίὼνιε,</span> <span class='ocrx_word' id='word_1_62' title='bbox 928 1071 1253 1140; x_wconf 77' lang='grc' dir='ltr'>Σίλὸεστρον</span> <span class='ocrx_word' id='word_1_63' title='bbox 1271 1072 1329 1123; x_wconf 87' lang='grc' dir='ltr'>ὂν</span> <span class='ocrx_word' id='word_1_64' title='bbox 1352 1071 1558 1138; x_wconf 80' lang='grc' dir='ltr'>λέγεις,</span> <span class='ocrx_word' id='word_1_65' title='bbox 1580 1069 1820 1138; x_wconf 82' lang='grc' dir='ltr'>Νικῆσαι</span> 
     </span>
    </p>
   </div>
   <div class='ocr_carea' id='block_1_12' title="bbox 219 1163 1821 1235">
    <p class='ocr_par' dir='ltr' id='par_1_12' title="bbox 219 1163 1821 1235">
     <span class='ocr_line' id='line_1_12' title="bbox 219 1163 1821 1235; baseline -0.002 -19"><span class='ocrx_word' id='word_1_66' title='bbox 219 1164 401 1228; x_wconf 70' lang='grc' dir='ltr'>οὐδεὶς</span> <span class='ocrx_word' id='word_1_67' title='bbox 433 1165 700 1235; x_wconf 77' lang='grc' dir='ltr'><strong>ἠδυνήθη,</strong></span> <span class='ocrx_word' id='word_1_68' title='bbox 748 1164 861 1231; x_wconf 88' lang='grc' dir='ltr'><strong>ἐγὼ</strong></span> <span class='ocrx_word' id='word_1_69' title='bbox 901 1165 959 1217; x_wconf 84' lang='grc' dir='ltr'><strong>ἐν</strong></span> <span class='ocrx_word' id='word_1_70' title='bbox 990 1164 1069 1234; x_wconf 81' lang='grc' dir='ltr'><strong>τῷ</strong></span> <span class='ocrx_word' id='word_1_71' title='bbox 1104 1165 1510 1234; x_wconf 79' lang='grc' dir='ltr'>παντοκράτορι</span> <span class='ocrx_word' id='word_1_72' title='bbox 1554 1164 1674 1233; x_wconf 82' lang='grc' dir='ltr'><strong>Θεῷ</strong></span> <span class='ocrx_word' id='word_1_73' title='bbox 1709 1163 1821 1214; x_wconf 81' lang='grc' dir='ltr'>ἐνί-</span> 
     </span>
    </p>
   </div>
   <div class='ocr_carea' id='block_1_13' title="bbox 221 1253 1822 1328">
    <p class='ocr_par' dir='ltr' id='par_1_13' title="bbox 221 1253 1822 1328">
     <span class='ocr_line' id='line_1_13' title="bbox 221 1253 1822 1328; baseline -0.003 -16"><span class='ocrx_word' id='word_1_74' title='bbox 221 1275 392 1327; x_wconf 74' lang='grc' dir='ltr'>κησα.</span> <span class='ocrx_word' id='word_1_75' title='bbox 435 1258 654 1311; x_wconf 85' lang='grc' dir='ltr'>Δίκαιον</span> <span class='ocrx_word' id='word_1_76' title='bbox 687 1253 780 1312; x_wconf 82' lang='grc' dir='ltr'>οὗν</span> <span class='ocrx_word' id='word_1_77' title='bbox 821 1260 938 1312; x_wconf 75' lang='grc' dir='ltr'>ἐστι</span> <span class='ocrx_word' id='word_1_78' title='bbox 982 1260 1056 1328; x_wconf 85' lang='grc' dir='ltr'>μὴ</span> <span class='ocrx_word' id='word_1_79' title='bbox 1093 1259 1185 1312; x_wconf 78' lang='grc' dir='ltr'><strong>ἐπί</strong></span> <span class='ocrx_word' id='word_1_80' title='bbox 1232 1258 1368 1310; x_wconf 76' lang='grc' dir='ltr'>πολὺ</span> <span class='ocrx_word' id='word_1_81' title='bbox 1408 1258 1632 1327; x_wconf 77' lang='grc' dir='ltr'>δοθῆναι</span> <span class='ocrx_word' id='word_1_82' title='bbox 1671 1256 1822 1325; x_wconf 69' lang='grc' dir='ltr'>αὐτῷ</span> 
     </span>
    </p>
   </div>
   <div class='ocr_carea' id='block_1_14' title="bbox 222 1349 1824 1421">
    <p class='ocr_par' dir='ltr' id='par_1_14' title="bbox 222 1349 1824 1421">
     <span class='ocr_line' id='line_1_14' title="bbox 222 1349 1824 1421; baseline -0.002 -18"><span class='ocrx_word' id='word_1_83' title='bbox 222 1351 475 1415; x_wconf 79' lang='grc' dir='ltr'><strong>ἐξουσίαν</strong></span> <span class='ocrx_word' id='word_1_84' title='bbox 502 1349 598 1404; x_wconf 89' lang='grc' dir='ltr'><strong>τοῦ</strong></span> <span class='ocrx_word' id='word_1_85' title='bbox 621 1351 839 1411; x_wconf 71' lang='grc' dir='ltr'>λαλεῖν.</span> <span class='ocrx_word' id='word_1_86' title='bbox 882 1351 1020 1404; x_wconf 81' lang='grc' dir='ltr'>Ξένα</span> <span class='ocrx_word' id='word_1_87' title='bbox 1066 1351 1177 1421; x_wconf 81' lang='grc' dir='ltr'>γὰρ</span> <span class='ocrx_word' id='word_1_88' title='bbox 1212 1351 1555 1419; x_wconf 83' lang='grc' dir='ltr'>ἐφευρίσκων</span> <span class='ocrx_word' id='word_1_89' title='bbox 1600 1351 1680 1402; x_wconf 62' lang='grc' dir='ltr'><strong>ἀεὶ</strong></span> <span class='ocrx_word' id='word_1_90' title='bbox 1729 1351 1824 1402; x_wconf 74' lang='grc' dir='ltr'><strong>καὶ</strong></span> 
     </span>
    </p>
   </div>
   <div class='ocr_carea' id='block_1_15' title="bbox 221 1443 1821 1512">
    <p class='ocr_par' dir='ltr' id='par_1_15' title="bbox 221 1443 1821 1512">
     <span class='ocr_line' id='line_1_15' title="bbox 221 1443 1821 1512; baseline -0.001 -16"><span class='ocrx_word' id='word_1_91' title='bbox 221 1444 443 1496; x_wconf 79' lang='grc' dir='ltr'>ἐναντία</span> <span class='ocrx_word' id='word_1_92' title='bbox 484 1445 578 1496; x_wconf 87' lang='grc' dir='ltr'><strong>τοῦ</strong></span> <span class='ocrx_word' id='word_1_93' title='bbox 626 1444 761 1497; x_wconf 89' lang='grc' dir='ltr'>Θεοῦ</span> <span class='ocrx_word' id='word_1_94' title='bbox 796 1444 977 1497; x_wconf 80' lang='grc' dir='ltr'>λαλῶν</span> <span class='ocrx_word' id='word_1_95' title='bbox 1012 1445 1072 1496; x_wconf 84' lang='grc' dir='ltr'><strong>ού</strong></span> <span class='ocrx_word' id='word_1_96' title='bbox 1119 1443 1379 1508; x_wconf 87' lang='grc' dir='ltr'>παύεται,</span> <span class='ocrx_word' id='word_1_97' title='bbox 1425 1443 1521 1496; x_wconf 74' lang='grc' dir='ltr'><strong>καὶ</strong></span> <span class='ocrx_word' id='word_1_98' title='bbox 1557 1445 1623 1512; x_wconf 82' lang='grc' dir='ltr'>τῇ</span> <span class='ocrx_word' id='word_1_99' title='bbox 1656 1443 1821 1494; x_wconf 84' lang='grc' dir='ltr'>αὐτοῦ</span> 
     </span>
    </p>
   </div>
   <div class='ocr_carea' id='block_1_16' title="bbox 225 1537 1823 1610">
    <p class='ocr_par' dir='ltr' id='par_1_16' title="bbox 225 1537 1823 1610">
     <span class='ocr_line' id='line_1_16' title="bbox 225 1537 1823 1610; baseline 0.001 -21"><span class='ocrx_word' id='word_1_100' title='bbox 225 1539 472 1610; x_wconf 68' lang='grc' dir='ltr'>φλυαρίᾳ</span> <span class='ocrx_word' id='word_1_101' title='bbox 501 1539 773 1610; x_wconf 81' lang='grc' dir='ltr'>ἐπιϐαρὺς</span> <span class='ocrx_word' id='word_1_102' title='bbox 814 1540 1027 1607; x_wconf 72' lang='grc' dir='ltr'>γίνεται</span> <span class='ocrx_word' id='word_1_103' title='bbox 1074 1541 1140 1610; x_wconf 82' lang='grc' dir='ltr'>τῇ</span> <span class='ocrx_word' id='word_1_104' title='bbox 1179 1539 1334 1609; x_wconf 83' lang='grc' dir='ltr'>ὑμῶν</span> <span class='ocrx_word' id='word_1_105' title='bbox 1373 1538 1641 1609; x_wconf 75' lang='grc' dir='ltr'>βασιλείᾳ.</span> <span class='ocrx_word' id='word_1_106' title='bbox 1681 1537 1823 1604; x_wconf 70' lang='grc' dir='ltr'>Πρὸς</span> 
     </span>
    </p>
   </div>
   <div class='ocr_carea' id='block_1_17' title="bbox 221 1631 1821 1703">
    <p class='ocr_par' dir='ltr' id='par_1_17' title="bbox 221 1631 1821 1703">
     <span class='ocr_line' id='line_1_17' title="bbox 221 1631 1821 1703; baseline -0.001 -19"><span class='ocrx_word' id='word_1_107' title='bbox 221 1633 283 1684; x_wconf 80' lang='grc' dir='ltr'>ὃν</span> <span class='ocrx_word' id='word_1_108' title='bbox 334 1633 361 1684; x_wconf 90' lang='grc' dir='ltr'><strong>ό</strong></span> <span class='ocrx_word' id='word_1_109' title='bbox 393 1631 703 1699; x_wconf 73' lang='grc' dir='ltr'>Αὔγουστος</span> <span class='ocrx_word' id='word_1_110' title='bbox 751 1631 892 1703; x_wconf 81' lang='grc' dir='ltr'><strong>ἔφη·</strong></span> <span class='ocrx_word' id='word_1_111' title='bbox 935 1633 1010 1684; x_wconf 79' lang='grc' dir='ltr'>Τὸ</span> <span class='ocrx_word' id='word_1_112' title='bbox 1044 1632 1139 1685; x_wconf 87' lang='grc' dir='ltr'><strong>τοῦ</strong></span> <span class='ocrx_word' id='word_1_113' title='bbox 1185 1632 1632 1702; x_wconf 83' lang='grc' dir='ltr'>παντοκράτορος</span> <span class='ocrx_word' id='word_1_114' title='bbox 1684 1631 1821 1683; x_wconf 76' lang='grc' dir='ltr'>Θεοῦ</span> 
     </span>
    </p>
   </div>
   <div class='ocr_carea' id='block_1_18' title="bbox 221 1724 1822 1794">
    <p class='ocr_par' dir='ltr' id='par_1_18' title="bbox 221 1724 1822 1794">
     <span class='ocr_line' id='line_1_18' title="bbox 221 1724 1822 1794; baseline 0.001 -18"><span class='ocrx_word' id='word_1_115' title='bbox 221 1725 396 1791; x_wconf 75' lang='grc' dir='ltr'>ὄνομα</span> <span class='ocrx_word' id='word_1_116' title='bbox 447 1724 544 1777; x_wconf 75' lang='grc' dir='ltr'><strong>καὶ</strong></span> <span class='ocrx_word' id='word_1_117' title='bbox 594 1724 886 1794; x_wconf 86' lang='grc' dir='ltr'>ἐπίκλησις</span> <span class='ocrx_word' id='word_1_118' title='bbox 926 1724 1215 1794; x_wconf 84' lang='grc' dir='ltr'>πρώτιστα.</span> <span class='ocrx_word' id='word_1_119' title='bbox 1262 1726 1486 1778; x_wconf 82' lang='grc' dir='ltr'>πάντων</span> <span class='ocrx_word' id='word_1_120' title='bbox 1541 1725 1684 1794; x_wconf 80' lang='grc' dir='ltr'>ζωῆς</span> <span class='ocrx_word' id='word_1_121' title='bbox 1727 1725 1822 1777; x_wconf 75' lang='grc' dir='ltr'><strong>καὶ</strong></span> 
     </span>
    </p>
   </div>
   <div class='ocr_carea' id='block_1_19' title="bbox 223 1817 1821 1888">
    <p class='ocr_par' dir='ltr' id='par_1_19' title="bbox 223 1817 1821 1888">
     <span class='ocr_line' id='line_1_19' title="bbox 223 1817 1821 1888; baseline 0 -18"><span class='ocrx_word' id='word_1_122' title='bbox 223 1817 506 1887; x_wconf 79' lang='grc' dir='ltr'>σωτηρίας</span> <span class='ocrx_word' id='word_1_123' title='bbox 545 1817 806 1888; x_wconf 83' lang='grc' dir='ltr'>πρόνοιαν</span> <span class='ocrx_word' id='word_1_124' title='bbox 852 1819 1179 1888; x_wconf 76' lang='grc' dir='ltr'>παρέχεται.</span> <span class='ocrx_word' id='word_1_125' title='bbox 1227 1817 1504 1882; x_wconf 82' lang='grc' dir='ltr'>Ὡσαύτως</span> <span class='ocrx_word' id='word_1_126' title='bbox 1550 1820 1644 1871; x_wconf 73' lang='grc' dir='ltr'>καὶ</span> <span class='ocrx_word' id='word_1_127' title='bbox 1677 1821 1740 1871; x_wconf 83' lang='grc' dir='ltr'><strong>σὺ</strong></span> <span class='ocrx_word' id='word_1_128' title='bbox 1773 1819 1821 1870; x_wconf 90' lang='grc' dir='ltr'><strong>εί</strong></span> 
     </span>
    </p>
   </div>
   <div class='ocr_carea' id='block_1_20' title="bbox 221 1905 1822 1981">
    <p class='ocr_par' dir='ltr' id='par_1_20' title="bbox 221 1905 1822 1981">
     <span class='ocr_line' id='line_1_20' title="bbox 221 1905 1822 1981; baseline -0.002 -17"><span class='ocrx_word' id='word_1_129' title='bbox 221 1910 320 1964; x_wconf 80' lang='grc' dir='ltr'><strong>τοῦ</strong></span> <span class='ocrx_word' id='word_1_130' title='bbox 342 1910 480 1964; x_wconf 84' lang='grc' dir='ltr'>Θεοῦ</span> <span class='ocrx_word' id='word_1_131' title='bbox 517 1905 924 1980; x_wconf 76' lang='grc' dir='ltr'>εἷ,“ἀνάστησον</span> <span class='ocrx_word' id='word_1_132' title='bbox 951 1911 1042 1965; x_wconf 83' lang='grc' dir='ltr'><strong>τὸν</strong></span> <span class='ocrx_word' id='word_1_133' title='bbox 1070 1910 1294 1981; x_wconf 72' lang='grc' dir='ltr'>ταῦρον,</span> <span class='ocrx_word' id='word_1_134' title='bbox 1324 1913 1419 1964; x_wconf 79' lang='grc' dir='ltr'><strong>καὶ</strong></span> <span class='ocrx_word' id='word_1_135' title='bbox 1457 1910 1822 1979; x_wconf 74' lang='grc' dir='ltr'>πιστεύσομεν</span> 
     </span>
    </p>
   </div>
   <div class='ocr_carea' id='block_1_21' title="bbox 225 2003 1822 2074">
    <p class='ocr_par' dir='ltr' id='par_1_21' title="bbox 225 2003 1822 2074">
     <span class='ocr_line' id='line_1_21' title="bbox 225 2003 1822 2074; baseline -0.001 -16"><span class='ocrx_word' id='word_1_136' title='bbox 225 2021 286 2058; x_wconf 79' lang='grc' dir='ltr'><strong>σε</strong></span> <span class='ocrx_word' id='word_1_137' title='bbox 333 2004 441 2057; x_wconf 80' lang='grc' dir='ltr'><strong>ἀπὸ</strong></span> <span class='ocrx_word' id='word_1_138' title='bbox 490 2003 629 2058; x_wconf 89' lang='grc' dir='ltr'>Θεοῦ</span> <span class='ocrx_word' id='word_1_139' title='bbox 669 2005 815 2073; x_wconf 75' lang='grc' dir='ltr'>ἔχειν</span> <span class='ocrx_word' id='word_1_140' title='bbox 854 2006 955 2074; x_wconf 80' lang='grc' dir='ltr'>τὴν</span> <span class='ocrx_word' id='word_1_141' title='bbox 988 2005 1170 2074; x_wconf 87' lang='grc' dir='ltr'>νίκην.</span> <span class='ocrx_word' id='word_1_142' title='bbox 1210 2006 1269 2058; x_wconf 84' lang='grc' dir='ltr'><strong>Εἰ</strong></span> <span class='ocrx_word' id='word_1_143' title='bbox 1301 2005 1358 2059; x_wconf 85' lang='grc' dir='ltr'>δὲ</span> <span class='ocrx_word' id='word_1_144' title='bbox 1393 2005 1554 2058; x_wconf 87' lang='grc' dir='ltr'>τοῦτο</span> <span class='ocrx_word' id='word_1_145' title='bbox 1591 2005 1650 2058; x_wconf 86' lang='grc' dir='ltr'><strong>ού</strong></span> <span class='ocrx_word' id='word_1_146' title='bbox 1693 2003 1822 2072; x_wconf 80' lang='grc' dir='ltr'>δύνη</span> 
     </span>
    </p>
   </div>
   <div class='ocr_carea' id='block_1_22' title="bbox 223 2097 1824 2169">
    <p class='ocr_par' dir='ltr' id='par_1_22' title="bbox 223 2097 1824 2169">
     <span class='ocr_line' id='line_1_22' title="bbox 223 2097 1824 2169; baseline -0.001 -17"><span class='ocrx_word' id='word_1_147' title='bbox 223 2101 478 2168; x_wconf 56' lang='grc' dir='ltr'>ποιῆσαι,</span> <span class='ocrx_word' id='word_1_148' title='bbox 529 2100 745 2169; x_wconf 82' lang='grc' dir='ltr'>φανερά</span> <span class='ocrx_word' id='word_1_149' title='bbox 787 2115 880 2151; x_wconf 91' lang='grc' dir='ltr'><strong>σου</strong></span> <span class='ocrx_word' id='word_1_150' title='bbox 929 2099 1032 2167; x_wconf 87' lang='grc' dir='ltr'><strong>τῆς</strong></span> <span class='ocrx_word' id='word_1_151' title='bbox 1077 2099 1426 2168; x_wconf 82' lang='grc' dir='ltr'>ὑποκρίσεως</span> <span class='ocrx_word' id='word_1_152' title='bbox 1465 2097 1691 2166; x_wconf 82' lang='grc' dir='ltr'>γοητεία</span> <span class='ocrx_word' id='word_1_153' title='bbox 1737 2098 1824 2150; x_wconf 69' lang='grc' dir='ltr'><strong>διὰ</strong></span> 
     </span>
    </p>
   </div>
   <div class='ocr_carea' id='block_1_23' title="bbox 224 2191 1825 2264">
    <p class='ocr_par' dir='ltr' id='par_1_23' title="bbox 224 2191 1825 2264">
     <span class='ocr_line' id='line_1_23' title="bbox 224 2191 1825 2264; baseline -0.002 -18"><span class='ocrx_word' id='word_1_154' title='bbox 224 2194 502 2262; x_wconf 81' lang='grc' dir='ltr'>δαιμόνων</span> <span class='ocrx_word' id='word_1_155' title='bbox 525 2191 865 2264; x_wconf 73' lang='grc' dir='ltr'>πεπρᾶχθαι,</span> <span class='ocrx_word' id='word_1_156' title='bbox 895 2193 1040 2262; x_wconf 73' lang='grc' dir='ltr'>Πρὸς</span> <span class='ocrx_word' id='word_1_157' title='bbox 1065 2193 1125 2246; x_wconf 82' lang='grc' dir='ltr'>ὃν</span> <span class='ocrx_word' id='word_1_158' title='bbox 1151 2193 1246 2245; x_wconf 75' lang='grc' dir='ltr'>καὶ</span> <span class='ocrx_word' id='word_1_159' title='bbox 1263 2195 1290 2246; x_wconf 86' lang='lat'><strong>6</strong></span> <span class='ocrx_word' id='word_1_160' title='bbox 1321 2193 1476 2262; x_wconf 78' lang='grc' dir='ltr'>ἆγιος</span> <span class='ocrx_word' id='word_1_161' title='bbox 1498 2191 1825 2261; x_wconf 76' lang='grc' dir='ltr'>Σίλῦεστρος</span> 
     </span>
    </p>
   </div>
   <div class='ocr_carea' id='block_1_24' title="bbox 225 2281 1826 2357">
    <p class='ocr_par' dir='ltr' id='par_1_24' title="bbox 225 2281 1826 2357">
     <span class='ocr_line' id='line_1_24' title="bbox 225 2281 1826 2357; baseline -0.003 -17"><span class='ocrx_word' id='word_1_162' title='bbox 225 2289 354 2357; x_wconf 65' lang='grc' dir='ltr'><strong>ἔφη·</strong></span> <span class='ocrx_word' id='word_1_163' title='bbox 392 2289 616 2350; x_wconf 72' lang='grc' dir='ltr'>Ἄκουε,</span> <span class='ocrx_word' id='word_1_164' title='bbox 650 2281 695 2340; x_wconf 81' lang='grc' dir='ltr'><strong>ὦ</strong></span> <span class='ocrx_word' id='word_1_165' title='bbox 738 2287 984 2352; x_wconf 82' lang='grc' dir='ltr'>Ἰουδαῖε,</span> <span class='ocrx_word' id='word_1_166' title='bbox 1017 2285 1127 2340; x_wconf 82' lang='grc' dir='ltr'><strong>ἀπὸ</strong></span> <span class='ocrx_word' id='word_1_167' title='bbox 1156 2287 1267 2339; x_wconf 85' lang='grc' dir='ltr'>τῶν</span> <span class='ocrx_word' id='word_1_168' title='bbox 1303 2287 1411 2338; x_wconf 83' lang='grc' dir='ltr'>σῶν</span> <span class='ocrx_word' id='word_1_169' title='bbox 1461 2286 1695 2354; x_wconf 81' lang='grc' dir='ltr'>Γραφῶν</span> <span class='ocrx_word' id='word_1_170' title='bbox 1727 2285 1826 2352; x_wconf 83' lang='grc' dir='ltr'><strong>τὴν</strong></span> 
     </span>
    </p>
   </div>
   <div class='ocr_carea' id='block_1_25' title="bbox 223 2377 1820 2450">
    <p class='ocr_par' dir='ltr' id='par_1_25' title="bbox 223 2377 1820 2450">
     <span class='ocr_line' id='line_1_25' title="bbox 223 2377 1820 2450; baseline -0.004 -16"><span class='ocrx_word' id='word_1_171' title='bbox 223 2382 510 2449; x_wconf 78' lang='grc' dir='ltr'>ἀλήθειαν.</span> <span class='ocrx_word' id='word_1_172' title='bbox 556 2380 646 2434; x_wconf 87' lang='grc' dir='ltr'>Ἐν</span> <span class='ocrx_word' id='word_1_173' title='bbox 674 2378 752 2449; x_wconf 83' lang='grc' dir='ltr'>τῷ</span> <span class='ocrx_word' id='word_1_174' title='bbox 781 2379 1194 2450; x_wconf 87' lang='grc' dir='ltr'>Δευτερονομίῳ</span> <span class='ocrx_word' id='word_1_175' title='bbox 1225 2379 1389 2441; x_wconf 80' lang='grc' dir='ltr'>αὐτὸς</span> <span class='ocrx_word' id='word_1_176' title='bbox 1413 2378 1441 2429; x_wconf 92' lang='lat'><strong>6</strong></span> <span class='ocrx_word' id='word_1_177' title='bbox 1472 2378 1607 2439; x_wconf 81' lang='grc' dir='ltr'>Θεὸς</span> <span class='ocrx_word' id='word_1_178' title='bbox 1646 2377 1820 2444; x_wconf 78' lang='grc' dir='ltr'>λέγει’</span> 
     </span>
    </p>
   </div>
   <div class='ocr_carea' id='block_1_26' title="bbox 230 2470 1828 2542">
    <p class='ocr_par' dir='ltr' id='par_1_26' title="bbox 230 2470 1828 2542">
     <span class='ocr_line' id='line_1_26' title="bbox 230 2470 1828 2542; baseline -0.004 -14"><span class='ocrx_word' id='word_1_179' title='bbox 230 2494 250 2528; x_wconf 72' lang='grc' dir='ltr'><strong>ι</strong></span> <span class='ocrx_word' id='word_1_180' title='bbox 298 2475 491 2534; x_wconf 82' lang='grc' dir='ltr'>Ἴδετε,</span> <span class='ocrx_word' id='word_1_181' title='bbox 533 2472 693 2537; x_wconf 83' lang='grc' dir='ltr'>ῐδετε,</span> <span class='ocrx_word' id='word_1_182' title='bbox 723 2474 805 2527; x_wconf 85' lang='grc' dir='ltr'><strong>ὅτι</strong></span> <span class='ocrx_word' id='word_1_183' title='bbox 832 2470 945 2540; x_wconf 85' lang='grc' dir='ltr'>ἐγώ</span> <span class='ocrx_word' id='word_1_184' title='bbox 965 2474 1105 2542; x_wconf 89' lang='grc' dir='ltr'>είμι,</span> <span class='ocrx_word' id='word_1_185' title='bbox 1132 2471 1228 2525; x_wconf 75' lang='grc' dir='ltr'>καὶ</span> <span class='ocrx_word' id='word_1_186' title='bbox 1246 2471 1345 2524; x_wconf 85' lang='grc' dir='ltr'>οὐκ</span> <span class='ocrx_word' id='word_1_187' title='bbox 1376 2471 1490 2524; x_wconf 80' lang='grc' dir='ltr'>ἐστι</span> <span class='ocrx_word' id='word_1_188' title='bbox 1522 2470 1654 2533; x_wconf 76' lang='grc' dir='ltr'>Θεδς</span> <span class='ocrx_word' id='word_1_189' title='bbox 1687 2471 1828 2539; x_wconf 81' lang='grc' dir='ltr'>πλὴν</span> 
     </span>
    </p>
   </div>
   <div class='ocr_carea' id='block_1_27' title="bbox 227 2561 1827 2634">
    <p class='ocr_par' dir='ltr' id='par_1_27' title="bbox 227 2561 1827 2634">
     <span class='ocr_line' id='line_1_27' title="bbox 227 2561 1827 2634; baseline -0.004 -14"><span class='ocrx_word' id='word_1_190' title='bbox 227 2565 390 2634; x_wconf 79' lang='grc' dir='ltr'>ἐμοῦ.</span> <span class='ocrx_word' id='word_1_191' title='bbox 459 2563 606 2633; x_wconf 81' lang='grc' dir='ltr'><strong>Ἐγὼ</strong></span> <span class='ocrx_word' id='word_1_192' title='bbox 650 2565 942 2618; x_wconf 79' lang='grc' dir='ltr'>ἀποκτενῶ</span> <span class='ocrx_word' id='word_1_193' title='bbox 990 2564 1090 2618; x_wconf 73' lang='grc' dir='ltr'>καὶ</span> <span class='ocrx_word' id='word_1_194' title='bbox 1147 2563 1248 2633; x_wconf 81' lang='grc' dir='ltr'><strong>ζῇν</strong></span> <span class='ocrx_word' id='word_1_195' title='bbox 1301 2564 1538 2632; x_wconf 86' lang='grc' dir='ltr'>ποιήσω,</span> <span class='ocrx_word' id='word_1_196' title='bbox 1599 2561 1827 2626; x_wconf 80' lang='grc' dir='ltr'>πατάξω</span> 
     </span>
    </p>
   </div>
   <div class='ocr_carea' id='block_1_28' title="bbox 226 2659 1824 2732">
    <p class='ocr_par' dir='ltr' id='par_1_28' title="bbox 226 2659 1824 2732">
     <span class='ocr_line' id='line_1_28' title="bbox 226 2659 1824 2732; baseline -0.002 -19"><span class='ocrx_word' id='word_1_197' title='bbox 226 2660 388 2729; x_wconf 77' lang='grc' dir='ltr'><strong>κάγὼ</strong></span> <span class='ocrx_word' id='word_1_198' title='bbox 408 2662 658 2732; x_wconf 74' lang='grc' dir='ltr'>ἰάσομαι.</span> <span class='ocrx_word' id='word_1_199' title='bbox 685 2681 704 2714; x_wconf 77' lang='grc' dir='ltr'><strong>ι</strong></span> <span class='ocrx_word' id='word_1_200' title='bbox 732 2662 1020 2731; x_wconf 84' lang='grc' dir='ltr'>Εὐκαίρως</span> <span class='ocrx_word' id='word_1_201' title='bbox 1035 2661 1129 2716; x_wconf 84' lang='grc' dir='ltr'><strong>οῦν</strong></span> <span class='ocrx_word' id='word_1_202' title='bbox 1150 2660 1470 2730; x_wconf 69' lang='grc' dir='ltr'>ἐπικληθεὶς</span> <span class='ocrx_word' id='word_1_203' title='bbox 1491 2659 1824 2725; x_wconf 85' lang='grc' dir='ltr'>ἀποκτείνει,</span> 
     </span>
    </p>
   </div>
   <div class='ocr_carea' id='block_1_29' title="bbox 229 2751 1828 2827">
    <p class='ocr_par' dir='ltr' id='par_1_29' title="bbox 229 2751 1828 2827">
     <span class='ocr_line' id='line_1_29' title="bbox 229 2751 1828 2827; baseline -0.002 -19"><span class='ocrx_word' id='word_1_204' title='bbox 229 2758 325 2808; x_wconf 80' lang='grc' dir='ltr'>καὶ</span> <span class='ocrx_word' id='word_1_205' title='bbox 359 2757 635 2827; x_wconf 76' lang='grc' dir='ltr'>εὐκαίρως</span> <span class='ocrx_word' id='word_1_206' title='bbox 656 2756 822 2810; x_wconf 87' lang='grc' dir='ltr'>πάλιν</span> <span class='ocrx_word' id='word_1_207' title='bbox 847 2758 1125 2822; x_wconf 80' lang='grc' dir='ltr'>ζωοποιεῖ.</span> <span class='ocrx_word' id='word_1_208' title='bbox 1153 2755 1517 2812; x_wconf 82' lang='grc' dir='ltr'>Ἐπικάλεσαι</span> <span class='ocrx_word' id='word_1_209' title='bbox 1542 2751 1636 2808; x_wconf 90' lang='grc' dir='ltr'><strong>οῦν</strong></span> <span class='ocrx_word' id='word_1_210' title='bbox 1666 2754 1828 2806; x_wconf 77' lang='grc' dir='ltr'>αὑτὸν</span> 
     </span>
    </p>
   </div>
   <div class='ocr_carea' id='block_1_30' title="bbox 229 2844 1828 2920">
    <p class='ocr_par' dir='ltr' id='par_1_30' title="bbox 229 2844 1828 2920">
     <span class='ocr_line' id='line_1_30' title="bbox 229 2844 1828 2920; baseline -0.003 -19"><span class='ocrx_word' id='word_1_211' title='bbox 229 2849 323 2902; x_wconf 73' lang='grc' dir='ltr'><strong>ἐπὶ</strong></span> <span class='ocrx_word' id='word_1_212' title='bbox 346 2847 446 2918; x_wconf 83' lang='grc' dir='ltr'>τὴν</span> <span class='ocrx_word' id='word_1_213' title='bbox 476 2847 646 2918; x_wconf 78' lang='grc' dir='ltr'>ἄλλην</span> <span class='ocrx_word' id='word_1_214' title='bbox 669 2847 843 2920; x_wconf 81' lang='grc' dir='ltr'>ἀκοὴν</span> <span class='ocrx_word' id='word_1_215' title='bbox 872 2848 968 2900; x_wconf 87' lang='grc' dir='ltr'><strong>τοῦ</strong></span> <span class='ocrx_word' id='word_1_216' title='bbox 998 2846 1226 2919; x_wconf 81' lang='grc' dir='ltr'>ταύρου,</span> <span class='ocrx_word' id='word_1_217' title='bbox 1253 2848 1347 2900; x_wconf 75' lang='grc' dir='ltr'>καὶ</span> <span class='ocrx_word' id='word_1_218' title='bbox 1375 2845 1470 2898; x_wconf 79' lang='grc' dir='ltr'>ἐὰν</span> <span class='ocrx_word' id='word_1_219' title='bbox 1494 2845 1654 2898; x_wconf 81' lang='grc' dir='ltr'>αὑτὸν</span> <span class='ocrx_word' id='word_1_220' title='bbox 1683 2844 1828 2911; x_wconf 82' lang='grc' dir='ltr'>ἐγεί-</span> 
     </span>
    </p>
   </div>
   <div class='ocr_carea' id='block_1_31' title="bbox 231 2931 1828 3012">
    <p class='ocr_par' dir='ltr' id='par_1_31' title="bbox 231 2931 1828 3012">
     <span class='ocr_line' id='line_1_31' title="bbox 231 2931 1828 3012; baseline -0.001 -20"><span class='ocrx_word' id='word_1_221' title='bbox 231 2955 356 3012; x_wconf 81' lang='grc' dir='ltr'>ρῃς.</span> <span class='ocrx_word' id='word_1_222' title='bbox 406 2940 778 3011; x_wconf 80' lang='grc' dir='ltr'>πιστεύσομεν</span> <span class='ocrx_word' id='word_1_223' title='bbox 827 2931 1053 3006; x_wconf 83' lang='grc' dir='ltr'>πάντες,</span> <span class='ocrx_word' id='word_1_224' title='bbox 1093 2938 1277 3002; x_wconf 85' lang='grc' dir='ltr'>καθὼς</span> <span class='ocrx_word' id='word_1_225' title='bbox 1343 2941 1410 2990; x_wconf 79' lang='grc' dir='ltr'><strong>σὺ</strong></span> <span class='ocrx_word' id='word_1_226' title='bbox 1451 2939 1582 3007; x_wconf 84' lang='grc' dir='ltr'>φής.</span> <span class='ocrx_word' id='word_1_227' title='bbox 1632 2938 1766 2990; x_wconf 85' lang='grc' dir='ltr'>Τότε</span> <span class='ocrx_word' id='word_1_228' title='bbox 1799 2938 1828 2990; x_wconf 89' lang='grc' dir='ltr'>ὁ</span> 
     </span>
    </p>
   </div>
   <div class='ocr_carea' id='block_1_32' title="bbox 228 3028 1824 3104">
    <p class='ocr_par' dir='ltr' id='par_1_32' title="bbox 228 3028 1824 3104">
     <span class='ocr_line' id='line_1_32' title="bbox 228 3028 1824 3104; baseline -0.004 -16"><span class='ocrx_word' id='word_1_229' title='bbox 228 3034 496 3104; x_wconf 79' lang='grc' dir='ltr'>Ζαμϐρῆς</span> <span class='ocrx_word' id='word_1_230' title='bbox 518 3034 690 3102; x_wconf 78' lang='grc' dir='ltr'>λέγει’</span> <span class='ocrx_word' id='word_1_231' title='bbox 720 3035 837 3088; x_wconf 80' lang='grc' dir='ltr'>Οὐκ</span> <span class='ocrx_word' id='word_1_232' title='bbox 871 3029 1027 3086; x_wconf 80' lang='grc' dir='ltr'>εἶπόν</span> <span class='ocrx_word' id='word_1_233' title='bbox 1057 3050 1160 3098; x_wconf 88' lang='grc' dir='ltr'>σοι,</span> <span class='ocrx_word' id='word_1_234' title='bbox 1180 3032 1559 3086; x_wconf 85' lang='grc' dir='ltr'>ἐπιεικέστατε</span> <span class='ocrx_word' id='word_1_235' title='bbox 1579 3028 1824 3100; x_wconf 75' lang='grc' dir='ltr'>βασιλεῦ,</span> 
     </span>
    </p>
   </div>
   <div class='ocr_carea' id='block_1_33' title="bbox 229 3126 1825 3198">
    <p class='ocr_par' dir='ltr' id='par_1_33' title="bbox 229 3126 1825 3198">
     <span class='ocr_line' id='line_1_33' title="bbox 229 3126 1825 3198; baseline -0.002 -19"><span class='ocrx_word' id='word_1_236' title='bbox 229 3129 312 3180; x_wconf 73' lang='grc' dir='ltr'><strong>ὅτι</strong></span> <span class='ocrx_word' id='word_1_237' title='bbox 363 3129 421 3181; x_wconf 86' lang='grc' dir='ltr'><strong>ἐν</strong></span> <span class='ocrx_word' id='word_1_238' title='bbox 469 3127 651 3194; x_wconf 87' lang='grc' dir='ltr'>λόγοις</span> <span class='ocrx_word' id='word_1_239' title='bbox 701 3127 1030 3198; x_wconf 81' lang='grc' dir='ltr'>Σίλόεστρον</span> <span class='ocrx_word' id='word_1_240' title='bbox 1077 3128 1256 3190; x_wconf 71' lang='grc' dir='ltr'>οὐδεὶς</span> <span class='ocrx_word' id='word_1_241' title='bbox 1292 3127 1518 3182; x_wconf 89' lang='grc' dir='ltr'>δύναται</span> <span class='ocrx_word' id='word_1_242' title='bbox 1567 3126 1825 3193; x_wconf 77' lang='grc' dir='ltr'>νικῆσαις</span> 
     </span>
    </p>
   </div>
   <div class='ocr_carea' id='block_1_34' title="bbox 1924 612 3517 687">
    <p class='ocr_par' dir='ltr' id='par_1_34' title="bbox 1924 612 3517 687">
     <span class='ocr_line' id='line_1_34' title="bbox 1924 612 3517 687; baseline 0.005 -24"><span class='ocrx_word' id='word_1_243' title='bbox 1924 612 2074 666; x_wconf 87' lang='lat' dir='ltr'><strong>vinci</strong></span> <span class='ocrx_word' id='word_1_244' title='bbox 2095 615 2344 682; x_wconf 88' lang='lat' dir='ltr'><strong>potuisse</strong></span> <span class='ocrx_word' id='word_1_245' title='bbox 2365 613 2616 675; x_wconf 83' lang='lat' dir='ltr'><strong>dicebas.</strong></span> <span class='ocrx_word' id='word_1_246' title='bbox 2640 629 2740 684; x_wconf 79' lang='lat' dir='ltr'><strong>ego</strong></span> <span class='ocrx_word' id='word_1_247' title='bbox 2771 614 2866 669; x_wconf 88' lang='lat' dir='ltr'><strong>Dei</strong></span> <span class='ocrx_word' id='word_1_248' title='bbox 2893 618 3285 687; x_wconf 73' lang='lat' dir='ltr'><strong>omnipotentis</strong></span> <span class='ocrx_word' id='word_1_249' title='bbox 3307 617 3517 672; x_wconf 77' lang='lat' dir='ltr'><strong>auxilio</strong></span> 
     </span>
    </p>
   </div>
   <div class='ocr_carea' id='block_1_35' title="bbox 1924 703 3515 780">
    <p class='ocr_par' dir='ltr' id='par_1_35' title="bbox 1924 703 3515 780">
     <span class='ocr_line' id='line_1_35' title="bbox 1924 703 3515 780; baseline 0.003 -22"><span class='ocrx_word' id='word_1_250' title='bbox 1924 706 2053 760; x_wconf 86' lang='lat' dir='ltr'><strong>vici.</strong></span> <span class='ocrx_word' id='word_1_251' title='bbox 2077 703 2295 758; x_wconf 86' lang='lat' dir='ltr'><strong>Justuin</strong></span> <span class='ocrx_word' id='word_1_252' title='bbox 2325 722 2455 776; x_wconf 84' lang='lat' dir='ltr'><strong>ergo</strong></span> <span class='ocrx_word' id='word_1_253' title='bbox 2481 715 2695 762; x_wconf 90' lang='lat' dir='ltr'><strong>estnon</strong></span> <span class='ocrx_word' id='word_1_254' title='bbox 2719 707 2964 778; x_wconf 91' lang='lat' dir='ltr'><strong>permitti</strong></span> <span class='ocrx_word' id='word_1_255' title='bbox 2989 711 3036 763; x_wconf 92' lang='lat' dir='ltr'><strong>ei</strong></span> <span class='ocrx_word' id='word_1_256' title='bbox 3063 711 3230 765; x_wconf 89' lang='lat' dir='ltr'><strong>multa</strong></span> <span class='ocrx_word' id='word_1_257' title='bbox 3255 711 3515 780; x_wconf 77' lang='lat' dir='ltr'><strong>loquendi</strong></span> 
     </span>
    </p>
   </div>
   <div class='ocr_carea' id='block_1_36' title="bbox 1927 798 3520 870">
    <p class='ocr_par' dir='ltr' id='par_1_36' title="bbox 1927 798 3520 870">
     <span class='ocr_line' id='line_1_36' title="bbox 1927 798 3520 870; baseline 0.003 -21"><span class='ocrx_word' id='word_1_258' title='bbox 1927 799 2146 867; x_wconf 87' lang='lat' dir='ltr'><strong>longum</strong></span> <span class='ocrx_word' id='word_1_259' title='bbox 2178 800 2439 866; x_wconf 86' lang='lat' dir='ltr'><strong>spatium.</strong></span> <span class='ocrx_word' id='word_1_260' title='bbox 2481 798 2711 870; x_wconf 78' lang='lat' dir='ltr'><strong>Semper</strong></span> <span class='ocrx_word' id='word_1_261' title='bbox 2744 801 2888 854; x_wconf 87' lang='lat' dir='ltr'><strong>enim</strong></span> <span class='ocrx_word' id='word_1_262' title='bbox 2923 803 3169 855; x_wconf 89' lang='lat' dir='ltr'><strong>inaudita</strong></span> <span class='ocrx_word' id='word_1_263' title='bbox 3222 803 3520 855; x_wconf 88' lang='lat' dir='ltr'><strong>commini-</strong></span> 
     </span>
    </p>
   </div>
   <div class='ocr_carea' id='block_1_37' title="bbox 1926 890 3515 959">
    <p class='ocr_par' dir='ltr' id='par_1_37' title="bbox 1926 890 3515 959">
     <span class='ocr_line' id='line_1_37' title="bbox 1926 890 3515 959; baseline 0.001 -14"><span class='ocrx_word' id='word_1_264' title='bbox 1926 906 2108 953; x_wconf 84' lang='lat' dir='ltr'><strong>scens,</strong></span> <span class='ocrx_word' id='word_1_265' title='bbox 2175 890 2286 945; x_wconf 85' lang='lat' dir='ltr'><strong>Deo</strong></span> <span class='ocrx_word' id='word_1_266' title='bbox 2319 891 2549 948; x_wconf 77' lang='lat' dir='ltr'><strong>adversa</strong></span> <span class='ocrx_word' id='word_1_267' title='bbox 2607 895 2826 949; x_wconf 79' lang='lat' dir='ltr'><strong>dicendi</strong></span> <span class='ocrx_word' id='word_1_268' title='bbox 2881 894 3044 949; x_wconf 83' lang='lat' dir='ltr'><strong>ﬁnem</strong></span> <span class='ocrx_word' id='word_1_269' title='bbox 3093 896 3308 949; x_wconf 90' lang='lat' dir='ltr'><strong>nullum</strong></span> <span class='ocrx_word' id='word_1_270' title='bbox 3361 896 3515 959; x_wconf 80' lang='lat' dir='ltr'><strong>facit,</strong></span> 
     </span>
    </p>
   </div>
   <div class='ocr_carea' id='block_1_38' title="bbox 1927 985 3516 1056">
    <p class='ocr_par' dir='ltr' id='par_1_38' title="bbox 1927 985 3516 1056">
     <span class='ocr_line' id='line_1_38' title="bbox 1927 985 3516 1056; baseline 0.002 -19"><span class='ocrx_word' id='word_1_271' title='bbox 1927 998 2134 1049; x_wconf 83' lang='lat' dir='ltr'><strong>suaque</strong></span> <span class='ocrx_word' id='word_1_272' title='bbox 2170 985 2508 1054; x_wconf 85' lang='lat' dir='ltr'><strong>loquacitate</strong></span> <span class='ocrx_word' id='word_1_273' title='bbox 2564 986 2798 1056; x_wconf 88' lang='lat' dir='ltr'><strong>imperio</strong></span> <span class='ocrx_word' id='word_1_274' title='bbox 2834 995 2930 1041; x_wconf 92' lang='lat' dir='ltr'><strong>tuo</strong></span> <span class='ocrx_word' id='word_1_275' title='bbox 2983 987 3250 1042; x_wconf 89' lang='lat' dir='ltr'><strong>molestus</strong></span> <span class='ocrx_word' id='word_1_276' title='bbox 3305 997 3413 1041; x_wconf 85' lang='lat' dir='ltr'><strong>est.</strong></span> <span class='ocrx_word' id='word_1_277' title='bbox 3451 987 3516 1040; x_wconf 89' lang='lat' dir='ltr'><strong>Et</strong></span> 
     </span>
    </p>
   </div>
   <div class='ocr_carea' id='block_1_39' title="bbox 1926 1079 3515 1148">
    <p class='ocr_par' dir='ltr' id='par_1_39' title="bbox 1926 1079 3515 1148">
     <span class='ocr_line' id='line_1_39' title="bbox 1926 1079 3515 1148; baseline 0.005 -20"><span class='ocrx_word' id='word_1_278' title='bbox 1926 1079 2208 1145; x_wconf 77' lang='lat' dir='ltr'><strong>Augustus</strong></span> <span class='ocrx_word' id='word_1_279' title='bbox 2283 1079 2618 1147; x_wconf 73' lang='lat' dir='ltr'><strong>reSpondil:</strong></span> <span class='ocrx_word' id='word_1_280' title='bbox 2675 1080 2881 1135; x_wconf 85' lang='lat' dir='ltr'><strong>Nomen</strong></span> <span class='ocrx_word' id='word_1_281' title='bbox 2945 1081 3342 1148; x_wconf 85' lang='lat' dir='ltr'><strong>omnipotentis</strong></span> <span class='ocrx_word' id='word_1_282' title='bbox 3423 1082 3515 1137; x_wconf 84' lang='lat' dir='ltr'><strong>Dei</strong></span> 
     </span>
    </p>
   </div>
   <div class='ocr_carea' id='block_1_40' title="bbox 1926 1172 3517 1237">
    <p class='ocr_par' dir='ltr' id='par_1_40' title="bbox 1926 1172 3517 1237">
     <span class='ocr_line' id='line_1_40' title="bbox 1926 1172 3517 1237; baseline 0.005 -14"><span class='ocrx_word' id='word_1_283' title='bbox 1926 1172 2158 1237; x_wconf 76' lang='lat' dir='ltr'><strong>ejusque</strong></span> <span class='ocrx_word' id='word_1_284' title='bbox 2193 1173 2472 1227; x_wconf 70' lang='lat' dir='ltr'><strong>invocatio</strong></span> <span class='ocrx_word' id='word_1_285' title='bbox 2505 1172 2752 1226; x_wconf 87' lang='lat' dir='ltr'><strong>omnium</strong></span> <span class='ocrx_word' id='word_1_286' title='bbox 2789 1175 2911 1228; x_wconf 66' lang='lat' dir='ltr'><strong>vitae</strong></span> <span class='ocrx_word' id='word_1_287' title='bbox 2943 1185 2996 1227; x_wconf 90' lang='lat' dir='ltr'><strong>et</strong></span> <span class='ocrx_word' id='word_1_288' title='bbox 3027 1175 3188 1228; x_wconf 75' lang='lat' dir='ltr'><strong>sziluti</strong></span> <span class='ocrx_word' id='word_1_289' title='bbox 3245 1177 3517 1231; x_wconf 79' lang='lat' dir='ltr'><strong>consulit.</strong></span> 
     </span>
    </p>
   </div>
   <div class='ocr_carea' id='block_1_41' title="bbox 1928 1264 3519 1335">
    <p class='ocr_par' dir='ltr' id='par_1_41' title="bbox 1928 1264 3519 1335">
     <span class='ocr_line' id='line_1_41' title="bbox 1928 1264 3519 1335; baseline 0.004 -18"><span class='ocrx_word' id='word_1_290' title='bbox 1928 1264 2117 1333; x_wconf 79' lang='lat' dir='ltr'><strong>Itaque</strong></span> <span class='ocrx_word' id='word_1_291' title='bbox 2171 1271 2227 1317; x_wconf 92' lang='lat' dir='ltr'><strong>tu</strong></span> <span class='ocrx_word' id='word_1_292' title='bbox 2264 1265 2454 1328; x_wconf 83' lang='lat' dir='ltr'><strong>etiam,</strong></span> <span class='ocrx_word' id='word_1_293' title='bbox 2506 1264 2781 1335; x_wconf 82' lang='lat' dir='ltr'><strong>siquidem</strong></span> <span class='ocrx_word' id='word_1_294' title='bbox 2837 1281 2865 1318; x_wconf 89' lang='lat' dir='ltr'><strong>a</strong></span> <span class='ocrx_word' id='word_1_295' title='bbox 2919 1265 3028 1320; x_wconf 89' lang='lat' dir='ltr'><strong>Deo</strong></span> <span class='ocrx_word' id='word_1_296' title='bbox 3079 1282 3160 1331; x_wconf 90' lang='lat' dir='ltr'><strong>es,</strong></span> <span class='ocrx_word' id='word_1_297' title='bbox 3207 1277 3428 1322; x_wconf 87' lang='lat' dir='ltr'><strong>taurum</strong></span> <span class='ocrx_word' id='word_1_298' title='bbox 3463 1269 3519 1324; x_wconf 89' lang='lat' dir='ltr'><strong>in</strong></span> 
     </span>
    </p>
   </div>
   <div class='ocr_carea' id='block_1_42' title="bbox 1927 1360 3515 1416">
    <p class='ocr_par' dir='ltr' id='par_1_42' title="bbox 1927 1360 3515 1416">
     <span class='ocr_line' id='line_1_42' title="bbox 1927 1360 3515 1416; baseline 0.004 -8"><span class='ocrx_word' id='word_1_299' title='bbox 1927 1360 2093 1410; x_wconf 85' lang='lat' dir='ltr'><strong>vitam</strong></span> <span class='ocrx_word' id='word_1_300' title='bbox 2117 1374 2308 1412; x_wconf 85' lang='lat' dir='ltr'><strong>revoca</strong></span> <span class='ocrx_word' id='word_1_301' title='bbox 2334 1378 2346 1412; x_wconf 88' lang='lat'>:</span> <span class='ocrx_word' id='word_1_302' title='bbox 2384 1370 2495 1412; x_wconf 90' lang='lat' dir='ltr'><strong>tum</strong></span> <span class='ocrx_word' id='word_1_303' title='bbox 2525 1361 2816 1416; x_wconf 86' lang='lat' dir='ltr'><strong>credemus</strong></span> <span class='ocrx_word' id='word_1_304' title='bbox 2853 1372 2903 1415; x_wconf 92' lang='lat' dir='ltr'><strong>te</strong></span> <span class='ocrx_word' id='word_1_305' title='bbox 2927 1361 3196 1415; x_wconf 87' lang='lat' dir='ltr'><strong>divinitus</strong></span> <span class='ocrx_word' id='word_1_306' title='bbox 3224 1363 3515 1416; x_wconf 83' lang='lat' dir='ltr'><strong>victoriam</strong></span> 
     </span>
    </p>
   </div>
   <div class='ocr_carea' id='block_1_43' title="bbox 1926 1450 3516 1522">
    <p class='ocr_par' dir='ltr' id='par_1_43' title="bbox 1926 1450 3516 1522">
     <span class='ocr_line' id='line_1_43' title="bbox 1926 1450 3516 1522; baseline 0.002 -19"><span class='ocrx_word' id='word_1_307' title='bbox 1926 1459 2305 1504; x_wconf 89' lang='lat' dir='ltr'><strong>consecutum.</strong></span> <span class='ocrx_word' id='word_1_308' title='bbox 2341 1450 2495 1517; x_wconf 85' lang='lat' dir='ltr'><strong>Quod</strong></span> <span class='ocrx_word' id='word_1_309' title='bbox 2564 1453 2608 1506; x_wconf 87' lang='lat' dir='ltr'><strong>si</strong></span> <span class='ocrx_word' id='word_1_310' title='bbox 2648 1455 2750 1507; x_wconf 89' lang='lat' dir='ltr'><strong>hoc</strong></span> <span class='ocrx_word' id='word_1_311' title='bbox 2805 1462 3071 1521; x_wconf 68' lang='lat' dir='ltr'><strong>prmstare</strong></span> <span class='ocrx_word' id='word_1_312' title='bbox 3115 1467 3389 1522; x_wconf 85' lang='lat' dir='ltr'><strong>nequeas,</strong></span> <span class='ocrx_word' id='word_1_313' title='bbox 3458 1454 3516 1506; x_wconf 92' lang='lat' dir='ltr'><strong>in</strong></span> 
     </span>
    </p>
   </div>
   <div class='ocr_carea' id='block_1_44' title="bbox 1926 1545 3515 1616">
    <p class='ocr_par' dir='ltr' id='par_1_44' title="bbox 1926 1545 3515 1616">
     <span class='ocr_line' id='line_1_44' title="bbox 1926 1545 3515 1616; baseline 0.001 -19"><span class='ocrx_word' id='word_1_314' title='bbox 1926 1555 2182 1616; x_wconf 84' lang='lat' dir='ltr'><strong>promptu</strong></span> <span class='ocrx_word' id='word_1_315' title='bbox 2221 1555 2302 1598; x_wconf 83' lang='lat' dir='ltr'><strong>est</strong></span> <span class='ocrx_word' id='word_1_316' title='bbox 2347 1545 2639 1600; x_wconf 87' lang='lat' dir='ltr'><strong>diabolicis</strong></span> <span class='ocrx_word' id='word_1_317' title='bbox 2664 1548 2954 1614; x_wconf 65' lang='lat' dir='ltr'><strong>praestigiis</strong></span> <span class='ocrx_word' id='word_1_318' title='bbox 3015 1555 3068 1600; x_wconf 91' lang='lat' dir='ltr'><strong>te</strong></span> <span class='ocrx_word' id='word_1_319' title='bbox 3107 1561 3268 1601; x_wconf 90' lang='lat' dir='ltr'><strong>usum</strong></span> <span class='ocrx_word' id='word_1_320' title='bbox 3319 1545 3515 1600; x_wconf 84' lang='lat' dir='ltr'><strong>fuisse.</strong></span> 
     </span>
    </p>
   </div>
   <div class='ocr_carea' id='block_1_45' title="bbox 1930 1637 3516 1707">
    <p class='ocr_par' dir='ltr' id='par_1_45' title="bbox 1930 1637 3516 1707">
     <span class='ocr_line' id='line_1_45' title="bbox 1930 1637 3516 1707; baseline 0 -15"><span class='ocrx_word' id='word_1_321' title='bbox 1930 1638 2036 1692; x_wconf 89' lang='lat' dir='ltr'><strong>Sed</strong></span> <span class='ocrx_word' id='word_1_322' title='bbox 2072 1647 2124 1692; x_wconf 89' lang='lat' dir='ltr'><strong>et</strong></span> <span class='ocrx_word' id='word_1_323' title='bbox 2156 1637 2455 1692; x_wconf 77' lang='lat' dir='ltr'><strong>Silvester:</strong></span> <span class='ocrx_word' id='word_1_324' title='bbox 2505 1640 2671 1696; x_wconf 85' lang='lat' dir='ltr'><strong>Audi,</strong></span> <span class='ocrx_word' id='word_1_325' title='bbox 2716 1640 2919 1707; x_wconf 85' lang='lat' dir='ltr'><strong>inquit,</strong></span> <span class='ocrx_word' id='word_1_326' title='bbox 2952 1639 3162 1702; x_wconf 69' lang='lat' dir='ltr'><strong>Judzee,</strong></span> <span class='ocrx_word' id='word_1_327' title='bbox 3217 1639 3516 1694; x_wconf 65' lang='lat' dir='ltr'><strong>veritatem</strong></span> 
     </span>
    </p>
   </div>
   <div class='ocr_carea' id='block_1_46' title="bbox 1926 1729 3519 1798">
    <p class='ocr_par' dir='ltr' id='par_1_46' title="bbox 1926 1729 3519 1798">
     <span class='ocr_line' id='line_1_46' title="bbox 1926 1729 3519 1798; baseline -0.001 -11"><span class='ocrx_word' id='word_1_328' title='bbox 1926 1748 1992 1787; x_wconf 77' lang='lat' dir='ltr'><strong>ex</strong></span> <span class='ocrx_word' id='word_1_329' title='bbox 2024 1739 2134 1784; x_wconf 85' lang='lat' dir='ltr'><strong>tius</strong></span> <span class='ocrx_word' id='word_1_330' title='bbox 2171 1731 2325 1784; x_wconf 86' lang='lat' dir='ltr'><strong>libris</strong></span> <span class='ocrx_word' id='word_1_331' title='bbox 2363 1732 2723 1798; x_wconf 83' lang='lat' dir='ltr'><strong>propositam.</strong></span> <span class='ocrx_word' id='word_1_332' title='bbox 2762 1729 2818 1783; x_wconf 91' lang='lat' dir='ltr'><strong>In</strong></span> <span class='ocrx_word' id='word_1_333' title='bbox 2883 1730 3315 1786; x_wconf 88' lang='lat' dir='ltr'><strong>Deuteronomio</strong></span> <span class='ocrx_word' id='word_1_334' title='bbox 3367 1729 3519 1785; x_wconf 77' lang='lat' dir='ltr'><strong>Deus</strong></span> 
     </span>
    </p>
   </div>
   <div class='ocr_carea' id='block_1_47' title="bbox 1931 1822 3518 1893">
    <p class='ocr_par' dir='ltr' id='par_1_47' title="bbox 1931 1822 3518 1893">
     <span class='ocr_line' id='line_1_47' title="bbox 1931 1822 3518 1893; baseline 0 -19"><span class='ocrx_word' id='word_1_335' title='bbox 1931 1824 2108 1876; x_wconf 77' lang='lat' dir='ltr'><strong>fatur:</strong></span> <span class='ocrx_word' id='word_1_336' title='bbox 2150 1841 2169 1873; x_wconf 83' lang='grc'><em>‹</em></span> <span class='ocrx_word' id='word_1_337' title='bbox 2208 1822 2415 1882; x_wconf 76' lang='lat' dir='ltr'><strong>Videte,</strong></span> <span class='ocrx_word' id='word_1_338' title='bbox 2448 1823 2648 1885; x_wconf 82' lang='lat' dir='ltr'><strong>videte,</strong></span> <span class='ocrx_word' id='word_1_339' title='bbox 2687 1823 2832 1892; x_wconf 87' lang='lat' dir='ltr'><strong>quod</strong></span> <span class='ocrx_word' id='word_1_340' title='bbox 2859 1838 2960 1893; x_wconf 83' lang='lat' dir='ltr'><strong>ego</strong></span> <span class='ocrx_word' id='word_1_341' title='bbox 2987 1839 3132 1886; x_wconf 85' lang='lat' dir='ltr'><strong>sum,</strong></span> <span class='ocrx_word' id='word_1_342' title='bbox 3158 1829 3214 1875; x_wconf 84' lang='lat' dir='ltr'><strong>et</strong></span> <span class='ocrx_word' id='word_1_343' title='bbox 3237 1831 3393 1876; x_wconf 83' lang='lat' dir='ltr'><strong>extra</strong></span> <span class='ocrx_word' id='word_1_344' title='bbox 3431 1836 3518 1874; x_wconf 89' lang='lat' dir='ltr'><strong>me</strong></span> 
     </span>
    </p>
   </div>
   <div class='ocr_carea' id='block_1_48' title="bbox 1931 1913 3520 1985">
    <p class='ocr_par' dir='ltr' id='par_1_48' title="bbox 1931 1913 3520 1985">
     <span class='ocr_line' id='line_1_48' title="bbox 1931 1913 3520 1985; baseline 0 -15"><span class='ocrx_word' id='word_1_345' title='bbox 1931 1931 2040 1970; x_wconf 92' lang='lat' dir='ltr'><strong>non</strong></span> <span class='ocrx_word' id='word_1_346' title='bbox 2078 1916 2219 1970; x_wconf 86' lang='lat' dir='ltr'><strong>Deus</strong></span> <span class='ocrx_word' id='word_1_347' title='bbox 2280 1914 2394 1983; x_wconf 84' lang='lat' dir='ltr'><strong>Ego</strong></span> <span class='ocrx_word' id='word_1_348' title='bbox 2453 1913 2782 1968; x_wconf 83' lang='lat' dir='ltr'><strong>interticiam</strong></span> <span class='ocrx_word' id='word_1_349' title='bbox 2821 1925 2871 1969; x_wconf 91' lang='lat' dir='ltr'><strong>et</strong></span> <span class='ocrx_word' id='word_1_350' title='bbox 2927 1916 3049 1968; x_wconf 71' lang='lat' dir='ltr'><strong>vitae</strong></span> <span class='ocrx_word' id='word_1_351' title='bbox 3113 1914 3362 1976; x_wconf 84' lang='lat' dir='ltr'><strong>reddam,</strong></span> <span class='ocrx_word' id='word_1_352' title='bbox 3415 1929 3520 1985; x_wconf 83' lang='lat' dir='ltr'><strong>ego</strong></span> 
     </span>
    </p>
   </div>
   <div class='ocr_carea' id='block_1_49' title="bbox 1931 2007 3519 2076">
    <p class='ocr_par' dir='ltr' id='par_1_49' title="bbox 1931 2007 3519 2076">
     <span class='ocr_line' id='line_1_49' title="bbox 1931 2007 3519 2076; baseline -0.001 -15"><span class='ocrx_word' id='word_1_353' title='bbox 1931 2009 2120 2062; x_wconf 80' lang='lat' dir='ltr'><strong>feriam</strong></span> <span class='ocrx_word' id='word_1_354' title='bbox 2147 2009 2402 2076; x_wconf 78' lang='lat' dir='ltr'><strong>idemque</strong></span> <span class='ocrx_word' id='word_1_355' title='bbox 2420 2008 2715 2061; x_wconf 71' lang='lat' dir='ltr'><strong>sanaho“.</strong></span> <span class='ocrx_word' id='word_1_356' title='bbox 2759 2026 2776 2058; x_wconf 75' lang='grc' dir='ltr'><strong>ι</strong></span> <span class='ocrx_word' id='word_1_357' title='bbox 2813 2007 3519 2076; x_wconf 48' lang='grc' dir='ltr'>Ιιειιυειειηβρειινθὶηνοέ</span> 
     </span>
    </p>
   </div>
   <div class='ocr_carea' id='block_1_50' title="bbox 1929 2101 3517 2168">
    <p class='ocr_par' dir='ltr' id='par_1_50' title="bbox 1929 2101 3517 2168">
     <span class='ocr_line' id='line_1_50' title="bbox 1929 2101 3517 2168; baseline -0.004 -11"><span class='ocrx_word' id='word_1_358' title='bbox 1929 2111 2089 2168; x_wconf 68' lang='lat' dir='ltr'><strong>catgs</strong></span> <span class='ocrx_word' id='word_1_359' title='bbox 2125 2112 2310 2165; x_wconf 84' lang='lat' dir='ltr'><strong>necat,</strong></span> <span class='ocrx_word' id='word_1_360' title='bbox 2343 2112 2668 2168; x_wconf 80' lang='lat' dir='ltr'><strong>tempestive</strong></span> <span class='ocrx_word' id='word_1_361' title='bbox 2711 2107 2999 2154; x_wconf 83' lang='lat' dir='ltr'><strong>invocatus</strong></span> <span class='ocrx_word' id='word_1_362' title='bbox 3031 2114 3230 2154; x_wconf 82' lang='lat' dir='ltr'><strong>rurSus</strong></span> <span class='ocrx_word' id='word_1_363' title='bbox 3267 2101 3320 2152; x_wconf 92' lang='lat' dir='ltr'><strong>in</strong></span> <span class='ocrx_word' id='word_1_364' title='bbox 3347 2101 3517 2152; x_wconf 86' lang='lat' dir='ltr'><strong>vitam</strong></span> 
     </span>
    </p>
   </div>
   <div class='ocr_carea' id='block_1_51' title="bbox 1930 2189 3521 2249">
    <p class='ocr_par' dir='ltr' id='par_1_51' title="bbox 1930 2189 3521 2249">
     <span class='ocr_line' id='line_1_51' title="bbox 1930 2189 3521 2249; baseline -0.003 -1"><span class='ocrx_word' id='word_1_365' title='bbox 1930 2194 2204 2249; x_wconf 83' lang='lat' dir='ltr'><strong>restituit.</strong></span> <span class='ocrx_word' id='word_1_366' title='bbox 2240 2192 2481 2246; x_wconf 79' lang='lat' dir='ltr'><strong>Proinde</strong></span> <span class='ocrx_word' id='word_1_367' title='bbox 2516 2208 2570 2246; x_wconf 86' lang='lat' dir='ltr'><strong>in</strong></span> <span class='ocrx_word' id='word_1_368' title='bbox 2608 2191 2836 2244; x_wconf 82' lang='lat' dir='ltr'><strong>alteram</strong></span> <span class='ocrx_word' id='word_1_369' title='bbox 2881 2206 3070 2245; x_wconf 90' lang='lat' dir='ltr'><strong>aurem</strong></span> <span class='ocrx_word' id='word_1_370' title='bbox 3118 2189 3261 2245; x_wconf 88' lang='lat' dir='ltr'><strong>tauri</strong></span> <span class='ocrx_word' id='word_1_371' title='bbox 3317 2205 3521 2244; x_wconf 87' lang='lat' dir='ltr'><strong>nomen</strong></span> 
     </span>
    </p>
   </div>
   <div class='ocr_carea' id='block_1_52' title="bbox 1931 2281 3523 2351">
    <p class='ocr_par' dir='ltr' id='par_1_52' title="bbox 1931 2281 3523 2351">
     <span class='ocr_line' id='line_1_52' title="bbox 1931 2281 3523 2351; baseline -0.001 -11"><span class='ocrx_word' id='word_1_372' title='bbox 1931 2286 2028 2341; x_wconf 88' lang='lat' dir='ltr'><strong>Dei</strong></span> <span class='ocrx_word' id='word_1_373' title='bbox 2070 2288 2303 2340; x_wconf 89' lang='lat' dir='ltr'><strong>inclama</strong></span> <span class='ocrx_word' id='word_1_374' title='bbox 2332 2304 2345 2351; x_wconf 91' lang='lat'><strong>;</strong></span> <span class='ocrx_word' id='word_1_375' title='bbox 2379 2293 2433 2339; x_wconf 91' lang='lat' dir='ltr'><strong>et</strong></span> <span class='ocrx_word' id='word_1_376' title='bbox 2469 2285 2514 2339; x_wconf 91' lang='lat' dir='ltr'><strong>si</strong></span> <span class='ocrx_word' id='word_1_377' title='bbox 2550 2284 2596 2338; x_wconf 92' lang='lat' dir='ltr'><strong>is</strong></span> <span class='ocrx_word' id='word_1_378' title='bbox 2628 2284 2910 2345; x_wconf 82' lang='lat' dir='ltr'><strong>revixerit,</strong></span> <span class='ocrx_word' id='word_1_379' title='bbox 2970 2284 3130 2338; x_wconf 87' lang='lat' dir='ltr'><strong>tidem</strong></span> <span class='ocrx_word' id='word_1_380' title='bbox 3192 2283 3377 2338; x_wconf 78' lang='lat' dir='ltr'><strong>verbis</strong></span> <span class='ocrx_word' id='word_1_381' title='bbox 3411 2281 3523 2338; x_wconf 88' lang='lat' dir='ltr'><strong>tuis</strong></span> 
     </span>
    </p>
   </div>
   <div class='ocr_carea' id='block_1_53' title="bbox 1931 2375 3523 2444">
    <p class='ocr_par' dir='ltr' id='par_1_53' title="bbox 1931 2375 3523 2444">
     <span class='ocr_line' id='line_1_53' title="bbox 1931 2375 3523 2444; baseline -0.005 -10"><span class='ocrx_word' id='word_1_382' title='bbox 1931 2381 2339 2436; x_wconf 85' lang='lat' dir='ltr'><strong>adhibebimus.</strong></span> <span class='ocrx_word' id='word_1_383' title='bbox 2375 2379 2682 2434; x_wconf 85' lang='lat' dir='ltr'><strong>Zambres:</strong></span> <span class='ocrx_word' id='word_1_384' title='bbox 2721 2377 2914 2432; x_wconf 79' lang='lat' dir='ltr'><strong>Nonne</strong></span> <span class='ocrx_word' id='word_1_385' title='bbox 2946 2377 3085 2441; x_wconf 73' lang='lat' dir='ltr'><strong>dixi,</strong></span> <span class='ocrx_word' id='word_1_386' title='bbox 3118 2376 3327 2444; x_wconf 89' lang='lat' dir='ltr'><strong>optime</strong></span> <span class='ocrx_word' id='word_1_387' title='bbox 3350 2375 3523 2443; x_wconf 87' lang='lat' dir='ltr'><strong>impe-</strong></span> 
     </span>
    </p>
   </div>
   <div class='ocr_carea' id='block_1_54' title="bbox 1931 2465 3524 2537">
    <p class='ocr_par' dir='ltr' id='par_1_54' title="bbox 1931 2465 3524 2537">
     <span class='ocr_line' id='line_1_54' title="bbox 1931 2465 3524 2537; baseline -0.007 -8"><span class='ocrx_word' id='word_1_388' title='bbox 1931 2483 2104 2536; x_wconf 88' lang='lat' dir='ltr'><strong>rator,</strong></span> <span class='ocrx_word' id='word_1_389' title='bbox 2143 2473 2326 2528; x_wconf 87' lang='lat' dir='ltr'><strong>verbis</strong></span> <span class='ocrx_word' id='word_1_390' title='bbox 2386 2472 2718 2526; x_wconf 77' lang='lat' dir='ltr'><strong>Silvestrum</strong></span> <span class='ocrx_word' id='word_1_391' title='bbox 2776 2485 2806 2524; x_wconf 90' lang='lat' dir='ltr'><strong>a</strong></span> <span class='ocrx_word' id='word_1_392' title='bbox 2857 2471 3074 2524; x_wconf 86' lang='lat' dir='ltr'><strong>nemine</strong></span> <span class='ocrx_word' id='word_1_393' title='bbox 3132 2468 3279 2522; x_wconf 89' lang='lat' dir='ltr'><strong>vinci</strong></span> <span class='ocrx_word' id='word_1_394' title='bbox 3326 2465 3524 2537; x_wconf 83' lang='lat' dir='ltr'><strong>posse?</strong></span> 
     </span>
    </p>
   </div>
   <div class='ocr_carea' id='block_1_55' title="bbox 1929 2561 3520 2637">
    <p class='ocr_par' dir='ltr' id='par_1_55' title="bbox 1929 2561 3520 2637">
     <span class='ocr_line' id='line_1_55' title="bbox 1929 2561 3520 2637; baseline -0.006 -15"><span class='ocrx_word' id='word_1_395' title='bbox 1929 2567 2070 2622; x_wconf 84' lang='lat' dir='ltr'><strong>Jube</strong></span> <span class='ocrx_word' id='word_1_396' title='bbox 2112 2567 2276 2637; x_wconf 80' lang='lat' dir='ltr'><strong>igitur</strong></span> <span class='ocrx_word' id='word_1_397' title='bbox 2306 2580 2431 2620; x_wconf 87' lang='lat' dir='ltr'><strong>eum</strong></span> <span class='ocrx_word' id='word_1_398' title='bbox 2465 2580 2574 2619; x_wconf 91' lang='lat' dir='ltr'><strong>non</strong></span> <span class='ocrx_word' id='word_1_399' title='bbox 2624 2563 2810 2618; x_wconf 89' lang='lat' dir='ltr'><strong>verbis</strong></span> <span class='ocrx_word' id='word_1_400' title='bbox 2863 2562 2955 2616; x_wconf 91' lang='lat' dir='ltr'><strong>sed</strong></span> <span class='ocrx_word' id='word_1_401' title='bbox 2994 2561 3141 2616; x_wconf 80' lang='lat' dir='ltr'><strong>facto</strong></span> <span class='ocrx_word' id='word_1_402' title='bbox 3178 2562 3365 2629; x_wconf 84' lang='lat' dir='ltr'><strong>aliquo</strong></span> <span class='ocrx_word' id='word_1_403' title='bbox 3420 2573 3520 2615; x_wconf 86' lang='lat' dir='ltr'><strong>sua</strong></span> 
     </span>
    </p>
   </div>
   <div class='ocr_carea' id='block_1_56' title="bbox 1932 2652 3526 2729">
    <p class='ocr_par' dir='ltr' id='par_1_56' title="bbox 1932 2652 3526 2729">
     <span class='ocr_line' id='line_1_56' title="bbox 1932 2652 3526 2729; baseline -0.005 -15"><span class='ocrx_word' id='word_1_404' title='bbox 1932 2659 2297 2729; x_wconf 85' lang='lat' dir='ltr'><strong>comprobare</strong></span> <span class='ocrx_word' id='word_1_405' title='bbox 2328 2657 2510 2712; x_wconf 89' lang='lat' dir='ltr'><strong>nobis.</strong></span> <span class='ocrx_word' id='word_1_406' title='bbox 2537 2656 2843 2711; x_wconf 85' lang='lat' dir='ltr'><strong>Silvester:</strong></span> <span class='ocrx_word' id='word_1_407' title='bbox 2883 2653 2979 2710; x_wconf 76' lang='lat' dir='ltr'><strong>Vis</strong></span> <span class='ocrx_word' id='word_1_408' title='bbox 3033 2669 3184 2723; x_wconf 77' lang='lat' dir='ltr'><strong>ergo,</strong></span> <span class='ocrx_word' id='word_1_409' title='bbox 3216 2652 3426 2717; x_wconf 73' lang='lat' dir='ltr'><strong>Judtee,</strong></span> <span class='ocrx_word' id='word_1_410' title='bbox 3465 2660 3526 2706; x_wconf 88' lang='lat' dir='ltr'><strong>ut</strong></span> 
     </span>
    </p>
   </div>
   <div class='ocr_carea' id='block_1_57' title="bbox 1931 2746 3523 2821">
    <p class='ocr_par' dir='ltr' id='par_1_57' title="bbox 1931 2746 3523 2821">
     <span class='ocr_line' id='line_1_57' title="bbox 1931 2746 3523 2821; baseline -0.004 -15"><span class='ocrx_word' id='word_1_411' title='bbox 1931 2767 2031 2821; x_wconf 86' lang='lat' dir='ltr'><strong>ego</strong></span> <span class='ocrx_word' id='word_1_412' title='bbox 2067 2753 2374 2806; x_wconf 90' lang='lat' dir='ltr'><strong>invocando</strong></span> <span class='ocrx_word' id='word_1_413' title='bbox 2426 2753 2650 2804; x_wconf 88' lang='lat' dir='ltr'><strong>nomine</strong></span> <span class='ocrx_word' id='word_1_414' title='bbox 2712 2749 2926 2804; x_wconf 86' lang='lat' dir='ltr'><strong>Domini</strong></span> <span class='ocrx_word' id='word_1_415' title='bbox 2976 2748 3083 2802; x_wconf 90' lang='lat' dir='ltr'><strong>mei</strong></span> <span class='ocrx_word' id='word_1_416' title='bbox 3131 2747 3257 2802; x_wconf 86' lang='lat' dir='ltr'><strong>Jesu</strong></span> <span class='ocrx_word' id='word_1_417' title='bbox 3311 2746 3523 2802; x_wconf 88' lang='lat' dir='ltr'><strong>Christi</strong></span> 
     </span>
    </p>
   </div>
   <div class='ocr_carea' id='block_1_58' title="bbox 1931 2838 3526 2901">
    <p class='ocr_par' dir='ltr' id='par_1_58' title="bbox 1931 2838 3526 2901">
     <span class='ocr_line' id='line_1_58' title="bbox 1931 2838 3526 2901; baseline -0.003 -3"><span class='ocrx_word' id='word_1_418' title='bbox 1931 2852 2151 2899; x_wconf 91' lang='lat' dir='ltr'><strong>taurum</strong></span> <span class='ocrx_word' id='word_1_419' title='bbox 2185 2844 2463 2898; x_wconf 78' lang='lat' dir='ltr'><strong>excitem?</strong></span> <span class='ocrx_word' id='word_1_420' title='bbox 2498 2843 2804 2896; x_wconf 87' lang='lat' dir='ltr'><strong>Zambres:</strong></span> <span class='ocrx_word' id='word_1_421' title='bbox 2860 2842 2920 2896; x_wconf 73' lang='grc' dir='ltr'><strong>ιο</strong></span> <span class='ocrx_word' id='word_1_422' title='bbox 2956 2855 3061 2895; x_wconf 89' lang='lat' dir='ltr'><strong>non</strong></span> <span class='ocrx_word' id='word_1_423' title='bbox 3119 2838 3345 2901; x_wconf 83' lang='lat' dir='ltr'><strong>elTicies.</strong></span> <span class='ocrx_word' id='word_1_424' title='bbox 3377 2855 3444 2893; x_wconf 87' lang='lat' dir='ltr'><strong>ne</strong></span> <span class='ocrx_word' id='word_1_425' title='bbox 3476 2838 3526 2894; x_wconf 89' lang='lat' dir='ltr'><strong>si</strong></span> 
     </span>
    </p>
   </div>
   <div class='ocr_carea' id='block_1_59' title="bbox 1933 2928 3524 3005">
    <p class='ocr_par' dir='ltr' id='par_1_59' title="bbox 1933 2928 3524 3005">
     <span class='ocr_line' id='line_1_59' title="bbox 1933 2928 3524 3005; baseline -0.004 -14"><span class='ocrx_word' id='word_1_426' title='bbox 1933 2938 2036 2992; x_wconf 87' lang='lat' dir='ltr'><strong>alis</strong></span> <span class='ocrx_word' id='word_1_427' title='bbox 2069 2937 2290 3005; x_wconf 86' lang='lat' dir='ltr'><strong>quidem</strong></span> <span class='ocrx_word' id='word_1_428' title='bbox 2328 2936 2608 2991; x_wconf 89' lang='lat' dir='ltr'><strong>subvoles.</strong></span> <span class='ocrx_word' id='word_1_429' title='bbox 2642 2936 2990 3004; x_wconf 89' lang='lat' dir='ltr'><strong>Imperator:</strong></span> <span class='ocrx_word' id='word_1_430' title='bbox 3047 2931 3246 2995; x_wconf 91' lang='lat' dir='ltr'><strong>Tuam,</strong></span> <span class='ocrx_word' id='word_1_431' title='bbox 3279 2948 3312 2988; x_wconf 93' lang='grc' dir='ltr'><strong>ο</strong></span> <span class='ocrx_word' id='word_1_432' title='bbox 3357 2928 3524 2985; x_wconf 84' lang='lat' dir='ltr'><strong>Zam-</strong></span> 
     </span>
    </p>
   </div>
   <div class='ocr_carea' id='block_1_60' title="bbox 1932 3024 3524 3100">
    <p class='ocr_par' dir='ltr' id='par_1_60' title="bbox 1932 3024 3524 3100">
     <span class='ocr_line' id='line_1_60' title="bbox 1932 3024 3524 3100; baseline -0.004 -15"><span class='ocrx_word' id='word_1_433' title='bbox 1932 3031 2080 3095; x_wconf 87' lang='lat' dir='ltr'><strong>bres,</strong></span> <span class='ocrx_word' id='word_1_434' title='bbox 2106 3029 2274 3100; x_wconf 63' lang='grc'><strong>494</strong></span> <span class='ocrx_word' id='word_1_435' title='bbox 2299 3028 2698 3098; x_wconf 88' lang='lat' dir='ltr'><strong>impudentiam</strong></span> <span class='ocrx_word' id='word_1_436' title='bbox 2743 3028 2936 3082; x_wconf 90' lang='lat' dir='ltr'><strong>miror.</strong></span> <span class='ocrx_word' id='word_1_437' title='bbox 2979 3026 3190 3081; x_wconf 88' lang='lat' dir='ltr'><strong>Petiisti</strong></span> <span class='ocrx_word' id='word_1_438' title='bbox 3245 3034 3306 3080; x_wconf 92' lang='lat' dir='ltr'><strong>ut</strong></span> <span class='ocrx_word' id='word_1_439' title='bbox 3336 3024 3524 3078; x_wconf 89' lang='lat' dir='ltr'><strong>verbis</strong></span> 
     </span>
    </p>
   </div>
   <div class='ocr_carea' id='block_1_61' title="bbox 1933 3117 3526 3177">
    <p class='ocr_par' dir='ltr' id='par_1_61' title="bbox 1933 3117 3526 3177">
     <span class='ocr_line' id='line_1_61' title="bbox 1933 3117 3526 3177; baseline -0.004 0"><span class='ocrx_word' id='word_1_440' title='bbox 1933 3124 2160 3177; x_wconf 80' lang='lat' dir='ltr'><strong>omissis</strong></span> <span class='ocrx_word' id='word_1_441' title='bbox 2189 3130 2469 3176; x_wconf 88' lang='lat' dir='ltr'><strong>certamen</strong></span> <span class='ocrx_word' id='word_1_442' title='bbox 2537 3121 2807 3176; x_wconf 79' lang='lat' dir='ltr'><strong>factorum</strong></span> <span class='ocrx_word' id='word_1_443' title='bbox 2862 3120 3208 3174; x_wconf 85' lang='lat' dir='ltr'><strong>instituatur.</strong></span> <span class='ocrx_word' id='word_1_444' title='bbox 3250 3118 3369 3173; x_wconf 84' lang='lat' dir='ltr'><strong>Jam</strong></span> <span class='ocrx_word' id='word_1_445' title='bbox 3418 3117 3526 3171; x_wconf 84' lang='lat' dir='ltr'><strong>Sil-</strong></span> 
     </span>
    </p>
   </div>
   <div class='ocr_carea' id='block_1_62' title="bbox 231 3213 1823 3293">
    <p class='ocr_par' dir='ltr' id='par_1_62' title="bbox 231 3216 1823 3293">
     <span class='ocr_line' id='line_1_62' title="bbox 231 3216 1823 3293; baseline -0.004 -17"><span class='ocrx_word' id='word_1_446' title='bbox 231 3221 510 3276; x_wconf 77' lang='grc' dir='ltr'>Κέλευσον</span> <span class='ocrx_word' id='word_1_447' title='bbox 534 3216 628 3275; x_wconf 83' lang='grc' dir='ltr'><strong>οῦν</strong></span> <span class='ocrx_word' id='word_1_448' title='bbox 653 3222 818 3276; x_wconf 74' lang='grc' dir='ltr'>αὑτὸν</span> <span class='ocrx_word' id='word_1_449' title='bbox 844 3221 919 3290; x_wconf 80' lang='grc' dir='ltr'>μὴ</span> <span class='ocrx_word' id='word_1_450' title='bbox 947 3223 1191 3293; x_wconf 82' lang='grc' dir='ltr'>ῥήμασιν</span> <span class='ocrx_word' id='word_1_451' title='bbox 1213 3221 1326 3273; x_wconf 88' lang='grc' dir='ltr'>ἀλλ’</span> <span class='ocrx_word' id='word_1_452' title='bbox 1348 3221 1532 3290; x_wconf 81' lang='grc' dir='ltr'>ἔργοις</span> <span class='ocrx_word' id='word_1_453' title='bbox 1561 3218 1823 3285; x_wconf 78' lang='grc' dir='ltr'>ἐπιδεῖξαί</span> 
     </span>
    </p>
   </div>
   <div class='ocr_carea' id='block_1_63' title="bbox 1929 3213 3519 3293">
    <p class='ocr_par' dir='ltr' id='par_1_63' title="bbox 1934 3213 3519 3285">
     <span class='ocr_line' id='line_1_63' title="bbox 1934 3213 3519 3285; baseline -0.001 -16"><span class='ocrx_word' id='word_1_454' title='bbox 1934 3224 2117 3271; x_wconf 82' lang='lat' dir='ltr'><strong>vester</strong></span> <span class='ocrx_word' id='word_1_455' title='bbox 2155 3217 2429 3285; x_wconf 88' lang='lat' dir='ltr'><strong>promittit</strong></span> <span class='ocrx_word' id='word_1_456' title='bbox 2460 3216 2512 3269; x_wconf 93' lang='lat' dir='ltr'><strong>id</strong></span> <span class='ocrx_word' id='word_1_457' title='bbox 2547 3231 2607 3270; x_wconf 91' lang='lat' dir='ltr'><strong>se</strong></span> <span class='ocrx_word' id='word_1_458' title='bbox 2641 3215 2942 3278; x_wconf 79' lang='lat' dir='ltr'><strong>facturum,</strong></span> <span class='ocrx_word' id='word_1_459' title='bbox 2976 3215 3121 3282; x_wconf 85' lang='lat' dir='ltr'><strong>quod</strong></span> <span class='ocrx_word' id='word_1_460' title='bbox 3151 3215 3222 3278; x_wconf 64' lang='lat' dir='ltr'><strong>jtu</strong></span> <span class='ocrx_word' id='word_1_461' title='bbox 3270 3213 3384 3267; x_wconf 87' lang='lat' dir='ltr'><strong>ﬁeri</strong></span> <span class='ocrx_word' id='word_1_462' title='bbox 3411 3227 3519 3267; x_wconf 90' lang='lat' dir='ltr'><strong>non</strong></span> 
     </span>
    </p>
   </div>
   <div class='ocr_carea' id='block_1_64' title="bbox 224 3309 1824 3384">
    <p class='ocr_par' dir='ltr' id='par_1_64' title="bbox 224 3309 1824 3384">
     <span class='ocr_line' id='line_1_64' title="bbox 224 3309 1824 3384; baseline -0.002 -21"><span class='ocrx_word' id='word_1_463' title='bbox 224 3329 285 3364; x_wconf 73' lang='grc' dir='ltr'><strong>τι</strong></span> <span class='ocrx_word' id='word_1_464' title='bbox 314 3315 469 3381; x_wconf 77' lang='grc' dir='ltr'>ἡμῖν.</span> <span class='ocrx_word' id='word_1_465' title='bbox 513 3312 600 3383; x_wconf 82' lang='grc' dir='ltr'><strong>[Ρ.</strong></span> <span class='ocrx_word' id='word_1_466' title='bbox 633 3311 766 3384; x_wconf 67' lang='lat'><strong>289]</strong></span> <span class='ocrx_word' id='word_1_467' title='bbox 813 3313 872 3365; x_wconf 83' lang='grc' dir='ltr'>Ὀ</span> <span class='ocrx_word' id='word_1_468' title='bbox 906 3314 1062 3381; x_wconf 82' lang='grc' dir='ltr'>ἃγιος</span> <span class='ocrx_word' id='word_1_469' title='bbox 1106 3311 1431 3380; x_wconf 73' lang='grc' dir='ltr'>Σίλὸεστρος</span> <span class='ocrx_word' id='word_1_470' title='bbox 1462 3309 1566 3379; x_wconf 78' lang='grc' dir='ltr'><strong>ἔφη</strong></span> <span class='ocrx_word' id='word_1_471' title='bbox 1590 3326 1604 3340; x_wconf 84' lang='lat'><strong><em>°</em></strong></span> <span class='ocrx_word' id='word_1_472' title='bbox 1637 3310 1824 3371; x_wconf 82' lang='grc' dir='ltr'>Θέλεις</span> 
     </span>
    </p>
   </div>
   <div class='ocr_carea' id='block_1_65' title="bbox 229 3397 1823 3474">
    <p class='ocr_par' dir='ltr' id='par_1_65' title="bbox 229 3397 1823 3474">
     <span class='ocr_line' id='line_1_65' title="bbox 229 3397 1823 3474; baseline 0.001 -20"><span class='ocrx_word' id='word_1_473' title='bbox 229 3397 346 3468; x_wconf 74' lang='grc' dir='ltr'>οὖν,</span> <span class='ocrx_word' id='word_1_474' title='bbox 399 3401 445 3456; x_wconf 81' lang='grc' dir='ltr'><strong>ὦ</strong></span> <span class='ocrx_word' id='word_1_475' title='bbox 510 3403 756 3469; x_wconf 78' lang='grc' dir='ltr'>Ἰουδαῖε,</span> <span class='ocrx_word' id='word_1_476' title='bbox 808 3401 921 3472; x_wconf 84' lang='grc' dir='ltr'>ἐγὼ</span> <span class='ocrx_word' id='word_1_477' title='bbox 959 3407 1026 3474; x_wconf 84' lang='grc' dir='ltr'>τῇ</span> <span class='ocrx_word' id='word_1_478' title='bbox 1079 3404 1365 3470; x_wconf 76' lang='grc' dir='ltr'>ἐπικλήσει</span> <span class='ocrx_word' id='word_1_479' title='bbox 1406 3403 1500 3456; x_wconf 90' lang='grc' dir='ltr'><strong>τοῦ</strong></span> <span class='ocrx_word' id='word_1_480' title='bbox 1549 3404 1823 3456; x_wconf 83' lang='grc' dir='ltr'>Δεσπότου</span> 
     </span>
    </p>
   </div>
   <div class='ocr_carea' id='block_1_66' title="bbox 235 3496 1826 3568">
    <p class='ocr_par' dir='ltr' id='par_1_66' title="bbox 235 3496 1826 3568">
     <span class='ocr_line' id='line_1_66' title="bbox 235 3496 1826 3568; baseline 0.001 -20"><span class='ocrx_word' id='word_1_481' title='bbox 235 3513 337 3567; x_wconf 83' lang='grc' dir='ltr'><strong>μου</strong></span> <span class='ocrx_word' id='word_1_482' title='bbox 385 3496 565 3566; x_wconf 89' lang='grc' dir='ltr'>Ἰησοῦ</span> <span class='ocrx_word' id='word_1_483' title='bbox 615 3496 856 3564; x_wconf 83' lang='grc' dir='ltr'>Χριστοῦ</span> <span class='ocrx_word' id='word_1_484' title='bbox 897 3496 1100 3565; x_wconf 83' lang='grc' dir='ltr'>ὲγείρω</span> <span class='ocrx_word' id='word_1_485' title='bbox 1143 3496 1234 3548; x_wconf 75' lang='grc' dir='ltr'>τὸν</span> <span class='ocrx_word' id='word_1_486' title='bbox 1266 3496 1502 3566; x_wconf 84' lang='grc' dir='ltr'>ταῦρον;</span> <span class='ocrx_word' id='word_1_487' title='bbox 1557 3497 1826 3568; x_wconf 76' lang='grc' dir='ltr'>Ζαμΰρῆς</span> 
     </span>
    </p>
   </div>
   <div class='ocr_carea' id='block_1_67' title="bbox 229 3588 1826 3658">
    <p class='ocr_par' dir='ltr' id='par_1_67' title="bbox 229 3588 1826 3658">
     <span class='ocr_line' id='line_1_67' title="bbox 229 3588 1826 3658; baseline 0 -16"><span class='ocrx_word' id='word_1_488' title='bbox 229 3591 415 3656; x_wconf 75' lang='grc' dir='ltr'>λέγει’</span> <span class='ocrx_word' id='word_1_489' title='bbox 448 3589 622 3642; x_wconf 86' lang='grc' dir='ltr'>Τοῦτο</span> <span class='ocrx_word' id='word_1_490' title='bbox 648 3590 707 3642; x_wconf 86' lang='grc' dir='ltr'><strong>ού</strong></span> <span class='ocrx_word' id='word_1_491' title='bbox 740 3591 936 3652; x_wconf 84' lang='grc' dir='ltr'>ποιεῖς,</span> <span class='ocrx_word' id='word_1_492' title='bbox 968 3590 1016 3642; x_wconf 85' lang='grc' dir='ltr'><strong>εί</strong></span> <span class='ocrx_word' id='word_1_493' title='bbox 1048 3589 1143 3642; x_wconf 76' lang='grc' dir='ltr'>καὶ</span> <span class='ocrx_word' id='word_1_494' title='bbox 1176 3591 1398 3657; x_wconf 82' lang='grc' dir='ltr'>πτεροῖς</span> <span class='ocrx_word' id='word_1_495' title='bbox 1424 3589 1724 3658; x_wconf 77' lang='grc' dir='ltr'>πετασῦῇς.</span> <span class='ocrx_word' id='word_1_496' title='bbox 1766 3588 1826 3642; x_wconf 81' lang='grc' dir='ltr'><strong>Ὀ</strong></span> 
     </span>
    </p>
   </div>
   <div class='ocr_carea' id='block_1_68' title="bbox 234 3681 1826 3753">
    <p class='ocr_par' dir='ltr' id='par_1_68' title="bbox 234 3681 1826 3753">
     <span class='ocr_line' id='line_1_68' title="bbox 234 3681 1826 3753; baseline -0.002 -17"><span class='ocrx_word' id='word_1_497' title='bbox 234 3684 492 3753; x_wconf 72' lang='grc' dir='ltr'>βασιλεὺς</span> <span class='ocrx_word' id='word_1_498' title='bbox 517 3681 660 3736; x_wconf 75' lang='grc' dir='ltr'>εἴπεο</span> <span class='ocrx_word' id='word_1_499' title='bbox 691 3683 969 3752; x_wconf 78' lang='grc' dir='ltr'>Θαυμάζω</span> <span class='ocrx_word' id='word_1_500' title='bbox 992 3682 1092 3751; x_wconf 78' lang='grc' dir='ltr'><strong>τὴν</strong></span> <span class='ocrx_word' id='word_1_501' title='bbox 1121 3681 1508 3750; x_wconf 79' lang='grc' dir='ltr'>ἀναισχυντίαν</span> <span class='ocrx_word' id='word_1_502' title='bbox 1539 3700 1653 3747; x_wconf 90' lang='grc' dir='ltr'>σου,</span> <span class='ocrx_word' id='word_1_503' title='bbox 1675 3684 1826 3751; x_wconf 87' lang='grc' dir='ltr'>Ζαμ-</span> 
     </span>
    </p>
   </div>
   <div class='ocr_carea' id='block_1_69' title="bbox 232 3770 1825 3846">
    <p class='ocr_par' dir='ltr' id='par_1_69' title="bbox 232 3770 1825 3846">
     <span class='ocr_line' id='line_1_69' title="bbox 232 3770 1825 3846; baseline -0.002 -18"><span class='ocrx_word' id='word_1_504' title='bbox 232 3777 360 3846; x_wconf 75' lang='grc' dir='ltr'>ϐρῆ.</span> <span class='ocrx_word' id='word_1_505' title='bbox 391 3777 466 3828; x_wconf 72' lang='grc' dir='ltr'><strong>Σὺ</strong></span> <span class='ocrx_word' id='word_1_506' title='bbox 523 3770 705 3839; x_wconf 74' lang='grc' dir='ltr'>εἶπας,</span> <span class='ocrx_word' id='word_1_507' title='bbox 755 3774 1169 3844; x_wconf 78' lang='grc' dir='ltr'>σχολαζέτωσαν</span> <span class='ocrx_word' id='word_1_508' title='bbox 1219 3777 1267 3826; x_wconf 79' lang='lat' dir='ltr'><strong>oi</strong></span> <span class='ocrx_word' id='word_1_509' title='bbox 1313 3775 1462 3842; x_wconf 86' lang='grc' dir='ltr'>λόγοι</span> <span class='ocrx_word' id='word_1_510' title='bbox 1507 3775 1600 3827; x_wconf 73' lang='grc' dir='ltr'>καὶ</span> <span class='ocrx_word' id='word_1_511' title='bbox 1641 3774 1825 3843; x_wconf 81' lang='grc' dir='ltr'>ἔργοις</span> 
     </span>
    </p>
   </div>
   <div class='ocr_carea' id='block_1_70' title="bbox 233 3859 1822 3942">
    <p class='ocr_par' dir='ltr' id='par_1_70' title="bbox 233 3859 1822 3942">
     <span class='ocr_line' id='line_1_70' title="bbox 233 3859 1822 3942; baseline -0.001 -23"><span class='ocrx_word' id='word_1_512' title='bbox 233 3866 612 3934; x_wconf 79' lang='grc' dir='ltr'>ἀγωνιζέσθω.</span> <span class='ocrx_word' id='word_1_513' title='bbox 651 3859 821 3929; x_wconf 77' lang='grc' dir='ltr'>Οὗτος</span> <span class='ocrx_word' id='word_1_514' title='bbox 853 3866 910 3919; x_wconf 77' lang='grc' dir='ltr'><strong>δὲ</strong></span> <span class='ocrx_word' id='word_1_515' title='bbox 948 3867 1293 3942; x_wconf 75' lang='grc' dir='ltr'>ὑπισχνεῖται</span> <span class='ocrx_word' id='word_1_516' title='bbox 1325 3869 1549 3936; x_wconf 84' lang='grc' dir='ltr'>ποιῆσαι</span> <span class='ocrx_word' id='word_1_517' title='bbox 1588 3867 1727 3938; x_wconf 83' lang='grc' dir='ltr'>ὅπερ</span> <span class='ocrx_word' id='word_1_518' title='bbox 1759 3868 1822 3919; x_wconf 79' lang='grc' dir='ltr'><strong>σὺ</strong></span> 
     </span>
    </p>
   </div>
   <div class='ocr_carea' id='block_1_71' title="bbox 231 3954 1825 4028">
    <p class='ocr_par' dir='ltr' id='par_1_71' title="bbox 231 3954 1825 4028">
     <span class='ocr_line' id='line_1_71' title="bbox 231 3954 1825 4028; baseline -0.001 -16"><span class='ocrx_word' id='word_1_519' title='bbox 231 3961 412 4028; x_wconf 73' lang='grc' dir='ltr'>λέγεις</span> <span class='ocrx_word' id='word_1_520' title='bbox 434 3959 718 4022; x_wconf 85' lang='grc' dir='ltr'>παντελῶς</span> <span class='ocrx_word' id='word_1_521' title='bbox 743 3954 884 4012; x_wconf 76' lang='grc' dir='ltr'>εἶναι</span> <span class='ocrx_word' id='word_1_522' title='bbox 912 3959 1195 4012; x_wconf 88' lang='grc' dir='ltr'>ἀδύνατον.</span> <span class='ocrx_word' id='word_1_523' title='bbox 1233 3960 1397 4012; x_wconf 81' lang='grc' dir='ltr'>’Ὥστε</span> <span class='ocrx_word' id='word_1_524' title='bbox 1430 3960 1638 4012; x_wconf 80' lang='grc' dir='ltr'>δὶκαιόν</span> <span class='ocrx_word' id='word_1_525' title='bbox 1675 3961 1825 4012; x_wconf 88' lang='grc' dir='ltr'>ἐστιν</span> 
     </span>
    </p>
   </div>
   <div class='ocr_carea' id='block_1_72' title="bbox 232 4050 1827 4123">
    <p class='ocr_par' dir='ltr' id='par_1_72' title="bbox 232 4050 1827 4123">
     <span class='ocr_line' id='line_1_72' title="bbox 232 4050 1827 4123; baseline -0.001 -16"><span class='ocrx_word' id='word_1_526' title='bbox 232 4053 568 4122; x_wconf 71' lang='grc' dir='ltr'>δίολογῆσαί</span> <span class='ocrx_word' id='word_1_527' title='bbox 612 4071 672 4106; x_wconf 88' lang='grc' dir='ltr'><strong>σε</strong></span> <span class='ocrx_word' id='word_1_528' title='bbox 713 4051 904 4105; x_wconf 90' lang='grc' dir='ltr'>τοῦτον</span> <span class='ocrx_word' id='word_1_529' title='bbox 930 4050 1068 4106; x_wconf 77' lang='grc' dir='ltr'>εἶναι</span> <span class='ocrx_word' id='word_1_530' title='bbox 1100 4053 1233 4105; x_wconf 76' lang='grc' dir='ltr'>Θεὸν</span> <span class='ocrx_word' id='word_1_531' title='bbox 1265 4052 1442 4121; x_wconf 79' lang='grc' dir='ltr'>ἀληθῆ</span> <span class='ocrx_word' id='word_1_532' title='bbox 1474 4055 1566 4105; x_wconf 72' lang='grc' dir='ltr'><strong>τὸν</strong></span> <span class='ocrx_word' id='word_1_533' title='bbox 1595 4053 1827 4123; x_wconf 75' lang='grc' dir='ltr'>νεκροὺς</span> 
     </span>
    </p>
   </div>
   <div class='ocr_carea' id='block_1_73' title="bbox 232 4145 1827 4217">
    <p class='ocr_par' dir='ltr' id='par_1_73' title="bbox 232 4145 1827 4217">
     <span class='ocr_line' id='line_1_73' title="bbox 232 4145 1827 4217; baseline -0.003 -17"><span class='ocrx_word' id='word_1_534' title='bbox 232 4147 541 4216; x_wconf 83' lang='grc' dir='ltr'>ἀναστῆσαι</span> <span class='ocrx_word' id='word_1_535' title='bbox 582 4147 908 4217; x_wconf 80' lang='grc' dir='ltr'>δυνάμενον,</span> <span class='ocrx_word' id='word_1_536' title='bbox 939 4147 1151 4199; x_wconf 89' lang='grc' dir='ltr'>ἐκεῖνον</span> <span class='ocrx_word' id='word_1_537' title='bbox 1201 4145 1513 4198; x_wconf 76' lang='grc' dir='ltr'>δὲ“πλάνον</span> <span class='ocrx_word' id='word_1_538' title='bbox 1567 4146 1663 4198; x_wconf 77' lang='grc' dir='ltr'><strong>καὶ</strong></span> <span class='ocrx_word' id='word_1_539' title='bbox 1709 4145 1827 4197; x_wconf 89' lang='grc' dir='ltr'>διά-</span> 
     </span>
    </p>
   </div>
   <div class='ocr_carea' id='block_1_74' title="bbox 235 4239 1826 4309">
    <p class='ocr_par' dir='ltr' id='par_1_74' title="bbox 235 4239 1826 4309">
     <span class='ocr_line' id='line_1_74' title="bbox 235 4239 1826 4309; baseline -0.004 -14"><span class='ocrx_word' id='word_1_540' title='bbox 235 4243 389 4295; x_wconf 75' lang='grc' dir='ltr'>ϐολον</span> <span class='ocrx_word' id='word_1_541' title='bbox 417 4243 509 4294; x_wconf 69' lang='grc' dir='ltr'>τὸν</span> <span class='ocrx_word' id='word_1_542' title='bbox 536 4241 941 4295; x_wconf 85' lang='grc' dir='ltr'>ἀποκτείναντα</span> <span class='ocrx_word' id='word_1_543' title='bbox 965 4242 1058 4292; x_wconf 69' lang='grc' dir='ltr'><strong>καὶ</strong></span> <span class='ocrx_word' id='word_1_544' title='bbox 1104 4239 1443 4308; x_wconf 79' lang='grc' dir='ltr'>ζωοποιῆσαι</span> <span class='ocrx_word' id='word_1_545' title='bbox 1475 4239 1548 4309; x_wconf 85' lang='grc' dir='ltr'><strong>μὴ</strong></span> <span class='ocrx_word' id='word_1_546' title='bbox 1586 4239 1826 4308; x_wconf 83' lang='grc' dir='ltr'>δυνάμε-</span> 
     </span>
    </p>
   </div>
   <div class='ocr_carea' id='block_1_75' title="bbox 234 4330 1827 4402">
    <p class='ocr_par' dir='ltr' id='par_1_75' title="bbox 234 4330 1827 4402">
     <span class='ocr_line' id='line_1_75' title="bbox 234 4330 1827 4402; baseline -0.001 -18"><span class='ocrx_word' id='word_1_547' title='bbox 234 4352 344 4389; x_wconf 87' lang='grc' dir='ltr'>νον.</span> <span class='ocrx_word' id='word_1_548' title='bbox 381 4333 518 4387; x_wconf 79' lang='grc' dir='ltr'>Τότε</span> <span class='ocrx_word' id='word_1_549' title='bbox 541 4334 568 4385; x_wconf 97' lang='lat'><strong>6</strong></span> <span class='ocrx_word' id='word_1_550' title='bbox 591 4332 857 4402; x_wconf 80' lang='grc' dir='ltr'>Ζαμϐρῆς</span> <span class='ocrx_word' id='word_1_551' title='bbox 891 4330 1075 4398; x_wconf 75' lang='grc' dir='ltr'>ὤμοσε</span> <span class='ocrx_word' id='word_1_552' title='bbox 1105 4331 1300 4399; x_wconf 79' lang='grc' dir='ltr'>λέγων’</span> <span class='ocrx_word' id='word_1_553' title='bbox 1339 4331 1468 4383; x_wconf 72' lang='grc' dir='ltr'><strong>Ἐὰν</strong></span> <span class='ocrx_word' id='word_1_554' title='bbox 1501 4331 1827 4399; x_wconf 77' lang='grc' dir='ltr'>Σίλὸεστρος</span> 
     </span>
    </p>
   </div>
   <div class='ocr_carea' id='block_1_76' title="bbox 233 4421 1825 4496">
    <p class='ocr_par' dir='ltr' id='par_1_76' title="bbox 233 4421 1825 4496">
     <span class='ocr_line' id='line_1_76' title="bbox 233 4421 1825 4496; baseline -0.004 -16"><span class='ocrx_word' id='word_1_555' title='bbox 233 4427 324 4480; x_wconf 76' lang='grc' dir='ltr'>τὸν</span> <span class='ocrx_word' id='word_1_556' title='bbox 352 4426 547 4496; x_wconf 80' lang='grc' dir='ltr'>νεκρὸν</span> <span class='ocrx_word' id='word_1_557' title='bbox 581 4424 783 4495; x_wconf 90' lang='grc' dir='ltr'>ταῦρον</span> <span class='ocrx_word' id='word_1_558' title='bbox 812 4423 1119 4494; x_wconf 77' lang='grc' dir='ltr'>ἀναστήσῃ,</span> <span class='ocrx_word' id='word_1_559' title='bbox 1153 4423 1352 4484; x_wconf 83' lang='grc' dir='ltr'>πάντες</span> <span class='ocrx_word' id='word_1_560' title='bbox 1394 4423 1487 4474; x_wconf 78' lang='grc' dir='ltr'><strong>τὸν</strong></span> <span class='ocrx_word' id='word_1_561' title='bbox 1531 4421 1825 4474; x_wconf 79' lang='grc' dir='ltr'>Ἰουδαϊκὸν</span> 
     </span>
    </p>
   </div>
   <div class='ocr_carea' id='block_1_77' title="bbox 235 4515 1826 4586">
    <p class='ocr_par' dir='ltr' id='par_1_77' title="bbox 235 4515 1826 4586">
     <span class='ocr_line' id='line_1_77' title="bbox 235 4515 1826 4586; baseline -0.003 -13"><span class='ocrx_word' id='word_1_562' title='bbox 235 4518 666 4586; x_wconf 71' lang='grc' dir='ltr'>καταλείψαντες</span> <span class='ocrx_word' id='word_1_563' title='bbox 697 4516 864 4586; x_wconf 80' lang='grc' dir='ltr'>νόμον</span> <span class='ocrx_word' id='word_1_564' title='bbox 901 4516 1039 4586; x_wconf 86' lang='grc' dir='ltr'>πρὸς</span> <span class='ocrx_word' id='word_1_565' title='bbox 1075 4515 1171 4586; x_wconf 83' lang='grc' dir='ltr'><strong>τὴν</strong></span> <span class='ocrx_word' id='word_1_566' title='bbox 1201 4515 1310 4568; x_wconf 85' lang='grc' dir='ltr'><strong>τῶν</strong></span> <span class='ocrx_word' id='word_1_567' title='bbox 1345 4515 1692 4586; x_wconf 78' lang='grc' dir='ltr'>Χριστιανῶν</span> <span class='ocrx_word' id='word_1_568' title='bbox 1724 4515 1826 4568; x_wconf 69' lang='grc' dir='ltr'>αύο</span> 
     </span>
    </p>
   </div>
   <div class='ocr_carea' id='block_1_78' title="bbox 234 4606 1824 4682">
    <p class='ocr_par' dir='ltr' id='par_1_78' title="bbox 234 4606 1824 4682">
     <span class='ocr_line' id='line_1_78' title="bbox 234 4606 1824 4682; baseline -0.004 -17"><span class='ocrx_word' id='word_1_569' title='bbox 234 4611 620 4682; x_wconf 42' lang='grc' dir='ltr'>τομολήσομεν,</span> <span class='ocrx_word' id='word_1_570' title='bbox 676 4607 883 4661; x_wconf 87' lang='grc' dir='ltr'>πίστιν.</span> <span class='ocrx_word' id='word_1_571' title='bbox 944 4608 1004 4660; x_wconf 86' lang='grc' dir='ltr'><strong>Ὀ</strong></span> <span class='ocrx_word' id='word_1_572' title='bbox 1067 4607 1123 4658; x_wconf 89' lang='grc' dir='ltr'>δὲ</span> <span class='ocrx_word' id='word_1_573' title='bbox 1179 4606 1451 4675; x_wconf 87' lang='grc' dir='ltr'>μακάριος</span> <span class='ocrx_word' id='word_1_574' title='bbox 1496 4607 1824 4674; x_wconf 78' lang='grc' dir='ltr'>Σίλόεστρος</span> 
     </span>
    </p>
   </div>
   <div class='ocr_carea' id='block_1_79' title="bbox 237 4697 1825 4767">
    <p class='ocr_par' dir='ltr' id='par_1_79' title="bbox 237 4697 1825 4767">
     <span class='ocr_line' id='line_1_79' title="bbox 237 4697 1825 4767; baseline -0.003 -14"><span class='ocrx_word' id='word_1_575' title='bbox 237 4703 480 4762; x_wconf 85' lang='grc' dir='ltr'>ἐκτείνας</span> <span class='ocrx_word' id='word_1_576' title='bbox 514 4700 610 4751; x_wconf 74' lang='grc' dir='ltr'>ἐπὶ</span> <span class='ocrx_word' id='word_1_577' title='bbox 643 4698 778 4752; x_wconf 77' lang='grc' dir='ltr'>πολὺ</span> <span class='ocrx_word' id='word_1_578' title='bbox 809 4697 908 4760; x_wconf 74' lang='grc' dir='ltr'><strong>τὰς</strong></span> <span class='ocrx_word' id='word_1_579' title='bbox 947 4699 1136 4767; x_wconf 84' lang='grc' dir='ltr'>χεῖρας</span> <span class='ocrx_word' id='word_1_580' title='bbox 1186 4699 1266 4759; x_wconf 86' lang='grc' dir='ltr'><strong>είς</strong></span> <span class='ocrx_word' id='word_1_581' title='bbox 1308 4697 1398 4749; x_wconf 80' lang='grc' dir='ltr'>τὸν</span> <span class='ocrx_word' id='word_1_582' title='bbox 1437 4697 1688 4765; x_wconf 78' lang='grc' dir='ltr'>οὐρανὸν,</span> <span class='ocrx_word' id='word_1_583' title='bbox 1728 4697 1825 4751; x_wconf 78' lang='grc' dir='ltr'>καὶ</span> 
     </span>
    </p>
   </div>
   <div class='ocr_carea' id='block_1_80' title="bbox 240 4785 1825 4860">
    <p class='ocr_par' dir='ltr' id='par_1_80' title="bbox 240 4785 1825 4860">
     <span class='ocr_line' id='line_1_80' title="bbox 240 4785 1825 4860; baseline -0.004 -17"><span class='ocrx_word' id='word_1_584' title='bbox 240 4790 378 4860; x_wconf 84' lang='grc' dir='ltr'><strong>μετά</strong></span> <span class='ocrx_word' id='word_1_585' title='bbox 402 4787 654 4858; x_wconf 84' lang='grc' dir='ltr'>δακρύων</span> <span class='ocrx_word' id='word_1_586' title='bbox 683 4787 847 4855; x_wconf 82' lang='grc' dir='ltr'>εὐχὴν</span> <span class='ocrx_word' id='word_1_587' title='bbox 869 4788 1126 4856; x_wconf 83' lang='grc' dir='ltr'>ποιήσας,</span> <span class='ocrx_word' id='word_1_588' title='bbox 1156 4785 1292 4855; x_wconf 76' lang='grc' dir='ltr'>πρὸς</span> <span class='ocrx_word' id='word_1_589' title='bbox 1313 4786 1404 4838; x_wconf 79' lang='grc' dir='ltr'><strong>τὸν</strong></span> <span class='ocrx_word' id='word_1_590' title='bbox 1425 4786 1524 4839; x_wconf 88' lang='grc' dir='ltr'><strong>ταῦ</strong></span> <span class='ocrx_word' id='word_1_591' title='bbox 1535 4804 1624 4859; x_wconf 89' lang='grc' dir='ltr'><strong>ρον</strong></span> <span class='ocrx_word' id='word_1_592' title='bbox 1656 4787 1825 4840; x_wconf 84' lang='grc' dir='ltr'>ἀπελ-</span> 
     </span>
    </p>
   </div>
   <div class='ocr_carea' id='block_1_81' title="bbox 237 4878 1821 4951">
    <p class='ocr_par' dir='ltr' id='par_1_81' title="bbox 237 4878 1821 4951">
     <span class='ocr_line' id='line_1_81' title="bbox 237 4878 1821 4951; baseline -0.001 -15"><span class='ocrx_word' id='word_1_593' title='bbox 237 4884 343 4936; x_wconf 69' lang='grc' dir='ltr'><strong>θὼν</strong></span> <span class='ocrx_word' id='word_1_594' title='bbox 366 4879 490 4936; x_wconf 76' lang='grc' dir='ltr'>εἷπε</span> <span class='ocrx_word' id='word_1_595' title='bbox 517 4883 670 4951; x_wconf 76' lang='grc' dir='ltr'>φωνῇ</span> <span class='ocrx_word' id='word_1_596' title='bbox 719 4879 964 4950; x_wconf 74' lang='grc' dir='ltr'>μεγάλῃο</span> <span class='ocrx_word' id='word_1_597' title='bbox 997 4878 1161 4944; x_wconf 86' lang='grc' dir='ltr'>Ἐγὼ,</span> <span class='ocrx_word' id='word_1_598' title='bbox 1199 4879 1445 4932; x_wconf 84' lang='grc' dir='ltr'>Δὲσποτά</span> <span class='ocrx_word' id='word_1_599' title='bbox 1491 4897 1592 4948; x_wconf 88' lang='grc' dir='ltr'><strong>μου</strong></span> <span class='ocrx_word' id='word_1_600' title='bbox 1644 4881 1821 4950; x_wconf 88' lang='grc' dir='ltr'><strong>Ἰησοῦ</strong></span> 
     </span>
    </p>
   </div>
   <div class='ocr_carea' id='block_1_82' title="bbox 235 4971 1822 5044">
    <p class='ocr_par' dir='ltr' id='par_1_82' title="bbox 235 4971 1822 5044">
     <span class='ocr_line' id='line_1_82' title="bbox 235 4971 1822 5044; baseline -0.003 -14"><span class='ocrx_word' id='word_1_601' title='bbox 235 4974 462 5044; x_wconf 83' lang='grc' dir='ltr'>Χριστέ,</span> <span class='ocrx_word' id='word_1_602' title='bbox 509 4973 571 5026; x_wconf 80' lang='grc' dir='ltr'><strong>τὸ</strong></span> <span class='ocrx_word' id='word_1_603' title='bbox 635 4971 901 5038; x_wconf 87' lang='grc' dir='ltr'>πανάγιον</span> <span class='ocrx_word' id='word_1_604' title='bbox 945 4971 1118 5040; x_wconf 72' lang='grc' dir='ltr'>ΰνομά</span> <span class='ocrx_word' id='word_1_605' title='bbox 1169 4988 1264 5022; x_wconf 89' lang='grc' dir='ltr'><strong>σου</strong></span> <span class='ocrx_word' id='word_1_606' title='bbox 1316 4971 1686 5041; x_wconf 74' lang='grc' dir='ltr'>ἐπικαλοῦμαι</span> <span class='ocrx_word' id='word_1_607' title='bbox 1727 4972 1822 5025; x_wconf 75' lang='grc' dir='ltr'><strong>ἐπὶ</strong></span> 
     </span>
    </p>
   </div>
   <div class='ocr_carea' id='block_1_83' title="bbox 236 5053 1824 5134">
    <p class='ocr_par' dir='ltr' id='par_1_83' title="bbox 236 5053 1824 5134">
     <span class='ocr_line' id='line_1_83' title="bbox 236 5053 1824 5134; baseline -0.003 -13"><span class='ocrx_word' id='word_1_608' title='bbox 236 5069 478 5128; x_wconf 82' lang='grc' dir='ltr'>πάντων,</span> <span class='ocrx_word' id='word_1_609' title='bbox 529 5065 618 5118; x_wconf 70' lang='grc' dir='ltr'>ἵνα</span> <span class='ocrx_word' id='word_1_610' title='bbox 668 5063 816 5134; x_wconf 78' lang='grc' dir='ltr'>μάθῃ</span> <span class='ocrx_word' id='word_1_611' title='bbox 853 5064 881 5115; x_wconf 90' lang='lat'><strong>6</strong></span> <span class='ocrx_word' id='word_1_612' title='bbox 929 5063 1059 5125; x_wconf 77' lang='grc' dir='ltr'>λαὸς</span> <span class='ocrx_word' id='word_1_613' title='bbox 1102 5053 1258 5123; x_wconf 72' lang='grc' dir='ltr'>οὗτος</span> <span class='ocrx_word' id='word_1_614' title='bbox 1304 5063 1384 5116; x_wconf 84' lang='grc' dir='ltr'>ὅτι</span> <span class='ocrx_word' id='word_1_615' title='bbox 1423 5063 1672 5116; x_wconf 78' lang='grc' dir='ltr'>διαϐόλου</span> <span class='ocrx_word' id='word_1_616' title='bbox 1723 5063 1824 5134; x_wconf 80' lang='grc' dir='ltr'>μὲν</span> 
     </span>
    </p>
   </div>
   <div class='ocr_carea' id='block_1_84' title="bbox 236 5156 1824 5232">
    <p class='ocr_par' dir='ltr' id='par_1_84' title="bbox 236 5156 1824 5232">
     <span class='ocr_line' id='line_1_84' title="bbox 236 5156 1824 5232; baseline -0.004 -16"><span class='ocrx_word' id='word_1_617' title='bbox 236 5163 407 5232; x_wconf 80' lang='grc' dir='ltr'>όνομα</span> <span class='ocrx_word' id='word_1_618' title='bbox 437 5159 696 5228; x_wconf 75' lang='grc' dir='ltr'>ἐφόνευσε</span> <span class='ocrx_word' id='word_1_619' title='bbox 740 5158 832 5209; x_wconf 82' lang='grc' dir='ltr'><strong>τὸν</strong></span> <span class='ocrx_word' id='word_1_620' title='bbox 872 5156 1096 5227; x_wconf 80' lang='grc' dir='ltr'>ταῦρόν,</span> <span class='ocrx_word' id='word_1_621' title='bbox 1152 5157 1246 5209; x_wconf 81' lang='grc' dir='ltr'><strong>τοῦ</strong></span> <span class='ocrx_word' id='word_1_622' title='bbox 1301 5157 1357 5209; x_wconf 80' lang='grc' dir='ltr'><strong>δὲ</strong></span> <span class='ocrx_word' id='word_1_623' title='bbox 1401 5158 1675 5222; x_wconf 79' lang='grc' dir='ltr'>ζωοποιοῦ</span> <span class='ocrx_word' id='word_1_624' title='bbox 1728 5159 1824 5212; x_wconf 81' lang='grc' dir='ltr'><strong>καὶ</strong></span> 
     </span>
    </p>
   </div>
   <div class='ocr_carea' id='block_1_85' title="bbox 235 5249 1820 5325">
    <p class='ocr_par' dir='ltr' id='par_1_85' title="bbox 235 5249 1820 5325">
     <span class='ocr_line' id='line_1_85' title="bbox 235 5249 1820 5325; baseline -0.002 -17"><span class='ocrx_word' id='word_1_625' title='bbox 235 5252 622 5325; x_wconf 69' lang='grc' dir='ltr'>φανερωτάτου</span> <span class='ocrx_word' id='word_1_626' title='bbox 662 5269 755 5304; x_wconf 92' lang='grc' dir='ltr'><strong>σου</strong></span> <span class='ocrx_word' id='word_1_627' title='bbox 803 5251 1066 5319; x_wconf 79' lang='grc' dir='ltr'>ὀνόματος</span> <span class='ocrx_word' id='word_1_628' title='bbox 1115 5249 1402 5320; x_wconf 81' lang='grc' dir='ltr'>ἐπικλήσει</span> <span class='ocrx_word' id='word_1_629' title='bbox 1455 5251 1820 5322; x_wconf 79' lang='grc' dir='ltr'>ἐζωοποιήθη.</span> 
     </span>
    </p>
   </div>
   <div class='ocr_carea' id='block_1_86' title="bbox 236 5338 1827 5410">
    <p class='ocr_par' dir='ltr' id='par_1_86' title="bbox 236 5338 1827 5410">
     <span class='ocr_line' id='line_1_86' title="bbox 236 5338 1827 5410; baseline -0.006 -13"><span class='ocrx_word' id='word_1_630' title='bbox 236 5344 342 5397; x_wconf 70' lang='grc' dir='ltr'>Καὶ</span> <span class='ocrx_word' id='word_1_631' title='bbox 380 5340 693 5409; x_wconf 85' lang='grc' dir='ltr'>πλησιάσας</span> <span class='ocrx_word' id='word_1_632' title='bbox 720 5339 800 5408; x_wconf 85' lang='grc' dir='ltr'><strong>τῷ</strong></span> <span class='ocrx_word' id='word_1_633' title='bbox 841 5339 1029 5409; x_wconf 86' lang='grc' dir='ltr'>ταύρῳ</span> <span class='ocrx_word' id='word_1_634' title='bbox 1074 5338 1224 5406; x_wconf 79' lang='grc' dir='ltr'>λέγει</span> <span class='ocrx_word' id='word_1_635' title='bbox 1261 5339 1402 5408; x_wconf 83' lang='grc' dir='ltr'>μετὰ</span> <span class='ocrx_word' id='word_1_636' title='bbox 1433 5340 1684 5410; x_wconf 88' lang='grc' dir='ltr'>κραυγῆς</span> <span class='ocrx_word' id='word_1_637' title='bbox 1728 5358 1827 5410; x_wconf 76' lang='grc' dir='ltr'>με.</span> 
     </span>
    </p>
   </div>
   <div class='ocr_carea' id='block_1_87' title="bbox 235 5431 1827 5504">
    <p class='ocr_par' dir='ltr' id='par_1_87' title="bbox 235 5431 1827 5504">
     <span class='ocr_line' id='line_1_87' title="bbox 235 5431 1827 5504; baseline -0.001 -15"><span class='ocrx_word' id='word_1_638' title='bbox 235 5435 430 5504; x_wconf 76' lang='grc' dir='ltr'>γάλης·</span> <span class='ocrx_word' id='word_1_639' title='bbox 467 5431 557 5485; x_wconf 87' lang='grc' dir='ltr'>Ἐν</span> <span class='ocrx_word' id='word_1_640' title='bbox 585 5431 664 5502; x_wconf 85' lang='grc' dir='ltr'>τῷ</span> <span class='ocrx_word' id='word_1_641' title='bbox 689 5431 916 5501; x_wconf 86' lang='grc' dir='ltr'>ὀνόματι</span> <span class='ocrx_word' id='word_1_642' title='bbox 950 5432 1128 5502; x_wconf 91' lang='grc' dir='ltr'>Ἰησοῦ</span> <span class='ocrx_word' id='word_1_643' title='bbox 1180 5432 1443 5502; x_wconf 81' lang='grc' dir='ltr'>Χριστοῦ,</span> <span class='ocrx_word' id='word_1_644' title='bbox 1469 5433 1528 5486; x_wconf 89' lang='grc' dir='ltr'>ὃν</span> <span class='ocrx_word' id='word_1_645' title='bbox 1560 5433 1610 5484; x_wconf 87' lang='grc' dir='ltr'><strong>οί</strong></span> <span class='ocrx_word' id='word_1_646' title='bbox 1642 5435 1827 5504; x_wconf 85' lang='grc' dir='ltr'>παρά-</span> 
     </span>
    </p>
   </div>
   <div class='ocr_carea' id='block_1_88' title="bbox 235 5525 1820 5598">
    <p class='ocr_par' dir='ltr' id='par_1_88' title="bbox 235 5525 1820 5598">
     <span class='ocr_line' id='line_1_88' title="bbox 235 5525 1820 5598; baseline -0.001 -15"><span class='ocrx_word' id='word_1_647' title='bbox 235 5546 392 5598; x_wconf 82' lang='grc' dir='ltr'>νομοι</span> <span class='ocrx_word' id='word_1_648' title='bbox 443 5526 693 5580; x_wconf 85' lang='grc' dir='ltr'>Ἰουδαῖοι</span> <span class='ocrx_word' id='word_1_649' title='bbox 750 5525 1106 5595; x_wconf 86' lang='grc' dir='ltr'>ἐσταύρωσαν</span> <span class='ocrx_word' id='word_1_650' title='bbox 1162 5526 1256 5578; x_wconf 79' lang='grc' dir='ltr'>ἐπὶ</span> <span class='ocrx_word' id='word_1_651' title='bbox 1303 5527 1530 5578; x_wconf 87' lang='grc' dir='ltr'>Ποντίου</span> <span class='ocrx_word' id='word_1_652' title='bbox 1563 5527 1820 5593; x_wconf 89' lang='grc' dir='ltr'>Πιλάτου,</span> 
     </span>
    </p>
   </div>
   <div class='ocr_carea' id='block_1_89' title="bbox 236 5616 1825 5694">
    <p class='ocr_par' dir='ltr' id='par_1_89' title="bbox 236 5616 1825 5694">
     <span class='ocr_line' id='line_1_89' title="bbox 236 5616 1825 5694; baseline 0.001 -22"><span class='ocrx_word' id='word_1_653' title='bbox 236 5619 503 5688; x_wconf 75' lang='grc' dir='ltr'>ἀνάστηθι</span> <span class='ocrx_word' id='word_1_654' title='bbox 553 5617 690 5687; x_wconf 79' lang='grc' dir='ltr'><strong>μετά</strong></span> <span class='ocrx_word' id='word_1_655' title='bbox 725 5616 1077 5687; x_wconf 85' lang='grc' dir='ltr'>σεμνότητος.</span> <span class='ocrx_word' id='word_1_656' title='bbox 1107 5619 1219 5671; x_wconf 74' lang='grc' dir='ltr'>Καὶ</span> <span class='ocrx_word' id='word_1_657' title='bbox 1247 5618 1527 5688; x_wconf 83' lang='grc' dir='ltr'>παρευοὺς</span> <span class='ocrx_word' id='word_1_658' title='bbox 1566 5622 1593 5672; x_wconf 90' lang='lat'><strong>6</strong></span> <span class='ocrx_word' id='word_1_659' title='bbox 1621 5621 1825 5694; x_wconf 86' lang='grc' dir='ltr'>ταῦρος</span> 
     </span>
    </p>
   </div>
   <div class='ocr_carea' id='block_1_90' title="bbox 238 5707 1821 5778">
    <p class='ocr_par' dir='ltr' id='par_1_90' title="bbox 238 5707 1821 5778">
     <span class='ocr_line' id='line_1_90' title="bbox 238 5707 1821 5778; baseline 0.001 -14"><span class='ocrx_word' id='word_1_660' title='bbox 238 5711 356 5764; x_wconf 74' lang='grc' dir='ltr'>ὅλον</span> <span class='ocrx_word' id='word_1_661' title='bbox 402 5707 597 5762; x_wconf 75' lang='grc' dir='ltr'>ἑαυτὸν</span> <span class='ocrx_word' id='word_1_662' title='bbox 647 5708 877 5777; x_wconf 82' lang='grc' dir='ltr'>κινήσας</span> <span class='ocrx_word' id='word_1_663' title='bbox 922 5707 1146 5778; x_wconf 83' lang='grc' dir='ltr'>ἀνέστη.</span> <span class='ocrx_word' id='word_1_664' title='bbox 1200 5709 1311 5763; x_wconf 69' lang='grc' dir='ltr'><strong>Καὶ</strong></span> <span class='ocrx_word' id='word_1_665' title='bbox 1349 5707 1518 5773; x_wconf 81' lang='grc' dir='ltr'>λύσας</span> <span class='ocrx_word' id='word_1_666' title='bbox 1547 5709 1714 5764; x_wconf 84' lang='grc' dir='ltr'>αὑτοῦ</span> <span class='ocrx_word' id='word_1_667' title='bbox 1759 5713 1821 5766; x_wconf 86' lang='grc' dir='ltr'><strong>τά</strong></span> 
     </span>
    </p>
   </div>
   <div class='ocr_carea' id='block_1_91' title="bbox 311 5863 865 5943">
    <p class='ocr_par' dir='ltr' id='par_1_91' title="bbox 311 5863 865 5943">
     <span class='ocr_line' id='line_1_91' title="bbox 311 5863 865 5943; baseline -0.005 -22"><span class='ocrx_word' id='word_1_668' title='bbox 311 5868 357 5899; x_wconf 76' lang='grc'><strong>’⁸</strong></span> <span class='ocrx_word' id='word_1_669' title='bbox 374 5865 534 5923; x_wconf 86' lang='lat' dir='ltr'><strong>Deut.</strong></span> <span class='ocrx_word' id='word_1_670' title='bbox 577 5879 749 5943; x_wconf 67' lang='lat' dir='ltr'><strong>xxxii,</strong></span> <span class='ocrx_word' id='word_1_671' title='bbox 773 5863 865 5920; x_wconf 77' lang='lat'><strong>39.</strong></span> 
     </span>
    </p>
   </div>
   <div class='ocr_carea' id='block_1_92' title="bbox 1931 3305 3522 3380">
    <p class='ocr_par' dir='ltr' id='par_1_92' title="bbox 1931 3305 3522 3380">
     <span class='ocr_line' id='line_1_92' title="bbox 1931 3305 3522 3380; baseline -0.003 -16"><span class='ocrx_word' id='word_1_672' title='bbox 1931 3325 2099 3380; x_wconf 90' lang='lat' dir='ltr'><strong>posse</strong></span> <span class='ocrx_word' id='word_1_673' title='bbox 2136 3308 2449 3364; x_wconf 89' lang='lat' dir='ltr'><strong>contendis.</strong></span> <span class='ocrx_word' id='word_1_674' title='bbox 2513 3307 2619 3360; x_wconf 88' lang='lat' dir='ltr'><strong>Par</strong></span> <span class='ocrx_word' id='word_1_675' title='bbox 2650 3315 2735 3361; x_wconf 89' lang='lat' dir='ltr'><strong>est</strong></span> <span class='ocrx_word' id='word_1_676' title='bbox 2765 3323 2896 3376; x_wconf 82' lang='lat' dir='ltr'><strong>ergo</strong></span> <span class='ocrx_word' id='word_1_677' title='bbox 2957 3315 3011 3361; x_wconf 89' lang='lat' dir='ltr'><strong>te</strong></span> <span class='ocrx_word' id='word_1_678' title='bbox 3063 3305 3314 3360; x_wconf 82' lang='lat' dir='ltr'><strong>conﬁteri</strong></span> <span class='ocrx_word' id='word_1_679' title='bbox 3374 3307 3522 3360; x_wconf 86' lang='lat' dir='ltr'><strong>hunc</strong></span> 
     </span>
    </p>
   </div>
   <div class='ocr_carea' id='block_1_93' title="bbox 1930 3397 3521 3467">
    <p class='ocr_par' dir='ltr' id='par_1_93' title="bbox 1930 3397 3521 3467">
     <span class='ocr_line' id='line_1_93' title="bbox 1930 3397 3521 3467; baseline -0.004 -9"><span class='ocrx_word' id='word_1_680' title='bbox 1930 3416 2056 3458; x_wconf 91' lang='lat' dir='ltr'><strong>esse</strong></span> <span class='ocrx_word' id='word_1_681' title='bbox 2082 3415 2272 3455; x_wconf 89' lang='lat' dir='ltr'><strong>verum</strong></span> <span class='ocrx_word' id='word_1_682' title='bbox 2307 3400 2498 3464; x_wconf 89' lang='lat' dir='ltr'><strong>Deum,</strong></span> <span class='ocrx_word' id='word_1_683' title='bbox 2538 3399 2630 3467; x_wconf 88' lang='lat' dir='ltr'><strong>qui</strong></span> <span class='ocrx_word' id='word_1_684' title='bbox 2669 3405 2919 3453; x_wconf 90' lang='lat' dir='ltr'><strong>mortuos</strong></span> <span class='ocrx_word' id='word_1_685' title='bbox 2959 3398 3010 3452; x_wconf 93' lang='lat' dir='ltr'><strong>in</strong></span> <span class='ocrx_word' id='word_1_686' title='bbox 3045 3398 3214 3452; x_wconf 90' lang='lat' dir='ltr'><strong>vitam</strong></span> <span class='ocrx_word' id='word_1_687' title='bbox 3256 3397 3521 3453; x_wconf 82' lang='lat' dir='ltr'><strong>reducere</strong></span> 
     </span>
    </p>
   </div>
   <div class='ocr_carea' id='block_1_94' title="bbox 1931 3489 3522 3559">
    <p class='ocr_par' dir='ltr' id='par_1_94' title="bbox 1931 3489 3522 3559">
     <span class='ocr_line' id='line_1_94' title="bbox 1931 3489 3522 3559; baseline -0.003 -13"><span class='ocrx_word' id='word_1_688' title='bbox 1931 3494 2101 3557; x_wconf 85' lang='lat' dir='ltr'><strong>valet,</strong></span> <span class='ocrx_word' id='word_1_689' title='bbox 2128 3494 2274 3546; x_wconf 91' lang='lat' dir='ltr'><strong>hunc</strong></span> <span class='ocrx_word' id='word_1_690' title='bbox 2306 3500 2490 3546; x_wconf 90' lang='lat' dir='ltr'><strong>autem</strong></span> <span class='ocrx_word' id='word_1_691' title='bbox 2526 3493 2886 3559; x_wconf 88' lang='lat' dir='ltr'><strong>impostorem</strong></span> <span class='ocrx_word' id='word_1_692' title='bbox 2951 3505 3076 3544; x_wconf 85' lang='lat' dir='ltr'><strong>esse.</strong></span> <span class='ocrx_word' id='word_1_693' title='bbox 3109 3500 3159 3544; x_wconf 92' lang='lat' dir='ltr'><strong>et</strong></span> <span class='ocrx_word' id='word_1_694' title='bbox 3216 3489 3522 3555; x_wconf 84' lang='lat' dir='ltr'><strong>diabolum,</strong></span> 
     </span>
    </p>
   </div>
   <div class='ocr_carea' id='block_1_95' title="bbox 1931 3582 3524 3657">
    <p class='ocr_par' dir='ltr' id='par_1_95' title="bbox 1931 3582 3524 3657">
     <span class='ocr_line' id='line_1_95' title="bbox 1931 3582 3524 3657; baseline -0.002 -18"><span class='ocrx_word' id='word_1_695' title='bbox 1931 3589 2024 3657; x_wconf 91' lang='lat' dir='ltr'><strong>qui</strong></span> <span class='ocrx_word' id='word_1_696' title='bbox 2061 3595 2222 3640; x_wconf 89' lang='lat' dir='ltr'><strong>necat</strong></span> <span class='ocrx_word' id='word_1_697' title='bbox 2251 3595 2305 3640; x_wconf 91' lang='lat' dir='ltr'><strong>et.</strong></span> <span class='ocrx_word' id='word_1_698' title='bbox 2335 3584 2499 3637; x_wconf 88' lang='lat' dir='ltr'><strong>vitam</strong></span> <span class='ocrx_word' id='word_1_699' title='bbox 2535 3582 2768 3637; x_wconf 87' lang='lat' dir='ltr'><strong>reddere</strong></span> <span class='ocrx_word' id='word_1_700' title='bbox 2802 3599 2912 3638; x_wconf 90' lang='lat' dir='ltr'><strong>non</strong></span> <span class='ocrx_word' id='word_1_701' title='bbox 2949 3592 3149 3654; x_wconf 84' lang='lat' dir='ltr'><strong>potest.</strong></span> <span class='ocrx_word' id='word_1_702' title='bbox 3187 3582 3326 3637; x_wconf 88' lang='lat' dir='ltr'><strong>Tum</strong></span> <span class='ocrx_word' id='word_1_703' title='bbox 3359 3583 3524 3636; x_wconf 87' lang='lat' dir='ltr'><strong>Zam-</strong></span> 
     </span>
    </p>
   </div>
   <div class='ocr_carea' id='block_1_96' title="bbox 1932 3674 3523 3745">
    <p class='ocr_par' dir='ltr' id='par_1_96' title="bbox 1932 3674 3523 3745">
     <span class='ocr_line' id='line_1_96' title="bbox 1932 3674 3523 3745; baseline -0.002 -13"><span class='ocrx_word' id='word_1_704' title='bbox 1932 3678 2061 3732; x_wconf 87' lang='lat' dir='ltr'><strong>bres</strong></span> <span class='ocrx_word' id='word_1_705' title='bbox 2085 3679 2294 3745; x_wconf 88' lang='lat' dir='ltr'><strong>juravit</strong></span> <span class='ocrx_word' id='word_1_706' title='bbox 2324 3695 2336 3729; x_wconf 92' lang='lat'>:</span> <span class='ocrx_word' id='word_1_707' title='bbox 2373 3674 2656 3741; x_wconf 89' lang='lat' dir='ltr'><strong>Siquidem</strong></span> <span class='ocrx_word' id='word_1_708' title='bbox 2685 3674 2955 3730; x_wconf 85' lang='lat' dir='ltr'><strong>Silvester</strong></span> <span class='ocrx_word' id='word_1_709' title='bbox 3006 3686 3227 3729; x_wconf 88' lang='lat' dir='ltr'><strong>taurum</strong></span> <span class='ocrx_word' id='word_1_710' title='bbox 3259 3677 3523 3729; x_wconf 80' lang='lat' dir='ltr'><strong>excitabit</strong></span> 
     </span>
    </p>
   </div>
   <div class='ocr_carea' id='block_1_97' title="bbox 1932 3766 3519 3836">
    <p class='ocr_par' dir='ltr' id='par_1_97' title="bbox 1932 3766 3519 3836">
     <span class='ocr_line' id='line_1_97' title="bbox 1932 3766 3519 3836; baseline -0.001 -14"><span class='ocrx_word' id='word_1_711' title='bbox 1932 3784 1961 3822; x_wconf 92' lang='lat' dir='ltr'><strong>a</strong></span> <span class='ocrx_word' id='word_1_712' title='bbox 1999 3776 2196 3829; x_wconf 82' lang='lat' dir='ltr'><strong>morte.</strong></span> <span class='ocrx_word' id='word_1_713' title='bbox 2226 3768 2466 3822; x_wconf 66' lang='lat' dir='ltr'><strong>universi</strong></span> <span class='ocrx_word' id='word_1_714' title='bbox 2500 3767 2732 3822; x_wconf 72' lang='lat' dir='ltr'><strong>Iudaica</strong></span> <span class='ocrx_word' id='word_1_715' title='bbox 2758 3767 2877 3836; x_wconf 70' lang='lat' dir='ltr'><strong>lege</strong></span> <span class='ocrx_word' id='word_1_716' title='bbox 2903 3769 3120 3821; x_wconf 87' lang='lat' dir='ltr'><strong>deserta</strong></span> <span class='ocrx_word' id='word_1_717' title='bbox 3152 3766 3519 3822; x_wconf 81' lang='lat' dir='ltr'><strong>Christianam</strong></span> 
     </span>
    </p>
   </div>
   <div class='ocr_carea' id='block_1_98' title="bbox 1931 3859 3524 3927">
    <p class='ocr_par' dir='ltr' id='par_1_98' title="bbox 1931 3859 3524 3927">
     <span class='ocr_line' id='line_1_98' title="bbox 1931 3859 3524 3927; baseline 0.003 -16"><span class='ocrx_word' id='word_1_718' title='bbox 1931 3861 2337 3927; x_wconf 89' lang='lat' dir='ltr'><strong>amplectemur</strong></span> <span class='ocrx_word' id='word_1_719' title='bbox 2370 3860 2554 3915; x_wconf 79' lang='lat' dir='ltr'><strong>fidem.</strong></span> <span class='ocrx_word' id='word_1_720' title='bbox 2608 3861 2674 3914; x_wconf 82' lang='lat' dir='ltr'><strong>At</strong></span> <span class='ocrx_word' id='word_1_721' title='bbox 2709 3861 2902 3914; x_wconf 86' lang='lat' dir='ltr'><strong>beatus</strong></span> <span class='ocrx_word' id='word_1_722' title='bbox 2940 3859 3232 3924; x_wconf 86' lang='lat' dir='ltr'><strong>Silvester,</strong></span> <span class='ocrx_word' id='word_1_723' title='bbox 3267 3861 3524 3915; x_wconf 89' lang='lat' dir='ltr'><strong>manibus</strong></span> 
     </span>
    </p>
   </div>
   <div class='ocr_carea' id='block_1_99' title="bbox 1932 3950 3524 4020">
    <p class='ocr_par' dir='ltr' id='par_1_99' title="bbox 1932 3950 3524 4020">
     <span class='ocr_line' id='line_1_99' title="bbox 1932 3950 3524 4020; baseline 0 -17"><span class='ocrx_word' id='word_1_724' title='bbox 1932 3951 2274 4017; x_wconf 88' lang='lat' dir='ltr'><strong>aliquamdiu</strong></span> <span class='ocrx_word' id='word_1_725' title='bbox 2334 3950 2387 4003; x_wconf 91' lang='lat' dir='ltr'><strong>in</strong></span> <span class='ocrx_word' id='word_1_726' title='bbox 2451 3951 2650 4004; x_wconf 67' lang='lat' dir='ltr'><strong>coelum</strong></span> <span class='ocrx_word' id='word_1_727' title='bbox 2686 3951 2934 4016; x_wconf 89' lang='lat' dir='ltr'><strong>intentis,</strong></span> <span class='ocrx_word' id='word_1_728' title='bbox 2982 3958 3036 4003; x_wconf 80' lang='lat' dir='ltr'><strong>et</strong></span> <span class='ocrx_word' id='word_1_729' title='bbox 3094 3966 3215 4004; x_wconf 92' lang='lat' dir='ltr'><strong>cum</strong></span> <span class='ocrx_word' id='word_1_730' title='bbox 3264 3951 3524 4020; x_wconf 71' lang='lat' dir='ltr'><strong>laizrymis</strong></span> 
     </span>
    </p>
   </div>
   <div class='ocr_carea' id='block_1_100' title="bbox 1930 4039 3520 4111">
    <p class='ocr_par' dir='ltr' id='par_1_100' title="bbox 1930 4039 3520 4111">
     <span class='ocr_line' id='line_1_100' title="bbox 1930 4039 3520 4111; baseline 0.001 -19"><span class='ocrx_word' id='word_1_731' title='bbox 1930 4051 2211 4110; x_wconf 84' lang='lat' dir='ltr'><strong>precatus,</strong></span> <span class='ocrx_word' id='word_1_732' title='bbox 2237 4041 2303 4095; x_wconf 90' lang='lat' dir='ltr'><strong>ad</strong></span> <span class='ocrx_word' id='word_1_733' title='bbox 2339 4050 2560 4095; x_wconf 90' lang='lat' dir='ltr'><strong>taurum</strong></span> <span class='ocrx_word' id='word_1_734' title='bbox 2587 4042 2722 4107; x_wconf 88' lang='lat' dir='ltr'><strong>adit,</strong></span> <span class='ocrx_word' id='word_1_735' title='bbox 2752 4057 3060 4111; x_wconf 82' lang='lat' dir='ltr'><strong>magnaque</strong></span> <span class='ocrx_word' id='word_1_736' title='bbox 3093 4055 3226 4095; x_wconf 84' lang='lat' dir='ltr'><strong>voce</strong></span> <span class='ocrx_word' id='word_1_737' title='bbox 3258 4041 3354 4093; x_wconf 89' lang='lat' dir='ltr'><strong>ait.</strong></span> <span class='ocrx_word' id='word_1_738' title='bbox 3386 4039 3520 4111; x_wconf 86' lang='lat' dir='ltr'><strong>Ego,</strong></span> 
     </span>
    </p>
   </div>
   <div class='ocr_carea' id='block_1_101' title="bbox 1931 4131 3521 4197">
    <p class='ocr_par' dir='ltr' id='par_1_101' title="bbox 1931 4131 3521 4197">
     <span class='ocr_line' id='line_1_101' title="bbox 1931 4131 3521 4197; baseline -0.001 -12"><span class='ocrx_word' id='word_1_739' title='bbox 1931 4131 2163 4186; x_wconf 89' lang='lat' dir='ltr'><strong>Domine</strong></span> <span class='ocrx_word' id='word_1_740' title='bbox 2199 4133 2271 4186; x_wconf 92' lang='lat' dir='ltr'><strong>mi</strong></span> <span class='ocrx_word' id='word_1_741' title='bbox 2300 4133 2432 4186; x_wconf 85' lang='lat' dir='ltr'><strong>Jesu</strong></span> <span class='ocrx_word' id='word_1_742' title='bbox 2465 4133 2709 4197; x_wconf 88' lang='lat' dir='ltr'><strong>Christe,</strong></span> <span class='ocrx_word' id='word_1_743' title='bbox 2745 4147 2933 4186; x_wconf 88' lang='lat' dir='ltr'><strong>coram</strong></span> <span class='ocrx_word' id='word_1_744' title='bbox 2980 4131 3240 4186; x_wconf 88' lang='lat' dir='ltr'><strong>omnibus</strong></span> <span class='ocrx_word' id='word_1_745' title='bbox 3279 4132 3521 4184; x_wconf 88' lang='lat' dir='ltr'><strong>sanctis-</strong></span> 
     </span>
    </p>
   </div>
   <div class='ocr_carea' id='block_1_102' title="bbox 1931 4223 3522 4292">
    <p class='ocr_par' dir='ltr' id='par_1_102' title="bbox 1931 4223 3522 4292">
     <span class='ocr_line' id='line_1_102' title="bbox 1931 4223 3522 4292; baseline -0.004 -11"><span class='ocrx_word' id='word_1_746' title='bbox 1931 4226 2131 4281; x_wconf 89' lang='lat' dir='ltr'><strong>simum</strong></span> <span class='ocrx_word' id='word_1_747' title='bbox 2168 4235 2322 4278; x_wconf 91' lang='lat' dir='ltr'><strong>tuum</strong></span> <span class='ocrx_word' id='word_1_748' title='bbox 2354 4240 2555 4278; x_wconf 89' lang='lat' dir='ltr'><strong>nomen</strong></span> <span class='ocrx_word' id='word_1_749' title='bbox 2586 4225 2804 4287; x_wconf 85' lang='lat' dir='ltr'><strong>invoco,</strong></span> <span class='ocrx_word' id='word_1_750' title='bbox 2843 4236 2900 4277; x_wconf 88' lang='lat' dir='ltr'><strong>ut</strong></span> <span class='ocrx_word' id='word_1_751' title='bbox 2927 4225 3173 4278; x_wconf 82' lang='lat' dir='ltr'><strong>universi</strong></span> <span class='ocrx_word' id='word_1_752' title='bbox 3215 4223 3522 4292; x_wconf 81' lang='lat' dir='ltr'><strong>intelligant</strong></span> 
     </span>
    </p>
   </div>
   <div class='ocr_carea' id='block_1_103' title="bbox 1931 4315 3522 4379">
    <p class='ocr_par' dir='ltr' id='par_1_103' title="bbox 1931 4315 3522 4379">
     <span class='ocr_line' id='line_1_103' title="bbox 1931 4315 3522 4379; baseline -0.001 -7"><span class='ocrx_word' id='word_1_753' title='bbox 1931 4326 2151 4372; x_wconf 90' lang='lat' dir='ltr'><strong>taurum</strong></span> <span class='ocrx_word' id='word_1_754' title='bbox 2187 4318 2334 4371; x_wconf 90' lang='lat' dir='ltr'><strong>hunc</strong></span> <span class='ocrx_word' id='word_1_755' title='bbox 2395 4332 2423 4369; x_wconf 90' lang='lat' dir='ltr'><strong>a</strong></span> <span class='ocrx_word' id='word_1_756' title='bbox 2483 4317 2704 4371; x_wconf 86' lang='lat' dir='ltr'><strong>diabolo</strong></span> <span class='ocrx_word' id='word_1_757' title='bbox 2767 4325 3050 4379; x_wconf 88' lang='lat' dir='ltr'><strong>necatum,</strong></span> <span class='ocrx_word' id='word_1_758' title='bbox 3117 4315 3376 4370; x_wconf 88' lang='lat' dir='ltr'><strong>invocato</strong></span> <span class='ocrx_word' id='word_1_759' title='bbox 3427 4323 3522 4370; x_wconf 92' lang='lat' dir='ltr'><strong>tuo</strong></span> 
     </span>
    </p>
   </div>
   <div class='ocr_carea' id='block_1_104' title="bbox 1929 4407 3519 4463">
    <p class='ocr_par' dir='ltr' id='par_1_104' title="bbox 1929 4407 3519 4463">
     <span class='ocr_line' id='line_1_104' title="bbox 1929 4407 3519 4463; baseline -0.001 -2"><span class='ocrx_word' id='word_1_760' title='bbox 1929 4409 2170 4462; x_wconf 86' lang='lat' dir='ltr'><strong>vivilicio</strong></span> <span class='ocrx_word' id='word_1_761' title='bbox 2193 4409 2652 4463; x_wconf 87' lang='lat' dir='ltr'><strong>etillustrissimo</strong></span> <span class='ocrx_word' id='word_1_762' title='bbox 2683 4408 2906 4462; x_wconf 89' lang='lat' dir='ltr'><strong>nomine</strong></span> <span class='ocrx_word' id='word_1_763' title='bbox 2940 4407 2994 4461; x_wconf 93' lang='lat' dir='ltr'><strong>in</strong></span> <span class='ocrx_word' id='word_1_764' title='bbox 3027 4407 3195 4460; x_wconf 87' lang='lat' dir='ltr'><strong>vitam</strong></span> <span class='ocrx_word' id='word_1_765' title='bbox 3231 4407 3519 4461; x_wconf 91' lang='lat' dir='ltr'><strong>reductum</strong></span> 
     </span>
    </p>
   </div>
   <div class='ocr_carea' id='block_1_105' title="bbox 1931 4501 3523 4572">
    <p class='ocr_par' dir='ltr' id='par_1_105' title="bbox 1931 4501 3523 4572">
     <span class='ocr_line' id='line_1_105' title="bbox 1931 4501 3523 4572; baseline -0.001 -17"><span class='ocrx_word' id='word_1_766' title='bbox 1931 4516 2072 4556; x_wconf 86' lang='lat' dir='ltr'><strong>esse.</strong></span> <span class='ocrx_word' id='word_1_767' title='bbox 2117 4501 2290 4554; x_wconf 89' lang='lat' dir='ltr'><strong>Simul</strong></span> <span class='ocrx_word' id='word_1_768' title='bbox 2343 4502 2566 4572; x_wconf 88' lang='lat' dir='ltr'><strong>propius</strong></span> <span class='ocrx_word' id='word_1_769' title='bbox 2627 4512 2843 4554; x_wconf 89' lang='lat' dir='ltr'><strong>taurum</strong></span> <span class='ocrx_word' id='word_1_770' title='bbox 2893 4501 3169 4554; x_wconf 86' lang='lat' dir='ltr'><strong>assistens</strong></span> <span class='ocrx_word' id='word_1_771' title='bbox 3223 4501 3331 4553; x_wconf 88' lang='lat' dir='ltr'><strong>alta</strong></span> <span class='ocrx_word' id='word_1_772' title='bbox 3390 4515 3523 4554; x_wconf 87' lang='lat' dir='ltr'><strong>voce</strong></span> 
     </span>
    </p>
   </div>
   <div class='ocr_carea' id='block_1_106' title="bbox 1932 4591 3522 4660">
    <p class='ocr_par' dir='ltr' id='par_1_106' title="bbox 1932 4591 3522 4660">
     <span class='ocr_line' id='line_1_106' title="bbox 1932 4591 3522 4660; baseline -0.001 -14"><span class='ocrx_word' id='word_1_773' title='bbox 1932 4593 2272 4646; x_wconf 88' lang='lat' dir='ltr'><strong>inclamavit.</strong></span> <span class='ocrx_word' id='word_1_774' title='bbox 2335 4593 2393 4646; x_wconf 91' lang='lat' dir='ltr'><strong>ln</strong></span> <span class='ocrx_word' id='word_1_775' title='bbox 2428 4594 2649 4647; x_wconf 90' lang='lat' dir='ltr'><strong>nomine</strong></span> <span class='ocrx_word' id='word_1_776' title='bbox 2678 4594 2808 4648; x_wconf 84' lang='lat' dir='ltr'><strong>.lesu</strong></span> <span class='ocrx_word' id='word_1_777' title='bbox 2866 4593 3096 4656; x_wconf 89' lang='lat' dir='ltr'><strong>Christi,</strong></span> <span class='ocrx_word' id='word_1_778' title='bbox 3153 4607 3316 4660; x_wconf 85' lang='lat' dir='ltr'><strong>quem</strong></span> <span class='ocrx_word' id='word_1_779' title='bbox 3368 4591 3522 4660; x_wconf 89' lang='lat' dir='ltr'><strong>impii</strong></span> 
     </span>
    </p>
   </div>
   <div class='ocr_carea' id='block_1_107' title="bbox 1929 4684 3522 4755">
    <p class='ocr_par' dir='ltr' id='par_1_107' title="bbox 1929 4684 3522 4755">
     <span class='ocr_line' id='line_1_107' title="bbox 1929 4684 3522 4755; baseline -0.003 -15"><span class='ocrx_word' id='word_1_780' title='bbox 1929 4685 2103 4740; x_wconf 70' lang='lat' dir='ltr'><strong>Judwi</strong></span> <span class='ocrx_word' id='word_1_781' title='bbox 2132 4701 2296 4755; x_wconf 85' lang='lat' dir='ltr'><strong>Opera</strong></span> <span class='ocrx_word' id='word_1_782' title='bbox 2326 4684 2510 4740; x_wconf 87' lang='lat' dir='ltr'><strong>Pontii</strong></span> <span class='ocrx_word' id='word_1_783' title='bbox 2539 4684 2698 4738; x_wconf 87' lang='lat' dir='ltr'><strong>Pilati</strong></span> <span class='ocrx_word' id='word_1_784' title='bbox 2737 4686 2790 4737; x_wconf 93' lang='lat' dir='ltr'><strong>in</strong></span> <span class='ocrx_word' id='word_1_785' title='bbox 2819 4699 3042 4738; x_wconf 84' lang='lat' dir='ltr'><strong>crucem</strong></span> <span class='ocrx_word' id='word_1_786' title='bbox 3074 4693 3328 4754; x_wconf 83' lang='lat' dir='ltr'><strong>egerunt,</strong></span> <span class='ocrx_word' id='word_1_787' title='bbox 3359 4699 3522 4751; x_wconf 82' lang='lat' dir='ltr'><strong>surge</strong></span> 
     </span>
    </p>
   </div>
   <div class='ocr_carea' id='block_1_108' title="bbox 1932 4776 3524 4844">
    <p class='ocr_par' dir='ltr' id='par_1_108' title="bbox 1932 4776 3524 4844">
     <span class='ocr_line' id='line_1_108' title="bbox 1932 4776 3524 4844; baseline -0.002 -13"><span class='ocrx_word' id='word_1_788' title='bbox 1932 4791 2056 4831; x_wconf 89' lang='lat' dir='ltr'><strong>cum</strong></span> <span class='ocrx_word' id='word_1_789' title='bbox 2088 4777 2396 4844; x_wconf 82' lang='lat' dir='ltr'><strong>majestate.</strong></span> <span class='ocrx_word' id='word_1_790' title='bbox 2433 4776 2584 4831; x_wconf 89' lang='lat' dir='ltr'><strong>lllico</strong></span> <span class='ocrx_word' id='word_1_791' title='bbox 2610 4785 2806 4830; x_wconf 88' lang='lat' dir='ltr'><strong>taurus</strong></span> <span class='ocrx_word' id='word_1_792' title='bbox 2837 4786 3010 4829; x_wconf 88' lang='lat' dir='ltr'><strong>totum</strong></span> <span class='ocrx_word' id='word_1_793' title='bbox 3041 4791 3244 4842; x_wconf 82' lang='lat' dir='ltr'><strong>corpus</strong></span> <span class='ocrx_word' id='word_1_794' title='bbox 3278 4790 3524 4828; x_wconf 81' lang='lat' dir='ltr'><strong>commo-</strong></span> 
     </span>
    </p>
   </div>
   <div class='ocr_carea' id='block_1_109' title="bbox 1932 4865 3518 4934">
    <p class='ocr_par' dir='ltr' id='par_1_109' title="bbox 1932 4865 3518 4934">
     <span class='ocr_line' id='line_1_109' title="bbox 1932 4865 3518 4934; baseline -0.003 -10"><span class='ocrx_word' id='word_1_795' title='bbox 1932 4871 2348 4924; x_wconf 81' lang='lat' dir='ltr'><strong>venssurrexit.</strong></span> <span class='ocrx_word' id='word_1_796' title='bbox 2415 4868 2588 4934; x_wconf 82' lang='lat' dir='ltr'><strong>Quem</strong></span> <span class='ocrx_word' id='word_1_797' title='bbox 2656 4868 2921 4921; x_wconf 84' lang='lat' dir='ltr'><strong>Silvester</strong></span> <span class='ocrx_word' id='word_1_798' title='bbox 2968 4865 3208 4921; x_wconf 79' lang='lat' dir='ltr'><strong>vinculis</strong></span> <span class='ocrx_word' id='word_1_799' title='bbox 3279 4865 3518 4919; x_wconf 89' lang='lat' dir='ltr'><strong>solutum</strong></span> 
     </span>
    </p>
   </div>
   <div class='ocr_carea' id='block_1_110' title="bbox 1932 4955 3521 5013">
    <p class='ocr_par' dir='ltr' id='par_1_110' title="bbox 1932 4955 3521 5013">
     <span class='ocr_line' id='line_1_110' title="bbox 1932 4955 3521 5013; baseline -0.004 1"><span class='ocrx_word' id='word_1_800' title='bbox 1932 4957 2085 5013; x_wconf 87' lang='lat' dir='ltr'><strong>abire</strong></span> <span class='ocrx_word' id='word_1_801' title='bbox 2145 4957 2288 5011; x_wconf 87' lang='lat' dir='ltr'><strong>unde</strong></span> <span class='ocrx_word' id='word_1_802' title='bbox 2343 4963 2569 5010; x_wconf 86' lang='lat' dir='ltr'><strong>venerat</strong></span> <span class='ocrx_word' id='word_1_803' title='bbox 2635 4965 2687 5010; x_wconf 83' lang='lat' dir='ltr'><strong>et</strong></span> <span class='ocrx_word' id='word_1_804' title='bbox 2753 4956 2897 5008; x_wconf 85' lang='lat' dir='ltr'><strong>inter</strong></span> <span class='ocrx_word' id='word_1_805' title='bbox 2944 4955 3186 5008; x_wconf 87' lang='lat' dir='ltr'><strong>eundum</strong></span> <span class='ocrx_word' id='word_1_806' title='bbox 3249 4955 3521 5008; x_wconf 89' lang='lat' dir='ltr'><strong>neminem</strong></span> 
     </span>
    </p>
   </div>
   <div class='ocr_carea' id='block_1_111' title="bbox 1935 5046 3521 5116">
    <p class='ocr_par' dir='ltr' id='par_1_111' title="bbox 1935 5046 3521 5116">
     <span class='ocr_line' id='line_1_111' title="bbox 1935 5046 3521 5116; baseline 0 -13"><span class='ocrx_word' id='word_1_807' title='bbox 1935 5047 2131 5104; x_wconf 58' lang='lat' dir='ltr'><strong>laedere</strong></span> <span class='ocrx_word' id='word_1_808' title='bbox 2161 5049 2348 5116; x_wconf 83' lang='lat' dir='ltr'><strong>jussit.</strong></span> <span class='ocrx_word' id='word_1_809' title='bbox 2387 5048 2499 5102; x_wconf 91' lang='lat' dir='ltr'><strong>Hoc</strong></span> <span class='ocrx_word' id='word_1_810' title='bbox 2562 5057 2670 5101; x_wconf 88' lang='lat' dir='ltr'><strong>tam</strong></span> <span class='ocrx_word' id='word_1_811' title='bbox 2729 5047 2926 5116; x_wconf 90' lang='lat' dir='ltr'><strong>ingens</strong></span> <span class='ocrx_word' id='word_1_812' title='bbox 2978 5047 3304 5100; x_wconf 90' lang='lat' dir='ltr'><strong>miraculum</strong></span> <span class='ocrx_word' id='word_1_813' title='bbox 3346 5046 3521 5103; x_wconf 45' lang='lat' dir='ltr'><strong>Judaei</strong></span> 
     </span>
    </p>
   </div>
   <div class='ocr_carea' id='block_1_112' title="bbox 1931 5139 3518 5210">
    <p class='ocr_par' dir='ltr' id='par_1_112' title="bbox 1931 5139 3518 5210">
     <span class='ocr_line' id='line_1_112' title="bbox 1931 5139 3518 5210; baseline -0.003 -12"><span class='ocrx_word' id='word_1_814' title='bbox 1931 5152 2245 5204; x_wconf 87' lang='lat' dir='ltr'><strong>cernentes,</strong></span> <span class='ocrx_word' id='word_1_815' title='bbox 2274 5158 2449 5208; x_wconf 85' lang='lat' dir='ltr'><strong>eoque</strong></span> <span class='ocrx_word' id='word_1_816' title='bbox 2478 5141 2744 5210; x_wconf 90' lang='lat' dir='ltr'><strong>perculsi,</strong></span> <span class='ocrx_word' id='word_1_817' title='bbox 2784 5142 2970 5196; x_wconf 89' lang='lat' dir='ltr'><strong>statim</strong></span> <span class='ocrx_word' id='word_1_818' title='bbox 2995 5156 3054 5195; x_wconf 87' lang='lat' dir='ltr'><strong>se</strong></span> <span class='ocrx_word' id='word_1_819' title='bbox 3076 5141 3143 5193; x_wconf 90' lang='lat' dir='ltr'><strong>ad</strong></span> <span class='ocrx_word' id='word_1_820' title='bbox 3179 5140 3346 5210; x_wconf 88' lang='lat' dir='ltr'><strong>pedes</strong></span> <span class='ocrx_word' id='word_1_821' title='bbox 3373 5139 3518 5195; x_wconf 86' lang='lat' dir='ltr'><strong>beati</strong></span> 
     </span>
    </p>
   </div>
   <div class='ocr_carea' id='block_1_113' title="bbox 1935 5233 3522 5303">
    <p class='ocr_par' dir='ltr' id='par_1_113' title="bbox 1935 5233 3522 5303">
     <span class='ocr_line' id='line_1_113' title="bbox 1935 5233 3522 5303; baseline -0.002 -13"><span class='ocrx_word' id='word_1_822' title='bbox 1935 5235 2186 5290; x_wconf 88' lang='lat' dir='ltr'><strong>Silvestri</strong></span> <span class='ocrx_word' id='word_1_823' title='bbox 2226 5234 2476 5289; x_wconf 76' lang='lat' dir='ltr'><strong>universi</strong></span> <span class='ocrx_word' id='word_1_824' title='bbox 2527 5234 2876 5303; x_wconf 74' lang='lat' dir='ltr'><strong>abiecerunt,</strong></span> <span class='ocrx_word' id='word_1_825' title='bbox 2908 5249 2972 5288; x_wconf 89' lang='lat' dir='ltr'><strong>ac</strong></span> <span class='ocrx_word' id='word_1_826' title='bbox 2998 5245 3255 5288; x_wconf 89' lang='lat' dir='ltr'><strong>sanctum</strong></span> <span class='ocrx_word' id='word_1_827' title='bbox 3308 5233 3522 5302; x_wconf 88' lang='lat' dir='ltr'><strong>baptis-</strong></span> 
     </span>
    </p>
   </div>
   <div class='ocr_carea' id='block_1_114' title="bbox 1935 5325 3518 5396">
    <p class='ocr_par' dir='ltr' id='par_1_114' title="bbox 1935 5325 3518 5396">
     <span class='ocr_line' id='line_1_114' title="bbox 1935 5325 3518 5396; baseline -0.002 -14"><span class='ocrx_word' id='word_1_828' title='bbox 1935 5343 2082 5383; x_wconf 89' lang='lat' dir='ltr'><strong>mum</strong></span> <span class='ocrx_word' id='word_1_829' title='bbox 2108 5343 2232 5382; x_wconf 93' lang='lat' dir='ltr'><strong>eum</strong></span> <span class='ocrx_word' id='word_1_830' title='bbox 2267 5327 2674 5396; x_wconf 82' lang='lat' dir='ltr'><strong>ﬂagitaverunt.</strong></span> <span class='ocrx_word' id='word_1_831' title='bbox 2736 5328 2858 5395; x_wconf 89' lang='lat' dir='ltr'><strong>lpsa</strong></span> <span class='ocrx_word' id='word_1_832' title='bbox 2919 5341 3144 5396; x_wconf 89' lang='lat' dir='ltr'><strong>quoque</strong></span> <span class='ocrx_word' id='word_1_833' title='bbox 3201 5325 3518 5380; x_wconf 73' lang='lat' dir='ltr'><strong>felicissima</strong></span> 
     </span>
    </p>
   </div>
   <div class='ocr_carea' id='block_1_115' title="bbox 1935 5415 3520 5488">
    <p class='ocr_par' dir='ltr' id='par_1_115' title="bbox 1935 5415 3520 5488">
     <span class='ocr_line' id='line_1_115' title="bbox 1935 5415 3520 5488; baseline -0.001 -16"><span class='ocrx_word' id='word_1_834' title='bbox 1935 5419 2120 5488; x_wconf 83' lang='lat' dir='ltr'><strong>regina</strong></span> <span class='ocrx_word' id='word_1_835' title='bbox 2153 5418 2355 5473; x_wconf 87' lang='lat' dir='ltr'><strong>Helena</strong></span> <span class='ocrx_word' id='word_1_836' title='bbox 2388 5418 2452 5471; x_wconf 89' lang='lat' dir='ltr'><strong>ad</strong></span> <span class='ocrx_word' id='word_1_837' title='bbox 2483 5418 2649 5484; x_wconf 92' lang='lat' dir='ltr'><strong>pedes</strong></span> <span class='ocrx_word' id='word_1_838' title='bbox 2684 5418 2942 5472; x_wconf 83' lang='lat' dir='ltr'><strong>Silvestri</strong></span> <span class='ocrx_word' id='word_1_839' title='bbox 2979 5416 3204 5481; x_wconf 89' lang='lat' dir='ltr'><strong>accidit,</strong></span> <span class='ocrx_word' id='word_1_840' title='bbox 3229 5415 3520 5484; x_wconf 86' lang='lat' dir='ltr'><strong>locumque</strong></span> 
     </span>
    </p>
   </div>
   <div class='ocr_carea' id='block_1_116' title="bbox 1937 5505 3520 5578">
    <p class='ocr_par' dir='ltr' id='par_1_116' title="bbox 1937 5505 3520 5578">
     <span class='ocr_line' id='line_1_116' title="bbox 1937 5505 3520 5578; baseline -0.001 -14"><span class='ocrx_word' id='word_1_841' title='bbox 1937 5508 2044 5564; x_wconf 89' lang='lat' dir='ltr'><strong>sibi</strong></span> <span class='ocrx_word' id='word_1_842' title='bbox 2097 5508 2436 5578; x_wconf 64' lang='lat' dir='ltr'><strong>paenitentia:</strong></span> <span class='ocrx_word' id='word_1_843' title='bbox 2483 5507 2648 5578; x_wconf 72' lang='grc'><strong>495</strong></span> <span class='ocrx_word' id='word_1_844' title='bbox 2704 5509 2933 5563; x_wconf 88' lang='lat' dir='ltr'><strong>concedi</strong></span> <span class='ocrx_word' id='word_1_845' title='bbox 2993 5508 3170 5577; x_wconf 89' lang='lat' dir='ltr'><strong>petiit.</strong></span> <span class='ocrx_word' id='word_1_846' title='bbox 3236 5505 3315 5560; x_wconf 89' lang='lat' dir='ltr'><strong>Eo</strong></span> <span class='ocrx_word' id='word_1_847' title='bbox 3375 5505 3520 5563; x_wconf 84' lang='lat' dir='ltr'><strong>facto</strong></span> 
     </span>
    </p>
   </div>
   <div class='ocr_carea' id='block_1_117' title="bbox 1933 5599 3520 5671">
    <p class='ocr_par' dir='ltr' id='par_1_117' title="bbox 1933 5599 3520 5671">
     <span class='ocr_line' id='line_1_117' title="bbox 1933 5599 3520 5671; baseline 0.001 -17"><span class='ocrx_word' id='word_1_848' title='bbox 1933 5601 2290 5654; x_wconf 85' lang='lat' dir='ltr'><strong>vehementer</strong></span> <span class='ocrx_word' id='word_1_849' title='bbox 2319 5601 2546 5671; x_wconf 87' lang='lat' dir='ltr'><strong>gavisus</strong></span> <span class='ocrx_word' id='word_1_850' title='bbox 2588 5610 2674 5656; x_wconf 90' lang='lat' dir='ltr'><strong>est</strong></span> <span class='ocrx_word' id='word_1_851' title='bbox 2727 5599 3027 5667; x_wconf 86' lang='lat' dir='ltr'><strong>imperator</strong></span> <span class='ocrx_word' id='word_1_852' title='bbox 3081 5599 3287 5654; x_wconf 84' lang='lat' dir='ltr'><strong>Christi</strong></span> <span class='ocrx_word' id='word_1_853' title='bbox 3327 5614 3520 5655; x_wconf 89' lang='lat' dir='ltr'><strong>amans</strong></span> 
     </span>
    </p>
   </div>
   <div class='ocr_carea' id='block_1_118' title="bbox 1937 5691 3522 5765">
    <p class='ocr_par' dir='ltr' id='par_1_118' title="bbox 1937 5691 3522 5765">
     <span class='ocr_line' id='line_1_118' title="bbox 1937 5691 3522 5765; baseline 0 -18"><span class='ocrx_word' id='word_1_854' title='bbox 1937 5692 2369 5763; x_wconf 84' lang='lat' dir='ltr'><strong>beatissimaque</strong></span> <span class='ocrx_word' id='word_1_855' title='bbox 2405 5692 2652 5765; x_wconf 85' lang='lat' dir='ltr'><strong>Augusta</strong></span> <span class='ocrx_word' id='word_1_856' title='bbox 2685 5701 2738 5750; x_wconf 88' lang='lat' dir='ltr'><strong>et</strong></span> <span class='ocrx_word' id='word_1_857' title='bbox 2759 5700 2910 5750; x_wconf 91' lang='lat' dir='ltr'><strong>totus</strong></span> <span class='ocrx_word' id='word_1_858' title='bbox 2948 5692 3212 5764; x_wconf 87' lang='lat' dir='ltr'><strong>populus,</strong></span> <span class='ocrx_word' id='word_1_859' title='bbox 3246 5691 3522 5747; x_wconf 83' lang='lat' dir='ltr'><strong>universi-</strong></span> 
     </span>
    </p>
   </div>
  </div>
