4248 6456
713 364 818 426 529

2013 356 2337 424 GEORGII
2379 354 2721 419 CEDRENI

3884 355 3985 419 5ίο

718 492 825 544 que
856 491 951 546 per
997 475 1138 532 duas
1190 476 1355 532 horas
1389 474 1675 532 vociferati
1725 482 1896 531 sunt:
1941 473 2172 546 Magnus
2210 479 2296 527 est
2321 470 2372 533 A

2321 468 2575 540 Αδεσμά
2603 468 2633 521 ό
2677 469 2834 538 ἅγιος
2886 466 3215 538 Σίλσεστρος
3240 467 3511 523 ἀπέλυσεν
3556 465 3740 530 αὐτὸν,
3788 467 3983 536 λέγων·

723 564 869 621 Deus
890 565 1363 622 Christianorum.
1408 567 1488 622 Ita
1540 567 1611 622 ab
1649 567 1907 622 omnibus
1955 562 2296 620 admirabilis

713 666 802 711 est
871 658 1205 727 praedicatus
1266 658 1706 715 Christianorum
1785 660 1933 713 Deus
2016 656 2296 726 hujusque

719 748 969 802 minister
996 748 1190 806 beatus
1233 750 1517 806 Silvester.
1555 752 1758 806 Eadem
1792 750 1928 804 hora
1970 748 2088 804 suis
2119 746 2297 817 preci-

720 840 822 893 bus
848 849 1074 896 sanctus
1124 856 1262 911 papa
1310 843 1514 898 multos
1562 858 1590 896 a
1638 841 1949 897 daemonum
2002 837 2298 894 vexatione

718 932 1016 999 liberavit;
1078 935 1347 1005 multique
1403 937 1494 990 alii
1559 937 1732 989 morbi
1808 933 1986 990 sanati
2046 940 2177 988 sunt
2246 930 2297 984 vi

722 1020 940 1077 iloiiiini
995 1025 1167 1079 nostri
1221 1024 1349 1080 Jesu
1386 1026 1618 1092 Christi,
1665 1027 1954 1097 magniﬁce
2013 1040 2110 1094 per
2168 1037 2300 1080 suos

722 1115 936 1183 agentis
968 1125 1217 1173 sanctos.
1245 1118 1524 1186 Baptizata
1564 1130 1745 1175 autem
1771 1118 2003 1174 Judaica
2042 1115 2300 1171 multitu-

719 1207 849 1262 dine
880 1225 1139 1279 magnum
1194 1211 1296 1266 fuit
1331 1209 1520 1268 Roma
1552 1222 1606 1269 et
1655 1215 1708 1268 in
1773 1220 1884 1267 tota
1919 1211 2124 1267 vicinia
2160 1226 2299 1281 gau-

718 1297 891 1353 ilium.

2404 562 2646 634 Πορεύου
2674 562 2798 618 ὅθεν
2824 557 3009 636 ἦλθες,
3037 562 3238 634 μηδένα
3265 562 3410 616 κατὰ
3431 562 3530 633 τὴν
3551 561 3669 616 ὁδὸν
3694 562 3984 631 ἀδικήσας.

2409 650 2587 720 Ὅπερ
2615 650 2761 720 μέγα
2793 650 2979 721 θαῦμα
3004 651 3249 705 Ἰουδαῖοι
3278 651 3609 720 θεασάμενοι
3655 652 3745 704 καὶ
3781 651 3989 721 σφόδρα

2404 742 2852 809 καταπλαγέντες
2898 742 3099 797 αὐτίκα
3139 744 3479 813 προσέπεσον
3528 744 3607 805 είς
3648 742 3772 805 τοὺς
3822 742 3987 803 πόδας

2405 834 2501 888 τοῦ
2545 834 2699 903 ἁγίου
2738 833 3064 905 Σιλὸέστρου
3118 834 3341 901 πάντες,
3383 834 3695 904 αἰτούμενοι
3730 833 3792 886 τὸ
3836 833 3990 899 ἆγιον

2409 926 2711 998 βάπτισμα.
2749 926 2909 980 Ἀλλὰ
2935 928 3028 980 καὶ
3050 927 3185 998 αύτὴ
3211 929 3243 998 ὴ
3275 928 3670 999 μακαριωτάτη
3703 925 3992 994 βασίλισσα

2423 1019 2612 1092 Ἑλένη
2645 1020 3036 1093 προσπεσοῦσα
3063 1024 3175 1084 τοῖς
3201 1022 3328 1074 ποσὶ
3358 1021 3452 1073 τοῦ
3486 1019 3641 1088 ἁγίου
3663 1018 3994 1085 Σιλθέστρου

2408 1113 2775 1183 παρεκαλεῖτο
2804 1114 2982 1175 ,τόπον
3020 1113 3157 1184 αὐτῇ
3227 1113 3515 1183 μετανοίας
3550 1109 3992 1180 παρασχεθῆναι.

2406 1207 2518 1261 Καὶ⁵
2562 1206 2752 1262 τούτου
2785 1207 3078 1278 γενομένου
3116 1207 3290 1277 ἐχάρη
3322 1205 3572 1276 μεγάλως
3594 1205 3620 1256 ὃ
3660 1220 3717 1256 τε
3746 1201 3992 1271 φιλόχρι-

2408 1315 2531 1360 στος
2561 1296 2815 1368 βασιλεὺς
2843 1298 2995 1369 καὶὴ
3027 1296 3423 1368 μακαριωτάτη
3455 1294 3741 1363 Αύγοῦστα
3767 1295 3861 1347 καὶ
3887 1295 3996 1345 πᾶν

715 1393 776 1444 τὸ
809 1393 1009 1462 πλῆθος
1027 1394 1119 1448 τοῦ
1150 1395 1302 1463 λαοῦ,
1327 1398 1466 1452 ὥστε
1490 1399 1580 1453 ἐπὶ
1601 1398 1749 1466 ὥρας
1771 1397 1866 1451 δύο
1889 1396 2117 1467 κράζειν
2160 1395 2406 1455 ἅπαντας
2423 1405 2438 1420 ⁸
2465 1390 2658 1456 Μέγας
2674 1392 2700 1442 ό
2719 1389 2853 1454 Θεὸς
2873 1389 2983 1441 τῶν
3019 1388 3382 1461 Χριστιανῶν.
3408 1388 3520 1442 Καὶ
3544 1385 3716 1449 οὕτως
3756 1384 4001 1467 ἐθαυμάζ-

720 1488 899 1558 στώθη
926 1491 1031 1543 ὑπὸ
1052 1492 1271 1544 πάντων
1289 1490 1460 1553 όΘεὸς
1487 1491 1594 1543 τῶν
1615 1490 1960 1560 Χριστιανῶν
1994 1490 2087 1540 καὶ
2119 1489 2145 1539 ὁ
2171 1483 2364 1537 τούτου
2387 1480 2640 1548 Θεράπων
2678 1479 2833 1545 ἅγιος
2860 1478 3203 1548 Σίλόεστρος.
3266 1478 3354 1531 Ἐν
3393 1476 3531 1545 αὐτῇ
3561 1478 3630 1546 τῇ
3660 1475 3778 1545 ῶρᾳ
3812 1464 3998 1527 πολλοὶ

719 1585 1082 1654 δαιμονῶντες
1104 1585 1550 1656 ἐθεραπεύθησαν
1578 1586 1645 1639 δι’
1673 1586 1847 1654 εὐχῶν
1873 1583 1966 1637 τοῦ
2000 1582 2158 1650 ἁγίου
2194 1578 2373 1641 πάπα,
2399 1575 2493 1629 καὶ
2515 1573 2650 1628 ἄλλα
2699 1573 2754 1626 δὲ
2785 1574 2931 1644 πάθη
2963 1571 3131 1625 πολλᾶ
3153 1572 3247 1624 καὶ
3274 1572 3420 1625 νόσοι
3455 1569 3901 1640 ἐκαθαρίσθησαν
3927 1569 3993 1637 τῇ

720 1680 946 1751 δυνάμει
985 1681 1079 1734 τοῦ
1118 1681 1325 1751 Κυρίου
1360 1682 1515 1751 ἡμῶν
1566 1681 1739 1749 Ἰησοῦ
1771 1678 2007 1750 Χριστοῦ
2052 1676 2146 1731 τοῦ
2203 1671 2620 1740 ὲνδοξαζομὲνου
2643 1670 2700 1722 ὲν
2723 1671 2833 1729 τοῖς
2883 1668 3060 1735 ἁγίοις
3106 1664 3294 1722 αὐτοῦ.
3338 1664 3444 1718 Τοῦ
3475 1665 3534 1718 δὲ
3587 1663 3828 1733 πλήθους
3885 1661 3997 1714 τῶν

722 1774 991 1827 Ἰουδαίων
1023 1774 1413 1846 βαπτισθέντος
1439 1774 1651 1843 μεγάλη
1682 1775 1827 1843 χαρᾶ
1851 1772 2074 1841 γέγονεν
2101 1771 2157 1821 ὲν
2180 1769 2327 1836 πάσῃ
2352 1766 2418 1835 τῇ
2456 1763 2645 1832 Ῥώμῃ
2674 1761 2769 1814 καὶ
2813 1763 2879 1832 τῇ
2909 1758 3202 1830 περιχώρῳ
3233 1758 3426 1827 αὐτῆς·

796 1866 957 1920 Anno
1014 1867 1224 1938 imperii
1284 1868 1636 1922 Constantini
1686 1868 1751 1921 Η
1814 1875 1868 1921 et
1930 1866 1998 1921 15
2048 1864 2299 1920 Licinius
2335 1869 2378 1927 Β

2335 1869 2378 1927 Β
2479 1854 2570 1922 Τῷ
2602 1851 2662 1906 ιδ’
2698 1853 2792 1905 καὶ
2826 1860 2884 1905 ιε’
2915 1851 3026 1905 ἔτει
3062 1851 3303 1913 Λικίνιος
3332 1850 3539 1921 ἦρξατο
3562 1848 3703 1901 κατᾶ
3734 1847 3998 1915 Χριστια-

725 1970 1011 2025 partorum
1050 1960 1277 2025 oblitus,
1323 1962 1765 2031 persecutionem
1831 1959 2100 2015 adversus
2144 1955 2306 2012 Chri-

733 2052 947 2104 stiunos
1013 2052 1236 2108 molitus
1294 2061 1398 2107 est.
1460 2052 1631 2118 Quem
1706 2068 1802 2121 per
1861 2052 2074 2106 litteras
2137 2050 2299 2104 ofﬁcii

728 2158 958 2195 nmnens
982 2144 1407 2210 Constantinus,
1443 2154 1502 2199 ut
1554 2161 1585 2198 a
1618 2145 1827 2200 malitia
1872 2144 2166 2200 desisteret
2194 2159 2304 2198 non

733 2234 1031 2299 persuasit.

803 2324 976 2378 Annis
1034 2325 1123 2387 16,
1168 2328 1231 2379 Π
1261 2327 1404 2382 ctl8
1456 2343 1544 2383 res
1596 2336 1787 2382 contra
1841 2328 2067 2397 impium
2114 2328 2308 2383 Arium

730 2425 879 2483 gesta
910 2425 1017 2481 est,
1062 2419 1475 2488 conciliumque
1516 2433 1736 2474 sacrum
1791 2420 2027 2488 primum
2090 2434 2156 2473 ex
2195 2427 2310 2474 toto

733 2518 1004 2561 terrarum
1090 2512 1226 2564 orbe
1308 2511 1705 2573 collectorum,
1778 2525 1900 2580 quae
1967 2511 2308 2565 tecumenica

734 2601 1020 2656 imminant
1071 2601 1270 2668 ϐπερὶ,
1324 2602 1562 2668 Nicrere,
1630 2617 1659 2656 a
1718 2603 1824 2657 518
1856 2604 2064 2658 sanctis
2120 2616 2184 2655 ac
2217 2602 2311 2656 Dei

735 2693 935 2760 spiritu
965 2693 1142 2762 plenis
1170 2692 1434 2748 Patribus
1470 2694 1834 2757 celebratum,
1867 2694 2055 2748 Arium
2082 2693 2315 2763 ejusque

734 2794 1035 2839 sectatores
1066 2786 1414 2855 proscripsit.
1448 2784 1605 2840 Tunc
1643 2787 1943 2856 imperator
1993 2786 2156 2839 etiam
2218 2800 2314 2841 eos

729 2877 819 2943 qui
872 2875 1184 2931 Juilseorum
1241 2892 1392 2932 more
1441 2860 1658 2932 Pascha
1712 2876 2088 2940 celebrabant,
2150 2891 2315 2943 Opera

736 2968 1071 3022 sanctissimi
1132 2968 1402 3024 Corduba:
1456 2969 1702 3038 episropi
1760 2969 2034 3033 inhibuit;
2092 2979 2147 3024 et
2177 2968 2316 3025 Cun-

737 3066 972 3112 stantem
1043 3058 1209 3113 lilium
1285 3076 1445 3116 suum
1512 3060 1784 3115 Caesarem
1846 3060 2193 3131 designatum
2259 3060 2314 3113 in

732 3149 940 3205 Callias
984 3151 1157 3206 misit.
1188 3151 1311 3221 Ipse
1361 3152 1468 3208 isto
1523 3162 1768 3221 tempore
1832 3153 2157 3208 recordatus
2212 3151 2314 3207 sibi

732 3243 1010 3311 quondam
1044 3258 1213 3312 prope
1242 3242 1470 3297 Romam
1495 3244 1550 3297 in
1579 3243 1787 3297 somnis
1819 3257 1848 3295 a
1901 3241 2131 3297 Domino
2160 3258 2316 3296 tnan-
2342 3228 2386 3291 C

734 3337 922 3385 .tatum
955 3335 1032 3386 nti
1059 3348 1126 3386 eo
1158 3334 1301 3399 loco,
1337 3349 1501 3403 quem
1534 3335 1653 3404 ipse
1682 3334 1730 3387 ei
1762 3342 1911 3389 esset
1946 3334 2313 3399 indicaturus,

735 3422 902 3495 [‘96
927 3422 1020 3478 Dei
1053 3422 1320 3478 Genitricl
1349 3422 1541 3479 urbem
1574 3423 1858 3485 conderet,
1894 3423 2024 3477 dum
2063 3424 2317 3494 regiones

736 3518 873 3570 istas
899 3525 952 3570 et
986 3514 1104 3569 loca
1152 3515 1580 3584 contemplatur,
1635 3514 2090 3570 Thessalonicam
2146 3515 2319 3571 venit.

735 3607 854 3673 Quo
888 3607 1011 3661 loco
1063 3607 1394 3672 delectatus,
1451 3608 1733 3662 biennium
1790 3607 1863 3661 ibi
1920 3616 2320 3673 commoratus,

752 3699 942 3753 urbem
971 3699 1282 3769 magniﬁcis
1308 3698 1554 3770 templis,
1586 3698 1797 3754 balneis
1828 3708 1881 3753 et
1903 3699 2321 3769 aquaaductibus

739 3789 1053 3845 exornavit.
1085 3789 1215 3854 Sed,
1243 3797 1396 3860 peste
1430 3790 1742 3861 ingruente,
1798 3803 1922 3845 eam
1974 3790 2321 3861 relinquens,

742 3883 874 3937 inde
916 3881 1323 3938 Chalcedonem
1387 3881 1655 3955 Bithyniae
1701 3884 1893 3938 urbem
1945 3897 2002 3938 se
2049 3885 2321 3951 contulit;

742 3989 975 4044 eamque
1009 3974 1127 4030 solo
1149 3984 1481 4045 prostratam
1516 3991 1547 4031 a
1578 3975 2070 4031 Persisinveniens
2098 3977 2316 4033 instau-

740 4081 866 4122 rare
891 4082 1190 4138 aggressus
1218 4076 1321 4122 est.
1376 4066 1575 4121 Statim
1631 4078 1811 4120 autem
1863 4066 2062 4136 aquila:
2109 4068 2322 4137 lapides

743 4158 914 4212 fabris
944 4166 1167 4228 ereptos
1207 4158 1277 4214 ad
1329 4158 1518 4213 urbem
1566 4156 1889 4228 Byzantium
1948 4161 2319 4229 projecerunt.

747 4247 805 4301 Id
861 4264 985 4302 cum
1041 4264 1422 4319 saepenumero
1477 4250 1635 4308 ﬂeret
1703 4249 2060 4319 omniumque
2107 4252 2322 4309 animos

744 4353 1051 4407 suspensos
1085 4349 1317 4405 teneret,
1349 4341 1574 4412 quidam
1610 4341 1886 4409 regiorum
1915 4341 2321 4409 ministrorum,

746 4428 1060 4498 Euphratas
1085 4434 1328 4497 nomine,
1356 4431 1654 4498 explicavit
1707 4448 1847 4497 rem,
1911 4448 2106 4504 nempe
2149 4433 2320 4489 Deum

2414 1946 2519 2000 νῶν
2540 1942 2784 2014 διωγμὸν
2810 1945 3003 2008 κινεῖν,
3036 1942 3209 2013 λήθην
3237 1939 3419 1994 λαϐὼν
3445 1938 3552 1991 τῶν
3588 1938 4001 2008 προγεγονότων

2418 2036 2724 2107 συνθηκῶν.
2755 2034 2955 2090 Τοῦτον
2985 2034 3071 2087 διὰ
3103 2033 3446 2105 γραμμάτων
3472 2030 3736 2085 νουθετῶν
3759 2032 3786 2083 ό
3807 2031 3999 2095 Μέγας

2417 2131 2831 2193 Κωνσταντίνος
2883 2127 3189 2188 ἀποστῆναι
3228 2127 3327 2197 τῆς
3388 2124 3587 2187 κακίας
3637 2123 3737 2176 οὐκ
3786 2122 3810 2175 ἕ

3786 2140 3999 2177 επεισε.

2489 2334 2576 2407 [Ρ.
2598 2333 2729 2406 ἳ85]
2753 2334 2844 2404 Τῷ
2874 2340 2949 2398 ις’
2972 2333 3066 2386 καὶ
3097 2330 3164 2396 ιζ’
3182 2329 3275 2384 καὶ
3298 2326 3366 2396 ιη’
3383 2329 3493 2381 ἔτει
3522 2326 3589 2380 τὰ
3619 2325 3758 2380 κατὰ
3786 2325 4004 2396 Ἀρείου

2415 2425 2510 2480 τοῦ
2534 2423 2828 2486 δυσσεϐοῦς
2852 2422 3121 2494 ἐπράχθη,
3151 2419 3294 2489 καὶὴ
3337 2420 3394 2470 ὲν
3420 2417 3625 2487 Νικαίᾳ
3654 2416 3843 2487 πρώτη
3870 2418 4003 2483 ἁγία

2421 2517 2513 2570 καὶ
2537 2515 2887 2586 οίκουμενικὴ
2947 2513 3163 2575 σύνοδος
3195 2511 3306 2565 τῶν
3347 2509 3677 2581 τριακοσίων
3722 2508 4004 2562 δεκαοκτὼ

2422 2608 2591 2676 ἁγίων
2623 2607 2899 2677 θεοφόρων
2936 2604 3198 2674 [Ιατέρῶν
3229 2601 3468 2670 ἐγένετο.
3493 2601 3612 2671 ἣτις
3644 2600 3732 2652 τὸν
3780 2601 4003 2666 Ἀρειον

2421 2700 2516 2753 καὶ
2543 2699 2670 2762 τοὺς
2689 2699 3012 2767 ’ὁμόφρονας
3041 2692 3210 2749 αὐτοῦ
3238 2692 3651 2760 άνεθεμάτισεν.
3704 2692 3791 2744 Ἐν
3825 2690 4005 2757 τούτῳ

2422 2790 2515 2842 καὶ
2543 2788 2668 2851 τοὺς
2714 2786 3021 2849 Ἰουδαϊκῶς
3042 2785 3102 2839 τὸ
3149 2785 3339 2853 Πάσχα
3386 2782 3745 2849 ἑορτάζοντας
3797 2782 3885 2835 δια
3908 2782 4002 2835 τοῦ

2422 2880 2719 2935 όσιωτάτου
2773 2879 3075 2933 ἐπισκόπου
3116 2874 3433 2948 Κοδρούϐης
3493 2874 3605 2944 (80)
3660 2875 4004 2942 ἐπέστρεψε·

2422 2974 2514 3026 καὶ
2548 2972 2882 3026 Κώνσταντα
2907 2972 2998 3024 τὸν
3039 2971 3153 3023 υίδν
3202 2970 3366 3025 αὑτοῦ
3408 2967 3817 3039 προϐαλόμενος
3868 2966 4007 3019 Καί-

2426 3080 2566 3134 σαρα
2598 3065 2675 3126 εἰς
2722 3062 2952 3125 Γαλλίας
2978 3060 3320 3114 ἀπέστειλεν.
3352 3060 3442 3113 Ἐν
3472 3057 3693 3120 ταύταις
3722 3058 3842 3120 ταῖς
3861 3056 4003 3125 ἡμέ-

2427 3174 2549 3227 ραις
2579 3157 2659 3218 είς
2707 3156 2932 3224 μνήμην
2985 3153 3202 3223 ἔρχεται
3266 3151 3361 3205 τοῦ
3419 3150 3712 3220 γενομένου
3772 3149 4005 3215 πλησίον

2434 3248 2652 3318 Ῥώμης
2707 3247 2812 3298 ύττὺ
2863 3243 2957 3298 τοῦ
3014 3243 3219 3313 Κυρίου
3285 3243 3423 3313 πρὸς
3483 3242 3645 3295 αὐτόν
3699 3241 3841 3293 κατα
3878 3239 4006 3302 τοὶς

2423 3336 2624 3400 ’ύπνους
2663 3336 3101 3406 προστάγματος,
3146 3334 3283 3403 ὅπερ
3322 3328 3388 3403 ἦν
3419 3331 3669 3400 λέγοντος
3710 3328 4007 3398 οἰκοδομῆ-

2424 3432 2611 3498 σαιτῇ
2654 3428 2903 3497 Θεοτόκῳ
2944 3426 3101 3480 πόλιν
3137 3424 3250 3497 (81)
3275 3426 3332 3477 ὲν
3377 3416 3423 3492 ᾧ
3470 3422 3620 3493 τόπῳ
3668 3421 3828 3484 αὐτὸς
3870 3422 4007 3472 ὐπο-

2423 3524 2581 3588 δείξω
2610 3540 2713 3577 σοι.
2739 3522 2850 3576 Καὶ
2890 3521 2956 3590 δὴ
2986 3521 3053 3574 τὰ
3089 3520 3229 3574 κατὰ
3262 3518 3573 3590 χώρανκαὶ
3603 3515 3801 3577 τόπους
3847 3516 4007 3583 ἐρευ-

2426 3615 2533 3670 νῶν
2564 3619 2631 3685 τῇ
2655 3612 3027 3686 Θεσσαλονίκῃ
3052 3612 3345 3676 ὲπιὸαίνει,
3366 3615 3461 3663 καὶ
3476 3609 3552 3679 τῷ
3575 3609 3725 3675 τόπῳ
3750 3605 4008 3675 ἀρεσθεὶς

2423 3703 2546 3758 δυσὶ
2572 3704 2787 3774 χρόνοις
2816 3704 2934 3757 ἐκεῖ
2979 3702 3269 3773 διατρίϐει.
3322 3699 3504 3765 Nae-3;
3552 3715 3607 3751 τε
3667 3695 4008 3767 θαυμασίους

2426 3796 2522 3851 καὶ
2548 3795 2748 3866 λουτρὰ
2798 3797 2893 3849 καὶ
2929 3794 3139 3848 ὑδάτων
3168 3792 3477 3862 εἰσαγωγὰς
3513 3788 4007 3859 κατασκευασάμε-

2424 3905 2535 3954 νος,
2560 3887 2636 3952 ὼς
2664 3884 2768 3940 εἶδε
2798 3886 2984 3956 λοιμὸν
3014 3887 3428 3956 ἐπιγενόμενον,
3458 3883 3663 3952 ταύτην
3707 3881 3805 3951 μὲν
3829 3898 4006 3934 κατα-

2423 3977 2712 4044 λιμπάνει,
2753 3978 2845 4030 ἐπὶ
2886 3977 3073 4049 δὲτὴν
3107 3976 3351 4031 Βιθυνῶν
3399 3976 3716 4044 Χαλκηδόνα
3767 3974 4006 4043 ἔρχεται,

2426 4070 2533 4122 ὑπὸ
2589 4070 2697 4123 τῶν
2750 4070 2979 4139 Περσῶν
3036 4069 3473 4138 ὲξηδαφισμένην
3506 4065 3682 4137 εὑρὼν
3720 4065 4003 4119 ἀνοικοδο-

2429 4162 2549 4229 μεῖν
2596 4159 2819 4231 ἤρξατο.
2865 4160 2974 4213 Καὶ
2998 4158 3200 4223 εύθέως
3227 4159 3375 4213 ἀετοὶ
3402 4157 3526 4223 τοὺς
3576 4156 3685 4209 τῶν
3742 4155 4010 4224 τεχνιτῶν

2425 4249 2608 4312 λίθους
2668 4250 3008 4320 ἁρπάζοντες
3064 4247 3145 4319 τῷ
3223 4248 3504 4319 Βυζαντίῳ
3582 4248 4009 4318 προσέρῤιπτον.

2428 4341 2633 4395 Τούτου
2664 4340 2721 4393 δὲ
2762 4340 3023 4402 πολλάκις
3061 4341 3360 4409 γενομένου
3393 4338 3498 4392 ὑπὸ
3539 4339 3759 4391 πάντων
3824 4337 4011 4391 διαπο-

2431 4430 2713 4499 ρουμένου,
2748 4422 2830 4491 εἷς
2868 4428 2979 4481 τῶν
3005 4428 3468 4497 ὑπηρετουμένων
3516 4427 3595 4496 τῷ
3651 4426 3863 4495 βασιλεῖ
3913 4427 4011 4479 Εὖ.

742 4517 814 4571 ibi
847 4518 980 4573 velle
1019 4519 1208 4574 urbem
1242 4535 1355 4575 suae
1386 4520 1541 4575 Matri
1566 4520 1752 4576 condi.
1794 4519 2101 4589 Imperator
2132 4524 2318 4576 statim
2355 4568 2396 4622 υ

2355 4568 2396 4622 D
2428 4522 2639 4590 φρατᾶς
2661 4519 2951 4590 λεγόμενος
2971 4519 3301 4588 διεσάφησεν
3337 4519 3414 4582 ὡς
3450 4518 3568 4571 ἐκεῖ
3598 4519 3749 4588 φίλον
3791 4519 3908 4570 ἐστὶ
3931 4518 4008 4586 τῷ

745 4611 960 4679 trajecit
986 4626 1051 4666 eo
1077 4629 1094 4678 ;
1118 4627 1354 4683 cumque
1384 4612 1565 4667 locum
1598 4611 1930 4682 inspexisset
1977 4620 2032 4667 et
2085 4612 2316 4683 probas-

743 4709 846 4761 set,
916 4699 1259 4770 Euphratam
1316 4703 1470 4773 operi
1525 4703 1775 4774 praeﬁcit,
1865 4705 2080 4774 magnis
2139 4705 2315 4774 copiis

741 4790 1046 4861 opihnsque
1078 4792 1431 4849 instructum.
1459 4795 1581 4864 Ipse
1611 4794 1665 4847 in
1688 4792 1888 4849 Persas
1920 4794 2313 4864 proﬁciscitur.

740 4879 815 4936 lbi
858 4896 981 4936 eum
1023 4884 1075 4937 in
1103 4884 1342 4940 hostium
1373 4900 1571 4941 manus
1598 4884 1933 4949 devenisset,
1970 4884 2157 4939 divina
2189 4900 2316 4955 pro-

737 4971 975 5027 videntia
1004 4984 1337 5043 procurante
1392 4991 1486 5033 eas
1513 4974 1725 5047 eﬂ'ugit,
1782 4990 1847 5030 ac
1891 4974 1958 5030 ad
1990 4974 2313 5045 Byzantium

2430 4610 2550 4681 Θεῷ
2578 4613 2645 4681 τῇ
2673 4610 2859 4681 Μητρὶ
2896 4609 3060 4664 αὐτοῦ
3090 4608 3380 4678 κτισθῆναι
3422 4609 3596 4663 πόλιν.
3641 4607 3857 4668 Εὐθέως
3915 4607 4008 4661 οὖν

2426 4702 2785 4772 διαπεράσας.
2814 4702 2909 4756 καὶ
2935 4702 3025 4755 τὸν
3076 4702 3241 4756 τόπον
3281 4701 3517 4755 κατιδὼν
3548 4700 3642 4754 καὶ
3669 4700 4011 4769 ἀποδεξάμε-

2424 4809 2532 4856 νος,
2574 4792 2665 4845 τὸν
2696 4792 2988 4863 Εὐφρατᾶν
3026 4793 3327 4862 ἐπιστάτην
3389 4791 3483 4844 τοῦ
3522 4791 3683 4861 ἔργον
3736 4791 4009 4861 καταλιμ-

2427 4882 2587 4936 πάνει
2620 4881 2758 4952 μετὰ
2790 4880 3014 4952 βαρείας
3061 4881 3345 4952 δυνάμεως
3364 4886 3461 4937 καὶ
3503 4882 3734 4935 πλούτου
3786 4882 4007 4935 πολλοῦ.

2423 4975 2535 5027 Καὶ
2562 4973 2724 5037 αὐτὸς
2751 4973 3002 5044 βασιλεὺς
3029 4974 3172 5028 κατὰ
3201 4973 3427 5046 Περσῶν
3480 4973 3776 5045 ἀποδημεῖ.
3833 4973 4011 5028 ’Ἔνθα

1889 5149 2248 5206 XYLANDRI
2280 5148 2369 5204 ET
2406 5145 2617 5207 GOARI
2661 5146 2892 5206 ΝΟΤᾸΞ.

816 5296 943 5369 (80)
1003 5296 1219 5360 Scribe,
1302 5296 1639 5369 Κορδούϐης.
1717 5295 1988 5369 Loquitur
2058 5295 2127 5350 de
2178 5293 2310 5348 Usio

740 5368 1015 5423 Corduba
1045 5370 1328 5439 episcopo,
1362 5367 1480 5439 viro
1523 5367 1873 5439 magnaristo
1906 5377 2153 5439 tempore
2195 5379 2305 5439 an.

737 5439 1042 5499 t-toritatis,
1069 5435 1130 5490 ut
1159 5435 1252 5492 ex'
1279 5438 1511 5492 Eusebio
1573 5435 1637 5491 et'
1677 5435 1908 5503 reliquis
1953 5435 2317 5503 scriptoribus

741 5507 1379 5566 ecclesiasticis]notum
1416 5515 1519 5562 est.
1572 5507 1703 5561 Vide
1753 5507 1853 5560 hac
1906 5506 1972 5559 de
2012 5520 2071 5558 re
2124 5504 2323 5557 Socra-

745 5595 849 5633 t'm
895 5593 937 5641 I,
1003 5578 1034 5631 'l
1081 5585 1137 5631 et
1201 5577 1256 5641 9,
1314 5577 1531 5631 Sozom.
1567 5605 1604 5641 ι,
1681 5576 1769 5638 16,
1828 5573 2224 5628 Theodoriturn
2284 5594 2321 5625 ι.

747 5651 789 5704 Χ
801 5647 1303 5718 τίη-Κορδυύϐης.
1319 5646 1681 5718 Theophanes
1698 5660 1915 5718 quoque
1943 5641 2326 5718 vice,l(_opéo~.i-

755 5721 880 5787 6ης.
927 5714 1086 5786 juxta
1116 5725 1395 5787 receptum
1453 5714 1487 5787 a
1524 5714 1730 5787 Gnecis
1773 5714 2058 5787 modernis
2116 5714 2329 5787 litteras

753 5782 1155 5845 transuoucndi
1189 5782 1419 5844 luerent.
1445 5785 1535 5842 Sic
1566 5786 1793 5840 κραδίαν
1813 5793 1865 5839 et
1894 5782 2179 5853 ἁμύγλαδα
2212 5783 2331 5837 loco

2418 5291 2649 5365 καρδίαν
2715 5302 2770 5349 et
2822 5292 3112 5365 ἀμύγδαλα
3183 5289 3545 5362 pronuntiant
3619 5299 3675 5345 et
3731 5290 4007 5348 scribunt.

2424 5362 2597 5416 Cosa.

2502 5431 2615 5502 (8|)
2677 5432 2814 5489 llinc
2863 5441 2923 5488 ut
2979 5432 3223 5501 Deiparte
3275 5429 3776 5502 (ὶίοοιιιίθεοτόκου
3850 5430 4011 5502 πόλις

2432 5499 2785 5572 quandoque,
2812 5504 2959 5557 sicut
2990 5514 3045 5558 et
3073 5499 3649 5572 Κωνσταντινούπολις
3674 5499 3894 5572 legitur.
3931 5500 4008 5553 Ita

2437 5570 2700 5626 Nemeum
2734 5573 2769 5625 2
2804 5572 2951 5637 Maii,
2979 5573 3141 5640 cujus
3190 5570 3567 5625 anniversario
3613 5572 3702 5624 die
3742 5570 4011 5625 redeunte

2436 5657 2530 5710 per
2560 5651 2735 5695 totum
2771 5641 3052 5697 Orientem
3088 5641 3730 5710 celebranturrencrenia,
3765 5653 4007 5710 quorum

2437 5708 2725 5765 historiam
2767 5711 2886 5767 festi
2916 5711 3160 5779 ejusdem
3187 5708 3525 5779 Synaxarion
3554 5708 3793 5772 exhibet,
3830 5709 4008 5764 etZu-

2441 5797 2601 5836 tiaras
2627 5778 3019 5837 connuemorat
3053 5783 3104 5836 in
3125 5778 3513 5836 Constantino.
3535 5779 3708 5833 Cum.
