4248 6456
699 368 806 434 543

2002 366 2327 428 GEORGII
2367 367 2703 430 CEDRENI

3856 358 3919 421 Ξιί
3938 358 3964 418 i

695 482 862 553 498
888 480 1184 552 omniaque
1209 479 1470 548 restituit,
1504 487 1560 537 et
1591 481 1794 552 templa
1845 480 1914 538 iis
1965 483 2101 539 locis
2139 484 2268 538 καὶ·
2299 491 2344 544 Α
2371 526 2372 529 η

2299 491 2344 544 Α
2371 485 2563 552 ἁγίους
2591 485 2791 548 τόπους
2831 480 3197 554 φανερώσασα
3227 480 3324 534 καὶ
3355 477 3446 533 τὸν
3473 475 3655 548 τίμιον
3718 477 3955 547 σταυρὸν

697 575 971 629 licavitac
1018 573 1305 642 splendide
1355 574 1664 630 exornavit.
1721 574 1800 628 Eo
1861 583 2108 646 tempore
2134 576 2276 630 Con-

698 669 974 722 stantinus
1000 667 1170 720 aedem
1210 665 1269 720 S.
1331 665 1567 734 Sophiae,
1617 667 1670 721 id
1735 675 1820 721 est
1852 666 2166 734 Sapientiae,
2219 676 2275 722 et

702 760 761 813 S.
800 761 984 819 lrenae.
1029 758 1079 810 id
1113 768 1198 812 est
1230 758 1410 817 Pacis.
1448 766 1503 812 et
1555 757 1657 814 SS.
1696 760 2111 828 Apostolorum,
2159 769 2274 813 tum

704 849 985 900 beatorum
1014 847 1194 912 Mor-ii,
1238 858 1292 900 et
1333 849 1684 917 Agallionici,
1721 858 1774 902 et
1822 851 2102 920 copiarum
2131 867 2272 921 pra“:-

710 940 831 988 t'm-ti
869 940 920 991 in
949 939 1163 1007 Aoaplo
1197 949 1249 991 et
1279 937 1570 994 Sosthenio
1616 943 1928 1007 exstruxit;
1983 943 2072 997 ubi
2111 944 2275 997 etiam

711 1031 1037 1082 miraculosi-
1071 1031 1281 1083 audivit
1305 1032 1613 1084 divinarum
1651 1049 1842 1086 vocum
1901 1034 2086 1087 omina
2118 1042 2282 1103 atque

709 1121 860 1182 vidit.
896 1121 1072 1174 .lussit
1096 1123 1259 1175 etiam
1291 1122 1606 1177 Graecorum
1665 1125 1978 1180 simulacris
2027 1125 2282 1181 dedicata

713 1215 835 1265 fana
869 1215 1108 1278 destrui,
1149 1231 1450 1284 eorumque
1477 1216 1688 1272 reditus
1743 1218 1958 1286 templis
2013 1218 2284 1272 Christia-

711 1320 907 1357 norum
941 1323 970 1359 a
1031 1323 1088 1360 se
1149 1306 1436 1363 :rdilicatis
1491 1309 1721 1361 addixit.
1777 1308 1893 1362 Hoc
1955 1309 2287 1379 imperatore

715 1398 869 1449 multi
951 1397 1133 1466 populi
1210 1398 1584 1452 Christianam
1668 1399 1988 1468 religionem
2048 1401 2286 1470 amplexi

714 1496 864 1552 sunt,
899 1489 1180 1544 Celtarum
1230 1499 1284 1544 et
1338 1491 1617 1544 Gallorum
1671 1491 2122 1559 occidentalium,
2170 1502 2284 1548 tum

713 1579 835 1633 Indi
891 1581 1184 1634 interiores
1232 1578 1524 1650 lberesque
1573 1589 1629 1636 et
1692 1584 1964 1648 Armenii,
2026 1586 2287 1640 Teridate

714 1672 839 1739 ejus
876 1673 949 1725 rei
984 1673 1249 1741 principe.
1303 1671 1460 1726 Tunc
1511 1673 1655 1727 enim
1683 1672 1981 1744 Gregorius
2033 1691 2284 1744 magnus,

713 1761 988 1815 Armenio:
1023 1779 1237 1831 magna:
1261 1765 1586 1834 episcopus,
1634 1781 1698 1819 ex
1741 1767 1971 1821 terribili
2027 1768 2132 1824 isto
2167 1771 2283 1824 lactt

715 1851 950 1908 edoctus
985 1856 1049 1908 ad
1081 1871 1261 1920 regem
1297 1856 1612 1911 Teridatem
1646 1860 1900 1922 accessit,
1933 1870 1987 1914 et
2033 1863 2290 1918 universa
2323 1827 2365 1880 Β

717 1944 976 1998 Armenia
1015 1946 1068 1999 in
1108 1946 1314 2001 Christi
1347 1947 1503 2001 ﬁdem
1539 1951 1845 2012 concessit;
1885 1966 1986 2005 nec
2021 1969 2128 2007 non
2159 1956 2292 2010 Per-

718 2052 814 2100 sae,
847 2036 1099 2091 Simeone
1123 2040 1386 2108 eplseopo
1413 2056 1508 2122 eos
1543 2041 1796 2095 docente.
1833 2041 1937 2096 Sed
1967 2051 2020 2096 et
2055 2043 2296 2100 Utliaxa-

720 2128 824 2182 dus
857 2131 1166 2192 eunuchus,
1192 2129 1416 2198 Saporis
1445 2125 1736 2186 Persarum
1770 2135 1916 2203 regis
1945 2137 2292 2207 paedagogus,

721 2222 790 2270 ob
822 2220 1153 2274 Christiana:
1190 2223 1475 2292 religionis
1508 2223 1914 2280 confessionem
1951 2229 2174 2298 capitali
2212 2237 2298 2287 est

722 2310 950 2368 allectus
986 2314 1276 2382 supplicio.

797 2583 1193 2637 Constantinus
1251 2599 1440 2653 porro.
1478 2599 1602 2637 cum
1660 2584 1706 2638 (τῖ
1759 2585 2070 2655 philosophi
2129 2588 2302 2642 Caeci

728 2675 1126 2744 exprobrarent
1187 2675 1333 2743 quod
1381 2675 1698 2744 religionem
1736 2676 2077 2739 innovassct,
2111 2694 2306 2745 quem-

727 2768 853 2820 dam
891 2768 1344 2836 philosophorum
1381 2768 1446 2821 ad
1503 2768 1888 2835 disputandum
1938 2770 2004 2823 tle
2050 2770 2152 2823 ﬁllt‘.
2182 2785 2305 2822 cum

727 2861 1038 2913 Alexandro
1073 2860 1332 2927 episcopo
1379 2859 1663 2928 produvit.
1702 2860 1832 2914 Erat
1894 2862 1940 2915 is
1993 2861 2305 2916 Alexander

731 2951 895 3002 homo
935 2951 1179 3013 divinus,
1214 2960 1468 3003 creterum
1503 2951 1777 3005 indoctus.
1821 2954 1872 3006 is
1904 2968 2025 3004 cum
2065 2953 2302 3022 philoso-

732 3042 898 3107 phum
925 3040 1137 3091 videret
1174 3040 1527 3108 garrientem,
1564 3038 1804 3106 lmpero,
1851 3041 2049 3108 inquit,
2105 3043 2198 3096 tibi
2256 3043 2310 3096 in

2381 573 2618 645 εὑροῦσα
2652 573 2830 628 πάντα
2875 573 3161 643 ἀνέστησε,
3203 571 3299 625 καὶ
3343 571 3504 632 ναοὺς
3555 567 3962 638 οίκοδομήσασα

2383 665 2442 717 ἐν
2511 667 2695 728 αὐτοῖς
2759 665 3074 736 περιφανῶς
3143 663 3370 726 τούτους
3432 660 3831 714 ἐκαλλώπισε-ι.
3873 661 3964 712 Ἐν

2379 756 2590 819 τούτοις
2611 760 2719 820 τοῖς
2749 760 2960 826 καιροῖς
2984 757 3078 809 τὸν
3107 757 3232 811 ναὸν
3265 758 3364 824 τῆς
3401 753 3588 822 ’Δγίας
3618 753 3840 819 Σοφίας,
3869 753 3962 803 καὶ

2379 853 2681 922 τῆςἋγίας
2717 853 2974 921 Εἰρήνης,
3009 852 3104 903 καὶ
3121 849 3229 902 τῶν
3243 847 3445 916 Ἀγίων
3474 844 3834 908 Ἀποστόλων,
3870 845 3964 895 καὶ

2381 944 2476 998 τοῦ
2493 945 2675 1012 ’Λγίου
2710 944 2959 1005 Μωκίου,
2989 944 3082 996 καὶ
3120 941 3215 994 τοῦ
3231 940 3414 1008 Ἀγίου
3454 937 3830 1007 Ἀγαθονίκου,
3872 939 3966 990 καὶ

2381 1037 2475 1089 τοῦ
2506 1036 2948 1107 ἀρχιστρατήγου
2984 1035 3097 1105 (86)
3128 1036 3185 1088 ἐν
3201 1032 3276 1102 τῷ
3315 1032 3565 1102 Ἀνάπλῳ
3612 1031 3708 1085 καὶ
3746 1028 3963 1082 Σωσθε-

2384 1127 2504 1195 νίῳ,
2561 1129 2688 1179 ἔνθα
2751 1126 2845 1179 καὶ
2897 1126 3046 1188 θείας
3094 1125 3278 1194 όμφάς
3311 1123 3642 1191 θαυμαστῶς
3683 1121 3885 1192 ἤκουσέ
3908 1137 3965 1172 τε

2385 1219 2480 1271 καὶ
2513 1217 2774 1272 ἐθεάσατο
2825 1218 2852 1270 ὁ
2904 1217 3245 1288 φιλόχριστος
3298 1215 3570 1285 βασιλεὺς,
3627 1212 3966 1284 ᾠκοδόμησε.

2386 1310 2525 1371 Τοὺς
2551 1310 2608 1362 δὲ
2636 1309 2744 1362 τῶν
2789 1307 3056 1378 Ἐλλήνων
3107 1308 3420 1371 είδωλικοῦς
3459 1306 3620 1368 ναοὺς
3668 1303 3969 1375 προσέταξε

2386 1399 2754 1454 καταλύεσθαι
2786 1400 2880 1454 καὶ
2914 1400 3205 1470 ἐκκλησίας
3248 1397 3669 1467 οἰκοδομεῖσθαι,
3721 1398 3813 1450 καὶ
3873 1396 3973 1458 τὰς

2387 1493 2592 1546 τούτων
2647 1493 2942 1563 προσόδους
2989 1492 3180 1554 αὑταῖς
3239 1491 3550 1558 δωρεῖσθαι.
3629 1489 3750 1543 Ἐπὶ
3777 1488 3972 1542 τούτου

2389 1585 2483 1637 τοῦ
2521 1583 2787 1652 βασιλέως
2809 1583 2980 1636 πολλὰ
3025 1583 3134 1637 τῶν
3181 1583 3351 1636 ἐθνῶν
3403 1583 3496 1636 τὸν
3544 1581 3976 1652 Χριστιανισμδν

2390 1675 2801 1744 προσεδέξαντο,
2856 1674 2966 1728 ἀπό
3012 1691 3071 1726 τε
3129 1673 3351 1726 Κελτῶν
3409 1675 3504 1725 καὶ
3559 1672 3814 1726 Γαλατῶν
3864 1671 3976 1722 τῶν

2391 1765 2660 1832 ἐσπερίων
2685 1781 2698 1794 ·
2730 1762 2865 1816 ἀλλά
2903 1764 2999 1816 καὶ
3031 1763 3182 1816 Ἰνδοὶ
3228 1763 3276 1815 οἱ
3313 1761 3592 1831 ἐνδοτέρω,
3640 1761 3860 1831 Ἴϐηρές
3916 1777 3978 1812 τε

2395 1859 2487 1909 καὶ⁹
2532 1857 2804 1927 Ἀρμένιοι
2832 1856 3006 1926 ἀρχὴν
3033 1857 3097 1908 ἐκ
3143 1855 3447 1926 Τηριδάτου
3501 1854 3779 1916 λαϐόντες.
3841 1852 3979 1906 Τότε

2396 1949 2506 2017 γὰρ
2535 1950 2563 2001 ό
2594 1949 2766 2018 μέγας
2801 1947 3101 2018 Γρηγόριος
3128 1948 3156 1999 ό
3200 1947 3299 2016 τῆς
3329 1945 3572 2014 μεγάλης
3592 1944 3887 2014 ’Δομενίας
3916 1945 3984 1996 ἐκ

2397 2042 2490 2094 τοῦ
2527 2039 2759 2109 φοϐεροῦ
2793 2041 2997 2094 λάκκου
3040 2040 3251 2092 ἐκείνου
3314 2038 3642 2106 ἐκϐέϐληται
3696 2039 3790 2089 καὶ
3839 2037 3984 2091 κατὰ

2397 2134 2488 2185 τὸν
2528 2131 2752 2202 βασιλέα
2781 2131 3089 2202 Τηριδάτην
3122 2129 3354 2196 γίνεται,
3385 2129 3480 2181 καὶ
3515 2131 3547 2199 ἢ
3595 2131 3746 2182 πᾶσα
3776 2127 3986 2197 Ἀρμε-

2399 2222 2489 2275 νία
2531 2223 2611 2284 είς
2638 2222 2738 2290 τὴν
2781 2221 2873 2274 τοῦ
2907 2219 3145 2291 Χριστοῦ
3203 2218 3386 2272 πίστιν
3452 2219 3818 2288 μετατίθεται.
3874 2220 3986 2271 Κα¹τ⁵

2404 2311 2613 2378 Πέρσαι
2660 2310 2862 2381 ὁμοίως
2911 2310 3004 2363 ἐπὶ
3051 2307 3263 2378 Σιμεὼν
3311 2308 3634 2362 ἐπισκόπου.
3685 2308 3844 2360 Ἀλλὰ
3889 2308 3988 2360 καὶ

2404 2400 2649 2464 Οὺθαξέιδ
2683 2401 2936 2472 εὐνοῦχος
2963 2399 3310 2469 παιδαγωγὸς
3352 2399 3614 2470 Σαπώρου
3668 2399 3988 2470 ἐμαρτύρη-

2407 2513 2520 2548 σεν.

2478 2579 2646 2647 Οὗτος
2672 2587 2701 2638 ό
2739 2586 2804 2656 μέ
2820 2603 2908 2651 ιυνς
2933 2583 3186 2652 βασιλεὺς
3216 2584 3320 2637 ὑπὸ
3371 2585 3673 2652 φιλοσόφων
3719 2583 3989 2651 Ἑλλήνων

2407 2678 2796 2747 ὀνειδιζόμενος
2819 2677 2892 2739 ὡς
2913 2676 3251 2746 νεωτερίζων
3281 2676 3378 2746 τὴν
3401 2676 3719 2746 θρησκείαν,
3753 2675 3848 2727 ἕνα
3876 2674 3989 2726 τῶν

2411 2770 2713 2839 φιλοσόφων
2746 2768 2922 2820 αὐτῶν
2951 2768 3256 2837 παρέστησε
3282 2767 3621 2836 διαλεχθῆναι
3656 2765 3993 2835 Ἀλεξάνδρῳ

2411 2857 2488 2926 τῷ
2535 2857 2970 2927 ὲπισκόπῳπερὶ
2994 2858 3089 2925 τῆς
3131 2857 3392 2918 πίστεως.
3439 2858 3498 2908 '0
3529 2857 3583 2908 δὲ
3639 2855 3995 2925 Ἀλέξανδρος

2413 2947 2559 3011 θεῖος
2584 2948 2681 3017 μὲν
2712 2945 2777 3017 ἦν
2801 2948 2960 3017 ἀνὴρ,
2985 2947 3156 3015 λόγων
3179 2947 3234 3000 δὲ
3260 2949 3502 3014 ἄπειρος.
3541 2947 3630 3009 Ὠς
3653 2946 3744 2999 οὖν
3762 2943 3869 2999 εἶδε
3899 2946 3995 2998 τον

2414 3041 2699 3107 φιλόσοφον
2716 3040 3186 3105 γλωσσαλγοῦντα,
3205 3041 3328 3109 ἔφη·
3366 3041 3670 3093 Ἐπιτάττω
3691 3057 3770 3091 σοι
3795 3042 3850 3091 ἐν
3873 3039 3995 3091 ὀνό-

733 3131 956 3184 nomine
1010 3129 1139 3183 ἀνευ
1198 3130 1429 3188 Christi,
1465 3131 1576 3181 veri
1626 3129 1745 3192 Dei,
1792 3138 1849 3182 ut
1917 3132 2083 3186 sileas
2135 3149 2379 3224 nequeo

2337 3167 2379 3224 ο
2422 3148 2551 3198 ματι
2580 3129 2753 3196 Ἰησοῦ
2781 3129 3016 3200 Χριστοῦ
3035 3129 3126 3182 τοῦ
3151 3129 3405 3197 ἀληθινοῦ
3440 3129 3574 3181 Θεοῦ
3600 3131 3755 3199 ἡμῶν
3782 3132 3999 3199 σιωπᾷ-ι

733 3221 998 3289 loquaris.
1035 3222 1228 3274 Adhuc
1265 3220 1431 3291 599
1458 3237 1518 3274 ea
1556 3220 1868 3274 Alexandro
1921 3223 2138 3276 dicente
2192 3225 2310 3292 phi-

735 3314 1000 3381 loSopbus
1057 3315 1334 3365 obmutuit
1397 3315 1736 3382 verbumque
1808 3313 1987 3367 facere
2047 3317 2312 3382 nequivit.

737 3403 812 3458 Ea
847 3412 1174 3470 tempestate
1202 3405 1254 3457 in
1290 3403 1587 3472 Campania
1642 3403 1810 3457 urbes
1849 3403 1917 3458 15
1949 3412 2110 3457 terrae
2163 3414 2309 3460 motu

741 3507 1032 3567 prostratae
1064 3504 1569 3565 sunt;,tantusque
1617 3495 1720 3549 fuit
1773 3496 1906 3549 solis
1957 3495 2203 3552 defectus
2259 3505 2318 3550 ut

740 3591 968 3644 meridie
1033 3590 1206 3643 stellae
1236 3590 1576 3643 viderentur.
1618 3590 1683 3643 Et
1718 3589 1771 3642 in
1822 3589 2073 3644 Melitena
2136 3591 2317 3645 omnis

739 3683 960 3752 generis
1053 3696 1261 3750 angues
1341 3680 1705 3744 exstiterunt,
1776 3683 1868 3750 qui
1944 3697 2003 3736 se
2083 3683 2318 3736 invicem

744 3775 1037 3844 pugnando
1105 3782 1480 3836 necaverunt,
1543 3791 1609 3830 ex
1664 3774 1844 3842 iisque
1909 3775 2090 3844 gravis
2146 3791 2209 3830 ea
2266 3777 2321 3830 in

743 3869 971 3937 regione
993 3875 1075 3920 est
1105 3867 1331 3920 obortus
1360 3866 1519 3921 fetor.
1564 3865 1783 3920 Iudaeos
1834 3882 2050 3935 quoque
2103 3882 2323 3920 rursum

746 3959 1166 4023 tumultuantes,
1193 3975 1255 4014 ac
1277 3959 1542 4027 templum
1566 3957 1841 4012 mdiﬁcare
1869 3966 2154 4024 conantes,
2186 3959 2328 4014 Cort-

746 4053 1030 4106 stantinus
1061 4051 1211 4105 ultus
1238 4061 1340 4112 est,
1375 4059 1538 4116 atque
1580 4048 1866 4118 dispersit.

824 4143 988 4196 Beata
1046 4151 1228 4195 autem
1289 4139 1501 4213 Helena
1540 4137 1934 4210 Hierosolymis
1981 4139 2202 4194 domum
2243 4156 2331 4196 re-

751 4251 932 4298 versa,
970 4252 1093 4289 cum
1135 4237 1243 4288 [ilio
1271 4235 1441 4288 multa
1478 4234 1545 4287 tle
1574 4231 1892 4286 Christiana
1925 4232 2119 4301 pietate
2163 4250 2328 4287 man-

754 4331 958 4390 dasset,
996 4327 1162 4378 vitam
1195 4324 1337 4377 finiit
1366 4338 1511 4376 anno
1541 4323 1720 4376 aetatis
1747 4322 1816 4376 80
1842 4339 1857 4388 ;
1894 4323 2218 4392 sepultaque
2247 4332 2333 4378 est

755 4420 809 4472 in
849 4417 1050 4486 templo
1071 4415 1479 4484 Apostolorum.
1519 4414 1678 4467 Beata
1712 4412 1814 4466 ista
1845 4413 2042 4465 mulier
2079 4414 2336 4468 omnibus

757 4518 952 4561 ornata
979 4505 1306 4567 virtutibus,
1342 4503 1552 4557 Christi
1588 4501 1900 4555 imitatione
1951 4503 2118 4556 etiam
2163 4503 2331 4557 animi
2365 4499 2410 4553 D

2288 4503 2331 4557 ni
2365 4499 2410 4553 ι)
2436 4489 2648 4551 Πάσαις
2680 4489 2860 4540 τοίνυν
2890 4491 2922 4556 ἡ
2953 4489 3199 4559 μακαρία
3227 4489 3446 4555 ἀρεταῖς
3476 4493 3865 4560 κεκοσμημένη
3901 4489 3965 4561 εἷς

755 4598 1090 4652 demissione
1121 4612 1215 4650 usa
1239 4604 1324 4649 est
1356 4610 1483 4648 cum
1517 4608 1645 4664 erga
1695 4609 1886 4648 omnes
1921 4593 2176 4649 homines
2219 4606 2334 4649 tum

758 4691 993 4744 maxime
1019 4704 1114 4743 eos
1143 4687 1236 4755 qui
1292 4685 1593 4739 solitariam
1638 4685 1804 4737 vitam
1837 4693 2026 4753 agunt.
2059 4683 2192 4738 Nam
2227 4687 2340 4739 vir-

759 4782 911 4846 gines
941 4795 1140 4849 cogens
1181 4785 1235 4832 et
1269 4780 1321 4829 in
1355 4777 1493 4829 toris
1546 4774 1847 4840 collucans,
1879 4775 1994 4842 ipsa
2023 4776 2103 4829 eis
2131 4777 2342 4830 ancillae

760 4874 815 4926 in
872 4886 1077 4924 morum
1136 4867 1503 4931 ministrabat,
1556 4867 1710 4922 cibos
1755 4881 2034 4936 apponens
2067 4877 2119 4920 et
2150 4867 2342 4935 pocula

761 4965 1048 5033 porrigens
1081 4961 1444 5027 manibusque
1480 4974 1667 5013 earum
1696 4973 1892 5026 aquam
1922 4957 2232 5011 aﬂ'undens.
2258 4957 2336 5010 Ita

759 5067 815 5109 et
839 5056 1096 5125 inclytum
1126 5067 1282 5106 suum
1314 5051 1481 5104 lilium
1513 5047 1853 5110 instituebat,
1886 5046 1962 5100 uti
1998 5045 2141 5100 fastu
2178 5061 2339 5100 vaca-

763 5155 847 5201 ret
898 5147 1198 5215 virtutique
1255 5153 1449 5198 exacte
1478 5138 1739 5194 laudabili
1775 5137 2040 5201 studeret,
2082 5136 2338 5190 Domino-

765 5254 874 5306 que
901 5254 1023 5290 cum
1058 5249 1200 5292 metu
1241 5245 1296 5290 et
1327 5244 1563 5288 tremore
1594 5231 1846 5286 serviret.
1869 5231 2043 5299 Atque
2068 5230 2114 5283 is
2149 5229 2338 5282 matris

769 5329 1058 5400 praeceptis
1089 5336 1344 5382 accurate
1393 5336 1591 5394 parens
1625 5321 1938 5390 centuplum
1971 5321 2201 5389 protulit
2227 5318 2341 5373 fru-

766 5433 938 5478 ctum.

2418 3224 2510 3276 καὶ
2532 3224 2605 3292 μὴ
2625 3220 2957 3290 φθέγγεσθαι
3002 3223 3110 3274 Καὶ
3125 3222 3241 3287 ἅμα
3256 3221 3491 3290 τῷλόγῳ
3515 3220 3765 3289 ἐφιμώθη
3789 3223 3880 3273 καὶ
3901 3221 3999 3286 γέ-

2419 3332 2573 3383 γονεν
2587 3315 2797 3376 ἄλαλος.
2821 3314 2953 3366 Τότε
2979 3314 3060 3384 [Ρ.
3081 3313 3210 3382 2851
3237 3313 3456 3380 σεισμὸς
3477 3313 3667 3380 γέγονε
3685 3313 4002 3374 τηλικοῦτος

2422 3409 2478 3460 ἐν
2501 3407 2805 3478 Καμπανίᾳ
2825 3406 2900 3469 ὡς
2933 3404 2999 3474 ιγ’
3036 3405 3217 3468 πόλεις
3249 3410 3456 3466 πεσεῖν,
3479 3409 3572 3459 καὶ
3596 3407 3742 3472 ἡλίου
3764 3406 4000 3474 ἕκλειῷις

2420 3498 2644 3568 τοιαύτη
2665 3498 2738 3561 ὼς
2757 3497 2992 3565 ἀστέρας
3011 3497 3244 3565 φανῆναι
3273 3499 3327 3548 ἐν
3344 3497 3544 3566 ἡμέρα.
3563 3497 3696 3548 Τότε
3717 3498 3809 3548 καὶ
3827 3497 4004 3564 όφεων

2423 3593 2673 3644 παντοῖον
2707 3590 2864 3657 γένος
2919 3592 3009 3642 ἐπὶ
3065 3591 3162 3658 τὴν
3203 3590 3507 3659 Μελιτηνὴν
3529 3594 3761 3658 φανῆναι
3784 3606 3795 3618 ’
3830 3592 3878 3642 οἳ
3910 3593 4002 3642 καὶ

2425 3681 2800 3751 μαχεσάμενοι
2823 3681 3176 3733 κατέκτειναν
3198 3679 3444 3741 ἐαυτους,
3481 3680 3555 3740 ὼς
3585 3680 3677 3731 καὶ
3695 3679 3790 3746 τὴν
3819 3677 4004 3748 χώραν

2426 3771 2706 3836 ἐποζέσαι.
2737 3773 2847 3827 Καὶ
2897 3772 3183 3832 Ἰουδαίους
3245 3772 3374 3840 περὶ
3419 3771 3518 3834 τὴν
3571 3770 3855 3837 οἰκοδομὴν
3909 3769 4003 3821 τοῦ

2428 3865 2556 3919 ναοῦ
2616 3864 2778 3918 πάλιν
2834 3863 3241 3926 ζστασιάζοντας
3295 3864 3703 3924 Κωνσταντῖνος
3755 3863 3780 3913 ό
3812 3863 4008 3928 Μέγας

2428 3956 2882 4026 τιμωρησάμενος
2907 3955 3310 4023 διεσκόρπισεν.

2517 4129 2582 4182 Ἦ
2611 4129 2667 4181 δὲ
2700 4130 2946 4200 μακαρία
3010 4131 3192 4198 Ἑλένη
3243 4132 3298 4196 ἐξ
3351 4131 3738 4200 Ἰεροσολύμων
3779 4133 4008 4184 instas).-

2435 4218 2623 4280 θοῦσα,
2644 4221 2739 4273 καὶ
2762 4221 2931 4273 πολλά
2962 4221 3039 4291 τῷ
3075 4221 3176 4289 υίῷ
3205 4222 3376 4289 αὐτῆς
3408 4223 3502 4276 καί
3528 4221 3741 4290 βασιλεῖ
3769 4228 3887 4293 περὶ
3915 4227 4014 4288 τῆς

2438 4311 2517 4373 είς
2536 4309 2769 4379 Χριστὸν
2802 4311 3038 4372 πίστεως
3073 4310 3448 4379 ἐντειλαμένη,
3499 4313 3850 4380 ἐτελεύτησεν
3878 4315 4014 4365 ἐτῶν

2439 4399 2515 4463 π’,
2548 4402 2640 4453 καὶ
2672 4402 2843 4471 ἐτάφη
2878 4402 2936 4453 ἐν
2985 4403 3064 4472 τῷ
3100 4402 3213 4471 ναῷ
3257 4402 3364 4454 τῶν
3407 4404 3603 4468 Ἀγίων
3646 4406 4014 4457 Ἀποστό>.ων.

3901 4509 4015 4561 ειλε

2437 4583 2530 4633 καὶ
2553 4582 2651 4650 τὴν
2672 4580 3102 4650 χριστομίμητον
3126 4580 3627 4650 ταπεινοφροσύνην
3644 4585 3777 4650 πρὸς
3805 4584 4018 4648 πάντας

2442 4673 2560 4742 μὲν,
2588 4673 2881 4741 ἐξαιρέτως
2907 4673 2962 4724 δὲ
2995 4672 3133 4743 πρὸς
3166 4674 3290 4733 τοὺς
3319 4674 3667 4741 μονάζοντας.
3702 4676 4017 4740 Συνάγουσα

2439 4764 2547 4833 γὰρ
2576 4763 2878 4830 παρθένους
2907 4764 3008 4816 καὶ
3037 4762 3130 4814 ἐπὶ
3159 4764 3421 4815 στιϐάδων
3452 4763 3853 4817 κατακλίνονται
3881 4769 4018 4838 uiti;

2439 4855 2518 4907 δι’
2579 4855 2779 4922 ἐαυτῆς
2804 4854 3201 4924 καθυπούργει,
3226 4854 3330 4922 ὄψα
3356 4855 3716 4924 παρατιθεῖσα
3739 4858 3830 4907 καὶ
3863 4859 4018 4909 κύλιο

2444 4963 2546 5007 κας
2569 4945 2834 5015 ὀρέγουσα
2863 4945 2956 4995 καὶ
2979 4944 3117 5013 ὕδωρ
3144 4945 3263 5004 ταῖς
3290 4959 3348 5012 χε
3361 4944 3477 5010 ρσὶν
3499 4943 3675 4995 αὐτῶν
3704 4943 4016 5010 ἐπιχέου-α,

2444 5035 2777 5105 θεραπαίνης
2811 5035 2970 5104 ἔργον
2994 5036 3252 5104 ἐπλήρου,
3287 5035 3441 5086 Οῦτω
3472 5034 3526 5087 δὲ
3561 5035 3653 5086 καὶ
3677 5035 3767 5086 τὶν
3791 5036 4021 5106 ἀείμνη-

2446 5145 2568 5181 στον
2597 5129 2710 5182 υίὸν
2740 5127 2910 5196 αὐτῆς
2940 5126 3324 5190 ἐξεπαίδευσεν
3352 5128 3552 5196 ἄτυφον
3577 5125 3721 5195 ἔχειν
3748 5128 4021 5196 φρόνημα,

2448 5221 2648 5292 ἀρετῆς
2695 5221 2788 5272 καὶ
2836 5219 3111 5280 πολιτείας
3145 5217 3406 5288 ἀκριϐοῦς
3457 5217 3856 5285 ἐπιμελεῖσθαι,
3903 5219 4024 5270 δου-

2445 5313 2621 5367 λεύειν
2661 5313 2716 5366 δὲ
2745 5313 2819 5381 τῷ
2863 5311 3050 5380 Κυρίῳ
3105 5311 3240 5380 μετὰ
3313 5310 3477 5377 φόϐου
3521 5311 3614 5361 καὶ
3652 5310 3854 5378 τρόμου
3883 5323 3898 5338 °
3970 5312 4027 5373 ὃς

2451 5404 2735 5473 φυλάττων
2773 5401 3013 5470 ἀκριϐῶς
3047 5401 3146 5465 τὰς
3195 5401 3366 5470 αὐτῆς
3406 5400 3626 5461 ἐντολὰς
3660 5402 4028 5472 ἐκαρποφόρει

2452 5493 2982 5555 ἐκατονταπλασίως.

1923 5606 2272 5664 XYLANDRI
2300 5605 2386 5661 ET
2425 5603 2635 5660 GOARI
2665 5601 2900 5658 NOTzE.

853 5707 962 5772 (86)
997 5705 1272 5772 Xylaniler
1296 5705 1566 5770 copiarum
1589 5703 1826 5772 prmfecli
1853 5704 2033 5757 vertit.
2067 5699 2352 5767 Quarum?

778 5768 1002 5835 Rectius
1049 5768 1317 5840 'dixissct,
1349 5768 1807 5830 cwlestis'militiw
1838 5774 2111 5841 principis,
2157 5773 2207 5828 id
2257 5779 2340 5828 cst

2461 5697 2743 5751 Michaelis
2769 5693 3105 5764 archangeli.
3133 5692 3426 5765 Antiquam
3460 5691 3653 5747 exinde
3687 5710 3809 5765 crga
3843 5698 4032 5755 beatos

2450 5769 2675 5839 spiritus
2711 5762 3053 5823 devotionem
3084 5762 3298 5834 collige.
3331 5762 3503 5818 Goau.
