4248 6456
271 437 380 500 545

1372 437 1918 498 HISTORIARUM
1959 437 2487 498 COMPENDIUM.

3430 440 3536 506 546

342 549 439 622 Τῷ
489 553 538 602 κ’
590 547 708 602 ἔτει
766 546 992 618 γέγονεν
1039 547 1074 618 ἡ
1147 546 1279 616 ἁγία
1329 549 1425 601 καὶ
1497 548 1854 617 οἱκουμενικὴ
1884 555 1930 610 Α

1884 555 1930 610 Α
2026 549 2186 602 Anno
2223 547 2570 603 Constantini
2603 547 2865 604 vicesimo
2896 557 3151 605 sanctum
3185 550 3536 622 primumque

269 645 462 713 πρώτη
504 642 725 704 σύνοδος
760 641 818 694 ἐν
857 639 1083 710 Νικαίᾳ,
1134 639 1499 694 συνελθόντων
1535 641 1643 692 τῶν
1683 638 1855 705 ἁγίων

271 737 372 804 τιη¹
409 737 692 805 Πατέρων.
715 729 822 798 Ἦς
853 735 1084 804 ἡγοῦντο
1118 733 1441 800 Σιλϐέστρου
1463 731 1856 800 πάπαῬώμης

271 830 672 900 τοποτηρηταὶ,
731 829 906 881 Βίτων
957 829 1052 880 καὶ
1107 826 1404 879 Βικεντίων
1467 824 1852 896 πρεσϐύτεροι,

270 922 643 990 Μητροφάνης
675 919 768 973 τοῦ
805 918 1123 984 Βυζαντίου,
1171 919 1521 981 Ἀλέξανδρος
1594 917 1853 981 Ἀλεξαν-

267 1015 475 1084 δρείας,
511 1013 810 1076 Εὐστάθιος
851 1010 1206 1081 Ἀντιοχείας,
1241 1012 1523 1078 Μακάριος
1557 1008 1852 1079 Ἰεροσολύ-

269 1125 409 1176 μων,
473 1107 614 1160 κατά
677 1105 892 1176 Ἀρείου
949 1103 1321 1174 πρεσϐυτέρου
1348 1118 1634 1169 γεγονοτος
1686 1101 1827 1164 Λλεξ

265 1201 536 1269 ανδρείας,
595 1196 1045 1268 βλασφημοῦντος
1095 1197 1186 1250 τὸν
1225 1196 1359 1248 Θεὸν
1425 1196 1598 1261 Λόγον
1647 1195 1854 1264 κτίσμα

267 1292 364 1345 καὶ
419 1289 758 1359 ἐτεροούσιον
803 1289 898 1342 τοῦ
967 1289 1202 1359 Πατρός,
1269 1288 1364 1340 καὶ
1393 1288 1475 1339 ὅτι
1502 1280 1569 1354 ἦν
1607 1302 1735 1337 ποτε
1765 1287 1852 1337 ὅτε

264 1389 364 1436 ουκ
395 1378 463 1454 ἦν
499 1382 811 1446 δοξάζοντος
888 1381 984 1434 Ὃν
1030 1378 1335 1432 καθελοῦσα
1361 1377 1723 1447 ἀνθεμάτισε
1758 1378 1853 1430 σὺν

263 1476 376 1538 τοῖς
411 1475 711 1545 όμόφροσιν
736 1491 925 1535 αυτου,
947 1473 1038 1525 τὸν
1060 1471 1117 1524 δὲ
1147 1470 1274 1523 Υίον
1296 1469 1579 1538 όμοούσιον
1597 1469 1692 1522 καὶ
1725 1486 1823 1520 συν

264 1565 498 1634 άναρχον
557 1562 668 1635 (87)
731 1562 808 1616 τῶ
851 1563 1024 1633 Πατρδ
1106 1561 1197 1614 καὶ
1264 1561 1395 1613 Θεὸν
1452 1558 1706 1628 ἀληθινὸν
1757 1557 1851 1612 καὶ

267 1657 509 1726 Κτίστην
547 1657 772 1710 πάντων
828 1655 1150 1724 ἐδογμάτισε
1242 1654 1396 1706 Μετὰ
1447 1669 1576 1719 γουν
1619 1651 1677 1704 τὸ
1731 1669 1852 1702 συν-

263 1747 622 1816 αθροισθῆναι
650 1746 856 1807 πάντας
895 1747 1022 1808 τοὺς
1059 1743 1321 1815 ῥηθέντας
1347 1739 1449 1812 τιη¹
1496 1741 1747 1812 Πατέρας
1793 1743 1851 1794 ἐν

261 1836 471 1906 Νικαία
517 1835 800 1905 δημοσίοις
837 1835 1133 1904 ὀχήμασιν,
1166 1833 1392 1901 ἀφίκετο
1421 1834 1515 1886 καὶ
1543 1835 1571 1884 6
1596 1831 1849 1899 βασιλεὺς

260 1927 551 1996 ἐφιέμενος
578 1927 709 1979 ἰδεῖν
740 1927 838 1996 τὴν
870 1925 1083 1995 πληθὺν
1111 1925 1222 1977 τῶν
1267 1925 1589 1996 ἀρχιερέων.
1621 1924 1729 1977 Καὶ
1781 1923 1844 1995 δὴ

260 2011 412 2069 οἷκον
479 2017 736 2085 μέγιστον
791 2019 849 2070 ἐν
892 2020 1007 2080 τοῖς
1055 2016 1347 2088 βασιλείοις
1424 2017 1846 2079 κατασκευάσας

262 2109 490 2179 θρόνους
541 2111 773 2172 πολλοὺς
827 2111 885 2163 ἐν
938 2109 1092 2180 αὐτῷ
1125 2109 1347 2179 τεθῆναι
1399 2107 1720 2179 προσέταξε,
1752 2108 1846 2159 καὶ

262 2200 441 2264 οὕτως
477 2201 742 2254 εἰσελθεῖν
774 2201 902 2264 τοὺς
931 2202 1208 2272 ἀρχιερεῖς
1234 2199 1552 2270 ἐπέτρεψεν.
1577 2199 1846 2268 Ἔσχατος

262 2294 320 2347 δὲ
365 2295 462 2347 σὺν
495 2295 704 2362 ὀλίγοις
727 2294 987 2347 εἰσελθὼν
1016 2297 1110 2347 καὶ
1137 2294 1318 2356 αὐτὸς,
1351 2294 1447 2345 καὶ
1494 2292 1624 2352 στὰς
1656 2292 1715 2344 ἐν
1767 2291 1844 2362 τῷ

264 2386 436 2456 μέσῳ,
490 2387 866 2456 προετρέψατο
914 2386 1124 2448 πάντας
1192 2384 1431 2439 καθίσαι.
1483 2379 1614 2436 Εἶτα
1655 2383 1844 2452 θρόνου

265 2477 468 2548 μικροῦ
522 2478 772 2540 τεθέντος
842 2476 1155 2540 κελευσθεὶς
1214 2476 1307 2529 ὐπ’
1365 2476 1544 2529 αὐτῶν
1590 2474 1845 2528 ἐκάθισεν

261 2565 488 2636 ἔσχατος
513 2565 766 2618 πάντων·
795 2565 1036 2636 τοσαύτη
1086 2583 1172 2628 τις
1219 2564 1480 2618 εὐλάϐεια
1528 2564 1626 2616 καὶ
1679 2562 1845 2626 αἰδὼς

260 2655 371 2708 τῶν
408 2656 621 2727 ἀνδρῶν
646 2661 868 2728 κατεῖχε
894 2660 988 2710 τὸν
1019 2657 1265 2728 βασιλέα.
1301 2658 1412 2710 Καὶ
1466 2657 1515 2709 οί
1577 2657 1675 2726 μέν
1730 2659 1844 2720 τοῖς

264 2751 452 2804 ἄνθεσι
489 2752 598 2805 τῶν
620 2754 914 2822 ἐγκωμίων
941 2754 1038 2825 τὴν
1059 2753 1303 2823 κεφαλὴν
1359 2753 1526 2806 αὐτοῦ
1569 2753 1846 2821 στεφανώ-

265 2859 456 2906 σαντες
477 2843 576 2914 τὴν
607 2844 733 2914 περὶ
769 2845 838 2898 τὰ
883 2845 1000 2898 θεία
1029 2845 1111 2917 [Ρ.
1136 2844 1264 2917 286]
1314 2845 1546 2916 σπουδὴν
1575 2847 1848 2914 εὐλογίαις

266 2935 569 3003 ἠμείψαντο
597 2955 611 2968 ο
662 2940 689 2990 6
721 2938 779 2991 δὲ
811 2940 936 3002 τοὺς
959 2939 1086 3009 περὶ
1131 2943 1231 3007 της
1277 2939 1532 3008 ὁμονοίας
1555 2940 1648 2990 καὶ
1709 2955 1848 3007 συμ-

266 3027 473 3089 ςωνίας
505 3028 872 3096 προσαγαγὼν
903 3029 1096 3095 λόγους
1143 3027 1371 3092 πολλοὺς
1411 3030 1508 3098 μὲν
1553 3029 1844 3096 ἐφιλοφρο-

265 3118 467 3186 νήσατο
495 3122 588 3170 καὶ
615 3120 793 3187 λόγοις
838 3121 935 3174 καὶ
957 3121 1172 3188 δώροις,
1207 3121 1409 3183 πολλάς
1457 3121 1514 3174 δὲ
1589 3121 1846 3183 στιϐάδας

266 3210 579 3278 προστάξας
639 3213 1065 3283 εὐτρεπισθῆναι
1129 3215 1222 3266 ἐπὶ
1302 3213 1365 3266 τὸ
1453 3212 1585 3266 αὐτὸ
1638 3212 1846 3277 πάντας
1875 3253 1918 3310 C

267 3302 508 3365 ἑστίασε,
572 3303 700 3364 τοὺς
747 3303 848 3372 μὲν
909 3303 1370 3374 ἀξιολογωτέρους
1436 3304 1848 3373 ὁμοτραπέζους

266 3391 469 3457 λαϐὼν,
514 3393 642 3456 τοὺς
687 3393 745 3446 δὲ
805 3395 1027 3458 λοιποὺς
1086 3396 1165 3458 εἰς
1220 3396 1318 3460 τὰς
1359 3396 1527 3458 ἄλλας
1563 3397 1848 3465 τραπέζας

265 3485 446 3537 διεῖλε.
479 3485 828 3554 Θεασάμενος
863 3486 919 3539 δέ
950 3505 1101 3551 τινας
1125 3488 1252 3550 τοὺς
1288 3487 1496 3550 δεξιοὺς
1525 3487 1842 3556 ὀφθαλμοὺς

271 3573 738 3640 εκκεκομμένους,
779 3574 875 3625 καὶ
924 3575 1113 3643 μαθὼν
1167 3575 1241 3638 ὡς
1297 3576 1400 3628 ὐπὸ
1446 3577 1838 3645 Διοκλητιανοῦ

269 3661 361 3712 καὶ
417 3663 765 3731 λιαξιμιανοῦ
820 3665 908 3717 διὰ
961 3667 1058 3733 τὴν
1130 3668 1211 3728 εἰς
1270 3666 1506 3735 Χρστὶιν
1554 3668 1847 3736 ὁμολογίαν

267 3751 425 3804 τοῦτο
451 3754 772 3817 πεπόνθασι,
807 3756 876 3808 τὰ
907 3756 1059 3827 χείλη
1088 3760 1202 3819 τοῖς
1241 3759 1521 3828 τραύμασι
1573 3760 1848 3828 προσενή-

269 3861 386 3914 -ιοχε
414 3846 925 3916 κατασπαζόμενος,
955 3849 1209 3901 ἐλκύσειν
1243 3851 1452 3901 ἐκεῖθεν
1487 3851 1735 3918 εὐλογίαν
1769 3851 1846 3922 τῷ

271 3937 536 4006 φιλήματι
560 3939 870 3992 πιστεύων·
942 3939 1113 4003 οὕτως
1160 3936 1228 4011 ἦν
1271 3943 1299 3994 ό
1351 3941 1651 4011 θαυμάσιον
1706 3944 1846 4015 ἀνὴρ

269 4030 473 4092 ἐκεῖνος
527 4029 784 4101 εὐλαϐείᾳ
837 4030 933 4083 καὶ
987 4032 1171 4085 πίστει
1234 4033 1334 4086 καὶ
1407 4036 1842 4106 μετριοφροσύνῃ

268 4119 778 4189 λελάμπρυσμένος.
818 4123 896 4193 Τῇ
925 4123 982 4176 δέ
1017 4125 1282 4194 ἐπαύριον
1309 4127 1602 4179 ἐπίσκοποι
1645 4130 1844 4192 πάντες

268 4210 362 4262 καὶ
384 4211 412 4261 6
447 4210 700 4278 βασιλεὺς
724 4215 802 4275 εἰς
820 4214 917 4266 ἕνα
947 4215 1110 4267 τόπον
1136 4216 1481 4278 συνελθόντες
1509 4217 1731 4270 καλοῦσι
1753 4218 1845 4272 τὸν

272 4301 490 4370 Ἀρειον
527 4302 624 4356 σὺν
666 4306 779 4366 τοῖς
803 4305 1101 4376 όμόφροσιν
1123 4308 1288 4360 αὐτοῦ
1314 4309 1393 4369 εἰς
1448 4309 1548 4376 τὴν
1602 4309 1839 4377 σύνοδον,

269 4390 660 4461 ἐπιτρέποντες
693 4394 842 4463 αὐτῷ
869 4398 1128 4466 συστῆναι
1157 4400 1269 4457 τοῖς
1306 4396 1528 4460 οἰκείοις
1556 4399 1840 4468 δόγμασιν.

270 4478 376 4534 Ἦν
396 4483 453 4536 δὲ
498 4484 568 4536 τά
593 4485 842 4555 δόγματα
877 4487 970 4540 τοῦ
1022 4488 1252 4552 ἀσεϐοῦς
1283 4492 1378 4543 καὶ
1405 4495 1840 4562 τρισκαταράτου

1956 642 2358 697 mcuinenicum
2408 642 2704 697 concilium
2757 639 2947 696 Nicae
2998 652 3179 697 actum
3226 641 3348 708 fuit,
3399 659 3538 701 con-

1955 734 2197 803 gregatis
2223 747 2287 787 eo
2309 733 2412 788 5l8
2435 733 2640 789 sanctis
2665 731 2944 787 Patribus.
2977 733 3319 788 Praefuerunt
3342 736 3389 788 ei
3425 735 3537 789 Sil-

1957 827 2119 879 vesiri
2152 824 2383 878 Romani
2406 841 2555 893 papa:
2574 827 2752 880 locum
2775 833 3025 880 tenentes
3041 826 3198 881 Viton
3227 838 3280 880 et
3301 826 3536 881 Vincen-

1956 918 2067 972 tius
2127 917 2289 987 500
2344 919 2691 988 presbyteri,
2774 918 3160 988 Meimphanes
3244 919 3534 990 Byzantii,

1955 1008 2264 1062 Alexander
2337 1009 2717 1073 Alexandriae,
2798 1009 3121 1066 Eustathius
3206 1012 3531 1078 Antiochiae,

1958 1101 2104 1154 Maca
2170 1117 2232 1154 is
2297 1100 2694 1170 Hierosolyma:
2753 1103 3018 1170 episcopi.
3079 1104 3274 1157 Actum
3343 1114 3535 1158 contra

1955 1196 2167 1258 Arium,
2202 1195 2296 1263 qui
2319 1194 2676 1247 Alexandrea:
2716 1197 3004 1262 presbyter
3037 1195 3232 1262 fuerat,
3261 1196 3536 1264 impieque

1955 1286 2346 1355 pronuntiabat
2368 1285 2605 1340 Verbum
2628 1284 2718 1338 Dei
2749 1295 3058 1339 creaturam
3089 1302 3264 1356 neque
3287 1287 3533 1354 ejusdem

1956 1394 2077 1431 cum
2131 1378 2292 1432 Patre
2338 1378 2590 1431 essentize
2636 1394 2778 1441 esse,
2820 1395 2884 1432 ac
2922 1378 3092 1433 fuisse
3146 1388 3362 1447 tempus
3424 1395 3535 1448 quo

1956 1467 2188 1523 Verbrir
2224 1484 2332 1522 non
2370 1468 2550 1521 fuerit.
2587 1468 2722 1521 Eum
2754 1470 3045 1522 concilium
3088 1484 3212 1522 cum
3245 1471 3534 1522 sectatori-

1955 1561 2056 1615 bus
2087 1576 2206 1630 ejus
2240 1563 2612 1628 proscribens,
2641 1561 2885 1615 decrevit
2912 1560 3110 1614 Filium
3139 1576 3262 1616 esse
3282 1562 3533 1630 ejusdem

1953 1663 2077 1704 Cum
2116 1647 2276 1702 Patre
2321 1652 2573 1702 essentia»
2625 1651 2988 1717 similiterque
3023 1650 3294 1719 principio
3323 1665 3531 1715 carere,

1952 1750 2006 1794 et
2051 1757 2176 1796 esse
2217 1757 2404 1794 verum
2441 1741 2609 1796 Deum
2661 1749 2828 1808 atque
2874 1742 3113 1796 omnium
3163 1741 3532 1797 Conditorem.

1951 1835 2084 1889 Cum
2143 1833 2382 1889 Nicaeam
2430 1834 2534 1887 518
2594 1834 2684 1888 isti
2741 1833 2930 1889 Patres
2981 1834 3216 1903 publicis
3267 1835 3536 1891 vehiculis

1955 1925 2352 1994 pervenissent,
2409 1925 2600 1980 eodem
2631 1926 2795 1978 etiam
2854 1927 3149 1996 imperator
3182 1941 3242 1980 se
3275 1927 3534 1991 contulit,

1955 2018 2180 2086 cupiens
2205 2017 2389 2070 videre
2413 2031 2532 2070 eam
2563 2031 2901 2070 summorum
2941 2017 3258 2085 pontiﬁcum
3291 2018 3535 2071 multitu-

1952 2108 2159 2162 dinem.
2191 2106 2416 2161 Domum
2450 2107 2505 2160 in
2541 2108 2686 2176 regia
2719 2108 3116 2176 amplissimam
3151 2109 3345 2177 positis
3381 2110 3534 2163 soliis

1952 2200 2210 2255 adornari
2246 2200 2412 2268 inque
2441 2215 2560 2254 eain
2607 2199 2798 2254 Patres
2849 2201 3148 2254 convenire
3186 2200 3379 2269 jussit.
3412 2201 3534 2270 ipse

1953 2309 2075 2348 cum
2118 2295 2308 2363 paucis
2352 2304 2664 2363 postremus
2718 2293 2963 2356 intravit,
3001 2295 3166 2362 inque
3194 2295 3373 2349 medio
3401 2292 3535 2348 asti-

1955 2386 2038 2451 tit,
2069 2399 2132 2440 ac
2162 2385 2451 2440 considere
2478 2387 2672 2440 Patres
2708 2387 3012 2450 mandavit,
3043 2386 3320 2456 jussuque
3340 2402 3530 2442 eorum

1953 2479 2125 2547 posita
2167 2478 2301 2532 sella
2346 2477 2572 2532 ultimus
2597 2479 2844 2531 omnium
2885 2479 3027 2532 sedit
3069 2496 3081 2510 ·
3117 2487 3330 2532 tantum
3357 2478 3531 2547 impe-

1952 2576 2103 2622 rator
2132 2567 2388 2622 Patribus
2419 2571 2739 2622 reverentia:
2769 2583 2832 2621 ac
2861 2569 3088 2624 honoris
3119 2568 3417 2626 deferebat.
3453 2568 3534 2624 Ac

1953 2656 2144 2711 Patres
2175 2656 2395 2725 quidem
2429 2655 2659 2712 ﬂoribus
2692 2658 3069 2712 laudationum
3103 2667 3268 2726 caput
3299 2660 3536 2727 impera-

1955 2749 2092 2803 toris
2125 2756 2476 2809 coronantes,
2503 2747 2698 2802 faustis
2721 2750 3254 2818 comprecationibus
3286 2752 3532 2806 studium

1953 2843 2072 2910 ejus
2107 2856 2288 2894 rerum
2347 2855 2570 2894 sacrum
2627 2849 3146 2908 compensaverunt.
3207 2841 3530 2912 Imperator,

1955 2932 2139 2986 habita
2191 2932 2463 2994 oratione,
2509 2945 2616 2998 qua
2651 2946 2748 2986 eos
2779 2932 2845 2985 ad
2876 2933 3228 2986 concordiam
3257 2943 3310 2988 et
3339 2934 3530 2987 unaui-v

1955 3023 2194 3073 mitatem
2249 3020 2656 3084 exhortaretur,
2713 3022 2920 3076 multos
2977 3023 3221 3090 ipsorum
3257 3024 3441 3077 verbis
3469 3038 3534 3077 ac

1955 3116 2277 3169 muneribus
2306 3123 2656 3184 prosecutus,
2700 3116 2903 3170 multos
2931 3125 3084 3170 toros
3135 3116 3317 3184 parari
3341 3115 3530 3184 jussit,

1956 3220 2253 3276 omnesque
2281 3210 2346 3260 ad
2376 3223 2543 3262 unum
2596 3209 2907 3262 convivium
2935 3209 3173 3273 vocavit,
3210 3208 3283 3261 ita
3315 3216 3371 3260 ut
3398 3223 3535 3276 prie-

1951 3302 2247 3355 stantiores
2281 3316 2393 3355 suae
2429 3315 2630 3354 mensa:
2677 3301 2985 3361 adhiberet,
3022 3301 3266 3369 reliquos
3296 3302 3350 3353 in
3377 3309 3534 3354 caste-

1951 3406 2044 3445 ras
2075 3405 2296 3446 mensas
2337 3390 2715 3445 distribueret.
2751 3389 2952 3444 Videns
2985 3400 3166 3444 autem
3200 3389 3532 3458 quibusdam

1948 3485 2168 3537 oculum
2199 3484 2455 3538 dextrum
2499 3499 2620 3539 esse
2659 3491 2902 3546 erutum,
2951 3483 3336 3552 accipiensqne
3369 3482 3526 3552 501

1949 3573 2000 3627 id
2041 3589 2194 3629 eosa
2244 3575 2584 3628 Diocletiano
2638 3583 2694 3628 et
2749 3574 3087 3627 Maxnniano
3142 3589 3336 3642 passos
3378 3576 3527 3643 quod

1948 3666 2228 3719 Christum
2282 3676 2470 3721 essent
2517 3667 2754 3721 confessi
2827 3669 3115 3721 cicatrices
3146 3683 3335 3721 eorum
3370 3667 3531 3721 labiis

1949 3758 2188 3811 admotis
2249 3759 2605 3812 deosculatus
2661 3767 2768 3820 est,
2819 3773 3048 3826 sperans
3083 3759 3289 3812 osculis
3321 3758 3446 3813 inde
3470 3773 3532 3812 se

1946 3849 2258 3904 felicitatem
2291 3851 2621 3903 hausturum
2651 3865 2666 3903 :
2697 3861 2909 3904 tantum
2940 3851 3045 3904 fuit
3080 3851 3134 3904 in
3161 3852 3266 3905 isto
3290 3851 3527 3917 impera-

1948 3951 2065 3996 tore.
2097 3943 2243 4004 ﬁdei,
2278 3943 2644 3997 observantiae
2694 3958 2822 4012 erga
2861 3955 3083 3998 sanetos
3122 3950 3175 3997 et
3225 3943 3525 3997 modestiae.

1949 4031 2223 4088 Postridie
2249 4035 2494 4105 episc0pi
2530 4035 2770 4088 universi
2800 4043 2854 4088 et
2889 4036 3192 4104 imperator
3243 4034 3298 4087 in
3355 4049 3525 4087 unum

1948 4123 2128 4178 locum
2183 4125 2397 4178 collecti
2454 4125 2644 4178 Arium
2707 4124 2774 4177 ad
2807 4140 2867 4178 se
2913 4133 3111 4179 vocant
3145 4125 3197 4177 in
3230 4123 3526 4178 concilium

1947 4235 2072 4273 cum
2106 4217 2222 4273 suis
2247 4219 2636 4283 sectatoribus,
2664 4218 2827 4286 eique
2857 4232 2988 4272 suas
3037 4216 3328 4285 opiniones
3372 4230 3496 4270 asse

1946 4313 2100 4368 rendi
2126 4319 2452 4381 potestatein
2497 4311 2724 4363 faetunt.
2762 4309 2888 4364 Hinc
2940 4323 3122 4364 autem
3154 4313 3330 4364 erant'
3371 4309 3524 4376 impii

1946 4415 2106 4475 atque
2133 4403 2456 4459 exsecrandi
2476 4402 2592 4456 Arii
2622 4402 2864 4457 decreta.
2897 4403 3038 4456 Deus
3060 4416 3168 4455 non
3194 4415 3407 4470 semper
3423 4400 3526 4454 fuit

1945 4495 2125 4562 Pater,
2144 4496 2238 4551 sed
2265 4495 2500 4548 luitcum
2519 4493 2659 4548 Deus
2678 4509 2783 4548 non
2797 4503 2938 4548 esset
2966 4491 3145 4547 Pater.
3162 4491 3279 4546 Non
3311 4505 3528 4559 semper

285 4575 492 4645 Ἀρείου
516 4578 714 4634 ταῦτα.
749 4581 863 4632 Οὐκ
885 4580 972 4632 ἀεὶ
1011 4581 1040 4632 ό
1079 4582 1210 4643 Θεὸς
1241 4583 1428 4652 Πατὴρ
1475 4579 1562 4654 ἢν,
1625 4585 1722 4638 ἀλλ
1777 4605 1844 4654 ην
1873 4591 1962 4651 Dl

1873 4591 1924 4651 D
1951 4591 2050 4644 l'uit
2092 4587 2331 4643 Verbum
2357 4587 2474 4652 Dei,
2525 4587 2615 4640 sed
2638 4602 2702 4639 ex
2734 4601 2798 4639 eo
2828 4584 2974 4653 quod
3014 4585 3150 4637 nihil
3185 4592 3324 4647 erat,
3364 4597 3524 4636 crea—

267 4669 353 4719 ὅτε
417 4666 551 4731 Θεὸς
595 4669 787 4740 Πατὴρ
851 4671 952 4724 οὐκ
1010 4667 1099 4741 ἦν.
1132 4674 1243 4725 Οὐκ
1272 4674 1359 4726 ἀεὶ
1407 4670 1476 4745 ἦν
1505 4677 1531 4727 6
1577 4674 1671 4727 τοῦ
1704 4677 1839 4729 Θεοῦ

270 4757 468 4824 Λόγος,
531 4758 646 4810 ἀλλ’
678 4760 738 4822 ἐξ
785 4761 886 4812 οὐκ
918 4761 1089 4813 ὄντων
1115 4761 1338 4829 γέγονεν
1371 4777 1386 4792 ⁶
1409 4766 1438 4815 ό
1482 4765 1586 4833 γὰρ
1617 4763 1690 4815 ὣν
1711 4764 1844 4827 Θεὸς

267 4848 356 4901 τὸν
382 4849 460 4919 μὴ
484 4849 615 4901 ὄντα
641 4850 705 4902 ἐκ
733 4849 827 4902 τοῦ
871 4851 946 4922 μὴ
977 4851 1129 4914 ὄντος
1153 4854 1442 4924 πεποίηκε.
1487 4857 1577 4908 Διὸ
1597 4852 1662 4923 ἦν
1713 4873 1844 4909 ποτε

268 4938 356 4990 ὅτε
408 4939 511 4991 οὐκ
551 4933 620 5010 ἦν
649 4957 661 4967 ·
719 4941 927 5011 κτίσμα
961 4941 1070 5013 γάρ
1123 4943 1357 4996 ἐστικαὶ
1400 4944 1612 5015 ποίημα
1647 4945 1841 5007 όΥἰός.

270 5030 402 5082 (Δύτε
427 5029 485 5084 δὲ
509 5031 696 5100 ὅμοιός
723 5034 872 5086 ἐστιν
897 5035 926 5085 6
951 5035 1076 5098 Υἱὸς
1110 5035 1188 5105 τῷ
1231 5036 1408 5106 Πατρὶ
1446 5040 1568 5090 κατ’
1623 5038 1838 5093 οὐσίαν.

269 5121 404 5176 Οῦτε
459 5124 523 5194 δὴ
589 5125 843 5195 ἀληθινὸς
904 5128 1002 5182 καὶ
1071 5129 1232 5198 φύσει
1288 5128 1383 5183 τοῦ
1418 5131 1634 5202 Πατρὸς
1672 5134 1846 5198 Λόγος

267 5218 438 5284 ἐστὶν,
490 5217 615 5270 οὔτε
667 5219 896 5289 ἀληθινὴ
952 5228 1113 5290 σοφία
1137 5223 1301 5276 αὐτοῦ
1357 5226 1506 5277 ἐστιν
1599 5226 1715 5277 ἀλλ’
1765 5221 1844 5289 εἷς

274 5308 371 5377 μὲν
406 5308 520 5364 τῶν
543 5312 868 5380 ποιημάτων
900 5313 994 5364 καὶ
1052 5315 1313 5383 γεννητός
1353 5316 1492 5380 ἐστι,
1565 5334 1844 5388 καταχρη-

273 5402 471 5465 στικῶς
491 5402 546 5456 δέ
578 5402 795 5471 λέγεται
827 5403 999 5472 Λόγος
1030 5407 1123 5458 καὶ
1173 5408 1357 5476 σοφία,
1409 5411 1698 5479 γενόμενος
1749 5412 1842 5463 καὶ

270 5494 426 5560 αὐτὰς
452 5494 528 5565 τῷ
556 5495 668 5567 ἰδίῳ
687 5496 781 5550 τοῦ
818 5495 955 5550 Θεοῦ
990 5499 1148 5569 Λόγῳ
1174 5500 1264 5554 καὶ
1297 5502 1353 5553 ἐν
1382 5501 1460 5571 τῷ
1483 5502 1602 5571 Θεῷ
1652 5503 1836 5572 σοφίᾳ,

1944 4688 2058 4733 tum
2078 4685 2162 4732 est
2187 4694 2202 4730 :
2223 4674 2367 4730 Deus
2385 4689 2529 4727 enim
2548 4674 2638 4742 qui
2657 4682 2794 4736 erat,
2817 4673 2863 4727 is
2882 4671 3049 4726 Deum
3073 4673 3165 4742 qui
3183 4687 3290 4726 non
3305 4680 3442 4735 erat,
3457 4687 3525 4724 ex

1945 4769 2120 4823 nihilo
2135 4767 2360 4821 creavit.
2381 4764 2856 4833 Aliquandoigitur
2868 4761 3103 4817 Verbum
3123 4778 3230 4815 non
3251 4761 3379 4815 fuit:
3398 4775 3523 4814 nam

1945 4859 2116 4913 Filius
2151 4866 2405 4912 creatura
2429 4865 2534 4920 est,
2568 4866 2621 4909 et
2651 4871 2737 4908 res
2761 4855 2976 4908 eil'ecta.
3002 4854 3188 4923 Neque
3218 4868 3346 4907 vero
3377 4853 3524 4922 quod

1945 4949 2011 5003 ad
2044 4947 2336 5002 essentiam
2370 4947 2584 5012 attinet,
2620 4945 2790 5001 Filius
2823 4944 2969 4998 Patri
3002 4945 3196 4999 similis
3245 4953 3368 5009 est;
3427 4958 3525 4997 ne-

1952 5057 2056 5109 que
2088 5041 2384 5110 genuinum
2413 5049 2467 5092 et
2499 5046 2709 5091 natura:
2755 5037 2998 5104 ejusdem
3031 5051 3154 5089 cum
3198 5034 3359 5088 Patre
3390 5033 3524 5087 Ver-

1953 5135 2080 5188 buin
2110 5141 2215 5200 est,
2259 5149 2438 5202 neque
2483 5146 2610 5184 vera
2644 5131 2765 5199 ejus
2802 5129 3091 5200 sapientia.
3147 5128 3253 5183 Sed
3285 5127 3521 5182 Verbum

1951 5234 2035 5281 est
2075 5226 2143 5280 de
2196 5240 2426 5279 numero
2454 5232 2838 5276 creaturarum
2889 5223 3130 5292 genitum
3165 5239 3179 5273 :
3222 5221 3525 5289 improprie

1952 5331 2133 5372 autem
2177 5315 2416 5370 Vcibum
2454 5325 2507 5370 et
2562 5316 2828 5385 sapientia
2888 5316 3114 5376 dicitur,
3171 5327 3294 5366 cum
3342 5327 3520 5382 ipsum

1949 5426 2169 5482 quoque
2194 5411 2473 5462 conditum
2512 5410 2582 5464 sit
2633 5426 2660 5461 :i
2711 5407 2936 5478 proprio
2989 5406 3088 5461 Dei
3124 5405 3300 5460 Verbo
3349 5413 3402 5459 et
3431 5420 3523 5459 sa—

1949 5505 2151 5574 pientia
2185 5516 2305 5570 qum
2342 5501 2396 5555 in
2449 5501 2558 5556 Deo
2596 5509 2698 5563 est,
2745 5515 2853 5570 qua
2891 5514 2923 5554 a
2957 5500 3066 5554 Deo
3097 5498 3280 5553 omnia
3308 5506 3360 5552 et
3395 5496 3526 5549 Ver-

1422 5689 1770 5746 XYLANDRI
1806 5689 1893 5744 ET
1925 5686 2132 5746 GOARI
2163 5685 2394 5741 ΝΟΤίΕ.

275 5797 450 5923 ,8387)
481 5798 562 5880 _An
599 5800 669 5852 ita
701 5798 894 5864 Filius.
936 5801 1079 5858 sicut
1104 5803 1264 5858 Pater
1292 5805 1545 5878 ἄναρχος,
1582 5822 1687 5860 non
1745 5809 1841 5870 ita,

395 5869 564 5923 Filius
596 5885 815 5923 uuoaue
868 5873 1122 5923 ἂναονος.
1171 5878 1300 5923 iiiiia
1342 5878 1465 5923 licet
1510 5879 1836 5923 nrineinium

395 5869 564 5926 Filius
596 5885 815 5943 quoque
868 5873 1123 5944 ἄναρχος,
1171 5878 1302 5944 quia
1341 5869 1465 5933 licet
1510 5869 1836 5945 principium

1953 5806 2207 5875 originis.
2246 5820 2352 5858 non
2382 5801 2645 5875 temporis
2688 5811 2866 5875 tame_n
2903 5807 2995 5852 aut
3022 5795 3318 5853 crcatiouis
3353 5812 3516 5867 agno.

1952 5870 2073 5932 scit.
2114 5875 2408 5944 Gregorius
2444 5872 2774 5943 Theologns.
2811 5870 2984 5926 Gesn.
