  <div class='ocr_page' id='page_1' title='image "/cluster/home/n/w/nwhite01/storage/ocr_20150623/121/nnc1.0046980032/281.png"; bbox 0 0 4248 6456; ppageno 0'>
   <div class='ocr_carea' id='block_1_1' title="bbox 734 349 838 412">
    <p class='ocr_par' dir='ltr' id='par_1_1' title="bbox 734 349 838 412">
     <span class='ocr_line' id='line_1_1' title="bbox 734 349 838 412; baseline 0.01 -1"><span class='ocrx_word' id='word_1_1' title='bbox 734 349 838 412; x_wconf 78' lang='grc'><strong>547</strong></span> 
     </span>
    </p>
   </div>
   <div class='ocr_carea' id='block_1_2' title="bbox 2031 360 2718 426">
    <p class='ocr_par' dir='ltr' id='par_1_2' title="bbox 2031 360 2718 426">
     <span class='ocr_line' id='line_1_2' title="bbox 2031 360 2718 426; baseline 0.01 -7"><span class='ocrx_word' id='word_1_2' title='bbox 2031 360 2353 420; x_wconf 79' lang='lat' dir='ltr'><strong>GEORGII</strong></span> <span class='ocrx_word' id='word_1_3' title='bbox 2385 363 2718 426; x_wconf 69' lang='lat' dir='ltr'><strong>CEDRENI</strong></span> 
     </span>
    </p>
   </div>
   <div class='ocr_carea' id='block_1_3' title="bbox 3898 391 4002 452">
    <p class='ocr_par' dir='ltr' id='par_1_3' title="bbox 3898 391 4002 452">
     <span class='ocr_line' id='line_1_3' title="bbox 3898 391 4002 452; baseline 0.029 -3"><span class='ocrx_word' id='word_1_4' title='bbox 3898 391 4002 452; x_wconf 63' lang='lat'><strong>5.48</strong></span> 
     </span>
    </p>
   </div>
   <div class='ocr_carea' id='block_1_4' title="bbox 733 463 2410 564">
    <p class='ocr_par' dir='ltr' id='par_1_4' title="bbox 733 463 2390 536">
     <span class='ocr_line' id='line_1_4' title="bbox 733 463 2390 536; baseline 0.004 -16"><span class='ocrx_word' id='word_1_5' title='bbox 733 468 863 520; x_wconf 91' lang='lat' dir='ltr'><strong>bum</strong></span> <span class='ocrx_word' id='word_1_6' title='bbox 900 479 1118 535; x_wconf 90' lang='lat' dir='ltr'><strong>quoque</strong></span> <span class='ocrx_word' id='word_1_7' title='bbox 1149 464 1328 535; x_wconf 85' lang='lat' dir='ltr'><strong>ipsum</strong></span> <span class='ocrx_word' id='word_1_8' title='bbox 1355 463 1499 521; x_wconf 80' lang='lat' dir='ltr'><strong>facta</strong></span> <span class='ocrx_word' id='word_1_9' title='bbox 1523 477 1670 524; x_wconf 87' lang='lat' dir='ltr'><strong>sunt.</strong></span> <span class='ocrx_word' id='word_1_10' title='bbox 1718 467 1844 524; x_wconf 91' lang='lat' dir='ltr'><strong>Ideo</strong></span> <span class='ocrx_word' id='word_1_11' title='bbox 1879 469 2114 526; x_wconf 80' lang='lat' dir='ltr'><strong>Verbum</strong></span> <span class='ocrx_word' id='word_1_12' title='bbox 2152 477 2313 528; x_wconf 87' lang='lat' dir='ltr'><strong>etiam</strong></span> <span class='ocrx_word' id='word_1_13' title='bbox 2349 490 2390 536; x_wconf 68' lang='grc' dir='ltr'><strong>Α</strong></span> 
     </span>
    </p>
   </div>
   <div class='ocr_carea' id='block_1_5' title="bbox 2332 463 4009 564">
    <p class='ocr_par' dir='ltr' id='par_1_5' title="bbox 2349 472 4009 564">
     <span class='ocr_line' id='line_1_5' title="bbox 2349 472 4009 564; baseline 0.016 -37"><span class='ocrx_word' id='word_1_14' title='bbox 2349 490 2390 536; x_wconf 71' lang='grc' dir='ltr'>Α</span> <span class='ocrx_word' id='word_1_15' title='bbox 2421 472 2534 551; x_wconf 76' lang='grc' dir='ltr'>ἐνῇ</span> <span class='ocrx_word' id='word_1_16' title='bbox 2568 480 2750 532; x_wconf 78' lang='grc' dir='ltr'>καὶτὰ</span> <span class='ocrx_word' id='word_1_17' title='bbox 2779 482 2958 536; x_wconf 77' lang='grc' dir='ltr'>πάντα</span> <span class='ocrx_word' id='word_1_18' title='bbox 2992 485 3086 537; x_wconf 75' lang='grc' dir='ltr'><strong>καὶ</strong></span> <span class='ocrx_word' id='word_1_19' title='bbox 3115 487 3278 541; x_wconf 83' lang='grc' dir='ltr'>αὐτὸν</span> <span class='ocrx_word' id='word_1_20' title='bbox 3313 493 3613 564; x_wconf 85' lang='grc' dir='ltr'>πεποίηκεν</span> <span class='ocrx_word' id='word_1_21' title='bbox 3648 497 3677 548; x_wconf 99' lang='lat'><strong>6</strong></span> <span class='ocrx_word' id='word_1_22' title='bbox 3736 499 3890 562; x_wconf 67' lang='grc' dir='ltr'>Θεὸς.</span> <span class='ocrx_word' id='word_1_23' title='bbox 3918 507 4009 554; x_wconf 52' lang='grc' dir='ltr'>Διί,</span> 
     </span>
    </p>
   </div>
   <div class='ocr_carea' id='block_1_6' title="bbox 737 557 2317 627">
    <p class='ocr_par' dir='ltr' id='par_1_6' title="bbox 737 557 2317 627">
     <span class='ocr_line' id='line_1_6' title="bbox 737 557 2317 627; baseline 0.008 -19"><span class='ocrx_word' id='word_1_24' title='bbox 737 557 996 611; x_wconf 88' lang='lat' dir='ltr'><strong>mutabile</strong></span> <span class='ocrx_word' id='word_1_25' title='bbox 1041 565 1124 611; x_wconf 91' lang='lat' dir='ltr'><strong>est</strong></span> <span class='ocrx_word' id='word_1_26' title='bbox 1175 571 1238 610; x_wconf 92' lang='lat' dir='ltr'><strong>ac</strong></span> <span class='ocrx_word' id='word_1_27' title='bbox 1279 567 1489 612; x_wconf 77' lang='lat' dir='ltr'><strong>natura:</strong></span> <span class='ocrx_word' id='word_1_28' title='bbox 1542 560 1866 627; x_wconf 87' lang='lat' dir='ltr'><strong>alterabilis,</strong></span> <span class='ocrx_word' id='word_1_29' title='bbox 1917 563 2083 618; x_wconf 78' lang='lat' dir='ltr'><strong>sicuti</strong></span> <span class='ocrx_word' id='word_1_30' title='bbox 2132 567 2317 621; x_wconf 89' lang='lat' dir='ltr'><strong>omnia</strong></span> 
     </span>
    </p>
   </div>
   <div class='ocr_carea' id='block_1_7' title="bbox 737 647 2313 720">
    <p class='ocr_par' dir='ltr' id='par_1_7' title="bbox 737 647 2313 720">
     <span class='ocr_line' id='line_1_7' title="bbox 737 647 2313 720; baseline 0.007 -19"><span class='ocrx_word' id='word_1_31' title='bbox 737 649 954 702; x_wconf 97' lang='lat' dir='ltr'><strong>ratione</strong></span> <span class='ocrx_word' id='word_1_32' title='bbox 1017 647 1281 718; x_wconf 64' lang='lat' dir='ltr'><strong>praedita;</strong></span> <span class='ocrx_word' id='word_1_33' title='bbox 1341 649 1693 720; x_wconf 87' lang='lat' dir='ltr'><strong>alienumque</strong></span> <span class='ocrx_word' id='word_1_34' title='bbox 1733 662 1819 708; x_wconf 89' lang='lat' dir='ltr'><strong>est</strong></span> <span class='ocrx_word' id='word_1_35' title='bbox 1885 652 2119 709; x_wconf 82' lang='lat' dir='ltr'><strong>Verbum</strong></span> <span class='ocrx_word' id='word_1_36' title='bbox 2153 673 2184 711; x_wconf 89' lang='lat' dir='ltr'><strong>a</strong></span> <span class='ocrx_word' id='word_1_37' title='bbox 2222 658 2313 712; x_wconf 86' lang='lat' dir='ltr'><strong>Dei</strong></span> 
     </span>
    </p>
   </div>
   <div class='ocr_carea' id='block_1_8' title="bbox 733 741 2317 818">
    <p class='ocr_par' dir='ltr' id='par_1_8' title="bbox 733 741 2317 818">
     <span class='ocr_line' id='line_1_8' title="bbox 733 741 2317 818; baseline 0.006 -23"><span class='ocrx_word' id='word_1_38' title='bbox 733 741 1063 804; x_wconf 87' lang='lat' dir='ltr'><strong>substantia,</strong></span> <span class='ocrx_word' id='word_1_39' title='bbox 1125 743 1195 797; x_wconf 88' lang='lat' dir='ltr'><strong>ab</strong></span> <span class='ocrx_word' id='word_1_40' title='bbox 1244 758 1416 813; x_wconf 86' lang='lat' dir='ltr'><strong>eaque</strong></span> <span class='ocrx_word' id='word_1_41' title='bbox 1484 744 1831 801; x_wconf 89' lang='lat' dir='ltr'><strong>distinctum.</strong></span> <span class='ocrx_word' id='word_1_42' title='bbox 1899 746 2086 818; x_wconf 85' lang='lat' dir='ltr'><strong>Neque</strong></span> <span class='ocrx_word' id='word_1_43' title='bbox 2131 751 2317 805; x_wconf 82' lang='lat' dir='ltr'><strong>videre</strong></span> 
     </span>
    </p>
   </div>
   <div class='ocr_carea' id='block_1_9' title="bbox 735 829 2314 910">
    <p class='ocr_par' dir='ltr' id='par_1_9' title="bbox 735 829 2314 910">
     <span class='ocr_line' id='line_1_9' title="bbox 735 829 2314 910; baseline 0.01 -30"><span class='ocrx_word' id='word_1_44' title='bbox 735 840 909 899; x_wconf 81' lang='lat' dir='ltr'><strong>potest</strong></span> <span class='ocrx_word' id='word_1_45' title='bbox 969 829 1191 887; x_wconf 80' lang='lat' dir='ltr'><strong>Patrem</strong></span> <span class='ocrx_word' id='word_1_46' title='bbox 1248 831 1441 899; x_wconf 82' lang='lat' dir='ltr'><strong>Filius,</strong></span> <span class='ocrx_word' id='word_1_47' title='bbox 1475 850 1654 906; x_wconf 87' lang='lat' dir='ltr'><strong>neque</strong></span> <span class='ocrx_word' id='word_1_48' title='bbox 1711 836 1955 906; x_wconf 78' lang='lat' dir='ltr'><strong>perfecte</strong></span> <span class='ocrx_word' id='word_1_49' title='bbox 1991 849 2045 894; x_wconf 90' lang='lat' dir='ltr'><strong>et</strong></span> <span class='ocrx_word' id='word_1_50' title='bbox 2082 841 2314 910; x_wconf 65' lang='lat' dir='ltr'><strong>praecise</strong></span> 
     </span>
    </p>
   </div>
   <div class='ocr_carea' id='block_1_10' title="bbox 731 929 2312 1002">
    <p class='ocr_par' dir='ltr' id='par_1_10' title="bbox 731 929 2312 1002">
     <span class='ocr_line' id='line_1_10' title="bbox 731 929 2312 1002; baseline 0.011 -30"><span class='ocrx_word' id='word_1_51' title='bbox 731 939 854 975; x_wconf 68' lang='lat' dir='ltr'><strong>eum</strong></span> <span class='ocrx_word' id='word_1_52' title='bbox 896 940 1233 994; x_wconf 80' lang='lat' dir='ltr'><strong>cognoscere</strong></span> <span class='ocrx_word' id='word_1_53' title='bbox 1285 942 1467 996; x_wconf 90' lang='lat' dir='ltr'><strong>neque</strong></span> <span class='ocrx_word' id='word_1_54' title='bbox 1495 929 1684 985; x_wconf 87' lang='lat' dir='ltr'><strong>videre</strong></span> <span class='ocrx_word' id='word_1_55' title='bbox 1745 941 1948 1002; x_wconf 89' lang='lat' dir='ltr'><strong>potest.</strong></span> <span class='ocrx_word' id='word_1_56' title='bbox 1993 931 2124 986; x_wconf 83' lang='lat' dir='ltr'><strong>Nam</strong></span> <span class='ocrx_word' id='word_1_57' title='bbox 2157 950 2312 989; x_wconf 88' lang='lat' dir='ltr'><strong>suam</strong></span> 
     </span>
    </p>
   </div>
   <div class='ocr_carea' id='block_1_11' title="bbox 731 1015 2316 1094">
    <p class='ocr_par' dir='ltr' id='par_1_11' title="bbox 731 1015 2316 1094">
     <span class='ocr_line' id='line_1_11' title="bbox 731 1015 2316 1094; baseline 0.01 -28"><span class='ocrx_word' id='word_1_58' title='bbox 731 1015 903 1082; x_wconf 67' lang='lat' dir='ltr'><strong>ipsius</strong></span> <span class='ocrx_word' id='word_1_59' title='bbox 930 1032 1152 1086; x_wconf 82' lang='lat' dir='ltr'><strong>quoque</strong></span> <span class='ocrx_word' id='word_1_60' title='bbox 1175 1017 1548 1074; x_wconf 82' lang='lat' dir='ltr'><strong>substantiam</strong></span> <span class='ocrx_word' id='word_1_61' title='bbox 1587 1036 1694 1075; x_wconf 94' lang='lat' dir='ltr'><strong>non</strong></span> <span class='ocrx_word' id='word_1_62' title='bbox 1726 1025 1900 1089; x_wconf 91' lang='lat' dir='ltr'><strong>novit,</strong></span> <span class='ocrx_word' id='word_1_63' title='bbox 1940 1025 2216 1094; x_wconf 90' lang='lat' dir='ltr'><strong>quomodo</strong></span> <span class='ocrx_word' id='word_1_64' title='bbox 2244 1029 2316 1082; x_wconf 85' lang='lat' dir='ltr'><strong>sit</strong></span> 
     </span>
    </p>
   </div>
   <div class='ocr_carea' id='block_1_12' title="bbox 730 1105 2310 1188">
    <p class='ocr_par' dir='ltr' id='par_1_12' title="bbox 730 1105 2310 1188">
     <span class='ocr_line' id='line_1_12' title="bbox 730 1105 2310 1188; baseline 0.009 -30"><span class='ocrx_word' id='word_1_65' title='bbox 730 1105 922 1162; x_wconf 80' lang='lat' dir='ltr'><strong>I-‘ilius.</strong></span> <span class='ocrx_word' id='word_1_66' title='bbox 965 1108 1194 1178; x_wconf 85' lang='lat' dir='ltr'><strong>Propter</strong></span> <span class='ocrx_word' id='word_1_67' title='bbox 1219 1126 1320 1165; x_wconf 91' lang='lat' dir='ltr'><strong>nos</strong></span> <span class='ocrx_word' id='word_1_68' title='bbox 1357 1112 1504 1166; x_wconf 91' lang='lat' dir='ltr'><strong>enim</strong></span> <span class='ocrx_word' id='word_1_69' title='bbox 1540 1113 1722 1168; x_wconf 82' lang='lat' dir='ltr'><strong>Iactus</strong></span> <span class='ocrx_word' id='word_1_70' title='bbox 1753 1125 1859 1178; x_wconf 87' lang='lat' dir='ltr'><strong>est,</strong></span> <span class='ocrx_word' id='word_1_71' title='bbox 1892 1129 1948 1169; x_wconf 91' lang='lat' dir='ltr'><strong>ut</strong></span> <span class='ocrx_word' id='word_1_72' title='bbox 1985 1115 2124 1172; x_wconf 87' lang='lat' dir='ltr'><strong>Deus</strong></span> <span class='ocrx_word' id='word_1_73' title='bbox 2151 1117 2310 1188; x_wconf 80' lang='lat'><strong>502</strong></span> 
     </span>
    </p>
   </div>
   <div class='ocr_carea' id='block_1_13' title="bbox 732 1201 2308 1277">
    <p class='ocr_par' dir='ltr' id='par_1_13' title="bbox 732 1201 2308 1277">
     <span class='ocr_line' id='line_1_13' title="bbox 732 1201 2308 1277; baseline 0.007 -24"><span class='ocrx_word' id='word_1_74' title='bbox 732 1217 834 1254; x_wconf 88' lang='lat' dir='ltr'><strong>nos</strong></span> <span class='ocrx_word' id='word_1_75' title='bbox 882 1201 1060 1269; x_wconf 89' lang='lat' dir='ltr'><strong>ipsius</strong></span> <span class='ocrx_word' id='word_1_76' title='bbox 1123 1213 1380 1272; x_wconf 83' lang='lat' dir='ltr'><strong>tanquam</strong></span> <span class='ocrx_word' id='word_1_77' title='bbox 1445 1206 1796 1261; x_wconf 87' lang='lat' dir='ltr'><strong>instrumenti</strong></span> <span class='ocrx_word' id='word_1_78' title='bbox 1849 1224 2011 1277; x_wconf 88' lang='lat' dir='ltr'><strong>opera</strong></span> <span class='ocrx_word' id='word_1_79' title='bbox 2074 1224 2308 1276; x_wconf 84' lang='lat' dir='ltr'><strong>crearet,</strong></span> 
     </span>
    </p>
   </div>
   <div class='ocr_carea' id='block_1_14' title="bbox 728 1291 2309 1357">
    <p class='ocr_par' dir='ltr' id='par_1_14' title="bbox 728 1291 2309 1357">
     <span class='ocr_line' id='line_1_14' title="bbox 728 1291 2309 1357; baseline 0.01 -16"><span class='ocrx_word' id='word_1_80' title='bbox 728 1303 906 1357; x_wconf 87' lang='lat' dir='ltr'><strong>neque</strong></span> <span class='ocrx_word' id='word_1_81' title='bbox 937 1291 1163 1345; x_wconf 86' lang='lat' dir='ltr'><strong>omnino</strong></span> <span class='ocrx_word' id='word_1_82' title='bbox 1189 1293 1501 1348; x_wconf 84' lang='lat' dir='ltr'><strong>exstitisset</strong></span> <span class='ocrx_word' id='word_1_83' title='bbox 1537 1295 1643 1349; x_wconf 89' lang='lat' dir='ltr'><strong>nisi</strong></span> <span class='ocrx_word' id='word_1_84' title='bbox 1694 1296 1836 1351; x_wconf 87' lang='lat' dir='ltr'><strong>Deus</strong></span> <span class='ocrx_word' id='word_1_85' title='bbox 1868 1313 1966 1352; x_wconf 91' lang='lat' dir='ltr'><strong>nos</strong></span> <span class='ocrx_word' id='word_1_86' title='bbox 2007 1297 2188 1354; x_wconf 85' lang='lat' dir='ltr'><strong>Iacere</strong></span> <span class='ocrx_word' id='word_1_87' title='bbox 2213 1317 2309 1356; x_wconf 86' lang='lat' dir='ltr'><strong>vo-</strong></span> 
     </span>
    </p>
   </div>
   <div class='ocr_carea' id='block_1_15' title="bbox 729 1379 2306 1460">
    <p class='ocr_par' dir='ltr' id='par_1_15' title="bbox 729 1379 2306 1460">
     <span class='ocr_line' id='line_1_15' title="bbox 729 1379 2306 1460; baseline 0.008 -27"><span class='ocrx_word' id='word_1_88' title='bbox 729 1379 949 1433; x_wconf 86' lang='lat' dir='ltr'><strong>luisset.</strong></span> <span class='ocrx_word' id='word_1_89' title='bbox 1034 1381 1417 1454; x_wconf 85' lang='lat' dir='ltr'><strong>Interrogatus</strong></span> <span class='ocrx_word' id='word_1_90' title='bbox 1500 1387 1663 1441; x_wconf 88' lang='lat' dir='ltr'><strong>etiam</strong></span> <span class='ocrx_word' id='word_1_91' title='bbox 1733 1389 1894 1442; x_wconf 81' lang='lat' dir='ltr'><strong>Arius</strong></span> <span class='ocrx_word' id='word_1_92' title='bbox 1953 1404 1982 1442; x_wconf 91' lang='lat' dir='ltr'><strong>a</strong></span> <span class='ocrx_word' id='word_1_93' title='bbox 2046 1391 2306 1460; x_wconf 89' lang='lat' dir='ltr'><strong>quodam,</strong></span> 
     </span>
    </p>
   </div>
   <div class='ocr_carea' id='block_1_16' title="bbox 728 1474 2308 1547">
    <p class='ocr_par' dir='ltr' id='par_1_16' title="bbox 728 1474 2308 1547">
     <span class='ocr_line' id='line_1_16' title="bbox 728 1474 2308 1547; baseline 0.013 -27"><span class='ocrx_word' id='word_1_94' title='bbox 728 1481 985 1538; x_wconf 81' lang='lat' dir='ltr'><strong>possetne</strong></span> <span class='ocrx_word' id='word_1_95' title='bbox 1023 1474 1259 1530; x_wconf 83' lang='lat' dir='ltr'><strong>Verbum</strong></span> <span class='ocrx_word' id='word_1_96' title='bbox 1307 1479 1532 1542; x_wconf 88' lang='lat' dir='ltr'><strong>mutari,</strong></span> <span class='ocrx_word' id='word_1_97' title='bbox 1590 1481 1870 1547; x_wconf 87' lang='lat' dir='ltr'><strong>quomodo</strong></span> <span class='ocrx_word' id='word_1_98' title='bbox 1925 1483 2175 1538; x_wconf 88' lang='lat' dir='ltr'><strong>diabolus</strong></span> <span class='ocrx_word' id='word_1_99' title='bbox 2226 1494 2308 1540; x_wconf 90' lang='lat' dir='ltr'><strong>est</strong></span> 
     </span>
    </p>
   </div>
   <div class='ocr_carea' id='block_1_17' title="bbox 729 1568 2307 1640">
    <p class='ocr_par' dir='ltr' id='par_1_17' title="bbox 729 1568 2307 1640">
     <span class='ocr_line' id='line_1_17' title="bbox 729 1568 2307 1640; baseline 0.011 -28"><span class='ocrx_word' id='word_1_100' title='bbox 729 1571 996 1628; x_wconf 88' lang='lat' dir='ltr'><strong>mutatus,</strong></span> <span class='ocrx_word' id='word_1_101' title='bbox 1041 1581 1150 1620; x_wconf 93' lang='lat' dir='ltr'><strong>non</strong></span> <span class='ocrx_word' id='word_1_102' title='bbox 1216 1568 1425 1622; x_wconf 86' lang='lat' dir='ltr'><strong>veritus</strong></span> <span class='ocrx_word' id='word_1_103' title='bbox 1460 1579 1543 1622; x_wconf 81' lang='lat' dir='ltr'><strong>est</strong></span> <span class='ocrx_word' id='word_1_104' title='bbox 1579 1569 1849 1625; x_wconf 79' lang='lat' dir='ltr'><strong>aﬂirmare</strong></span> <span class='ocrx_word' id='word_1_105' title='bbox 1879 1588 2042 1640; x_wconf 84' lang='lat' dir='ltr'><strong>posse</strong></span> <span class='ocrx_word' id='word_1_106' title='bbox 2094 1574 2145 1628; x_wconf 90' lang='lat' dir='ltr'><strong>id</strong></span> <span class='ocrx_word' id='word_1_107' title='bbox 2188 1591 2307 1629; x_wconf 85' lang='lat' dir='ltr'><strong>IIIlI-</strong></span> 
     </span>
    </p>
   </div>
   <div class='ocr_carea' id='block_1_18' title="bbox 726 1654 2302 1732">
    <p class='ocr_par' dir='ltr' id='par_1_18' title="bbox 726 1654 2302 1732">
     <span class='ocr_line' id='line_1_18' title="bbox 726 1654 2302 1732; baseline 0.011 -29"><span class='ocrx_word' id='word_1_108' title='bbox 726 1654 825 1706; x_wconf 89' lang='lat' dir='ltr'><strong>tari</strong></span> <span class='ocrx_word' id='word_1_109' title='bbox 862 1670 1024 1708; x_wconf 87' lang='lat' dir='ltr'><strong>:esse</strong></span> <span class='ocrx_word' id='word_1_110' title='bbox 1061 1657 1208 1709; x_wconf 87' lang='lat' dir='ltr'><strong>enim</strong></span> <span class='ocrx_word' id='word_1_111' title='bbox 1261 1658 1548 1714; x_wconf 87' lang='lat' dir='ltr'><strong>mutabilis</strong></span> <span class='ocrx_word' id='word_1_112' title='bbox 1597 1671 1809 1715; x_wconf 68' lang='lat' dir='ltr'><strong>naturae</strong></span> <span class='ocrx_word' id='word_1_113' title='bbox 1843 1669 2030 1731; x_wconf 86' lang='lat' dir='ltr'><strong>utpote</strong></span> <span class='ocrx_word' id='word_1_114' title='bbox 2061 1666 2302 1732; x_wconf 86' lang='lat' dir='ltr'><strong>genitum</strong></span> 
     </span>
    </p>
   </div>
   <div class='ocr_carea' id='block_1_19' title="bbox 723 1752 1071 1800">
    <p class='ocr_par' dir='ltr' id='par_1_19' title="bbox 723 1752 1071 1800">
     <span class='ocr_line' id='line_1_19' title="bbox 723 1752 1071 1800; baseline 0.006 -2"><span class='ocrx_word' id='word_1_115' title='bbox 723 1752 775 1798; x_wconf 67' lang='lat' dir='ltr'><strong>t‘l</strong></span> <span class='ocrx_word' id='word_1_116' title='bbox 802 1757 1071 1800; x_wconf 87' lang='lat' dir='ltr'><strong>creatum.</strong></span> 
     </span>
    </p>
   </div>
   <div class='ocr_carea' id='block_1_20' title="bbox 794 1827 2377 1918">
    <p class='ocr_par' dir='ltr' id='par_1_20' title="bbox 794 1827 2377 1918">
     <span class='ocr_line' id='line_1_20' title="bbox 794 1827 2377 1918; baseline 0.008 -26"><span class='ocrx_word' id='word_1_117' title='bbox 794 1838 1064 1892; x_wconf 70' lang='lat' dir='ltr'><strong>Caeterum</strong></span> <span class='ocrx_word' id='word_1_118' title='bbox 1108 1840 1436 1895; x_wconf 84' lang='lat' dir='ltr'><strong>miraculum</strong></span> <span class='ocrx_word' id='word_1_119' title='bbox 1473 1858 1539 1898; x_wconf 89' lang='lat' dir='ltr'><strong>eo</strong></span> <span class='ocrx_word' id='word_1_120' title='bbox 1581 1844 1635 1896; x_wconf 90' lang='lat' dir='ltr'><strong>in</strong></span> <span class='ocrx_word' id='word_1_121' title='bbox 1672 1846 1911 1900; x_wconf 89' lang='lat' dir='ltr'><strong>concilio</strong></span> <span class='ocrx_word' id='word_1_122' title='bbox 1949 1848 2150 1904; x_wconf 78' lang='lat' dir='ltr'><strong>factum</strong></span> <span class='ocrx_word' id='word_1_123' title='bbox 2178 1849 2304 1918; x_wconf 89' lang='lat' dir='ltr'><strong>jure</strong></span> <span class='ocrx_word' id='word_1_124' title='bbox 2337 1827 2377 1882; x_wconf 73' lang='grc' dir='ltr'><strong>Β</strong></span> 
     </span>
    </p>
   </div>
   <div class='ocr_carea' id='block_1_21' title="bbox 721 1931 2303 2003">
    <p class='ocr_par' dir='ltr' id='par_1_21' title="bbox 721 1931 2303 2003">
     <span class='ocr_line' id='line_1_21' title="bbox 721 1931 2303 2003; baseline 0.009 -23"><span class='ocrx_word' id='word_1_125' title='bbox 721 1931 1066 1997; x_wconf 70' lang='lat' dir='ltr'><strong>prwtermitti</strong></span> <span class='ocrx_word' id='word_1_126' title='bbox 1096 1932 1320 1986; x_wconf 90' lang='lat' dir='ltr'><strong>silentio</strong></span> <span class='ocrx_word' id='word_1_127' title='bbox 1361 1948 1470 1987; x_wconf 94' lang='lat' dir='ltr'><strong>non</strong></span> <span class='ocrx_word' id='word_1_128' title='bbox 1525 1945 1722 2003; x_wconf 87' lang='lat' dir='ltr'><strong>potest.</strong></span> <span class='ocrx_word' id='word_1_129' title='bbox 1783 1935 2036 1992; x_wconf 87' lang='lat' dir='ltr'><strong>Novitate</strong></span> <span class='ocrx_word' id='word_1_130' title='bbox 2096 1940 2303 1994; x_wconf 82' lang='lat' dir='ltr'><strong>decreti</strong></span> 
     </span>
    </p>
   </div>
   <div class='ocr_carea' id='block_1_22' title="bbox 720 2018 2302 2098">
    <p class='ocr_par' dir='ltr' id='par_1_22' title="bbox 720 2018 2302 2098">
     <span class='ocr_line' id='line_1_22' title="bbox 720 2018 2302 2098; baseline 0.009 -28"><span class='ocrx_word' id='word_1_131' title='bbox 720 2018 1069 2087; x_wconf 87' lang='lat' dir='ltr'><strong>imperatoris</strong></span> <span class='ocrx_word' id='word_1_132' title='bbox 1099 2023 1227 2073; x_wconf 87' lang='lat' dir='ltr'><strong>tuoti</strong></span> <span class='ocrx_word' id='word_1_133' title='bbox 1265 2035 1639 2077; x_wconf 82' lang='lat' dir='ltr'><strong>convenerant</strong></span> <span class='ocrx_word' id='word_1_134' title='bbox 1683 2027 1750 2078; x_wconf 90' lang='lat' dir='ltr'><strong>ad</strong></span> <span class='ocrx_word' id='word_1_135' title='bbox 1788 2030 2085 2081; x_wconf 82' lang='lat' dir='ltr'><strong>concilium</strong></span> <span class='ocrx_word' id='word_1_136' title='bbox 2121 2032 2302 2098; x_wconf 89' lang='lat' dir='ltr'><strong>philo-</strong></span> 
     </span>
    </p>
   </div>
   <div class='ocr_carea' id='block_1_23' title="bbox 718 2111 2306 2188">
    <p class='ocr_par' dir='ltr' id='par_1_23' title="bbox 718 2111 2306 2188">
     <span class='ocr_line' id='line_1_23' title="bbox 718 2111 2306 2188; baseline 0.011 -26"><span class='ocrx_word' id='word_1_137' title='bbox 718 2111 874 2180; x_wconf 81' lang='lat' dir='ltr'><strong>50phi</strong></span> <span class='ocrx_word' id='word_1_138' title='bbox 907 2125 1265 2182; x_wconf 84' lang='lat' dir='ltr'><strong>oratoresque</strong></span> <span class='ocrx_word' id='word_1_139' title='bbox 1290 2116 1424 2170; x_wconf 82' lang='lat' dir='ltr'><strong>artis</strong></span> <span class='ocrx_word' id='word_1_140' title='bbox 1449 2117 1752 2172; x_wconf 87' lang='lat' dir='ltr'><strong>disserendi</strong></span> <span class='ocrx_word' id='word_1_141' title='bbox 1777 2120 2124 2188; x_wconf 88' lang='lat' dir='ltr'><strong>peritissimi.</strong></span> <span class='ocrx_word' id='word_1_142' title='bbox 2158 2123 2306 2179; x_wconf 90' lang='lat' dir='ltr'><strong>Inter</strong></span> 
     </span>
    </p>
   </div>
   <div class='ocr_carea' id='block_1_24' title="bbox 716 2204 2304 2284">
    <p class='ocr_par' dir='ltr' id='par_1_24' title="bbox 716 2204 2304 2284">
     <span class='ocr_line' id='line_1_24' title="bbox 716 2204 2304 2284; baseline 0.009 -28"><span class='ocrx_word' id='word_1_143' title='bbox 716 2218 812 2258; x_wconf 91' lang='lat' dir='ltr'><strong>eos</strong></span> <span class='ocrx_word' id='word_1_144' title='bbox 846 2205 1069 2272; x_wconf 86' lang='lat' dir='ltr'><strong>quidam</strong></span> <span class='ocrx_word' id='word_1_145' title='bbox 1107 2217 1226 2260; x_wconf 85' lang='lat' dir='ltr'><strong>erat</strong></span> <span class='ocrx_word' id='word_1_146' title='bbox 1256 2204 1482 2264; x_wconf 66' lang='lat' dir='ltr'><strong>Graccus</strong></span> <span class='ocrx_word' id='word_1_147' title='bbox 1528 2211 1580 2264; x_wconf 94' lang='lat' dir='ltr'><strong>in</strong></span> <span class='ocrx_word' id='word_1_148' title='bbox 1619 2214 1865 2266; x_wconf 90' lang='lat' dir='ltr'><strong>omnium</strong></span> <span class='ocrx_word' id='word_1_149' title='bbox 1912 2214 2304 2284; x_wconf 87' lang='lat' dir='ltr'><strong>admiratione,</strong></span> 
     </span>
    </p>
   </div>
   <div class='ocr_carea' id='block_1_25' title="bbox 716 2294 2306 2371">
    <p class='ocr_par' dir='ltr' id='par_1_25' title="bbox 716 2294 2306 2371">
     <span class='ocr_line' id='line_1_25' title="bbox 716 2294 2306 2371; baseline 0.009 -23"><span class='ocrx_word' id='word_1_150' title='bbox 716 2303 770 2348; x_wconf 92' lang='lat' dir='ltr'><strong>et</strong></span> <span class='ocrx_word' id='word_1_151' title='bbox 805 2294 873 2348; x_wconf 88' lang='lat' dir='ltr'><strong>ad</strong></span> <span class='ocrx_word' id='word_1_152' title='bbox 910 2297 1070 2366; x_wconf 86' lang='lat' dir='ltr'><strong>cujus</strong></span> <span class='ocrx_word' id='word_1_153' title='bbox 1121 2298 1528 2370; x_wconf 88' lang='lat' dir='ltr'><strong>disputationes</strong></span> <span class='ocrx_word' id='word_1_154' title='bbox 1562 2318 1759 2371; x_wconf 88' lang='lat' dir='ltr'><strong>magna</strong></span> <span class='ocrx_word' id='word_1_155' title='bbox 1798 2305 2080 2361; x_wconf 86' lang='lat' dir='ltr'><strong>hominum</strong></span> <span class='ocrx_word' id='word_1_156' title='bbox 2113 2323 2306 2363; x_wconf 90' lang='lat' dir='ltr'><strong>accur-</strong></span> 
     </span>
    </p>
   </div>
   <div class='ocr_carea' id='block_1_26' title="bbox 717 2390 2302 2460">
    <p class='ocr_par' dir='ltr' id='par_1_26' title="bbox 717 2390 2302 2460">
     <span class='ocr_line' id='line_1_26' title="bbox 717 2390 2302 2460; baseline 0.01 -21"><span class='ocrx_word' id='word_1_157' title='bbox 717 2395 862 2441; x_wconf 89' lang='lat' dir='ltr'><strong>reret</strong></span> <span class='ocrx_word' id='word_1_158' title='bbox 905 2390 1223 2443; x_wconf 87' lang='lat' dir='ltr'><strong>multitudo.</strong></span> <span class='ocrx_word' id='word_1_159' title='bbox 1261 2390 1454 2460; x_wconf 83' lang='lat' dir='ltr'><strong>Neque</strong></span> <span class='ocrx_word' id='word_1_160' title='bbox 1485 2395 1630 2448; x_wconf 88' lang='lat' dir='ltr'><strong>enim</strong></span> <span class='ocrx_word' id='word_1_161' title='bbox 1668 2412 1792 2450; x_wconf 88' lang='lat' dir='ltr'><strong>eum</strong></span> <span class='ocrx_word' id='word_1_162' title='bbox 1826 2397 2120 2454; x_wconf 78' lang='lat' dir='ltr'><strong>confutare</strong></span> <span class='ocrx_word' id='word_1_163' title='bbox 2150 2401 2302 2455; x_wconf 89' lang='lat' dir='ltr'><strong>vale-</strong></span> 
     </span>
    </p>
   </div>
   <div class='ocr_carea' id='block_1_27' title="bbox 718 2479 2301 2560">
    <p class='ocr_par' dir='ltr' id='par_1_27' title="bbox 718 2479 2301 2560">
     <span class='ocr_line' id='line_1_27' title="bbox 718 2479 2301 2560; baseline 0.011 -30"><span class='ocrx_word' id='word_1_164' title='bbox 718 2479 847 2532; x_wconf 84' lang='lat' dir='ltr'><strong>bant</strong></span> <span class='ocrx_word' id='word_1_165' title='bbox 868 2480 1140 2551; x_wconf 81' lang='lat' dir='ltr'><strong>episcopi,</strong></span> <span class='ocrx_word' id='word_1_166' title='bbox 1175 2496 1299 2536; x_wconf 88' lang='lat' dir='ltr'><strong>cum</strong></span> <span class='ocrx_word' id='word_1_167' title='bbox 1341 2489 1394 2537; x_wconf 80' lang='lat' dir='ltr'><strong>cI.</strong></span> <span class='ocrx_word' id='word_1_168' title='bbox 1427 2483 1688 2541; x_wconf 78' lang='lat' dir='ltr'><strong>facillime</strong></span> <span class='ocrx_word' id='word_1_169' title='bbox 1720 2490 2005 2557; x_wconf 82' lang='lat' dir='ltr'><strong>quibusvis</strong></span> <span class='ocrx_word' id='word_1_170' title='bbox 2033 2492 2301 2560; x_wconf 83' lang='lat' dir='ltr'><strong>objectio-</strong></span> 
     </span>
    </p>
   </div>
   <div class='ocr_carea' id='block_1_28' title="bbox 716 2568 2298 2650">
    <p class='ocr_par' dir='ltr' id='par_1_28' title="bbox 716 2568 2298 2650">
     <span class='ocr_line' id='line_1_28' title="bbox 716 2568 2298 2650; baseline 0.009 -30"><span class='ocrx_word' id='word_1_171' title='bbox 716 2568 877 2622; x_wconf 91' lang='lat' dir='ltr'><strong>nibus</strong></span> <span class='ocrx_word' id='word_1_172' title='bbox 908 2580 1252 2634; x_wconf 85' lang='lat' dir='ltr'><strong>occurreret,</strong></span> <span class='ocrx_word' id='word_1_173' title='bbox 1286 2582 1341 2626; x_wconf 92' lang='lat' dir='ltr'><strong>et</strong></span> <span class='ocrx_word' id='word_1_174' title='bbox 1389 2584 1586 2643; x_wconf 78' lang='lat' dir='ltr'><strong>argute</strong></span> <span class='ocrx_word' id='word_1_175' title='bbox 1635 2577 1962 2634; x_wconf 89' lang='lat' dir='ltr'><strong>dissolveret</strong></span> <span class='ocrx_word' id='word_1_176' title='bbox 1995 2582 2298 2650; x_wconf 87' lang='lat' dir='ltr'><strong>proposita,</strong></span> 
     </span>
    </p>
   </div>
   <div class='ocr_carea' id='block_1_29' title="bbox 713 2661 2298 2740">
    <p class='ocr_par' dir='ltr' id='par_1_29' title="bbox 713 2661 2298 2740">
     <span class='ocr_line' id='line_1_29' title="bbox 713 2661 2298 2740; baseline 0.013 -28"><span class='ocrx_word' id='word_1_177' title='bbox 713 2661 997 2729; x_wconf 86' lang='lat' dir='ltr'><strong>instarque</strong></span> <span class='ocrx_word' id='word_1_178' title='bbox 1027 2663 1282 2733; x_wconf 69' lang='lat' dir='ltr'><strong>anguilla:</strong></span> <span class='ocrx_word' id='word_1_179' title='bbox 1314 2668 1708 2735; x_wconf 83' lang='lat' dir='ltr'><strong>comprehendi</strong></span> <span class='ocrx_word' id='word_1_180' title='bbox 1744 2673 2016 2740; x_wconf 84' lang='lat' dir='ltr'><strong>nequiret,</strong></span> <span class='ocrx_word' id='word_1_181' title='bbox 2047 2675 2144 2730; x_wconf 88' lang='lat' dir='ltr'><strong>sed</strong></span> <span class='ocrx_word' id='word_1_182' title='bbox 2172 2692 2298 2731; x_wconf 92' lang='lat' dir='ltr'><strong>cum</strong></span> 
     </span>
    </p>
   </div>
   <div class='ocr_carea' id='block_1_30' title="bbox 716 2755 2302 2828">
    <p class='ocr_par' dir='ltr' id='par_1_30' title="bbox 716 2755 2302 2828">
     <span class='ocr_line' id='line_1_30' title="bbox 716 2755 2302 2828; baseline 0.011 -22"><span class='ocrx_word' id='word_1_183' title='bbox 716 2755 954 2812; x_wconf 78' lang='lat' dir='ltr'><strong>maxime</strong></span> <span class='ocrx_word' id='word_1_184' title='bbox 984 2757 1263 2814; x_wconf 82' lang='lat' dir='ltr'><strong>videretur</strong></span> <span class='ocrx_word' id='word_1_185' title='bbox 1317 2764 1676 2828; x_wconf 86' lang='lat' dir='ltr'><strong>constrictus,</strong></span> <span class='ocrx_word' id='word_1_186' title='bbox 1729 2764 2042 2821; x_wconf 85' lang='lat' dir='ltr'><strong>elaberetur</strong></span> <span class='ocrx_word' id='word_1_187' title='bbox 2073 2785 2136 2822; x_wconf 90' lang='lat' dir='ltr'><strong>ac</strong></span> <span class='ocrx_word' id='word_1_188' title='bbox 2167 2771 2302 2824; x_wconf 89' lang='lat' dir='ltr'><strong>vali-</strong></span> 
     </span>
    </p>
   </div>
   <div class='ocr_carea' id='block_1_31' title="bbox 711 2847 2297 2928">
    <p class='ocr_par' dir='ltr' id='par_1_31' title="bbox 711 2847 2297 2928">
     <span class='ocr_line' id='line_1_31' title="bbox 711 2847 2297 2928; baseline 0.008 -28"><span class='ocrx_word' id='word_1_189' title='bbox 711 2847 838 2901; x_wconf 82' lang='lat' dir='ltr'><strong>dius</strong></span> <span class='ocrx_word' id='word_1_190' title='bbox 873 2849 1104 2904; x_wconf 91' lang='lat' dir='ltr'><strong>instaret</strong></span> <span class='ocrx_word' id='word_1_191' title='bbox 1158 2852 1479 2906; x_wconf 88' lang='lat' dir='ltr'><strong>adversario</strong></span> <span class='ocrx_word' id='word_1_192' title='bbox 1509 2871 1525 2905; x_wconf 91' lang='lat'><strong><em>:</em></strong></span> <span class='ocrx_word' id='word_1_193' title='bbox 1563 2863 1715 2906; x_wconf 88' lang='lat' dir='ltr'><strong>tanta</strong></span> <span class='ocrx_word' id='word_1_194' title='bbox 1751 2855 1802 2906; x_wconf 91' lang='lat' dir='ltr'><strong>in</strong></span> <span class='ocrx_word' id='word_1_195' title='bbox 1838 2870 1903 2908; x_wconf 90' lang='lat' dir='ltr'><strong>eo</strong></span> <span class='ocrx_word' id='word_1_196' title='bbox 1937 2866 2059 2910; x_wconf 88' lang='lat' dir='ltr'><strong>erat</strong></span> <span class='ocrx_word' id='word_1_197' title='bbox 2092 2859 2297 2928; x_wconf 86' lang='lat' dir='ltr'><strong>ingenii</strong></span> 
     </span>
    </p>
   </div>
   <div class='ocr_carea' id='block_1_32' title="bbox 711 2942 2297 3018">
    <p class='ocr_par' dir='ltr' id='par_1_32' title="bbox 711 2942 2297 3018">
     <span class='ocr_line' id='line_1_32' title="bbox 711 2942 2297 3018; baseline 0.008 -26"><span class='ocrx_word' id='word_1_198' title='bbox 711 2942 815 3005; x_wconf 87' lang='lat' dir='ltr'><strong>vis,</strong></span> <span class='ocrx_word' id='word_1_199' title='bbox 846 2943 1250 3011; x_wconf 81' lang='lat' dir='ltr'><strong>verborumque</strong></span> <span class='ocrx_word' id='word_1_200' title='bbox 1281 2945 1439 3013; x_wconf 90' lang='lat' dir='ltr'><strong>copia</strong></span> <span class='ocrx_word' id='word_1_201' title='bbox 1471 2958 1524 2997; x_wconf 89' lang='lat' dir='ltr'><strong>et</strong></span> <span class='ocrx_word' id='word_1_202' title='bbox 1552 2947 1867 3002; x_wconf 85' lang='lat' dir='ltr'><strong>volubilitas</strong></span> <span class='ocrx_word' id='word_1_203' title='bbox 1903 2951 2118 3018; x_wconf 72' lang='lat' dir='ltr'><strong>linguae.</strong></span> <span class='ocrx_word' id='word_1_204' title='bbox 2154 2951 2297 3005; x_wconf 79' lang='lat' dir='ltr'><strong>Deus</strong></span> 
     </span>
    </p>
   </div>
   <div class='ocr_carea' id='block_1_33' title="bbox 712 3035 2296 3105">
    <p class='ocr_par' dir='ltr' id='par_1_33' title="bbox 712 3035 2296 3105">
     <span class='ocr_line' id='line_1_33' title="bbox 712 3035 2296 3105; baseline 0.009 -22"><span class='ocrx_word' id='word_1_205' title='bbox 712 3043 892 3085; x_wconf 89' lang='lat' dir='ltr'><strong>tamen</strong></span> <span class='ocrx_word' id='word_1_206' title='bbox 925 3044 1054 3086; x_wconf 91' lang='lat' dir='ltr'><strong>tunc</strong></span> <span class='ocrx_word' id='word_1_207' title='bbox 1087 3035 1331 3088; x_wconf 90' lang='lat' dir='ltr'><strong>ostendit</strong></span> <span class='ocrx_word' id='word_1_208' title='bbox 1377 3052 1602 3105; x_wconf 87' lang='lat' dir='ltr'><strong>regnum</strong></span> <span class='ocrx_word' id='word_1_209' title='bbox 1637 3053 1796 3091; x_wconf 85' lang='lat' dir='ltr'><strong>suum</strong></span> <span class='ocrx_word' id='word_1_210' title='bbox 1829 3056 1935 3092; x_wconf 88' lang='lat' dir='ltr'><strong>non</strong></span> <span class='ocrx_word' id='word_1_211' title='bbox 1988 3042 2168 3095; x_wconf 86' lang='lat' dir='ltr'><strong>verbis</strong></span> <span class='ocrx_word' id='word_1_212' title='bbox 2200 3045 2296 3097; x_wconf 87' lang='lat' dir='ltr'><strong>sed</strong></span> 
     </span>
    </p>
   </div>
   <div class='ocr_carea' id='block_1_34' title="bbox 2423 573 4010 657">
    <p class='ocr_par' dir='ltr' id='par_1_34' title="bbox 2423 573 4010 657">
     <span class='ocr_line' id='line_1_34' title="bbox 2423 573 4010 657; baseline 0.016 -36"><span class='ocrx_word' id='word_1_213' title='bbox 2423 574 2519 622; x_wconf 72' lang='grc' dir='ltr'><strong>καὶ</strong></span> <span class='ocrx_word' id='word_1_214' title='bbox 2544 573 2778 642; x_wconf 83' lang='grc' dir='ltr'>τρεπτός</span> <span class='ocrx_word' id='word_1_215' title='bbox 2808 575 2925 627; x_wconf 88' lang='grc' dir='ltr'>ἐστι</span> <span class='ocrx_word' id='word_1_216' title='bbox 2959 579 3053 630; x_wconf 78' lang='grc' dir='ltr'><strong>καὶ</strong></span> <span class='ocrx_word' id='word_1_217' title='bbox 3102 580 3392 647; x_wconf 77' lang='grc' dir='ltr'>ἁλλοιωτὸς</span> <span class='ocrx_word' id='word_1_218' title='bbox 3444 587 3541 657; x_wconf 83' lang='grc' dir='ltr'><strong>τὴν</strong></span> <span class='ocrx_word' id='word_1_219' title='bbox 3581 589 3766 657; x_wconf 72' lang='grc' dir='ltr'>φύσιν,</span> <span class='ocrx_word' id='word_1_220' title='bbox 3803 594 3877 655; x_wconf 84' lang='grc' dir='ltr'>ὡς</span> <span class='ocrx_word' id='word_1_221' title='bbox 3915 597 4010 647; x_wconf 77' lang='grc' dir='ltr'><strong>καὶ</strong></span> 
     </span>
    </p>
   </div>
   <div class='ocr_carea' id='block_1_35' title="bbox 2423 663 4009 751">
    <p class='ocr_par' dir='ltr' id='par_1_35' title="bbox 2423 663 4009 751">
     <span class='ocr_line' id='line_1_35' title="bbox 2423 663 4009 751; baseline 0.017 -38"><span class='ocrx_word' id='word_1_222' title='bbox 2423 663 2602 716; x_wconf 80' lang='grc' dir='ltr'>πάντα</span> <span class='ocrx_word' id='word_1_223' title='bbox 2630 665 2696 718; x_wconf 73' lang='grc' dir='ltr'><strong>τὰ</strong></span> <span class='ocrx_word' id='word_1_224' title='bbox 2725 667 2939 733; x_wconf 73' lang='grc' dir='ltr'>λογικά.</span> <span class='ocrx_word' id='word_1_225' title='bbox 2983 670 3144 735; x_wconf 81' lang='grc' dir='ltr'>Ξένος</span> <span class='ocrx_word' id='word_1_226' title='bbox 3179 692 3238 727; x_wconf 84' lang='grc' dir='ltr'><strong>τε</strong></span> <span class='ocrx_word' id='word_1_227' title='bbox 3281 679 3374 730; x_wconf 76' lang='grc' dir='ltr'>καὶ</span> <span class='ocrx_word' id='word_1_228' title='bbox 3407 680 3685 751; x_wconf 70' lang='grc' dir='ltr'><strong>ἀλλότριος</strong></span> <span class='ocrx_word' id='word_1_229' title='bbox 3744 687 3838 738; x_wconf 80' lang='grc' dir='ltr'><strong>καὶ</strong></span> <span class='ocrx_word' id='word_1_230' title='bbox 3902 689 4009 739; x_wconf 84' lang='grc' dir='ltr'>ἁπ-</span> 
     </span>
    </p>
   </div>
   <div class='ocr_carea' id='block_1_36' title="bbox 2428 757 4008 838">
    <p class='ocr_par' dir='ltr' id='par_1_36' title="bbox 2428 757 4008 838">
     <span class='ocr_line' id='line_1_36' title="bbox 2428 757 4008 838; baseline 0.02 -36"><span class='ocrx_word' id='word_1_231' title='bbox 2428 757 2842 824; x_wconf 87' lang='grc' dir='ltr'>εσχοινισμένος</span> <span class='ocrx_word' id='word_1_232' title='bbox 2874 760 3022 813; x_wconf 74' lang='grc' dir='ltr'>ἐστὶν</span> <span class='ocrx_word' id='word_1_233' title='bbox 3049 764 3078 814; x_wconf 90' lang='lat'><strong>6</strong></span> <span class='ocrx_word' id='word_1_234' title='bbox 3115 764 3285 832; x_wconf 81' lang='grc' dir='ltr'>Λόγος</span> <span class='ocrx_word' id='word_1_235' title='bbox 3315 769 3415 838; x_wconf 78' lang='grc' dir='ltr'>τῆς</span> <span class='ocrx_word' id='word_1_236' title='bbox 3467 772 3601 824; x_wconf 82' lang='grc' dir='ltr'>Θεοῦ</span> <span class='ocrx_word' id='word_1_237' title='bbox 3641 775 3849 838; x_wconf 82' lang='grc' dir='ltr'>οὐσίας,</span> <span class='ocrx_word' id='word_1_238' title='bbox 3916 784 4008 832; x_wconf 75' lang='grc' dir='ltr'><strong>καὶ</strong></span> 
     </span>
    </p>
   </div>
   <div class='ocr_carea' id='block_1_37' title="bbox 2418 842 4008 931">
    <p class='ocr_par' dir='ltr' id='par_1_37' title="bbox 2418 842 4008 931">
     <span class='ocr_line' id='line_1_37' title="bbox 2418 842 4008 931; baseline 0.018 -38"><span class='ocrx_word' id='word_1_239' title='bbox 2418 842 2704 912; x_wconf 84' lang='grc' dir='ltr'>ἀόρατοςό</span> <span class='ocrx_word' id='word_1_240' title='bbox 2735 847 2920 918; x_wconf 81' lang='grc' dir='ltr'>Πατὴρ</span> <span class='ocrx_word' id='word_1_241' title='bbox 2949 851 3026 920; x_wconf 80' lang='grc' dir='ltr'>τῷ</span> <span class='ocrx_word' id='word_1_242' title='bbox 3098 852 3234 922; x_wconf 55' lang='lat' dir='ltr'><strong>rio.</strong></span> <span class='ocrx_word' id='word_1_243' title='bbox 3311 858 3447 912; x_wconf 85' lang='grc' dir='ltr'>Οῦτε</span> <span class='ocrx_word' id='word_1_244' title='bbox 3496 864 3601 931; x_wconf 76' lang='grc' dir='ltr'><strong>γὰρ</strong></span> <span class='ocrx_word' id='word_1_245' title='bbox 3649 865 3846 928; x_wconf 85' lang='grc' dir='ltr'>τελέως</span> <span class='ocrx_word' id='word_1_246' title='bbox 3914 870 4008 921; x_wconf 70' lang='grc' dir='ltr'><strong>καὶ</strong></span> 
     </span>
    </p>
   </div>
   <div class='ocr_carea' id='block_1_38' title="bbox 2422 933 4002 1020">
    <p class='ocr_par' dir='ltr' id='par_1_38' title="bbox 2422 933 4002 1020">
     <span class='ocr_line' id='line_1_38' title="bbox 2422 933 4002 1020; baseline 0.017 -37"><span class='ocrx_word' id='word_1_247' title='bbox 2422 933 2669 1001; x_wconf 75' lang='grc' dir='ltr'>ἀκριϐῶς</span> <span class='ocrx_word' id='word_1_248' title='bbox 2699 935 2958 1003; x_wconf 73' lang='grc' dir='ltr'><strong>γινώσκει</strong></span> <span class='ocrx_word' id='word_1_249' title='bbox 2986 943 3013 992; x_wconf 87' lang='grc' dir='ltr'>ὁ</span> <span class='ocrx_word' id='word_1_250' title='bbox 3039 942 3209 1010; x_wconf 80' lang='grc' dir='ltr'>Λόγος</span> <span class='ocrx_word' id='word_1_251' title='bbox 3237 945 3324 997; x_wconf 66' lang='grc' dir='ltr'>τὸν</span> <span class='ocrx_word' id='word_1_252' title='bbox 3354 948 3593 1020; x_wconf 79' lang='grc' dir='ltr'>Πατέρα,</span> <span class='ocrx_word' id='word_1_253' title='bbox 3625 953 3750 1006; x_wconf 70' lang='grc' dir='ltr'>οὔτε</span> <span class='ocrx_word' id='word_1_254' title='bbox 3783 956 4002 1019; x_wconf 65' lang='grc' dir='ltr'>τελείως</span> 
     </span>
    </p>
   </div>
   <div class='ocr_carea' id='block_1_39' title="bbox 2418 1022 4005 1109">
    <p class='ocr_par' dir='ltr' id='par_1_39' title="bbox 2418 1022 4005 1109">
     <span class='ocr_line' id='line_1_39' title="bbox 2418 1022 4005 1109; baseline 0.018 -37"><span class='ocrx_word' id='word_1_255' title='bbox 2418 1022 2580 1075; x_wconf 71' lang='grc' dir='ltr'>αὑτὸν</span> <span class='ocrx_word' id='word_1_256' title='bbox 2613 1025 3006 1094; x_wconf 65' lang='grc' dir='ltr'>ὀρᾷνβύναται.</span> <span class='ocrx_word' id='word_1_257' title='bbox 3043 1031 3153 1082; x_wconf 78' lang='grc' dir='ltr'><strong>Καὶ</strong></span> <span class='ocrx_word' id='word_1_258' title='bbox 3179 1035 3286 1103; x_wconf 77' lang='grc' dir='ltr'><strong>γὰρ</strong></span> <span class='ocrx_word' id='word_1_259' title='bbox 3314 1037 3510 1091; x_wconf 88' lang='grc' dir='ltr'>ἐαυτοῦ</span> <span class='ocrx_word' id='word_1_260' title='bbox 3538 1042 3637 1109; x_wconf 71' lang='grc' dir='ltr'><strong>τὴν</strong></span> <span class='ocrx_word' id='word_1_261' title='bbox 3687 1045 3876 1099; x_wconf 73' lang='grc' dir='ltr'>οὐσίαν</span> <span class='ocrx_word' id='word_1_262' title='bbox 3906 1050 4005 1100; x_wconf 65' lang='grc' dir='ltr'><strong>οὐκ</strong></span> 
     </span>
    </p>
   </div>
   <div class='ocr_carea' id='block_1_40' title="bbox 2420 1104 4004 1202">
    <p class='ocr_par' dir='ltr' id='par_1_40' title="bbox 2420 1104 4004 1202">
     <span class='ocr_line' id='line_1_40' title="bbox 2420 1104 4004 1202; baseline 0.018 -42"><span class='ocrx_word' id='word_1_263' title='bbox 2420 1104 2560 1162; x_wconf 84' lang='grc' dir='ltr'>οἶδεν</span> <span class='ocrx_word' id='word_1_264' title='bbox 2591 1111 2666 1174; x_wconf 84' lang='grc' dir='ltr'><strong>ὡς</strong></span> <span class='ocrx_word' id='word_1_265' title='bbox 2698 1112 2826 1176; x_wconf 77' lang='grc' dir='ltr'><strong>Υἱός</strong></span> <span class='ocrx_word' id='word_1_266' title='bbox 2848 1118 2996 1169; x_wconf 85' lang='grc' dir='ltr'>ἐστι·</span> <span class='ocrx_word' id='word_1_267' title='bbox 3029 1118 3111 1170; x_wconf 81' lang='grc' dir='ltr'>δι’</span> <span class='ocrx_word' id='word_1_268' title='bbox 3154 1122 3302 1190; x_wconf 76' lang='grc' dir='ltr'>ἡμᾶς</span> <span class='ocrx_word' id='word_1_269' title='bbox 3365 1125 3473 1196; x_wconf 86' lang='grc' dir='ltr'>γὰρ</span> <span class='ocrx_word' id='word_1_270' title='bbox 3546 1133 3865 1202; x_wconf 73' lang='grc' dir='ltr'>πεποίηται,</span> <span class='ocrx_word' id='word_1_271' title='bbox 3920 1137 4004 1188; x_wconf 78' lang='grc' dir='ltr'><strong>ἵνα</strong></span> 
     </span>
    </p>
   </div>
   <div class='ocr_carea' id='block_1_41' title="bbox 2426 1201 4002 1288">
    <p class='ocr_par' dir='ltr' id='par_1_41' title="bbox 2426 1201 4002 1288">
     <span class='ocr_line' id='line_1_41' title="bbox 2426 1201 4002 1288; baseline 0.02 -39"><span class='ocrx_word' id='word_1_272' title='bbox 2426 1201 2576 1270; x_wconf 72' lang='grc' dir='ltr'>ἡμᾶς</span> <span class='ocrx_word' id='word_1_273' title='bbox 2601 1202 2669 1253; x_wconf 85' lang='grc' dir='ltr'>δι’</span> <span class='ocrx_word' id='word_1_274' title='bbox 2687 1203 2852 1256; x_wconf 81' lang='grc' dir='ltr'>αὑτοῦ</span> <span class='ocrx_word' id='word_1_275' title='bbox 2890 1207 2964 1270; x_wconf 82' lang='grc' dir='ltr'>ὡς</span> <span class='ocrx_word' id='word_1_276' title='bbox 2989 1209 3056 1261; x_wconf 73' lang='grc' dir='ltr'>δι’</span> <span class='ocrx_word' id='word_1_277' title='bbox 3080 1210 3314 1279; x_wconf 75' lang='grc' dir='ltr'><strong>ὀργάνου</strong></span> <span class='ocrx_word' id='word_1_278' title='bbox 3344 1217 3504 1288; x_wconf 82' lang='grc' dir='ltr'>κτίσῃ</span> <span class='ocrx_word' id='word_1_279' title='bbox 3529 1221 3554 1270; x_wconf 80' lang='grc' dir='ltr'>ὁ</span> <span class='ocrx_word' id='word_1_280' title='bbox 3582 1219 3713 1284; x_wconf 75' lang='grc' dir='ltr'>Θεός</span> <span class='ocrx_word' id='word_1_281' title='bbox 3733 1238 3744 1251; x_wconf 89' lang='grc'>·</span> <span class='ocrx_word' id='word_1_282' title='bbox 3785 1229 3875 1277; x_wconf 87' lang='grc' dir='ltr'>καί</span> <span class='ocrx_word' id='word_1_283' title='bbox 3903 1229 4002 1280; x_wconf 64' lang='grc' dir='ltr'>οὐκ</span> 
     </span>
    </p>
   </div>
   <div class='ocr_carea' id='block_1_42' title="bbox 2413 1292 3998 1386">
    <p class='ocr_par' dir='ltr' id='par_1_42' title="bbox 2413 1292 3998 1386">
     <span class='ocr_line' id='line_1_42' title="bbox 2413 1292 3998 1386; baseline 0.018 -42"><span class='ocrx_word' id='word_1_284' title='bbox 2413 1292 2478 1344; x_wconf 83' lang='grc' dir='ltr'>ἂν</span> <span class='ocrx_word' id='word_1_285' title='bbox 2509 1294 2741 1365; x_wconf 78' lang='grc' dir='ltr'><strong>ὑπέστη,</strong></span> <span class='ocrx_word' id='word_1_286' title='bbox 2774 1299 2820 1350; x_wconf 81' lang='grc' dir='ltr'><strong>εί</strong></span> <span class='ocrx_word' id='word_1_287' title='bbox 2855 1300 2928 1368; x_wconf 82' lang='grc' dir='ltr'>μὴ</span> <span class='ocrx_word' id='word_1_288' title='bbox 2960 1302 3110 1371; x_wconf 73' lang='grc' dir='ltr'>ἡμᾶς</span> <span class='ocrx_word' id='word_1_289' title='bbox 3167 1303 3433 1377; x_wconf 73' lang='grc' dir='ltr'>ἠθέλησεν</span> <span class='ocrx_word' id='word_1_290' title='bbox 3482 1313 3509 1363; x_wconf 87' lang='grc' dir='ltr'>ὁ</span> <span class='ocrx_word' id='word_1_291' title='bbox 3555 1312 3686 1376; x_wconf 79' lang='grc' dir='ltr'>Θεὸς</span> <span class='ocrx_word' id='word_1_292' title='bbox 3751 1319 3998 1386; x_wconf 74' lang='grc' dir='ltr'>ποιῆσαι.</span> 
     </span>
    </p>
   </div>
   <div class='ocr_carea' id='block_1_43' title="bbox 2426 1384 3997 1463">
    <p class='ocr_par' dir='ltr' id='par_1_43' title="bbox 2426 1384 3997 1463">
     <span class='ocr_line' id='line_1_43' title="bbox 2426 1384 3997 1463; baseline 0.018 -28"><span class='ocrx_word' id='word_1_293' title='bbox 2426 1384 2739 1455; x_wconf 83' lang='grc' dir='ltr'>Ἦρώτησεν</span> <span class='ocrx_word' id='word_1_294' title='bbox 2769 1388 2861 1442; x_wconf 79' lang='grc' dir='ltr'><strong>οὖν</strong></span> <span class='ocrx_word' id='word_1_295' title='bbox 2885 1409 2967 1455; x_wconf 85' lang='grc' dir='ltr'><strong>τις</strong></span> <span class='ocrx_word' id='word_1_296' title='bbox 2991 1396 3188 1460; x_wconf 76' lang='grc' dir='ltr'>αὐτοὺς</span> <span class='ocrx_word' id='word_1_297' title='bbox 3221 1399 3269 1450; x_wconf 83' lang='grc' dir='ltr'><strong>εί</strong></span> <span class='ocrx_word' id='word_1_298' title='bbox 3299 1399 3520 1454; x_wconf 71' lang='grc' dir='ltr'>δύναται</span> <span class='ocrx_word' id='word_1_299' title='bbox 3543 1405 3570 1456; x_wconf 84' lang='grc' dir='ltr'>ὁ</span> <span class='ocrx_word' id='word_1_300' title='bbox 3609 1405 3701 1458; x_wconf 84' lang='grc' dir='ltr'><strong>τοῦ</strong></span> <span class='ocrx_word' id='word_1_301' title='bbox 3726 1405 3858 1460; x_wconf 83' lang='grc' dir='ltr'>Θεοῦ</span> <span class='ocrx_word' id='word_1_302' title='bbox 3893 1413 3997 1463; x_wconf 68' lang='grc' dir='ltr'><strong>Λό-</strong></span> 
     </span>
    </p>
   </div>
   <div class='ocr_carea' id='block_1_44' title="bbox 2410 1477 4000 1557">
    <p class='ocr_par' dir='ltr' id='par_1_44' title="bbox 2410 1477 4000 1557">
     <span class='ocr_line' id='line_1_44' title="bbox 2410 1477 4000 1557; baseline 0.018 -34"><span class='ocrx_word' id='word_1_303' title='bbox 2410 1487 2505 1538; x_wconf 88' lang='grc' dir='ltr'><strong>γος</strong></span> <span class='ocrx_word' id='word_1_304' title='bbox 2565 1477 2865 1546; x_wconf 78' lang='grc' dir='ltr'>τραπῆναι,</span> <span class='ocrx_word' id='word_1_305' title='bbox 2913 1481 2990 1542; x_wconf 84' lang='grc' dir='ltr'>ὡς</span> <span class='ocrx_word' id='word_1_306' title='bbox 3045 1483 3256 1557; x_wconf 75' lang='grc' dir='ltr'>ἐτράπη</span> <span class='ocrx_word' id='word_1_307' title='bbox 3308 1491 3335 1541; x_wconf 88' lang='lat'><strong>6</strong></span> <span class='ocrx_word' id='word_1_308' title='bbox 3410 1491 3696 1556; x_wconf 73' lang='grc' dir='ltr'>διάϐολοςο</span> <span class='ocrx_word' id='word_1_309' title='bbox 3758 1498 3850 1550; x_wconf 72' lang='grc' dir='ltr'>καὶ</span> <span class='ocrx_word' id='word_1_310' title='bbox 3901 1502 4000 1552; x_wconf 69' lang='grc' dir='ltr'><strong>οὐκ</strong></span> 
     </span>
    </p>
   </div>
   <div class='ocr_carea' id='block_1_45' title="bbox 2410 1564 4000 1662">
    <p class='ocr_par' dir='ltr' id='par_1_45' title="bbox 2410 1564 4000 1662">
     <span class='ocr_line' id='line_1_45' title="bbox 2410 1564 4000 1662; baseline 0.019 -48"><span class='ocrx_word' id='word_1_311' title='bbox 2410 1564 2754 1635; x_wconf 76' lang='grc' dir='ltr'>ἐφοϐήθησαν</span> <span class='ocrx_word' id='word_1_312' title='bbox 2794 1572 2988 1637; x_wconf 80' lang='grc' dir='ltr'>εἰπεῖν,</span> <span class='ocrx_word' id='word_1_313' title='bbox 3020 1574 3101 1627; x_wconf 81' lang='grc' dir='ltr'><strong>ὅτι</strong></span> <span class='ocrx_word' id='word_1_314' title='bbox 3129 1577 3260 1642; x_wconf 78' lang='grc' dir='ltr'>Ναὶ,</span> <span class='ocrx_word' id='word_1_315' title='bbox 3292 1580 3511 1635; x_wconf 74' lang='grc' dir='ltr'>δύναται</span> <span class='ocrx_word' id='word_1_316' title='bbox 3535 1589 3842 1656; x_wconf 78' lang='grc' dir='ltr'>τραπῆναι·</span> <span class='ocrx_word' id='word_1_317' title='bbox 3873 1607 4000 1662; x_wconf 87' lang='grc' dir='ltr'>τρε-</span> 
     </span>
    </p>
   </div>
   <div class='ocr_carea' id='block_1_46' title="bbox 2407 1659 3998 1744">
    <p class='ocr_par' dir='ltr' id='par_1_46' title="bbox 2407 1659 3998 1744">
     <span class='ocr_line' id='line_1_46' title="bbox 2407 1659 3998 1744; baseline 0.019 -38"><span class='ocrx_word' id='word_1_318' title='bbox 2407 1659 2547 1726; x_wconf 84' lang='grc' dir='ltr'>πτῆς</span> <span class='ocrx_word' id='word_1_319' title='bbox 2591 1659 2698 1728; x_wconf 87' lang='grc' dir='ltr'><strong>γάρ</strong></span> <span class='ocrx_word' id='word_1_320' title='bbox 2741 1663 2855 1716; x_wconf 86' lang='grc' dir='ltr'>ἐστι</span> <span class='ocrx_word' id='word_1_321' title='bbox 2897 1665 3131 1733; x_wconf 76' lang='grc' dir='ltr'>φύσεως,</span> <span class='ocrx_word' id='word_1_322' title='bbox 3180 1675 3440 1743; x_wconf 71' lang='grc' dir='ltr'>γεννητὸς</span> <span class='ocrx_word' id='word_1_323' title='bbox 3476 1678 3569 1730; x_wconf 79' lang='grc' dir='ltr'>καὶ</span> <span class='ocrx_word' id='word_1_324' title='bbox 3619 1682 3834 1744; x_wconf 79' lang='grc' dir='ltr'>κτιστὸς</span> <span class='ocrx_word' id='word_1_325' title='bbox 3895 1687 3998 1736; x_wconf 75' lang='grc' dir='ltr'><strong>ὑπ-</strong></span> 
     </span>
    </p>
   </div>
   <div class='ocr_carea' id='block_1_47' title="bbox 2409 1752 2611 1822">
    <p class='ocr_par' dir='ltr' id='par_1_47' title="bbox 2409 1752 2611 1822">
     <span class='ocr_line' id='line_1_47' title="bbox 2409 1752 2611 1822; baseline 0.015 -19"><span class='ocrx_word' id='word_1_326' title='bbox 2409 1752 2611 1822; x_wconf 85' lang='grc' dir='ltr'>ἀρχων.</span> 
     </span>
    </p>
   </div>
   <div class='ocr_carea' id='block_1_48' title="bbox 2486 1848 3996 1936">
    <p class='ocr_par' dir='ltr' id='par_1_48' title="bbox 2486 1848 3996 1936">
     <span class='ocr_line' id='line_1_48' title="bbox 2486 1848 3996 1936; baseline 0.017 -39"><span class='ocrx_word' id='word_1_327' title='bbox 2486 1848 2647 1901; x_wconf 81' lang='grc' dir='ltr'>’Λλλὰ</span> <span class='ocrx_word' id='word_1_328' title='bbox 2697 1851 2756 1902; x_wconf 76' lang='grc' dir='ltr'>τὸ</span> <span class='ocrx_word' id='word_1_329' title='bbox 2812 1853 2953 1906; x_wconf 73' lang='grc' dir='ltr'>κατὰ</span> <span class='ocrx_word' id='word_1_330' title='bbox 3003 1853 3099 1924; x_wconf 80' lang='grc' dir='ltr'>τὴν</span> <span class='ocrx_word' id='word_1_331' title='bbox 3151 1856 3367 1911; x_wconf 75' lang='grc' dir='ltr'>σύνοδον</span> <span class='ocrx_word' id='word_1_332' title='bbox 3436 1863 3659 1930; x_wconf 80' lang='grc' dir='ltr'>γεγονὸς</span> <span class='ocrx_word' id='word_1_333' title='bbox 3719 1865 3901 1936; x_wconf 80' lang='grc' dir='ltr'>θαῦμα</span> <span class='ocrx_word' id='word_1_334' title='bbox 3937 1871 3996 1921; x_wconf 69' lang='grc' dir='ltr'><strong>εὖ</strong></span> 
     </span>
    </p>
   </div>
   <div class='ocr_carea' id='block_1_49' title="bbox 2407 1936 3997 2028">
    <p class='ocr_par' dir='ltr' id='par_1_49' title="bbox 2407 1936 3997 2028">
     <span class='ocr_line' id='line_1_49' title="bbox 2407 1936 3997 2028; baseline 0.015 -39"><span class='ocrx_word' id='word_1_335' title='bbox 2407 1936 2616 1992; x_wconf 86' lang='grc' dir='ltr'>δίκαιον</span> <span class='ocrx_word' id='word_1_336' title='bbox 2649 1944 2825 2012; x_wconf 82' lang='grc' dir='ltr'>σιωπῇ</span> <span class='ocrx_word' id='word_1_337' title='bbox 2855 1947 3241 2016; x_wconf 73' lang='grc' dir='ltr'>παραπέμψαι.</span> <span class='ocrx_word' id='word_1_338' title='bbox 3299 1951 3440 2019; x_wconf 67' lang='grc' dir='ltr'>Πρὶς</span> <span class='ocrx_word' id='word_1_339' title='bbox 3471 1954 3577 2024; x_wconf 78' lang='grc' dir='ltr'><strong>γαρ</strong></span> <span class='ocrx_word' id='word_1_340' title='bbox 3601 1957 3659 2008; x_wconf 71' lang='grc' dir='ltr'>τὸ</span> <span class='ocrx_word' id='word_1_341' title='bbox 3691 1960 3997 2028; x_wconf 69' lang='grc' dir='ltr'>παράδοξοι</span> 
     </span>
    </p>
   </div>
   <div class='ocr_carea' id='block_1_50' title="bbox 2406 2028 3993 2123">
    <p class='ocr_par' dir='ltr' id='par_1_50' title="bbox 2406 2028 3993 2123">
     <span class='ocr_line' id='line_1_50' title="bbox 2406 2028 3993 2123; baseline 0.015 -44"><span class='ocrx_word' id='word_1_342' title='bbox 2406 2028 2501 2080; x_wconf 83' lang='grc' dir='ltr'><strong>τοῦ</strong></span> <span class='ocrx_word' id='word_1_343' title='bbox 2537 2030 2819 2097; x_wconf 76' lang='grc' dir='ltr'>βασιλικοῦ</span> <span class='ocrx_word' id='word_1_344' title='bbox 2843 2034 3218 2107; x_wconf 76' lang='grc' dir='ltr'><strong>διατάγματος</strong></span> <span class='ocrx_word' id='word_1_345' title='bbox 3274 2044 3367 2094; x_wconf 72' lang='grc' dir='ltr'><strong>καὶ</strong></span> <span class='ocrx_word' id='word_1_346' title='bbox 3401 2045 3681 2116; x_wconf 58' lang='grc' dir='ltr'>φιλόσοψοι</span> <span class='ocrx_word' id='word_1_347' title='bbox 3738 2053 3833 2104; x_wconf 76' lang='grc' dir='ltr'><strong>καὶ</strong></span> <span class='ocrx_word' id='word_1_348' title='bbox 3891 2055 3993 2123; x_wconf 41' lang='lat' dir='ltr'><strong>pr;-</strong></span> 
     </span>
    </p>
   </div>
   <div class='ocr_carea' id='block_1_51' title="bbox 2406 2125 3994 2214">
    <p class='ocr_par' dir='ltr' id='par_1_51' title="bbox 2406 2125 3994 2214">
     <span class='ocr_line' id='line_1_51' title="bbox 2406 2125 3994 2214; baseline 0.017 -42"><span class='ocrx_word' id='word_1_349' title='bbox 2406 2137 2564 2189; x_wconf 84' lang='grc' dir='ltr'>τορες</span> <span class='ocrx_word' id='word_1_350' title='bbox 2597 2125 2654 2176; x_wconf 89' lang='grc' dir='ltr'><strong>ἐν</strong></span> <span class='ocrx_word' id='word_1_351' title='bbox 2685 2127 2750 2195; x_wconf 83' lang='grc' dir='ltr'>τῇ</span> <span class='ocrx_word' id='word_1_352' title='bbox 2786 2128 2989 2198; x_wconf 78' lang='grc' dir='ltr'><strong>συνόδῳ</strong></span> <span class='ocrx_word' id='word_1_353' title='bbox 3040 2133 3319 2202; x_wconf 74' lang='grc' dir='ltr'>παρῆσαν,</span> <span class='ocrx_word' id='word_1_354' title='bbox 3393 2137 3738 2210; x_wconf 68' lang='grc' dir='ltr'><strong>διαλεκτικῆς</strong></span> <span class='ocrx_word' id='word_1_355' title='bbox 3797 2147 3994 2214; x_wconf 73' lang='grc' dir='ltr'>ἐμπει-</span> 
     </span>
    </p>
   </div>
   <div class='ocr_carea' id='block_1_52' title="bbox 2411 2211 3994 2302">
    <p class='ocr_par' dir='ltr' id='par_1_52' title="bbox 2411 2211 3994 2302">
     <span class='ocr_line' id='line_1_52' title="bbox 2411 2211 3994 2302; baseline 0.018 -40"><span class='ocrx_word' id='word_1_356' title='bbox 2411 2212 2627 2280; x_wconf 83' lang='grc' dir='ltr'>ρότατοι</span> <span class='ocrx_word' id='word_1_357' title='bbox 2661 2231 2676 2244; x_wconf 89' lang='grc'><strong>·</strong></span> <span class='ocrx_word' id='word_1_358' title='bbox 2725 2217 2783 2266; x_wconf 83' lang='grc' dir='ltr'><strong>ἐν</strong></span> <span class='ocrx_word' id='word_1_359' title='bbox 2812 2211 2893 2281; x_wconf 72' lang='grc' dir='ltr'>οἷς</span> <span class='ocrx_word' id='word_1_360' title='bbox 2930 2219 3142 2291; x_wconf 79' lang='grc' dir='ltr'>ὑπῆρχέ</span> <span class='ocrx_word' id='word_1_361' title='bbox 3201 2241 3284 2286; x_wconf 85' lang='grc' dir='ltr'><strong>τις</strong></span> <span class='ocrx_word' id='word_1_362' title='bbox 3311 2227 3512 2297; x_wconf 85' lang='grc' dir='ltr'>Ἕλλην</span> <span class='ocrx_word' id='word_1_363' title='bbox 3574 2236 3728 2302; x_wconf 72' lang='grc' dir='ltr'>παρα</span> <span class='ocrx_word' id='word_1_364' title='bbox 3772 2238 3994 2290; x_wconf 69' lang='grc' dir='ltr'>πάντων</span> 
     </span>
    </p>
   </div>
   <div class='ocr_carea' id='block_1_53' title="bbox 2405 2302 3993 2395">
    <p class='ocr_par' dir='ltr' id='par_1_53' title="bbox 2405 2302 3993 2395">
     <span class='ocr_line' id='line_1_53' title="bbox 2405 2302 3993 2395; baseline 0.016 -41"><span class='ocrx_word' id='word_1_365' title='bbox 2405 2302 2567 2364; x_wconf 72' lang='grc' dir='ltr'>αὐτὸς</span> <span class='ocrx_word' id='word_1_366' title='bbox 2595 2302 3029 2377; x_wconf 76' lang='grc' dir='ltr'>Θαυμαζόμενος,</span> <span class='ocrx_word' id='word_1_367' title='bbox 3060 2311 3199 2366; x_wconf 75' lang='grc' dir='ltr'>ὥστε</span> <span class='ocrx_word' id='word_1_368' title='bbox 3233 2315 3480 2386; x_wconf 80' lang='grc' dir='ltr'>μεγάλην</span> <span class='ocrx_word' id='word_1_369' title='bbox 3515 2319 3777 2390; x_wconf 82' lang='grc' dir='ltr'>ἀκρόασιν</span> <span class='ocrx_word' id='word_1_370' title='bbox 3804 2327 3868 2378; x_wconf 82' lang='grc' dir='ltr'><strong>ἐκ</strong></span> <span class='ocrx_word' id='word_1_371' title='bbox 3894 2328 3993 2395; x_wconf 74' lang='grc' dir='ltr'>τῆς</span> 
     </span>
    </p>
   </div>
   <div class='ocr_carea' id='block_1_54' title="bbox 2408 2392 3992 2480">
    <p class='ocr_par' dir='ltr' id='par_1_54' title="bbox 2408 2392 3992 2480">
     <span class='ocr_line' id='line_1_54' title="bbox 2408 2392 3992 2480; baseline 0.018 -38"><span class='ocrx_word' id='word_1_372' title='bbox 2408 2392 2684 2463; x_wconf 76' lang='grc' dir='ltr'>συμϐολῆς</span> <span class='ocrx_word' id='word_1_373' title='bbox 2716 2398 2975 2463; x_wconf 82' lang='grc' dir='ltr'>γενέσθαι</span> <span class='ocrx_word' id='word_1_374' title='bbox 3005 2401 3248 2471; x_wconf 78' lang='grc' dir='ltr'><strong>πλήθους</strong></span> <span class='ocrx_word' id='word_1_375' title='bbox 3304 2407 3800 2480; x_wconf 81' lang='grc' dir='ltr'>ἐπισυντρέχοντος.</span> <span class='ocrx_word' id='word_1_376' title='bbox 3859 2418 3992 2470; x_wconf 67' lang='grc' dir='ltr'>Οὑδέ</span> 
     </span>
    </p>
   </div>
   <div class='ocr_carea' id='block_1_55' title="bbox 2405 2480 3992 2573">
    <p class='ocr_par' dir='ltr' id='par_1_55' title="bbox 2405 2480 3992 2573">
     <span class='ocr_line' id='line_1_55' title="bbox 2405 2480 3992 2573; baseline 0.018 -39"><span class='ocrx_word' id='word_1_377' title='bbox 2405 2487 2511 2554; x_wconf 71' lang='grc' dir='ltr'><strong>γὰρ</strong></span> <span class='ocrx_word' id='word_1_378' title='bbox 2537 2480 2718 2540; x_wconf 74' lang='grc' dir='ltr'>οἷοίτε</span> <span class='ocrx_word' id='word_1_379' title='bbox 2750 2484 2888 2558; x_wconf 85' lang='grc' dir='ltr'>ἦσαν</span> <span class='ocrx_word' id='word_1_380' title='bbox 2933 2494 2981 2543; x_wconf 86' lang='grc' dir='ltr'>οἱ</span> <span class='ocrx_word' id='word_1_381' title='bbox 3016 2495 3305 2550; x_wconf 86' lang='grc' dir='ltr'>ἐπίσκοποι</span> <span class='ocrx_word' id='word_1_382' title='bbox 3353 2499 3443 2553; x_wconf 77' lang='grc' dir='ltr'>τὸν</span> <span class='ocrx_word' id='word_1_383' title='bbox 3469 2503 3756 2573; x_wconf 63' lang='grc' dir='ltr'>φιλοτοφδν</span> <span class='ocrx_word' id='word_1_384' title='bbox 3786 2525 3845 2560; x_wconf 87' lang='grc' dir='ltr'><strong>τε</strong></span> <span class='ocrx_word' id='word_1_385' title='bbox 3899 2513 3992 2562; x_wconf 64' lang='grc' dir='ltr'><strong>καὶ</strong></span> 
     </span>
    </p>
   </div>
   <div class='ocr_carea' id='block_1_56' title="bbox 2407 2579 3988 2670">
    <p class='ocr_par' dir='ltr' id='par_1_56' title="bbox 2407 2579 3988 2670">
     <span class='ocr_line' id='line_1_56' title="bbox 2407 2579 3988 2670; baseline 0.018 -43"><span class='ocrx_word' id='word_1_386' title='bbox 2407 2579 2610 2647; x_wconf 76' lang='grc' dir='ltr'>ῥήτορα</span> <span class='ocrx_word' id='word_1_387' title='bbox 2645 2583 2972 2654; x_wconf 62' lang='grc' dir='ltr'>περιτρέψαι</span> <span class='ocrx_word' id='word_1_388' title='bbox 3002 2585 3140 2651; x_wconf 85' lang='grc' dir='ltr'>τέως</span> <span class='ocrx_word' id='word_1_389' title='bbox 3169 2589 3571 2662; x_wconf 78' lang='grc' dir='ltr'>διαλεγόμενον,</span> <span class='ocrx_word' id='word_1_390' title='bbox 3595 2594 3676 2666; x_wconf 76' lang='grc' dir='ltr'><strong>[Ρ.</strong></span> <span class='ocrx_word' id='word_1_391' title='bbox 3727 2599 3851 2670; x_wconf 74' lang='lat'><strong>9.87]</strong></span> <span class='ocrx_word' id='word_1_392' title='bbox 3911 2603 3988 2654; x_wconf 69' lang='grc' dir='ltr'><strong>ὅτι</strong></span> 
     </span>
    </p>
   </div>
   <div class='ocr_carea' id='block_1_57' title="bbox 2404 2670 3990 2756">
    <p class='ocr_par' dir='ltr' id='par_1_57' title="bbox 2404 2670 3990 2756">
     <span class='ocr_line' id='line_1_57' title="bbox 2404 2670 3990 2756; baseline 0.014 -37"><span class='ocrx_word' id='word_1_393' title='bbox 2404 2670 2537 2721; x_wconf 82' lang='grc' dir='ltr'>πᾶσι</span> <span class='ocrx_word' id='word_1_394' title='bbox 2567 2673 2675 2734; x_wconf 83' lang='grc' dir='ltr'>τοῖς</span> <span class='ocrx_word' id='word_1_395' title='bbox 2704 2675 3067 2744; x_wconf 76' lang='grc' dir='ltr'><strong>ἐπαγομένοις</strong></span> <span class='ocrx_word' id='word_1_396' title='bbox 3097 2681 3272 2749; x_wconf 70' lang='grc' dir='ltr'>ῥᾷστα</span> <span class='ocrx_word' id='word_1_397' title='bbox 3314 2687 3706 2756; x_wconf 66' lang='grc' dir='ltr'>προσεφέρετο,</span> <span class='ocrx_word' id='word_1_398' title='bbox 3743 2692 3990 2743; x_wconf 61' lang='grc' dir='ltr'>ἐπιλύων</span> 
     </span>
    </p>
   </div>
   <div class='ocr_carea' id='block_1_58' title="bbox 2404 2761 3988 2847">
    <p class='ocr_par' dir='ltr' id='par_1_58' title="bbox 2404 2761 3988 2847">
     <span class='ocr_line' id='line_1_58' title="bbox 2404 2761 3988 2847; baseline 0.016 -36"><span class='ocrx_word' id='word_1_399' title='bbox 2404 2761 2618 2828; x_wconf 77' lang='grc' dir='ltr'>εὐφυῶς</span> <span class='ocrx_word' id='word_1_400' title='bbox 2649 2764 2717 2816; x_wconf 76' lang='grc' dir='ltr'>τὰ</span> <span class='ocrx_word' id='word_1_401' title='bbox 2753 2770 3146 2838; x_wconf 85' lang='grc' dir='ltr'>προτεινόμενα</span> <span class='ocrx_word' id='word_1_402' title='bbox 3178 2775 3270 2825; x_wconf 74' lang='grc' dir='ltr'><strong>καὶ</strong></span> <span class='ocrx_word' id='word_1_403' title='bbox 3297 2775 3454 2845; x_wconf 81' lang='grc' dir='ltr'>δίκην</span> <span class='ocrx_word' id='word_1_404' title='bbox 3480 2780 3734 2847; x_wconf 72' lang='grc' dir='ltr'><strong>ἐγχέλυος</strong></span> <span class='ocrx_word' id='word_1_405' title='bbox 3780 2783 3988 2836; x_wconf 74' lang='grc' dir='ltr'>ἀκατα-</span> 
     </span>
    </p>
   </div>
   <div class='ocr_carea' id='block_1_59' title="bbox 2403 2857 3984 2944">
    <p class='ocr_par' dir='ltr' id='par_1_59' title="bbox 2403 2857 3984 2944">
     <span class='ocr_line' id='line_1_59' title="bbox 2403 2857 3984 2944; baseline 0.016 -40"><span class='ocrx_word' id='word_1_406' title='bbox 2403 2870 2591 2922; x_wconf 83' lang='grc' dir='ltr'>σχετος</span> <span class='ocrx_word' id='word_1_407' title='bbox 2623 2857 3028 2928; x_wconf 75' lang='grc' dir='ltr'>εὑρισκόμενος.</span> <span class='ocrx_word' id='word_1_408' title='bbox 3071 2864 3160 2917; x_wconf 79' lang='grc' dir='ltr'>Ἐν</span> <span class='ocrx_word' id='word_1_409' title='bbox 3191 2859 3272 2928; x_wconf 69' lang='grc' dir='ltr'>οἷς</span> <span class='ocrx_word' id='word_1_410' title='bbox 3301 2869 3409 2936; x_wconf 74' lang='grc' dir='ltr'><strong>γὰρ</strong></span> <span class='ocrx_word' id='word_1_411' title='bbox 3443 2872 3615 2924; x_wconf 78' lang='grc' dir='ltr'>ἐδόκει</span> <span class='ocrx_word' id='word_1_412' title='bbox 3651 2877 3984 2944; x_wconf 73' lang='grc' dir='ltr'>συνέχεσθαι,</span> 
     </span>
    </p>
   </div>
   <div class='ocr_carea' id='block_1_60' title="bbox 2401 2944 3984 3040">
    <p class='ocr_par' dir='ltr' id='par_1_60' title="bbox 2401 2944 3984 3040">
     <span class='ocr_line' id='line_1_60' title="bbox 2401 2944 3984 3040; baseline 0.016 -45"><span class='ocrx_word' id='word_1_413' title='bbox 2401 2944 2772 3001; x_wconf 81' lang='grc' dir='ltr'>διολισθαίνων</span> <span class='ocrx_word' id='word_1_414' title='bbox 2815 2953 3296 3028; x_wconf 85' lang='grc' dir='ltr'>ἐπικρατεστέρως</span> <span class='ocrx_word' id='word_1_415' title='bbox 3356 2963 3687 3035; x_wconf 68' lang='grc' dir='ltr'>ἀντειξέρετο</span> <span class='ocrx_word' id='word_1_416' title='bbox 3753 2973 3818 3040; x_wconf 77' lang='grc' dir='ltr'>τῇ</span> <span class='ocrx_word' id='word_1_417' title='bbox 3879 2972 3984 3021; x_wconf 63' lang='grc' dir='ltr'>τῶν</span> 
     </span>
    </p>
   </div>
   <div class='ocr_carea' id='block_1_61' title="bbox 2401 3039 3984 3128">
    <p class='ocr_par' dir='ltr' id='par_1_61' title="bbox 2401 3039 3984 3128">
     <span class='ocr_line' id='line_1_61' title="bbox 2401 3039 3984 3128; baseline 0.017 -41"><span class='ocrx_word' id='word_1_418' title='bbox 2401 3039 2688 3107; x_wconf 76' lang='grc' dir='ltr'>νοημάτων</span> <span class='ocrx_word' id='word_1_419' title='bbox 2715 3041 2979 3113; x_wconf 78' lang='grc' dir='ltr'>δεινότητι</span> <span class='ocrx_word' id='word_1_420' title='bbox 3023 3050 3112 3098; x_wconf 74' lang='grc' dir='ltr'><strong>καὶ</strong></span> <span class='ocrx_word' id='word_1_421' title='bbox 3138 3052 3402 3117; x_wconf 71' lang='grc' dir='ltr'>ῥημάτων</span> <span class='ocrx_word' id='word_1_422' title='bbox 3427 3056 3729 3128; x_wconf 64' lang='grc' dir='ltr'>εὖγλωττίᾳ</span> <span class='ocrx_word' id='word_1_423' title='bbox 3776 3079 3832 3113; x_wconf 88' lang='grc' dir='ltr'><strong>τε</strong></span> <span class='ocrx_word' id='word_1_424' title='bbox 3890 3065 3984 3116; x_wconf 79' lang='grc' dir='ltr'><strong>καί</strong></span> 
     </span>
    </p>
   </div>
   <div class='ocr_carea' id='block_1_62' title="bbox 710 3126 2387 3224">
    <p class='ocr_par' dir='ltr' id='par_1_62' title="bbox 710 3126 2367 3224">
     <span class='ocr_line' id='line_1_62' title="bbox 710 3126 2367 3224; baseline 0.009 -49"><span class='ocrx_word' id='word_1_425' title='bbox 710 3133 981 3191; x_wconf 79' lang='lat' dir='ltr'><strong>potestate</strong></span> <span class='ocrx_word' id='word_1_426' title='bbox 1040 3126 1165 3180; x_wconf 89' lang='lat' dir='ltr'><strong>niti.</strong></span> <span class='ocrx_word' id='word_1_427' title='bbox 1223 3128 1455 3191; x_wconf 81' lang='lat' dir='ltr'><strong>Quidam</strong></span> <span class='ocrx_word' id='word_1_428' title='bbox 1509 3133 1654 3182; x_wconf 89' lang='lat' dir='ltr'><strong>enim</strong></span> <span class='ocrx_word' id='word_1_429' title='bbox 1706 3131 1774 3184; x_wconf 88' lang='lat' dir='ltr'><strong>de</strong></span> <span class='ocrx_word' id='word_1_430' title='bbox 1807 3134 2036 3198; x_wconf 85' lang='lat' dir='ltr'><strong>sanctis,</strong></span> <span class='ocrx_word' id='word_1_431' title='bbox 2077 3137 2367 3224; x_wconf 72' lang='lat' dir='ltr'><strong>nominec</strong></span> 
     </span>
    </p>
   </div>
   <div class='ocr_carea' id='block_1_63' title="bbox 2308 3126 3985 3224">
    <p class='ocr_par' dir='ltr' id='par_1_63' title="bbox 2323 3129 3985 3224">
     <span class='ocr_line' id='line_1_63' title="bbox 2323 3129 3985 3224; baseline 0.015 -46"><span class='ocrx_word' id='word_1_432' title='bbox 2323 3166 2367 3224; x_wconf 63' lang='grc' dir='ltr'>Ο</span> <span class='ocrx_word' id='word_1_433' title='bbox 2406 3129 2704 3201; x_wconf 74' lang='grc' dir='ltr'>στωμυλία.</span> <span class='ocrx_word' id='word_1_434' title='bbox 2751 3134 2888 3185; x_wconf 77' lang='grc' dir='ltr'>Ἀλλ’</span> <span class='ocrx_word' id='word_1_435' title='bbox 2922 3137 3006 3188; x_wconf 74' lang='grc' dir='ltr'><strong>ἵνα</strong></span> <span class='ocrx_word' id='word_1_436' title='bbox 3034 3138 3181 3209; x_wconf 73' lang='grc' dir='ltr'>δείξῃ</span> <span class='ocrx_word' id='word_1_437' title='bbox 3233 3144 3258 3193; x_wconf 79' lang='grc' dir='ltr'><strong>δ</strong></span> <span class='ocrx_word' id='word_1_438' title='bbox 3294 3144 3424 3206; x_wconf 56' lang='lat' dir='ltr'><strong>Gai;</strong></span> <span class='ocrx_word' id='word_1_439' title='bbox 3479 3147 3558 3198; x_wconf 74' lang='grc' dir='ltr'><strong>ὅτι</strong></span> <span class='ocrx_word' id='word_1_440' title='bbox 3597 3151 3694 3201; x_wconf 65' lang='grc' dir='ltr'>οὐκ</span> <span class='ocrx_word' id='word_1_441' title='bbox 3737 3155 3792 3202; x_wconf 86' lang='grc' dir='ltr'><strong>ἐν</strong></span> <span class='ocrx_word' id='word_1_442' title='bbox 3845 3153 3985 3223; x_wconf 51' lang='grc' dir='ltr'>λέγω</span> 
     </span>
    </p>
   </div>
   <div class='ocr_carea' id='block_1_64' title="bbox 708 3214 2299 3295">
    <p class='ocr_par' dir='ltr' id='par_1_64' title="bbox 708 3214 2299 3295">
     <span class='ocr_line' id='line_1_64' title="bbox 708 3214 2299 3295; baseline 0.008 -24"><span class='ocrx_word' id='word_1_443' title='bbox 708 3214 1006 3287; x_wconf 84' lang='lat' dir='ltr'><strong>Spyridon,</strong></span> <span class='ocrx_word' id='word_1_444' title='bbox 1043 3221 1340 3290; x_wconf 83' lang='lat' dir='ltr'><strong>episcopus</strong></span> <span class='ocrx_word' id='word_1_445' title='bbox 1390 3221 1841 3289; x_wconf 90' lang='lat' dir='ltr'><strong>Trimithuutius,</strong></span> <span class='ocrx_word' id='word_1_446' title='bbox 1889 3227 2299 3295; x_wconf 86' lang='lat' dir='ltr'><strong>simplicissimo</strong></span> 
     </span>
    </p>
   </div>
   <div class='ocr_carea' id='block_1_65' title="bbox 709 3309 2300 3388">
    <p class='ocr_par' dir='ltr' id='par_1_65' title="bbox 709 3309 2300 3388">
     <span class='ocr_line' id='line_1_65' title="bbox 709 3309 2300 3388; baseline 0.008 -28"><span class='ocrx_word' id='word_1_447' title='bbox 709 3309 927 3376; x_wconf 78' lang='lat' dir='ltr'><strong>ingenio</strong></span> <span class='ocrx_word' id='word_1_448' title='bbox 962 3325 1025 3363; x_wconf 88' lang='lat' dir='ltr'><strong>ac</strong></span> <span class='ocrx_word' id='word_1_449' title='bbox 1073 3311 1385 3366; x_wconf 87' lang='lat' dir='ltr'><strong>disserendi</strong></span> <span class='ocrx_word' id='word_1_450' title='bbox 1418 3315 1593 3377; x_wconf 87' lang='lat' dir='ltr'><strong>rudis,</strong></span> <span class='ocrx_word' id='word_1_451' title='bbox 1631 3317 1786 3384; x_wconf 88' lang='lat' dir='ltr'><strong>petiit</strong></span> <span class='ocrx_word' id='word_1_452' title='bbox 1821 3318 1926 3370; x_wconf 88' lang='lat' dir='ltr'><strong>sibi</strong></span> <span class='ocrx_word' id='word_1_453' title='bbox 1967 3335 2090 3370; x_wconf 90' lang='lat' dir='ltr'><strong>cum</strong></span> <span class='ocrx_word' id='word_1_454' title='bbox 2121 3320 2300 3388; x_wconf 85' lang='lat' dir='ltr'><strong>philo-</strong></span> 
     </span>
    </p>
   </div>
   <div class='ocr_carea' id='block_1_66' title="bbox 708 3403 2295 3474">
    <p class='ocr_par' dir='ltr' id='par_1_66' title="bbox 708 3403 2295 3474">
     <span class='ocr_line' id='line_1_66' title="bbox 708 3403 2295 3474; baseline 0.006 -19"><span class='ocrx_word' id='word_1_455' title='bbox 708 3406 883 3470; x_wconf 62' lang='lat' dir='ltr'><strong>sopho</strong></span> <span class='ocrx_word' id='word_1_456' title='bbox 915 3403 1023 3456; x_wconf 90' lang='lat' dir='ltr'><strong>isto</strong></span> <span class='ocrx_word' id='word_1_457' title='bbox 1050 3403 1366 3473; x_wconf 87' lang='lat' dir='ltr'><strong>disputandi</strong></span> <span class='ocrx_word' id='word_1_458' title='bbox 1395 3408 1570 3461; x_wconf 88' lang='lat' dir='ltr'><strong>locum</strong></span> <span class='ocrx_word' id='word_1_459' title='bbox 1607 3407 1870 3473; x_wconf 86' lang='lat' dir='ltr'><strong>concedi;</strong></span> <span class='ocrx_word' id='word_1_460' title='bbox 1908 3410 2152 3474; x_wconf 84' lang='lat' dir='ltr'><strong>nihilque</strong></span> <span class='ocrx_word' id='word_1_461' title='bbox 2179 3428 2295 3464; x_wconf 88' lang='lat' dir='ltr'><strong>mo-</strong></span> 
     </span>
    </p>
   </div>
   <div class='ocr_carea' id='block_1_67' title="bbox 711 3490 2298 3570">
    <p class='ocr_par' dir='ltr' id='par_1_67' title="bbox 711 3490 2298 3570">
     <span class='ocr_line' id='line_1_67' title="bbox 711 3490 2298 3570; baseline 0.009 -29"><span class='ocrx_word' id='word_1_462' title='bbox 711 3500 866 3545; x_wconf 87' lang='lat' dir='ltr'><strong>ratus</strong></span> <span class='ocrx_word' id='word_1_463' title='bbox 911 3490 1126 3556; x_wconf 84' lang='lat' dir='ltr'><strong>Patres,</strong></span> <span class='ocrx_word' id='word_1_464' title='bbox 1159 3495 1250 3563; x_wconf 89' lang='lat' dir='ltr'><strong>qui</strong></span> <span class='ocrx_word' id='word_1_465' title='bbox 1295 3496 1413 3566; x_wconf 91' lang='lat' dir='ltr'><strong>ejus</strong></span> <span class='ocrx_word' id='word_1_466' title='bbox 1447 3499 1738 3553; x_wconf 86' lang='lat' dir='ltr'><strong>ruditatem</strong></span> <span class='ocrx_word' id='word_1_467' title='bbox 1792 3508 1845 3553; x_wconf 89' lang='lat' dir='ltr'><strong>et</strong></span> <span class='ocrx_word' id='word_1_468' title='bbox 1891 3501 2298 3570; x_wconf 88' lang='lat' dir='ltr'><strong>simplicitatem</strong></span> 
     </span>
    </p>
   </div>
   <div class='ocr_carea' id='block_1_68' title="bbox 709 3585 2295 3661">
    <p class='ocr_par' dir='ltr' id='par_1_68' title="bbox 709 3585 2295 3661">
     <span class='ocr_line' id='line_1_68' title="bbox 709 3585 2295 3661; baseline 0.009 -27"><span class='ocrx_word' id='word_1_469' title='bbox 709 3585 946 3639; x_wconf 82' lang='lat' dir='ltr'><strong>scientes</strong></span> <span class='ocrx_word' id='word_1_470' title='bbox 975 3587 1362 3655; x_wconf 85' lang='lat' dir='ltr'><strong>prohibebant,</strong></span> <span class='ocrx_word' id='word_1_471' title='bbox 1405 3605 1696 3660; x_wconf 81' lang='lat' dir='ltr'><strong>aggressus</strong></span> <span class='ocrx_word' id='word_1_472' title='bbox 1749 3607 1875 3646; x_wconf 89' lang='lat' dir='ltr'><strong>eum</strong></span> <span class='ocrx_word' id='word_1_473' title='bbox 1904 3608 1917 3645; x_wconf 92' lang='lat'><strong>:</strong></span> <span class='ocrx_word' id='word_1_474' title='bbox 1944 3595 2001 3646; x_wconf 95' lang='lat' dir='ltr'><strong>In</strong></span> <span class='ocrx_word' id='word_1_475' title='bbox 2055 3596 2295 3661; x_wconf 91' lang='lat' dir='ltr'><strong>nomine,</strong></span> 
     </span>
    </p>
   </div>
   <div class='ocr_carea' id='block_1_69' title="bbox 709 3673 2297 3749">
    <p class='ocr_par' dir='ltr' id='par_1_69' title="bbox 709 3673 2297 3749">
     <span class='ocr_line' id='line_1_69' title="bbox 709 3673 2297 3749; baseline 0.008 -23"><span class='ocrx_word' id='word_1_476' title='bbox 709 3673 909 3741; x_wconf 82' lang='lat' dir='ltr'><strong>inquit.</strong></span> <span class='ocrx_word' id='word_1_477' title='bbox 943 3673 1072 3730; x_wconf 81' lang='lat' dir='ltr'><strong>Jcsu</strong></span> <span class='ocrx_word' id='word_1_478' title='bbox 1104 3676 1331 3742; x_wconf 80' lang='lat' dir='ltr'><strong>Christi,</strong></span> <span class='ocrx_word' id='word_1_479' title='bbox 1358 3680 1507 3738; x_wconf 88' lang='lat' dir='ltr'><strong>audi.</strong></span> <span class='ocrx_word' id='word_1_480' title='bbox 1529 3681 1877 3749; x_wconf 89' lang='lat' dir='ltr'><strong>philosophe,</strong></span> <span class='ocrx_word' id='word_1_481' title='bbox 1917 3682 2164 3738; x_wconf 88' lang='lat' dir='ltr'><strong>veritatis</strong></span> <span class='ocrx_word' id='word_1_482' title='bbox 2201 3685 2297 3738; x_wconf 90' lang='lat' dir='ltr'><strong>de-</strong></span> 
     </span>
    </p>
   </div>
   <div class='ocr_carea' id='block_1_70' title="bbox 709 3764 2294 3841">
    <p class='ocr_par' dir='ltr' id='par_1_70' title="bbox 709 3764 2294 3841">
     <span class='ocr_line' id='line_1_70' title="bbox 709 3764 2294 3841; baseline 0.006 -23"><span class='ocrx_word' id='word_1_483' title='bbox 709 3775 878 3818; x_wconf 83' lang='lat' dir='ltr'><strong>creta.</strong></span> <span class='ocrx_word' id='word_1_484' title='bbox 916 3764 1123 3822; x_wconf 90' lang='lat' dir='ltr'><strong>Unicus</strong></span> <span class='ocrx_word' id='word_1_485' title='bbox 1150 3779 1232 3822; x_wconf 89' lang='lat' dir='ltr'><strong>est</strong></span> <span class='ocrx_word' id='word_1_486' title='bbox 1265 3767 1430 3834; x_wconf 89' lang='lat' dir='ltr'><strong>Deus,</strong></span> <span class='ocrx_word' id='word_1_487' title='bbox 1465 3775 1556 3839; x_wconf 89' lang='lat' dir='ltr'><strong>qui</strong></span> <span class='ocrx_word' id='word_1_488' title='bbox 1594 3771 1753 3841; x_wconf 82' lang='lat'><strong>503</strong></span> <span class='ocrx_word' id='word_1_489' title='bbox 1786 3771 1987 3826; x_wconf 71' lang='lat' dir='ltr'><strong>caelum</strong></span> <span class='ocrx_word' id='word_1_490' title='bbox 2013 3782 2068 3826; x_wconf 84' lang='lat' dir='ltr'><strong>et</strong></span> <span class='ocrx_word' id='word_1_491' title='bbox 2095 3785 2294 3828; x_wconf 90' lang='lat' dir='ltr'><strong>terram</strong></span> 
     </span>
    </p>
   </div>
   <div class='ocr_carea' id='block_1_71' title="bbox 709 3858 2297 3934">
    <p class='ocr_par' dir='ltr' id='par_1_71' title="bbox 709 3858 2297 3934">
     <span class='ocr_line' id='line_1_71' title="bbox 709 3858 2297 3934; baseline 0.006 -25"><span class='ocrx_word' id='word_1_492' title='bbox 709 3858 938 3919; x_wconf 85' lang='lat' dir='ltr'><strong>creavit,</strong></span> <span class='ocrx_word' id='word_1_493' title='bbox 978 3870 1032 3912; x_wconf 89' lang='lat' dir='ltr'><strong>et</strong></span> <span class='ocrx_word' id='word_1_494' title='bbox 1057 3859 1332 3915; x_wconf 90' lang='lat' dir='ltr'><strong>hominem</strong></span> <span class='ocrx_word' id='word_1_495' title='bbox 1367 3877 1432 3916; x_wconf 84' lang='lat' dir='ltr'><strong>ex</strong></span> <span class='ocrx_word' id='word_1_496' title='bbox 1461 3870 1605 3916; x_wconf 87' lang='lat' dir='ltr'><strong>terra</strong></span> <span class='ocrx_word' id='word_1_497' title='bbox 1645 3863 1823 3928; x_wconf 81' lang='lat' dir='ltr'><strong>linxit,</strong></span> <span class='ocrx_word' id='word_1_498' title='bbox 1859 3872 1914 3916; x_wconf 93' lang='lat' dir='ltr'><strong>et</strong></span> <span class='ocrx_word' id='word_1_499' title='bbox 1947 3864 2155 3934; x_wconf 87' lang='lat' dir='ltr'><strong>reliqua</strong></span> <span class='ocrx_word' id='word_1_500' title='bbox 2180 3881 2297 3919; x_wconf 86' lang='lat' dir='ltr'><strong>om-</strong></span> 
     </span>
    </p>
   </div>
   <div class='ocr_carea' id='block_1_72' title="bbox 710 3954 2293 4024">
    <p class='ocr_par' dir='ltr' id='par_1_72' title="bbox 710 3954 2293 4024">
     <span class='ocr_line' id='line_1_72' title="bbox 710 3954 2293 4024; baseline 0.005 -20"><span class='ocrx_word' id='word_1_501' title='bbox 710 3954 801 4006; x_wconf 87' lang='lat' dir='ltr'><strong>nia</strong></span> <span class='ocrx_word' id='word_1_502' title='bbox 839 3961 947 4004; x_wconf 90' lang='lat' dir='ltr'><strong>tam</strong></span> <span class='ocrx_word' id='word_1_503' title='bbox 982 3969 1103 4022; x_wconf 76' lang='lat' dir='ltr'><strong>qua:</strong></span> <span class='ocrx_word' id='word_1_504' title='bbox 1128 3955 1306 4008; x_wconf 92' lang='lat' dir='ltr'><strong>visum</strong></span> <span class='ocrx_word' id='word_1_505' title='bbox 1345 3955 1562 4024; x_wconf 78' lang='lat' dir='ltr'><strong>fugiunt</strong></span> <span class='ocrx_word' id='word_1_506' title='bbox 1604 3971 1770 4024; x_wconf 88' lang='lat' dir='ltr'><strong>quam</strong></span> <span class='ocrx_word' id='word_1_507' title='bbox 1826 3971 1949 4024; x_wconf 70' lang='lat' dir='ltr'><strong>qua:</strong></span> <span class='ocrx_word' id='word_1_508' title='bbox 1995 3957 2048 4010; x_wconf 93' lang='lat' dir='ltr'><strong>in</strong></span> <span class='ocrx_word' id='word_1_509' title='bbox 2100 3959 2293 4012; x_wconf 87' lang='lat' dir='ltr'><strong>oculos</strong></span> 
     </span>
    </p>
   </div>
   <div class='ocr_carea' id='block_1_73' title="bbox 709 4042 2295 4116">
    <p class='ocr_par' dir='ltr' id='par_1_73' title="bbox 709 4042 2295 4116">
     <span class='ocr_line' id='line_1_73' title="bbox 709 4042 2295 4116; baseline 0.004 -18"><span class='ocrx_word' id='word_1_510' title='bbox 709 4042 1026 4110; x_wconf 82' lang='lat' dir='ltr'><strong>incurrunt,</strong></span> <span class='ocrx_word' id='word_1_511' title='bbox 1078 4046 1255 4098; x_wconf 73' lang='lat' dir='ltr'><strong>Verbo</strong></span> <span class='ocrx_word' id='word_1_512' title='bbox 1302 4044 1618 4114; x_wconf 88' lang='lat' dir='ltr'><strong>Spirituque</strong></span> <span class='ocrx_word' id='word_1_513' title='bbox 1650 4062 1752 4101; x_wconf 88' lang='lat' dir='ltr'><strong>suo</strong></span> <span class='ocrx_word' id='word_1_514' title='bbox 1798 4047 2062 4101; x_wconf 79' lang='lat' dir='ltr'><strong>condidit.</strong></span> <span class='ocrx_word' id='word_1_515' title='bbox 2118 4048 2295 4116; x_wconf 91' lang='lat' dir='ltr'><strong>Hujus</strong></span> 
     </span>
    </p>
   </div>
   <div class='ocr_carea' id='block_1_74' title="bbox 709 4127 2294 4204">
    <p class='ocr_par' dir='ltr' id='par_1_74' title="bbox 709 4127 2294 4204">
     <span class='ocr_line' id='line_1_74' title="bbox 709 4127 2294 4204; baseline 0.005 -21"><span class='ocrx_word' id='word_1_516' title='bbox 709 4127 952 4186; x_wconf 80' lang='lat' dir='ltr'><strong>Verbum</strong></span> <span class='ocrx_word' id='word_1_517' title='bbox 977 4148 1075 4187; x_wconf 90' lang='lat' dir='ltr'><strong>nos</strong></span> <span class='ocrx_word' id='word_1_518' title='bbox 1095 4135 1302 4188; x_wconf 88' lang='lat' dir='ltr'><strong>scimus</strong></span> <span class='ocrx_word' id='word_1_519' title='bbox 1329 4133 1521 4187; x_wconf 82' lang='lat' dir='ltr'><strong>Filium</strong></span> <span class='ocrx_word' id='word_1_520' title='bbox 1554 4135 1641 4188; x_wconf 88' lang='lat' dir='ltr'><strong>Dei</strong></span> <span class='ocrx_word' id='word_1_521' title='bbox 1669 4150 1814 4199; x_wconf 82' lang='lat' dir='ltr'><strong>esse,</strong></span> <span class='ocrx_word' id='word_1_522' title='bbox 1844 4135 2074 4204; x_wconf 89' lang='lat' dir='ltr'><strong>ideoque</strong></span> <span class='ocrx_word' id='word_1_523' title='bbox 2096 4139 2294 4191; x_wconf 88' lang='lat' dir='ltr'><strong>adora-</strong></span> 
     </span>
    </p>
   </div>
   <div class='ocr_carea' id='block_1_75' title="bbox 711 4225 2294 4297">
    <p class='ocr_par' dir='ltr' id='par_1_75' title="bbox 711 4225 2294 4297">
     <span class='ocr_line' id='line_1_75' title="bbox 711 4225 2294 4297; baseline 0.002 -16"><span class='ocrx_word' id='word_1_524' title='bbox 711 4240 856 4288; x_wconf 88' lang='lat' dir='ltr'><strong>mus,</strong></span> <span class='ocrx_word' id='word_1_525' title='bbox 888 4225 1177 4279; x_wconf 84' lang='lat' dir='ltr'><strong>credentes</strong></span> <span class='ocrx_word' id='word_1_526' title='bbox 1203 4235 1404 4280; x_wconf 76' lang='lat' dir='ltr'><strong>nostra:</strong></span> <span class='ocrx_word' id='word_1_527' title='bbox 1436 4227 1632 4280; x_wconf 86' lang='lat' dir='ltr'><strong>salutis</strong></span> <span class='ocrx_word' id='word_1_528' title='bbox 1665 4242 1832 4281; x_wconf 89' lang='lat' dir='ltr'><strong>causa</strong></span> <span class='ocrx_word' id='word_1_529' title='bbox 1867 4243 1991 4280; x_wconf 92' lang='lat' dir='ltr'><strong>eum</strong></span> <span class='ocrx_word' id='word_1_530' title='bbox 2017 4239 2294 4297; x_wconf 88' lang='lat' dir='ltr'><strong>postremo</strong></span> 
     </span>
    </p>
   </div>
   <div class='ocr_carea' id='block_1_76' title="bbox 712 4314 2294 4390">
    <p class='ocr_par' dir='ltr' id='par_1_76' title="bbox 712 4314 2294 4390">
     <span class='ocr_line' id='line_1_76' title="bbox 712 4314 2294 4390; baseline 0.006 -23"><span class='ocrx_word' id='word_1_531' title='bbox 712 4326 958 4384; x_wconf 89' lang='lat' dir='ltr'><strong>tempore</strong></span> <span class='ocrx_word' id='word_1_532' title='bbox 984 4331 1050 4369; x_wconf 81' lang='lat' dir='ltr'><strong>ex</strong></span> <span class='ocrx_word' id='word_1_533' title='bbox 1097 4314 1319 4386; x_wconf 82' lang='lat' dir='ltr'><strong>Virgine</strong></span> <span class='ocrx_word' id='word_1_534' title='bbox 1345 4325 1555 4381; x_wconf 89' lang='lat' dir='ltr'><strong>natum,</strong></span> <span class='ocrx_word' id='word_1_535' title='bbox 1586 4318 1880 4386; x_wconf 87' lang='lat' dir='ltr'><strong>supplicio,</strong></span> <span class='ocrx_word' id='word_1_536' title='bbox 1919 4329 2092 4374; x_wconf 87' lang='lat' dir='ltr'><strong>morte</strong></span> <span class='ocrx_word' id='word_1_537' title='bbox 2131 4331 2294 4390; x_wconf 84' lang='lat' dir='ltr'><strong>atque</strong></span> 
     </span>
    </p>
   </div>
   <div class='ocr_carea' id='block_1_77' title="bbox 714 4409 2288 4477">
    <p class='ocr_par' dir='ltr' id='par_1_77' title="bbox 714 4409 2288 4477">
     <span class='ocr_line' id='line_1_77' title="bbox 714 4409 2288 4477; baseline 0.006 -20"><span class='ocrx_word' id='word_1_538' title='bbox 714 4409 766 4461; x_wconf 92' lang='lat' dir='ltr'><strong>in</strong></span> <span class='ocrx_word' id='word_1_539' title='bbox 800 4409 965 4460; x_wconf 89' lang='lat' dir='ltr'><strong>vitam</strong></span> <span class='ocrx_word' id='word_1_540' title='bbox 1024 4409 1201 4462; x_wconf 89' lang='lat' dir='ltr'><strong>reditu</strong></span> <span class='ocrx_word' id='word_1_541' title='bbox 1253 4423 1355 4462; x_wconf 90' lang='lat' dir='ltr'><strong>suo</strong></span> <span class='ocrx_word' id='word_1_542' title='bbox 1410 4409 1710 4461; x_wconf 85' lang='lat' dir='ltr'><strong>humanum</strong></span> <span class='ocrx_word' id='word_1_543' title='bbox 1773 4426 1944 4477; x_wconf 87' lang='lat' dir='ltr'><strong>genus</strong></span> <span class='ocrx_word' id='word_1_544' title='bbox 1991 4413 2288 4476; x_wconf 80' lang='lat' dir='ltr'><strong>liberasse;</strong></span> 
     </span>
    </p>
   </div>
   <div class='ocr_carea' id='block_1_78' title="bbox 2403 3220 3986 3312">
    <p class='ocr_par' dir='ltr' id='par_1_78' title="bbox 2403 3220 3986 3312">
     <span class='ocr_line' id='line_1_78' title="bbox 2403 3220 3986 3312; baseline 0.018 -42"><span class='ocrx_word' id='word_1_545' title='bbox 2403 3220 2435 3290; x_wconf 86' lang='grc' dir='ltr'>ἠ</span> <span class='ocrx_word' id='word_1_546' title='bbox 2469 3221 2716 3288; x_wconf 82' lang='grc' dir='ltr'>βασιλεία</span> <span class='ocrx_word' id='word_1_547' title='bbox 2745 3225 2837 3277; x_wconf 86' lang='grc' dir='ltr'><strong>τοῦ</strong></span> <span class='ocrx_word' id='word_1_548' title='bbox 2874 3228 3036 3293; x_wconf 80' lang='grc' dir='ltr'>Θεοῦ,</span> <span class='ocrx_word' id='word_1_549' title='bbox 3065 3231 3184 3283; x_wconf 82' lang='grc' dir='ltr'>ἀλλ’</span> <span class='ocrx_word' id='word_1_550' title='bbox 3213 3235 3270 3284; x_wconf 87' lang='grc' dir='ltr'><strong>ἐν</strong></span> <span class='ocrx_word' id='word_1_551' title='bbox 3295 3235 3543 3304; x_wconf 73' lang='grc' dir='ltr'>δυνάμει,</span> <span class='ocrx_word' id='word_1_552' title='bbox 3595 3241 3878 3312; x_wconf 47' lang='lat' dir='ltr'><strong>iudet-1:6;</strong></span> <span class='ocrx_word' id='word_1_553' title='bbox 3908 3265 3986 3309; x_wconf 80' lang='grc' dir='ltr'><strong>τις</strong></span> 
     </span>
    </p>
   </div>
   <div class='ocr_carea' id='block_1_79' title="bbox 2399 3312 3984 3406">
    <p class='ocr_par' dir='ltr' id='par_1_79' title="bbox 2399 3312 3984 3406">
     <span class='ocr_line' id='line_1_79' title="bbox 2399 3312 3984 3406; baseline 0.017 -44"><span class='ocrx_word' id='word_1_554' title='bbox 2399 3313 2464 3363; x_wconf 80' lang='grc' dir='ltr'><strong>ἐκ</strong></span> <span class='ocrx_word' id='word_1_555' title='bbox 2497 3312 2605 3363; x_wconf 84' lang='grc' dir='ltr'><strong>τῶν</strong></span> <span class='ocrx_word' id='word_1_556' title='bbox 2632 3315 2802 3382; x_wconf 81' lang='grc' dir='ltr'>ἁγίων</span> <span class='ocrx_word' id='word_1_557' title='bbox 2841 3319 3068 3388; x_wconf 77' lang='grc' dir='ltr'>ὀνόματι</span> <span class='ocrx_word' id='word_1_558' title='bbox 3102 3325 3406 3395; x_wconf 80' lang='grc' dir='ltr'>Σπυρίδων,</span> <span class='ocrx_word' id='word_1_559' title='bbox 3457 3332 3751 3396; x_wconf 77' lang='grc' dir='ltr'>ἐπίσκοπος</span> <span class='ocrx_word' id='word_1_560' title='bbox 3786 3337 3984 3406; x_wconf 65' lang='grc' dir='ltr'>Τριμε-</span> 
     </span>
    </p>
   </div>
   <div class='ocr_carea' id='block_1_80' title="bbox 2402 3402 3982 3497">
    <p class='ocr_par' dir='ltr' id='par_1_80' title="bbox 2402 3402 3982 3497">
     <span class='ocr_line' id='line_1_80' title="bbox 2402 3402 3982 3497; baseline 0.019 -44"><span class='ocrx_word' id='word_1_561' title='bbox 2402 3402 2660 3468; x_wconf 76' lang='grc' dir='ltr'>Οοῦντων,</span> <span class='ocrx_word' id='word_1_562' title='bbox 2700 3409 3069 3478; x_wconf 78' lang='grc' dir='ltr'>ἁπλούστατος</span> <span class='ocrx_word' id='word_1_563' title='bbox 3101 3418 3156 3469; x_wconf 79' lang='grc' dir='ltr'><strong>δὲ</strong></span> <span class='ocrx_word' id='word_1_564' title='bbox 3189 3421 3286 3490; x_wconf 69' lang='grc' dir='ltr'><strong>τὴν</strong></span> <span class='ocrx_word' id='word_1_565' title='bbox 3319 3422 3482 3489; x_wconf 70' lang='grc' dir='ltr'>φύσιν</span> <span class='ocrx_word' id='word_1_566' title='bbox 3518 3426 3611 3476; x_wconf 70' lang='grc' dir='ltr'>καὶ</span> <span class='ocrx_word' id='word_1_567' title='bbox 3647 3428 3860 3497; x_wconf 70' lang='grc' dir='ltr'>ἰδιώτης</span> <span class='ocrx_word' id='word_1_568' title='bbox 3893 3434 3982 3483; x_wconf 68' lang='grc' dir='ltr'>τὶν</span> 
     </span>
    </p>
   </div>
   <div class='ocr_carea' id='block_1_81' title="bbox 2398 3496 3982 3592">
    <p class='ocr_par' dir='ltr' id='par_1_81' title="bbox 2398 3496 3982 3592">
     <span class='ocr_line' id='line_1_81' title="bbox 2398 3496 3982 3592; baseline 0.018 -46"><span class='ocrx_word' id='word_1_569' title='bbox 2398 3496 2576 3564; x_wconf 77' lang='grc' dir='ltr'>λόγον,</span> <span class='ocrx_word' id='word_1_570' title='bbox 2607 3502 2836 3554; x_wconf 77' lang='grc' dir='ltr'>αἰτεῖται</span> <span class='ocrx_word' id='word_1_571' title='bbox 2863 3505 3046 3574; x_wconf 78' lang='grc' dir='ltr'>χώραν</span> <span class='ocrx_word' id='word_1_572' title='bbox 3081 3511 3229 3579; x_wconf 77' lang='grc' dir='ltr'>αῦτῷ</span> <span class='ocrx_word' id='word_1_573' title='bbox 3277 3513 3495 3584; x_wconf 74' lang='grc' dir='ltr'>δοθῆναι</span> <span class='ocrx_word' id='word_1_574' title='bbox 3527 3518 3813 3583; x_wconf 73' lang='grc' dir='ltr'>διαλέξεως</span> <span class='ocrx_word' id='word_1_575' title='bbox 3850 3525 3982 3592; x_wconf 62' lang='grc' dir='ltr'>πρὸς</span> 
     </span>
    </p>
   </div>
   <div class='ocr_carea' id='block_1_82' title="bbox 2397 3590 3982 3676">
    <p class='ocr_par' dir='ltr' id='par_1_82' title="bbox 2397 3590 3982 3676">
     <span class='ocr_line' id='line_1_82' title="bbox 2397 3590 3982 3676; baseline 0.018 -37"><span class='ocrx_word' id='word_1_576' title='bbox 2397 3590 2489 3641; x_wconf 86' lang='grc' dir='ltr'><strong>τὸν</strong></span> <span class='ocrx_word' id='word_1_577' title='bbox 2548 3592 2858 3662; x_wconf 59' lang='grc' dir='ltr'>φιλόσοφον.</span> <span class='ocrx_word' id='word_1_578' title='bbox 2927 3601 2988 3650; x_wconf 79' lang='lat'><strong>0!</strong></span> <span class='ocrx_word' id='word_1_579' title='bbox 3052 3601 3107 3653; x_wconf 90' lang='grc' dir='ltr'><strong>δέ</strong></span> <span class='ocrx_word' id='word_1_580' title='bbox 3179 3605 3424 3676; x_wconf 83' lang='grc' dir='ltr'>Πατέρες</span> <span class='ocrx_word' id='word_1_581' title='bbox 3483 3613 3543 3662; x_wconf 86' lang='grc' dir='ltr'><strong>τὸ</strong></span> <span class='ocrx_word' id='word_1_582' title='bbox 3575 3613 3777 3666; x_wconf 79' lang='grc' dir='ltr'>ἁπλοῦν</span> <span class='ocrx_word' id='word_1_583' title='bbox 3801 3631 3854 3666; x_wconf 84' lang='grc' dir='ltr'><strong>τε</strong></span> <span class='ocrx_word' id='word_1_584' title='bbox 3890 3634 3982 3668; x_wconf 75' lang='grc' dir='ltr'><strong>και</strong></span> 
     </span>
    </p>
   </div>
   <div class='ocr_carea' id='block_1_83' title="bbox 2401 3679 3978 3759">
    <p class='ocr_par' dir='ltr' id='par_1_83' title="bbox 2401 3679 3978 3759">
     <span class='ocr_line' id='line_1_83' title="bbox 2401 3679 3978 3759; baseline 0.017 -27"><span class='ocrx_word' id='word_1_585' title='bbox 2401 3679 2667 3736; x_wconf 70' lang='grc' dir='ltr'>ἰδιωτικὸν</span> <span class='ocrx_word' id='word_1_586' title='bbox 2692 3687 2786 3739; x_wconf 85' lang='grc' dir='ltr'><strong>τοῦ</strong></span> <span class='ocrx_word' id='word_1_587' title='bbox 2814 3689 3003 3759; x_wconf 82' lang='grc' dir='ltr'>ἀνδρὸς</span> <span class='ocrx_word' id='word_1_588' title='bbox 3034 3693 3231 3757; x_wconf 78' lang='grc' dir='ltr'>εἰδότες</span> <span class='ocrx_word' id='word_1_589' title='bbox 3264 3698 3501 3751; x_wconf 75' lang='grc' dir='ltr'>ἐκώλυον</span> <span class='ocrx_word' id='word_1_590' title='bbox 3529 3704 3707 3754; x_wconf 65' lang='grc' dir='ltr'>αὐτὸν.</span> <span class='ocrx_word' id='word_1_591' title='bbox 3775 3706 3879 3757; x_wconf 79' lang='grc' dir='ltr'><strong>Τοῦ</strong></span> <span class='ocrx_word' id='word_1_592' title='bbox 3923 3710 3978 3759; x_wconf 73' lang='grc' dir='ltr'><strong>δὲ</strong></span> 
     </span>
    </p>
   </div>
   <div class='ocr_carea' id='block_1_84' title="bbox 2401 3770 3978 3862">
    <p class='ocr_par' dir='ltr' id='par_1_84' title="bbox 2401 3770 3978 3862">
     <span class='ocr_line' id='line_1_84' title="bbox 2401 3770 3978 3862; baseline 0.013 -35"><span class='ocrx_word' id='word_1_593' title='bbox 2401 3770 2474 3839; x_wconf 82' lang='grc' dir='ltr'>μὴ</span> <span class='ocrx_word' id='word_1_594' title='bbox 2527 3775 2874 3844; x_wconf 75' lang='grc' dir='ltr'>ἀνεχομένου,</span> <span class='ocrx_word' id='word_1_595' title='bbox 2924 3783 3173 3848; x_wconf 77' lang='grc' dir='ltr'>πρόσεισι</span> <span class='ocrx_word' id='word_1_596' title='bbox 3227 3787 3301 3856; x_wconf 81' lang='grc' dir='ltr'><strong>τῷ</strong></span> <span class='ocrx_word' id='word_1_597' title='bbox 3337 3790 3491 3861; x_wconf 70' lang='grc' dir='ltr'>ἀνδρὶ</span> <span class='ocrx_word' id='word_1_598' title='bbox 3522 3793 3612 3844; x_wconf 86' lang='grc' dir='ltr'><strong>καί</strong></span> <span class='ocrx_word' id='word_1_599' title='bbox 3650 3812 3845 3862; x_wconf 71' lang='grc' dir='ltr'>φησιν·</span> <span class='ocrx_word' id='word_1_600' title='bbox 3891 3799 3978 3850; x_wconf 74' lang='grc' dir='ltr'>Ἐν</span> 
     </span>
    </p>
   </div>
   <div class='ocr_carea' id='block_1_85' title="bbox 2399 3862 3976 3956">
    <p class='ocr_par' dir='ltr' id='par_1_85' title="bbox 2399 3862 3976 3956">
     <span class='ocr_line' id='line_1_85' title="bbox 2399 3862 3976 3956; baseline 0.018 -43"><span class='ocrx_word' id='word_1_601' title='bbox 2399 3862 2627 3931; x_wconf 78' lang='grc' dir='ltr'>ὀνόματι</span> <span class='ocrx_word' id='word_1_602' title='bbox 2660 3867 2749 3918; x_wconf 89' lang='grc' dir='ltr'><strong>τοῦ</strong></span> <span class='ocrx_word' id='word_1_603' title='bbox 2783 3869 2961 3938; x_wconf 84' lang='grc' dir='ltr'>Ἰησοῦ</span> <span class='ocrx_word' id='word_1_604' title='bbox 3007 3873 3271 3942; x_wconf 77' lang='grc' dir='ltr'>Χριστοῦ,</span> <span class='ocrx_word' id='word_1_605' title='bbox 3300 3880 3554 3946; x_wconf 76' lang='grc' dir='ltr'>ἄκουσον,</span> <span class='ocrx_word' id='word_1_606' title='bbox 3594 3877 3638 3936; x_wconf 79' lang='grc' dir='ltr'>ὦ</span> <span class='ocrx_word' id='word_1_607' title='bbox 3698 3886 3976 3956; x_wconf 58' lang='grc' dir='ltr'>ιξιλοσοςε.</span> 
     </span>
    </p>
   </div>
   <div class='ocr_carea' id='block_1_86' title="bbox 2396 3954 3978 4038">
    <p class='ocr_par' dir='ltr' id='par_1_86' title="bbox 2396 3954 3978 4038">
     <span class='ocr_line' id='line_1_86' title="bbox 2396 3954 3978 4038; baseline 0.009 -22"><span class='ocrx_word' id='word_1_608' title='bbox 2396 3954 2466 4006; x_wconf 67' lang='grc' dir='ltr'><strong>τὰ</strong></span> <span class='ocrx_word' id='word_1_609' title='bbox 2520 3956 2620 4023; x_wconf 70' lang='grc' dir='ltr'>τῆς</span> <span class='ocrx_word' id='word_1_610' title='bbox 2677 3959 2936 4025; x_wconf 74' lang='grc' dir='ltr'>ἀληθείας</span> <span class='ocrx_word' id='word_1_611' title='bbox 2977 3965 3244 4034; x_wconf 79' lang='grc' dir='ltr'>δόγματα.</span> <span class='ocrx_word' id='word_1_612' title='bbox 3303 3970 3435 4034; x_wconf 73' lang='grc' dir='ltr'>Θεὸς</span> <span class='ocrx_word' id='word_1_613' title='bbox 3475 3968 3554 4036; x_wconf 75' lang='grc' dir='ltr'>εἷς</span> <span class='ocrx_word' id='word_1_614' title='bbox 3605 3978 3773 4038; x_wconf 77' lang='grc' dir='ltr'>ἐστιν,</span> <span class='ocrx_word' id='word_1_615' title='bbox 3828 3981 3855 4030; x_wconf 81' lang='grc' dir='ltr'><strong>ὁ</strong></span> <span class='ocrx_word' id='word_1_616' title='bbox 3889 3983 3978 4031; x_wconf 63' lang='grc' dir='ltr'><strong>τιν</strong></span> 
     </span>
    </p>
   </div>
   <div class='ocr_carea' id='block_1_87' title="bbox 2395 4045 3979 4135">
    <p class='ocr_par' dir='ltr' id='par_1_87' title="bbox 2395 4045 3979 4135">
     <span class='ocr_line' id='line_1_87' title="bbox 2395 4045 3979 4135; baseline 0.018 -40"><span class='ocrx_word' id='word_1_617' title='bbox 2395 4045 2622 4116; x_wconf 73' lang='grc' dir='ltr'>οὐρανὸν</span> <span class='ocrx_word' id='word_1_618' title='bbox 2652 4052 2744 4102; x_wconf 76' lang='grc' dir='ltr'><strong>καὶ</strong></span> <span class='ocrx_word' id='word_1_619' title='bbox 2797 4053 2895 4121; x_wconf 76' lang='grc' dir='ltr'><strong>τὴν</strong></span> <span class='ocrx_word' id='word_1_620' title='bbox 2931 4057 3033 4123; x_wconf 77' lang='grc' dir='ltr'><strong>γῆν</strong></span> <span class='ocrx_word' id='word_1_621' title='bbox 3057 4062 3306 4126; x_wconf 71' lang='grc' dir='ltr'>ποιήσας,</span> <span class='ocrx_word' id='word_1_622' title='bbox 3360 4064 3388 4113; x_wconf 87' lang='grc' dir='ltr'>ὀ</span> <span class='ocrx_word' id='word_1_623' title='bbox 3419 4067 3513 4116; x_wconf 72' lang='grc' dir='ltr'><strong>καὶ</strong></span> <span class='ocrx_word' id='word_1_624' title='bbox 3573 4067 3857 4135; x_wconf 63' lang='grc' dir='ltr'>ἄνθρωπον</span> <span class='ocrx_word' id='word_1_625' title='bbox 3917 4079 3979 4124; x_wconf 73' lang='lat' dir='ltr'><strong>:z:</strong></span> 
     </span>
    </p>
   </div>
   <div class='ocr_carea' id='block_1_88' title="bbox 2394 4137 3979 4230">
    <p class='ocr_par' dir='ltr' id='par_1_88' title="bbox 2394 4137 3979 4230">
     <span class='ocr_line' id='line_1_88' title="bbox 2394 4137 3979 4230; baseline 0.016 -43"><span class='ocrx_word' id='word_1_626' title='bbox 2394 4138 2496 4204; x_wconf 79' lang='grc' dir='ltr'><strong>γῆς</strong></span> <span class='ocrx_word' id='word_1_627' title='bbox 2539 4137 2860 4204; x_wconf 83' lang='grc' dir='ltr'>διαπλάσας,</span> <span class='ocrx_word' id='word_1_628' title='bbox 2886 4146 2980 4196; x_wconf 73' lang='grc' dir='ltr'><strong>καὶ</strong></span> <span class='ocrx_word' id='word_1_629' title='bbox 3005 4147 3068 4198; x_wconf 82' lang='grc' dir='ltr'><strong>τα</strong></span> <span class='ocrx_word' id='word_1_630' title='bbox 3092 4150 3260 4216; x_wconf 71' lang='grc' dir='ltr'>ὁρατὰ</span> <span class='ocrx_word' id='word_1_631' title='bbox 3319 4153 3493 4207; x_wconf 75' lang='grc' dir='ltr'>πάντα</span> <span class='ocrx_word' id='word_1_632' title='bbox 3518 4158 3610 4209; x_wconf 82' lang='grc' dir='ltr'>καὶ</span> <span class='ocrx_word' id='word_1_633' title='bbox 3655 4160 3862 4225; x_wconf 69' lang='grc' dir='ltr'>ἀόρατα</span> <span class='ocrx_word' id='word_1_634' title='bbox 3902 4165 3979 4230; x_wconf 51' lang='grc' dir='ltr'><strong>τί»</strong></span> 
     </span>
    </p>
   </div>
   <div class='ocr_carea' id='block_1_89' title="bbox 2399 4225 3974 4310">
    <p class='ocr_par' dir='ltr' id='par_1_89' title="bbox 2399 4225 3974 4310">
     <span class='ocr_line' id='line_1_89' title="bbox 2399 4225 3974 4310; baseline 0.015 -35"><span class='ocrx_word' id='word_1_635' title='bbox 2399 4225 2558 4294; x_wconf 86' lang='grc' dir='ltr'><strong>Λόγῳ</strong></span> <span class='ocrx_word' id='word_1_636' title='bbox 2587 4229 2750 4280; x_wconf 81' lang='grc' dir='ltr'>αὑτοῦ</span> <span class='ocrx_word' id='word_1_637' title='bbox 2789 4233 2883 4283; x_wconf 73' lang='grc' dir='ltr'><strong>καὶ</strong></span> <span class='ocrx_word' id='word_1_638' title='bbox 2910 4233 2983 4301; x_wconf 75' lang='grc' dir='ltr'><strong>τῷ</strong></span> <span class='ocrx_word' id='word_1_639' title='bbox 3017 4235 3292 4305; x_wconf 82' lang='grc' dir='ltr'>ΙΙνεύματι</span> <span class='ocrx_word' id='word_1_640' title='bbox 3325 4245 3943 4310; x_wconf 67' lang='grc' dir='ltr'>συστησαμε·.πος.ΐοῦτ;</span> <span class='ocrx_word' id='word_1_641' title='bbox 3962 4285 3974 4298; x_wconf 67' lang='grc' dir='ltr'><strong>ι</strong></span> 
     </span>
    </p>
   </div>
   <div class='ocr_carea' id='block_1_90' title="bbox 2393 4315 3974 4404">
    <p class='ocr_par' dir='ltr' id='par_1_90' title="bbox 2393 4315 3974 4404">
     <span class='ocr_line' id='line_1_90' title="bbox 2393 4315 3974 4404; baseline 0.013 -38"><span class='ocrx_word' id='word_1_642' title='bbox 2393 4315 2485 4367; x_wconf 76' lang='grc' dir='ltr'><strong>τὸν</strong></span> <span class='ocrx_word' id='word_1_643' title='bbox 2520 4317 2695 4384; x_wconf 78' lang='grc' dir='ltr'>Λόγον</span> <span class='ocrx_word' id='word_1_644' title='bbox 2746 4322 2906 4389; x_wconf 75' lang='grc' dir='ltr'>ἡμεῖς</span> <span class='ocrx_word' id='word_1_645' title='bbox 2939 4325 3066 4376; x_wconf 76' lang='grc' dir='ltr'>Υἰὸν</span> <span class='ocrx_word' id='word_1_646' title='bbox 3121 4326 3254 4379; x_wconf 79' lang='grc' dir='ltr'>Θεοῦ</span> <span class='ocrx_word' id='word_1_647' title='bbox 3288 4330 3486 4392; x_wconf 76' lang='grc' dir='ltr'>εἰδότες</span> <span class='ocrx_word' id='word_1_648' title='bbox 3539 4336 3974 4404; x_wconf 51' lang='grc' dir='ltr'>προσκυνοῖμει,</span> 
     </span>
    </p>
   </div>
   <div class='ocr_carea' id='block_1_91' title="bbox 2395 4409 3971 4494">
    <p class='ocr_par' dir='ltr' id='par_1_91' title="bbox 2395 4409 3971 4494">
     <span class='ocr_line' id='line_1_91' title="bbox 2395 4409 3971 4494; baseline 0.013 -35"><span class='ocrx_word' id='word_1_649' title='bbox 2395 4409 2738 4473; x_wconf 80' lang='grc' dir='ltr'>πιστεύοντες</span> <span class='ocrx_word' id='word_1_650' title='bbox 2770 4413 2858 4464; x_wconf 69' lang='grc' dir='ltr'><strong>διὰ</strong></span> <span class='ocrx_word' id='word_1_651' title='bbox 2882 4414 2977 4484; x_wconf 75' lang='grc' dir='ltr'><strong>τὴν</strong></span> <span class='ocrx_word' id='word_1_652' title='bbox 3008 4417 3276 4487; x_wconf 81' lang='grc' dir='ltr'>ὴυιετέραν</span> <span class='ocrx_word' id='word_1_653' title='bbox 3311 4425 3580 4491; x_wconf 75' lang='grc' dir='ltr'>σωτηρίαν</span> <span class='ocrx_word' id='word_1_654' title='bbox 3612 4426 3971 4494; x_wconf 70' lang='grc' dir='ltr'>ἐπ’ἐοχατωι</span> 
     </span>
    </p>
   </div>
   <div class='ocr_carea' id='block_1_92' title="bbox 710 4497 2387 4585">
    <p class='ocr_par' dir='ltr' id='par_1_92' title="bbox 710 4497 2366 4571">
     <span class='ocr_line' id='line_1_92' title="bbox 710 4497 2366 4571; baseline 0.01 -25"><span class='ocrx_word' id='word_1_655' title='bbox 710 4497 1070 4566; x_wconf 71' lang='lat' dir='ltr'><strong>eamdemque</strong></span> <span class='ocrx_word' id='word_1_656' title='bbox 1100 4514 1385 4566; x_wconf 84' lang='lat' dir='ltr'><strong>Speramus</strong></span> <span class='ocrx_word' id='word_1_657' title='bbox 1413 4502 1744 4567; x_wconf 87' lang='lat' dir='ltr'><strong>rediturum,</strong></span> <span class='ocrx_word' id='word_1_658' title='bbox 1778 4500 2037 4571; x_wconf 86' lang='lat' dir='ltr'><strong>justeque</strong></span> <span class='ocrx_word' id='word_1_659' title='bbox 2069 4507 2288 4558; x_wconf 62' lang='lat' dir='ltr'><strong>univerv</strong></span> <span class='ocrx_word' id='word_1_660' title='bbox 2323 4509 2366 4562; x_wconf 89' lang='lat' dir='ltr'><strong>D</strong></span> 
     </span>
    </p>
   </div>
   <div class='ocr_carea' id='block_1_93' title="bbox 2296 4497 3973 4585">
    <p class='ocr_par' dir='ltr' id='par_1_93' title="bbox 2323 4501 3973 4585">
     <span class='ocr_line' id='line_1_93' title="bbox 2323 4501 3973 4585; baseline 0.012 -36"><span class='ocrx_word' id='word_1_661' title='bbox 2323 4501 2460 4562; x_wconf 74' lang='grc' dir='ltr'><strong>οέκ</strong></span> <span class='ocrx_word' id='word_1_662' title='bbox 2521 4504 2620 4570; x_wconf 79' lang='grc' dir='ltr'><strong>τῆς</strong></span> <span class='ocrx_word' id='word_1_663' title='bbox 2675 4503 2954 4572; x_wconf 83' lang='grc' dir='ltr'>Παρθένου</span> <span class='ocrx_word' id='word_1_664' title='bbox 3018 4509 3296 4576; x_wconf 65' lang='grc' dir='ltr'>τεχῦἦναι,</span> <span class='ocrx_word' id='word_1_665' title='bbox 3349 4514 3442 4563; x_wconf 76' lang='grc' dir='ltr'><strong>καὶ</strong></span> <span class='ocrx_word' id='word_1_666' title='bbox 3494 4513 3579 4565; x_wconf 69' lang='grc' dir='ltr'><strong>διὰ</strong></span> <span class='ocrx_word' id='word_1_667' title='bbox 3607 4517 3841 4585; x_wconf 72' lang='grc' dir='ltr'>σταυροῦ</span> <span class='ocrx_word' id='word_1_668' title='bbox 3881 4522 3973 4570; x_wconf 79' lang='grc' dir='ltr'><strong>καί</strong></span> 
     </span>
    </p>
   </div>
   <div class='ocr_carea' id='block_1_94' title="bbox 709 4591 2293 4662">
    <p class='ocr_par' dir='ltr' id='par_1_94' title="bbox 709 4591 2293 4662">
     <span class='ocr_line' id='line_1_94' title="bbox 709 4591 2293 4662; baseline 0.003 -18"><span class='ocrx_word' id='word_1_669' title='bbox 709 4605 803 4644; x_wconf 85' lang='lat' dir='ltr'><strong>sos</strong></span> <span class='ocrx_word' id='word_1_670' title='bbox 825 4591 1225 4658; x_wconf 82' lang='lat' dir='ltr'><strong>jmlicaturinu.</strong></span> <span class='ocrx_word' id='word_1_671' title='bbox 1272 4591 1539 4646; x_wconf 87' lang='lat' dir='ltr'><strong>Credisne</strong></span> <span class='ocrx_word' id='word_1_672' title='bbox 1596 4594 1730 4657; x_wconf 74' lang='lat' dir='ltr'><strong>haec,</strong></span> <span class='ocrx_word' id='word_1_673' title='bbox 1785 4594 2146 4662; x_wconf 80' lang='lat' dir='ltr'><strong>philosophe?</strong></span> <span class='ocrx_word' id='word_1_674' title='bbox 2201 4597 2293 4650; x_wconf 91' lang='lat' dir='ltr'><strong>Ille</strong></span> 
     </span>
    </p>
   </div>
   <div class='ocr_carea' id='block_1_95' title="bbox 707 4681 2290 4752">
    <p class='ocr_par' dir='ltr' id='par_1_95' title="bbox 707 4681 2290 4752">
     <span class='ocr_line' id='line_1_95' title="bbox 707 4681 2290 4752; baseline 0.004 -18"><span class='ocrx_word' id='word_1_675' title='bbox 707 4696 859 4746; x_wconf 88' lang='lat' dir='ltr'><strong>vero,</strong></span> <span class='ocrx_word' id='word_1_676' title='bbox 893 4681 1058 4735; x_wconf 89' lang='lat' dir='ltr'><strong>veluti</strong></span> <span class='ocrx_word' id='word_1_677' title='bbox 1087 4682 1130 4734; x_wconf 92' lang='lat' dir='ltr'><strong>si</strong></span> <span class='ocrx_word' id='word_1_678' title='bbox 1156 4698 1439 4750; x_wconf 84' lang='lat' dir='ltr'><strong>nunquam</strong></span> <span class='ocrx_word' id='word_1_679' title='bbox 1491 4685 1771 4752; x_wconf 79' lang='lat' dir='ltr'><strong>disputare</strong></span> <span class='ocrx_word' id='word_1_680' title='bbox 1820 4686 2122 4751; x_wconf 86' lang='lat' dir='ltr'><strong>didicisset,</strong></span> <span class='ocrx_word' id='word_1_681' title='bbox 2153 4689 2290 4741; x_wconf 88' lang='lat' dir='ltr'><strong>muli</strong></span> 
     </span>
    </p>
   </div>
   <div class='ocr_carea' id='block_1_96' title="bbox 708 4775 2289 4847">
    <p class='ocr_par' dir='ltr' id='par_1_96' title="bbox 708 4775 2289 4847">
     <span class='ocr_line' id='line_1_96' title="bbox 708 4775 2289 4847; baseline 0.004 -21"><span class='ocrx_word' id='word_1_682' title='bbox 708 4775 885 4827; x_wconf 86' lang='lat' dir='ltr'><strong>instar</strong></span> <span class='ocrx_word' id='word_1_683' title='bbox 921 4775 1172 4836; x_wconf 84' lang='lat' dir='ltr'><strong>obticuit,</strong></span> <span class='ocrx_word' id='word_1_684' title='bbox 1229 4777 1330 4828; x_wconf 90' lang='lat' dir='ltr'><strong>hoc</strong></span> <span class='ocrx_word' id='word_1_685' title='bbox 1364 4792 1531 4830; x_wconf 87' lang='lat' dir='ltr'><strong>unum</strong></span> <span class='ocrx_word' id='word_1_686' title='bbox 1565 4778 1752 4831; x_wconf 79' lang='lat' dir='ltr'><strong>latus:</strong></span> <span class='ocrx_word' id='word_1_687' title='bbox 1788 4777 1917 4830; x_wconf 83' lang='lat' dir='ltr'><strong>Mihi</strong></span> <span class='ocrx_word' id='word_1_688' title='bbox 1949 4793 2166 4847; x_wconf 88' lang='lat' dir='ltr'><strong>quoque</strong></span> <span class='ocrx_word' id='word_1_689' title='bbox 2216 4781 2289 4833; x_wconf 89' lang='lat' dir='ltr'><strong>ita</strong></span> 
     </span>
    </p>
   </div>
   <div class='ocr_carea' id='block_1_97' title="bbox 707 4864 2292 4939">
    <p class='ocr_par' dir='ltr' id='par_1_97' title="bbox 707 4864 2292 4939">
     <span class='ocr_line' id='line_1_97' title="bbox 707 4864 2292 4939; baseline 0.002 -21"><span class='ocrx_word' id='word_1_690' title='bbox 707 4880 796 4919; x_wconf 83' lang='lat' dir='ltr'><strong>res</strong></span> <span class='ocrx_word' id='word_1_691' title='bbox 819 4864 1021 4918; x_wconf 79' lang='lat' dir='ltr'><strong>[rabere</strong></span> <span class='ocrx_word' id='word_1_692' title='bbox 1042 4867 1274 4919; x_wconf 84' lang='lat' dir='ltr'><strong>videtur.</strong></span> <span class='ocrx_word' id='word_1_693' title='bbox 1312 4865 1451 4919; x_wconf 88' lang='lat' dir='ltr'><strong>Tum</strong></span> <span class='ocrx_word' id='word_1_694' title='bbox 1484 4883 1651 4922; x_wconf 79' lang='lat' dir='ltr'><strong>senex</strong></span> <span class='ocrx_word' id='word_1_695' title='bbox 1683 4868 1955 4938; x_wconf 86' lang='lat' dir='ltr'><strong>Spyridon</strong></span> <span class='ocrx_word' id='word_1_696' title='bbox 1983 4867 2184 4939; x_wconf 84' lang='lat' dir='ltr'><strong>:Ergo,</strong></span> <span class='ocrx_word' id='word_1_697' title='bbox 2211 4870 2292 4922; x_wconf 81' lang='lat' dir='ltr'><strong>iu-</strong></span> 
     </span>
    </p>
   </div>
   <div class='ocr_carea' id='block_1_98' title="bbox 708 4958 2290 5028">
    <p class='ocr_par' dir='ltr' id='par_1_98' title="bbox 708 4958 2290 5028">
     <span class='ocr_line' id='line_1_98' title="bbox 708 4958 2290 5028; baseline 0.004 -21"><span class='ocrx_word' id='word_1_698' title='bbox 708 4958 848 5022; x_wconf 81' lang='lat' dir='ltr'><strong>quit,</strong></span> <span class='ocrx_word' id='word_1_699' title='bbox 891 4971 1074 5026; x_wconf 86' lang='lat' dir='ltr'><strong>surge,</strong></span> <span class='ocrx_word' id='word_1_700' title='bbox 1106 4967 1157 5010; x_wconf 94' lang='lat' dir='ltr'><strong>et</strong></span> <span class='ocrx_word' id='word_1_701' title='bbox 1191 4973 1278 5010; x_wconf 90' lang='lat' dir='ltr'><strong>me</strong></span> <span class='ocrx_word' id='word_1_702' title='bbox 1313 4958 1378 5011; x_wconf 89' lang='lat' dir='ltr'><strong>ad</strong></span> <span class='ocrx_word' id='word_1_703' title='bbox 1415 4960 1679 5028; x_wconf 86' lang='lat' dir='ltr'><strong>templum</strong></span> <span class='ocrx_word' id='word_1_704' title='bbox 1733 4973 1987 5027; x_wconf 90' lang='lat' dir='ltr'><strong>sequere,</strong></span> <span class='ocrx_word' id='word_1_705' title='bbox 2025 4960 2096 5012; x_wconf 87' lang='lat' dir='ltr'><strong>ibi</strong></span> <span class='ocrx_word' id='word_1_706' title='bbox 2121 4971 2290 5013; x_wconf 87' lang='lat' dir='ltr'><strong>tesse-</strong></span> 
     </span>
    </p>
   </div>
   <div class='ocr_carea' id='block_1_99' title="bbox 707 5046 2286 5119">
    <p class='ocr_par' dir='ltr' id='par_1_99' title="bbox 707 5046 2286 5119">
     <span class='ocr_line' id='line_1_99' title="bbox 707 5046 2286 5119; baseline 0.003 -21"><span class='ocrx_word' id='word_1_707' title='bbox 707 5061 821 5099; x_wconf 72' lang='lat' dir='ltr'><strong>ram</strong></span> <span class='ocrx_word' id='word_1_708' title='bbox 881 5046 1004 5100; x_wconf 72' lang='lat' dir='ltr'><strong>fidei</strong></span> <span class='ocrx_word' id='word_1_709' title='bbox 1075 5047 1243 5116; x_wconf 90' lang='lat' dir='ltr'><strong>hujus</strong></span> <span class='ocrx_word' id='word_1_710' title='bbox 1288 5063 1632 5117; x_wconf 85' lang='lat' dir='ltr'><strong>accepturus.</strong></span> <span class='ocrx_word' id='word_1_711' title='bbox 1696 5048 2060 5119; x_wconf 86' lang='lat' dir='ltr'><strong>Philosophus</strong></span> <span class='ocrx_word' id='word_1_712' title='bbox 2109 5059 2286 5105; x_wconf 89' lang='lat' dir='ltr'><strong>autem</strong></span> 
     </span>
    </p>
   </div>
   <div class='ocr_carea' id='block_1_100' title="bbox 705 5139 2286 5208">
    <p class='ocr_par' dir='ltr' id='par_1_100' title="bbox 705 5139 2286 5208">
     <span class='ocr_line' id='line_1_100' title="bbox 705 5139 2286 5208; baseline 0.004 -17"><span class='ocrx_word' id='word_1_713' title='bbox 705 5153 896 5192; x_wconf 86' lang='lat' dir='ltr'><strong>versus</strong></span> <span class='ocrx_word' id='word_1_714' title='bbox 922 5139 988 5192; x_wconf 89' lang='lat' dir='ltr'><strong>ad</strong></span> <span class='ocrx_word' id='word_1_715' title='bbox 1018 5139 1317 5208; x_wconf 87' lang='lat' dir='ltr'><strong>discipulos</strong></span> <span class='ocrx_word' id='word_1_716' title='bbox 1344 5157 1505 5195; x_wconf 90' lang='lat' dir='ltr'><strong>suos:</strong></span> <span class='ocrx_word' id='word_1_717' title='bbox 1541 5141 1762 5206; x_wconf 78' lang='lat' dir='ltr'><strong>Audite,</strong></span> <span class='ocrx_word' id='word_1_718' title='bbox 1783 5142 1892 5196; x_wconf 87' lang='lat' dir='ltr'><strong>ait:</strong></span> <span class='ocrx_word' id='word_1_719' title='bbox 1919 5142 2168 5207; x_wconf 82' lang='lat' dir='ltr'><strong>Quandiu</strong></span> <span class='ocrx_word' id='word_1_720' title='bbox 2200 5158 2286 5198; x_wconf 88' lang='lat' dir='ltr'><strong>res</strong></span> 
     </span>
    </p>
   </div>
   <div class='ocr_carea' id='block_1_101' title="bbox 708 5231 2287 5304">
    <p class='ocr_par' dir='ltr' id='par_1_101' title="bbox 708 5231 2287 5304">
     <span class='ocr_line' id='line_1_101' title="bbox 708 5231 2287 5304; baseline 0.005 -22"><span class='ocrx_word' id='word_1_721' title='bbox 708 5231 891 5285; x_wconf 84' lang='lat' dir='ltr'><strong>verbis</strong></span> <span class='ocrx_word' id='word_1_722' title='bbox 923 5233 1208 5299; x_wconf 75' lang='lat' dir='ltr'><strong>agebatur,</strong></span> <span class='ocrx_word' id='word_1_723' title='bbox 1242 5235 1388 5286; x_wconf 88' lang='lat' dir='ltr'><strong>dicta</strong></span> <span class='ocrx_word' id='word_1_724' title='bbox 1424 5232 1588 5287; x_wconf 87' lang='lat' dir='ltr'><strong>dictis</strong></span> <span class='ocrx_word' id='word_1_725' title='bbox 1627 5233 1883 5302; x_wconf 86' lang='lat' dir='ltr'><strong>opposui,</strong></span> <span class='ocrx_word' id='word_1_726' title='bbox 1917 5244 2145 5304; x_wconf 86' lang='lat' dir='ltr'><strong>arteque</strong></span> <span class='ocrx_word' id='word_1_727' title='bbox 2172 5236 2287 5290; x_wconf 88' lang='lat' dir='ltr'><strong>dis-</strong></span> 
     </span>
    </p>
   </div>
   <div class='ocr_carea' id='block_1_102' title="bbox 705 5321 2286 5395">
    <p class='ocr_par' dir='ltr' id='par_1_102' title="bbox 705 5321 2286 5395">
     <span class='ocr_line' id='line_1_102' title="bbox 705 5321 2286 5395; baseline 0.002 -19"><span class='ocrx_word' id='word_1_728' title='bbox 705 5321 921 5376; x_wconf 79' lang='lat' dir='ltr'><strong>serendi</strong></span> <span class='ocrx_word' id='word_1_729' title='bbox 962 5322 1174 5391; x_wconf 88' lang='lat' dir='ltr'><strong>ohjecta</strong></span> <span class='ocrx_word' id='word_1_730' title='bbox 1204 5324 1458 5378; x_wconf 82' lang='lat' dir='ltr'><strong>relutavi.</strong></span> <span class='ocrx_word' id='word_1_731' title='bbox 1493 5324 1791 5392; x_wconf 81' lang='lat' dir='ltr'><strong>Postquam</strong></span> <span class='ocrx_word' id='word_1_732' title='bbox 1818 5334 2000 5378; x_wconf 88' lang='lat' dir='ltr'><strong>autem</strong></span> <span class='ocrx_word' id='word_1_733' title='bbox 2033 5342 2130 5395; x_wconf 89' lang='lat' dir='ltr'><strong>pro</strong></span> <span class='ocrx_word' id='word_1_734' title='bbox 2167 5342 2286 5380; x_wconf 85' lang='lat' dir='ltr'><strong>ver-</strong></span> 
     </span>
    </p>
   </div>
   <div class='ocr_carea' id='block_1_103' title="bbox 703 5413 2284 5483">
    <p class='ocr_par' dir='ltr' id='par_1_103' title="bbox 703 5413 2284 5483">
     <span class='ocr_line' id='line_1_103' title="bbox 703 5413 2284 5483; baseline 0.004 -17"><span class='ocrx_word' id='word_1_735' title='bbox 703 5414 789 5467; x_wconf 86' lang='lat' dir='ltr'><strong>bis</strong></span> <span class='ocrx_word' id='word_1_736' title='bbox 821 5413 903 5468; x_wconf 90' lang='lat' dir='ltr'><strong>vis</strong></span> <span class='ocrx_word' id='word_1_737' title='bbox 944 5415 1194 5483; x_wconf 67' lang='lat' dir='ltr'><strong>quaedam</strong></span> <span class='ocrx_word' id='word_1_738' title='bbox 1235 5431 1302 5468; x_wconf 84' lang='lat' dir='ltr'><strong>ex</strong></span> <span class='ocrx_word' id='word_1_739' title='bbox 1336 5429 1433 5470; x_wconf 88' lang='lat' dir='ltr'><strong>ore</strong></span> <span class='ocrx_word' id='word_1_740' title='bbox 1492 5415 1654 5482; x_wconf 90' lang='lat' dir='ltr'><strong>hujus</strong></span> <span class='ocrx_word' id='word_1_741' title='bbox 1702 5418 1854 5471; x_wconf 86' lang='lat' dir='ltr'><strong>senis</strong></span> <span class='ocrx_word' id='word_1_742' title='bbox 1907 5419 2095 5482; x_wconf 64' lang='lat' dir='ltr'><strong>exivit,</strong></span> <span class='ocrx_word' id='word_1_743' title='bbox 2147 5419 2284 5472; x_wconf 87' lang='lat' dir='ltr'><strong>nihil</strong></span> 
     </span>
    </p>
   </div>
   <div class='ocr_carea' id='block_1_104' title="bbox 704 5505 2285 5579">
    <p class='ocr_par' dir='ltr' id='par_1_104' title="bbox 704 5505 2285 5579">
     <span class='ocr_line' id='line_1_104' title="bbox 704 5505 2285 5579; baseline 0.004 -21"><span class='ocrx_word' id='word_1_744' title='bbox 704 5505 976 5560; x_wconf 82' lang='lat' dir='ltr'><strong>adversus</strong></span> <span class='ocrx_word' id='word_1_745' title='bbox 1035 5506 1145 5559; x_wconf 87' lang='lat' dir='ltr'><strong>vim</strong></span> <span class='ocrx_word' id='word_1_746' title='bbox 1211 5507 1372 5559; x_wconf 85' lang='lat' dir='ltr'><strong>verba</strong></span> <span class='ocrx_word' id='word_1_747' title='bbox 1435 5508 1704 5562; x_wconf 85' lang='lat' dir='ltr'><strong>valuere:</strong></span> <span class='ocrx_word' id='word_1_748' title='bbox 1739 5525 1846 5561; x_wconf 91' lang='lat' dir='ltr'><strong>non</strong></span> <span class='ocrx_word' id='word_1_749' title='bbox 1905 5512 2049 5562; x_wconf 89' lang='lat' dir='ltr'><strong>enim</strong></span> <span class='ocrx_word' id='word_1_750' title='bbox 2105 5520 2285 5579; x_wconf 76' lang='lat' dir='ltr'><strong>potest</strong></span> 
     </span>
    </p>
   </div>
   <div class='ocr_carea' id='block_1_105' title="bbox 704 5595 2281 5668">
    <p class='ocr_par' dir='ltr' id='par_1_105' title="bbox 704 5595 2281 5668">
     <span class='ocr_line' id='line_1_105' title="bbox 704 5595 2281 5668; baseline 0.003 -19"><span class='ocrx_word' id='word_1_751' title='bbox 704 5597 866 5649; x_wconf 89' lang='lat' dir='ltr'><strong>homo</strong></span> <span class='ocrx_word' id='word_1_752' title='bbox 908 5597 1172 5651; x_wconf 85' lang='lat' dir='ltr'><strong>resistere</strong></span> <span class='ocrx_word' id='word_1_753' title='bbox 1237 5595 1366 5649; x_wconf 89' lang='lat' dir='ltr'><strong>Deo.</strong></span> <span class='ocrx_word' id='word_1_754' title='bbox 1431 5597 1616 5668; x_wconf 81' lang='lat' dir='ltr'><strong>Itaque</strong></span> <span class='ocrx_word' id='word_1_755' title='bbox 1667 5599 1712 5652; x_wconf 92' lang='lat' dir='ltr'><strong>si</strong></span> <span class='ocrx_word' id='word_1_756' title='bbox 1763 5599 1890 5666; x_wconf 91' lang='lat' dir='ltr'><strong>quis</strong></span> <span class='ocrx_word' id='word_1_757' title='bbox 1926 5610 2170 5654; x_wconf 89' lang='lat' dir='ltr'><strong>vestrum</strong></span> <span class='ocrx_word' id='word_1_758' title='bbox 2208 5601 2281 5654; x_wconf 87' lang='lat' dir='ltr'><strong>ita</strong></span> 
     </span>
    </p>
   </div>
   <div class='ocr_carea' id='block_1_106' title="bbox 705 5686 2277 5756">
    <p class='ocr_par' dir='ltr' id='par_1_106' title="bbox 705 5686 2277 5756">
     <span class='ocr_line' id='line_1_106' title="bbox 705 5686 2277 5756; baseline 0.005 -21"><span class='ocrx_word' id='word_1_759' title='bbox 705 5691 880 5752; x_wconf 87' lang='lat' dir='ltr'><strong>potest</strong></span> <span class='ocrx_word' id='word_1_760' title='bbox 919 5686 1228 5754; x_wconf 78' lang='lat' dir='ltr'><strong>intelligere</strong></span> <span class='ocrx_word' id='word_1_761' title='bbox 1257 5690 1333 5740; x_wconf 90' lang='lat' dir='ltr'><strong>uti</strong></span> <span class='ocrx_word' id='word_1_762' title='bbox 1383 5703 1504 5756; x_wconf 88' lang='lat' dir='ltr'><strong>ego,</strong></span> <span class='ocrx_word' id='word_1_763' title='bbox 1548 5689 1594 5742; x_wconf 91' lang='lat' dir='ltr'><strong>is</strong></span> <span class='ocrx_word' id='word_1_764' title='bbox 1638 5688 1692 5742; x_wconf 91' lang='lat' dir='ltr'><strong>in</strong></span> <span class='ocrx_word' id='word_1_765' title='bbox 1737 5689 2022 5743; x_wconf 70' lang='lat' dir='ltr'><strong>Christum</strong></span> <span class='ocrx_word' id='word_1_766' title='bbox 2065 5690 2277 5754; x_wconf 86' lang='lat' dir='ltr'><strong>credat,</strong></span> 
     </span>
    </p>
   </div>
   <div class='ocr_carea' id='block_1_107' title="bbox 701 5779 2279 5851">
    <p class='ocr_par' dir='ltr' id='par_1_107' title="bbox 701 5779 2279 5851">
     <span class='ocr_line' id='line_1_107' title="bbox 701 5779 2279 5851; baseline 0.004 -20"><span class='ocrx_word' id='word_1_767' title='bbox 701 5790 1023 5845; x_wconf 87' lang='lat' dir='ltr'><strong>mecumque</strong></span> <span class='ocrx_word' id='word_1_768' title='bbox 1076 5793 1261 5834; x_wconf 89' lang='lat' dir='ltr'><strong>senem</strong></span> <span class='ocrx_word' id='word_1_769' title='bbox 1297 5779 1442 5834; x_wconf 89' lang='lat' dir='ltr'><strong>hunc</strong></span> <span class='ocrx_word' id='word_1_770' title='bbox 1471 5790 1756 5851; x_wconf 84' lang='lat' dir='ltr'><strong>sequatur,</strong></span> <span class='ocrx_word' id='word_1_771' title='bbox 1809 5781 1969 5848; x_wconf 78' lang='lat' dir='ltr'><strong>cujus</strong></span> <span class='ocrx_word' id='word_1_772' title='bbox 2003 5796 2095 5836; x_wconf 90' lang='lat' dir='ltr'><strong>ore</strong></span> <span class='ocrx_word' id='word_1_773' title='bbox 2137 5781 2279 5837; x_wconf 87' lang='lat' dir='ltr'><strong>Deus</strong></span> 
     </span>
    </p>
   </div>
   <div class='ocr_carea' id='block_1_108' title="bbox 2399 4590 3972 4671">
    <p class='ocr_par' dir='ltr' id='par_1_108' title="bbox 2399 4590 3972 4671">
     <span class='ocr_line' id='line_1_108' title="bbox 2399 4590 3972 4671; baseline 0.011 -30"><span class='ocrx_word' id='word_1_774' title='bbox 2399 4590 2634 4643; x_wconf 81' lang='grc' dir='ltr'>θανάτου</span> <span class='ocrx_word' id='word_1_775' title='bbox 2661 4592 2756 4643; x_wconf 72' lang='grc' dir='ltr'><strong>καὶ</strong></span> <span class='ocrx_word' id='word_1_776' title='bbox 2775 4595 3127 4656; x_wconf 71' lang='grc' dir='ltr'>ἀναστάσεως</span> <span class='ocrx_word' id='word_1_777' title='bbox 3153 4599 3584 4669; x_wconf 65' lang='grc' dir='ltr'>ἠλευθερωκέναι</span> <span class='ocrx_word' id='word_1_778' title='bbox 3607 4607 3836 4671; x_wconf 73' lang='grc' dir='ltr'>τὸγένος</span> <span class='ocrx_word' id='word_1_779' title='bbox 3867 4610 3972 4658; x_wconf 56' lang='lat' dir='ltr'><strong>tiu</strong></span> 
     </span>
    </p>
   </div>
   <div class='ocr_carea' id='block_1_109' title="bbox 2395 4680 3966 4765">
    <p class='ocr_par' dir='ltr' id='par_1_109' title="bbox 2395 4680 3966 4765">
     <span class='ocr_line' id='line_1_109' title="bbox 2395 4680 3966 4765; baseline 0.013 -35"><span class='ocrx_word' id='word_1_780' title='bbox 2395 4680 2697 4751; x_wconf 75' lang='grc' dir='ltr'>ἀνθρώπων</span> <span class='ocrx_word' id='word_1_781' title='bbox 2726 4698 2740 4713; x_wconf 77' lang='grc'><strong>⁸</strong></span> <span class='ocrx_word' id='word_1_782' title='bbox 2789 4683 2852 4736; x_wconf 82' lang='grc' dir='ltr'>ὃν</span> <span class='ocrx_word' id='word_1_783' title='bbox 2891 4692 2983 4736; x_wconf 73' lang='grc' dir='ltr'><strong>καὶ</strong></span> <span class='ocrx_word' id='word_1_784' title='bbox 3014 4687 3305 4757; x_wconf 73' lang='grc' dir='ltr'>ἐλπίζομεν</span> <span class='ocrx_word' id='word_1_785' title='bbox 3338 4692 3562 4745; x_wconf 68' lang='grc' dir='ltr'>ἐλθόντα</span> <span class='ocrx_word' id='word_1_786' title='bbox 3595 4696 3754 4747; x_wconf 72' lang='grc' dir='ltr'>πάλιν</span> <span class='ocrx_word' id='word_1_787' title='bbox 3784 4701 3966 4765; x_wconf 74' lang='grc' dir='ltr'>κρῖναι</span> 
     </span>
    </p>
   </div>
   <div class='ocr_carea' id='block_1_110' title="bbox 2395 4773 3968 4856">
    <p class='ocr_par' dir='ltr' id='par_1_110' title="bbox 2395 4773 3968 4856">
     <span class='ocr_line' id='line_1_110' title="bbox 2395 4773 3968 4856; baseline 0.013 -36"><span class='ocrx_word' id='word_1_788' title='bbox 2395 4773 2602 4833; x_wconf 69' lang='grc' dir='ltr'>πάντας</span> <span class='ocrx_word' id='word_1_789' title='bbox 2628 4774 2686 4824; x_wconf 87' lang='grc' dir='ltr'><strong>ἐν</strong></span> <span class='ocrx_word' id='word_1_790' title='bbox 2719 4773 3056 4846; x_wconf 73' lang='grc' dir='ltr'>δικαιοσύνη.</span> <span class='ocrx_word' id='word_1_791' title='bbox 3092 4780 3372 4841; x_wconf 74' lang='grc' dir='ltr'>ιιιστεῦεις</span> <span class='ocrx_word' id='word_1_792' title='bbox 3409 4785 3634 4848; x_wconf 57' lang='grc' dir='ltr'>τούτοις,</span> <span class='ocrx_word' id='word_1_793' title='bbox 3674 4788 3968 4856; x_wconf 54' lang='grc' dir='ltr'>φιλίσοξες</span> 
     </span>
    </p>
   </div>
   <div class='ocr_carea' id='block_1_111' title="bbox 2405 4859 3972 4946">
    <p class='ocr_par' dir='ltr' id='par_1_111' title="bbox 2405 4859 3972 4946">
     <span class='ocr_line' id='line_1_111' title="bbox 2405 4859 3972 4946; baseline 0.013 -34"><span class='ocrx_word' id='word_1_794' title='bbox 2405 4859 2464 4913; x_wconf 78' lang='grc'><strong>’0</strong></span> <span class='ocrx_word' id='word_1_795' title='bbox 2503 4861 2580 4926; x_wconf 84' lang='grc' dir='ltr'><strong>δὲ,</strong></span> <span class='ocrx_word' id='word_1_796' title='bbox 2620 4863 2695 4926; x_wconf 85' lang='grc' dir='ltr'>ὡς</span> <span class='ocrx_word' id='word_1_797' title='bbox 2734 4866 2799 4918; x_wconf 86' lang='grc' dir='ltr'>ἄν</span> <span class='ocrx_word' id='word_1_798' title='bbox 2832 4882 2916 4929; x_wconf 86' lang='grc' dir='ltr'><strong>τις</strong></span> <span class='ocrx_word' id='word_1_799' title='bbox 2979 4871 3248 4936; x_wconf 83' lang='grc' dir='ltr'>μηδέποτε</span> <span class='ocrx_word' id='word_1_800' title='bbox 3287 4876 3476 4941; x_wconf 85' lang='grc' dir='ltr'>πεῖραν</span> <span class='ocrx_word' id='word_1_801' title='bbox 3528 4875 3698 4942; x_wconf 66' lang='grc' dir='ltr'>λόγων</span> <span class='ocrx_word' id='word_1_802' title='bbox 3727 4879 3862 4946; x_wconf 76' lang='grc' dir='ltr'>ἔχων</span> <span class='ocrx_word' id='word_1_803' title='bbox 3891 4887 3972 4944; x_wconf 73' lang='grc' dir='ltr'>εἰς</span> 
     </span>
    </p>
   </div>
   <div class='ocr_carea' id='block_1_112' title="bbox 2394 4954 3974 5032">
    <p class='ocr_par' dir='ltr' id='par_1_112' title="bbox 2394 4954 3974 5032">
     <span class='ocr_line' id='line_1_112' title="bbox 2394 4954 3974 5032; baseline 0.013 -29"><span class='ocrx_word' id='word_1_804' title='bbox 2394 4954 2694 5020; x_wconf 82' lang='grc' dir='ltr'>ἀντίθεσιν,</span> <span class='ocrx_word' id='word_1_805' title='bbox 2720 4956 3038 5028; x_wconf 79' lang='grc' dir='ltr'>ἀπηνεὼοη,</span> <span class='ocrx_word' id='word_1_806' title='bbox 3065 4964 3156 5013; x_wconf 76' lang='grc' dir='ltr'><strong>καὶ</strong></span> <span class='ocrx_word' id='word_1_807' title='bbox 3188 4964 3260 5025; x_wconf 82' lang='grc' dir='ltr'><strong>ὡς</strong></span> <span class='ocrx_word' id='word_1_808' title='bbox 3285 4967 3466 5032; x_wconf 51' lang='lat' dir='ltr'><strong>umet;</strong></span> <span class='ocrx_word' id='word_1_809' title='bbox 3497 4971 3590 5019; x_wconf 75' lang='grc' dir='ltr'><strong>καὶ</strong></span> <span class='ocrx_word' id='word_1_810' title='bbox 3615 4970 3805 5032; x_wconf 79' lang='grc' dir='ltr'>ἃλαλος</span> <span class='ocrx_word' id='word_1_811' title='bbox 3837 4974 3974 5024; x_wconf 71' lang='grc' dir='ltr'>απο-</span> 
     </span>
    </p>
   </div>
   <div class='ocr_carea' id='block_1_113' title="bbox 2393 5049 3972 5129">
    <p class='ocr_par' dir='ltr' id='par_1_113' title="bbox 2393 5049 3972 5129">
     <span class='ocr_line' id='line_1_113' title="bbox 2393 5049 3972 5129; baseline 0.012 -33"><span class='ocrx_word' id='word_1_812' title='bbox 2393 5049 2675 5114; x_wconf 84' lang='grc' dir='ltr'>σιωπήσας</span> <span class='ocrx_word' id='word_1_813' title='bbox 2703 5049 2861 5101; x_wconf 87' lang='grc' dir='ltr'>τοῦτο</span> <span class='ocrx_word' id='word_1_814' title='bbox 2893 5051 3052 5118; x_wconf 74' lang='grc' dir='ltr'>μόνον</span> <span class='ocrx_word' id='word_1_815' title='bbox 3092 5054 3417 5122; x_wconf 69' lang='grc' dir='ltr'>ἐφθέγξατο,</span> <span class='ocrx_word' id='word_1_816' title='bbox 3444 5059 3524 5110; x_wconf 78' lang='grc' dir='ltr'><strong>δτι</strong></span> <span class='ocrx_word' id='word_1_817' title='bbox 3574 5061 3758 5129; x_wconf 65' lang='grc' dir='ltr'>καμοὶ</span> <span class='ocrx_word' id='word_1_818' title='bbox 3796 5063 3972 5116; x_wconf 67' lang='grc' dir='ltr'>ταῦτα</span> 
     </span>
    </p>
   </div>
   <div class='ocr_carea' id='block_1_114' title="bbox 2389 5136 3970 5219">
    <p class='ocr_par' dir='ltr' id='par_1_114' title="bbox 2389 5136 3970 5219">
     <span class='ocr_line' id='line_1_114' title="bbox 2389 5136 3970 5219; baseline 0.013 -34"><span class='ocrx_word' id='word_1_819' title='bbox 2389 5136 2562 5199; x_wconf 74' lang='grc' dir='ltr'>οὓτως</span> <span class='ocrx_word' id='word_1_820' title='bbox 2628 5138 2773 5208; x_wconf 80' lang='grc' dir='ltr'>ἔχειν</span> <span class='ocrx_word' id='word_1_821' title='bbox 2821 5141 2985 5194; x_wconf 83' lang='grc' dir='ltr'>δοκεῖ.</span> <span class='ocrx_word' id='word_1_822' title='bbox 3036 5143 3146 5196; x_wconf 74' lang='grc' dir='ltr'><strong>Καὶ</strong></span> <span class='ocrx_word' id='word_1_823' title='bbox 3194 5148 3220 5198; x_wconf 82' lang='grc' dir='ltr'>ὁ</span> <span class='ocrx_word' id='word_1_824' title='bbox 3287 5149 3464 5213; x_wconf 82' lang='grc' dir='ltr'>γέρων</span> <span class='ocrx_word' id='word_1_825' title='bbox 3519 5153 3714 5219; x_wconf 73' lang='grc' dir='ltr'>φησιν·</span> <span class='ocrx_word' id='word_1_826' title='bbox 3760 5154 3970 5204; x_wconf 62' lang='grc' dir='ltr'>υᾷκτίν</span> 
     </span>
    </p>
   </div>
   <div class='ocr_carea' id='block_1_115' title="bbox 2390 5225 3972 5308">
    <p class='ocr_par' dir='ltr' id='par_1_115' title="bbox 2390 5225 3972 5308">
     <span class='ocr_line' id='line_1_115' title="bbox 2390 5225 3972 5308; baseline 0.013 -33"><span class='ocrx_word' id='word_1_827' title='bbox 2390 5225 2632 5288; x_wconf 80' lang='grc' dir='ltr'>ἀναστὰς</span> <span class='ocrx_word' id='word_1_828' title='bbox 2700 5229 2988 5284; x_wconf 75' lang='grc' dir='ltr'>ἀκολούθει</span> <span class='ocrx_word' id='word_1_829' title='bbox 3056 5250 3145 5302; x_wconf 86' lang='grc' dir='ltr'><strong>μοι</strong></span> <span class='ocrx_word' id='word_1_830' title='bbox 3203 5236 3338 5305; x_wconf 73' lang='grc' dir='ltr'>πρὸς</span> <span class='ocrx_word' id='word_1_831' title='bbox 3395 5242 3491 5307; x_wconf 72' lang='grc' dir='ltr'><strong>τὴν</strong></span> <span class='ocrx_word' id='word_1_832' title='bbox 3526 5241 3972 5308; x_wconf 57' lang='grc' dir='ltr'>ἐκκλησίαν.κ;ν.</span> 
     </span>
    </p>
   </div>
   <div class='ocr_carea' id='block_1_116' title="bbox 2388 5314 3967 5392">
    <p class='ocr_par' dir='ltr' id='par_1_116' title="bbox 2388 5314 3967 5392">
     <span class='ocr_line' id='line_1_116' title="bbox 2388 5314 3967 5392; baseline -0.015 -27"><span class='ocrx_word' id='word_1_833' title='bbox 2388 5314 2531 5386; x_wconf 68' lang='grc' dir='ltr'>λήψῃ</span> <span class='ocrx_word' id='word_1_834' title='bbox 2593 5317 2655 5369; x_wconf 84' lang='grc' dir='ltr'><strong>τὸ</strong></span> <span class='ocrx_word' id='word_1_835' title='bbox 2717 5323 2941 5388; x_wconf 88' lang='grc' dir='ltr'>σημεῖον</span> <span class='ocrx_word' id='word_1_836' title='bbox 3027 5324 3123 5392; x_wconf 73' lang='grc' dir='ltr'><strong>τῆς</strong></span> <span class='ocrx_word' id='word_1_837' title='bbox 3203 5329 3438 5392; x_wconf 77' lang='grc' dir='ltr'>πίστεως</span> <span class='ocrx_word' id='word_1_838' title='bbox 3520 5334 3739 5392; x_wconf 46' lang='grc' dir='ltr'>ταύτης.</span> <span class='ocrx_word' id='word_1_839' title='bbox 3815 5336 3870 5386; x_wconf 68' lang='lat' dir='ltr'><strong>.U</strong></span> <span class='ocrx_word' id='word_1_840' title='bbox 3914 5338 3967 5388; x_wconf 43' lang='lat' dir='ltr'>ai</span> 
     </span>
    </p>
   </div>
   <div class='ocr_carea' id='block_1_117' title="bbox 2388 5408 3967 5494">
    <p class='ocr_par' dir='ltr' id='par_1_117' title="bbox 2388 5408 3967 5494">
     <span class='ocr_line' id='line_1_117' title="bbox 2388 5408 3967 5494; baseline 0.014 -37"><span class='ocrx_word' id='word_1_841' title='bbox 2388 5408 2703 5477; x_wconf 66' lang='grc' dir='ltr'>φιλόσοφος,</span> <span class='ocrx_word' id='word_1_842' title='bbox 2733 5413 3092 5483; x_wconf 65' lang='grc' dir='ltr'>ἐπιστραφεὶς</span> <span class='ocrx_word' id='word_1_843' title='bbox 3127 5417 3276 5484; x_wconf 77' lang='grc' dir='ltr'>λέγει</span> <span class='ocrx_word' id='word_1_844' title='bbox 3313 5423 3424 5484; x_wconf 86' lang='grc' dir='ltr'>τοῖς</span> <span class='ocrx_word' id='word_1_845' title='bbox 3463 5423 3732 5493; x_wconf 78' lang='grc' dir='ltr'>μαθηταῖς</span> <span class='ocrx_word' id='word_1_846' title='bbox 3772 5429 3967 5494; x_wconf 62' lang='grc' dir='ltr'>αᾷτοῖι,</span> 
     </span>
    </p>
   </div>
   <div class='ocr_carea' id='block_1_118' title="bbox 2398 5500 3060 5574">
    <p class='ocr_par' dir='ltr' id='par_1_118' title="bbox 2398 5500 3060 5574">
     <span class='ocr_line' id='line_1_118' title="bbox 2398 5500 3060 5574; baseline 0.012 -23"><span class='ocrx_word' id='word_1_847' title='bbox 2398 5501 2718 5564; x_wconf 76' lang='grc' dir='ltr'>’Λκοῦσατε,</span> <span class='ocrx_word' id='word_1_848' title='bbox 2761 5500 2805 5558; x_wconf 79' lang='grc' dir='ltr'>ὦ</span> <span class='ocrx_word' id='word_1_849' title='bbox 2834 5507 3022 5574; x_wconf 80' lang='grc' dir='ltr'>ἄνδρες</span> <span class='ocrx_word' id='word_1_850' title='bbox 3048 5523 3060 5537; x_wconf 89' lang='grc'><strong>·</strong></span> 
     </span>
    </p>
   </div>
   <div class='ocr_carea' id='block_1_119' title="bbox 3520 5334 3739 5398">
    <p class='ocr_par' dir='ltr' id='par_1_119' title="bbox 3520 5334 3739 5398">
     <span class='ocr_line' id='line_1_119' title="bbox 3520 5334 3739 5398; baseline 0.014 -15"><span class='ocrx_word' id='word_1_851' title='bbox 3520 5334 3739 5398; x_wconf 68' lang='grc' dir='ltr'>ταύτης.</span> 
     </span>
    </p>
   </div>
   <div class='ocr_carea' id='block_1_120' title="bbox 3115 5508 3968 5586">
    <p class='ocr_par' dir='ltr' id='par_1_120' title="bbox 3115 5508 3968 5586">
     <span class='ocr_line' id='line_1_120' title="bbox 3115 5508 3968 5586; baseline 0.008 -26"><span class='ocrx_word' id='word_1_852' title='bbox 3115 5508 3261 5572; x_wconf 77' lang='grc' dir='ltr'>Ἕως</span> <span class='ocrx_word' id='word_1_853' title='bbox 3323 5514 3410 5564; x_wconf 75' lang='grc' dir='ltr'><strong>ὅτε</strong></span> <span class='ocrx_word' id='word_1_854' title='bbox 3449 5513 3620 5580; x_wconf 64' lang='grc' dir='ltr'>λογων</span> <span class='ocrx_word' id='word_1_855' title='bbox 3671 5520 3968 5586; x_wconf 49' lang='grc' dir='ltr'><strong>ὲπῆζολίέτ.“ί</strong></span> 
     </span>
    </p>
   </div>
   <div class='ocr_carea' id='block_1_121' title="bbox 2389 5593 3970 5674">
    <p class='ocr_par' dir='ltr' id='par_1_121' title="bbox 2389 5593 3970 5674">
     <span class='ocr_line' id='line_1_121' title="bbox 2389 5593 3970 5674; baseline 0.011 -31"><span class='ocrx_word' id='word_1_856' title='bbox 2389 5593 2648 5663; x_wconf 79' lang='grc' dir='ltr'>σπουδὴν,</span> <span class='ocrx_word' id='word_1_857' title='bbox 2673 5597 2863 5662; x_wconf 72' lang='grc' dir='ltr'>λόγους</span> <span class='ocrx_word' id='word_1_858' title='bbox 2891 5597 3070 5664; x_wconf 81' lang='grc' dir='ltr'>λόγοις</span> <span class='ocrx_word' id='word_1_859' title='bbox 3121 5602 3432 5654; x_wconf 74' lang='grc' dir='ltr'>ἁντετζθουν</span> <span class='ocrx_word' id='word_1_860' title='bbox 3471 5606 3563 5656; x_wconf 76' lang='grc' dir='ltr'><strong>καὶ</strong></span> <span class='ocrx_word' id='word_1_861' title='bbox 3588 5607 3651 5658; x_wconf 67' lang='grc' dir='ltr'><strong>τὰ</strong></span> <span class='ocrx_word' id='word_1_862' title='bbox 3689 5615 3970 5674; x_wconf 43' lang='lat'><strong>139221.1-</strong></span> 
     </span>
    </p>
   </div>
   <div class='ocr_carea' id='block_1_122' title="bbox 2389 5687 3969 5762">
    <p class='ocr_par' dir='ltr' id='par_1_122' title="bbox 2389 5687 3969 5762">
     <span class='ocr_line' id='line_1_122' title="bbox 2389 5687 3969 5762; baseline 0.013 -30"><span class='ocrx_word' id='word_1_863' title='bbox 2389 5700 2525 5752; x_wconf 83' lang='grc' dir='ltr'>μενα</span> <span class='ocrx_word' id='word_1_864' title='bbox 2577 5687 2739 5756; x_wconf 83' lang='grc' dir='ltr'>τέχνῃ</span> <span class='ocrx_word' id='word_1_865' title='bbox 2802 5687 2898 5739; x_wconf 87' lang='grc' dir='ltr'><strong>τοῦ</strong></span> <span class='ocrx_word' id='word_1_866' title='bbox 2957 5689 3136 5756; x_wconf 75' lang='grc' dir='ltr'>λέγειν</span> <span class='ocrx_word' id='word_1_867' title='bbox 3207 5695 3527 5762; x_wconf 78' lang='grc' dir='ltr'>ἀνέτρεπον.</span> <span class='ocrx_word' id='word_1_868' title='bbox 3595 5699 3720 5749; x_wconf 79' lang='grc' dir='ltr'>Ὅτε</span> <span class='ocrx_word' id='word_1_869' title='bbox 3767 5701 3969 5753; x_wconf 75' lang='grc' dir='ltr'><strong>δε</strong></span> 
     </span>
    </p>
   </div>
   <div class='ocr_carea' id='block_1_123' title="bbox 2386 5777 3949 5863">
    <p class='ocr_par' dir='ltr' id='par_1_123' title="bbox 2386 5777 3949 5863">
     <span class='ocr_line' id='line_1_123' title="bbox 2386 5777 3949 5863; baseline 0.012 -35"><span class='ocrx_word' id='word_1_870' title='bbox 2386 5777 2560 5846; x_wconf 58' lang='grc' dir='ltr'>λόγων</span> <span class='ocrx_word' id='word_1_871' title='bbox 2583 5781 2812 5852; x_wconf 76' lang='grc' dir='ltr'>δύναμίς</span> <span class='ocrx_word' id='word_1_872' title='bbox 2844 5800 2926 5845; x_wconf 89' lang='grc' dir='ltr'><strong>τις</strong></span> <span class='ocrx_word' id='word_1_873' title='bbox 2970 5785 3190 5855; x_wconf 70' lang='grc' dir='ltr'>ἐξῆλθεν</span> <span class='ocrx_word' id='word_1_874' title='bbox 3235 5790 3298 5841; x_wconf 77' lang='grc' dir='ltr'><strong>ἐκ</strong></span> <span class='ocrx_word' id='word_1_875' title='bbox 3331 5789 3423 5843; x_wconf 80' lang='grc' dir='ltr'><strong>τοῦ</strong></span> <span class='ocrx_word' id='word_1_876' title='bbox 3490 5792 3752 5863; x_wconf 53' lang='lat' dir='ltr'><strong>stipat-2;</strong></span> <span class='ocrx_word' id='word_1_877' title='bbox 3819 5796 3949 5848; x_wconf 64' lang='lat'><strong>:92}</strong></span> 
     </span>
    </p>
   </div>
  </div>
