  <div class='ocr_page' id='page_1' title='image "/cluster/home/n/w/nwhite01/storage/ocr_20150623/121/nnc1.0046980032/282.png"; bbox 0 0 4248 6456; ppageno 0'>
   <div class='ocr_carea' id='block_1_1' title="bbox 299 451 406 516">
    <p class='ocr_par' dir='ltr' id='par_1_1' title="bbox 299 451 406 516">
     <span class='ocr_line' id='line_1_1' title="bbox 299 451 406 516; baseline 0.009 -2"><span class='ocrx_word' id='word_1_1' title='bbox 299 451 406 516; x_wconf 65' lang='lat'><strong>5-{9</strong></span> 
     </span>
    </p>
   </div>
   <div class='ocr_carea' id='block_1_2' title="bbox 1398 438 2513 505">
    <p class='ocr_par' dir='ltr' id='par_1_2' title="bbox 1398 438 2513 505">
     <span class='ocr_line' id='line_1_2' title="bbox 1398 438 2513 505; baseline -0.001 0"><span class='ocrx_word' id='word_1_2' title='bbox 1398 442 1943 505; x_wconf 67' lang='lat' dir='ltr'><strong>IIISTORIARUM</strong></span> <span class='ocrx_word' id='word_1_3' title='bbox 1965 438 2513 504; x_wconf 22' lang='lat' dir='ltr'><strong>‘COMPENDIUM.</strong></span> 
     </span>
    </p>
   </div>
   <div class='ocr_carea' id='block_1_3' title="bbox 3446 457 3554 519">
    <p class='ocr_par' dir='ltr' id='par_1_3' title="bbox 3446 457 3554 519">
     <span class='ocr_line' id='line_1_3' title="bbox 3446 457 3554 519; baseline 0.019 -2"><span class='ocrx_word' id='word_1_4' title='bbox 3446 457 3554 519; x_wconf 72' lang='grc'><strong>550</strong></span> 
     </span>
    </p>
   </div>
   <div class='ocr_carea' id='block_1_4' title="bbox 289 553 1966 632">
    <p class='ocr_par' dir='ltr' id='par_1_4' title="bbox 289 553 1955 630">
     <span class='ocr_line' id='line_1_4' title="bbox 289 553 1955 630; baseline -0.004 -17"><span class='ocrx_word' id='word_1_5' title='bbox 289 563 384 614; x_wconf 74' lang='grc' dir='ltr'>τοῦ</span> <span class='ocrx_word' id='word_1_6' title='bbox 419 559 695 630; x_wconf 72' lang='grc' dir='ltr'>γέροντος,</span> <span class='ocrx_word' id='word_1_7' title='bbox 729 557 830 610; x_wconf 80' lang='grc' dir='ltr'>οὐκ</span> <span class='ocrx_word' id='word_1_8' title='bbox 863 557 1092 627; x_wconf 71' lang='grc' dir='ltr'>ἴσχυσαν</span> <span class='ocrx_word' id='word_1_9' title='bbox 1120 556 1171 609; x_wconf 81' lang='lat' dir='ltr'><strong>oi</strong></span> <span class='ocrx_word' id='word_1_10' title='bbox 1199 554 1350 623; x_wconf 80' lang='grc' dir='ltr'>λόγοι</span> <span class='ocrx_word' id='word_1_11' title='bbox 1376 556 1443 624; x_wconf 83' lang='grc' dir='ltr'>τῇ</span> <span class='ocrx_word' id='word_1_12' title='bbox 1476 553 1704 620; x_wconf 80' lang='grc' dir='ltr'>δυνάμει</span> <span class='ocrx_word' id='word_1_13' title='bbox 1728 555 1880 607; x_wconf 86' lang='grc' dir='ltr'>άντι-</span> <span class='ocrx_word' id='word_1_14' title='bbox 1910 567 1955 617; x_wconf 77' lang='grc' dir='ltr'><strong>Α</strong></span> 
     </span>
    </p>
   </div>
   <div class='ocr_carea' id='block_1_5' title="bbox 1894 553 3571 632">
    <p class='ocr_par' dir='ltr' id='par_1_5' title="bbox 1910 553 3571 632">
     <span class='ocr_line' id='line_1_5' title="bbox 1910 553 3571 632; baseline 0.008 -25"><span class='ocrx_word' id='word_1_15' title='bbox 1910 567 1955 617; x_wconf 77' lang='grc' dir='ltr'><strong>Α</strong></span> <span class='ocrx_word' id='word_1_16' title='bbox 1984 563 2068 608; x_wconf 78' lang='lat' dir='ltr'><strong>est</strong></span> <span class='ocrx_word' id='word_1_17' title='bbox 2103 555 2348 608; x_wconf 85' lang='lat' dir='ltr'><strong>locutus.</strong></span> <span class='ocrx_word' id='word_1_18' title='bbox 2408 553 2522 609; x_wconf 82' lang='lat' dir='ltr'><strong>Hoc</strong></span> <span class='ocrx_word' id='word_1_19' title='bbox 2568 554 2729 612; x_wconf 77' lang='lat' dir='ltr'><strong>modo</strong></span> <span class='ocrx_word' id='word_1_20' title='bbox 2786 559 3150 632; x_wconf 86' lang='lat' dir='ltr'><strong>philosophus</strong></span> <span class='ocrx_word' id='word_1_21' title='bbox 3199 561 3571 621; x_wconf 82' lang='lat' dir='ltr'><strong>Christianam</strong></span> 
     </span>
    </p>
   </div>
   <div class='ocr_carea' id='block_1_6' title="bbox 288 645 1882 718">
    <p class='ocr_par' dir='ltr' id='par_1_6' title="bbox 288 645 1882 718">
     <span class='ocr_line' id='line_1_6' title="bbox 288 645 1882 718; baseline -0.003 -16"><span class='ocrx_word' id='word_1_22' title='bbox 288 653 554 716; x_wconf 68' lang='grc' dir='ltr'>τάξασθαι</span> <span class='ocrx_word' id='word_1_23' title='bbox 580 668 592 681; x_wconf 89' lang='grc'><strong>·</strong></span> <span class='ocrx_word' id='word_1_24' title='bbox 641 649 760 702; x_wconf 85' lang='grc' dir='ltr'><strong>ούδέ</strong></span> <span class='ocrx_word' id='word_1_25' title='bbox 789 650 898 718; x_wconf 77' lang='grc' dir='ltr'><strong>γάρ</strong></span> <span class='ocrx_word' id='word_1_26' title='bbox 927 645 1038 709; x_wconf 77' lang='grc' dir='ltr'>οἷός</span> <span class='ocrx_word' id='word_1_27' title='bbox 1077 648 1136 701; x_wconf 81' lang='grc' dir='ltr'><strong>τέ</strong></span> <span class='ocrx_word' id='word_1_28' title='bbox 1188 648 1335 700; x_wconf 87' lang='grc' dir='ltr'>ἐστιν</span> <span class='ocrx_word' id='word_1_29' title='bbox 1388 646 1676 714; x_wconf 81' lang='grc' dir='ltr'>ἄνθρωπος</span> <span class='ocrx_word' id='word_1_30' title='bbox 1726 647 1882 699; x_wconf 89' lang='grc' dir='ltr'>άντι-</span> 
     </span>
    </p>
   </div>
   <div class='ocr_carea' id='block_1_7' title="bbox 295 737 1879 814">
    <p class='ocr_par' dir='ltr' id='par_1_7' title="bbox 295 737 1879 814">
     <span class='ocr_line' id='line_1_7' title="bbox 295 737 1879 814; baseline -0.003 -19"><span class='ocrx_word' id='word_1_31' title='bbox 295 746 496 814; x_wconf 79' lang='grc' dir='ltr'>στῆναι</span> <span class='ocrx_word' id='word_1_32' title='bbox 530 741 670 812; x_wconf 82' lang='grc' dir='ltr'><strong>Θεῷ.</strong></span> <span class='ocrx_word' id='word_1_33' title='bbox 707 741 806 795; x_wconf 82' lang='grc' dir='ltr'>Διά</span> <span class='ocrx_word' id='word_1_34' title='bbox 838 757 921 794; x_wconf 91' lang='grc' dir='ltr'>τοι</span> <span class='ocrx_word' id='word_1_35' title='bbox 949 740 1108 792; x_wconf 84' lang='grc' dir='ltr'>τοῦτο</span> <span class='ocrx_word' id='word_1_36' title='bbox 1131 739 1183 791; x_wconf 82' lang='grc' dir='ltr'><strong>εί</strong></span> <span class='ocrx_word' id='word_1_37' title='bbox 1208 756 1292 803; x_wconf 90' lang='grc' dir='ltr'><strong>τις</strong></span> <span class='ocrx_word' id='word_1_38' title='bbox 1317 739 1472 808; x_wconf 82' lang='grc' dir='ltr'>ὑμῶν</span> <span class='ocrx_word' id='word_1_39' title='bbox 1497 737 1719 791; x_wconf 73' lang='grc' dir='ltr'>δύναται</span> <span class='ocrx_word' id='word_1_40' title='bbox 1750 754 1879 790; x_wconf 85' lang='grc' dir='ltr'>συν-</span> 
     </span>
    </p>
   </div>
   <div class='ocr_carea' id='block_1_8' title="bbox 1990 646 3573 726">
    <p class='ocr_par' dir='ltr' id='par_1_8' title="bbox 1990 646 3573 726">
     <span class='ocr_line' id='line_1_8' title="bbox 1990 646 3573 726; baseline 0.012 -32"><span class='ocrx_word' id='word_1_41' title='bbox 1990 646 2249 716; x_wconf 84' lang='lat' dir='ltr'><strong>pietatem</strong></span> <span class='ocrx_word' id='word_1_42' title='bbox 2281 646 2566 716; x_wconf 80' lang='lat' dir='ltr'><strong>amplexus</strong></span> <span class='ocrx_word' id='word_1_43' title='bbox 2595 662 2654 704; x_wconf 91' lang='lat' dir='ltr'><strong>se</strong></span> <span class='ocrx_word' id='word_1_44' title='bbox 2687 664 2718 703; x_wconf 90' lang='lat' dir='ltr'><strong>a</strong></span> <span class='ocrx_word' id='word_1_45' title='bbox 2755 665 2887 706; x_wconf 87' lang='lat' dir='ltr'><strong>sene</strong></span> <span class='ocrx_word' id='word_1_46' title='bbox 2926 653 3034 707; x_wconf 89' lang='lat' dir='ltr'><strong>isto</strong></span> <span class='ocrx_word' id='word_1_47' title='bbox 3074 654 3284 710; x_wconf 89' lang='lat' dir='ltr'><strong>victum</strong></span> <span class='ocrx_word' id='word_1_48' title='bbox 3345 658 3573 726; x_wconf 77' lang='lat' dir='ltr'><strong>gavisus</strong></span> 
     </span>
    </p>
   </div>
   <div class='ocr_carea' id='block_1_9' title="bbox 1988 747 2093 793">
    <p class='ocr_par' dir='ltr' id='par_1_9' title="bbox 1988 747 2093 793">
     <span class='ocr_line' id='line_1_9' title="bbox 1988 747 2093 793; baseline -0.019 -1"><span class='ocrx_word' id='word_1_49' title='bbox 1988 747 2093 793; x_wconf 88' lang='lat' dir='ltr'><strong>est.</strong></span> 
     </span>
    </p>
   </div>
   <div class='ocr_carea' id='block_1_10' title="bbox 297 832 3578 910">
    <p class='ocr_par' dir='ltr' id='par_1_10' title="bbox 297 832 3578 910">
     <span class='ocr_line' id='line_1_10' title="bbox 297 832 3578 910; baseline 0 -18"><span class='ocrx_word' id='word_1_50' title='bbox 297 841 429 892; x_wconf 79' lang='grc' dir='ltr'>ιέναι</span> <span class='ocrx_word' id='word_1_51' title='bbox 492 839 566 900; x_wconf 84' lang='grc' dir='ltr'><strong>ὡς</strong></span> <span class='ocrx_word' id='word_1_52' title='bbox 631 837 808 906; x_wconf 83' lang='grc' dir='ltr'>κάγὼ,</span> <span class='ocrx_word' id='word_1_53' title='bbox 849 835 1131 889; x_wconf 80' lang='grc' dir='ltr'><strong>πιστεύσει</strong></span> <span class='ocrx_word' id='word_1_54' title='bbox 1165 837 1246 898; x_wconf 83' lang='grc' dir='ltr'><strong>είς</strong></span> <span class='ocrx_word' id='word_1_55' title='bbox 1293 834 1386 886; x_wconf 81' lang='grc' dir='ltr'><strong>τὸν</strong></span> <span class='ocrx_word' id='word_1_56' title='bbox 1423 833 1676 904; x_wconf 72' lang='grc' dir='ltr'>Χριστὸν,</span> <span class='ocrx_word' id='word_1_57' title='bbox 1728 832 1822 885; x_wconf 75' lang='grc' dir='ltr'><strong>καὶ</strong></span> <span class='ocrx_word' id='word_1_58' title='bbox 1887 834 2250 888; x_wconf 80' lang='grc' dir='ltr'><strong>ἀκολουθείτω</strong></span> <span class='ocrx_word' id='word_1_59' title='bbox 2279 836 2374 888; x_wconf 77' lang='grc' dir='ltr'><strong>σὺν</strong></span> <span class='ocrx_word' id='word_1_60' title='bbox 2399 837 2522 904; x_wconf 74' lang='grc' dir='ltr'>ἐμοὶ</span> <span class='ocrx_word' id='word_1_61' title='bbox 2565 834 2645 906; x_wconf 83' lang='grc' dir='ltr'>τῷ</span> <span class='ocrx_word' id='word_1_62' title='bbox 2705 836 2920 907; x_wconf 84' lang='grc' dir='ltr'><strong>γέροντι</strong></span> <span class='ocrx_word' id='word_1_63' title='bbox 2967 837 3163 908; x_wconf 82' lang='grc' dir='ltr'>τούτῳ,</span> <span class='ocrx_word' id='word_1_64' title='bbox 3224 841 3281 893; x_wconf 88' lang='grc' dir='ltr'><strong>ἐν</strong></span> <span class='ocrx_word' id='word_1_65' title='bbox 3332 833 3378 910; x_wconf 84' lang='grc' dir='ltr'>ᾦ</span> <span class='ocrx_word' id='word_1_66' title='bbox 3451 840 3578 894; x_wconf 78' lang='grc' dir='ltr'>ἐλά-</span> 
     </span>
    </p>
   </div>
   <div class='ocr_carea' id='block_1_11' title="bbox 293 921 3562 1007">
    <p class='ocr_par' dir='ltr' id='par_1_11' title="bbox 293 921 3562 1007">
     <span class='ocr_line' id='line_1_11' title="bbox 293 921 3562 1007; baseline 0.003 -28"><span class='ocrx_word' id='word_1_67' title='bbox 293 930 459 999; x_wconf 78' lang='grc' dir='ltr'>λησεν</span> <span class='ocrx_word' id='word_1_68' title='bbox 493 929 522 982; x_wconf 89' lang='grc' dir='ltr'><strong>ό</strong></span> <span class='ocrx_word' id='word_1_69' title='bbox 561 929 712 992; x_wconf 89' lang='grc' dir='ltr'>Θεός.</span> <span class='ocrx_word' id='word_1_70' title='bbox 772 926 962 997; x_wconf 86' lang='grc' dir='ltr'><strong>Τούτῳ</strong></span> <span class='ocrx_word' id='word_1_71' title='bbox 1017 921 1112 980; x_wconf 79' lang='grc' dir='ltr'>οὖν</span> <span class='ocrx_word' id='word_1_72' title='bbox 1165 925 1246 996; x_wconf 81' lang='grc' dir='ltr'>τῷ</span> <span class='ocrx_word' id='word_1_73' title='bbox 1291 923 1480 996; x_wconf 82' lang='grc' dir='ltr'>τρόπῳ</span> <span class='ocrx_word' id='word_1_74' title='bbox 1515 925 1807 994; x_wconf 82' lang='grc' dir='ltr'>γενόμενος</span> <span class='ocrx_word' id='word_1_75' title='bbox 1858 925 1886 977; x_wconf 85' lang='grc' dir='ltr'>ὁ</span> <span class='ocrx_word' id='word_1_76' title='bbox 1924 927 2565 1007; x_wconf 72' lang='grc' dir='ltr'>φιλόσοφοςΧριστιανδς</span> <span class='ocrx_word' id='word_1_77' title='bbox 2588 930 2806 1002; x_wconf 78' lang='grc' dir='ltr'>ἔχαιρεν</span> <span class='ocrx_word' id='word_1_78' title='bbox 2837 930 3097 1001; x_wconf 75' lang='grc' dir='ltr'>ἡττηθεὶς</span> <span class='ocrx_word' id='word_1_79' title='bbox 3153 932 3259 986; x_wconf 76' lang='grc' dir='ltr'><strong>ὑπὸ</strong></span> <span class='ocrx_word' id='word_1_80' title='bbox 3327 934 3420 988; x_wconf 80' lang='grc' dir='ltr'><strong>τοῦ</strong></span> <span class='ocrx_word' id='word_1_81' title='bbox 3474 937 3562 1004; x_wconf 83' lang='grc' dir='ltr'>γέ-</span> 
     </span>
    </p>
   </div>
   <div class='ocr_carea' id='block_1_12' title="bbox 298 1041 504 1094">
    <p class='ocr_par' dir='ltr' id='par_1_12' title="bbox 298 1041 504 1094">
     <span class='ocr_line' id='line_1_12' title="bbox 298 1041 504 1094; baseline 0 -18"><span class='ocrx_word' id='word_1_82' title='bbox 298 1041 504 1094; x_wconf 76' lang='grc' dir='ltr'>ροντος.</span> 
     </span>
    </p>
   </div>
   <div class='ocr_carea' id='block_1_13' title="bbox 373 1111 1888 1186">
    <p class='ocr_par' dir='ltr' id='par_1_13' title="bbox 373 1111 1888 1186">
     <span class='ocr_line' id='line_1_13' title="bbox 373 1111 1888 1186; baseline -0.003 -17"><span class='ocrx_word' id='word_1_83' title='bbox 373 1117 565 1186; x_wconf 78' lang='grc' dir='ltr'>Παρῆν</span> <span class='ocrx_word' id='word_1_84' title='bbox 588 1115 646 1169; x_wconf 81' lang='grc' dir='ltr'><strong>δέ</strong></span> <span class='ocrx_word' id='word_1_85' title='bbox 675 1114 979 1186; x_wconf 70' lang='grc' dir='ltr'>τηνικαῦτα</span> <span class='ocrx_word' id='word_1_86' title='bbox 1026 1113 1172 1168; x_wconf 80' lang='grc' dir='ltr'><strong>καὶὸ</strong></span> <span class='ocrx_word' id='word_1_87' title='bbox 1210 1113 1351 1175; x_wconf 79' lang='grc' dir='ltr'>θεῖος</span> <span class='ocrx_word' id='word_1_88' title='bbox 1398 1111 1741 1177; x_wconf 82' lang='grc' dir='ltr'>Παφνούτιος</span> <span class='ocrx_word' id='word_1_89' title='bbox 1792 1112 1888 1166; x_wconf 79' lang='grc' dir='ltr'><strong>καὶ</strong></span> 
     </span>
    </p>
   </div>
   <div class='ocr_carea' id='block_1_14' title="bbox 298 1200 1887 1282">
    <p class='ocr_par' dir='ltr' id='par_1_14' title="bbox 298 1200 1887 1282">
     <span class='ocr_line' id='line_1_14' title="bbox 298 1200 1887 1282; baseline -0.006 -18"><span class='ocrx_word' id='word_1_90' title='bbox 298 1210 664 1282; x_wconf 81' lang='grc' dir='ltr'>τερατουργδς</span> <span class='ocrx_word' id='word_1_91' title='bbox 685 1210 780 1262; x_wconf 75' lang='grc' dir='ltr'>καὶ</span> <span class='ocrx_word' id='word_1_92' title='bbox 805 1205 1170 1280; x_wconf 80' lang='grc' dir='ltr'>ὁμολογητὴς,</span> <span class='ocrx_word' id='word_1_93' title='bbox 1203 1200 1264 1260; x_wconf 71' lang='grc' dir='ltr'>οὗ</span> <span class='ocrx_word' id='word_1_94' title='bbox 1291 1205 1383 1258; x_wconf 87' lang='grc' dir='ltr'><strong>τὸν</strong></span> <span class='ocrx_word' id='word_1_95' title='bbox 1404 1204 1580 1267; x_wconf 68' lang='grc' dir='ltr'>δεξιὸν</span> <span class='ocrx_word' id='word_1_96' title='bbox 1609 1204 1887 1273; x_wconf 81' lang='grc' dir='ltr'>ὀφθαλμὸν</span> 
     </span>
    </p>
   </div>
   <div class='ocr_carea' id='block_1_15' title="bbox 302 1295 1876 1372">
    <p class='ocr_par' dir='ltr' id='par_1_15' title="bbox 302 1295 1876 1372">
     <span class='ocr_line' id='line_1_15' title="bbox 302 1295 1876 1372; baseline -0.007 -15"><span class='ocrx_word' id='word_1_97' title='bbox 302 1301 646 1371; x_wconf 82' lang='grc' dir='ltr'>Μαξιμιανὺς</span> <span class='ocrx_word' id='word_1_98' title='bbox 713 1301 1006 1372; x_wconf 78' lang='grc' dir='ltr'>ἐξώρυξεν.</span> <span class='ocrx_word' id='word_1_99' title='bbox 1086 1300 1182 1362; x_wconf 89' lang='grc' dir='ltr'>Ὃς</span> <span class='ocrx_word' id='word_1_100' title='bbox 1231 1297 1332 1366; x_wconf 81' lang='grc' dir='ltr'>τῆς</span> <span class='ocrx_word' id='word_1_101' title='bbox 1394 1296 1612 1349; x_wconf 81' lang='grc' dir='ltr'>συνόδου</span> <span class='ocrx_word' id='word_1_102' title='bbox 1661 1295 1876 1348; x_wconf 72' lang='grc' dir='ltr'>κανονίο</span> 
     </span>
    </p>
   </div>
   <div class='ocr_carea' id='block_1_16' title="bbox 299 1390 1886 1466">
    <p class='ocr_par' dir='ltr' id='par_1_16' title="bbox 299 1390 1886 1466">
     <span class='ocr_line' id='line_1_16' title="bbox 299 1390 1886 1466; baseline -0.003 -19"><span class='ocrx_word' id='word_1_103' title='bbox 299 1414 390 1449; x_wconf 90' lang='grc' dir='ltr'><strong>σαι</strong></span> <span class='ocrx_word' id='word_1_104' title='bbox 423 1394 537 1466; x_wconf 85' lang='grc'><strong>(88)</strong></span> <span class='ocrx_word' id='word_1_105' title='bbox 587 1395 850 1464; x_wconf 78' lang='grc' dir='ltr'><strong>θελούσης</strong></span> <span class='ocrx_word' id='word_1_106' title='bbox 882 1393 1022 1448; x_wconf 82' lang='grc' dir='ltr'>ὥστε</span> <span class='ocrx_word' id='word_1_107' title='bbox 1071 1391 1335 1461; x_wconf 81' lang='grc' dir='ltr'>κληρικὸν</span> <span class='ocrx_word' id='word_1_108' title='bbox 1387 1391 1459 1460; x_wconf 83' lang='grc' dir='ltr'>μὴ</span> <span class='ocrx_word' id='word_1_109' title='bbox 1527 1390 1886 1460; x_wconf 71' lang='grc' dir='ltr'><strong>συνέρχεσθαι</strong></span> 
     </span>
    </p>
   </div>
   <div class='ocr_carea' id='block_1_17' title="bbox 298 1480 1878 1557">
    <p class='ocr_par' dir='ltr' id='par_1_17' title="bbox 298 1480 1878 1557">
     <span class='ocr_line' id='line_1_17' title="bbox 298 1480 1878 1557; baseline -0.003 -19"><span class='ocrx_word' id='word_1_110' title='bbox 298 1489 520 1554; x_wconf 69' lang='grc' dir='ltr'>γυναικὶ</span> <span class='ocrx_word' id='word_1_111' title='bbox 547 1486 684 1557; x_wconf 79' lang='grc' dir='ltr'>πρὸς</span> <span class='ocrx_word' id='word_1_112' title='bbox 711 1485 911 1554; x_wconf 84' lang='grc' dir='ltr'><strong>γάμον,</strong></span> <span class='ocrx_word' id='word_1_113' title='bbox 938 1485 1012 1548; x_wconf 84' lang='grc' dir='ltr'>ὼς</span> <span class='ocrx_word' id='word_1_114' title='bbox 1041 1483 1216 1555; x_wconf 81' lang='grc' dir='ltr'>βαρὺν</span> <span class='ocrx_word' id='word_1_115' title='bbox 1255 1480 1349 1534; x_wconf 77' lang='grc' dir='ltr'><strong>τὸν</strong></span> <span class='ocrx_word' id='word_1_116' title='bbox 1390 1481 1549 1550; x_wconf 86' lang='grc' dir='ltr'>λόγον</span> <span class='ocrx_word' id='word_1_117' title='bbox 1593 1480 1878 1551; x_wconf 63' lang='grc' dir='ltr'>ἀνέτρεψε,</span> 
     </span>
    </p>
   </div>
   <div class='ocr_carea' id='block_1_18' title="bbox 298 1572 1880 1648">
    <p class='ocr_par' dir='ltr' id='par_1_18' title="bbox 298 1572 1880 1648">
     <span class='ocr_line' id='line_1_18' title="bbox 298 1572 1880 1648; baseline -0.003 -18"><span class='ocrx_word' id='word_1_118' title='bbox 298 1579 394 1630; x_wconf 71' lang='grc' dir='ltr'><strong>καὶ</strong></span> <span class='ocrx_word' id='word_1_119' title='bbox 445 1583 628 1648; x_wconf 80' lang='grc' dir='ltr'>μόνοις</span> <span class='ocrx_word' id='word_1_120' title='bbox 661 1577 985 1640; x_wconf 76' lang='grc' dir='ltr'><strong>ἐπισκόποις</strong></span> <span class='ocrx_word' id='word_1_121' title='bbox 1029 1573 1279 1628; x_wconf 86' lang='grc' dir='ltr'>ἐτύπωσε</span> <span class='ocrx_word' id='word_1_122' title='bbox 1324 1572 1484 1626; x_wconf 84' lang='grc' dir='ltr'>τοῦτο</span> <span class='ocrx_word' id='word_1_123' title='bbox 1521 1574 1880 1643; x_wconf 64' lang='grc' dir='ltr'>παραφυλάτ-</span> 
     </span>
    </p>
   </div>
   <div class='ocr_carea' id='block_1_19' title="bbox 299 1670 511 1724">
    <p class='ocr_par' dir='ltr' id='par_1_19' title="bbox 299 1670 511 1724">
     <span class='ocr_line' id='line_1_19' title="bbox 299 1670 511 1724; baseline 0.009 -3"><span class='ocrx_word' id='word_1_124' title='bbox 299 1670 511 1724; x_wconf 82' lang='grc' dir='ltr'>τεσθαι.</span> 
     </span>
    </p>
   </div>
   <div class='ocr_carea' id='block_1_20' title="bbox 370 1757 1879 1831">
    <p class='ocr_par' dir='ltr' id='par_1_20' title="bbox 370 1757 1879 1831">
     <span class='ocr_line' id='line_1_20' title="bbox 370 1757 1879 1831; baseline -0.003 -16"><span class='ocrx_word' id='word_1_125' title='bbox 370 1762 525 1816; x_wconf 81' lang='grc' dir='ltr'>Μετὰ</span> <span class='ocrx_word' id='word_1_126' title='bbox 547 1761 677 1830; x_wconf 82' lang='grc' dir='ltr'>γοῦν</span> <span class='ocrx_word' id='word_1_127' title='bbox 705 1760 906 1831; x_wconf 79' lang='grc' dir='ltr'>πολλὴν</span> <span class='ocrx_word' id='word_1_128' title='bbox 929 1759 1029 1830; x_wconf 83' lang='grc' dir='ltr'><strong>τῆς</strong></span> <span class='ocrx_word' id='word_1_129' title='bbox 1083 1758 1331 1829; x_wconf 75' lang='grc' dir='ltr'><strong>σκέψεως</strong></span> <span class='ocrx_word' id='word_1_130' title='bbox 1393 1757 1684 1828; x_wconf 78' lang='grc' dir='ltr'>ἀκρίϐειαν</span> <span class='ocrx_word' id='word_1_131' title='bbox 1734 1757 1879 1822; x_wconf 79' lang='grc' dir='ltr'>ἔδοξε</span> 
     </span>
    </p>
   </div>
   <div class='ocr_carea' id='block_1_21' title="bbox 2059 1110 3571 1184">
    <p class='ocr_par' dir='ltr' id='par_1_21' title="bbox 2059 1110 3571 1184">
     <span class='ocr_line' id='line_1_21' title="bbox 2059 1110 3571 1184; baseline 0.003 -20"><span class='ocrx_word' id='word_1_132' title='bbox 2059 1110 2311 1165; x_wconf 83' lang='lat' dir='ltr'><strong>Interfuit</strong></span> <span class='ocrx_word' id='word_1_133' title='bbox 2345 1112 2394 1166; x_wconf 90' lang='lat' dir='ltr'><strong>ei</strong></span> <span class='ocrx_word' id='word_1_134' title='bbox 2433 1110 2669 1166; x_wconf 93' lang='lat' dir='ltr'><strong>concilio</strong></span> <span class='ocrx_word' id='word_1_135' title='bbox 2719 1113 2882 1167; x_wconf 90' lang='lat' dir='ltr'><strong>etiam</strong></span> <span class='ocrx_word' id='word_1_136' title='bbox 2937 1113 3159 1167; x_wconf 80' lang='lat' dir='ltr'><strong>divinus</strong></span> <span class='ocrx_word' id='word_1_137' title='bbox 3204 1113 3571 1184; x_wconf 86' lang='lat' dir='ltr'><strong>Paphnutius,</strong></span> 
     </span>
    </p>
   </div>
   <div class='ocr_carea' id='block_1_22' title="bbox 1986 1203 3566 1267">
    <p class='ocr_par' dir='ltr' id='par_1_22' title="bbox 1986 1203 3566 1267">
     <span class='ocr_line' id='line_1_22' title="bbox 1986 1203 3566 1267; baseline 0.001 -9"><span class='ocrx_word' id='word_1_138' title='bbox 1986 1206 2256 1261; x_wconf 88' lang='lat' dir='ltr'><strong>miriﬁcus</strong></span> <span class='ocrx_word' id='word_1_139' title='bbox 2293 1206 2460 1258; x_wconf 89' lang='lat' dir='ltr'><strong>homo</strong></span> <span class='ocrx_word' id='word_1_140' title='bbox 2490 1212 2544 1258; x_wconf 90' lang='lat' dir='ltr'><strong>et</strong></span> <span class='ocrx_word' id='word_1_141' title='bbox 2571 1203 2881 1267; x_wconf 84' lang='lat' dir='ltr'><strong>confessor,</strong></span> <span class='ocrx_word' id='word_1_142' title='bbox 2915 1206 3004 1260; x_wconf 92' lang='lat' dir='ltr'><strong>cui</strong></span> <span class='ocrx_word' id='word_1_143' title='bbox 3035 1206 3401 1262; x_wconf 81' lang='lat' dir='ltr'><strong>Maximianus</strong></span> <span class='ocrx_word' id='word_1_144' title='bbox 3432 1209 3566 1261; x_wconf 75' lang='lat' dir='ltr'><strong>dex-</strong></span> 
     </span>
    </p>
   </div>
   <div class='ocr_carea' id='block_1_23' title="bbox 1986 1294 3567 1360">
    <p class='ocr_par' dir='ltr' id='par_1_23' title="bbox 1986 1294 3567 1360">
     <span class='ocr_line' id='line_1_23' title="bbox 1986 1294 3567 1360; baseline 0.002 -10"><span class='ocrx_word' id='word_1_145' title='bbox 1986 1306 2127 1350; x_wconf 87' lang='lat' dir='ltr'><strong>trum</strong></span> <span class='ocrx_word' id='word_1_146' title='bbox 2157 1305 2379 1352; x_wconf 86' lang='lat' dir='ltr'><strong>eruerat</strong></span> <span class='ocrx_word' id='word_1_147' title='bbox 2437 1297 2676 1351; x_wconf 88' lang='lat' dir='ltr'><strong>oculum.</strong></span> <span class='ocrx_word' id='word_1_148' title='bbox 2751 1294 2824 1360; x_wconf 88' lang='lat' dir='ltr'><strong>Is,</strong></span> <span class='ocrx_word' id='word_1_149' title='bbox 2869 1311 2992 1351; x_wconf 92' lang='lat' dir='ltr'><strong>cum</strong></span> <span class='ocrx_word' id='word_1_150' title='bbox 3054 1299 3217 1352; x_wconf 80' lang='lat' dir='ltr'><strong>vellet</strong></span> <span class='ocrx_word' id='word_1_151' title='bbox 3274 1301 3567 1353; x_wconf 85' lang='lat' dir='ltr'><strong>concilium</strong></span> 
     </span>
    </p>
   </div>
   <div class='ocr_carea' id='block_1_24' title="bbox 1990 1383 3564 1458">
    <p class='ocr_par' dir='ltr' id='par_1_24' title="bbox 1990 1383 3564 1458">
     <span class='ocr_line' id='line_1_24' title="bbox 1990 1383 3564 1458; baseline 0.004 -21"><span class='ocrx_word' id='word_1_152' title='bbox 1990 1383 2154 1456; x_wconf 67' lang='grc'><strong>504</strong></span> <span class='ocrx_word' id='word_1_153' title='bbox 2219 1386 2514 1440; x_wconf 83' lang='lat' dir='ltr'><strong>decernere</strong></span> <span class='ocrx_word' id='word_1_154' title='bbox 2568 1395 2625 1440; x_wconf 85' lang='grc' dir='ltr'><strong>ιιι</strong></span> <span class='ocrx_word' id='word_1_155' title='bbox 2691 1385 2877 1442; x_wconf 84' lang='lat' dir='ltr'><strong>clerici</strong></span> <span class='ocrx_word' id='word_1_156' title='bbox 2946 1388 3156 1458; x_wconf 77' lang='lat' dir='ltr'><strong>nuptiis</strong></span> <span class='ocrx_word' id='word_1_157' title='bbox 3205 1388 3564 1451; x_wconf 84' lang='lat' dir='ltr'><strong>abstinerent,</strong></span> 
     </span>
    </p>
   </div>
   <div class='ocr_carea' id='block_1_25' title="bbox 1986 1479 3570 1552">
    <p class='ocr_par' dir='ltr' id='par_1_25' title="bbox 1986 1479 3570 1552">
     <span class='ocr_line' id='line_1_25' title="bbox 1986 1479 3570 1552; baseline 0.003 -20"><span class='ocrx_word' id='word_1_158' title='bbox 1986 1493 2106 1532; x_wconf 88' lang='lat' dir='ltr'><strong>eam</strong></span> <span class='ocrx_word' id='word_1_159' title='bbox 2167 1482 2503 1531; x_wconf 77' lang='lat' dir='ltr'><strong>sententiam</strong></span> <span class='ocrx_word' id='word_1_160' title='bbox 2552 1489 2613 1532; x_wconf 85' lang='grc' dir='ltr'><strong>ιιι</strong></span> <span class='ocrx_word' id='word_1_161' title='bbox 2673 1480 2864 1533; x_wconf 86' lang='lat' dir='ltr'><strong>duram</strong></span> <span class='ocrx_word' id='word_1_162' title='bbox 2928 1479 3210 1542; x_wconf 76' lang='lat' dir='ltr'><strong>rel‘utavit,</strong></span> <span class='ocrx_word' id='word_1_163' title='bbox 3269 1489 3570 1552; x_wconf 83' lang='lat' dir='ltr'><strong>auctorque</strong></span> 
     </span>
    </p>
   </div>
   <div class='ocr_carea' id='block_1_26' title="bbox 1986 1567 3564 1642">
    <p class='ocr_par' dir='ltr' id='par_1_26' title="bbox 1986 1567 3564 1642">
     <span class='ocr_line' id='line_1_26' title="bbox 1986 1567 3564 1642; baseline 0.004 -22"><span class='ocrx_word' id='word_1_164' title='bbox 1986 1567 2091 1620; x_wconf 78' lang='lat' dir='ltr'><strong>fuit</strong></span> <span class='ocrx_word' id='word_1_165' title='bbox 2164 1575 2224 1620; x_wconf 94' lang='lat' dir='ltr'><strong>ut</strong></span> <span class='ocrx_word' id='word_1_166' title='bbox 2299 1568 2589 1622; x_wconf 74' lang='lat' dir='ltr'><strong>cmlibatus</strong></span> <span class='ocrx_word' id='word_1_167' title='bbox 2651 1571 2786 1624; x_wconf 79' lang='lat' dir='ltr'>SOIIS</span> <span class='ocrx_word' id='word_1_168' title='bbox 2875 1573 3258 1639; x_wconf 84' lang='lat' dir='ltr'><strong>injungeretur</strong></span> <span class='ocrx_word' id='word_1_169' title='bbox 3345 1573 3564 1642; x_wconf 83' lang='lat' dir='ltr'><strong>episco-</strong></span> 
     </span>
    </p>
   </div>
   <div class='ocr_carea' id='block_1_27' title="bbox 1985 1674 2089 1726">
    <p class='ocr_par' dir='ltr' id='par_1_27' title="bbox 1985 1674 2089 1726">
     <span class='ocr_line' id='line_1_27' title="bbox 1985 1674 2089 1726; baseline 0.019 -18"><span class='ocrx_word' id='word_1_170' title='bbox 1985 1674 2089 1726; x_wconf 82' lang='lat' dir='ltr'><strong>pls.</strong></span> 
     </span>
    </p>
   </div>
   <div class='ocr_carea' id='block_1_28' title="bbox 2056 1750 3566 1814">
    <p class='ocr_par' dir='ltr' id='par_1_28' title="bbox 2056 1750 3566 1814">
     <span class='ocr_line' id='line_1_28' title="bbox 2056 1750 3566 1814; baseline 0.002 -11"><span class='ocrx_word' id='word_1_171' title='bbox 2056 1751 2134 1804; x_wconf 66' lang='lat' dir='ltr'><strong>lle</strong></span> <span class='ocrx_word' id='word_1_172' title='bbox 2161 1751 2579 1805; x_wconf 76' lang='lat' dir='ltr'><strong>accuratissime</strong></span> <span class='ocrx_word' id='word_1_173' title='bbox 2604 1751 2935 1814; x_wconf 81' lang='lat' dir='ltr'><strong>examinata,</strong></span> <span class='ocrx_word' id='word_1_174' title='bbox 2957 1766 3018 1804; x_wconf 89' lang='lat' dir='ltr'><strong>ea</strong></span> <span class='ocrx_word' id='word_1_175' title='bbox 3046 1750 3147 1805; x_wconf 81' lang='lat' dir='ltr'><strong>fuit</strong></span> <span class='ocrx_word' id='word_1_176' title='bbox 3169 1754 3410 1806; x_wconf 88' lang='lat' dir='ltr'><strong>omnium</strong></span> <span class='ocrx_word' id='word_1_177' title='bbox 3439 1769 3566 1808; x_wconf 85' lang='lat' dir='ltr'><strong>sen-</strong></span> 
     </span>
    </p>
   </div>
   <div class='ocr_carea' id='block_1_29' title="bbox 300 1840 1977 1923">
    <p class='ocr_par' dir='ltr' id='par_1_29' title="bbox 300 1849 1946 1923">
     <span class='ocr_line' id='line_1_29' title="bbox 300 1849 1946 1923; baseline -0.004 -17"><span class='ocrx_word' id='word_1_178' title='bbox 300 1857 470 1908; x_wconf 81' lang='grc' dir='ltr'>πᾶσιν</span> <span class='ocrx_word' id='word_1_179' title='bbox 521 1854 659 1923; x_wconf 81' lang='grc' dir='ltr'>ὁμοῦ</span> <span class='ocrx_word' id='word_1_180' title='bbox 709 1853 820 1906; x_wconf 84' lang='grc' dir='ltr'>δεῖν</span> <span class='ocrx_word' id='word_1_181' title='bbox 869 1851 1155 1922; x_wconf 79' lang='grc' dir='ltr'><strong>ὁρίσασθαι</strong></span> <span class='ocrx_word' id='word_1_182' title='bbox 1203 1850 1265 1904; x_wconf 82' lang='grc' dir='ltr'><strong>τὸ</strong></span> <span class='ocrx_word' id='word_1_183' title='bbox 1324 1849 1608 1919; x_wconf 84' lang='grc' dir='ltr'>ὀμοούσιον</span> <span class='ocrx_word' id='word_1_184' title='bbox 1664 1849 1758 1902; x_wconf 76' lang='grc' dir='ltr'><strong>ἐπὶ</strong></span> <span class='ocrx_word' id='word_1_185' title='bbox 1779 1849 1880 1918; x_wconf 83' lang='grc' dir='ltr'>τῆς</span> <span class='ocrx_word' id='word_1_186' title='bbox 1914 1915 1946 1923; x_wconf 18' lang='grc' dir='ltr'><em>Ἀ</em></span> 
     </span>
    </p>
   </div>
   <div class='ocr_carea' id='block_1_30' title="bbox 1888 1840 3565 1923">
    <p class='ocr_par' dir='ltr' id='par_1_30' title="bbox 1914 1840 3565 1923">
     <span class='ocr_line' id='line_1_30' title="bbox 1914 1840 3565 1923; baseline 0.002 -31"><span class='ocrx_word' id='word_1_187' title='bbox 1914 1915 1930 1923; x_wconf 77' lang='lat'>_</span> <span class='ocrx_word' id='word_1_188' title='bbox 1983 1843 2173 1902; x_wconf 83' lang='lat' dir='ltr'><strong>tentia,</strong></span> <span class='ocrx_word' id='word_1_189' title='bbox 2206 1856 2389 1894; x_wconf 84' lang='lat' dir='ltr'><strong>veram</strong></span> <span class='ocrx_word' id='word_1_190' title='bbox 2424 1841 2582 1894; x_wconf 88' lang='lat' dir='ltr'><strong>ﬁdem</strong></span> <span class='ocrx_word' id='word_1_191' title='bbox 2615 1850 2856 1896; x_wconf 83' lang='lat' dir='ltr'><strong>statuere</strong></span> <span class='ocrx_word' id='word_1_192' title='bbox 2884 1840 3083 1896; x_wconf 84' lang='lat' dir='ltr'><strong>Filium</strong></span> <span class='ocrx_word' id='word_1_193' title='bbox 3118 1843 3565 1897; x_wconf 87' lang='lat' dir='ltr'><strong>consubstantia-</strong></span> 
     </span>
    </p>
   </div>
   <div class='ocr_carea' id='block_1_31' title="bbox 298 1915 1975 2015">
    <p class='ocr_par' dir='ltr' id='par_1_31' title="bbox 298 1915 1953 2015">
     <span class='ocr_line' id='line_1_31' title="bbox 298 1915 1953 2015; baseline -0.002 -17"><span class='ocrx_word' id='word_1_194' title='bbox 298 1947 584 2015; x_wconf 67' lang='grc' dir='ltr'>ὀρθοδόξου</span> <span class='ocrx_word' id='word_1_195' title='bbox 613 1946 874 2010; x_wconf 82' lang='grc' dir='ltr'>πίστεως,</span> <span class='ocrx_word' id='word_1_196' title='bbox 903 1945 1152 1998; x_wconf 79' lang='grc' dir='ltr'><strong>τουτέστι</strong></span> <span class='ocrx_word' id='word_1_197' title='bbox 1181 1943 1282 2011; x_wconf 77' lang='grc' dir='ltr'>τῆς</span> <span class='ocrx_word' id='word_1_198' title='bbox 1341 1944 1512 2010; x_wconf 73' lang='grc' dir='ltr'>αὐτῆς</span> <span class='ocrx_word' id='word_1_199' title='bbox 1556 1942 1746 2005; x_wconf 69' lang='grc' dir='ltr'>οὐσίας</span> <span class='ocrx_word' id='word_1_200' title='bbox 1783 1944 1880 1995; x_wconf 76' lang='grc' dir='ltr'>καὶ</span> <span class='ocrx_word' id='word_1_201' title='bbox 1914 1915 1953 1973; x_wconf 72' lang='grc' dir='ltr'><strong>Β</strong></span> 
     </span>
    </p>
   </div>
   <div class='ocr_carea' id='block_1_32' title="bbox 1888 1915 3565 2015">
    <p class='ocr_par' dir='ltr' id='par_1_32' title="bbox 1914 1915 3565 2006">
     <span class='ocr_line' id='line_1_32' title="bbox 1914 1915 3565 2006; baseline 0.003 -21"><span class='ocrx_word' id='word_1_202' title='bbox 1914 1915 1953 1973; x_wconf 75' lang='grc' dir='ltr'><strong>Β</strong></span> <span class='ocrx_word' id='word_1_203' title='bbox 1984 1933 2112 1995; x_wconf 90' lang='lat' dir='ltr'><strong>lem,</strong></span> <span class='ocrx_word' id='word_1_204' title='bbox 2154 1931 2258 1986; x_wconf 87' lang='lat' dir='ltr'><strong>hoc</strong></span> <span class='ocrx_word' id='word_1_205' title='bbox 2290 1942 2376 1986; x_wconf 89' lang='lat' dir='ltr'><strong>est</strong></span> <span class='ocrx_word' id='word_1_206' title='bbox 2427 1933 2672 2000; x_wconf 81' lang='lat' dir='ltr'><strong>ejusdem</strong></span> <span class='ocrx_word' id='word_1_207' title='bbox 2722 1949 2845 1986; x_wconf 92' lang='lat' dir='ltr'><strong>cum</strong></span> <span class='ocrx_word' id='word_1_208' title='bbox 2897 1933 3058 1989; x_wconf 87' lang='lat' dir='ltr'><strong>Patre</strong></span> <span class='ocrx_word' id='word_1_209' title='bbox 3101 1938 3356 1990; x_wconf 63' lang='lat' dir='ltr'><strong>essentia:</strong></span> <span class='ocrx_word' id='word_1_210' title='bbox 3398 1947 3565 2006; x_wconf 80' lang='lat' dir='ltr'><strong>atque</strong></span> 
     </span>
    </p>
   </div>
   <div class='ocr_carea' id='block_1_33' title="bbox 298 2030 1880 2107">
    <p class='ocr_par' dir='ltr' id='par_1_33' title="bbox 298 2030 1880 2107">
     <span class='ocr_line' id='line_1_33' title="bbox 298 2030 1880 2107; baseline -0.004 -17"><span class='ocrx_word' id='word_1_211' title='bbox 298 2037 515 2100; x_wconf 62' lang='grc' dir='ltr'>φύσεως</span> <span class='ocrx_word' id='word_1_212' title='bbox 539 2035 618 2106; x_wconf 85' lang='grc' dir='ltr'>τῷ</span> <span class='ocrx_word' id='word_1_213' title='bbox 643 2037 817 2107; x_wconf 78' lang='grc' dir='ltr'>Πατρὶ</span> <span class='ocrx_word' id='word_1_214' title='bbox 833 2036 927 2088; x_wconf 66' lang='grc' dir='ltr'><strong>κα)⁸</strong></span> <span class='ocrx_word' id='word_1_215' title='bbox 948 2034 1040 2088; x_wconf 79' lang='grc' dir='ltr'><strong>τὸν</strong></span> <span class='ocrx_word' id='word_1_216' title='bbox 1062 2033 1192 2087; x_wconf 73' lang='grc' dir='ltr'>Υίον</span> <span class='ocrx_word' id='word_1_217' title='bbox 1214 2035 1514 2103; x_wconf 85' lang='grc' dir='ltr'>ὁμολογεῖν.</span> <span class='ocrx_word' id='word_1_218' title='bbox 1537 2033 1640 2085; x_wconf 81' lang='grc' dir='ltr'>Ἠν</span> <span class='ocrx_word' id='word_1_219' title='bbox 1661 2030 1880 2102; x_wconf 78' lang='grc' dir='ltr'><strong>[Ρ.288]</strong></span> 
     </span>
    </p>
   </div>
   <div class='ocr_carea' id='block_1_34' title="bbox 295 2121 1883 2195">
    <p class='ocr_par' dir='ltr' id='par_1_34' title="bbox 295 2121 1883 2195">
     <span class='ocr_line' id='line_1_34' title="bbox 295 2121 1883 2195; baseline -0.004 -20"><span class='ocrx_word' id='word_1_220' title='bbox 295 2125 358 2195; x_wconf 77' lang='grc' dir='ltr'><strong>δὴ</strong></span> <span class='ocrx_word' id='word_1_221' title='bbox 411 2127 506 2179; x_wconf 73' lang='grc' dir='ltr'>καὶ</span> <span class='ocrx_word' id='word_1_222' title='bbox 558 2127 702 2179; x_wconf 71' lang='grc' dir='ltr'>κατὰ</span> <span class='ocrx_word' id='word_1_223' title='bbox 754 2125 955 2194; x_wconf 87' lang='grc' dir='ltr'>κράτος</span> <span class='ocrx_word' id='word_1_224' title='bbox 1006 2123 1100 2176; x_wconf 84' lang='grc' dir='ltr'><strong>καὶ</strong></span> <span class='ocrx_word' id='word_1_225' title='bbox 1160 2121 1466 2192; x_wconf 76' lang='grc' dir='ltr'><strong>συμφώνως</strong></span> <span class='ocrx_word' id='word_1_226' title='bbox 1528 2121 1883 2181; x_wconf 77' lang='grc' dir='ltr'>ἐϐεϐαίωσαν,</span> 
     </span>
    </p>
   </div>
   <div class='ocr_carea' id='block_1_35' title="bbox 295 2209 1880 2285">
    <p class='ocr_par' dir='ltr' id='par_1_35' title="bbox 295 2209 1880 2285">
     <span class='ocr_line' id='line_1_35' title="bbox 295 2209 1880 2285; baseline -0.004 -17"><span class='ocrx_word' id='word_1_227' title='bbox 295 2217 471 2284; x_wconf 82' lang='grc' dir='ltr'>παρὲξ</span> <span class='ocrx_word' id='word_1_228' title='bbox 520 2216 733 2285; x_wconf 78' lang='grc' dir='ltr'>Ἀρείου</span> <span class='ocrx_word' id='word_1_229' title='bbox 755 2214 848 2270; x_wconf 77' lang='grc' dir='ltr'><strong>τοῦ</strong></span> <span class='ocrx_word' id='word_1_230' title='bbox 879 2215 1110 2280; x_wconf 74' lang='grc' dir='ltr'>ἀσεϐοῦς</span> <span class='ocrx_word' id='word_1_231' title='bbox 1155 2214 1252 2268; x_wconf 78' lang='grc' dir='ltr'><strong>καὶ</strong></span> <span class='ocrx_word' id='word_1_232' title='bbox 1278 2215 1485 2282; x_wconf 82' lang='grc' dir='ltr'>ἑτέρων</span> <span class='ocrx_word' id='word_1_233' title='bbox 1507 2211 1568 2276; x_wconf 83' lang='grc' dir='ltr'>ἒξ</span> <span class='ocrx_word' id='word_1_234' title='bbox 1634 2213 1775 2280; x_wconf 81' lang='grc' dir='ltr'>ὁμοφ</span> <span class='ocrx_word' id='word_1_235' title='bbox 1789 2209 1880 2281; x_wconf 81' lang='grc' dir='ltr'>ρό-</span> 
     </span>
    </p>
   </div>
   <div class='ocr_carea' id='block_1_36' title="bbox 299 2303 1881 2378">
    <p class='ocr_par' dir='ltr' id='par_1_36' title="bbox 299 2303 1881 2378">
     <span class='ocr_line' id='line_1_36' title="bbox 299 2303 1881 2378; baseline -0.003 -19"><span class='ocrx_word' id='word_1_236' title='bbox 299 2327 406 2361; x_wconf 87' lang='grc' dir='ltr'><strong>νων</strong></span> <span class='ocrx_word' id='word_1_237' title='bbox 433 2308 604 2378; x_wconf 83' lang='grc' dir='ltr'>αὐτῷ,</span> <span class='ocrx_word' id='word_1_238' title='bbox 640 2307 732 2372; x_wconf 75' lang='grc' dir='ltr'><strong>οὓς</strong></span> <span class='ocrx_word' id='word_1_239' title='bbox 759 2307 1296 2378; x_wconf 80' lang='grc' dir='ltr'>άναθεματισθέντας</span> <span class='ocrx_word' id='word_1_240' title='bbox 1327 2305 1432 2358; x_wconf 82' lang='grc' dir='ltr'>ὑπὸ</span> <span class='ocrx_word' id='word_1_241' title='bbox 1458 2304 1567 2357; x_wconf 84' lang='grc' dir='ltr'>τῶν</span> <span class='ocrx_word' id='word_1_242' title='bbox 1592 2303 1752 2357; x_wconf 82' lang='grc' dir='ltr'>θείων</span> <span class='ocrx_word' id='word_1_243' title='bbox 1773 2308 1881 2372; x_wconf 80' lang='grc' dir='ltr'>τιη⁹</span> 
     </span>
    </p>
   </div>
   <div class='ocr_carea' id='block_1_37' title="bbox 298 2398 1166 2470">
    <p class='ocr_par' dir='ltr' id='par_1_37' title="bbox 298 2398 1166 2470">
     <span class='ocr_line' id='line_1_37' title="bbox 298 2398 1166 2470; baseline 0 -18"><span class='ocrx_word' id='word_1_244' title='bbox 298 2399 555 2470; x_wconf 78' lang='grc' dir='ltr'>Πατέρων</span> <span class='ocrx_word' id='word_1_245' title='bbox 575 2400 602 2451; x_wconf 87' lang='grc' dir='ltr'><strong>ό</strong></span> <span class='ocrx_word' id='word_1_246' title='bbox 628 2398 884 2468; x_wconf 70' lang='grc' dir='ltr'>βασιλεὺς</span> <span class='ocrx_word' id='word_1_247' title='bbox 914 2398 1166 2468; x_wconf 75' lang='grc' dir='ltr'><strong>ἐξώρισε.</strong></span> 
     </span>
    </p>
   </div>
   <div class='ocr_carea' id='block_1_38' title="bbox 367 2491 1880 2564">
    <p class='ocr_par' dir='ltr' id='par_1_38' title="bbox 367 2491 1880 2564">
     <span class='ocr_line' id='line_1_38' title="bbox 367 2491 1880 2564; baseline -0.003 -16"><span class='ocrx_word' id='word_1_248' title='bbox 367 2495 523 2548; x_wconf 79' lang='grc' dir='ltr'>Μετὰ</span> <span class='ocrx_word' id='word_1_249' title='bbox 547 2493 603 2546; x_wconf 84' lang='grc' dir='ltr'>δὲ</span> <span class='ocrx_word' id='word_1_250' title='bbox 618 2493 790 2548; x_wconf 83' lang='grc' dir='ltr'>ταῦτα</span> <span class='ocrx_word' id='word_1_251' title='bbox 815 2493 1292 2564; x_wconf 80' lang='grc' dir='ltr'>φιλαπεχθήμονες</span> <span class='ocrx_word' id='word_1_252' title='bbox 1329 2491 1520 2562; x_wconf 82' lang='grc' dir='ltr'>ἄνδρες</span> <span class='ocrx_word' id='word_1_253' title='bbox 1549 2491 1694 2544; x_wconf 87' lang='grc' dir='ltr'>κατά</span> <span class='ocrx_word' id='word_1_254' title='bbox 1718 2508 1880 2544; x_wconf 84' lang='grc' dir='ltr'>τινων</span> 
     </span>
    </p>
   </div>
   <div class='ocr_carea' id='block_1_39' title="bbox 296 2581 1883 2654">
    <p class='ocr_par' dir='ltr' id='par_1_39' title="bbox 296 2581 1883 2654">
     <span class='ocr_line' id='line_1_39' title="bbox 296 2581 1883 2654; baseline 0 -20"><span class='ocrx_word' id='word_1_255' title='bbox 296 2583 609 2635; x_wconf 78' lang='grc' dir='ltr'>ἐπισκόπων</span> <span class='ocrx_word' id='word_1_256' title='bbox 651 2583 964 2654; x_wconf 75' lang='grc' dir='ltr'><strong>ἐγγράφους</strong></span> <span class='ocrx_word' id='word_1_257' title='bbox 1018 2583 1299 2636; x_wconf 82' lang='grc' dir='ltr'>ἐπέδωκαν</span> <span class='ocrx_word' id='word_1_258' title='bbox 1327 2581 1408 2651; x_wconf 88' lang='grc' dir='ltr'>τῷ</span> <span class='ocrx_word' id='word_1_259' title='bbox 1459 2581 1670 2649; x_wconf 85' lang='grc' dir='ltr'>βασιλεί</span> <span class='ocrx_word' id='word_1_260' title='bbox 1747 2597 1883 2634; x_wconf 82' lang='grc' dir='ltr'>κατ-</span> 
     </span>
    </p>
   </div>
   <div class='ocr_carea' id='block_1_40' title="bbox 294 2671 1883 2744">
    <p class='ocr_par' dir='ltr' id='par_1_40' title="bbox 294 2671 1883 2744">
     <span class='ocr_line' id='line_1_40' title="bbox 294 2671 1883 2744; baseline 0.003 -22"><span class='ocrx_word' id='word_1_261' title='bbox 294 2671 549 2740; x_wconf 76' lang='grc' dir='ltr'>ηγορίας.</span> <span class='ocrx_word' id='word_1_262' title='bbox 595 2673 655 2723; x_wconf 89' lang='grc'><strong>’0</strong></span> <span class='ocrx_word' id='word_1_263' title='bbox 687 2671 745 2726; x_wconf 81' lang='grc' dir='ltr'>δὲ</span> <span class='ocrx_word' id='word_1_264' title='bbox 775 2673 979 2737; x_wconf 84' lang='grc' dir='ltr'>ταύτας</span> <span class='ocrx_word' id='word_1_265' title='bbox 1015 2673 1306 2744; x_wconf 85' lang='grc' dir='ltr'>δεξάμενος</span> <span class='ocrx_word' id='word_1_266' title='bbox 1354 2673 1448 2725; x_wconf 79' lang='grc' dir='ltr'><strong>καὶ</strong></span> <span class='ocrx_word' id='word_1_267' title='bbox 1475 2671 1750 2743; x_wconf 80' lang='grc' dir='ltr'>δεσμήσας</span> <span class='ocrx_word' id='word_1_268' title='bbox 1787 2673 1883 2726; x_wconf 75' lang='grc' dir='ltr'><strong>καὶ</strong></span> 
     </span>
    </p>
   </div>
   <div class='ocr_carea' id='block_1_41' title="bbox 295 2761 1878 2834">
    <p class='ocr_par' dir='ltr' id='par_1_41' title="bbox 295 2761 1878 2834">
     <span class='ocr_line' id='line_1_41' title="bbox 295 2761 1878 2834; baseline 0.003 -21"><span class='ocrx_word' id='word_1_269' title='bbox 295 2761 374 2831; x_wconf 83' lang='grc' dir='ltr'>τῷ</span> <span class='ocrx_word' id='word_1_270' title='bbox 417 2763 689 2831; x_wconf 78' lang='grc' dir='ltr'>δακτυλίῳ</span> <span class='ocrx_word' id='word_1_271' title='bbox 730 2765 1118 2834; x_wconf 76' lang='grc' dir='ltr'>σημηνάμενος</span> <span class='ocrx_word' id='word_1_272' title='bbox 1173 2762 1433 2816; x_wconf 72' lang='grc' dir='ltr'>ἐκέλευσε</span> <span class='ocrx_word' id='word_1_273' title='bbox 1487 2762 1878 2832; x_wconf 85' lang='grc' dir='ltr'>φυλάττεσθαι.</span> 
     </span>
    </p>
   </div>
   <div class='ocr_carea' id='block_1_42' title="bbox 296 2848 1880 2922">
    <p class='ocr_par' dir='ltr' id='par_1_42' title="bbox 296 2848 1880 2922">
     <span class='ocr_line' id='line_1_42' title="bbox 296 2848 1880 2922; baseline 0.002 -22"><span class='ocrx_word' id='word_1_274' title='bbox 296 2848 428 2903; x_wconf 75' lang='grc' dir='ltr'>Εἶτα</span> <span class='ocrx_word' id='word_1_275' title='bbox 445 2850 580 2920; x_wconf 77' lang='grc' dir='ltr'>πρὸς</span> <span class='ocrx_word' id='word_1_276' title='bbox 611 2852 836 2922; x_wconf 77' lang='grc' dir='ltr'>εἰρήνην</span> <span class='ocrx_word' id='word_1_277' title='bbox 885 2851 1083 2913; x_wconf 78' lang='grc' dir='ltr'>αὐτοὺς</span> <span class='ocrx_word' id='word_1_278' title='bbox 1113 2850 1210 2905; x_wconf 81' lang='grc' dir='ltr'>καὶ</span> <span class='ocrx_word' id='word_1_279' title='bbox 1240 2851 1491 2920; x_wconf 83' lang='grc' dir='ltr'>ὁμόνοιαν</span> <span class='ocrx_word' id='word_1_280' title='bbox 1533 2849 1880 2919; x_wconf 82' lang='grc' dir='ltr'>συμϐιϐάσας</span> 
     </span>
    </p>
   </div>
   <div class='ocr_carea' id='block_1_43' title="bbox 293 2939 1882 3010">
    <p class='ocr_par' dir='ltr' id='par_1_43' title="bbox 293 2939 1882 3010">
     <span class='ocr_line' id='line_1_43' title="bbox 293 2939 1882 3010; baseline -0.001 -18"><span class='ocrx_word' id='word_1_281' title='bbox 293 2941 500 3004; x_wconf 74' lang='grc' dir='ltr'>ταύτας</span> <span class='ocrx_word' id='word_1_282' title='bbox 525 2941 763 2995; x_wconf 89' lang='grc' dir='ltr'>ἐνώπιον</span> <span class='ocrx_word' id='word_1_283' title='bbox 795 2941 1015 2995; x_wconf 85' lang='grc' dir='ltr'>πάντων</span> <span class='ocrx_word' id='word_1_284' title='bbox 1045 2943 1401 3002; x_wconf 87' lang='grc' dir='ltr'>κατέκαυσεν,</span> <span class='ocrx_word' id='word_1_285' title='bbox 1429 2942 1576 3010; x_wconf 83' lang='grc' dir='ltr'><strong>ὅρκῳ</strong></span> <span class='ocrx_word' id='word_1_286' title='bbox 1609 2939 1882 3008; x_wconf 83' lang='grc' dir='ltr'>πληροφο-</span> 
     </span>
    </p>
   </div>
   <div class='ocr_carea' id='block_1_44' title="bbox 297 3031 1880 3102">
    <p class='ocr_par' dir='ltr' id='par_1_44' title="bbox 297 3031 1880 3102">
     <span class='ocr_line' id='line_1_44' title="bbox 297 3031 1880 3102; baseline -0.002 -17"><span class='ocrx_word' id='word_1_287' title='bbox 297 3031 472 3102; x_wconf 77' lang='grc' dir='ltr'>ρήσας</span> <span class='ocrx_word' id='word_1_288' title='bbox 529 3033 729 3094; x_wconf 79' lang='grc' dir='ltr'>αὐτοὺς</span> <span class='ocrx_word' id='word_1_289' title='bbox 800 3032 967 3099; x_wconf 84' lang='grc' dir='ltr'>μηδὲν</span> <span class='ocrx_word' id='word_1_290' title='bbox 1020 3031 1332 3098; x_wconf 84' lang='grc' dir='ltr'>ἀναγνῶναι</span> <span class='ocrx_word' id='word_1_291' title='bbox 1392 3031 1503 3082; x_wconf 88' lang='grc' dir='ltr'>τῶν</span> <span class='ocrx_word' id='word_1_292' title='bbox 1553 3033 1612 3082; x_wconf 87' lang='grc' dir='ltr'><strong>ἐν</strong></span> <span class='ocrx_word' id='word_1_293' title='bbox 1696 3031 1880 3093; x_wconf 83' lang='grc' dir='ltr'>αὐτοῖς</span> 
     </span>
    </p>
   </div>
   <div class='ocr_carea' id='block_1_45' title="bbox 296 3120 1880 3191">
    <p class='ocr_par' dir='ltr' id='par_1_45' title="bbox 296 3120 1880 3191">
     <span class='ocr_line' id='line_1_45' title="bbox 296 3120 1880 3191; baseline 0.001 -20"><span class='ocrx_word' id='word_1_294' title='bbox 296 3123 725 3190; x_wconf 81' lang='grc' dir='ltr'>γεγραμμένων.</span> <span class='ocrx_word' id='word_1_295' title='bbox 759 3124 897 3174; x_wconf 82' lang='grc' dir='ltr'><strong>Οὐδὲ</strong></span> <span class='ocrx_word' id='word_1_296' title='bbox 934 3123 1043 3190; x_wconf 82' lang='grc' dir='ltr'><strong>γάρ</strong></span> <span class='ocrx_word' id='word_1_297' title='bbox 1068 3122 1173 3190; x_wconf 76' lang='grc' dir='ltr'><strong>ἔφη</strong></span> <span class='ocrx_word' id='word_1_298' title='bbox 1205 3121 1409 3191; x_wconf 78' lang='grc' dir='ltr'>χρῆναι</span> <span class='ocrx_word' id='word_1_299' title='bbox 1451 3121 1521 3174; x_wconf 81' lang='grc' dir='ltr'><strong>τά</strong></span> <span class='ocrx_word' id='word_1_300' title='bbox 1547 3120 1880 3191; x_wconf 81' lang='grc' dir='ltr'>πλημμελή-</span> 
     </span>
    </p>
   </div>
   <div class='ocr_carea' id='block_1_46' title="bbox 1985 2021 3564 2099">
    <p class='ocr_par' dir='ltr' id='par_1_46' title="bbox 1985 2021 3564 2099">
     <span class='ocr_line' id='line_1_46' title="bbox 1985 2021 3564 2099; baseline 0.004 -23"><span class='ocrx_word' id='word_1_301' title='bbox 1985 2031 2214 2077; x_wconf 66' lang='lat' dir='ltr'><strong>naturae.</strong></span> <span class='ocrx_word' id='word_1_302' title='bbox 2275 2021 2405 2076; x_wconf 89' lang='lat' dir='ltr'><strong>Eam</strong></span> <span class='ocrx_word' id='word_1_303' title='bbox 2459 2025 2788 2078; x_wconf 84' lang='lat' dir='ltr'><strong>sententiam</strong></span> <span class='ocrx_word' id='word_1_304' title='bbox 2863 2026 3090 2079; x_wconf 76' lang='lat' dir='ltr'><strong>ﬁrmiter</strong></span> <span class='ocrx_word' id='word_1_305' title='bbox 3157 2042 3350 2082; x_wconf 88' lang='lat' dir='ltr'><strong>omnes</strong></span> <span class='ocrx_word' id='word_1_306' title='bbox 3397 2036 3564 2099; x_wconf 88' lang='lat' dir='ltr'><strong>atque</strong></span> 
     </span>
    </p>
   </div>
   <div class='ocr_carea' id='block_1_47' title="bbox 1986 2116 3567 2188">
    <p class='ocr_par' dir='ltr' id='par_1_47' title="bbox 1986 2116 3567 2188">
     <span class='ocr_line' id='line_1_47' title="bbox 1986 2116 3567 2188; baseline 0.004 -20"><span class='ocrx_word' id='word_1_307' title='bbox 1986 2130 2094 2170; x_wconf 90' lang='lat' dir='ltr'><strong>uno</strong></span> <span class='ocrx_word' id='word_1_308' title='bbox 2160 2130 2254 2170; x_wconf 89' lang='lat' dir='ltr'><strong>ore</strong></span> <span class='ocrx_word' id='word_1_309' title='bbox 2309 2116 2710 2186; x_wconf 89' lang='lat' dir='ltr'><strong>approbarunt,</strong></span> <span class='ocrx_word' id='word_1_310' title='bbox 2788 2129 3018 2186; x_wconf 74' lang='lat' dir='ltr'><strong>excepto</strong></span> <span class='ocrx_word' id='word_1_311' title='bbox 3093 2120 3259 2188; x_wconf 86' lang='lat' dir='ltr'><strong>impio</strong></span> <span class='ocrx_word' id='word_1_312' title='bbox 3329 2121 3462 2177; x_wconf 85' lang='lat' dir='ltr'><strong>Ario</strong></span> <span class='ocrx_word' id='word_1_313' title='bbox 3509 2130 3567 2177; x_wconf 91' lang='lat' dir='ltr'><strong>et</strong></span> 
     </span>
    </p>
   </div>
   <div class='ocr_carea' id='block_1_48' title="bbox 1983 2206 3568 2273">
    <p class='ocr_par' dir='ltr' id='par_1_48' title="bbox 1983 2206 3568 2273">
     <span class='ocr_line' id='line_1_48' title="bbox 1983 2206 3568 2273; baseline 0.003 -14"><span class='ocrx_word' id='word_1_314' title='bbox 1983 2220 2080 2259; x_wconf 75' lang='lat' dir='ltr'><strong>sex</strong></span> <span class='ocrx_word' id='word_1_315' title='bbox 2155 2206 2275 2261; x_wconf 84' lang='lat' dir='ltr'><strong>aliis</strong></span> <span class='ocrx_word' id='word_1_316' title='bbox 2337 2220 2462 2259; x_wconf 88' lang='lat' dir='ltr'><strong>cum</strong></span> <span class='ocrx_word' id='word_1_317' title='bbox 2527 2221 2594 2261; x_wconf 88' lang='lat' dir='ltr'><strong>eo</strong></span> <span class='ocrx_word' id='word_1_318' title='bbox 2668 2208 3059 2262; x_wconf 85' lang='lat' dir='ltr'><strong>sentientibus.</strong></span> <span class='ocrx_word' id='word_1_319' title='bbox 3130 2207 3282 2273; x_wconf 88' lang='lat' dir='ltr'><strong>Quos</strong></span> <span class='ocrx_word' id='word_1_320' title='bbox 3338 2224 3369 2263; x_wconf 86' lang='lat' dir='ltr'><strong>a</strong></span> <span class='ocrx_word' id='word_1_321' title='bbox 3423 2209 3568 2263; x_wconf 87' lang='lat' dir='ltr'><strong>divi-</strong></span> 
     </span>
    </p>
   </div>
   <div class='ocr_carea' id='block_1_49' title="bbox 1984 2297 3569 2370">
    <p class='ocr_par' dir='ltr' id='par_1_49' title="bbox 1984 2297 3569 2370">
     <span class='ocr_line' id='line_1_49' title="bbox 1984 2297 3569 2370; baseline 0.005 -20"><span class='ocrx_word' id='word_1_322' title='bbox 1984 2297 2071 2351; x_wconf 89' lang='lat' dir='ltr'><strong>nis</strong></span> <span class='ocrx_word' id='word_1_323' title='bbox 2137 2297 2244 2351; x_wconf 78' lang='lat' dir='ltr'><strong>5l8</strong></span> <span class='ocrx_word' id='word_1_324' title='bbox 2303 2297 2563 2354; x_wconf 85' lang='lat' dir='ltr'><strong>Patribus</strong></span> <span class='ocrx_word' id='word_1_325' title='bbox 2614 2300 2951 2368; x_wconf 83' lang='lat' dir='ltr'><strong>proscriptos</strong></span> <span class='ocrx_word' id='word_1_326' title='bbox 2982 2299 3280 2370; x_wconf 83' lang='lat' dir='ltr'><strong>imperator</strong></span> <span class='ocrx_word' id='word_1_327' title='bbox 3312 2301 3569 2358; x_wconf 83' lang='lat' dir='ltr'><strong>exsulare</strong></span> 
     </span>
    </p>
   </div>
   <div class='ocr_carea' id='block_1_50' title="bbox 1978 2387 2164 2457">
    <p class='ocr_par' dir='ltr' id='par_1_50' title="bbox 1978 2387 2164 2457">
     <span class='ocr_line' id='line_1_50' title="bbox 1978 2387 2164 2457; baseline 0.005 -16"><span class='ocrx_word' id='word_1_328' title='bbox 1978 2387 2164 2457; x_wconf 84' lang='lat' dir='ltr'><strong>jussit.</strong></span> 
     </span>
    </p>
   </div>
   <div class='ocr_carea' id='block_1_51' title="bbox 2055 2479 3561 2541">
    <p class='ocr_par' dir='ltr' id='par_1_51' title="bbox 2055 2479 3561 2541">
     <span class='ocr_line' id='line_1_51' title="bbox 2055 2479 3561 2541; baseline 0.003 -8"><span class='ocrx_word' id='word_1_329' title='bbox 2055 2479 2372 2535; x_wconf 79' lang='lat' dir='ltr'><strong>Secundum</strong></span> <span class='ocrx_word' id='word_1_330' title='bbox 2402 2479 2536 2541; x_wconf 68' lang='lat' dir='ltr'><strong>lucc,</strong></span> <span class='ocrx_word' id='word_1_331' title='bbox 2581 2495 2705 2534; x_wconf 92' lang='lat' dir='ltr'><strong>cum</strong></span> <span class='ocrx_word' id='word_1_332' title='bbox 2737 2479 3150 2534; x_wconf 86' lang='lat' dir='ltr'><strong>inimicitiarum</strong></span> <span class='ocrx_word' id='word_1_333' title='bbox 3197 2484 3561 2539; x_wconf 83' lang='lat' dir='ltr'><strong>serendarum</strong></span> 
     </span>
    </p>
   </div>
   <div class='ocr_carea' id='block_1_52' title="bbox 1983 2571 3569 2647">
    <p class='ocr_par' dir='ltr' id='par_1_52' title="bbox 1983 2571 3569 2647">
     <span class='ocr_line' id='line_1_52' title="bbox 1983 2571 3569 2647; baseline 0.004 -21"><span class='ocrx_word' id='word_1_334' title='bbox 1983 2571 2219 2626; x_wconf 86' lang='lat' dir='ltr'><strong>studiosi</strong></span> <span class='ocrx_word' id='word_1_335' title='bbox 2257 2571 2509 2626; x_wconf 84' lang='lat' dir='ltr'><strong>homines</strong></span> <span class='ocrx_word' id='word_1_336' title='bbox 2561 2573 2796 2640; x_wconf 87' lang='lat' dir='ltr'><strong>scriptas</strong></span> <span class='ocrx_word' id='word_1_337' title='bbox 2830 2582 3020 2627; x_wconf 88' lang='lat' dir='ltr'><strong>contra</strong></span> <span class='ocrx_word' id='word_1_338' title='bbox 3073 2573 3362 2644; x_wconf 84' lang='lat' dir='ltr'><strong>episcopos</strong></span> <span class='ocrx_word' id='word_1_339' title='bbox 3394 2593 3569 2647; x_wconf 87' lang='lat' dir='ltr'><strong>quos-</strong></span> 
     </span>
    </p>
   </div>
   <div class='ocr_carea' id='block_1_53' title="bbox 1983 2665 3565 2740">
    <p class='ocr_par' dir='ltr' id='par_1_53' title="bbox 1983 2665 3565 2740">
     <span class='ocr_line' id='line_1_53' title="bbox 1983 2665 3565 2740; baseline 0.003 -21"><span class='ocrx_word' id='word_1_340' title='bbox 1983 2665 2108 2720; x_wconf 89' lang='lat' dir='ltr'><strong>dam</strong></span> <span class='ocrx_word' id='word_1_341' title='bbox 2161 2665 2547 2740; x_wconf 89' lang='lat' dir='ltr'><strong>accusationes</strong></span> <span class='ocrx_word' id='word_1_342' title='bbox 2599 2665 2920 2733; x_wconf 82' lang='lat' dir='ltr'><strong>imperatori</strong></span> <span class='ocrx_word' id='word_1_343' title='bbox 2974 2665 3354 2729; x_wconf 86' lang='lat' dir='ltr'><strong>tradidissent.</strong></span> <span class='ocrx_word' id='word_1_344' title='bbox 3385 2669 3433 2722; x_wconf 88' lang='lat' dir='ltr'><strong>is</strong></span> <span class='ocrx_word' id='word_1_345' title='bbox 3470 2685 3565 2724; x_wconf 88' lang='lat' dir='ltr'><strong>eas</strong></span> 
     </span>
    </p>
   </div>
   <div class='ocr_carea' id='block_1_54' title="bbox 1983 2756 3566 2826">
    <p class='ocr_par' dir='ltr' id='par_1_54' title="bbox 1983 2756 3566 2826">
     <span class='ocr_line' id='line_1_54' title="bbox 1983 2756 3566 2826; baseline 0.002 -16"><span class='ocrx_word' id='word_1_346' title='bbox 1983 2765 2242 2825; x_wconf 85' lang='lat' dir='ltr'><strong>acceptas</strong></span> <span class='ocrx_word' id='word_1_347' title='bbox 2277 2757 2555 2826; x_wconf 78' lang='lat' dir='ltr'><strong>colligavit</strong></span> <span class='ocrx_word' id='word_1_348' title='bbox 2595 2771 2805 2825; x_wconf 88' lang='lat' dir='ltr'><strong>suoque</strong></span> <span class='ocrx_word' id='word_1_349' title='bbox 2852 2756 3058 2810; x_wconf 85' lang='lat' dir='ltr'><strong>annulo</strong></span> <span class='ocrx_word' id='word_1_350' title='bbox 3115 2759 3433 2825; x_wconf 70' lang='lat' dir='ltr'><strong>obsignatas</strong></span> <span class='ocrx_word' id='word_1_351' title='bbox 3477 2773 3566 2813; x_wconf 89' lang='lat' dir='ltr'><strong>as-</strong></span> 
     </span>
    </p>
   </div>
   <div class='ocr_carea' id='block_1_55' title="bbox 1982 2847 3564 2918">
    <p class='ocr_par' dir='ltr' id='par_1_55' title="bbox 1982 2847 3564 2918">
     <span class='ocr_line' id='line_1_55' title="bbox 1982 2847 3564 2918; baseline -0.001 -14"><span class='ocrx_word' id='word_1_352' title='bbox 1982 2849 2193 2904; x_wconf 83' lang='lat' dir='ltr'><strong>servari</strong></span> <span class='ocrx_word' id='word_1_353' title='bbox 2231 2848 2419 2918; x_wconf 82' lang='lat' dir='ltr'><strong>jussit.</strong></span> <span class='ocrx_word' id='word_1_354' title='bbox 2468 2847 2664 2903; x_wconf 89' lang='lat' dir='ltr'><strong>Postea</strong></span> <span class='ocrx_word' id='word_1_355' title='bbox 2700 2848 2996 2903; x_wconf 87' lang='lat' dir='ltr'><strong>discordiis</strong></span> <span class='ocrx_word' id='word_1_356' title='bbox 3039 2848 3416 2918; x_wconf 86' lang='lat' dir='ltr'><strong>pacilicatione</strong></span> <span class='ocrx_word' id='word_1_357' title='bbox 3465 2864 3564 2904; x_wconf 86' lang='lat' dir='ltr'><strong>sua</strong></span> 
     </span>
    </p>
   </div>
   <div class='ocr_carea' id='block_1_56' title="bbox 1987 2940 3563 3009">
    <p class='ocr_par' dir='ltr' id='par_1_56' title="bbox 1987 2940 3563 3009">
     <span class='ocr_line' id='line_1_56' title="bbox 1987 2940 3563 3009; baseline 0.001 -14"><span class='ocrx_word' id='word_1_358' title='bbox 1987 2941 2241 3005; x_wconf 81' lang='lat' dir='ltr'><strong>sublatis,</strong></span> <span class='ocrx_word' id='word_1_359' title='bbox 2283 2955 2379 2994; x_wconf 85' lang='lat' dir='ltr'><strong>eas</strong></span> <span class='ocrx_word' id='word_1_360' title='bbox 2428 2941 2815 2994; x_wconf 86' lang='lat' dir='ltr'><strong>accusationes</strong></span> <span class='ocrx_word' id='word_1_361' title='bbox 2867 2940 2922 2993; x_wconf 91' lang='lat' dir='ltr'><strong>in</strong></span> <span class='ocrx_word' id='word_1_362' title='bbox 2964 2952 3266 3009; x_wconf 87' lang='lat' dir='ltr'><strong>conspectu</strong></span> <span class='ocrx_word' id='word_1_363' title='bbox 3319 2942 3563 2997; x_wconf 90' lang='lat' dir='ltr'><strong>omnium</strong></span> 
     </span>
    </p>
   </div>
   <div class='ocr_carea' id='block_1_57' title="bbox 1981 3031 3568 3098">
    <p class='ocr_par' dir='ltr' id='par_1_57' title="bbox 1981 3031 3568 3098">
     <span class='ocr_line' id='line_1_57' title="bbox 1981 3031 3568 3098; baseline 0.002 -12"><span class='ocrx_word' id='word_1_364' title='bbox 1981 3031 2266 3096; x_wconf 84' lang='lat' dir='ltr'><strong>cremavit,</strong></span> <span class='ocrx_word' id='word_1_365' title='bbox 2313 3031 2632 3098; x_wconf 55' lang='lat' dir='ltr'><strong>juraznetzo</strong></span> <span class='ocrx_word' id='word_1_366' title='bbox 2685 3031 2843 3085; x_wconf 71' lang='lat' dir='ltr'><strong>ﬁdem</strong></span> <span class='ocrx_word' id='word_1_367' title='bbox 2890 3032 3099 3086; x_wconf 78' lang='lat' dir='ltr'><strong>faciens</strong></span> <span class='ocrx_word' id='word_1_368' title='bbox 3151 3031 3286 3086; x_wconf 88' lang='lat' dir='ltr'><strong>nilnl</strong></span> <span class='ocrx_word' id='word_1_369' title='bbox 3323 3048 3381 3087; x_wconf 91' lang='lat' dir='ltr'><strong>se</strong></span> <span class='ocrx_word' id='word_1_370' title='bbox 3410 3049 3461 3086; x_wconf 86' lang='grc' dir='ltr'><strong>ιιι</strong></span> <span class='ocrx_word' id='word_1_371' title='bbox 3497 3035 3568 3089; x_wconf 85' lang='lat' dir='ltr'><strong>tis</strong></span> 
     </span>
    </p>
   </div>
   <div class='ocr_carea' id='block_1_58' title="bbox 1981 3119 3566 3189">
    <p class='ocr_par' dir='ltr' id='par_1_58' title="bbox 1981 3119 3566 3189">
     <span class='ocr_line' id='line_1_58' title="bbox 1981 3119 3566 3189; baseline 0.001 -15"><span class='ocrx_word' id='word_1_372' title='bbox 1981 3120 2247 3188; x_wconf 85' lang='lat' dir='ltr'><strong>scriptum</strong></span> <span class='ocrx_word' id='word_1_373' title='bbox 2298 3120 2518 3189; x_wconf 75' lang='lat' dir='ltr'><strong>legisse.</strong></span> <span class='ocrx_word' id='word_1_374' title='bbox 2573 3119 2692 3174; x_wconf 84' lang='lat' dir='ltr'><strong>Non</strong></span> <span class='ocrx_word' id='word_1_375' title='bbox 2745 3122 2915 3185; x_wconf 90' lang='lat' dir='ltr'><strong>enim,</strong></span> <span class='ocrx_word' id='word_1_376' title='bbox 2946 3121 3191 3185; x_wconf 85' lang='lat' dir='ltr'><strong>dicebat,</strong></span> <span class='ocrx_word' id='word_1_377' title='bbox 3243 3122 3440 3176; x_wconf 81' lang='lat' dir='ltr'><strong>debent</strong></span> <span class='ocrx_word' id='word_1_378' title='bbox 3475 3139 3566 3176; x_wconf 84' lang='lat' dir='ltr'><strong>sa-</strong></span> 
     </span>
    </p>
   </div>
   <div class='ocr_carea' id='block_1_59' title="bbox 298 3209 1975 3312">
    <p class='ocr_par' dir='ltr' id='par_1_59' title="bbox 298 3211 1950 3312">
     <span class='ocr_line' id='line_1_59' title="bbox 298 3211 1950 3312; baseline 0.001 -48"><span class='ocrx_word' id='word_1_379' title='bbox 298 3227 452 3279; x_wconf 85' lang='grc' dir='ltr'>ματα</span> <span class='ocrx_word' id='word_1_380' title='bbox 478 3211 590 3264; x_wconf 84' lang='grc' dir='ltr'>τῶν</span> <span class='ocrx_word' id='word_1_381' title='bbox 637 3213 828 3282; x_wconf 75' lang='grc' dir='ltr'>ἱερέων</span> <span class='ocrx_word' id='word_1_382' title='bbox 862 3213 1000 3282; x_wconf 84' lang='grc' dir='ltr'>δῆλα</span> <span class='ocrx_word' id='word_1_383' title='bbox 1048 3213 1303 3282; x_wconf 88' lang='grc' dir='ltr'>γενέσθαι</span> <span class='ocrx_word' id='word_1_384' title='bbox 1354 3215 1467 3276; x_wconf 81' lang='grc' dir='ltr'>τοῖς</span> <span class='ocrx_word' id='word_1_385' title='bbox 1512 3213 1749 3279; x_wconf 80' lang='grc' dir='ltr'>πολλοῖς,</span> <span class='ocrx_word' id='word_1_386' title='bbox 1786 3214 1873 3268; x_wconf 74' lang='grc' dir='ltr'><strong>ἴνα</strong></span> <span class='ocrx_word' id='word_1_387' title='bbox 1902 3250 1950 3312; x_wconf 75' lang='lat' dir='ltr'>c</span> 
     </span>
    </p>
   </div>
   <div class='ocr_carea' id='block_1_60' title="bbox 1890 3209 3567 3312">
    <p class='ocr_par' dir='ltr' id='par_1_60' title="bbox 1902 3209 3567 3312">
     <span class='ocr_line' id='line_1_60' title="bbox 1902 3209 3567 3312; baseline 0.002 -49"><span class='ocrx_word' id='word_1_388' title='bbox 1902 3250 1950 3312; x_wconf 66' lang='grc' dir='ltr'>ο</span> <span class='ocrx_word' id='word_1_389' title='bbox 1981 3211 2265 3264; x_wconf 90' lang='lat' dir='ltr'><strong>cerdotum</strong></span> <span class='ocrx_word' id='word_1_390' title='bbox 2293 3211 2496 3264; x_wconf 86' lang='lat' dir='ltr'><strong>delicta</strong></span> <span class='ocrx_word' id='word_1_391' title='bbox 2543 3209 2882 3263; x_wconf 88' lang='lat' dir='ltr'><strong>multitudini</strong></span> <span class='ocrx_word' id='word_1_392' title='bbox 2919 3210 3142 3278; x_wconf 84' lang='lat' dir='ltr'><strong>exponi,</strong></span> <span class='ocrx_word' id='word_1_393' title='bbox 3195 3226 3264 3265; x_wconf 91' lang='lat' dir='ltr'><strong>ne</strong></span> <span class='ocrx_word' id='word_1_394' title='bbox 3313 3213 3567 3267; x_wconf 82' lang='lat' dir='ltr'><strong>homines</strong></span> 
     </span>
    </p>
   </div>
   <div class='ocr_carea' id='block_1_61' title="bbox 297 3303 1876 3373">
    <p class='ocr_par' dir='ltr' id='par_1_61' title="bbox 297 3303 1876 3373">
     <span class='ocr_line' id='line_1_61' title="bbox 297 3303 1876 3373; baseline 0 -17"><span class='ocrx_word' id='word_1_395' title='bbox 297 3303 400 3373; x_wconf 81' lang='grc' dir='ltr'><strong>μὴ.</strong></span> <span class='ocrx_word' id='word_1_396' title='bbox 471 3303 771 3358; x_wconf 82' lang='grc' dir='ltr'>σκανδάλου</span> <span class='ocrx_word' id='word_1_397' title='bbox 831 3307 1106 3373; x_wconf 83' lang='grc' dir='ltr'>πρόφασιν</span> <span class='ocrx_word' id='word_1_398' title='bbox 1174 3303 1427 3357; x_wconf 79' lang='grc' dir='ltr'>ἐντεῦθεν</span> <span class='ocrx_word' id='word_1_399' title='bbox 1504 3303 1876 3372; x_wconf 87' lang='grc' dir='ltr'>λαμϐάνοντες</span> 
     </span>
    </p>
   </div>
   <div class='ocr_carea' id='block_1_62' title="bbox 295 3393 1868 3464">
    <p class='ocr_par' dir='ltr' id='par_1_62' title="bbox 295 3393 1868 3464">
     <span class='ocr_line' id='line_1_62' title="bbox 295 3393 1868 3464; baseline 0.001 -19"><span class='ocrx_word' id='word_1_400' title='bbox 295 3393 467 3458; x_wconf 70' lang='grc' dir='ltr'>ἀδεῶς</span> <span class='ocrx_word' id='word_1_401' title='bbox 490 3395 900 3464; x_wconf 82' lang='grc' dir='ltr'>ἁμαρτάνωσιν.</span> <span class='ocrx_word' id='word_1_402' title='bbox 949 3394 1094 3463; x_wconf 83' lang='grc' dir='ltr'><strong>Ἐγὼ</strong></span> <span class='ocrx_word' id='word_1_403' title='bbox 1113 3394 1170 3447; x_wconf 85' lang='grc' dir='ltr'><strong>δέ</strong></span> <span class='ocrx_word' id='word_1_404' title='bbox 1203 3396 1252 3446; x_wconf 79' lang='grc' dir='ltr'>εἰ</span> <span class='ocrx_word' id='word_1_405' title='bbox 1281 3394 1559 3464; x_wconf 80' lang='grc' dir='ltr'>αὐτόπτης</span> <span class='ocrx_word' id='word_1_406' title='bbox 1604 3394 1868 3464; x_wconf 74' lang='grc' dir='ltr'>ἐγενόμην</span> 
     </span>
    </p>
   </div>
   <div class='ocr_carea' id='block_1_63' title="bbox 290 3483 1876 3557">
    <p class='ocr_par' dir='ltr' id='par_1_63' title="bbox 290 3483 1876 3557">
     <span class='ocr_line' id='line_1_63' title="bbox 290 3483 1876 3557; baseline 0 -19"><span class='ocrx_word' id='word_1_407' title='bbox 290 3486 591 3538; x_wconf 74' lang='grc' dir='ltr'>ἐπισκόπου</span> <span class='ocrx_word' id='word_1_408' title='bbox 619 3486 795 3554; x_wconf 87' lang='grc' dir='ltr'>γάμον</span> <span class='ocrx_word' id='word_1_409' title='bbox 810 3486 1093 3556; x_wconf 87' lang='grc' dir='ltr'>άλλότριον</span> <span class='ocrx_word' id='word_1_410' title='bbox 1112 3483 1192 3538; x_wconf 91' lang='grc' dir='ltr'><strong>διο</strong></span> <span class='ocrx_word' id='word_1_411' title='bbox 1201 3484 1508 3557; x_wconf 79' lang='grc' dir='ltr'>ρύττοντος,</span> <span class='ocrx_word' id='word_1_412' title='bbox 1530 3485 1876 3553; x_wconf 75' lang='grc' dir='ltr'>συνεκάλυψα</span> 
     </span>
    </p>
   </div>
   <div class='ocr_carea' id='block_1_64' title="bbox 291 3574 1875 3645">
    <p class='ocr_par' dir='ltr' id='par_1_64' title="bbox 291 3574 1875 3645">
     <span class='ocr_line' id='line_1_64' title="bbox 291 3574 1875 3645; baseline 0 -17"><span class='ocrx_word' id='word_1_413' title='bbox 291 3580 359 3628; x_wconf 79' lang='grc' dir='ltr'><strong>αν</strong></span> <span class='ocrx_word' id='word_1_414' title='bbox 384 3579 454 3645; x_wconf 81' lang='grc' dir='ltr'>τῇ</span> <span class='ocrx_word' id='word_1_415' title='bbox 505 3574 801 3645; x_wconf 75' lang='grc' dir='ltr'>πορφυρίδι</span> <span class='ocrx_word' id='word_1_416' title='bbox 857 3591 960 3643; x_wconf 91' lang='grc' dir='ltr'><strong>μου</strong></span> <span class='ocrx_word' id='word_1_417' title='bbox 999 3575 1174 3645; x_wconf 77' lang='grc' dir='ltr'>ταύτῃ</span> <span class='ocrx_word' id='word_1_418' title='bbox 1199 3576 1259 3628; x_wconf 90' lang='grc' dir='ltr'>τὸ</span> <span class='ocrx_word' id='word_1_419' title='bbox 1282 3576 1619 3644; x_wconf 82' lang='grc' dir='ltr'>παρανόμως</span> <span class='ocrx_word' id='word_1_420' title='bbox 1652 3575 1875 3644; x_wconf 88' lang='grc' dir='ltr'>γινόμε-</span> 
     </span>
    </p>
   </div>
   <div class='ocr_carea' id='block_1_65' title="bbox 289 3665 1875 3737">
    <p class='ocr_par' dir='ltr' id='par_1_65' title="bbox 289 3665 1875 3737">
     <span class='ocr_line' id='line_1_65' title="bbox 289 3665 1875 3737; baseline 0.001 -19"><span class='ocrx_word' id='word_1_421' title='bbox 289 3683 401 3728; x_wconf 84' lang='grc' dir='ltr'>νον,</span> <span class='ocrx_word' id='word_1_422' title='bbox 465 3665 542 3728; x_wconf 87' lang='grc' dir='ltr'>ὡς</span> <span class='ocrx_word' id='word_1_423' title='bbox 605 3665 675 3719; x_wconf 85' lang='grc' dir='ltr'>ἂν</span> <span class='ocrx_word' id='word_1_424' title='bbox 721 3666 796 3736; x_wconf 78' lang='grc' dir='ltr'>μὴ</span> <span class='ocrx_word' id='word_1_425' title='bbox 841 3665 1063 3734; x_wconf 76' lang='grc' dir='ltr'>βλάψειε</span> <span class='ocrx_word' id='word_1_426' title='bbox 1089 3668 1216 3730; x_wconf 80' lang='grc' dir='ltr'>τοὺς</span> <span class='ocrx_word' id='word_1_427' title='bbox 1269 3666 1577 3736; x_wconf 83' lang='grc' dir='ltr'>θεωμένους</span> <span class='ocrx_word' id='word_1_428' title='bbox 1600 3667 1706 3720; x_wconf 83' lang='grc' dir='ltr'>τῶν</span> <span class='ocrx_word' id='word_1_429' title='bbox 1735 3667 1875 3737; x_wconf 81' lang='grc' dir='ltr'>δρωο</span> 
     </span>
    </p>
   </div>
   <div class='ocr_carea' id='block_1_66' title="bbox 290 3754 1870 3827">
    <p class='ocr_par' dir='ltr' id='par_1_66' title="bbox 290 3754 1870 3827">
     <span class='ocr_line' id='line_1_66' title="bbox 290 3754 1870 3827; baseline 0.001 -18"><span class='ocrx_word' id='word_1_430' title='bbox 290 3756 468 3827; x_wconf 82' lang='grc' dir='ltr'>μένων</span> <span class='ocrx_word' id='word_1_431' title='bbox 525 3757 558 3825; x_wconf 75' lang='grc' dir='ltr'>ἡ</span> <span class='ocrx_word' id='word_1_432' title='bbox 607 3755 752 3823; x_wconf 54' lang='grc' dir='ltr'><strong>τάξις.</strong></span> <span class='ocrx_word' id='word_1_433' title='bbox 806 3756 966 3809; x_wconf 78' lang='grc' dir='ltr'>Οὕτω</span> <span class='ocrx_word' id='word_1_434' title='bbox 1019 3756 1198 3810; x_wconf 89' lang='grc' dir='ltr'>τοίνυν</span> <span class='ocrx_word' id='word_1_435' title='bbox 1244 3757 1370 3819; x_wconf 85' lang='grc' dir='ltr'>τοὺς</span> <span class='ocrx_word' id='word_1_436' title='bbox 1400 3759 1497 3827; x_wconf 85' lang='grc' dir='ltr'>μὲν</span> <span class='ocrx_word' id='word_1_437' title='bbox 1520 3754 1580 3811; x_wconf 77' lang='grc' dir='ltr'><strong>εὖ</strong></span> <span class='ocrx_word' id='word_1_438' title='bbox 1617 3757 1870 3826; x_wconf 88' lang='grc' dir='ltr'>λέγοντας</span> 
     </span>
    </p>
   </div>
   <div class='ocr_carea' id='block_1_67' title="bbox 289 3849 1872 3921">
    <p class='ocr_par' dir='ltr' id='par_1_67' title="bbox 289 3849 1872 3921">
     <span class='ocr_line' id='line_1_67' title="bbox 289 3849 1872 3921; baseline 0.003 -21"><span class='ocrx_word' id='word_1_439' title='bbox 289 3849 714 3918; x_wconf 74' lang='grc' dir='ltr'>ἀνακηρύττων,</span> <span class='ocrx_word' id='word_1_440' title='bbox 750 3850 877 3912; x_wconf 80' lang='grc' dir='ltr'>τοὺς</span> <span class='ocrx_word' id='word_1_441' title='bbox 901 3849 956 3902; x_wconf 79' lang='grc' dir='ltr'>δὲ</span> <span class='ocrx_word' id='word_1_442' title='bbox 1003 3850 1386 3918; x_wconf 81' lang='grc' dir='ltr'>ἀντιλέγοντας</span> <span class='ocrx_word' id='word_1_443' title='bbox 1446 3850 1872 3921; x_wconf 81' lang='grc' dir='ltr'>παρακλητικῶς</span> 
     </span>
    </p>
   </div>
   <div class='ocr_carea' id='block_1_68' title="bbox 286 3939 1863 4012">
    <p class='ocr_par' dir='ltr' id='par_1_68' title="bbox 286 3939 1863 4012">
     <span class='ocr_line' id='line_1_68' title="bbox 286 3939 1863 4012; baseline 0.003 -21"><span class='ocrx_word' id='word_1_444' title='bbox 286 3939 365 4004; x_wconf 78' lang='grc' dir='ltr'><strong>είς</strong></span> <span class='ocrx_word' id='word_1_445' title='bbox 428 3941 686 4010; x_wconf 82' lang='grc' dir='ltr'>ὁμόνοιαν</span> <span class='ocrx_word' id='word_1_446' title='bbox 733 3942 994 4004; x_wconf 84' lang='grc' dir='ltr'>ἐλαύνων,</span> <span class='ocrx_word' id='word_1_447' title='bbox 1047 3943 1173 4004; x_wconf 83' lang='grc' dir='ltr'>τοὺς</span> <span class='ocrx_word' id='word_1_448' title='bbox 1209 3943 1418 4004; x_wconf 85' lang='grc' dir='ltr'>πάντας</span> <span class='ocrx_word' id='word_1_449' title='bbox 1465 3943 1863 4012; x_wconf 83' lang='grc' dir='ltr'>ὁμογνώμονας</span> 
     </span>
    </p>
   </div>
   <div class='ocr_carea' id='block_1_69' title="bbox 284 4031 1869 4101">
    <p class='ocr_par' dir='ltr' id='par_1_69' title="bbox 284 4031 1869 4101">
     <span class='ocr_line' id='line_1_69' title="bbox 284 4031 1869 4101; baseline 0.002 -17"><span class='ocrx_word' id='word_1_450' title='bbox 284 4031 378 4084; x_wconf 81' lang='grc' dir='ltr'>καὶ</span> <span class='ocrx_word' id='word_1_451' title='bbox 403 4031 697 4098; x_wconf 76' lang='grc' dir='ltr'>ὁμοδόξους</span> <span class='ocrx_word' id='word_1_452' title='bbox 737 4035 851 4096; x_wconf 88' lang='grc' dir='ltr'>τοῖς</span> <span class='ocrx_word' id='word_1_453' title='bbox 917 4032 1454 4101; x_wconf 76' lang='grc' dir='ltr'>ἀμφισϐητουμένοις</span> <span class='ocrx_word' id='word_1_454' title='bbox 1501 4035 1672 4087; x_wconf 72' lang='grc' dir='ltr'>ἅπασι</span> <span class='ocrx_word' id='word_1_455' title='bbox 1736 4051 1869 4087; x_wconf 84' lang='grc' dir='ltr'>κατ-</span> 
     </span>
    </p>
   </div>
   <div class='ocr_carea' id='block_1_70' title="bbox 284 4119 1866 4192">
    <p class='ocr_par' dir='ltr' id='par_1_70' title="bbox 284 4119 1866 4192">
     <span class='ocr_line' id='line_1_70' title="bbox 284 4119 1866 4192; baseline 0.002 -21"><span class='ocrx_word' id='word_1_456' title='bbox 284 4133 506 4189; x_wconf 81' lang='grc' dir='ltr'>εστησε.</span> <span class='ocrx_word' id='word_1_457' title='bbox 549 4121 658 4173; x_wconf 79' lang='grc' dir='ltr'>Καὶ</span> <span class='ocrx_word' id='word_1_458' title='bbox 682 4119 826 4172; x_wconf 81' lang='grc' dir='ltr'>οὕτω</span> <span class='ocrx_word' id='word_1_459' title='bbox 873 4121 1211 4190; x_wconf 83' lang='grc' dir='ltr'>παραινέσας</span> <span class='ocrx_word' id='word_1_460' title='bbox 1260 4121 1490 4183; x_wconf 82' lang='grc' dir='ltr'>πάντας,</span> <span class='ocrx_word' id='word_1_461' title='bbox 1542 4124 1636 4174; x_wconf 74' lang='grc' dir='ltr'><strong>καὶ</strong></span> <span class='ocrx_word' id='word_1_462' title='bbox 1665 4123 1866 4192; x_wconf 85' lang='grc' dir='ltr'>πολλῆς</span> 
     </span>
    </p>
   </div>
   <div class='ocr_carea' id='block_1_71' title="bbox 1985 3301 3557 3371">
    <p class='ocr_par' dir='ltr' id='par_1_71' title="bbox 1985 3301 3557 3371">
     <span class='ocr_line' id='line_1_71' title="bbox 1985 3301 3557 3371; baseline 0.002 -15"><span class='ocrx_word' id='word_1_463' title='bbox 1985 3301 2111 3356; x_wconf 87' lang='lat' dir='ltr'><strong>inde</strong></span> <span class='ocrx_word' id='word_1_464' title='bbox 2137 3301 2356 3357; x_wconf 72' lang='lat' dir='ltr'><strong>oll‘cnsa:</strong></span> <span class='ocrx_word' id='word_1_465' title='bbox 2389 3310 2606 3370; x_wconf 87' lang='lat' dir='ltr'><strong>sumpta</strong></span> <span class='ocrx_word' id='word_1_466' title='bbox 2631 3301 2922 3356; x_wconf 90' lang='lat' dir='ltr'><strong>occasione</strong></span> <span class='ocrx_word' id='word_1_467' title='bbox 2952 3303 3072 3355; x_wconf 88' lang='lat' dir='ltr'><strong>sine</strong></span> <span class='ocrx_word' id='word_1_468' title='bbox 3107 3310 3254 3355; x_wconf 88' lang='lat' dir='ltr'><strong>metu</strong></span> <span class='ocrx_word' id='word_1_469' title='bbox 3300 3313 3557 3371; x_wconf 87' lang='lat' dir='ltr'><strong>peccent.</strong></span> 
     </span>
    </p>
   </div>
   <div class='ocr_carea' id='block_1_72' title="bbox 1981 3395 3559 3465">
    <p class='ocr_par' dir='ltr' id='par_1_72' title="bbox 1981 3395 3559 3465">
     <span class='ocr_line' id='line_1_72' title="bbox 1981 3395 3559 3465; baseline 0.001 -14"><span class='ocrx_word' id='word_1_470' title='bbox 1981 3395 2094 3465; x_wconf 87' lang='lat' dir='ltr'><strong>Ego</strong></span> <span class='ocrx_word' id='word_1_471' title='bbox 2125 3397 2171 3450; x_wconf 88' lang='lat' dir='ltr'><strong>si</strong></span> <span class='ocrx_word' id='word_1_472' title='bbox 2198 3397 2334 3450; x_wconf 86' lang='lat' dir='ltr'><strong>meis</strong></span> <span class='ocrx_word' id='word_1_473' title='bbox 2374 3396 2549 3450; x_wconf 90' lang='lat' dir='ltr'><strong>oculis</strong></span> <span class='ocrx_word' id='word_1_474' title='bbox 2570 3395 2810 3449; x_wconf 87' lang='lat' dir='ltr'><strong>viderem</strong></span> <span class='ocrx_word' id='word_1_475' title='bbox 2842 3398 2912 3450; x_wconf 88' lang='lat' dir='ltr'><strong>ab</strong></span> <span class='ocrx_word' id='word_1_476' title='bbox 2937 3396 3198 3464; x_wconf 90' lang='lat' dir='ltr'><strong>episcopo</strong></span> <span class='ocrx_word' id='word_1_477' title='bbox 3227 3396 3559 3453; x_wconf 87' lang='lat' dir='ltr'><strong>adulterium</strong></span> 
     </span>
    </p>
   </div>
   <div class='ocr_carea' id='block_1_73' title="bbox 1978 3486 3562 3556">
    <p class='ocr_par' dir='ltr' id='par_1_73' title="bbox 1978 3486 3562 3556">
     <span class='ocr_line' id='line_1_73' title="bbox 1978 3486 3562 3556; baseline 0.002 -16"><span class='ocrx_word' id='word_1_478' title='bbox 1978 3486 2274 3549; x_wconf 92' lang='lat' dir='ltr'><strong>committi,</strong></span> <span class='ocrx_word' id='word_1_479' title='bbox 2305 3487 2388 3540; x_wconf 85' lang='lat' dir='ltr'><strong>vel</strong></span> <span class='ocrx_word' id='word_1_480' title='bbox 2416 3501 2661 3555; x_wconf 90' lang='lat' dir='ltr'><strong>purpura</strong></span> <span class='ocrx_word' id='word_1_481' title='bbox 2696 3503 2816 3542; x_wconf 84' lang='lat' dir='ltr'><strong>mea</strong></span> <span class='ocrx_word' id='word_1_482' title='bbox 2852 3488 3048 3543; x_wconf 79' lang='lat' dir='ltr'><strong>vellem</strong></span> <span class='ocrx_word' id='word_1_483' title='bbox 3093 3487 3360 3556; x_wconf 82' lang='lat' dir='ltr'><strong>ﬂagitium</strong></span> <span class='ocrx_word' id='word_1_484' title='bbox 3408 3490 3562 3543; x_wconf 84' lang='lat' dir='ltr'><strong>obte-</strong></span> 
     </span>
    </p>
   </div>
   <div class='ocr_carea' id='block_1_74' title="bbox 1976 3578 3563 3647">
    <p class='ocr_par' dir='ltr' id='par_1_74' title="bbox 1976 3578 3563 3647">
     <span class='ocr_line' id='line_1_74' title="bbox 1976 3578 3563 3647; baseline 0.002 -16"><span class='ocrx_word' id='word_1_485' title='bbox 1976 3592 2124 3647; x_wconf 91' lang='lat' dir='ltr'><strong>gere,</strong></span> <span class='ocrx_word' id='word_1_486' title='bbox 2155 3592 2222 3632; x_wconf 88' lang='lat' dir='ltr'><strong>ne</strong></span> <span class='ocrx_word' id='word_1_487' title='bbox 2245 3578 2366 3647; x_wconf 90' lang='lat' dir='ltr'><strong>ejus</strong></span> <span class='ocrx_word' id='word_1_488' title='bbox 2393 3585 2720 3646; x_wconf 87' lang='lat' dir='ltr'><strong>conspectus</strong></span> <span class='ocrx_word' id='word_1_489' title='bbox 2752 3579 2890 3632; x_wconf 91' lang='lat' dir='ltr'><strong>alios</strong></span> <span class='ocrx_word' id='word_1_490' title='bbox 2917 3579 3155 3632; x_wconf 64' lang='lat' dir='ltr'><strong>laederet.</strong></span> <span class='ocrx_word' id='word_1_491' title='bbox 3197 3578 3270 3632; x_wconf 88' lang='lat' dir='ltr'><strong>Ita</strong></span> <span class='ocrx_word' id='word_1_492' title='bbox 3309 3588 3424 3632; x_wconf 92' lang='lat' dir='ltr'><strong>tum</strong></span> <span class='ocrx_word' id='word_1_493' title='bbox 3458 3581 3563 3634; x_wconf 86' lang='lat' dir='ltr'><strong>int-</strong></span> 
     </span>
    </p>
   </div>
   <div class='ocr_carea' id='block_1_75' title="bbox 1977 3671 3558 3742">
    <p class='ocr_par' dir='ltr' id='par_1_75' title="bbox 1977 3671 3558 3742">
     <span class='ocr_line' id='line_1_75' title="bbox 1977 3671 3558 3742; baseline 0.001 -17"><span class='ocrx_word' id='word_1_494' title='bbox 1977 3681 2199 3740; x_wconf 88' lang='lat' dir='ltr'><strong>perator</strong></span> <span class='ocrx_word' id='word_1_495' title='bbox 2225 3686 2319 3726; x_wconf 87' lang='lat' dir='ltr'><strong>eos</strong></span> <span class='ocrx_word' id='word_1_496' title='bbox 2353 3672 2444 3740; x_wconf 91' lang='lat' dir='ltr'><strong>qui</strong></span> <span class='ocrx_word' id='word_1_497' title='bbox 2477 3680 2627 3726; x_wconf 82' lang='lat' dir='ltr'><strong>recte</strong></span> <span class='ocrx_word' id='word_1_498' title='bbox 2653 3671 2925 3726; x_wconf 86' lang='lat' dir='ltr'><strong>sentirent</strong></span> <span class='ocrx_word' id='word_1_499' title='bbox 2955 3673 3197 3726; x_wconf 83' lang='lat' dir='ltr'><strong>victores</strong></span> <span class='ocrx_word' id='word_1_500' title='bbox 3226 3671 3558 3742; x_wconf 68' lang='lat' dir='ltr'><strong>praedicans,</strong></span> 
     </span>
    </p>
   </div>
   <div class='ocr_carea' id='block_1_76' title="bbox 1978 3761 3557 3831">
    <p class='ocr_par' dir='ltr' id='par_1_76' title="bbox 1978 3761 3557 3831">
     <span class='ocr_line' id='line_1_76' title="bbox 1978 3761 3557 3831; baseline 0.001 -18"><span class='ocrx_word' id='word_1_501' title='bbox 1978 3763 2200 3817; x_wconf 88' lang='lat' dir='ltr'><strong>veritati</strong></span> <span class='ocrx_word' id='word_1_502' title='bbox 2265 3772 2634 3831; x_wconf 85' lang='lat' dir='ltr'><strong>repugnantes</strong></span> <span class='ocrx_word' id='word_1_503' title='bbox 2691 3761 2904 3830; x_wconf 87' lang='lat' dir='ltr'><strong>placide</strong></span> <span class='ocrx_word' id='word_1_504' title='bbox 2962 3764 3031 3816; x_wconf 87' lang='lat' dir='ltr'><strong>ad</strong></span> <span class='ocrx_word' id='word_1_505' title='bbox 3100 3762 3557 3817; x_wconf 84' lang='lat' dir='ltr'><strong>consentiendum</strong></span> 
     </span>
    </p>
   </div>
   <div class='ocr_carea' id='block_1_77' title="bbox 1975 3851 3558 3908">
    <p class='ocr_par' dir='ltr' id='par_1_77' title="bbox 1975 3851 3558 3908">
     <span class='ocr_line' id='line_1_77' title="bbox 1975 3851 3558 3908; baseline 0 -3"><span class='ocrx_word' id='word_1_506' title='bbox 1975 3852 2276 3906; x_wconf 86' lang='lat' dir='ltr'><strong>adhortans</strong></span> <span class='ocrx_word' id='word_1_507' title='bbox 2305 3851 2484 3906; x_wconf 71' lang='lat' dir='ltr'><strong>eﬁ‘ccit</strong></span> <span class='ocrx_word' id='word_1_508' title='bbox 2524 3853 2598 3905; x_wconf 92' lang='lat' dir='ltr'><strong>uti</strong></span> <span class='ocrx_word' id='word_1_509' title='bbox 2637 3853 2876 3906; x_wconf 87' lang='lat' dir='ltr'><strong>universi</strong></span> <span class='ocrx_word' id='word_1_510' title='bbox 2925 3852 2993 3906; x_wconf 91' lang='lat' dir='ltr'><strong>de</strong></span> <span class='ocrx_word' id='word_1_511' title='bbox 3029 3852 3191 3908; x_wconf 83' lang='lat' dir='ltr'><strong>rebus</strong></span> <span class='ocrx_word' id='word_1_512' title='bbox 3233 3861 3558 3907; x_wconf 90' lang='lat' dir='ltr'><strong>controver-</strong></span> 
     </span>
    </p>
   </div>
   <div class='ocr_carea' id='block_1_78' title="bbox 1973 3944 3558 4012">
    <p class='ocr_par' dir='ltr' id='par_1_78' title="bbox 1973 3944 3558 4012">
     <span class='ocr_line' id='line_1_78' title="bbox 1973 3944 3558 4012; baseline -0.001 -13"><span class='ocrx_word' id='word_1_513' title='bbox 1973 3947 2052 4000; x_wconf 87' lang='lat' dir='ltr'><strong>sis</strong></span> <span class='ocrx_word' id='word_1_514' title='bbox 2093 3946 2235 3999; x_wconf 87' lang='lat' dir='ltr'><strong>idem</strong></span> <span class='ocrx_word' id='word_1_515' title='bbox 2270 3946 2560 4000; x_wconf 87' lang='lat' dir='ltr'><strong>sentirent.</strong></span> <span class='ocrx_word' id='word_1_516' title='bbox 2608 3944 2786 4012; x_wconf 81' lang='lat' dir='ltr'><strong>Atque</strong></span> <span class='ocrx_word' id='word_1_517' title='bbox 2839 3946 2914 3998; x_wconf 91' lang='lat' dir='ltr'><strong>ita</strong></span> <span class='ocrx_word' id='word_1_518' title='bbox 2963 3945 3308 3999; x_wconf 88' lang='lat' dir='ltr'><strong>collaudatos</strong></span> <span class='ocrx_word' id='word_1_519' title='bbox 3364 3959 3558 3998; x_wconf 89' lang='lat' dir='ltr'><strong>omnes</strong></span> 
     </span>
    </p>
   </div>
   <div class='ocr_carea' id='block_1_79' title="bbox 1971 4036 3556 4106">
    <p class='ocr_par' dir='ltr' id='par_1_79' title="bbox 1971 4036 3556 4106">
     <span class='ocr_line' id='line_1_79' title="bbox 1971 4036 3556 4106; baseline 0 -17"><span class='ocrx_word' id='word_1_520' title='bbox 1971 4037 2278 4091; x_wconf 82' lang='lat' dir='ltr'><strong>honoribus</strong></span> <span class='ocrx_word' id='word_1_521' title='bbox 2319 4036 2481 4106; x_wconf 83' lang='lat'><strong>505</strong></span> <span class='ocrx_word' id='word_1_522' title='bbox 2512 4051 2575 4089; x_wconf 88' lang='lat' dir='ltr'><strong>ac</strong></span> <span class='ocrx_word' id='word_1_523' title='bbox 2610 4036 2770 4090; x_wconf 89' lang='lat' dir='ltr'><strong>donis</strong></span> <span class='ocrx_word' id='word_1_524' title='bbox 2794 4047 3120 4106; x_wconf 85' lang='lat' dir='ltr'><strong>prosccutus</strong></span> <span class='ocrx_word' id='word_1_525' title='bbox 3148 4037 3214 4091; x_wconf 90' lang='lat' dir='ltr'><strong>ad</strong></span> <span class='ocrx_word' id='word_1_526' title='bbox 3249 4051 3408 4091; x_wconf 90' lang='lat' dir='ltr'><strong>suum</strong></span> <span class='ocrx_word' id='word_1_527' title='bbox 3440 4037 3556 4090; x_wconf 89' lang='lat' dir='ltr'><strong>sin-</strong></span> 
     </span>
    </p>
   </div>
   <div class='ocr_carea' id='block_1_80' title="bbox 1971 4124 3551 4202">
    <p class='ocr_par' dir='ltr' id='par_1_80' title="bbox 1971 4124 3551 4202">
     <span class='ocr_line' id='line_1_80' title="bbox 1971 4124 3551 4202; baseline -0.001 -23"><span class='ocrx_word' id='word_1_528' title='bbox 1971 4128 2130 4196; x_wconf 83' lang='lat' dir='ltr'><strong>gulos</strong></span> <span class='ocrx_word' id='word_1_529' title='bbox 2149 4143 2366 4198; x_wconf 82' lang='lat' dir='ltr'><strong>gregem</strong></span> <span class='ocrx_word' id='word_1_530' title='bbox 2392 4127 2573 4180; x_wconf 86' lang='lat' dir='ltr'><strong>redire</strong></span> <span class='ocrx_word' id='word_1_531' title='bbox 2595 4126 2780 4196; x_wconf 87' lang='lat' dir='ltr'><strong>jussit.</strong></span> <span class='ocrx_word' id='word_1_532' title='bbox 2827 4124 3122 4180; x_wconf 83' lang='lat' dir='ltr'><strong>Constituit</strong></span> <span class='ocrx_word' id='word_1_533' title='bbox 3169 4128 3333 4202; x_wconf 87' lang='lat' dir='ltr'><strong>etiam</strong></span> <span class='ocrx_word' id='word_1_534' title='bbox 3367 4135 3424 4179; x_wconf 92' lang='lat' dir='ltr'><strong>ut</strong></span> <span class='ocrx_word' id='word_1_535' title='bbox 3457 4140 3551 4180; x_wconf 80' lang='lat' dir='ltr'><strong>sa-</strong></span> 
     </span>
    </p>
   </div>
   <div class='ocr_carea' id='block_1_81' title="bbox 280 4211 1957 4290">
    <p class='ocr_par' dir='ltr' id='par_1_81' title="bbox 280 4211 1866 4283">
     <span class='ocr_line' id='line_1_81' title="bbox 280 4211 1866 4283; baseline 0.003 -21"><span class='ocrx_word' id='word_1_536' title='bbox 280 4211 446 4280; x_wconf 81' lang='grc' dir='ltr'>τιμῆς</span> <span class='ocrx_word' id='word_1_537' title='bbox 474 4227 537 4263; x_wconf 86' lang='grc' dir='ltr'><strong>τε</strong></span> <span class='ocrx_word' id='word_1_538' title='bbox 567 4211 660 4265; x_wconf 76' lang='grc' dir='ltr'><strong>καὶ</strong></span> <span class='ocrx_word' id='word_1_539' title='bbox 681 4211 892 4282; x_wconf 78' lang='grc' dir='ltr'>δωρεᾶς</span> <span class='ocrx_word' id='word_1_540' title='bbox 927 4211 1188 4275; x_wconf 82' lang='grc' dir='ltr'>ἀξιώσας,</span> <span class='ocrx_word' id='word_1_541' title='bbox 1217 4211 1449 4264; x_wconf 77' lang='grc' dir='ltr'>ἕκαστον</span> <span class='ocrx_word' id='word_1_542' title='bbox 1497 4215 1866 4283; x_wconf 86' lang='grc' dir='ltr'>παρηγγύησε</span> 
     </span>
    </p>
   </div>
   <div class='ocr_carea' id='block_1_82' title="bbox 1878 4211 3555 4290">
    <p class='ocr_par' dir='ltr' id='par_1_82' title="bbox 1968 4221 3555 4290">
     <span class='ocr_line' id='line_1_82' title="bbox 1968 4221 3555 4290; baseline 0 -15"><span class='ocrx_word' id='word_1_543' title='bbox 1968 4237 2120 4275; x_wconf 87' lang='lat' dir='ltr'><strong>crum</strong></span> <span class='ocrx_word' id='word_1_544' title='bbox 2171 4221 2382 4276; x_wconf 85' lang='lat' dir='ltr'><strong>Pascha</strong></span> <span class='ocrx_word' id='word_1_545' title='bbox 2421 4236 2509 4286; x_wconf 88' lang='lat' dir='ltr'><strong>eo,</strong></span> <span class='ocrx_word' id='word_1_546' title='bbox 2549 4234 2658 4288; x_wconf 87' lang='lat' dir='ltr'><strong>quo</strong></span> <span class='ocrx_word' id='word_1_547' title='bbox 2693 4235 2839 4274; x_wconf 92' lang='lat' dir='ltr'><strong>nunc</strong></span> <span class='ocrx_word' id='word_1_548' title='bbox 2896 4231 3178 4290; x_wconf 88' lang='lat' dir='ltr'><strong>receptum</strong></span> <span class='ocrx_word' id='word_1_549' title='bbox 3235 4229 3340 4286; x_wconf 89' lang='lat' dir='ltr'><strong>cst,</strong></span> <span class='ocrx_word' id='word_1_550' title='bbox 3387 4223 3555 4276; x_wconf 87' lang='lat' dir='ltr'><strong>modo</strong></span> 
     </span>
    </p>
   </div>
   <div class='ocr_carea' id='block_1_83' title="bbox 282 4300 1865 4373">
    <p class='ocr_par' dir='ltr' id='par_1_83' title="bbox 282 4300 1865 4373">
     <span class='ocr_line' id='line_1_83' title="bbox 282 4300 1865 4373; baseline 0.004 -22"><span class='ocrx_word' id='word_1_551' title='bbox 282 4300 612 4354; x_wconf 82' lang='grc' dir='ltr'>καταλαϐεῖν</span> <span class='ocrx_word' id='word_1_552' title='bbox 641 4303 738 4370; x_wconf 78' lang='grc' dir='ltr'>τὴν</span> <span class='ocrx_word' id='word_1_553' title='bbox 767 4302 902 4356; x_wconf 74' lang='grc' dir='ltr'>ἰδίαν</span> <span class='ocrx_word' id='word_1_554' title='bbox 933 4303 1192 4373; x_wconf 86' lang='grc' dir='ltr'>ποίμνην.</span> <span class='ocrx_word' id='word_1_555' title='bbox 1232 4302 1517 4358; x_wconf 87' lang='grc' dir='ltr'>Ἐτύπωσε</span> <span class='ocrx_word' id='word_1_556' title='bbox 1571 4304 1626 4357; x_wconf 84' lang='grc' dir='ltr'><strong>δέ</strong></span> <span class='ocrx_word' id='word_1_557' title='bbox 1679 4306 1772 4357; x_wconf 73' lang='grc' dir='ltr'><strong>καὶ</strong></span> <span class='ocrx_word' id='word_1_558' title='bbox 1803 4304 1865 4357; x_wconf 71' lang='grc' dir='ltr'>τὸ</span> 
     </span>
    </p>
   </div>
   <div class='ocr_carea' id='block_1_84' title="bbox 281 4392 1863 4464">
    <p class='ocr_par' dir='ltr' id='par_1_84' title="bbox 281 4392 1863 4464">
     <span class='ocr_line' id='line_1_84' title="bbox 281 4392 1863 4464; baseline 0.002 -19"><span class='ocrx_word' id='word_1_559' title='bbox 281 4393 436 4460; x_wconf 81' lang='grc' dir='ltr'>ἆγιον</span> <span class='ocrx_word' id='word_1_560' title='bbox 468 4392 663 4460; x_wconf 81' lang='grc' dir='ltr'>Πάσχα</span> <span class='ocrx_word' id='word_1_561' title='bbox 692 4393 972 4461; x_wconf 78' lang='grc' dir='ltr'>ἑορτάζειν</span> <span class='ocrx_word' id='word_1_562' title='bbox 995 4394 1142 4463; x_wconf 80' lang='grc' dir='ltr'>ἡμᾶς</span> <span class='ocrx_word' id='word_1_563' title='bbox 1175 4395 1316 4447; x_wconf 79' lang='grc' dir='ltr'>κατά</span> <span class='ocrx_word' id='word_1_564' title='bbox 1352 4396 1453 4463; x_wconf 82' lang='grc' dir='ltr'><strong>τὴν</strong></span> <span class='ocrx_word' id='word_1_565' title='bbox 1492 4394 1588 4447; x_wconf 79' lang='grc' dir='ltr'>νῦν</span> <span class='ocrx_word' id='word_1_566' title='bbox 1624 4395 1863 4464; x_wconf 80' lang='grc' dir='ltr'>κρατοῦ-</span> 
     </span>
    </p>
   </div>
   <div class='ocr_carea' id='block_1_85' title="bbox 281 4483 1859 4558">
    <p class='ocr_par' dir='ltr' id='par_1_85' title="bbox 281 4483 1859 4558">
     <span class='ocr_line' id='line_1_85' title="bbox 281 4483 1859 4558; baseline 0.001 -21"><span class='ocrx_word' id='word_1_567' title='bbox 281 4503 378 4538; x_wconf 81' lang='grc' dir='ltr'><strong>σαν</strong></span> <span class='ocrx_word' id='word_1_568' title='bbox 444 4484 772 4556; x_wconf 82' lang='grc' dir='ltr'>συνήθειαν·</span> <span class='ocrx_word' id='word_1_569' title='bbox 823 4485 968 4547; x_wconf 83' lang='grc' dir='ltr'>τινὲς</span> <span class='ocrx_word' id='word_1_570' title='bbox 1005 4485 1113 4554; x_wconf 88' lang='grc' dir='ltr'>γὰρ</span> <span class='ocrx_word' id='word_1_571' title='bbox 1164 4485 1276 4539; x_wconf 85' lang='grc' dir='ltr'>τῶν</span> <span class='ocrx_word' id='word_1_572' title='bbox 1329 4483 1527 4558; x_wconf 87' lang='grc' dir='ltr'>πρώην</span> <span class='ocrx_word' id='word_1_573' title='bbox 1579 4488 1720 4541; x_wconf 88' lang='grc' dir='ltr'>κατά</span> <span class='ocrx_word' id='word_1_574' title='bbox 1759 4489 1859 4558; x_wconf 77' lang='grc' dir='ltr'>τὴν</span> 
     </span>
    </p>
   </div>
   <div class='ocr_carea' id='block_1_86' title="bbox 281 4576 1072 4647">
    <p class='ocr_par' dir='ltr' id='par_1_86' title="bbox 281 4576 1072 4647">
     <span class='ocr_line' id='line_1_86' title="bbox 281 4576 1072 4647; baseline 0.001 -18"><span class='ocrx_word' id='word_1_575' title='bbox 281 4578 340 4630; x_wconf 77' lang='grc' dir='ltr'>ιδ’</span> <span class='ocrx_word' id='word_1_576' title='bbox 372 4577 474 4646; x_wconf 82' lang='grc' dir='ltr'>τῆς</span> <span class='ocrx_word' id='word_1_577' title='bbox 507 4578 735 4647; x_wconf 88' lang='grc' dir='ltr'>σελήνης</span> <span class='ocrx_word' id='word_1_578' title='bbox 777 4576 1072 4645; x_wconf 74' lang='grc' dir='ltr'>ἑώρταζον.</span> 
     </span>
    </p>
   </div>
   <div class='ocr_carea' id='block_1_87' title="bbox 344 4665 1856 4738">
    <p class='ocr_par' dir='ltr' id='par_1_87' title="bbox 344 4665 1856 4738">
     <span class='ocr_line' id='line_1_87' title="bbox 344 4665 1856 4738; baseline 0.001 -18"><span class='ocrx_word' id='word_1_579' title='bbox 344 4667 501 4720; x_wconf 72' lang='grc' dir='ltr'>Μετὰ</span> <span class='ocrx_word' id='word_1_580' title='bbox 555 4665 613 4719; x_wconf 77' lang='grc' dir='ltr'><strong>δέ</strong></span> <span class='ocrx_word' id='word_1_581' title='bbox 645 4683 768 4720; x_wconf 88' lang='grc' dir='ltr'>τινα</span> <span class='ocrx_word' id='word_1_582' title='bbox 798 4667 988 4736; x_wconf 83' lang='grc' dir='ltr'>χρόνον</span> <span class='ocrx_word' id='word_1_583' title='bbox 1045 4667 1150 4718; x_wconf 85' lang='grc' dir='ltr'><strong>ὑπὸ</strong></span> <span class='ocrx_word' id='word_1_584' title='bbox 1195 4667 1296 4732; x_wconf 80' lang='grc' dir='ltr'>τῆς</span> <span class='ocrx_word' id='word_1_585' title='bbox 1347 4667 1620 4738; x_wconf 69' lang='grc' dir='ltr'>θυγατρὸς</span> <span class='ocrx_word' id='word_1_586' title='bbox 1689 4668 1856 4722; x_wconf 77' lang='grc' dir='ltr'>αὑτοῦ</span> 
     </span>
    </p>
   </div>
   <div class='ocr_carea' id='block_1_88' title="bbox 1977 4312 3546 4384">
    <p class='ocr_par' dir='ltr' id='par_1_88' title="bbox 1977 4312 3546 4384">
     <span class='ocr_line' id='line_1_88' title="bbox 1977 4312 3546 4384; baseline -0.001 -16"><span class='ocrx_word' id='word_1_587' title='bbox 1977 4314 2352 4368; x_wconf 88' lang='lat' dir='ltr'><strong>celebraretur</strong></span> <span class='ocrx_word' id='word_1_588' title='bbox 2384 4331 2398 4368; x_wconf 89' lang='lat'><strong>:</strong></span> <span class='ocrx_word' id='word_1_589' title='bbox 2437 4321 2562 4368; x_wconf 88' lang='lat' dir='ltr'><strong>ante</strong></span> <span class='ocrx_word' id='word_1_590' title='bbox 2584 4313 2731 4368; x_wconf 90' lang='lat' dir='ltr'><strong>enim</strong></span> <span class='ocrx_word' id='word_1_591' title='bbox 2757 4312 2980 4384; x_wconf 87' lang='lat' dir='ltr'><strong>quidam</strong></span> <span class='ocrx_word' id='word_1_592' title='bbox 3027 4313 3095 4366; x_wconf 75' lang='lat' dir='ltr'><strong>H</strong></span> <span class='ocrx_word' id='word_1_593' title='bbox 3131 4314 3262 4367; x_wconf 83' lang='lat' dir='ltr'><strong>luna</strong></span> <span class='ocrx_word' id='word_1_594' title='bbox 3309 4313 3362 4368; x_wconf 90' lang='lat' dir='ltr'><strong>id</strong></span> <span class='ocrx_word' id='word_1_595' title='bbox 3415 4329 3546 4384; x_wconf 78' lang='lat' dir='ltr'><strong>age-</strong></span> 
     </span>
    </p>
   </div>
   <div class='ocr_carea' id='block_1_89' title="bbox 1964 4402 2118 4457">
    <p class='ocr_par' dir='ltr' id='par_1_89' title="bbox 1964 4402 2118 4457">
     <span class='ocr_line' id='line_1_89' title="bbox 1964 4402 2118 4457; baseline -0.006 0"><span class='ocrx_word' id='word_1_596' title='bbox 1964 4402 2118 4457; x_wconf 86' lang='lat' dir='ltr'><strong>baut.</strong></span> 
     </span>
    </p>
   </div>
   <div class='ocr_carea' id='block_1_90' title="bbox 2038 4662 3548 4732">
    <p class='ocr_par' dir='ltr' id='par_1_90' title="bbox 2038 4662 3548 4732">
     <span class='ocr_line' id='line_1_90' title="bbox 2038 4662 3548 4732; baseline 0.003 -17"><span class='ocrx_word' id='word_1_597' title='bbox 2038 4662 2338 4732; x_wconf 82' lang='lat' dir='ltr'><strong>Aliquanto</strong></span> <span class='ocrx_word' id='word_1_598' title='bbox 2388 4671 2512 4725; x_wconf 89' lang='lat' dir='ltr'><strong>post</strong></span> <span class='ocrx_word' id='word_1_599' title='bbox 2565 4669 2830 4729; x_wconf 85' lang='lat' dir='ltr'><strong>tempore.</strong></span> <span class='ocrx_word' id='word_1_600' title='bbox 2861 4677 3026 4717; x_wconf 89' lang='lat' dir='ltr'><strong>suasu</strong></span> <span class='ocrx_word' id='word_1_601' title='bbox 3060 4663 3394 4720; x_wconf 70' lang='lat' dir='ltr'><strong>Constantia:</strong></span> <span class='ocrx_word' id='word_1_602' title='bbox 3425 4666 3548 4721; x_wconf 70' lang='lat' dir='ltr'><strong>ﬁlim</strong></span> 
     </span>
    </p>
   </div>
   <div class='ocr_carea' id='block_1_91' title="bbox 279 4755 1956 4828">
    <p class='ocr_par' dir='ltr' id='par_1_91' title="bbox 279 4756 1860 4828">
     <span class='ocr_line' id='line_1_91' title="bbox 279 4756 1860 4828; baseline 0.001 -19"><span class='ocrx_word' id='word_1_603' title='bbox 279 4757 662 4816; x_wconf 75' lang='grc' dir='ltr'>Κωνσταντίας</span> <span class='ocrx_word' id='word_1_604' title='bbox 715 4756 1095 4826; x_wconf 78' lang='grc' dir='ltr'>παρακληθεὶς</span> <span class='ocrx_word' id='word_1_605' title='bbox 1145 4757 1318 4824; x_wconf 77' lang='grc' dir='ltr'>ἀνῆκε</span> <span class='ocrx_word' id='word_1_606' title='bbox 1371 4758 1462 4810; x_wconf 82' lang='grc' dir='ltr'><strong>τὸν</strong></span> <span class='ocrx_word' id='word_1_607' title='bbox 1502 4761 1724 4828; x_wconf 79' lang='grc' dir='ltr'>Ἀρειον</span> <span class='ocrx_word' id='word_1_608' title='bbox 1751 4759 1860 4811; x_wconf 79' lang='grc' dir='ltr'>ἀπὸ</span> 
     </span>
    </p>
   </div>
   <div class='ocr_carea' id='block_1_92' title="bbox 1842 4755 3519 4828">
    <p class='ocr_par' dir='ltr' id='par_1_92' title="bbox 1842 4755 3519 4824">
     <span class='ocr_line' id='line_1_92' title="bbox 1842 4755 3519 4824; baseline 0 -13"><span class='ocrx_word' id='word_1_609' title='bbox 1842 4762 1860 4811; x_wconf 70' lang='lat'><strong>5</strong></span> <span class='ocrx_word' id='word_1_610' title='bbox 1964 4767 2097 4819; x_wconf 64' lang='lat' dir='ltr'><strong>sum,</strong></span> <span class='ocrx_word' id='word_1_611' title='bbox 2130 4759 2320 4808; x_wconf 79' lang='lat' dir='ltr'><strong>Anum</strong></span> <span class='ocrx_word' id='word_1_612' title='bbox 2378 4756 2446 4808; x_wconf 91' lang='lat' dir='ltr'><strong>ab</strong></span> <span class='ocrx_word' id='word_1_613' title='bbox 2491 4756 2686 4808; x_wconf 77' lang='lat' dir='ltr'><strong>exsrlto</strong></span> <span class='ocrx_word' id='word_1_614' title='bbox 2738 4755 2960 4807; x_wconf 92' lang='lat' dir='ltr'><strong>domum</strong></span> <span class='ocrx_word' id='word_1_615' title='bbox 2995 4755 3171 4808; x_wconf 81' lang='lat' dir='ltr'><strong>redire</strong></span> <span class='ocrx_word' id='word_1_616' title='bbox 3205 4771 3400 4824; x_wconf 85' lang='lat' dir='ltr'><strong>passus</strong></span> <span class='ocrx_word' id='word_1_617' title='bbox 3437 4769 3519 4811; x_wconf 90' lang='lat' dir='ltr'><strong>est</strong></span> 
     </span>
    </p>
   </div>
   <div class='ocr_carea' id='block_1_93' title="bbox 272 4843 1858 4917">
    <p class='ocr_par' dir='ltr' id='par_1_93' title="bbox 272 4843 1858 4917">
     <span class='ocr_line' id='line_1_93' title="bbox 272 4843 1858 4917; baseline 0.001 -18"><span class='ocrx_word' id='word_1_618' title='bbox 272 4850 369 4917; x_wconf 83' lang='grc' dir='ltr'>τῆς</span> <span class='ocrx_word' id='word_1_619' title='bbox 402 4847 622 4917; x_wconf 82' lang='grc' dir='ltr'>ἐξορίας</span> <span class='ocrx_word' id='word_1_620' title='bbox 676 4847 752 4910; x_wconf 89' lang='grc' dir='ltr'><strong>ώς</strong></span> <span class='ocrx_word' id='word_1_621' title='bbox 783 4848 945 4916; x_wconf 80' lang='grc' dir='ltr'>δῆθεν</span> <span class='ocrx_word' id='word_1_622' title='bbox 983 4848 1416 4917; x_wconf 83' lang='grc' dir='ltr'>μετανοήσαντα.</span> <span class='ocrx_word' id='word_1_623' title='bbox 1449 4843 1524 4900; x_wconf 70' lang='lat' dir='ltr'><strong>Ob</strong></span> <span class='ocrx_word' id='word_1_624' title='bbox 1549 4865 1858 4917; x_wconf 76' lang='grc' dir='ltr'>παραγενο-</span> 
     </span>
    </p>
   </div>
   <div class='ocr_carea' id='block_1_94' title="bbox 1967 4845 3544 4919">
    <p class='ocr_par' dir='ltr' id='par_1_94' title="bbox 1967 4845 3544 4919">
     <span class='ocr_line' id='line_1_94' title="bbox 1967 4845 3544 4919; baseline 0.004 -21"><span class='ocrx_word' id='word_1_625' title='bbox 1967 4849 2264 4916; x_wconf 72' lang='grc' dir='ltr'>ιιιειριιιεεθ</span> <span class='ocrx_word' id='word_1_626' title='bbox 2292 4862 2415 4901; x_wconf 89' lang='lat' dir='ltr'><strong>eum</strong></span> <span class='ocrx_word' id='word_1_627' title='bbox 2445 4856 2662 4916; x_wconf 86' lang='lat' dir='ltr'><strong>putans.</strong></span> <span class='ocrx_word' id='word_1_628' title='bbox 2693 4845 2858 4900; x_wconf 83' lang='lat' dir='ltr'><strong>Arius</strong></span> <span class='ocrx_word' id='word_1_629' title='bbox 2891 4861 3146 4903; x_wconf 83' lang='lat' dir='ltr'><strong>reversus</strong></span> <span class='ocrx_word' id='word_1_630' title='bbox 3193 4849 3261 4903; x_wconf 91' lang='lat' dir='ltr'><strong>ab</strong></span> <span class='ocrx_word' id='word_1_631' title='bbox 3301 4852 3544 4919; x_wconf 81' lang='lat' dir='ltr'><strong>impera-</strong></span> 
     </span>
    </p>
   </div>
   <div class='ocr_carea' id='block_1_95' title="bbox 276 4937 1953 5010">
    <p class='ocr_par' dir='ltr' id='par_1_95' title="bbox 276 4937 1858 5010">
     <span class='ocr_line' id='line_1_95' title="bbox 276 4937 1858 5010; baseline 0.001 -20"><span class='ocrx_word' id='word_1_632' title='bbox 276 4939 461 5006; x_wconf 72' lang='grc' dir='ltr'>μένου,</span> <span class='ocrx_word' id='word_1_633' title='bbox 494 4937 592 4989; x_wconf 80' lang='grc' dir='ltr'>καὶ</span> <span class='ocrx_word' id='word_1_634' title='bbox 625 4937 999 5006; x_wconf 81' lang='grc' dir='ltr'>ἐρωτηθέντος</span> <span class='ocrx_word' id='word_1_635' title='bbox 1035 4938 1142 4990; x_wconf 85' lang='grc' dir='ltr'>ὑπὸ</span> <span class='ocrx_word' id='word_1_636' title='bbox 1166 4938 1261 4990; x_wconf 82' lang='grc' dir='ltr'><strong>τοῦ</strong></span> <span class='ocrx_word' id='word_1_637' title='bbox 1290 4938 1552 5008; x_wconf 78' lang='grc' dir='ltr'>βασιλέως</span> <span class='ocrx_word' id='word_1_638' title='bbox 1583 4942 1630 4991; x_wconf 89' lang='grc' dir='ltr'><strong>εί</strong></span> <span class='ocrx_word' id='word_1_639' title='bbox 1653 4941 1858 5010; x_wconf 89' lang='grc' dir='ltr'>στοιχεί</span> 
     </span>
    </p>
   </div>
   <div class='ocr_carea' id='block_1_96' title="bbox 1864 4937 3541 5010">
    <p class='ocr_par' dir='ltr' id='par_1_96' title="bbox 1963 4937 3541 5010">
     <span class='ocr_line' id='line_1_96' title="bbox 1963 4937 3541 5010; baseline 0.003 -20"><span class='ocrx_word' id='word_1_640' title='bbox 1963 4944 2084 4990; x_wconf 90' lang='lat' dir='ltr'><strong>tore</strong></span> <span class='ocrx_word' id='word_1_641' title='bbox 2127 4947 2214 4992; x_wconf 88' lang='lat' dir='ltr'><strong>est</strong></span> <span class='ocrx_word' id='word_1_642' title='bbox 2252 4938 2624 5005; x_wconf 87' lang='lat' dir='ltr'><strong>interrogatus</strong></span> <span class='ocrx_word' id='word_1_643' title='bbox 2676 4951 2818 4992; x_wconf 87' lang='lat' dir='ltr'><strong>anuc</strong></span> <span class='ocrx_word' id='word_1_644' title='bbox 2859 4937 3083 4994; x_wconf 89' lang='lat' dir='ltr'><strong>decreto</strong></span> <span class='ocrx_word' id='word_1_645' title='bbox 3115 4946 3168 4992; x_wconf 93' lang='lat' dir='ltr'><strong>et</strong></span> <span class='ocrx_word' id='word_1_646' title='bbox 3211 4941 3541 5010; x_wconf 71' lang='lat' dir='ltr'><strong>eXpositioni</strong></span> 
     </span>
    </p>
   </div>
   <div class='ocr_carea' id='block_1_97' title="bbox 272 5026 1852 5098">
    <p class='ocr_par' dir='ltr' id='par_1_97' title="bbox 272 5026 1852 5098">
     <span class='ocr_line' id='line_1_97' title="bbox 272 5026 1852 5098; baseline 0.002 -18"><span class='ocrx_word' id='word_1_647' title='bbox 272 5031 382 5092; x_wconf 90' lang='grc' dir='ltr'>τοῖς</span> <span class='ocrx_word' id='word_1_648' title='bbox 412 5031 565 5098; x_wconf 82' lang='grc' dir='ltr'>ὅροις</span> <span class='ocrx_word' id='word_1_649' title='bbox 595 5029 689 5080; x_wconf 74' lang='grc' dir='ltr'><strong>καὶ</strong></span> <span class='ocrx_word' id='word_1_650' title='bbox 740 5029 809 5098; x_wconf 77' lang='grc' dir='ltr'>τῇ</span> <span class='ocrx_word' id='word_1_651' title='bbox 855 5026 1071 5080; x_wconf 82' lang='grc' dir='ltr'>ἐκθέσει</span> <span class='ocrx_word' id='word_1_652' title='bbox 1120 5030 1221 5096; x_wconf 75' lang='grc' dir='ltr'>τῆς</span> <span class='ocrx_word' id='word_1_653' title='bbox 1268 5029 1326 5082; x_wconf 88' lang='grc' dir='ltr'><strong>ἐν</strong></span> <span class='ocrx_word' id='word_1_654' title='bbox 1377 5029 1582 5098; x_wconf 72' lang='grc' dir='ltr'>Νικαίᾳ</span> <span class='ocrx_word' id='word_1_655' title='bbox 1611 5031 1852 5096; x_wconf 85' lang='grc' dir='ltr'>συνόδου,</span> 
     </span>
    </p>
   </div>
   <div class='ocr_carea' id='block_1_98' title="bbox 1963 5027 3539 5100">
    <p class='ocr_par' dir='ltr' id='par_1_98' title="bbox 1963 5027 3539 5100">
     <span class='ocr_line' id='line_1_98' title="bbox 1963 5027 3539 5100; baseline 0.001 -16"><span class='ocrx_word' id='word_1_656' title='bbox 1963 5029 2180 5084; x_wconf 91' lang='lat' dir='ltr'><strong>concilii</strong></span> <span class='ocrx_word' id='word_1_657' title='bbox 2229 5028 2436 5082; x_wconf 61' lang='lat' dir='ltr'><strong>Nicaeni</strong></span> <span class='ocrx_word' id='word_1_658' title='bbox 2471 5037 2664 5084; x_wconf 90' lang='lat' dir='ltr'><strong>staret.</strong></span> <span class='ocrx_word' id='word_1_659' title='bbox 2714 5027 3021 5100; x_wconf 88' lang='lat' dir='ltr'><strong>Statimque</strong></span> <span class='ocrx_word' id='word_1_660' title='bbox 3050 5033 3152 5085; x_wconf 89' lang='lat' dir='ltr'><strong>hoc</strong></span> <span class='ocrx_word' id='word_1_661' title='bbox 3181 5032 3271 5085; x_wconf 89' lang='lat' dir='ltr'><strong>ille</strong></span> <span class='ocrx_word' id='word_1_662' title='bbox 3300 5031 3539 5086; x_wconf 79' lang='lat' dir='ltr'><strong>amrma-</strong></span> 
     </span>
    </p>
   </div>
   <div class='ocr_carea' id='block_1_99' title="bbox 273 5118 1950 5192">
    <p class='ocr_par' dir='ltr' id='par_1_99' title="bbox 273 5118 1854 5192">
     <span class='ocr_line' id='line_1_99' title="bbox 273 5118 1854 5192; baseline 0.003 -21"><span class='ocrx_word' id='word_1_663' title='bbox 273 5118 520 5189; x_wconf 76' lang='grc' dir='ltr'>παρευθὺ</span> <span class='ocrx_word' id='word_1_664' title='bbox 559 5118 819 5172; x_wconf 85' lang='grc' dir='ltr'>κατέθετο</span> <span class='ocrx_word' id='word_1_665' title='bbox 848 5118 1131 5172; x_wconf 85' lang='grc' dir='ltr'>πιστεύειν</span> <span class='ocrx_word' id='word_1_666' title='bbox 1157 5118 1350 5183; x_wconf 80' lang='grc' dir='ltr'>οὕτως.</span> <span class='ocrx_word' id='word_1_667' title='bbox 1398 5123 1458 5174; x_wconf 92' lang='lat'><strong>&#39;0</strong></span> <span class='ocrx_word' id='word_1_668' title='bbox 1477 5122 1535 5176; x_wconf 81' lang='grc' dir='ltr'>δὲ</span> <span class='ocrx_word' id='word_1_669' title='bbox 1567 5122 1854 5192; x_wconf 82' lang='grc' dir='ltr'>θαυμάσας</span> 
     </span>
    </p>
   </div>
   <div class='ocr_carea' id='block_1_100' title="bbox 1863 5118 3540 5192">
    <p class='ocr_par' dir='ltr' id='par_1_100' title="bbox 1962 5121 3540 5191">
     <span class='ocr_line' id='line_1_100' title="bbox 1962 5121 3540 5191; baseline 0.003 -19"><span class='ocrx_word' id='word_1_670' title='bbox 1962 5122 2057 5174; x_wconf 85' lang='lat' dir='ltr'><strong>vit.</strong></span> <span class='ocrx_word' id='word_1_671' title='bbox 2093 5121 2250 5187; x_wconf 85' lang='lat' dir='ltr'><strong>Quod</strong></span> <span class='ocrx_word' id='word_1_672' title='bbox 2283 5122 2588 5176; x_wconf 88' lang='lat' dir='ltr'><strong>admiratus</strong></span> <span class='ocrx_word' id='word_1_673' title='bbox 2611 5125 2904 5190; x_wconf 90' lang='lat' dir='ltr'><strong>imperator</strong></span> <span class='ocrx_word' id='word_1_674' title='bbox 2925 5123 3236 5191; x_wconf 88' lang='lat' dir='ltr'><strong>juramcnto</strong></span> <span class='ocrx_word' id='word_1_675' title='bbox 3258 5123 3540 5188; x_wconf 83' lang='lat' dir='ltr'><strong>adactum,</strong></span> 
     </span>
    </p>
   </div>
   <div class='ocr_carea' id='block_1_101' title="bbox 271 5210 1948 5284">
    <p class='ocr_par' dir='ltr' id='par_1_101' title="bbox 271 5210 1854 5284">
     <span class='ocr_line' id='line_1_101' title="bbox 271 5210 1854 5284; baseline 0.004 -22"><span class='ocrx_word' id='word_1_676' title='bbox 271 5210 430 5281; x_wconf 74' lang='grc' dir='ltr'>ὅρκον</span> <span class='ocrx_word' id='word_1_677' title='bbox 457 5211 728 5280; x_wconf 79' lang='grc' dir='ltr'>ἐπήνεγκε</span> <span class='ocrx_word' id='word_1_678' title='bbox 757 5211 833 5282; x_wconf 84' lang='grc' dir='ltr'>μὴ</span> <span class='ocrx_word' id='word_1_679' title='bbox 876 5213 1098 5283; x_wconf 76' lang='grc' dir='ltr'>φρονεῖν</span> <span class='ocrx_word' id='word_1_680' title='bbox 1123 5212 1340 5267; x_wconf 82' lang='grc' dir='ltr'>ἐναντία</span> <span class='ocrx_word' id='word_1_681' title='bbox 1383 5217 1450 5284; x_wconf 79' lang='grc' dir='ltr'>τῇ</span> <span class='ocrx_word' id='word_1_682' title='bbox 1501 5215 1725 5284; x_wconf 83' lang='grc' dir='ltr'>συνόδῳ·</span> <span class='ocrx_word' id='word_1_683' title='bbox 1758 5218 1854 5270; x_wconf 78' lang='grc' dir='ltr'>καὶ</span> 
     </span>
    </p>
   </div>
   <div class='ocr_carea' id='block_1_102' title="bbox 1861 5210 3538 5284">
    <p class='ocr_par' dir='ltr' id='par_1_102' title="bbox 1959 5213 3538 5281">
     <span class='ocr_line' id='line_1_102' title="bbox 1959 5213 3538 5281; baseline 0.001 -15"><span class='ocrx_word' id='word_1_684' title='bbox 1959 5229 2068 5268; x_wconf 87' lang='lat' dir='ltr'><strong>non</strong></span> <span class='ocrx_word' id='word_1_685' title='bbox 2089 5215 2382 5270; x_wconf 86' lang='lat' dir='ltr'><strong>dissentire</strong></span> <span class='ocrx_word' id='word_1_686' title='bbox 2409 5216 2478 5268; x_wconf 86' lang='lat' dir='ltr'><strong>ab</strong></span> <span class='ocrx_word' id='word_1_687' title='bbox 2502 5229 2568 5267; x_wconf 88' lang='lat' dir='ltr'><strong>eo</strong></span> <span class='ocrx_word' id='word_1_688' title='bbox 2586 5213 2839 5278; x_wconf 87' lang='lat' dir='ltr'><strong>concilio,</strong></span> <span class='ocrx_word' id='word_1_689' title='bbox 2874 5215 3105 5281; x_wconf 89' lang='lat' dir='ltr'><strong>dimisit,</strong></span> <span class='ocrx_word' id='word_1_690' title='bbox 3139 5217 3210 5268; x_wconf 87' lang='lat' dir='ltr'><strong>ita</strong></span> <span class='ocrx_word' id='word_1_691' title='bbox 3246 5215 3418 5270; x_wconf 75' lang='lat' dir='ltr'><strong>fatus:</strong></span> <span class='ocrx_word' id='word_1_692' title='bbox 3449 5215 3538 5269; x_wconf 85' lang='lat' dir='ltr'><strong>Si-</strong></span> 
     </span>
    </p>
   </div>
   <div class='ocr_carea' id='block_1_103' title="bbox 269 5300 1946 5378">
    <p class='ocr_par' dir='ltr' id='par_1_103' title="bbox 269 5300 1853 5378">
     <span class='ocr_line' id='line_1_103' title="bbox 269 5300 1853 5378; baseline 0.003 -23"><span class='ocrx_word' id='word_1_693' title='bbox 269 5300 427 5357; x_wconf 85' lang='grc' dir='ltr'><strong>τοῦτο</strong></span> <span class='ocrx_word' id='word_1_694' title='bbox 471 5303 707 5373; x_wconf 78' lang='grc' dir='ltr'>ποιήσας</span> <span class='ocrx_word' id='word_1_695' title='bbox 760 5303 1032 5358; x_wconf 81' lang='grc' dir='ltr'>ἀπέλυσεν</span> <span class='ocrx_word' id='word_1_696' title='bbox 1087 5304 1252 5359; x_wconf 81' lang='grc' dir='ltr'>αὐτὸν</span> <span class='ocrx_word' id='word_1_697' title='bbox 1295 5305 1533 5375; x_wconf 79' lang='grc' dir='ltr'>εἰρηκὼς</span> <span class='ocrx_word' id='word_1_698' title='bbox 1569 5306 1756 5378; x_wconf 83' lang='grc' dir='ltr'>αὐτῷ·</span> <span class='ocrx_word' id='word_1_699' title='bbox 1791 5309 1853 5360; x_wconf 85' lang='grc' dir='ltr'><strong>Εἰ</strong></span> 
     </span>
    </p>
   </div>
   <div class='ocr_carea' id='block_1_104' title="bbox 1850 5300 3527 5378">
    <p class='ocr_par' dir='ltr' id='par_1_104' title="bbox 1850 5304 3527 5378">
     <span class='ocr_line' id='line_1_104' title="bbox 1850 5304 3527 5378; baseline 0.003 -21"><span class='ocrx_word' id='word_1_700' title='bbox 1850 5346 1853 5357; x_wconf 86' lang='grc'><strong>,</strong></span> <span class='ocrx_word' id='word_1_701' title='bbox 1955 5307 2172 5376; x_wconf 87' lang='lat' dir='ltr'><strong>quidem</strong></span> <span class='ocrx_word' id='word_1_702' title='bbox 2203 5318 2349 5361; x_wconf 87' lang='lat' dir='ltr'><strong>recta</strong></span> <span class='ocrx_word' id='word_1_703' title='bbox 2379 5313 2458 5360; x_wconf 91' lang='lat' dir='ltr'><strong>est</strong></span> <span class='ocrx_word' id='word_1_704' title='bbox 2489 5304 2620 5360; x_wconf 87' lang='lat' dir='ltr'><strong>ﬁdes</strong></span> <span class='ocrx_word' id='word_1_705' title='bbox 2659 5313 2773 5372; x_wconf 85' lang='lat' dir='ltr'><strong>tua,</strong></span> <span class='ocrx_word' id='word_1_706' title='bbox 2803 5307 2940 5360; x_wconf 89' lang='lat' dir='ltr'><strong>bene</strong></span> <span class='ocrx_word' id='word_1_707' title='bbox 2963 5308 3160 5376; x_wconf 74' lang='lat' dir='ltr'><strong>jurasti</strong></span> <span class='ocrx_word' id='word_1_708' title='bbox 3195 5325 3210 5360; x_wconf 89' lang='lat'><strong>:</strong></span> <span class='ocrx_word' id='word_1_709' title='bbox 3244 5308 3325 5361; x_wconf 91' lang='lat' dir='ltr'><strong>sin</strong></span> <span class='ocrx_word' id='word_1_710' title='bbox 3360 5310 3527 5378; x_wconf 90' lang='lat' dir='ltr'><strong>impia</strong></span> 
     </span>
    </p>
   </div>
   <div class='ocr_carea' id='block_1_105' title="bbox 274 5391 1850 5467">
    <p class='ocr_par' dir='ltr' id='par_1_105' title="bbox 274 5391 1850 5467">
     <span class='ocr_line' id='line_1_105' title="bbox 274 5391 1850 5467; baseline 0.004 -21"><span class='ocrx_word' id='word_1_711' title='bbox 274 5391 372 5462; x_wconf 69' lang='grc' dir='ltr'>μιν</span> <span class='ocrx_word' id='word_1_712' title='bbox 403 5392 542 5464; x_wconf 84' lang='grc' dir='ltr'>ὀρθή</span> <span class='ocrx_word' id='word_1_713' title='bbox 575 5393 670 5447; x_wconf 91' lang='grc' dir='ltr'><strong>σού</strong></span> <span class='ocrx_word' id='word_1_714' title='bbox 723 5395 872 5448; x_wconf 84' lang='grc' dir='ltr'>ἐστιν</span> <span class='ocrx_word' id='word_1_715' title='bbox 905 5397 938 5465; x_wconf 81' lang='grc' dir='ltr'><strong>η</strong></span> <span class='ocrx_word' id='word_1_716' title='bbox 969 5395 1176 5462; x_wconf 80' lang='grc' dir='ltr'>πίστις,</span> <span class='ocrx_word' id='word_1_717' title='bbox 1224 5395 1406 5458; x_wconf 85' lang='grc' dir='ltr'>καλῶς</span> <span class='ocrx_word' id='word_1_718' title='bbox 1431 5396 1672 5467; x_wconf 77' lang='grc' dir='ltr'>ιὐμοσαςο</span> <span class='ocrx_word' id='word_1_719' title='bbox 1715 5399 1763 5452; x_wconf 86' lang='grc' dir='ltr'><strong>εί</strong></span> <span class='ocrx_word' id='word_1_720' title='bbox 1793 5397 1850 5451; x_wconf 71' lang='grc' dir='ltr'>δὲ</span> 
     </span>
    </p>
   </div>
   <div class='ocr_carea' id='block_1_106' title="bbox 271 5485 1847 5560">
    <p class='ocr_par' dir='ltr' id='par_1_106' title="bbox 271 5485 1847 5560">
     <span class='ocr_line' id='line_1_106' title="bbox 271 5485 1847 5560; baseline 0.002 -21"><span class='ocrx_word' id='word_1_721' title='bbox 271 5485 469 5558; x_wconf 69' lang='grc' dir='ltr'>ἀσεϐὴς</span> <span class='ocrx_word' id='word_1_722' title='bbox 512 5487 608 5544; x_wconf 84' lang='grc' dir='ltr'>καὶ</span> <span class='ocrx_word' id='word_1_723' title='bbox 641 5487 1079 5560; x_wconf 84' lang='grc' dir='ltr'>διεστραμμένη,</span> <span class='ocrx_word' id='word_1_724' title='bbox 1115 5488 1303 5559; x_wconf 83' lang='grc' dir='ltr'>κρίναι</span> <span class='ocrx_word' id='word_1_725' title='bbox 1332 5488 1536 5560; x_wconf 83' lang='grc' dir='ltr'>Κύριος</span> <span class='ocrx_word' id='word_1_726' title='bbox 1566 5491 1594 5542; x_wconf 88' lang='grc' dir='ltr'><strong>ό</strong></span> <span class='ocrx_word' id='word_1_727' title='bbox 1620 5489 1751 5553; x_wconf 79' lang='grc' dir='ltr'>Θεὸς</span> <span class='ocrx_word' id='word_1_728' title='bbox 1779 5491 1847 5543; x_wconf 82' lang='grc' dir='ltr'><strong>τά</strong></span> 
     </span>
    </p>
   </div>
   <div class='ocr_carea' id='block_1_107' title="bbox 1961 5396 3536 5468">
    <p class='ocr_par' dir='ltr' id='par_1_107' title="bbox 1961 5396 3536 5468">
     <span class='ocr_line' id='line_1_107' title="bbox 1961 5396 3536 5468; baseline 0.001 -15"><span class='ocrx_word' id='word_1_729' title='bbox 1961 5407 2014 5453; x_wconf 87' lang='lat' dir='ltr'><strong>et</strong></span> <span class='ocrx_word' id='word_1_730' title='bbox 2051 5412 2328 5468; x_wconf 87' lang='lat' dir='ltr'><strong>perversa,</strong></span> <span class='ocrx_word' id='word_1_731' title='bbox 2367 5396 2622 5451; x_wconf 89' lang='lat' dir='ltr'><strong>celeriter</strong></span> <span class='ocrx_word' id='word_1_732' title='bbox 2653 5396 2707 5450; x_wconf 91' lang='lat' dir='ltr'><strong>in</strong></span> <span class='ocrx_word' id='word_1_733' title='bbox 2741 5407 2792 5451; x_wconf 91' lang='lat' dir='ltr'><strong>te</strong></span> <span class='ocrx_word' id='word_1_734' title='bbox 2834 5397 2980 5453; x_wconf 87' lang='lat' dir='ltr'><strong>Deus</strong></span> <span class='ocrx_word' id='word_1_735' title='bbox 3033 5409 3259 5452; x_wconf 87' lang='lat' dir='ltr'><strong>statuat.</strong></span> <span class='ocrx_word' id='word_1_736' title='bbox 3297 5397 3536 5455; x_wconf 88' lang='lat' dir='ltr'><strong>Proinde</strong></span> 
     </span>
    </p>
   </div>
   <div class='ocr_carea' id='block_1_108' title="bbox 1959 5487 3535 5560">
    <p class='ocr_par' dir='ltr' id='par_1_108' title="bbox 1959 5487 3535 5560">
     <span class='ocr_line' id='line_1_108' title="bbox 1959 5487 3535 5560; baseline -0.001 -16"><span class='ocrx_word' id='word_1_737' title='bbox 1959 5487 2360 5545; x_wconf 89' lang='lat' dir='ltr'><strong>Constantinus</strong></span> <span class='ocrx_word' id='word_1_738' title='bbox 2389 5503 2419 5542; x_wconf 91' lang='lat' dir='ltr'><strong>a</strong></span> <span class='ocrx_word' id='word_1_739' title='bbox 2447 5501 2644 5560; x_wconf 86' lang='lat' dir='ltr'><strong>magno</strong></span> <span class='ocrx_word' id='word_1_740' title='bbox 2675 5489 2838 5542; x_wconf 90' lang='lat' dir='ltr'><strong>etiam</strong></span> <span class='ocrx_word' id='word_1_741' title='bbox 2877 5489 3179 5545; x_wconf 85' lang='lat' dir='ltr'><strong>Athanasio</strong></span> <span class='ocrx_word' id='word_1_742' title='bbox 3227 5491 3535 5560; x_wconf 74' lang='lat' dir='ltr'><strong>postulavit</strong></span> 
     </span>
    </p>
   </div>
   <div class='ocr_carea' id='block_1_109' title="bbox 1421 5663 2394 5722">
    <p class='ocr_par' dir='ltr' id='par_1_109' title="bbox 1421 5663 2394 5722">
     <span class='ocr_line' id='line_1_109' title="bbox 1421 5663 2394 5722; baseline 0.001 -1"><span class='ocrx_word' id='word_1_743' title='bbox 1421 5663 1776 5722; x_wconf 73' lang='lat' dir='ltr'><strong>XYLANDRI</strong></span> <span class='ocrx_word' id='word_1_744' title='bbox 1814 5665 1900 5721; x_wconf 85' lang='lat' dir='ltr'><strong>ET</strong></span> <span class='ocrx_word' id='word_1_745' title='bbox 1930 5664 2142 5722; x_wconf 79' lang='lat' dir='ltr'><strong>GOARI</strong></span> <span class='ocrx_word' id='word_1_746' title='bbox 2169 5665 2394 5722; x_wconf 67' lang='lat' dir='ltr'><strong>NOTE.</strong></span> 
     </span>
    </p>
   </div>
   <div class='ocr_carea' id='block_1_110' title="bbox 337 5757 3526 5848">
    <p class='ocr_par' dir='ltr' id='par_1_110' title="bbox 337 5757 3526 5848">
     <span class='ocr_line' id='line_1_110' title="bbox 337 5757 3526 5848; baseline 0.002 -14"><span class='ocrx_word' id='word_1_747' title='bbox 337 5779 451 5847; x_wconf 88' lang='lat'><strong>(88)</strong></span> <span class='ocrx_word' id='word_1_748' title='bbox 495 5777 710 5832; x_wconf 81' lang='lat' dir='ltr'><strong>Canone</strong></span> <span class='ocrx_word' id='word_1_749' title='bbox 743 5779 884 5832; x_wconf 81' lang='lat' dir='ltr'><strong>edito</strong></span> <span class='ocrx_word' id='word_1_750' title='bbox 917 5789 1168 5836; x_wconf 72' lang='lat' dir='ltr'><strong>statuere.</strong></span> <span class='ocrx_word' id='word_1_751' title='bbox 1227 5757 1481 5839; x_wconf 88' lang='lat' dir='ltr'><strong>Padnutii</strong></span> <span class='ocrx_word' id='word_1_752' title='bbox 1527 5783 1695 5846; x_wconf 89' lang='lat' dir='ltr'><strong>dicto,</strong></span> <span class='ocrx_word' id='word_1_753' title='bbox 1750 5780 1837 5834; x_wconf 86' lang='lat' dir='ltr'><strong>cui</strong></span> <span class='ocrx_word' id='word_1_754' title='bbox 1873 5781 2019 5836; x_wconf 84' lang='lat' dir='ltr'><strong>velut</strong></span> <span class='ocrx_word' id='word_1_755' title='bbox 2073 5784 2268 5839; x_wconf 63' lang='lat' dir='ltr'><strong>fabula:</strong></span> <span class='ocrx_word' id='word_1_756' title='bbox 2329 5785 2442 5848; x_wconf 86' lang='lat' dir='ltr'><strong>alii,</strong></span> <span class='ocrx_word' id='word_1_757' title='bbox 2494 5783 2774 5840; x_wconf 81' lang='lat' dir='ltr'><strong>Cedrenus</strong></span> <span class='ocrx_word' id='word_1_758' title='bbox 2830 5790 2892 5836; x_wconf 91' lang='lat' dir='ltr'><strong>ut</strong></span> <span class='ocrx_word' id='word_1_759' title='bbox 2928 5781 3168 5839; x_wconf 69' lang='lat' dir='ltr'><strong>historiae</strong></span> <span class='ocrx_word' id='word_1_760' title='bbox 3222 5783 3526 5840; x_wconf 66' lang='lat' dir='ltr'><strong>verissima</strong></span> 
     </span>
    </p>
   </div>
   <div class='ocr_carea' id='block_1_111' title="bbox 271 5849 1134 5917">
    <p class='ocr_par' dir='ltr' id='par_1_111' title="bbox 271 5849 1134 5917">
     <span class='ocr_line' id='line_1_111' title="bbox 271 5849 1134 5917; baseline 0 -13"><span class='ocrx_word' id='word_1_761' title='bbox 271 5851 514 5917; x_wconf 82' lang='lat' dir='ltr'><strong>perhibet</strong></span> <span class='ocrx_word' id='word_1_762' title='bbox 534 5852 930 5907; x_wconf 86' lang='lat' dir='ltr'><strong>testimonium.</strong></span> <span class='ocrx_word' id='word_1_763' title='bbox 961 5849 1134 5904; x_wconf 68' lang='lat' dir='ltr'><strong>Goatt.</strong></span> 
     </span>
    </p>
   </div>
  </div>
