4248 6456
690 332 797 400 551

1996 325 2318 389 GEORGII
2359 326 2694 388 CEDRENI

3849 335 3972 401 552

690 462 754 508 ut
781 464 906 506 eum
936 447 1106 505 veluti
1136 445 1229 517 qui
1259 443 1586 515 resipuisset
1631 445 1933 516 reciperet;
1971 454 2026 500 et
2065 460 2193 499 cum
2215 444 2270 499 id
2297 448 2349 508 Α

2297 448 2349 508 Α
2374 443 2517 498 κατὰ
2543 461 2602 496 σε
2643 443 2860 496 θᾶττον.
2897 443 3083 515 Ταύτῃ
3105 460 3184 496 τοι
3226 445 3320 498 καὶ
3368 444 3460 500 τὸν
3503 447 3680 517 μέγαν
3722 449 3966 507 Ἀθανὰ-

692 547 979 596 recusaret
1028 538 1230 606 quippe
1284 535 1399 588 Arii
1439 536 1854 604 perversitatem
1913 535 2275 604 perSpiciens,

694 631 855 686 fidem
889 629 1158 683 adhibens
1186 627 1520 680 Arianorum
1543 627 1855 689 calumniis,
1881 623 2084 694 quibus
2110 626 2280 679 Atha-

698 724 914 778 nasium
972 719 1333 789 itupetebant,
1384 721 1703 789 episcopatu
1762 717 1944 788 ejecit.
1989 717 2174 787 Neque
2224 717 2278 771 id

698 819 895 869 mirum
929 813 1054 866 fuit.
1094 812 1250 880 Saepe
1279 811 1427 864 enim
1458 811 1624 864 etiam
1659 809 1831 864 divini
1884 811 2153 874 homines,
2181 825 2278 863 ca-

697 908 938 962 lumnias
969 907 1074 976 piis
1110 906 1408 958 intentatas
1443 919 1501 957 re
1532 919 1640 958 non
1682 905 1964 972 explorata
1990 902 2282 957 admitten-

696 1014 802 1066 tes,
837 1017 864 1054 a
891 1016 1020 1054 vero
1049 999 1443 1052 aberrat-erunt
1477 999 1706 1066 piosque
1736 996 1951 1067 injuriis
1973 1011 2037 1049 ac
2063 996 2282 1052 damnis

699 1095 1023 1148 affecerunt.
1062 1091 1350 1156 Quomodo
1381 1092 1545 1142 etiam
1581 1090 1803 1144 divinus
1849 1091 2012 1141 homo
2045 1086 2281 1143 Davidus

697 1203 722 1237 a
752 1200 910 1238 servo
937 1183 1064 1236 Siba
1117 1186 1398 1251 deceptus,
1457 1182 1550 1248 qui
1592 1182 1728 1236 falso
1781 1179 2282 1249 Memphibosthum

696 1278 981 1332 dominum
1017 1293 1177 1330 suum
1209 1277 1492 1330 deferebat
1520 1276 1676 1346 quasi
1718 1277 1764 1331 is
1793 1275 2072 1329 Absalomi
2116 1275 2285 1344 parti-

695 1370 803 1425 bus
834 1385 895 1424 se
943 1369 1269 1432 addixisset,
1306 1367 1600 1420 facultates
1639 1368 1866 1420 domino
1919 1368 2124 1436 injuste
2174 1367 2284 1420 eri-

700 1463 820 1530 puit
872 1473 1149 1527 servoque
1198 1460 1553 1526 tiianriparit.
1586 1455 1769 1521 Quare
1822 1466 2037 1526 oportet
2092 1473 2285 1526 magna

698 1567 822 1606 cum
891 1553 1194 1604 attentione
1253 1549 1421 1601 animi
1478 1557 1647 1617 atque
1706 1548 2096 1602 deliberatione
2127 1547 2288 1617 506

699 1643 937 1697 crimina
1000 1642 1314 1708 explorare,
1381 1655 1564 1708 neque
1619 1649 1825 1691 temere
1874 1640 2288 1692 accusatoribus

699 1735 944 1794 credere,
988 1743 1262 1801 utcunque
1305 1732 1340 1784 ii
1369 1731 1473 1785 ﬁde
1495 1731 1642 1800 digni
1675 1731 2001 1784 habeantur.
2031 1732 2086 1783 In
2120 1745 2283 1798 quam

700 1821 1033 1874 sententiain
1094 1820 1432 1872 Neodeinus
1485 1833 1707 1887 quoque
1774 1818 2006 1886 injustos
2070 1793 2360 1870 «ΙυύιυοεΒ

703 1916 944 1982 graviter
976 1913 1257 1980 objurgat,
1295 1911 1575 1979 inquiens,
1605 1908 1876 1962 Numnam
1915 1911 2060 1978 leges
2095 1921 2288 1964 vestra:

707 2007 950 2074 aliquem
1007 2005 1213 2058 indicta
1253 2020 1417 2058 causa
1456 2011 1511 2060 et
1548 2019 1658 2056 non
1707 2003 1988 2072 explorata
2042 2018 2100 2056 re
2133 2005 2287 2055 dam-

705 2107 841 2151 nant
874 2098 920 2128 9‘
949 2095 971 2147 ?
1000 2095 1272 2148 Nimirum
1299 2106 1354 2148 et
1389 2095 1606 2164 profani
1638 2094 1950 2162 philosophi
1981 2093 2123 2148 idem
2167 2109 2291 2162 pcr-

701 2189 895 2258 spicue
929 2187 1150 2251 docent,
1203 2188 1277 2240 ita
1324 2187 1705 2256 pracipientes
1741 2203 1755 2241 :
1791 2186 1851 2241 Si
1891 2201 2113 2241 causam
2158 2201 2292 2240 con-

703 2283 976 2336 troversia
1009 2281 1304 2348 tlisceptat,
1337 2279 1726 2348 suspendatur.
1756 2279 1811 2332 Si
1836 2279 2127 2348 judicium,
2161 2294 2290 2349 pro-

708 2375 962 2429 bationes
1048 2374 1428 2444 explorentur.
1489 2373 1548 2426 Si
1611 2374 1968 2442 quaestiones,
2034 2371 2088 2425 id
2143 2373 2290 2442 quod

703 2479 920 2534 aaquum
953 2471 1039 2517 est
1072 2463 1486 2533 prascribatur,
1520 2463 1791 2516 terminus
1814 2462 2131 2525 definiatur,
2156 2463 2293 2516 scri-

706 2565 799 2626 pta
835 2566 950 2609 rata
986 2557 1138 2620 sint;
1171 2570 1293 2623 quso
1331 2557 1467 2608 scita
1499 2563 1649 2616 sunt,
1673 2568 1738 2608 ea
1773 2555 1916 2608 facto
1939 2555 2290 2623 impleantur.

703 2643 783 2697 Ita
815 2643 1001 2696 omnis
1032 2644 1260 2696 tollatur
1315 2643 1623 2708 contentio,
1683 2658 1990 2712 rursusque
2049 2645 2290 2697 amicitia

705 2735 983 2788 obtineat.
1013 2734 1148 2787 Tum
1179 2736 1233 2787 in
1263 2735 1586 2803 apostolicis
1612 2736 2109 2790 consntutionibus
2149 2737 2290 2789 divi-

705 2839 838 2878 num
859 2822 1097 2878 Verbum
1128 2825 1207 2877 sic
1230 2825 1454 2877 mandat
1483 2841 1496 2875 :
1523 2822 1698 2877 Judcx
1730 2835 1848 2878 esto
1880 2841 2087 2880 vacuus
2107 2841 2294 2895 perso—

708 2930 906 2969 narum
953 2916 1346 2984 reputationis,
1374 2914 1467 2984 qui
1502 2931 1681 2984 neque
1709 2915 1932 2970 divitem
1979 2927 2296 2970 revereatur

709 3013 806 3058 aut
844 3005 1105 3059 aduletur
1142 3021 1301 3074 inquo
1329 3007 1587 3073 amplius,
1621 3021 1799 3073 neque
1822 3006 2048 3076 pauperi
2081 3015 2290 3074 parcat.

2381 551 2497 588 σιον
2547 536 2628 598 εἰς
2659 533 2948 587 κοινωνίαν
2985 536 3147 588 αὐτὸν
3194 535 3451 601 δέξασθαι
3510 540 3966 607 παρεκελεύσατο

2379 625 2453 687 ὡς
2497 624 2592 677 διτε
2635 625 3065 696 μετανοήσαντα.
3116 625 3221 678 Τοῦ
3267 626 3325 680 δὲ
3376 627 3451 698 μὴ
3501 631 3965 702 καταδεχομένου,

2381 719 2743 786 γινώσκοντος
2767 719 3012 790 ἀκριϐῶς
3039 720 3138 790 τὴν
3171 721 3380 792 Ἀρείου
3409 723 3758 792 δυστροπίαν,
3784 726 3968 797 €599!-

2383 810 2466 873 ζει
2497 809 2590 862 τοῦ
2627 810 2820 878 θρόνου
2876 812 2965 864 τὸν
2999 810 3174 878 ἅγιον,
3212 814 3510 876 πιστεύσας
3561 817 3655 868 καὶ
3707 817 3804 879 τὰς
3837 820 3963 871 κατ’

2383 903 2549 956 αὑτοῦ
2584 903 2885 970 γενομένας
2921 903 3024 956 ὑπὸ
3056 903 3163 957 τῶν
3199 906 3494 976 Ἀρειανῶν
3526 907 3812 978 λοιδορίας.
3851 912 3964 963 Καὶ

2382 995 2442 1046 οὐ
2480 993 2683 1063 θαῦμα·
2721 993 2980 1057 πολλάκις
3017 997 3124 1066 γὰρ
3158 999 3252 1048 καὶ
3299 999 3433 1051 θεῖοι
3480 1000 3674 1068 ἄνδρες
3705 1002 3848 1055 κατὰ
3875 1018 3963 1052 τι-

2385 1104 2492 1139 νων
2518 1086 2759 1139 εὐσεϐῶν
2787 1086 3044 1157 διαϐολὴν
3071 1089 3312 1159 ἀκρίτως
3339 1091 3780 1160 παραδεξάμενοι
3812 1111 3926 1162 παρ
3945 1122 3960 1133 ο

2385 1180 2704 1248 ετράπησαν
2729 1178 2825 1248 τῆς
2846 1179 3106 1248 ἀληθείας
3133 1182 3227 1233 καὶ
3253 1181 3377 1243 τοὺς
3407 1183 3650 1245 εὐσεϐεῖς
3683 1185 3966 1253 παρέϐλα·

2385 1269 2493 1337 ψὰν
2528 1287 2589 1322 τε
2621 1271 2714 1322 καὶ
2751 1268 3170 1339 παρελύπησαν,
3203 1271 3390 1340 ὥσπερ
3425 1271 3519 1324 οῦν
3563 1272 3658 1325 καὶ
3703 1274 3729 1324 6
3760 1276 3964 1328 θεσπέ-

2389 1378 2503 1422 σιος
2545 1363 2712 1414 Δαϐὶδ
2739 1361 3108 1431 ἐξαπατηθεὶς
3141 1361 3246 1412 ὑπὸ
3270 1361 3364 1414 τοῦ
3387 1363 3600 1414 οἰκέτου
3630 1364 3784 1429 Σιϐὰ,
3820 1366 3965 1418 κατὰ

2386 1451 2481 1502 τοῦ
2502 1449 2764 1503 δεσπότου
2788 1451 3146 1520 Μεμφιϐοσθὲ
3183 1451 3646 1522 ψευδηγοροῦντος
3673 1456 3748 1519 ὼς
3780 1457 3860 1508 δτι
3895 1455 3968 1508 τὰ

2389 1538 2482 1590 τοῦ
2514 1540 2781 1609 τυράννου
2827 1541 3152 1610 ’Λϐεσαλὼμ
3178 1546 3386 1611 φρονεῖ,
3417 1543 3606 1596 τοῦτον
3647 1547 3966 1616 παρέϐλαψε

2391 1634 2484 1684 καὶ
2505 1633 2612 1684 τῶν
2633 1633 2778 1685 ἰδίων
2807 1634 3209 1704 ἀποστερήσας.
3238 1637 3324 1706 [Ρ.
3346 1635 3474 1707 289]
3498 1637 3574 1707 τῷ
3593 1638 3779 1709 οἰκέτῃ
3797 1657 3970 1708 προσ-

2389 1727 2724 1796 εκλήρωσεν.
2768 1727 2932 1780 Ὅθεν
2970 1728 3075 1796 χρὴ
3132 1729 3270 1795 μετᾶ
3334 1728 3538 1798 πολλῆς
3588 1731 3875 1800 ἀκριϐείας
3905 1749 3968 1784 τε

2393 1820 2486 1873 καὶ
2513 1820 2762 1888 σκέψεως
2819 1823 3050 1892 ἐρευνᾷν
3097 1823 3192 1884 τὰς
3243 1823 3598 1893 κατηγορίας,
3655 1824 3853 1894 καὶμὴ
3892 1825 3971 1888 ὡς

2393 1911 2550 1982 ἔτυχε
2600 1911 2880 1965 πιστεύειν
2930 1917 3042 1975 τοῖς
3083 1915 3473 1983 κατηγοροῦσι,
3522 1916 3627 1968 κᾶν
3662 1916 3804 1984 ἄγαν
3835 1912 3973 1970 ὦσιν

2391 2003 2714 2068 ἀξιόπιστοι.
2745 2003 2836 2056 Διὸ
2859 2004 2924 2075 δὴ
2980 2004 3076 2056 καὶ
3122 2005 3433 2075 Νικόδημος
3464 2007 3600 2079 πρὸς
3631 2011 3757 2070 τοὺς
3788 2025 3976 2078 παρα-

2393 2095 2595 2162 νόμους
2630 2095 2919 2156 Ἰουδαίους
2951 2094 3343 2163 καταφορικῶς
3372 2113 3431 2148 τε
3474 2099 3568 2150 καὶ
3598 2098 3974 2168 ὲντρεπτικῶς

2390 2186 2518 2256 ἔφη·
2544 2189 2640 2255 Μὴ
2690 2190 2718 2238 6
2759 2187 2925 2256 νόμος
2957 2187 3116 2257 ὑμῶν
3166 2188 3344 2259 κρίνει
3394 2188 3486 2241 τὸν
3533 2190 3842 2260 ἄνθρωπον,
3877 2194 3975 2244 ἐὰν

2395 2279 2469 2348 μὴ
2500 2278 2710 2351 ἀκούσῃ
2765 2279 2898 2349 παρ’
2931 2279 3096 2332 αὑτοῦ
3148 2281 3362 2350 πρῶτον
3397 2283 3492 2334 καὶ
3533 2281 3647 2351 γνῷ
3689 2282 3741 2334 τί
3781 2287 3974 2348 ποιεῖς

2405 2371 2625 2440 Ἀμέλει
2653 2371 2716 2437 γέ
2752 2387 2835 2422 τοι
2872 2371 2966 2422 καὶ
3008 2372 3058 2422 οί
3087 2371 3198 2422 τῶν
3240 2372 3344 2438 ἔξω
3383 2376 3539 2440 σοιροὶ
3571 2375 3730 2427 τοῦτο
3767 2378 3980 2446 προδή-

2392 2461 2499 2524 λως
2536 2462 2971 2529 ὑπεμφαίνοντες
3016 2462 3159 2514 οῦτω
3213 2464 3397 2532 φασίν·
3432 2465 3494 2518 Εἰ
3527 2467 3624 2535 μὲν
3658 2467 3975 2538 ἁμφιϐἠτη·

2395 2568 2481 2613 σις
2520 2551 2716 2619 κρίνει,
2756 2553 3103 2619 ἁναρτάσθω,
3139 2555 3187 2605 εἰ
3229 2555 3286 2607 δὲ
3328 2558 3532 2622 κρίσις,
3559 2559 3684 2621 τοὺς
3719 2562 3979 2630 ἐλέγχους

2396 2638 2763 2708 βασανιξέτω,
2805 2643 2852 2692 εί
2903 2641 2958 2692 δὲ
2993 2641 3246 2710 βάσανος,
3293 2645 3356 2696 τὸ
3403 2648 3522 2700 δέον
3547 2648 3806 2718 ὁριζέτω·
3858 2653 3886 2703 ὁ
3915 2651 3978 2703 δὲ

2393 2730 2516 2800 ὄρος
2577 2731 2907 2802 γεγράφθω,
2958 2733 3026 2785 τὰ
3096 2735 3153 2786 δὲ
3219 2739 3580 2806 γεγραμμένα
3638 2741 3924 2811 κυροῦσθω
3959 2781 3976 2805 ,

2393 2823 2463 2876 τὰ
2519 2823 2574 2876 δὲ
2643 2824 2959 2894 κυρωθέντα
3029 2825 3367 2892 βεϐαιοῦσθω
3425 2833 3538 2891 τοῖς
3593 2831 3810 2900 ἔργοις,
3879 2836 3981 2885 καὶ

2395 2914 2546 2966 πᾶσα
2615 2915 2890 2983 ἁψιμαχίαι
2953 2915 3186 2984 οἰχέσθω
3218 2956 3233 2980 ,
3294 2919 3389 2970 καὶ
3439 2921 3603 2972 πάλιν
3684 2923 3833 2988 φιλία
3895 2940 3985 2992 χορ

2397 3005 2623 3074 ρευέτω.
2692 3006 2803 3056 Καὶ
2869 3007 2927 3057 ἐν
2981 3009 3097 3068 ταῖς
3150 3009 3533 3072 ἀποστολικαίς
3588 3011 3892 3075 διαταξεσιν
3951 3018 3983 3068 6

709 3097 991 3168 Scriptum
1031 3104 1115 3151 est
1145 3098 1292 3150 enim
1328 3113 1344 3153 :
1378 3095 1498 3150 Non
1544 3098 1810 3165 respicies
1842 3101 1908 3150 ad
1941 3099 2180 3166 potentis
2213 3099 2295 3152 di-
2323 3136 2364 3192 ο

2323 3136 2364 3192 C
2399 3092 2539 3156 θεῖος
2569 3093 2741 3162 Λόγος
2770 3093 2944 3157 οὕτως
2976 3097 3140 3164 φησίν
3167 3115 3178 3126 ·
3218 3098 3397 3150 Ἔστω
3425 3099 3481 3151 δὲ
3506 3103 3533 3153 6
3559 3103 3750 3171 κριτὴς
3777 3105 3985 3174 ἀπροσο

708 3189 1001 3260 gnitatem,
1038 3203 1220 3256 neque
1257 3187 1614 3242 iniseraberis
1642 3203 1938 3256 pauperem
1971 3189 2024 3241 in
2059 3189 2291 3257 judicio.

717 3279 812 3334 Dei
842 3281 988 3334 enim
1052 3280 1323 3348 judicium
1372 3279 1520 3347 juste
1575 3277 1850 3346 justitiam
1902 3288 2292 3347 persequetur;

713 3386 894 3440 neque
919 3370 1077 3440 justo
1108 3368 1410 3438 quidquam
1465 3369 1746 3435 injustum'
1779 3369 2119 3436 probabitur.
2176 3368 2296 3422 Non

709 3478 843 3533 ergo
875 3461 1068 3516 leviter
1096 3461 1432 3515 credendum
1461 3469 1544 3514 est
1575 3458 1863 3528 quibusvis
1898 3459 2297 3513 criminationi-

714 3561 817 3611 bus
854 3572 914 3612 re
939 3571 1046 3610 non
1078 3555 1381 3625 explorata.
1409 3551 1549 3608 Fieri
1579 3554 1724 3606 enim
1751 3563 1929 3621 potest
1964 3563 2022 3606 ut
2053 3556 2181 3608 odio
2205 3562 2300 3607 aut

714 3649 924 3703 invidia
956 3648 1158 3716 aliquis
1191 3647 1464 3715 impulsus
1493 3643 1727 3698 fratrem
1776 3644 1914 3700 falso
1949 3645 2298 3710 criminetur,

713 3739 861 3794 sicut
909 3738 1220 3791 Susannam
1249 3737 1358 3788 duo
1402 3749 1561 3788 senes
1604 3742 1657 3788 et
1702 3732 2002 3802 .Iosephuni
2050 3734 2301 3803 Aigyptia

719 3831 942 3885 mulier.
982 3830 1062 3883 Tu
1088 3844 1239 3898 ergo,
1270 3829 1434 3882 homo
1465 3826 1580 3891 DLi,
1606 3826 1918 3895 hujusmodi
1952 3842 2020 3880 ne
2056 3835 2305 3895 prompte

714 3925 1032 3985 admiseris,
1067 3937 1135 3975 ne
1169 3927 1443 3975 insontem
1475 3919 1698 3973 occidas
1756 3927 1811 3974 et
1876 3920 2177 3974 interﬁcias
2211 3921 2304 3990 ju-

716 4026 889 4081 stum,
927 4031 1102 4085 neque
1124 4016 1284 4068 donis
1309 4023 1361 4068 te
1381 4016 1447 4067 ad
1477 4014 1784 4067 necandum
1808 4016 2088 4085 corrumpi
2112 4017 2262 4070 sinas
2289 4031 2304 4069 :

720 4123 850 4163 nam
890 4121 1122 4161 munera
1156 4116 1436 4159 excaecant
1474 4106 1663 4158 oculos
1708 4106 2006 4172 justorum,
2069 4117 2122 4160 et
2172 4108 2307 4176 justi

720 4198 1075 4254 sermonibus
1105 4196 1263 4265 507
1296 4195 1561 4250 officiunt.
1599 4195 1657 4249 Si
1688 4212 1820 4265 ergo
1860 4197 2064 4250 nullam
2115 4199 2305 4266 cujus-

724 4305 891 4366 quam
950 4305 1202 4360 persona:
1256 4291 1522 4342 rationem
1581 4289 1847 4344 habentes
1877 4290 2082 4359 judicia
2121 4291 2304 4354 obitis,

725 4381 1156 4451 deprehendetis
1202 4395 1328 4434 eum
1370 4381 1466 4449 qui
1527 4379 1667 4433 falso
1714 4383 1943 4434 crimine
1998 4384 2308 4450 proximum

2399 3185 2723 3254 ωπόληπτος
2755 3225 2770 3248 ,
2874 3186 3010 3255 μήτε
3105 3187 3363 3240 πλούσιον
3463 3192 3856 3262 ἐντρεπόμενος
3942 3194 3980 3266 ἢ

2400 3275 2712 3328 κολακεύων
2771 3278 2921 3346 παρὰ
2964 3278 3024 3328 τὸ
3055 3280 3354 3347 προσῆκον,
3399 3281 3535 3352 μήτε
3593 3284 3822 3352 πένητος
3856 3302 3982 3352 φει-

2398 3366 2639 3436 δόμενος.
2682 3367 2760 3420 Οὐ
2793 3368 2934 3437 λήψῃ
2967 3369 3093 3438 γὰρ,
3157 3374 3312 3438 φησὶ,
3353 3374 3643 3441 πρόσωπον
3693 3376 3983 3442 δυνάστου,

2402 3460 2497 3511 καὶ
2558 3460 2764 3526 πένητα
2831 3461 2929 3511 οὐκ
2995 3461 3242 3530 ὲλεήσεις
3315 3465 3372 3514 ὲν
3429 3466 3630 3533 κρίσει.
3694 3467 3820 3520 Ὀτι
3884 3469 3982 3521 τοῦ

2403 3548 2540 3601 Θεοῦ
2572 3552 2604 3619 ἡ
2630 3550 2810 3619 κρίσις
2849 3550 3069 3614 δικαίως
3113 3553 3174 3604 τὸ
3199 3553 3407 3608 δίκαιον
3437 3556 3712 3622 διώξεται,
3758 3561 3855 3611 καὶ
3878 3561 3985 3613 οὐκ

2403 3641 2576 3712 ἀρέσῃ
2625 3641 2705 3711 τῷ
2743 3629 2938 3711 δικαίῴ
2999 3643 3152 3695 οὐδὲν
3211 3645 3417 3698 ἄδικον.
3477 3639 3641 3699 Ὅθεν
3687 3649 3748 3700 οὐ
3780 3649 3861 3701 δεῖ
3893 3667 3989 3702 πι-

2407 3733 2619 3784 στεύειν
2652 3733 2726 3794 ὼς
2758 3732 2916 3802 ἔτυχε
2971 3736 3086 3796 τοῖς
3133 3735 3535 3804 κατηγοροῦσιν
3593 3739 3834 3807 ἀκρίτως
3887 3742 3987 3794 καὶ

2406 3822 2805 3887 ἀϐασανίστως.
2866 3825 3131 3894 Ἐγχωρεῑ
3171 3827 3278 3895 γάρ
3322 3843 3476 3890 τινας
3513 3828 3606 3879 καὶ
3638 3828 3724 3881 διὰ
3759 3829 3919 3898 ζῆλον
3951 3833 3986 3903 ἦ

2409 3913 2604 3979 φθόνον
2647 3917 2792 3967 κατά
2839 3932 2984 3978 τινος
3031 3916 3261 3983 ἀδελφοῦ
3313 3918 3678 3985 ἐνστήσασθαι
3713 3919 3990 3991 ψευδηγο-

2412 4003 2556 4074 ρίαν,
2593 4005 2667 4067 ὡς
2695 4006 2744 4057 οί
2788 4005 2881 4057 δύο
2930 4005 3291 4074 πρεσϐύτεροι
3333 4009 3476 4060 κατὰ
3515 4009 3803 4079 Σωσάννης
3830 4015 3925 4064 καὶ
3953 4015 3986 4082 ἡ

2407 4096 2683 4162 Αἰγυπτία
2739 4097 2832 4146 ἐπὶ
2865 4096 2961 4147 τοῦ
3002 4098 3224 4166 Ἰωσήφ.
3266 4099 3337 4150 Σὺ
3379 4097 3470 4150 οῦν
3502 4100 3578 4162 ὠς
3607 4099 3742 4153 Θεοῦ
3775 4102 3991 4171 ἄνθρω-

2410 4202 2508 4248 πος
2537 4188 2604 4237 τὰ
2636 4186 2858 4239 τοιαῦτα
2902 4187 2976 4257 μὴ
3043 4190 3352 4258 προχείρως
3395 4191 3724 4261 παραδέχου,
3761 4195 3855 4245 καί
3912 4195 3991 4266 μὴ

2411 4278 2605 4349 ἀνέλῃς
2646 4278 2737 4329 τὸν
2768 4277 2964 4342 ἀθῶον,
3015 4280 3108 4331 καὶ
3148 4281 3222 4349 μὴ
3254 4281 3589 4352 ἀποκτείνῃς
3632 4284 3723 4334 τὸν
3750 4276 3987 4348 δίκαιον,

2411 4367 2532 4420 οὐδὲ
2562 4368 2704 4438 λήψῃ
2737 4368 2888 4438 δῶρα
2921 4369 3097 4437 ψυχὴν
3130 4371 3388 4433 πατάξειν
3423 4375 3492 4424 τὰ
3519 4377 3625 4442 γὰρ
3651 4374 3799 4443 δῶρα
3831 4379 3992 4428 ἐκτυ-

727 4489 890 4527 sunin
917 4472 1288 4541 oppugnavit;
1312 4485 1549 4540 emnque
1575 4471 1866 4524 calumniae
1895 4476 2206 4527 convictum
2242 4489 2308 4528 eo
2340 4465 2386 4519 Ι)

2340 4465 2386 4519 1)
2421 4458 2646 4527 φλοῦσιν
2675 4461 2987 4528 ὀφθαλμοὺς
3026 4462 3205 4528 σοφῶν
3239 4464 3335 4514 καὶ
3381 4462 3728 4531 λυμαίνονται
3765 4469 3991 4534 ῥήματα

728 4567 878 4622 malo
909 4566 1180 4629 allicietis,
1215 4563 1363 4633 quod
1399 4564 1492 4617 ille
1524 4565 1681 4617 alteri
1715 4564 1940 4619 molitus
2001 4565 2142 4630 fuit;
2193 4581 2307 4618 ma-

727 4657 1087 4724 litiosumque
1116 4653 1320 4708 tolletis
1353 4667 1385 4706 ο
1423 4653 1626 4715 medio,
1657 4651 1750 4721 qui
1792 4663 2059 4720 quantum
2104 4656 2156 4707 in
2190 4656 2309 4724 ipso

727 4749 854 4812 fuit,
913 4748 1144 4801 auribus
1197 4744 1406 4815 judicia
1455 4745 1741 4812 otcupatis
1787 4746 2010 4799 fratrem
2074 4749 2310 4800 necavit.

729 4841 1008 4910 Scriptum
1042 4847 1127 4892 est
1169 4837 1316 4891 enim
1352 4855 1366 4891 :
1399 4834 1504 4903 Qui
1548 4837 1869 4906 sanguinem
1917 4837 2142 4903 fuderit,
2185 4853 2310 4893 eum

729 4933 954 5004 proprio
997 4928 1270 4997 sanguine
1302 4929 1440 4982 luat.
1467 4926 1657 4996 Neque
1681 4930 1908 4982 omnino
1937 4930 2100 4983 unius
2131 4930 2306 4982 homi-

728 5038 858 5076 num
889 5019 1262 5074 testimoniuin
1297 5027 1490 5072 contra
1518 5019 1714 5083 alium,
1757 5027 2038 5087 utcunque
2083 5019 2186 5073 fide
2232 5019 2306 5072 di-

729 5111 842 5180 gni,
870 5123 969 5178 pro
999 5115 1154 5161 certo
1180 5107 1487 5159 habendum
1517 5117 1622 5160 est.
1646 5105 1888 5159 Duorum
1919 5108 2090 5172 enim,
2131 5107 2309 5174 inquit

733 5203 1018 5262 Dominus,
1051 5206 1147 5251 aut
1179 5198 1343 5249 trium
1375 5197 1592 5250 testium
1624 5211 1719 5250 ore
1745 5197 1951 5266 qumvis
1985 5212 2074 5252 res
2106 5197 2310 5252 conﬁr-

734 5293 932 5346 manda
967 5300 1071 5344 est.
1101 5288 1260 5352 Quod
1284 5289 1328 5341 si
1356 5303 1488 5357 ergo
1514 5287 1732 5342 difficile
1747 5297 1832 5344 est
1855 5289 2076 5358 id’quod
2096 5289 2309 5358 justum

733 5388 807 5439 sit
847 5384 1112 5444 invenire,
1139 5381 1317 5434 adhuc
1340 5379 1612 5433 diflicilius
1648 5381 1929 5434 inventum
1961 5379 2123 5445 tueri,
2149 5394 2310 5435 nemo

731 5475 995 5547 judicium
1032 5473 1371 5541 praeipitare
1410 5471 1594 5526 debet.
1626 5470 1781 5526 Tunc
1819 5482 2001 5526 autem
2056 5482 2205 5525 recte
2246 5473 2309 5524 fi-

735 5584 835 5624 nes
912 5566 1144 5636 justitize
1204 5577 1519 5634 servantur,
1580 5580 1705 5621 cum
1783 5580 1963 5624 causa
2015 5565 2309 5638 judicium,

811 5747 858 5781 "
885 5745 1044 5803 Joan.
1077 5761 1169 5813 vn,
1201 5745 1288 5800 51.

2409 4551 2608 4604 δίκαια.
2663 4552 2725 4604 Εἰ
2780 4547 2873 4604 οῦν
2905 4552 3427 4621 ἀπροσωπολήπτως
3474 4556 3708 4624 κρίνετε,
3751 4555 3989 4622 ἐπιγνώ-

2414 4642 2573 4696 σεσθε
2621 4643 2714 4694 τὸν
2775 4642 3188 4712 κατηγοροῦντα
3220 4645 3363 4697 κατὰ
3402 4644 3496 4696 τοῦ
3552 4645 3780 4713 πλησίον
3820 4647 3988 4699 αὑτοῦ

2418 4737 2724 4806 μαρτυρίαν
2750 4735 2942 4804 ψευδῆ·
2981 4737 3076 4787 καὶ
3109 4737 3492 4800 ἀποδείξαντες
3522 4738 3684 4790 αὐτὸν
3722 4740 3993 4807 συκοᾳὼι-

2414 4843 2537 4894 την,
2586 4827 2847 4896 ποιήσατε
2885 4826 3035 4894 αύτῷ
3068 4825 3191 4878 καθ’
3235 4827 3294 4878 ὃν
3333 4828 3535 4895 τρόπον
3581 4829 3992 4897 ὲπονηρεύσατο

2418 4916 2644 4985 ποιῆσαι
2689 4917 2767 4985 τῷ
2811 4917 3060 4986 πλησίον,
3107 4919 3202 4969 καὶ
3241 4920 3485 4988 ὲξαρείτε
3524 4921 3615 4971 τὸν
3656 4921 3892 4988 πονηρὸν
3927 4925 3992 4974 ἐκ

2419 5012 2587 5082 μέσου
2641 5013 2814 5082 ὑμῶν.
2875 5013 3039 5064 Ὅσον
3088 5013 3197 5082 γὰρ
3241 5014 3326 5065 ἐπ’
3379 5013 3546 5083 αὐτῷ,
3587 5016 3844 5083 ἐφόνευσε
3899 5020 3992 5068 τὸν

2417 5105 2664 5174 ἀδελφὸν,
2696 5107 3126 5176 προκαταλαϐὼν
3163 5107 3233 5159 τὰ
3259 5100 3375 5160 ὦτα
3409 5107 3502 5160 τοῦ
3541 5108 3748 5176 κριτοῦ.
3785 5109 3821 5159 Γ
3825 5109 3994 5179 ἐγραο

2417 5216 2550 5252 πται
2579 5199 2707 5268 γάρ·
2726 5198 2784 5252 Ὀ
2817 5198 3022 5268 ὲκχέων
3050 5195 3189 5268 αἷμα
3213 5199 3522 5269 ἀνθρώπου.
3550 5200 3670 5252 ἀντὶ
3699 5200 3792 5250 τοῦ
3815 5201 3985 5269 αἵμα-

2417 5308 2509 5353 τος
2534 5291 2746 5344 ἐκείνου
2780 5291 3147 5360 ἐκχυθήσεται
3177 5291 3236 5343 τὸ
3265 5286 3402 5360 αἷμα
3435 5291 3623 5344 αὐτοῦ.
3663 5289 3824 5342 Ἀλλὰ
3858 5293 3992 5359 μηδὲ

2420 5379 2502 5446 εἷς
2535 5383 2925 5453 παραδεχέσθω
2966 5386 3261 5453 μαρτυρῶν
3298 5383 3438 5436 κατά
3471 5397 3636 5445 τινος,
3667 5382 3770 5434 κᾶν
3809 5380 3928 5432 λίαν

2418 5477 2752 5542 ἀξιόπιστος.
2802 5477 2923 5528 Ἐπὶ
2949 5476 3217 5545 στόματος
3246 5476 3356 5545 γὰρ
3395 5476 3488 5528 δύο
3519 5475 3551 5545 ἢ
3583 5475 3749 5544 τριῶν
3786 5477 3994 5545 μαρτύ-

2421 5585 2530 5639 ρων
2558 5569 2666 5624 πᾶν
2701 5571 2852 5641 ῥῆμα
2888 5567 3347 5639 βεϐαιωθήσεται,
3374 5563 3528 5620 εἶπεν
3579 5567 3608 5620 6
3657 5565 3892 5636 Κύριος.
3931 5567 3991 5619 Ei
