4248 6456
240 427 352 494 553

1345 417 1714 484 HISTORIA
1728 416 1890 477 llUM
1935 408 2475 475 COMPENDIUM.

3399 396 3509 465 sat

233 541 419 596 τοίνυν
444 539 508 595 τδ
532 540 635 613 μὲν
679 538 858 610 εὑρεῖν
884 541 941 594 τι.
971 538 1178 594 δίκαιον
1204 537 1387 608 ἔργον,
1410 534 1471 588 τὸ
1500 532 1557 586 δὲ
1591 532 1671 602 μὴ
1708 532 1826 584 δια-

1957 525 2141 580 udicio
2194 519 2575 594 probationes,
2606 514 3024 588 probationibus
3081 510 3381 578 sententia,
3410 508 3510 563 lia-

235 642 489 704 νοειρειν
518 631 923 704 ἐργωδέστερον
951 629 1173 684 ἐπειδάν
1207 627 1431 699 εὑρεθῇ,
1465 625 1527 678 οὐ
1553 624 1635 678 δεὶ⁹
1663 622 1824 693 tmp-

242 740 461 797 ριπτειν
510 724 705 778 ἑαυτὸν
748 740 873 775 τινα
908 720 986 791 τῷ
1023 721 1251 793 κρίνειν.
1303 718 1437 772 Τότε
1481 714 1611 786 γοῦν
1646 713 1822 784 ὀρθῶς

1933 616 2048 689 gilii
2090 614 2339 685 qualitati
2380 609 2803 682 respondentem
2841 622 3059 677 pmnam
3106 604 3358 676 infligens
3390 615 3517 657 suc-

1929 709 2095 765 Ct‘dlt.

237 791 365 894 δρος
402 820 495 891 τῆς
523 819 875 887 δικαιοσύνης
907 791 1164 884 σώζεται,
1209 817 1341 871 ὅταν
1368 819 1436 889 τῇ
1481 816 1580 885 μὲν
1606 812 1759 882 αἰτίᾳ
1790 813 1822 881 ἠ
1861 809 2063 881 κρίσις,
2103 809 2169 877 τῇ
2203 805 2258 858 δὲ
2302 804 2479 872 κρίσει
2508 803 2537 854 '5
2565 801 2806 869 ἔλεγχος.
2837 795 2914 866 τῷ
2942 795 2998 848 δῖ
3034 795 3240 865 ἐλέγχειν
3311 795 3343 863 ἦ
3409 791 3520 860 ἐπ’·

240 930 341 983 φος
382 913 416 983 ἡ
466 910 604 981 πρὸς
635 911 893 979 ποιότητα
943 908 1040 962 τοῦ
1076 909 1477 980 ἁμαρτήματος
1507 905 1605 976 τὴν
1641 900 1914 973 τιμωρίαν
1938 898 2219 971 ὁρίζουσα.

312 1004 402 1076 [Ρ.
437 1002 567 1076 ⁸390]
600 1003 796 1057 Ὶστέον
828 1002 1011 1057 τοίνυν
1036 1001 1110 1064 ὡς
1145 1002 1203 1055 ὲν
1234 1003 1299 1073 τῇ
1338 999 1551 1069 "arma
1580 997 1823 1067 Διοθὴγῃ

240 1101 374 1172 περὶ
410 1099 514 1169 τῆς
548 1097 711 1166 ἁγίας
744 1102 839 1151 καὶ
866 1095 1159 1166 όμοουσίου
1184 1097 1280 1150 καὶ
1305 1093 1573 1159 ζωοποιοῦ
1598 1090 1826 1163 Τριάδος

244 1190 529 1262 μυστικῶς
558 1190 592 1260 ἠ
618 1187 939 1243 διδασκαλία
969 1187 1439 1257 ὲγκατέσπαρται,
1486 1185 1562 1248 ὡς
1607 1183 1703 1238 καὶ
1739 1182 1831 1235 Φί-

238 1281 392 1338 λωνα
421 1282 599 1336 καίτοι
628 1298 694 1350 γε
738 1281 991 1335 Ἰουδαῖον
1031 1281 1203 1352 ἄνδρα
1245 1280 1566 1350 ὑπάρχοντα
1612 1279 1706 1332 καὶ
1736 1277 1832 1347 ζη-

240 1375 444 1445 λωτὴν,
488 1374 555 1429 δι’
597 1366 674 1428 ῶν
700 1372 1063 1427 καταλέλοιπε
1103 1373 1577 1441 συγγραμμάτων,
1613 1369 1831 1440 ἀπομά-

239 1466 438 1537 χεσθαι
471 1466 538 1534 τῇ
562 1463 741 1535 οἰκείᾳ
766 1463 1059 1536 θρησκείᾳ.
1088 1463 1412 1528 Βασανίςων
1433 1462 1542 1535 γάρ
1572 1462 1633 1515 τὺ
1675 1463 1830 1532 εἰρη-

246 1559 436 1628 μένον,
491 1556 581 1609 Ἐν
643 1557 814 1610 εἰκόνι
879 1555 1015 1610 Θεοῦ
1066 1557 1305 1628 ἐποίησα
1368 1557 1460 1610 τὸν
1518 1554 1828 1624 ἄνθρωπον,

241 1648 575 1719 ἠναγκάσθη
608 1648 716 1703 ὗπδ
745 1648 845 1717 τῆς
870 1648 1131 1719 ἀληθείας
1156 1649 1253 1702 καὶ
1283 1646 1577 1715 ἐξεϐιάσθη
1618 1646 1715 1699 καὶ
1739 1646 1829 1697 τὸν

241 1741 339 1796 τοῦ
373 1741 511 1795 Θεοῦ
534 1741 709 1809 Λόγον
753 1739 1093 1811 θεολογῆσαι.
1134 1741 1200 1793 Τί
1226 1741 1337 1809 γὰρ
1374 1740 1423 1791 εἰ
1454 1739 1548 1792 καὶ
1576 1738 1832 1810 δεύτερον

241 1834 339 1888 τὸν
390 1831 671 1886 συναῖδιον
722 1833 898 1900 Λόγον
945 1831 1024 1901 τῷ
1072 1831 1250 1902 Πατρὶ
1310 1832 1406 1885 καὶ
1457 1831 1696 1902 ἀριθμοῦ
1736 1830 1830 1885 καὶ

2005 990 2304 1046 Sciendum
2336 1002 2502 1060 porro
2527 998 2606 1043 est
2650 992 2815 1043 etiam
2853 988 2907 1042 in
2950 986 3130 1042 Veteri
3164 983 3518 1042 Testamento

1935 1085 2003 1139 dc
2030 1098 2185 1139 sacra
2210 1080 2674 1138 consubstantiali
2703 1088 2757 1135 et
2788 1080 2997 1136 viviﬁca
3019 1078 3290 1134 Trinitate
3309 1080 3521 1135 doctri-

1935 1190 2061 1229 nam
2095 1188 2299 1229 arcane
2344 1173 2650 1243 dispersam
2688 1189 2834 1239 esse,
2884 1172 3046 1244 idque
3078 1174 3213 1229 adeo
3263 1182 3323 1228 ut
3366 1173 3521 1227 Philo

1936 1268 2123 1333 etiam,
2160 1265 2614 1324 tametsiJudmus
2646 1278 2700 1322 et
2721 1266 2967 1321 Judaica:
2998 1266 3280 1337 religionis
3309 1268 3522 1323 studio-

1936 1360 2214 1422 sissimus,
2257 1359 2309 1414 in
2348 1362 2463 1416 suis
2494 1369 2675 1415 tamen
2708 1360 3121 1417 commentariis
3156 1375 3295 1430 quos
3334 1371 3524 1431 poste-

1936 1453 2087 1508 ritati
2140 1452 2359 1523 reliquit
2407 1468 2564 1509 suam
2616 1453 2792 1522 ipsius
2846 1453 3166 1524 religionem
3220 1464 3520 1525 oppugnet.

1941 1544 2266 1616 Expendens
2319 1546 2465 1601 enim
2510 1544 2642 1599 illud
2694 1544 2927 1611 dictum,
2967 1545 3046 1600 Ad
3088 1546 3382 1617 imaginem
3429 1546 3522 1601 Dei

1942 1638 2221 1693 hominem
2256 1636 2502 1703 condidi,
2535 1637 2583 1689 vi
2630 1639 2879 1694 veritatis
2907 1652 2974 1694 co
3007 1649 3092 1694 est
3118 1640 3434 1710 compulsus
3466 1649 3525 1693 ιιι

1941 1747 2050 1787 non
2085 1731 2328 1801 potuerit
2355 1747 2461 1785 non
2496 1732 2663 1785 etiam
2687 1730 2924 1786 Verbum
2962 1732 3054 1787 Dei
3093 1746 3361 1788 asserere.
3383 1732 3526 1799 Quid

1940 1825 2089 1879 enim
2127 1822 2315 1889 refert,
2356 1825 2502 1895 quod
2542 1826 2594 1878 in
2625 1841 2691 1880 eu
2722 1826 3007 1879 veritatem
3046 1842 3154 1879 non
3182 1833 3267 1881 est
3297 1841 3528 1882 assecu-

246 1927 460 1998 χρόνων
489 1926 762 1995 ἀνώτερον
802 1922 932 1976 ὄντα
966 1922 1146 1987 καλεῖ,
1187 1925 1287 1994 τῆς
1334 1922 1592 1992 ἀληθείας
1631 1923 1705 1992 μὴ
1741 1925 1834 1989 ὲφ.

1948 1924 2052 1980 lus,
2078 1918 2207 1972 dum
2238 1917 2478 1974 Verbum
2517 1919 2679 1974 l‘atre
2711 1936 2940 1975 numero
2968 1927 3021 1973 et
3057 1926 3303 1992 tempore
3340 1929 3529 1989 poste-

250 2020 610 2089 ικνοῦμενοςς
644 2019 838 2086 Ὅμως
872 2015 1083 2069 ἔννοιαν
1114 2016 1239 2086 ἔσχε
1289 2017 1381 2069 καὶ
1428 2017 1620 2086 ἐτέρου
1669 2032 1836 2084 προσ-

246 2113 421 2166 ώπου.
456 2113 571 2166 Οὐκ
602 2107 841 2164 ἐνταῦθα
863 2108 928 2180 δὴ
967 2108 1129 2179 μόνον
1152 2106 1325 2161 ἔπαθε
1347 2105 1526 2171 τοῦτο,
1563 2105 1699 2161 ἀλλά
1742 2105 1842 2160 καὶ

248 2209 312 2255 τὸ
347 2204 486 2264 Θεὸς
517 2204 610 2257 καὶ
649 2202 709 2255 τὸ
737 2201 941 2272 Κύριος
971 2197 1313 2269 ἑρμηνεῦσαι
1368 2194 1712 2267 πειρώμενος
1744 2197 1843 2264 τῆς

249 2291 696 2363 βασιλικωτάτης
726 2290 959 2361 Τριάδος
1001 2289 1213 2343 ἔννοιαν
1254 2287 1403 2358 ἔσχε.
1451 2287 1681 2340 Φάσκων
1732 2287 1841 2355 γάρ

246 2384 330 2437 δτι
355 2377 437 2446 εἷς
467 2386 619 2436 ἐστιν
644 2382 674 2433 ό
702 2382 857 2445 Θεὸς,
889 2379 953 2434 οὐ
978 2380 1114 2451 πρὸς
1134 2379 1227 2433 τὸν
1254 2377 1491 2448 ἀριθμδν
1526 2377 1840 2448 κατέδραμε

248 2479 347 2545 τῆς
378 2455 629 2544 μονάδος,
675 2473 816 2529 ἀλλὰ
854 2474 998 2544 πρδς
1053 2473 1113 2524 τὸ
1169 2472 1473 2542 μυστήριον
1532 2470 1633 2535 τῆς
1681 2468 1841 2536 ἁγίας

246 2568 481 2639 Τριάδος
529 2570 591 2623 τὸ
628 2570 736 2623 τῶν
796 2569 897 2639 μὲν
952 2567 1130 2638 πάντη
1162 2564 1456 2633 διαιρετῶν
1494 2562 1841 2633 ὲνικὼτερον,

246 2659 359 2712 τῶν
401 2660 459 2713 δὲ
492 2661 668 2725 ὅντως
732 2660 1041 2731 μοναδικῶν
1092 2657 1499 2737 ἀφθονώτερον.
1547 2656 1659 2711 Καὶ
1701 2655 1844 2709 οὕτω

247 2752 393 2805 κατά
431 2753 637 2822 κράτος
696 2751 842 2805 εἷλεν
897 2750 1066 2806 αὑτοῦ
1114 2752 1215 2824 τὴν
1254 2753 1435 2822 ψυχὴν
1482 2751 1556 2815 ὡς
1599 2753 1844 2818 ἀναγκα-

248 2844 445 2914 σθῆναι
469 2844 769 2915 διαρρήδην
801 2843 962 2899 τοῦτο
987 2846 1156 2914 φάναι
1192 2845 1288 2899 καὶ
1318 2848 1378 2898 ὲν
1411 2845 1710 2918 γράμμασι
1740 2861 1842 2897 και

246 2934 526 3005 ταλεῖψαι.
551 2934 662 2989 Δύο
692 2935 792 3005 μὲν
828 2935 939 3007 γάρ
968 2932 1091 2989 εἶπε
1124 2936 1226 3001 τὰς
1259 2935 1355 2990 τοῦ
1377 2936 1530 3000 ὄντος
1564 2936 1845 3005 δυνάμεις,

244 3019 324 3080 ὧν
364 3027 396 3098 ἠ
446 3028 545 3097 μὲν
593 3028 858 3099 ποιητικὴ
899 3028 995 3083 καὶ
1025 3029 1354 3100 εὐεργετικὴ
1393 3028 1558 3098 φύσει
1594 3028 1847 3083 καλεῖται

246 3117 405 3183 Θεὸς,
457 3121 491 3186 ἡ
524 3117 582 3170 δὲ
640 3117 898 3189 βασιλικὴ
953 3117 1051 3171 καὶ
1111 3117 1463 3189 τιμωρητικὴ
1505 3118 1750 3190 Κύριος*
1784 3121 1845 3173 οὐ

1940 2011 2056 2066 rius
2097 2011 2342 2067 scribit?
2386 2011 2554 2083 508
2606 2013 2811 2066 Saltem
2872 2013 2925 2066 in
2994 2013 3221 2067 alterius
3279 2028 3531 2082 persona:

1940 2100 2192 2155 notitiam
2231 2100 2501 2167 pervenit.
2540 2098 2732 2165 Neque
2771 2098 2905 2153 illud
2939 2098 3118 2171 ipsum
3145 2103 3532 2160 tantummodo

1944 2186 2135 2254 movit,
2169 2188 2264 2243 sed
2293 2194 2347 2244 et
2382 2191 2646 2245 vocabula
2681 2191 2823 2248 Deus
2862 2208 2929 2249 ac
2966 2196 3237 2253 Dominus
3277 2197 3542 2269 interpre~

1946 2277 2048 2330 tari
2091 2288 2325 2335 conatus
2353 2280 2719 2350 regiissimam
2755 2282 3083 2342 Trinitatem
3121 2290 3362 2359 agnovit.
3399 2292 3539 2346 (lum

1945 2371 2093 2425 enim
2142 2373 2373 2429 dixisset
2423 2390 2595 2430 unum
2643 2391 2765 2430 esse
2812 2374 3003 2436 Deum.
3040 2396 3147 2435 non
3193 2384 3259 2435 ad
3313 2384 3542 2440 unitatis

1947 2466 2383 2526 numerum.5cd
2422 2468 2486 2521 ad
2527 2467 2711 2521 sanCti
2744 2470 3011 2525 terniunis
3046 2472 3297 2543 confugit
3338 2486 3544 2547 myste-

1949 2554 2132 2615 rium;
2185 2557 2278 2625 qui
2339 2558 2405 2612 ad
2447 2560 2677 2617 unitatis
2738 2571 2992 2617 naturam
3056 2569 3281 2636 propius
3330 2571 3545 2625 accedit

1946 2662 2110 2712 quam
2147 2663 2207 2704 ea
2242 2665 2364 2720 qua:
2412 2654 2639 2708 omnino
2686 2652 2853 2708 dividi
2911 2668 3160 2725 possunt.
3213 2670 3264 2714 et
3321 2662 3546 2717 uberior

1948 2748 2132 2796 tamen
2168 2754 2250 2797 est
2283 2761 2450 2815 quam
2478 2763 2601 2817 quae
2623 2763 2852 2818 prorsus
2890 2760 3020 2805 sunt
3063 2753 3334 2810 solitaria.
3368 2753 3546 2812 Tanta

1949 2841 2136 2889 autem
2174 2835 2225 2889 vi
2261 2837 2505 2891 animum
2536 2839 2658 2906 ejus
2691 2841 2790 2895 ista
2826 2845 3099 2899 sententia
3132 2850 3443 2917 occupavit,
3486 2859 3547 2905 ut

1949 2937 2070 2977 eam
2104 2925 2283 2993 palam
2316 2928 2563 2996 profiteri
2601 2945 2666 2986 ac
2692 2934 2956 3002 scriptam
2991 2952 3211 3005 quoque
3234 2940 3548 3010 relinquere

1951 3025 2178 3072 coactus
2213 3017 2403 3074 fuerit.
2441 3017 2590 3076 Duas
2619 3025 2766 3078 enim
2808 3025 2886 3081 ait
2927 3042 3051 3083 esse
3102 3030 3223 3099 ejus
3266 3034 3412 3102 quod
3462 3047 3551 3090 est

1956 3108 2268 3177 facultates,
2322 3127 2557 3182 quarum
2598 3116 2770 3172 altera
2812 3118 3055 3176 effectrix
3085 3132 3137 3177 et
3169 3121 3413 3180 benetica
3451 3142 3551 3182 na-

247 3209 441 3280 πόρῤω
477 3208 679 3277 βαίνων
712 3209 808 3263 τοῦ
838 3209 1115 3281 φήσαντος
1135 3224 1149 3239 ⁸
1184 3210 1420 3280 Χριστὸς
1450 3208 1586 3264 Θεοῦ
1616 3208 1842 3280 δύναμις

1956 3208 2077 3256 tura
2103 3202 2249 3259 Deus
2280 3206 2610 3275 appelletur,
2634 3210 2805 3264 altera
2830 3211 2976 3278 regia
2994 3221 3049 3268 et
3073 3215 3239 3271 ultrix
3261 3216 3548 3279 Dominus.

245 3300 341 3352 καὶ
379 3298 516 3352 Θεοῦ
551 3300 713 3369 σοφία
741 3316 757 3331 ο
787 3300 1020 3368 δύναμις
1046 3302 1148 3353 οὐκ
1170 3300 1574 3369 ἀνυπόστατος,
1608 3302 1725 3355 ἀλλ’
1756 3305 1842 3355 έν-

1948 3292 2104 3359 Quod
2138 3293 2260 3362 ejus
2285 3296 2490 3351 dictum
2541 3313 2652 3353 non
2691 3303 2884 3369 procul
2923 3303 3082 3360 abest
3122 3308 3190 3363 ab
3219 3323 3287 3364 eo
3318 3311 3466 3381 quod
3494 3313 3549 3368 in

247 3393 573 3457 υπὸστατος,
610 3394 706 3445 καὶ
740 3390 1177 3461 παντοδύναμος,
1210 3394 1307 3446 καὶ
1344 3395 1709 3459 ὑποστάσεως
1739 3396 1835 3466 δη-

249 3482 538 3552 μιουργὸς,
596 3484 693 3537 καὶ
748 3482 1032 3555 ίσοσθενὴς
1065 3484 1278 3539 ἐκείνου
1323 3479 1387 3539 οὗ
1433 3485 1667 3557 δύναμίς
1696 3493 1836 3542 ἐστι.

246 3574 358 3627 Καὶ
385 3573 552 3626 πάλιν
593 3577 622 3628 ό
666 3574 832 3638 αὐτὸς
864 3575 1041 3629 Φίλων
1101 3577 1230 3647 περί
1269 3575 1407 3631 Θεοῦ
1441 3576 1737 3649 θεάματος,
1777 3573 1840 3635 οὗ

246 3664 354 3720 εἶδε
418 3667 665 3736 Μωῦσῆς
711 3668 768 3720 ὲν
800 3670 867 3737 τῇ
927 3666 1098 3738 βάτῳ,
1127 3669 1423 3741 έκφράζων
1476 3672 1580 3742 ἔφη
1603 3690 1614 3702 ο
1646 3671 1840 3738 Θὲαμα

247 3759 789 3827 ἐκπληκτικώτατον.
825 3756 958 3815 Εἶτα
990 3763 1092 3833 ὁρᾷ
1130 3764 1250 3833 μετ’
1273 3763 1458 3832 ὀλίγον
1503 3764 1641 3817 κατὰ
1674 3767 1842 3834 μέσον

244 3851 346 3917 τῆς
378 3850 578 3918 φλογὸς
636 3855 853 3922 μορφήν
889 3870 1013 3907 τινα
1045 3855 1554 3926 περικαλλεστάτην
1574 3898 1589 3921 ,
1623 3857 1841 3928 ἐμφερῆ

243 3941 423 3993 οὐδενὶ
446 3941 556 3994 τῶν
598 3944 832 4013 ὁρατῶν,
879 3944 1288 3999 θεοειδέστατον
1313 3947 1561 4019 ἄγαλμα,
1597 3948 1714 4018 φῶς
1743 3950 1844 4004 αὺ-

244 4032 622 4104 γοειόέστερον
651 4034 747 4087 τοῦ
786 4037 957 4107 πυρὸς
988 4038 1518 4109 ἀπαστράπτουσαν·
1545 4040 1613 4112 ἢν
1636 4034 1735 4097 ἐάν
1756 4059 1843 4106 τις

245 4125 598 4195 ὑπετόπησεν
625 4129 812 4182 εἰκόνα
847 4130 944 4183 τοῦ
1001 4130 1156 4194 δντος
1186 4128 1352 4199 εἶναι,
1388 4132 1572 4197 καλῶς
1608 4135 1838 4206 ὑπείλη-

246 4233 370 4285 φεν.
424 4218 491 4272 Εἰ
547 4218 604 4271 δέ
624 4237 709 4285 τις
760 4221 890 4292 περὶ
938 4222 1039 4292 τῆς
1093 4223 1306 4286 εἰκόνος
1339 4224 1589 4296 ἀκριϐῶς
1644 4225 1842 4296 μαθεῖν

249 4307 529 4379 βούλεται,
551 4311 799 4365 ἀκουέτω
833 4312 1049 4366 Παύλου
1084 4314 1341 4383 λέγοντος
1376 4316 1509 4386 περὶ
1542 4316 1637 4370 τοῦ
1679 4318 1835 4372 Υἰοῦ·

254 4416 275 4450 ε
307 4397 407 4460 Ὃς
438 4399 591 4452 ἑστιν
620 4400 789 4455 εἰκὼν
819 4403 916 4456 τοῦ
952 4402 1091 4456 Θεοῦ
1142 4404 1238 4458 τοῦ
1270 4404 1527 4477 ἀοράτου.
1558 4425 1577 4458 ι
1630 4407 1840 4462 Οὐκοῦν

248 4487 508 4552 κακεῖνος
537 4488 820 4560 θεολογίας
864 4491 1149 4562 ὁρθοδόξου
1179 4492 1435 4550 ἅπτεται.
1464 4496 1558 4567 Μὴ
1587 4496 1698 4569 γάρ
1741 4498 1841 4569 τὴν

246 4580 541 4649 άκρίδειαν
573 4581 725 4651 ζήτει
759 4585 911 4654 παρὰ
942 4585 1035 4639 τοῦ
1065 4586 1389 4655 δυνηθέντος
1416 4588 1555 4652 ὅλως
1586 4589 1673 4645 διὰ
1718 4590 1843 4645 σύν-

1947 3383 2238 3453 Scriptura
2285 3384 2547 3443 Christus
2597 3387 2692 3446 Dei
2744 3395 2989 3462 putentia
3036 3406 3091 3453 et
3135 3400 3409 3470 sapientia
3452 3403 3551 3459 Dei

1944 3475 2167 3539 dicitur,
2219 3479 2465 3545 potentia
2501 3479 2717 3537 scilicet
2752 3500 2851 3540 seu
2896 3485 3133 3544 facultas
3177 3508 3288 3548 non
3343 3510 3540 3553 carens

1946 3567 2286 3635 substantia,
2321 3570 2418 3625 sed
2445 3571 2859 3643 substantialis,
2917 3581 3273 3652 omnipotens
3314 3600 3378 3640 ac
3416 3591 3550 3644 sub-

1946 3662 2277 3716 stantiarum
2320 3661 2570 3720 effectrix
2597 3707 2613 3734 ,
2644 3666 3006 3740 ejusdemque
3033 3687 3157 3729 cum
3190 3690 3258 3731 eo
3288 3683 3550 3747 potentiae

1947 3756 2107 3822 Cujus
2158 3763 2242 3810 est
2303 3754 2555 3814 facultas.
2609 3756 2828 3817 Rursus
2870 3763 3013 3819 idem
3049 3764 3209 3824 Philo
3253 3782 3550 3839 spectacu-

1948 3849 2059 3902 lu.n
2077 3850 2362 3918 explicans
2378 3852 2525 3920 quod
2550 3852 2605 3906 in
2628 3857 2768 3910 rubo
2792 3855 2972 3913 Moses
2988 3859 3145 3926 vidit,
3170 3862 3245 3915 ita
3266 3865 3539 3935 loquitur:

1950 3939 2337 4006 Spectaculum
2386 3940 2521 3996 vidit
2564 3960 2729 4012 quam
2774 3949 3011 4004 maxime
3050 3954 3316 4008 terribile.
3358 3958 3549 4012 Cernit

1948 4030 2111 4098 paulo
2139 4041 2263 4100 past
2290 4033 2341 4084 in
2365 4030 2543 4087 medio
2560 4030 2794 4090 ﬂammae
2810 4040 3102 4105 quamdam
3124 4045 3334 4112 pulcher
3350 4052 3548 4105 rimam

1948 4122 2184 4173 turmam
2209 4162 2223 4187 ,
2261 4122 2469 4177 nullius
2510 4123 2743 4181 visibilis
2778 4129 2854 4182 rei
2886 4129 3148 4197 similem,
3185 4135 3545 4193 simulacrum

1947 4209 2151 4265 divinae
2184 4212 2389 4281 speciei
2420 4212 2722 4270 admodum
2747 4219 3054 4286 cuntorme,
3085 4223 3259 4279 lucem
3278 4228 3547 4284 nimirum

1949 4306 2212 4374 qumipsa
2244 4304 2462 4360 ﬂainma
2496 4305 2840 4377 splendidius
2881 4311 3177 4385 efl'ulgcbat
3223 4335 3238 4383 ;
3285 4336 3449 4390 quam
3496 4323 3547 4381 si

1950 4399 2075 4466 quis
2102 4398 2399 4469 imaginem
2428 4400 2549 4468 ejus
2568 4402 2661 4471 qui
2693 4412 2779 4459 est
2803 4404 3127 4474 arbitretur,
3160 4411 3207 4466 is
3230 4426 3378 4470 recte
3396 4414 3546 4485 judi-

1947 4491 2175 4546 cavcrit.
2216 4490 2330 4557 Qua
2362 4492 2431 4547 de
2459 4492 2697 4571 imagine
2730 4496 2776 4551 si
2809 4499 2935 4569 quis
2969 4509 3162 4556 exacte
3191 4505 3307 4559 vult
3336 4521 3544 4578 cogno-

1954 4596 2130 4647 scere,
2186 4583 2232 4638 is
2267 4583 2458 4639 audiat
2501 4584 2732 4643 Paulum
2770 4589 2853 4644 sic
2884 4592 2950 4647 de
2991 4591 3132 4649 Filio
3182 4595 3539 4667 loquentem:

248 4687 365 4725 εσιν
388 4670 664 4745 εἰλικρινῆ
690 4675 1063 4730 κατοπτεῦσαι
1092 4678 1192 4747 τὴν
1225 4678 1487 4748 ἀλήθειαν
1513 4681 1607 4733 καὶ
1638 4684 1703 4752 τῇ
1740 4681 1842 4754 ἰδίᾳ

1960 4692 1976 4724 ι
2005 4673 2107 4740 Qui
2129 4684 2213 4730 est
2232 4676 2524 4733 invisibilis
2543 4677 2637 4733 Dei
2666 4681 2847 4751 imago
2865 4683 2931 4735 ’°.
2960 4702 2981 4735 ι
3023 4684 3206 4756 Neque

249 4760 521 4836 θρησκείᾳ
572 4764 980 4837 ἀπομάχεσθαι.
1019 4767 1162 4822 Ἀλλ’
1195 4770 1376 4823 έκεῖνο
1405 4772 1597 4851 ἐννόει,
1636 4773 1718 4826 ὅτι
1764 4775 1842 4836 εἰς

1950 4764 2111 4822 Philo
2143 4770 2360 4824 veracis
2401 4770 2690 4841 theologia:
2714 4773 2935 4828 decreta
2960 4789 3254 4833 assecutus
3284 4793 3368 4836 est
3399 4799 3415 4849 ;
3441 4798 3542 4838 ne-

253 4854 312 4906 ’ἐν
361 4860 661 4925 πρόσωπον
693 4860 755 4911 οὐ
810 4858 1127 4913 συνέκλεισε
1179 4862 1279 4930 τὴν
1317 4862 1621 4932 θεολογίαν,
1674 4865 1748 4928 ὼς
1791 4866 1839 4916 οἱ

1948 4875 2050 4929 que
2087 4870 2172 4915 i-st
2206 4876 2306 4915 cur
2339 4861 2411 4916 ab
2446 4877 2513 4917 eo
2554 4874 2767 4918 tantam
2818 4867 3219 4937 perfectionem
3259 4876 3535 4942 requiras,

249 4948 570 5001 ἀπαίδευτοι
604 4951 697 5002 καὶ
718 4949 1042 5021 κακόσχολοι
1073 4951 1181 5003 τῶν
1225 4952 1495 5007 Ἰουδαίων
1526 4956 1843 5026 καθηγηταί

256 5038 529 5108 προλήψει
564 5042 672 5095 τινὶ
725 5041 1089 5112 κατεχόμενοι
1130 5043 1574 5114 δογματίζουσιν.
1613 5048 1729 5100 Οὐκ
1779 5049 1841 5100 ὲκ

248 5126 456 5182 τούτων
487 5129 546 5183 δὲ
580 5131 760 5195 μόνων
803 5131 1276 5203 πληκτικωτάτων
1324 5133 1496 5189 ὄντων
1524 5134 1604 5197 είς
1635 5135 1845 5207 ταύτην

252 5221 525 5292 προήχθη,
553 5222 630 5286 ὥς
660 5239 725 5291 γε
755 5223 1021 5295 ἡγοῦμαι,
1052 5225 1150 5297 τὴν
1182 5225 1393 5281 ἔννοιαν
1414 5266 1429 5293 ,
1462 5226 1601 5281 ἀλλὰ
1632 5229 1730 5282 καὶ
1779 5231 1843 5282 ἑκ

249 5313 402 5367 τοῦοι
427 5316 757 5386 Ποιήσωμεν
784 5315 1075 5388 ἄνθρωπον
1096 5320 1216 5372 κατ’
1236 5320 1422 5374 εἰκόνα
1444 5319 1722 5390 ἡμετέραν
1747 5321 1843 5374 καὶ

251 5406 374 5459 καθ’
399 5407 693 5477 ὁμοίωσιν·
742 5428 761 5461 ι
793 5411 885 5463 καὶ
913 5411 979 5462 έκ
1007 5410 1127 5475 τοῦ,
1166 5428 1186 5462 ι
1214 5410 1445 5483 Ἔδρεξε
1474 5410 1677 5482 Κύριος
1728 5412 1841 5484 πῦρ

252 5500 401 5569 παρὰ
418 5499 629 5570 Κυρίου
652 5519 665 5532 ·
686 5520 707 5553 ι
730 5502 829 5555 καὶ
843 5502 909 5555 ὲκ
933 5500 1082 5568 τοῦ,«
1105 5498 1270 5557 Εἶπεν
1288 5506 1316 5557 ὁ
1336 5502 1541 5575 Κύριος
1554 5501 1631 5571 τῷ
1648 5504 1840 5575 Κυρίῳ

257 5608 378 5660 μου,
404 5591 589 5646 Κάθου
614 5592 677 5644 ἐκ
693 5592 887 5659 δεξιῶν
906 5612 1032 5663 μου,
1061 5613 1080 5646 ι
1112 5595 1210 5648 καὶ
1226 5597 1288 5649 έκ
1308 5592 1396 5669 [Ρ.
1418 5594 1547 5667 29η
1565 5594 1659 5650 τοῦ
1682 5596 1839 5651 ι”υτι

254 5681 311 5734 ἑν
340 5682 423 5735 σοὶ
452 5682 483 5735 ὀ
506 5681 660 5747 Θεὸς,
692 5684 788 5737 καὶ
821 5686 885 5738 σὺ
915 5681 968 5740 εἷ
996 5687 1024 5739 ό
1044 5685 1197 5749 Θεός.
1228 5705 1247 5738 ι
1284 5687 1424 5753 Τοὺς
1447 5686 1556 5760 γάρ
1580 5686 1839 5758 λέγοντας

322 5868 369 5900 ³⁸*
396 5868 615 5926 Coloss.
643 5883 683 5931 ι,
718 5866 805 5922 15.

571 5964 841 6026 ΡΑτιιοι..
872 5963 988 6024 Gn.
1027 5962 1259 6026 CXXI.

1947 4961 2004 5006 ut
2031 4962 2188 5022 putes
2218 4968 2342 5007 cum
2387 4954 2606 5010 sincera
2641 4956 3007 5029 intelligentia
3040 4965 3356 5031 perspicere
3396 4981 3542 5021 veri—

1946 5049 2115 5098 tatem
2166 5045 2418 5114 potuisse
2464 5057 2519 5101 et
2562 5063 2718 5104 suam
2765 5050 3086 5122 religionem
3133 5055 3394 5122 abjicere.
3432 5058 3541 5114 Srd

1955 5132 2056 5187 hoc
2085 5134 2401 5201 considera,
2438 5137 2583 5206 quod
2611 5136 3045 5208 disputationem
3077 5143 3145 5199 de
3179 5144 3290 5199 Deo
3330 5163 3437 5201 non
3468 5151 3538 5203 ad

1954 5225 2171 5280 urticam
2202 5227 2465 5282 astrinxit
2492 5244 2812 5298 personam,
2851 5232 2997 5290 sicut
3029 5236 3237 5290 indocti
3290 5254 3355 5292 ac
3396 5242 3542 5296 male

1949 5317 2128 5374 feriati
2151 5318 2468 5375 Judacorum
2499 5323 2752 5393 magistri
2790 5324 3019 5389 faciunt,
3060 5342 3090 5382 a
3118 5331 3425 5399 majoribus
3444 5348 3544 5404 per

1952 5426 2152 5467 manus
2192 5413 2449 5467 traditam
2487 5415 2801 5485 opinionem
2851 5428 3151 5478 sectantes.
3198 5421 3386 5493 Neque
3427 5431 3545 5482 tunc

1950 5520 2052 5575 ego
2081 5514 2314 5571 tantum,
2330 5522 2648 5578 quanquam
2670 5509 2969 5579 plurimum
2988 5512 3227 5569 habeant
3253 5517 3543 5584 momenti,

1950 5610 2151 5652 censeo
2190 5595 2402 5651 Philoni
2435 5613 2660 5654 causam
2684 5600 2757 5653 ita
2788 5602 3062 5658 sentiendi
3089 5608 3413 5675 prmbuzsse,
3441 5609 3542 5665 scd

1950 5694 2118 5749 etiam
2138 5692 2252 5750 haec
2280 5710 2293 5748 :
2328 5712 2346 5745 ε
2371 5690 2666 5752 Faciamus
2684 5694 2962 5753 hominem
2983 5698 3052 5754 ad
3073 5699 3370 5770 imaginem
3387 5710 3443 5757 et
3463 5703 3543 5759 si-

3155 5979 3225 6039 18
