4248 6456
279 425 383 492 557

1370 418 1914 480 HISTORIARUM
1941 418 2091 479 COM
2105 419 2481 482 PENDIUM.

3421 424 3529 486 558

279 550 507 603 γνυντμι
563 531 611 585 οἱ
664 530 725 585 to
783 530 967 602 μεῖζον
1000 531 1093 586 καὶ
1122 531 1345 586 ἔλαττον
1391 532 1484 584 ἐπὶ
1513 530 1608 585 τοῦ
1640 532 1854 601 Πατρδς
1889 539 1926 593 Λ

1889 539 1926 593 Α
1960 532 2126 587 homo
2175 533 2278 589 fuit
2326 533 2580 590 Christus
2630 533 2682 586 in
2739 548 2902 590 carne
2947 533 3173 604 degens,
3216 533 3310 590 sed
3351 536 3531 605 potius

279 625 378 678 καὶ
401 623 496 677 τοῦ
516 620 644 677 Υίοῦ
676 623 1081 694 συγκρίνοντες,
1120 621 1460 694 ὲτεροούσιον
1485 623 1574 674 τὸν
1604 622 1732 675 Υἰὺν
1759 621 1853 676 τοῦ

283 715 497 785 Πατρδς
519 715 610 768 καὶ
641 715 894 783 ἀνόμοιον
919 700 1362 782 δογματίζοντες.
1401 714 1476 766 οὐ
1513 716 1620 782 γὰρ
1653 715 1852 779 ἴσασιν,

279 807 356 870 ὼς
383 807 580 862 ἔοικεν.
602 806 683 860 ὅτι
719 807 902 875 μεῖζον
925 807 1018 859 καὶ
1045 805 1267 858 ἔλαττον
1301 805 1392 856 ἐπὶ
1417 804 1526 856 τῶν
1554 807 1718 872 ὀμοου
1730 804 1856 856 σίων

281 899 528 965 ζητεῖται
556 915 648 953 και
691 899 954 967 κρίνεται,
989 898 1063 961 ὡς
1105 897 1391 966 ἄνθρωπος
1419 897 1710 962 ἀνθρώπου
1741 897 1859 965 μείο

281 989 391 1053 ξων
422 991 514 1044 καὶ
545 990 670 1060 βοῦς
702 990 823 1060 βοὸς
859 991 951 1043 καὶ
984 990 1148 1052 ἵππος
1177 989 1367 1054 ἵππου,
1404 991 1495 1042 καὶ
1523 987 1859 1054 ἁπαξαπλῶς

281 1085 312 1136 ὁ
354 1083 536 1136 κανὼν
569 1084 670 1152 τῆς
721 1083 1070 1154 συγκρίσεως
1116 1083 1227 1142 τοῖς
1257 1082 1575 1151 ὁμογενέσιν
1607 1080 1856 1148 ἁρμόζει.

291 1174 352 1227 Ὀ
381 1174 562 1228 τοίνυν
593 1174 662 1227 τὰ
687 1173 784 1227 τοῦ
815 1173 948 1227 Θεοῦ
988 1171 1279 1243 τολμηρῶς
1330 1189 1393 1224 πε
1408 1172 1856 1242 ριεργαζόμενος,

281 1265 380 1318 καὶ
432 1265 656 1335 μείζονα
706 1265 881 1333 λέγων
912 1264 1006 1318 τοῦ
1039 1264 1168 1318 Υίοῦ
1200 1264 1292 1318 τὸν
1325 1263 1564 1334 Πατέρα,
1605 1263 1705 1332 τὴν
1732 1260 1860 1329 σύγ-

283 1372 470 1422 κρισιν
500 1355 576 1418 ὡς
605 1356 893 1423 ὁμοούσιον
949 1356 1256 1426 προσίεται,
1311 1355 1415 1408 κᾶν
1451 1355 1524 1422 μὴ
1576 1352 1862 1423 βούληταιι

281 1448 600 1514 ὲτεροούσια
633 1449 742 1516 γὰρ
794 1447 1046 1519 ἀλλήλοις
1080 1447 1471 1517 συγκρίνεσθαι
1511 1448 1574 1499 οὐ
1611 1447 1860 1510 δύναται,

281 1538 407 1592 οὔτε
451 1539 672 1606 λέγεται
704 1540 909 1606 μείζων
947 1539 1235 1610 ἄνθρωπος
1289 1539 1409 1608 βοὸς
1447 1541 1480 1608 ἣ
1520 1539 1722 1609 μείζων
1771 1538 1864 1591 ἄν·

282 1629 502 1698 θρωπος
541 1631 788 1700 καμήλου
852 1630 885 1701 ἢ
945 1631 1148 1700 μείζων
1200 1631 1488 1700 ἄνθρωπος
1548 1630 1748 1699 ἰχθύος.
1783 1630 1864 1682 Τὰ

287 1721 475 1788 μέντοι
534 1737 597 1788 γε
651 1722 742 1774 τὸν
779 1721 954 1775 ὲνικδν
993 1723 1231 1791 ἀριθμὸν
1269 1721 1673 1791 ὑπερϐαίνοντα
1711 1721 1768 1773 ὲν
1796 1723 1861 1790 τῇ

283 1810 405 1880 θείᾳ
448 1811 638 1880 Γραιρῇ
670 1813 768 1882 τῆς
805 1811 916 1864 τῶν
952 1812 1304 1866 ὑποστάσεων
1329 1814 1594 1881 διαφορᾶς
1629 1813 1734 1864 εἰσι
1759 1827 1863 1865 πα-

287 1903 609 1970 ραστατικά,
647 1904 715 1955 τὰ
734 1903 788 1956 δὲ
814 1903 1009 1967 ἑνικῶς
1038 1903 1436 1974 ἐξενηνεγμένα
1477 1903 1574 1972 τῆς
1602 1904 1864 1974 ταυτότη-

283 2008 378 2053 τος
408 1992 504 2059 τῆς
537 1992 775 2059 φύσεως.
807 1991 887 2045 Τά
925 1992 1023 2062 μὲν
1049 1995 1158 2062 γὰρ
1187 1993 1425 2062 εἴρηται,
1461 1991 1548 2044 ἵνα
1576 1989 1864 2052 Σασὲλλιος

283 2083 381 2134 καὶ
427 2082 668 2135 Ἰουδαῖοι
713 2083 1166 2154 ὲπιστομισθῶσι,
1193 2084 1260 2136 τὰ
1291 2083 1367 2146 δὲ,
1415 2084 1499 2136 ἵνα
1529 2085 1590 2136 Ἀ
1603 2100 1746 2152 ρειος
1775 2081 1865 2134 καὶ

287 2173 550 2241 Εὑνόμιος
593 2175 685 2226 καὶ
717 2175 978 2244 Ἓλληνες
1017 2174 1463 2244 στηλιτευθῶσιν.
1498 2178 1559 2226 Οἱ
1591 2175 1698 2244 γὰρ
1725 2173 1865 2226 πλα-

283 2265 536 2329 τύνοντες
580 2268 678 2335 μὲν
711 2267 790 2329 εἰς
827 2267 923 2336 τὴν
960 2266 1124 2334 ἁγίαν
1153 2266 1360 2336 Τριάδα
1397 2266 1488 2319 τὸν
1518 2268 1626 2320 τῶν
1670 2267 1867 2336 ίδιοτή-

285 2377 392 2410 των
422 2358 679 2428 ἀριθμὸν,
703 2359 1082 2420 συστέλλοντες
1110 2358 1165 2411 δὲ
1185 2360 1265 2422 είς
1301 2360 1430 2428 μίαν
1461 2361 1671 2420 οὐσίαν,
1707 2359 1866 2428 ὀρθό-

285 2467 426 2502 τατα
457 2449 843 2518 δογματίζουσι
869 2453 962 2504 καὶ
1003 2456 1121 2515 ταῖς
1150 2453 1258 2506 τῶν
1287 2453 1556 2522 οὐρανίων
1595 2451 1864 2522 χρησμῶν

287 2543 512 2595 ἕπονται
531 2543 925 2610 διδασκαλίαις,
949 2545 1085 2613 μήτε
1118 2547 1194 2609 είς
1225 2545 1513 2600 πολυθεῖαν
1533 2546 1620 2598 διὰ
1653 2545 1749 2614 τὴν
1770 2547 1866 2611 τῆς

286 2633 504 2702 φύσεως
529 2633 791 2704 διαφορὰν
822 2637 1206 2700 ἐκπίπτοντες,
1241 2637 1377 2706 μήτε
1421 2639 1501 2698 εἰς
1553 2636 1864 2704 ἱουδαῖσμὸν

288 2727 375 2779 διὰ
403 2726 500 2795 τὴν
526 2726 619 2778 τοῦ
663 2728 783 2787 ἑνὸς
827 2727 1123 2796 προσώπου
1156 2727 1413 2781 σύστασιν
1441 2727 1861 2788 ὀλισθαίνοντες.

287 2818 414 2877 Πῶς
447 2818 504 2870 δὲ
527 2820 628 2871 οὐκ
661 2821 956 2889 ἐρυθριῶσι
989 2821 1248 2884 κτίσματι
1306 2818 1738 2890 προσκυνοῦντες
1771 2818 1867 2870 καὶ

284 2915 404 2973 ταῖς
426 2910 638 2963 ἑαυτῶν
670 2911 967 2980 μαχόμενοι
995 2910 1232 2981 ψήφοιςς
1269 2909 1727 2978 Ἀπαγορεύοντες
1758 2908 1867 2977 γὰρ

287 3006 349 3057 τι
412 3007 486 3073 μὴ
536 3007 602 3072 τῇ
635 3004 810 3056 κτίσει
866 3005 1189 3074 προσκυνεῖν
1244 3003 1316 3064 ὡς
1359 3001 1687 3071 Ἑλληνικὸν,
1718 3002 1869 3054 αὐτοὶ

287 3096 449 3150 τοῦτο
470 3095 707 3166 δρῶντες
729 3097 955 3159 ἑαυτοὺς
971 3094 1315 3150 λανθάνουσι.
1347 3095 1466 3162 Χρὴ
1495 3094 1554 3146 δὲ
1582 3095 1676 3145 καὶ
1704 3091 1864 3144 τοῦτο

289 3188 509 3251 εἰδέναι,
532 3188 608 3249 ὡς
637 3188 698 3240 οὑ
725 3187 794 3240 τὰ
816 3186 956 3239 αὐτὰ
985 3187 1228 3254 ὀνόματα
1267 3184 1484 3247 πάντως
1518 3183 1700 3237 καὶτὰ
1731 3183 1868 3235 αὐτὰ

1961 622 2104 678 Deus
2136 639 2202 678 ex
2251 632 2484 693 utraque
2527 629 2722 678 natura
2771 638 2916 679 unus
2955 623 3164 678 exstitit
3213 620 3392 677 Filius
3441 620 3530 676 Dei

1960 710 2128 775 Deus,
2180 723 2374 766 natura
2426 727 2608 767 rerum
2666 721 2973 766 crcatarunt
3030 713 3303 782 superior,
3352 713 3436 768 vel
3487 715 3534 767 si

1961 810 2288 873 rumpantur
2311 803 2404 872 qui
2435 801 2646 857 Patrem
2678 819 2802 858 cum
2837 802 2975 858 Filio
3001 804 3214 859 ratione
3238 805 3467 874 majoris
3483 813 3534 859 et

1963 897 2193 950 minoris
2238 906 2621 965 comparantes
2657 896 2887 950 diversa:
2944 895 3270 952 substantia:
3312 912 3339 949 a
3375 897 3537 952 Patre.

1961 981 2158 1038 Filium
2215 984 2373 1053 eique
2412 983 2735 1038 dissimilem
2784 991 3051 1039 statuunt.
3113 982 3265 1049 Quos
3311 993 3538 1052 apparet

1961 1091 2072 1130 non
2115 1073 2586 1139 animadvertisse,
2616 1076 2762 1145 quod
2805 1076 2981 1144 majus
3026 1086 3081 1132 et
3119 1076 3304 1132 minus
3325 1083 3537 1130 tantum

1965 1166 2017 1220 in
2069 1165 2156 1221 his
2196 1177 2519 1234 qumruntur
2541 1178 2594 1221 et
2619 1166 2934 1236 judicantur
2961 1184 3082 1238 qua;
3113 1169 3359 1238 ejusdem
3408 1175 3541 1223 sunt

1965 1269 2198 1323 naturze,
2236 1267 2295 1313 ut
2333 1259 2492 1313 homo
2526 1261 2746 1314 homine
2782 1260 2960 1328 major
2991 1260 3228 1330 itemque
3264 1263 3400 1316 bove
3440 1260 3539 1313 bos

1963 1363 2018 1407 ct
2049 1368 2224 1422 equus
2249 1366 2391 1420 equo
2431 1351 2634 1406 dicitur
2668 1369 2682 1417 ;
2716 1355 3050 1424 omninoque
3077 1355 3262 1423 regula
3289 1368 3352 1408 ea
3388 1368 3535 1406 com-

1965 1446 2190 1514 parandi
2213 1447 2266 1499 in
2294 1448 2362 1500 iis
2389 1447 2564 1501 locum
2599 1448 2760 1501 habet
2794 1463 2914 1516 qua:
2944 1458 3073 1503 sunt
3098 1447 3342 1518 ejusdem
3377 1463 3541 1516 gene-

1967 1538 2062 1589 ris.
2095 1536 2196 1601 Qui
2229 1551 2360 1603 ergo
2381 1537 2570 1591 audaci
2608 1538 2931 1592 curiositate
2956 1539 3122 1592 Deum
3155 1539 3368 1592 Patrem
3406 1536 3543 1590 Filia

1968 1628 2231 1692 Illilerelll
2279 1626 2430 1689 dicit,
2468 1627 2514 1680 is
2559 1629 2763 1682 invitus
2800 1629 2966 1683 etiam
3006 1630 3252 1683 eamdem
3289 1643 3543 1684 naturam

1970 1715 2254 1782 utriusque
2285 1716 2539 1769 admittit.
2589 1716 2721 1781 Quae
2751 1718 2895 1770 enim
2932 1727 3124 1771 natura
3170 1717 3447 1780 diﬂ‘erunt,
3479 1734 3543 1770 ea

1968 1807 2277 1874 Comparari
2315 1823 2420 1862 non
2450 1818 2716 1876 possunt;
2752 1825 2928 1878 neque
2955 1810 3118 1863 homo
3144 1811 3299 1872 bore,
3332 1810 3545 1862 camelo

1969 1909 2060 1951 aut
2081 1898 2231 1968 pisce
2259 1899 2431 1968 major
2465 1900 2685 1956 dicitur.
2715 1900 2857 1956 Sane
2881 1916 2997 1969 quae
3030 1902 3082 1954 in
3112 1903 3288 1957 sacris
3321 1900 3547 1955 Litteris

1967 1991 2036 2045 de
2069 1989 2178 2046 Deo
2214 2006 2378 2062 supra
2406 1993 2736 2063 singularem
2766 2008 3050 2047 numerum
3085 1995 3366 2058 dicuntur,
3392 1992 3543 2047 eaad

1970 2097 2341 2152 personarum
2365 2085 2688 2140 discrimina
2709 2086 3066 2140 monstranda
3087 2086 3293 2138 faciunt
3318 2103 3331 2140 :
3361 2088 3548 2154 singu-

1971 2171 2069 2224 lari
2101 2187 2331 2226 numcro
2372 2172 2531 2228 ell'ata
2576 2174 2838 2229 unitatem
2883 2183 3091 2244 natura:
3117 2175 3340 2230 docent.
3370 2176 3548 2246 Atque

1969 2264 2058 2317 illa
2081 2264 2240 2335 512
2269 2267 2512 2335 quidem,
2558 2276 2616 2320 ιιι
2665 2267 2901 2322 Sabellio
2941 2278 2994 2323 et
3035 2268 3237 2324 Judaeis
3266 2284 3361 2323 ora
3383 2269 3550 2323 obtu-

1970 2356 2078 2409 rari
2113 2366 2359 2426 possent,
2382 2359 2527 2413 dicta
2556 2367 2720 2425 sunt;
2753 2359 2889 2421 lure.
2909 2367 2974 2413 ut
3002 2361 3186 2427 Arius,
3223 2361 3546 2425 Eunomius,

1967 2451 2020 2498 et
2040 2441 2212 2499 Graeci
2228 2455 2572 2501 notarentur.
2594 2446 2696 2513 Qui
2718 2463 2846 2502 vero
2867 2457 3114 2504 sanctam
3138 2448 3462 2506 Trinitatem
3489 2453 3545 2504 in

1971 2550 2325 2605 personarum
2391 2539 2693 2593 ternarium
2739 2540 3062 2606 extendunt,
3107 2542 3181 2596 ita
3236 2553 3294 2598 ut
3339 2541 3438 2599 bas
3491 2543 3548 2598 in

1973 2643 2132 2680 unam
2171 2629 2525 2699 compingant
2557 2638 2833 2696 naturam,
2871 2633 2904 2685 ii
2939 2634 3246 2690 rectissime
3278 2636 3546 2700 sentiunt,

1969 2721 2389 2788 corlestiutnque
2421 2723 2806 2776 auctoritatem
2839 2727 3187 2780 oraculorum
3218 2737 3546 2796 sequuntur,

1970 2824 2032 2862 ac
2087 2824 2266 2878 neque
2328 2802 2844 2867 ad‘multitudinetu
2912 2815 3142 2868 deorum
3204 2815 3548 2871 statuendam

1970 2899 2285 2954 diversitate
2332 2910 2652 2956 naturarum
2713 2904 2945 2958 conticta
2991 2905 3323 2976 adiguntur.
3372 2923 3550 2979 neque

1971 2991 2133 3046 unius
2170 3007 2413 3060 personae
2438 3003 2747 3050 counnento
2782 2997 2836 3049 in
2875 2995 3219 3053 Judaismutn
3258 2999 3553 3068 prolabun-

1972 3093 2078 3134 tur.
2138 3082 2424 3148 Quomodo
2484 3097 2663 3138 antem
2726 3102 2832 3139 non
2888 3092 3222 3143 erubescunt
3286 3089 3548 3153 haeretici,

1971 3185 2275 3228 creaturam
2295 3176 2588 3231 adorantes
2617 3179 2833 3248 sibique
2857 3180 2990 3248 ipsis
3010 3180 3347 3249 rel‘ragnntes
3373 3181 3396 3235 ’ί
3420 3197 3550 3239 cum

293 3278 491 3348 μηνύει
523 3278 856 3347 πράγματα,
890 3275 1014 3328 οὔτε
1048 3278 1082 3345 ἡ
1116 3276 1405 3343 ὁμωνυμία
1443 3274 1784 3343 συνωνυμίαν
1809 3277 1871 3326 ὲκ
1901 3255 1944 3314 C

1901 3255 1944 3314 C
1979 3267 2122 3321 enim
2147 3275 2646 3324 vetetttcreaturam
2671 3270 2920 3335 adorare,
2937 3270 3549 3343 Gra'canicumquippe,

290 3373 493 3433 παντὸς
533 3369 740 3439 τρόπου
783 3367 1057 3437 ἐμφαίνει.
1122 3365 1247 3420 Ἐπὶ
1296 3366 1395 3436 μὲν
1436 3366 1543 3434 γάρ
1594 3365 1687 3417 τοῦ
1738 3363 1869 3417 Υίοῦ

287 3467 496 3534 κυρίως
551 3463 769 3530 λέγεται
810 3465 843 3530 ὴ
876 3461 1149 3530 γέννησις,
1176 3461 1266 3512 ἐπὶ
1313 3459 1371 3513 δὲ
1403 3459 1510 3512 τῶν
1552 3459 1870 3527 κτισμάτων

292 3553 750 3624 καταχρηστικῶς
783 3591 798 3615 ,
853 3551 940 3603 ἐπ’
995 3550 1204 3605 ἐκείνου
1291 3550 1388 3620 μὲν
1443 3549 1544 3617 τῆς
1607 3549 1864 3617 ἀληθείας

291 3647 476 3698 ἕνεκεν
512 3645 605 3697 καὶ
633 3645 729 3712 τῆς
769 3642 1208 3712 ὀμοουσιότητος,
1253 3641 1344 3693 ἐπὶ
1387 3641 1442 3694 δὲ
1473 3641 1678 3694 τούτων
1708 3643 1871 3711 τιμῆς

294 3738 452 3807 χάριν
475 3737 571 3788 καὶ
603 3732 894 3796 υἱοθεσίας.
929 3731 1222 3801 Βουληθεὶς
1248 3733 1356 3802 γὰρ
1385 3732 1698 3800 ἀπεκύησεν
1726 3735 1870 3801 ἡμᾶς

290 3827 434 3894 λόγῳ
465 3824 746 3891 ἀληθείας.
789 3823 882 3893 Μὴ
924 3823 1106 3874 τοίνυν
1138 3823 1170 3891 ἡ
1205 3821 1491 3890 ὁμωνυμία
1537 3821 1634 3890 τὴν
1681 3824 1868 3890 ὁμοτι-

296 3919 424 3988 μίαν
463 3915 700 3969 ἐνταῦθα
731 3913 976 3979 τικτέτω,
1019 3913 1152 3983 μηδὲ
1201 3914 1269 3966 τὰ
1315 3915 1765 3983 καταχρηστικῶς
1795 3916 1868 3965 εί-

295 4010 509 4080 ρημὲνα
544 4007 747 4077 κυρίως
777 4004 1040 4076 λεχθῆναι
1094 4003 1422 4073 νομιζέσθω,
1475 4006 1595 4056 ἐπεὶ
1641 4005 1731 4056 καί
1781 4004 1870 4056 τὸν

293 4099 464 4169 θυμὸν
513 4099 610 4151 καὶ
654 4098 750 4168 τὴν
785 4098 954 4165 ὀργὴν
991 4095 1086 4148 καὶ
1114 4094 1283 4148 τᾶλλα
1329 4096 1506 4149 πάντα
1552 4097 1620 4146 τὰ
1656 4099 1721 4162 τῇ
1749 4095 1869 4165 θείᾳ.

297 4191 372 4262 μὴ
403 4190 682 4260 πρέ-ποντα
735 4186 896 4256 φύσει
927 4183 1385 4256 καταχρηστικῶς
1420 4184 1738 4254 λελεγμένα,
1769 4186 1870 4238 οὐκ

292 4285 358 4336 ἄν
381 4299 462 4343 τις
503 4279 784 4348 εὐφρονῶν
840 4280 1044 4346 κυρίως
1075 4275 1388 4345 πεφράσθαι
1416 4274 1506 4346 [Ρ.
1549 4275 1677 4347 293]
1708 4276 1864 4345 φαίη.

293 4373 461 4440 Δῆλον
489 4373 598 4440 γάρ
619 4373 767 4423 ἐστιν
798 4371 881 4424 ὅτι
907 4371 1122 4438 ἑκάστῳ
1145 4369 1334 4438 χωρίῳ
1365 4368 1458 4419 καὶ
1490 4367 1696 4437 ἑκαστῃ
1722 4367 1866 4433 λέξει

293 4465 326 4533 ἡ
355 4463 710 4534 προσήκουσα
745 4463 839 4516 καὶ
887 4458 1206 4530 ἁρμόζουσα
1236 4458 1561 4528 διασάφησις
1589 4475 1864 4528 προσαγοο

295 4554 431 4622 μένη
473 4551 569 4623 τὴν
601 4551 858 4620 ἀλήθειαν
888 4551 1091 4603 ὠδίνει.

1974 3361 2073 3428 ipsi
2143 3361 2519 3428 imprudentes
2578 3362 2718 3416 idem
2781 3365 3155 3418 committunt.
3213 3363 3269 3418 Id
3334 3380 3552 3435 quoque

1972 3451 2253 3505 sciendum
2288 3461 2395 3517 est,
2423 3470 2530 3508 non
2558 3470 2774 3523 semper
2807 3455 2999 3508 iisdem
3026 3455 3304 3511 vocabulis
3329 3459 3550 3514 easdem

1973 3559 2061 3596 res
2088 3545 2406 3613 signiticari,
2446 3563 2618 3614 neque
2643 3547 2826 3601 statim
2865 3546 3055 3601 eodem
3087 3547 3248 3601 modo
3283 3551 3457 3605 notari
3486 3565 3552 3603 ea

1971 3651 2091 3706 quie
2143 3638 2420 3691 communi
2462 3639 2726 3692 vocabulo
2768 3639 3100 3694 indicantur.
3146 3637 3281 3694 Nam
3330 3646 3551 3712 proprie

1972 3729 2176 3783 dicitur
2206 3729 2402 3784 Filium
2431 3747 2551 3786 esse
2583 3734 2825 3800 genitum
2862 3753 2873 3788 :
2903 3733 2970 3788 de
2991 3743 3246 3789 creatura
3272 3735 3414 3789 idem
3448 3737 3552 3788 im-

1973 3823 2189 3890 proprie
2234 3820 2642 3878 dixeris.'Filio
2669 3825 2814 3877 enim
2848 3825 3111 3878 tribuitur
3153 3825 3257 3879 lioc
3303 3827 3552 3881 Veritatis

1971 3926 2156 3974 causa,
2212 3924 2267 3966 et
2325 3914 2447 3980 quia
2508 3916 2756 3981 ejusdem
2812 3929 2895 3970 est
2933 3932 3056 3970 eum
3109 3917 3266 3972 Patre
3320 3927 3548 3983 naturae,

1974 4004 2243 4058 creaturis
2289 4019 2470 4059 autem
2507 4009 2730 4060 honoris
2771 4016 2824 4061 et
2867 4009 3179 4078 adeptionis
3200 4013 3396 4079 gratia.
3439 4011 3548 4065 Sua

1969 4095 2112 4147 enim
2161 4097 2440 4148 toluutate
2475 4108 2656 4150 motus
2687 4102 2871 4165 genuit
2913 4115 3013 4154 nos
3037 4142 3050 4164 ,
3088 4103 3254 4156 verbo
3282 4104 3544 4160 vetitttl‘s.

1969 4180 2086 4238 Non
2123 4185 2287 4253 igitur
2311 4187 2549 4240 nominis
2583 4190 2949 4243 communitas
2971 4190 3056 4243 bie
3089 4191 3336 4246 eamdem
3370 4191 3548 4260 digni-

1971 4280 2136 4327 tatem
2166 4276 2442 4344 utrimque
2465 4276 2681 4343 atrerre,
2715 4287 2808 4332 aut
2835 4280 2980 4349 quod
3005 4282 3298 4352 improprie
3319 4283 3546 4348 dicitur,

1969 4366 2187 4434 proprie
2220 4376 2541 4436 usurpatum
2581 4379 2803 4439 putetur
2825 4409 2839 4433 ,
2873 4375 3095 4440 quando
3139 4374 3545 4429 excandescen-

1971 4458 2102 4509 tiam
2155 4461 2320 4512 etiam
2360 4469 2412 4513 et
2450 4461 2584 4515 iram
2620 4473 2670 4516 et
2707 4464 2811 4516 alia
2854 4463 3053 4518 divinae
3084 4474 3293 4519 natura:
3342 4480 3545 4534 nequa-

1971 4561 2131 4615 quam
2159 4551 2540 4605 convenientia
2576 4567 2735 4606 nemo
2760 4568 2928 4607 sanus
2956 4553 3067 4608 Deo
3092 4557 3315 4626 proprie
3340 4554 3544 4611 ascribi

294 4646 576 4708 censebit,
609 4658 732 4698 eum
767 4641 943 4696 abusu
987 4641 1381 4694 vocabulorum
1413 4639 1460 4692 ei
1496 4639 1866 4692 aseribantur.
1895 4637 2124 4693 Constat
2153 4642 2298 4694 enim
2331 4641 2490 4712 513
2521 4643 2698 4699 cuivis
2760 4645 2881 4698 loco
2924 4652 2978 4699 et
3016 4648 3282 4702 vocabulo
3345 4665 3545 4708 convc-

292 4741 529 4792 nicntem
558 4743 612 4788 et
647 4735 1000 4804 quadrantem
1035 4733 1539 4800 interpretationem
1566 4731 1868 4784 adhibitam
1897 4731 2181 4786 veritatem
2219 4735 2512 4800 parturire.

359 4828 686 4881 Είπάτωσαν
711 4825 769 4876 δέ
791 4840 853 4890 γε
883 4826 976 4876 καὶ
1005 4825 1054 4876 οί
1081 4824 1157 4885 εἰς
1181 4823 1239 4874 τὸ
1265 4821 1418 4888 ἅγιον
1446 4821 1668 4890 Πνεῦμα
1699 4821 1866 4889 βλασ-
1899 4827 1944 4882 D

1864 4853 1866 4862 ι
1899 4827 1944 4882 D
2039 4819 2160 4874 Jam
2190 4823 2282 4890 qui
2314 4823 2382 4876 de
2411 4830 2606 4878 sancto
2633 4823 2838 4894 Spiritu
2871 4826 3032 4897 impie
3059 4829 3357 4896 loquuntur
3381 4848 3541 4889 eum—

296 4918 604 4988 ’,τημοῦντες
669 4915 762 4966 καὶ
809 4913 902 4980 τῆς
935 4913 1082 4974 θείας
1117 4913 1303 4974 οὐσίας
1349 4912 1481 4964 αὐτὸ
1513 4911 1858 4982 χωρίζοντες,

297 5009 409 5069 πῶς
457 5008 488 5059 ὁ
524 5005 656 5066 Θεὸς
692 5003 788 5058 καὶ
828 5005 1018 5073 Σωτὴρ
1059 5005 1218 5074 ἡμῶν
1261 5006 1683 5076 ὲνανθρωπήσας
1723 5023 1864 5077 παρ-

297 5099 461 5149 ἐξωκε
499 5093 960 5164 συμπληρωτικὸν
1011 5089 1150 5147 εἶναι
1175 5093 1273 5163 τῆς
1327 5097 1488 5163 ἁγίας
1523 5097 1754 5166 Τριὰδος
1801 5097 1860 5148 τὸ

297 5189 558 5254 πανάγιον
619 5186 871 5255 Πνεῦμα,
923 5186 1017 5239 καὶ
1065 5189 1123 5239 ὲν
1153 5189 1219 5256 τῇ
1269 5188 1554 5259 ἐπικλήσει
1583 5188 1678 5241 τοῦ
1717 5189 1863 5242 θείου

296 5279 670 5349 βαπτίσματος
703 5277 800 5330 σὺν
827 5278 1005 5348 nam.
1035 5280 1127 5332 καὶ
1159 5279 1274 5350 Υίῷ
1302 5279 1377 5342 ὼς
1415 5279 1731 5349 ἐλευθεροῦν
1756 5281 1864 5335 τῶν

300 5370 712 5440 ἁμαρτημάτων
761 5367 892 5430 τοὺς
923 5367 1250 5440 ἀνθρώπους
1279 5370 1709 5441 ἀριθμούμενον.
1756 5372 1867 5425 Καὶ

300 5462 390 5513 ἐπὶ
430 5464 530 5530 τῆς
563 5459 833 5528 μυστικῆς
863 5459 1144 5529 τραπέζης
1174 5460 1235 5512 τὸ
1259 5461 1419 5530 σῶμα
1455 5461 1618 5514 ἱδικὸν
1644 5461 1746 5530 τῆς
1772 5460 1866 5515 τοῦ

300 5552 424 5605 Υίοῦ
462 5551 794 5622 σαρκώσεως
836 5550 1168 5616 ἀποφαῖνον,
1204 5551 1420 5614 πῶςνᾶν
1451 5551 1534 5621 είη
1575 5553 1798 5621 ποιητὸν
1835 5551 1867 5622 ἢ

302 5644 514 5696 κτιστὸν
544 5642 577 5712 ἦ
610 5645 709 5712 τῆς
734 5642 984 5712 δουλικῆς
1013 5642 1248 5709 φύσεως,
1292 5644 1410 5696 ἀλλ’
1454 5645 1516 5696 οὐ
1546 5645 1644 5712 τῆς
1675 5645 1870 5698 δεσπο-

303 5736 455 5806 τικῆς
483 5734 577 5788 καὶ
608 5734 944 5804 δημιουργοῦ
967 5737 1060 5790 καὶ
1090 5733 1357 5804 βασιλίδος
1389 5735 1580 5799 οὐσίας
1611 5736 1871 5804 συγγενὲς

303 5831 394 5882 καὶ
427 5827 714 5897 όμοούσιον
735 5828 797 5882 τὸ
825 5827 980 5895 ἅγιον
1007 5826 1230 5898 Πνεῦμα
1257 5845 1270 5892 ;
1307 5827 1367 5880 El
1401 5829 1510 5897 γὰρ
1543 5828 1748 5892 δοῦλον,
1790 5829 1867 5899 μὴ

1973 4927 2078 4982 que
2115 4912 2297 4965 divina
2347 4921 2544 4967 natura
2586 4917 2972 4982 exterminant,
3019 4921 3384 4988 respondeant
3409 4939 3545 4994 quo-

1977 5004 2138 5058 modo
2200 5003 2457 5059 Servatur
2500 5019 2684 5061 noster
2726 5009 2867 5062 Deus
2917 5010 2969 5063 itt
3026 5010 3544 5085 humano-emporia

1972 5095 2280 5151 obversans
2319 5107 2567 5152 sanctum
2613 5103 2761 5154 illum
2810 5099 3070 5170 Spiritum
3109 5106 3341 5161 voluerit
3386 5121 3543 5163 con:-

1975 5187 2304 5255 plementmn
2341 5203 2460 5243 esse
2483 5188 2788 5256 Trinitatis,
2831 5200 2997 5263 atque
3035 5195 3088 5249 in
3126 5195 3395 5266 baptismo
3436 5217 3545 5254 una

1972 5295 2097 5333 cum
2151 5280 2308 5333 Patre
2370 5290 2424 5334 et
2483 5280 2640 5348 Filio,
2701 5295 2759 5337 ut
2817 5286 2911 5354 qui
2955 5287 3204 5342 homines
3240 5305 3270 5344 a
3303 5295 3543 5360 peccatis

1975 5369 2195 5436 liberet,
2245 5375 2523 5427 numerari
2571 5384 2736 5444 atque
2778 5375 3041 5432 invocari.
3087 5378 3154 5432 Et
3194 5380 3248 5433 in
3314 5384 3544 5454 mystica

1976 5477 2153 5526 mena,
2177 5477 2302 5517 cum
2327 5463 2565 5534 Spiritus
2606 5474 2833 5522 sanctus
2859 5482 3062 5537 corpus
3089 5471 3355 5528 iitcatnati
3381 5471 3549 5532 Verbi

1979 5555 2195 5609 dicatur
2223 5553 2511 5618 formasse,
2553 5558 2830 5626 quomodo
2875 5562 3046 5628 possit
3082 5561 3256 5616 factus
3295 5577 3418 5618 esse
3454 5573 3550 5619 aut

1981 5654 2222 5709 creatus,
2260 5655 2355 5701 aut
2391 5650 2606 5703 servilis
2639 5651 2995 5714 conditionis,
3045 5667 3153 5706 non
3189 5653 3550 5723 iinperatrieis

1981 5748 2208 5800 naturae,
2251 5754 2373 5808 quae
2406 5754 2594 5794 omnes
2626 5755 2716 5795 res
2749 5740 2910 5797 eﬂieit
2935 5750 3098 5812 atque
3129 5742 3399 5812 gubernat
3429 5743 3453 5795 ?
3489 5745 3549 5798 Si

1975 5829 2118 5882 enim
2146 5831 2335 5883 servili
2369 5840 2451 5886 est
2477 5839 2641 5894 statu,
2670 5846 2776 5886 non
2803 5833 2963 5889 debet
2989 5834 3337 5888 annumerari
3363 5832 3549 5888 Domi.
