  <div class='ocr_page' id='page_1' title='image "/cluster/home/n/w/nwhite01/storage/ocr_20150623/121/nnc1.0046980032/292.png"; bbox 0 0 4248 6456; ppageno 0'>
   <div class='ocr_carea' id='block_1_1' title="bbox 258 432 371 498">
    <p class='ocr_par' dir='ltr' id='par_1_1' title="bbox 258 432 371 498">
     <span class='ocr_line' id='line_1_1' title="bbox 258 432 371 498; baseline 0.009 -1"><span class='ocrx_word' id='word_1_1' title='bbox 258 432 371 498; x_wconf 78' lang='grc'><strong>569</strong></span> 
     </span>
    </p>
   </div>
   <div class='ocr_carea' id='block_1_2' title="bbox 1368 407 2506 503">
    <p class='ocr_par' dir='ltr' id='par_1_2' title="bbox 1368 407 2506 503">
     <span class='ocr_line' id='line_1_2' title="bbox 1368 407 2506 503; baseline 0.007 -8"><span class='ocrx_word' id='word_1_2' title='bbox 1368 407 1924 497; x_wconf 67' lang='lat' dir='ltr'><strong>HISTOﬁIARUM</strong></span> <span class='ocrx_word' id='word_1_3' title='bbox 1963 435 2506 503; x_wconf 84' lang='lat' dir='ltr'><strong>COMPENDIUM.</strong></span> 
     </span>
    </p>
   </div>
   <div class='ocr_carea' id='block_1_3' title="bbox 3437 436 3543 501">
    <p class='ocr_par' dir='ltr' id='par_1_3' title="bbox 3437 436 3543 501">
     <span class='ocr_line' id='line_1_3' title="bbox 3437 436 3543 501; baseline 0.019 -3"><span class='ocrx_word' id='word_1_4' title='bbox 3437 436 3543 501; x_wconf 73' lang='lat'><strong>570</strong></span> 
     </span>
    </p>
   </div>
   <div class='ocr_carea' id='block_1_4' title="bbox 325 541 2002 627">
    <p class='ocr_par' dir='ltr' id='par_1_4' title="bbox 325 541 1924 618">
     <span class='ocr_line' id='line_1_4' title="bbox 325 541 1924 618; baseline 0.004 -20"><span class='ocrx_word' id='word_1_5' title='bbox 325 542 419 613; x_wconf 85' lang='grc' dir='ltr'>Τῷ</span> <span class='ocrx_word' id='word_1_6' title='bbox 460 541 502 596; x_wconf 87' lang='grc' dir='ltr'>θ’</span> <span class='ocrx_word' id='word_1_7' title='bbox 554 544 667 594; x_wconf 81' lang='grc' dir='ltr'>ἐτει</span> <span class='ocrx_word' id='word_1_8' title='bbox 699 541 1007 614; x_wconf 72' lang='grc' dir='ltr'>Δυρράχιον</span> <span class='ocrx_word' id='word_1_9' title='bbox 1051 541 1209 607; x_wconf 79' lang='grc' dir='ltr'>πόλις</span> <span class='ocrx_word' id='word_1_10' title='bbox 1234 543 1338 615; x_wconf 82' lang='grc' dir='ltr'>τῆς</span> <span class='ocrx_word' id='word_1_11' title='bbox 1388 546 1703 618; x_wconf 77' lang='grc' dir='ltr'><strong>Δαλματίας</strong></span> <span class='ocrx_word' id='word_1_12' title='bbox 1742 547 1848 603; x_wconf 75' lang='grc' dir='ltr'><strong>ὑπὸ</strong></span> <span class='ocrx_word' id='word_1_13' title='bbox 1876 554 1924 610; x_wconf 74' lang='grc' dir='ltr'><strong>Α</strong></span> 
     </span>
    </p>
   </div>
   <div class='ocr_carea' id='block_1_5' title="bbox 1866 541 3543 627">
    <p class='ocr_par' dir='ltr' id='par_1_5' title="bbox 1876 547 3543 627">
     <span class='ocr_line' id='line_1_5' title="bbox 1876 547 3543 627; baseline -0.004 -17"><span class='ocrx_word' id='word_1_14' title='bbox 1876 554 1924 610; x_wconf 85' lang='lat' dir='ltr'><strong>A</strong></span> <span class='ocrx_word' id='word_1_15' title='bbox 2022 555 2184 612; x_wconf 79' lang='lat' dir='ltr'><strong>Nono</strong></span> <span class='ocrx_word' id='word_1_16' title='bbox 2236 571 2382 612; x_wconf 90' lang='lat' dir='ltr'><strong>anno</strong></span> <span class='ocrx_word' id='word_1_17' title='bbox 2440 551 2803 627; x_wconf 81' lang='lat' dir='ltr'><strong>Dyrrachium</strong></span> <span class='ocrx_word' id='word_1_18' title='bbox 2858 550 3142 607; x_wconf 75' lang='lat' dir='ltr'><strong>Dalmatiae</strong></span> <span class='ocrx_word' id='word_1_19' title='bbox 3196 547 3329 603; x_wconf 87' lang='lat' dir='ltr'><strong>urbs</strong></span> <span class='ocrx_word' id='word_1_20' title='bbox 3381 556 3543 603; x_wconf 76' lang='lat' dir='ltr'><strong>terrae</strong></span> 
     </span>
    </p>
   </div>
   <div class='ocr_carea' id='block_1_6' title="bbox 253 631 1849 707">
    <p class='ocr_par' dir='ltr' id='par_1_6' title="bbox 253 631 1849 707">
     <span class='ocr_line' id='line_1_6' title="bbox 253 631 1849 707; baseline 0.001 -18"><span class='ocrx_word' id='word_1_21' title='bbox 253 632 487 705; x_wconf 79' lang='grc' dir='ltr'><strong>σεισμοῦ</strong></span> <span class='ocrx_word' id='word_1_22' title='bbox 515 632 803 703; x_wconf 84' lang='grc' dir='ltr'>διεφθάρη,</span> <span class='ocrx_word' id='word_1_23' title='bbox 840 633 936 687; x_wconf 71' lang='grc' dir='ltr'>καὶ</span> <span class='ocrx_word' id='word_1_24' title='bbox 974 631 1163 704; x_wconf 85' lang='grc' dir='ltr'>Ῥώμη</span> <span class='ocrx_word' id='word_1_25' title='bbox 1187 635 1245 687; x_wconf 76' lang='grc' dir='ltr'><strong>ἐν</strong></span> <span class='ocrx_word' id='word_1_26' title='bbox 1273 636 1453 707; x_wconf 76' lang='grc' dir='ltr'>τρισὶν</span> <span class='ocrx_word' id='word_1_27' title='bbox 1471 638 1849 692; x_wconf 72' lang='grc' dir='ltr'><strong>ἐκινδύνευσεν</strong></span> 
     </span>
    </p>
   </div>
   <div class='ocr_carea' id='block_1_7' title="bbox 253 722 1851 797">
    <p class='ocr_par' dir='ltr' id='par_1_7' title="bbox 253 722 1851 797">
     <span class='ocr_line' id='line_1_7' title="bbox 253 722 1851 797; baseline 0.001 -19"><span class='ocrx_word' id='word_1_28' title='bbox 253 726 498 796; x_wconf 71' lang='grc' dir='ltr'>ἡμέραις</span> <span class='ocrx_word' id='word_1_29' title='bbox 545 723 827 793; x_wconf 76' lang='grc' dir='ltr'><strong>σειομένη,</strong></span> <span class='ocrx_word' id='word_1_30' title='bbox 880 722 985 794; x_wconf 81' lang='grc' dir='ltr'>τῆς</span> <span class='ocrx_word' id='word_1_31' title='bbox 1034 723 1093 776; x_wconf 83' lang='grc' dir='ltr'>δὲ</span> <span class='ocrx_word' id='word_1_32' title='bbox 1151 725 1494 795; x_wconf 79' lang='grc' dir='ltr'><strong>Καμπανίας</strong></span> <span class='ocrx_word' id='word_1_33' title='bbox 1557 726 1624 797; x_wconf 83' lang='grc' dir='ltr'><strong>ιβ’</strong></span> <span class='ocrx_word' id='word_1_34' title='bbox 1662 727 1851 791; x_wconf 89' lang='grc' dir='ltr'>πόλεις</span> 
     </span>
    </p>
   </div>
   <div class='ocr_carea' id='block_1_8' title="bbox 254 813 1851 888">
    <p class='ocr_par' dir='ltr' id='par_1_8' title="bbox 254 813 1851 888">
     <span class='ocr_line' id='line_1_8' title="bbox 254 813 1851 888; baseline 0.003 -18"><span class='ocrx_word' id='word_1_35' title='bbox 254 816 655 888; x_wconf 68' lang='grc' dir='ltr'><strong>διεφθάρησαν.</strong></span> <span class='ocrx_word' id='word_1_36' title='bbox 707 813 912 870; x_wconf 85' lang='grc' dir='ltr'>Ἐλθὼν</span> <span class='ocrx_word' id='word_1_37' title='bbox 944 814 1003 868; x_wconf 83' lang='grc' dir='ltr'>δὲ</span> <span class='ocrx_word' id='word_1_38' title='bbox 1041 815 1421 882; x_wconf 81' lang='grc' dir='ltr'>Κωνστάντιος</span> <span class='ocrx_word' id='word_1_39' title='bbox 1448 821 1529 884; x_wconf 86' lang='grc' dir='ltr'>εἰς</span> <span class='ocrx_word' id='word_1_40' title='bbox 1556 820 1617 874; x_wconf 72' lang='grc' dir='ltr'>τὸ</span> <span class='ocrx_word' id='word_1_41' title='bbox 1643 820 1851 883; x_wconf 80' lang='grc' dir='ltr'>Βυζάν-</span> 
     </span>
    </p>
   </div>
   <div class='ocr_carea' id='block_1_9' title="bbox 253 908 1851 983">
    <p class='ocr_par' dir='ltr' id='par_1_9' title="bbox 253 908 1851 983">
     <span class='ocr_line' id='line_1_9' title="bbox 253 908 1851 983; baseline 0.004 -21"><span class='ocrx_word' id='word_1_42' title='bbox 253 928 369 962; x_wconf 76' lang='grc' dir='ltr'>τιον</span> <span class='ocrx_word' id='word_1_43' title='bbox 397 908 612 962; x_wconf 82' lang='grc' dir='ltr'>Παῦλον</span> <span class='ocrx_word' id='word_1_44' title='bbox 637 908 730 962; x_wconf 80' lang='grc' dir='ltr'>τὸν</span> <span class='ocrx_word' id='word_1_45' title='bbox 769 908 1069 961; x_wconf 86' lang='grc' dir='ltr'>ἐπίσκοπον</span> <span class='ocrx_word' id='word_1_46' title='bbox 1094 910 1188 960; x_wconf 77' lang='grc' dir='ltr'><strong>τού</strong></span> <span class='ocrx_word' id='word_1_47' title='bbox 1221 909 1416 979; x_wconf 78' lang='grc' dir='ltr'>θρόνου</span> <span class='ocrx_word' id='word_1_48' title='bbox 1452 911 1727 983; x_wconf 79' lang='grc' dir='ltr'><strong>ἀπήλασε,</strong></span> <span class='ocrx_word' id='word_1_49' title='bbox 1749 914 1851 968; x_wconf 77' lang='grc' dir='ltr'>καὶ</span> 
     </span>
    </p>
   </div>
   <div class='ocr_carea' id='block_1_10' title="bbox 250 1000 1851 1076">
    <p class='ocr_par' dir='ltr' id='par_1_10' title="bbox 250 1000 1851 1076">
     <span class='ocr_line' id='line_1_10' title="bbox 250 1000 1851 1076; baseline 0.003 -22"><span class='ocrx_word' id='word_1_50' title='bbox 250 1003 343 1054; x_wconf 77' lang='grc' dir='ltr'>τὸν</span> <span class='ocrx_word' id='word_1_51' title='bbox 366 1002 737 1055; x_wconf 79' lang='grc' dir='ltr'>ἀσεϐέστατον</span> <span class='ocrx_word' id='word_1_52' title='bbox 770 1000 1037 1055; x_wconf 79' lang='grc' dir='ltr'>Εὐσέϐιον</span> <span class='ocrx_word' id='word_1_53' title='bbox 1061 1002 1151 1054; x_wconf 76' lang='grc' dir='ltr'>τὸν</span> <span class='ocrx_word' id='word_1_54' title='bbox 1176 1001 1551 1074; x_wconf 81' lang='grc' dir='ltr'>Νικομηδειας</span> <span class='ocrx_word' id='word_1_55' title='bbox 1572 1007 1851 1076; x_wconf 77' lang='grc' dir='ltr'>εἰσήγαγε</span> 
     </span>
    </p>
   </div>
   <div class='ocr_carea' id='block_1_11' title="bbox 254 1094 1848 1168">
    <p class='ocr_par' dir='ltr' id='par_1_11' title="bbox 254 1094 1848 1168">
     <span class='ocr_line' id='line_1_11' title="bbox 254 1094 1848 1168; baseline 0.003 -20"><span class='ocrx_word' id='word_1_56' title='bbox 254 1094 569 1166; x_wconf 76' lang='grc' dir='ltr'>λῃστρικῶς</span> <span class='ocrx_word' id='word_1_57' title='bbox 590 1095 683 1148; x_wconf 82' lang='grc' dir='ltr'>καὶ</span> <span class='ocrx_word' id='word_1_58' title='bbox 708 1094 989 1165; x_wconf 72' lang='grc' dir='ltr'>ἀθέσμοις,</span> <span class='ocrx_word' id='word_1_59' title='bbox 1032 1095 1094 1148; x_wconf 78' lang='grc' dir='ltr'>τὸ</span> <span class='ocrx_word' id='word_1_60' title='bbox 1122 1096 1232 1148; x_wconf 85' lang='grc' dir='ltr'>τῶν</span> <span class='ocrx_word' id='word_1_61' title='bbox 1260 1096 1447 1150; x_wconf 84' lang='grc' dir='ltr'>κακῶν</span> <span class='ocrx_word' id='word_1_62' title='bbox 1481 1100 1848 1168; x_wconf 78' lang='grc' dir='ltr'><strong>καταγώγιον.</strong></span> 
     </span>
    </p>
   </div>
   <div class='ocr_carea' id='block_1_12' title="bbox 254 1187 1851 1262">
    <p class='ocr_par' dir='ltr' id='par_1_12' title="bbox 254 1187 1851 1262">
     <span class='ocr_line' id='line_1_12' title="bbox 254 1187 1851 1262; baseline 0 -21"><span class='ocrx_word' id='word_1_63' title='bbox 254 1189 367 1242; x_wconf 76' lang='grc' dir='ltr'><strong>Καὶ</strong></span> <span class='ocrx_word' id='word_1_64' title='bbox 415 1189 863 1242; x_wconf 75' lang='grc' dir='ltr'>συντελεσθεῖσαν</span> <span class='ocrx_word' id='word_1_65' title='bbox 910 1187 1012 1257; x_wconf 80' lang='grc' dir='ltr'>τὴν</span> <span class='ocrx_word' id='word_1_66' title='bbox 1059 1187 1153 1240; x_wconf 82' lang='grc' dir='ltr'>τοῦ</span> <span class='ocrx_word' id='word_1_67' title='bbox 1204 1187 1341 1241; x_wconf 83' lang='grc' dir='ltr'>Θεοῦ</span> <span class='ocrx_word' id='word_1_68' title='bbox 1380 1190 1619 1260; x_wconf 81' lang='grc' dir='ltr'>μεγάλου</span> <span class='ocrx_word' id='word_1_69' title='bbox 1652 1190 1851 1262; x_wconf 72' lang='grc' dir='ltr'>ἐκκληει</span> 
     </span>
    </p>
   </div>
   <div class='ocr_carea' id='block_1_13' title="bbox 259 1280 1852 1353">
    <p class='ocr_par' dir='ltr' id='par_1_13' title="bbox 259 1280 1852 1353">
     <span class='ocr_line' id='line_1_13' title="bbox 259 1280 1852 1353; baseline 0.004 -21"><span class='ocrx_word' id='word_1_70' title='bbox 259 1281 387 1333; x_wconf 86' lang='grc' dir='ltr'>σίαν</span> <span class='ocrx_word' id='word_1_71' title='bbox 423 1281 531 1333; x_wconf 70' lang='grc' dir='ltr'>ὑπὸ</span> <span class='ocrx_word' id='word_1_72' title='bbox 555 1281 940 1334; x_wconf 82' lang='grc' dir='ltr'>Κωνσταντίου</span> <span class='ocrx_word' id='word_1_73' title='bbox 993 1281 1138 1335; x_wconf 80' lang='grc' dir='ltr'>κατὰ</span> <span class='ocrx_word' id='word_1_74' title='bbox 1168 1280 1266 1352; x_wconf 85' lang='grc' dir='ltr'>τὴν</span> <span class='ocrx_word' id='word_1_75' title='bbox 1290 1281 1609 1350; x_wconf 80' lang='grc' dir='ltr'>ὲνδιάθηκον</span> <span class='ocrx_word' id='word_1_76' title='bbox 1632 1284 1852 1353; x_wconf 76' lang='grc' dir='ltr'>ἐντολὴν</span> 
     </span>
    </p>
   </div>
   <div class='ocr_carea' id='block_1_14' title="bbox 256 1372 1851 1442">
    <p class='ocr_par' dir='ltr' id='par_1_14' title="bbox 256 1372 1851 1442">
     <span class='ocr_line' id='line_1_14' title="bbox 256 1372 1851 1442; baseline 0.004 -18"><span class='ocrx_word' id='word_1_77' title='bbox 256 1372 355 1424; x_wconf 75' lang='grc' dir='ltr'>τοῦ</span> <span class='ocrx_word' id='word_1_78' title='bbox 380 1373 638 1442; x_wconf 76' lang='grc' dir='ltr'>Μεγάλου</span> <span class='ocrx_word' id='word_1_79' title='bbox 661 1375 1079 1428; x_wconf 68' lang='grc' dir='ltr'>Κωνσταντίνου</span> <span class='ocrx_word' id='word_1_80' title='bbox 1109 1373 1366 1438; x_wconf 79' lang='grc' dir='ltr'>Εὐσέϐιος</span> <span class='ocrx_word' id='word_1_81' title='bbox 1396 1376 1725 1442; x_wconf 73' lang='grc' dir='ltr'>ὲγκαινίζει,</span> <span class='ocrx_word' id='word_1_82' title='bbox 1755 1378 1851 1431; x_wconf 78' lang='grc' dir='ltr'>καὶ</span> 
     </span>
    </p>
   </div>
   <div class='ocr_carea' id='block_1_15' title="bbox 255 1464 1850 1540">
    <p class='ocr_par' dir='ltr' id='par_1_15' title="bbox 255 1464 1850 1540">
     <span class='ocr_line' id='line_1_15' title="bbox 255 1464 1850 1540; baseline 0.003 -24"><span class='ocrx_word' id='word_1_83' title='bbox 255 1466 327 1516; x_wconf 68' lang='grc' dir='ltr'>τὰ</span> <span class='ocrx_word' id='word_1_84' title='bbox 352 1464 585 1533; x_wconf 66' lang='grc' dir='ltr'>λείψανα</span> <span class='ocrx_word' id='word_1_85' title='bbox 625 1466 735 1519; x_wconf 80' lang='grc' dir='ltr'><strong>ἀπὸ</strong></span> <span class='ocrx_word' id='word_1_86' title='bbox 793 1466 1126 1537; x_wconf 72' lang='grc' dir='ltr'>Ἀντιοχείας</span> <span class='ocrx_word' id='word_1_87' title='bbox 1185 1465 1401 1533; x_wconf 73' lang='grc' dir='ltr'>κομίζει</span> <span class='ocrx_word' id='word_1_88' title='bbox 1447 1469 1543 1522; x_wconf 73' lang='grc' dir='ltr'>καὶ</span> <span class='ocrx_word' id='word_1_89' title='bbox 1576 1471 1649 1522; x_wconf 81' lang='grc' dir='ltr'><strong>-ὲν</strong></span> <span class='ocrx_word' id='word_1_90' title='bbox 1699 1470 1850 1540; x_wconf 80' lang='grc' dir='ltr'>αὐτῷ</span> 
     </span>
    </p>
   </div>
   <div class='ocr_carea' id='block_1_16' title="bbox 256 1558 1853 1633">
    <p class='ocr_par' dir='ltr' id='par_1_16' title="bbox 256 1558 1853 1633">
     <span class='ocr_line' id='line_1_16' title="bbox 256 1558 1853 1633; baseline 0.004 -23"><span class='ocrx_word' id='word_1_91' title='bbox 256 1558 586 1629; x_wconf 76' lang='grc' dir='ltr'>κατατίθησι</span> <span class='ocrx_word' id='word_1_92' title='bbox 608 1558 705 1612; x_wconf 79' lang='grc' dir='ltr'>τοῦ</span> <span class='ocrx_word' id='word_1_93' title='bbox 739 1560 899 1628; x_wconf 80' lang='grc' dir='ltr'>ἁγίου</span> <span class='ocrx_word' id='word_1_94' title='bbox 945 1562 1225 1633; x_wconf 83' lang='grc' dir='ltr'>μάρτυρος</span> <span class='ocrx_word' id='word_1_95' title='bbox 1268 1564 1559 1632; x_wconf 74' lang='grc' dir='ltr'>Παμφίλου</span> <span class='ocrx_word' id='word_1_96' title='bbox 1607 1562 1701 1617; x_wconf 82' lang='grc' dir='ltr'><strong>καὶ</strong></span> <span class='ocrx_word' id='word_1_97' title='bbox 1744 1564 1853 1617; x_wconf 79' lang='grc' dir='ltr'>τῶν</span> 
     </span>
    </p>
   </div>
   <div class='ocr_carea' id='block_1_17' title="bbox 258 1651 1851 1723">
    <p class='ocr_par' dir='ltr' id='par_1_17' title="bbox 258 1651 1851 1723">
     <span class='ocr_line' id='line_1_17' title="bbox 258 1651 1851 1723; baseline 0.004 -21"><span class='ocrx_word' id='word_1_98' title='bbox 258 1651 359 1703; x_wconf 67' lang='grc' dir='ltr'>σὺν</span> <span class='ocrx_word' id='word_1_99' title='bbox 385 1651 897 1719; x_wconf 64' lang='grc' dir='ltr'>αὐτῷ,›Θεοδούλου,</span> <span class='ocrx_word' id='word_1_100' title='bbox 932 1655 1245 1723; x_wconf 75' lang='grc' dir='ltr'>Πορφυρὶου</span> <span class='ocrx_word' id='word_1_101' title='bbox 1276 1658 1372 1709; x_wconf 79' lang='grc' dir='ltr'>καὶ</span> <span class='ocrx_word' id='word_1_102' title='bbox 1394 1657 1630 1711; x_wconf 84' lang='grc' dir='ltr'>Παύλου.</span> <span class='ocrx_word' id='word_1_103' title='bbox 1663 1656 1851 1723; x_wconf 81' lang='grc' dir='ltr'>Ἀλεξ-</span> 
     </span>
    </p>
   </div>
   <div class='ocr_carea' id='block_1_18' title="bbox 256 1742 1852 1821">
    <p class='ocr_par' dir='ltr' id='par_1_18' title="bbox 256 1742 1852 1821">
     <span class='ocr_line' id='line_1_18' title="bbox 256 1742 1852 1821; baseline 0.006 -27"><span class='ocrx_word' id='word_1_104' title='bbox 256 1742 473 1812; x_wconf 51' lang='lat' dir='ltr'><strong>nepa;</strong></span> <span class='ocrx_word' id='word_1_105' title='bbox 501 1742 558 1796; x_wconf 73' lang='grc' dir='ltr'>δὲ</span> <span class='ocrx_word' id='word_1_106' title='bbox 593 1744 895 1815; x_wconf 84' lang='grc' dir='ltr'>Γρηγόριον</span> <span class='ocrx_word' id='word_1_107' title='bbox 917 1746 1228 1819; x_wconf 80' lang='grc' dir='ltr'>λῃστρικῶς</span> <span class='ocrx_word' id='word_1_108' title='bbox 1262 1748 1349 1819; x_wconf 88' lang='grc' dir='ltr'><strong>[Ρ.</strong></span> <span class='ocrx_word' id='word_1_109' title='bbox 1408 1747 1539 1821; x_wconf 74' lang='grc'><strong>299]</strong></span> <span class='ocrx_word' id='word_1_110' title='bbox 1584 1748 1852 1803; x_wconf 74' lang='grc' dir='ltr'>ἐπιϐάντα</span> 
     </span>
    </p>
   </div>
   <div class='ocr_carea' id='block_1_19' title="bbox 254 1834 1849 1911">
    <p class='ocr_par' dir='ltr' id='par_1_19' title="bbox 254 1834 1849 1911">
     <span class='ocr_line' id='line_1_19' title="bbox 254 1834 1849 1911; baseline 0.006 -25"><span class='ocrx_word' id='word_1_111' title='bbox 254 1834 352 1887; x_wconf 72' lang='grc' dir='ltr'>τοῦ</span> <span class='ocrx_word' id='word_1_112' title='bbox 379 1836 571 1905; x_wconf 78' lang='grc' dir='ltr'>θρόνου</span> <span class='ocrx_word' id='word_1_113' title='bbox 608 1837 1027 1909; x_wconf 78' lang='grc' dir='ltr'>Ἀλεξανδρείας</span> <span class='ocrx_word' id='word_1_114' title='bbox 1051 1841 1145 1893; x_wconf 77' lang='grc' dir='ltr'><strong>καὶ</strong></span> <span class='ocrx_word' id='word_1_115' title='bbox 1177 1844 1269 1893; x_wconf 75' lang='grc' dir='ltr'>τὸν</span> <span class='ocrx_word' id='word_1_116' title='bbox 1303 1841 1481 1911; x_wconf 89' lang='grc' dir='ltr'>μέγαν</span> <span class='ocrx_word' id='word_1_117' title='bbox 1526 1842 1849 1896; x_wconf 79' lang='grc' dir='ltr'>Ἀθανάσιον</span> 
     </span>
    </p>
   </div>
   <div class='ocr_carea' id='block_1_20' title="bbox 1956 638 3544 718">
    <p class='ocr_par' dir='ltr' id='par_1_20' title="bbox 1956 638 3544 718">
     <span class='ocr_line' id='line_1_20' title="bbox 1956 638 3544 718; baseline -0.006 -18"><span class='ocrx_word' id='word_1_118' title='bbox 1956 659 2106 703; x_wconf 86' lang='lat' dir='ltr'><strong>motu</strong></span> <span class='ocrx_word' id='word_1_119' title='bbox 2140 647 2317 718; x_wconf 85' lang='lat' dir='ltr'><strong>periit.</strong></span> <span class='ocrx_word' id='word_1_120' title='bbox 2359 646 2437 701; x_wconf 87' lang='lat' dir='ltr'><strong>Ac</strong></span> <span class='ocrx_word' id='word_1_121' title='bbox 2472 643 2645 700; x_wconf 81' lang='lat' dir='ltr'><strong>Roma</strong></span> <span class='ocrx_word' id='word_1_122' title='bbox 2677 643 2842 698; x_wconf 90' lang='lat' dir='ltr'><strong>etiam</strong></span> <span class='ocrx_word' id='word_1_123' title='bbox 2878 657 2976 712; x_wconf 89' lang='lat' dir='ltr'><strong>per</strong></span> <span class='ocrx_word' id='word_1_124' title='bbox 3029 640 3270 694; x_wconf 90' lang='lat' dir='ltr'><strong>triduum</strong></span> <span class='ocrx_word' id='word_1_125' title='bbox 3325 638 3544 709; x_wconf 81' lang='lat' dir='ltr'><strong>pericu-</strong></span> 
     </span>
    </p>
   </div>
   <div class='ocr_carea' id='block_1_21' title="bbox 1954 729 3541 803">
    <p class='ocr_par' dir='ltr' id='par_1_21' title="bbox 1954 729 3541 803">
     <span class='ocr_line' id='line_1_21' title="bbox 1954 729 3541 803; baseline -0.006 -9"><span class='ocrx_word' id='word_1_126' title='bbox 1954 741 2071 794; x_wconf 89' lang='lat' dir='ltr'><strong>lose</strong></span> <span class='ocrx_word' id='word_1_127' title='bbox 2102 738 2347 803; x_wconf 89' lang='lat' dir='ltr'><strong>tremuit,</strong></span> <span class='ocrx_word' id='word_1_128' title='bbox 2375 736 2666 794; x_wconf 81' lang='lat' dir='ltr'><strong>duodecim</strong></span> <span class='ocrx_word' id='word_1_129' title='bbox 2691 733 3007 802; x_wconf 63' lang='lat' dir='ltr'><strong>Campania</strong></span> <span class='ocrx_word' id='word_1_130' title='bbox 3037 732 3203 786; x_wconf 91' lang='lat' dir='ltr'><strong>urbes</strong></span> <span class='ocrx_word' id='word_1_131' title='bbox 3235 729 3541 801; x_wconf 87' lang='lat' dir='ltr'><strong>perierunt.</strong></span> 
     </span>
    </p>
   </div>
   <div class='ocr_carea' id='block_1_22' title="bbox 1955 824 3546 903">
    <p class='ocr_par' dir='ltr' id='par_1_22' title="bbox 1955 824 3546 903">
     <span class='ocr_line' id='line_1_22' title="bbox 1955 824 3546 903; baseline -0.008 -16"><span class='ocrx_word' id='word_1_132' title='bbox 1955 831 2116 903; x_wconf 75' lang='lat'><strong>523</strong></span> <span class='ocrx_word' id='word_1_133' title='bbox 2169 831 2533 885; x_wconf 86' lang='lat' dir='ltr'><strong>Constantius</strong></span> <span class='ocrx_word' id='word_1_134' title='bbox 2588 836 2649 883; x_wconf 94' lang='lat' dir='ltr'><strong>ut</strong></span> <span class='ocrx_word' id='word_1_135' title='bbox 2682 826 3009 899; x_wconf 83' lang='lat' dir='ltr'><strong>Byzantium</strong></span> <span class='ocrx_word' id='word_1_136' title='bbox 3050 824 3222 888; x_wconf 83' lang='lat' dir='ltr'><strong>venit,</strong></span> <span class='ocrx_word' id='word_1_137' title='bbox 3254 824 3546 893; x_wconf 65' lang='lat' dir='ltr'><strong>cpiscopl-</strong></span> 
     </span>
    </p>
   </div>
   <div class='ocr_carea' id='block_1_23' title="bbox 1956 913 3546 991">
    <p class='ocr_par' dir='ltr' id='par_1_23' title="bbox 1956 913 3546 991">
     <span class='ocr_line' id='line_1_23' title="bbox 1956 913 3546 991; baseline -0.006 -12"><span class='ocrx_word' id='word_1_138' title='bbox 1956 935 2068 979; x_wconf 89' lang='lat' dir='ltr'><strong>tum</strong></span> <span class='ocrx_word' id='word_1_139' title='bbox 2097 922 2251 977; x_wconf 85' lang='lat' dir='ltr'><strong>Pauli</strong></span> <span class='ocrx_word' id='word_1_140' title='bbox 2284 923 2511 986; x_wconf 77' lang='lat' dir='ltr'><strong>ademit,</strong></span> <span class='ocrx_word' id='word_1_141' title='bbox 2542 920 3053 991; x_wconf 84' lang='lat' dir='ltr'><strong>itnpiissimumque</strong></span> <span class='ocrx_word' id='word_1_142' title='bbox 3091 914 3383 970; x_wconf 84' lang='lat' dir='ltr'><strong>Eusebium</strong></span> <span class='ocrx_word' id='word_1_143' title='bbox 3414 913 3546 984; x_wconf 90' lang='lat' dir='ltr'><strong>(mi-</strong></span> 
     </span>
    </p>
   </div>
   <div class='ocr_carea' id='block_1_24' title="bbox 1956 1007 3544 1083">
    <p class='ocr_par' dir='ltr' id='par_1_24' title="bbox 1956 1007 3544 1083">
     <span class='ocr_line' id='line_1_24' title="bbox 1956 1007 3544 1083; baseline -0.005 -13"><span class='ocrx_word' id='word_1_144' title='bbox 1956 1019 2102 1072; x_wconf 87' lang='lat' dir='ltr'><strong>nime</strong></span> <span class='ocrx_word' id='word_1_145' title='bbox 2136 1033 2236 1071; x_wconf 89' lang='lat' dir='ltr'><strong>suo</strong></span> <span class='ocrx_word' id='word_1_146' title='bbox 2268 1016 2475 1070; x_wconf 85' lang='lat' dir='ltr'><strong>nomini</strong></span> <span class='ocrx_word' id='word_1_147' title='bbox 2509 1010 2959 1083; x_wconf 74' lang='lat' dir='ltr'><strong>respondentem)</strong></span> <span class='ocrx_word' id='word_1_148' title='bbox 2993 1008 3328 1073; x_wconf 80' lang='lat' dir='ltr'><strong>introduxit,</strong></span> <span class='ocrx_word' id='word_1_149' title='bbox 3373 1007 3544 1062; x_wconf 88' lang='lat' dir='ltr'><strong>latro-</strong></span> 
     </span>
    </p>
   </div>
   <div class='ocr_carea' id='block_1_25' title="bbox 1954 1100 3545 1179">
    <p class='ocr_par' dir='ltr' id='par_1_25' title="bbox 1954 1100 3545 1179">
     <span class='ocr_line' id='line_1_25' title="bbox 1954 1100 3545 1179; baseline -0.006 -15"><span class='ocrx_word' id='word_1_150' title='bbox 1954 1111 2104 1165; x_wconf 87' lang='lat' dir='ltr'><strong>cinio</strong></span> <span class='ocrx_word' id='word_1_151' title='bbox 2139 1110 2347 1179; x_wconf 81' lang='lat' dir='ltr'><strong>injusto</strong></span> <span class='ocrx_word' id='word_1_152' title='bbox 2396 1109 2553 1163; x_wconf 89' lang='lat' dir='ltr'><strong>malis</strong></span> <span class='ocrx_word' id='word_1_153' title='bbox 2612 1107 2826 1178; x_wconf 82' lang='lat' dir='ltr'><strong>asylum</strong></span> <span class='ocrx_word' id='word_1_154' title='bbox 2872 1104 3151 1174; x_wconf 87' lang='lat' dir='ltr'><strong>aperiens.</strong></span> <span class='ocrx_word' id='word_1_155' title='bbox 3182 1101 3331 1157; x_wconf 83' lang='lat' dir='ltr'><strong>Idem</strong></span> <span class='ocrx_word' id='word_1_156' title='bbox 3366 1100 3545 1155; x_wconf 83' lang='lat' dir='ltr'><strong>Euse—</strong></span> 
     </span>
    </p>
   </div>
   <div class='ocr_carea' id='block_1_26' title="bbox 1958 1193 3542 1275">
    <p class='ocr_par' dir='ltr' id='par_1_26' title="bbox 1958 1193 3542 1275">
     <span class='ocr_line' id='line_1_26' title="bbox 1958 1193 3542 1275; baseline -0.009 -16"><span class='ocrx_word' id='word_1_157' title='bbox 1958 1204 2082 1260; x_wconf 87' lang='lat' dir='ltr'><strong>bius</strong></span> <span class='ocrx_word' id='word_1_158' title='bbox 2136 1205 2317 1275; x_wconf 81' lang='lat' dir='ltr'><strong>magni</strong></span> <span class='ocrx_word' id='word_1_159' title='bbox 2355 1201 2444 1257; x_wconf 72' lang='lat' dir='ltr'><strong>Dei</strong></span> <span class='ocrx_word' id='word_1_160' title='bbox 2491 1204 2754 1270; x_wconf 88' lang='lat' dir='ltr'><strong>templum</strong></span> <span class='ocrx_word' id='word_1_161' title='bbox 2782 1214 2811 1251; x_wconf 92' lang='lat' dir='ltr'><strong>a</strong></span> <span class='ocrx_word' id='word_1_162' title='bbox 2836 1196 3164 1252; x_wconf 89' lang='lat' dir='ltr'><strong>Constantio</strong></span> <span class='ocrx_word' id='word_1_163' title='bbox 3199 1193 3542 1258; x_wconf 84' lang='lat' dir='ltr'><strong>absolutum,</strong></span> 
     </span>
    </p>
   </div>
   <div class='ocr_carea' id='block_1_27' title="bbox 1957 1283 3547 1353">
    <p class='ocr_par' dir='ltr' id='par_1_27' title="bbox 1957 1283 3547 1353">
     <span class='ocr_line' id='line_1_27' title="bbox 1957 1283 3547 1353; baseline -0.011 0"><span class='ocrx_word' id='word_1_164' title='bbox 1957 1297 2118 1353; x_wconf 84' lang='lat' dir='ltr'><strong>sicuti</strong></span> <span class='ocrx_word' id='word_1_165' title='bbox 2155 1295 2555 1351; x_wconf 76' lang='lat' dir='ltr'><strong>Constantinus</strong></span> <span class='ocrx_word' id='word_1_166' title='bbox 2610 1298 2943 1346; x_wconf 87' lang='lat' dir='ltr'><strong>testamento</strong></span> <span class='ocrx_word' id='word_1_167' title='bbox 2979 1288 3360 1350; x_wconf 79' lang='lat' dir='ltr'><strong>mandaverat,</strong></span> <span class='ocrx_word' id='word_1_168' title='bbox 3396 1283 3547 1337; x_wconf 80' lang='lat' dir='ltr'><strong>dedi-</strong></span> 
     </span>
    </p>
   </div>
   <div class='ocr_carea' id='block_1_28' title="bbox 1965 1374 3545 1458">
    <p class='ocr_par' dir='ltr' id='par_1_28' title="bbox 1965 1374 3545 1458">
     <span class='ocr_line' id='line_1_28' title="bbox 1965 1374 3545 1458; baseline -0.008 -16"><span class='ocrx_word' id='word_1_169' title='bbox 1965 1392 2150 1454; x_wconf 87' lang='lat' dir='ltr'><strong>cavit;</strong></span> <span class='ocrx_word' id='word_1_170' title='bbox 2182 1398 2346 1458; x_wconf 89' lang='lat' dir='ltr'><strong>atque</strong></span> <span class='ocrx_word' id='word_1_171' title='bbox 2376 1387 2665 1439; x_wconf 81' lang='lat' dir='ltr'><strong>Antiochia</strong></span> <span class='ocrx_word' id='word_1_172' title='bbox 2700 1384 2895 1438; x_wconf 80' lang='lat' dir='ltr'><strong>allatas</strong></span> <span class='ocrx_word' id='word_1_173' title='bbox 2925 1391 3244 1436; x_wconf 75' lang='lat' dir='ltr'><strong>sanctorum</strong></span> <span class='ocrx_word' id='word_1_174' title='bbox 3280 1374 3545 1440; x_wconf 77' lang='lat' dir='ltr'><strong>Pamphili</strong></span> 
     </span>
    </p>
   </div>
   <div class='ocr_carea' id='block_1_29' title="bbox 1957 1464 3546 1551">
    <p class='ocr_par' dir='ltr' id='par_1_29' title="bbox 1957 1464 3546 1551">
     <span class='ocr_line' id='line_1_29' title="bbox 1957 1464 3546 1551; baseline -0.01 -17"><span class='ocrx_word' id='word_1_175' title='bbox 1957 1482 2217 1551; x_wconf 80' lang='lat' dir='ltr'><strong>martyris</strong></span> <span class='ocrx_word' id='word_1_176' title='bbox 2257 1488 2310 1532; x_wconf 92' lang='lat' dir='ltr'><strong>et</strong></span> <span class='ocrx_word' id='word_1_177' title='bbox 2355 1477 2628 1532; x_wconf 86' lang='lat' dir='ltr'><strong>sociorum</strong></span> <span class='ocrx_word' id='word_1_178' title='bbox 2649 1474 2941 1538; x_wconf 86' lang='lat' dir='ltr'><strong>&#39;l‘hcoduli,</strong></span> <span class='ocrx_word' id='word_1_179' title='bbox 2980 1469 3263 1541; x_wconf 79' lang='lat' dir='ltr'><strong>Porphyrii</strong></span> <span class='ocrx_word' id='word_1_180' title='bbox 3300 1483 3364 1522; x_wconf 80' lang='lat' dir='ltr'><strong>ac</strong></span> <span class='ocrx_word' id='word_1_181' title='bbox 3393 1464 3546 1519; x_wconf 81' lang='lat' dir='ltr'><strong>Pauli</strong></span> 
     </span>
    </p>
   </div>
   <div class='ocr_carea' id='block_1_30' title="bbox 1958 1557 3547 1639">
    <p class='ocr_par' dir='ltr' id='par_1_30' title="bbox 1958 1557 3547 1639">
     <span class='ocr_line' id='line_1_30' title="bbox 1958 1557 3547 1639; baseline -0.011 -10"><span class='ocrx_word' id='word_1_182' title='bbox 1958 1573 2218 1639; x_wconf 86' lang='lat' dir='ltr'><strong>reliquias</strong></span> <span class='ocrx_word' id='word_1_183' title='bbox 2253 1575 2306 1625; x_wconf 90' lang='lat' dir='ltr'><strong>in</strong></span> <span class='ocrx_word' id='word_1_184' title='bbox 2348 1585 2414 1625; x_wconf 87' lang='lat' dir='ltr'><strong>eo</strong></span> <span class='ocrx_word' id='word_1_185' title='bbox 2446 1569 2722 1637; x_wconf 87' lang='lat' dir='ltr'><strong>deposuit.</strong></span> <span class='ocrx_word' id='word_1_186' title='bbox 2774 1565 3133 1622; x_wconf 74' lang='lat' dir='ltr'><strong>Alevandt-ini</strong></span> <span class='ocrx_word' id='word_1_187' title='bbox 3195 1571 3378 1617; x_wconf 88' lang='lat' dir='ltr'><strong>autem</strong></span> <span class='ocrx_word' id='word_1_188' title='bbox 3409 1557 3547 1614; x_wconf 82' lang='lat' dir='ltr'><strong>Gre-</strong></span> 
     </span>
    </p>
   </div>
   <div class='ocr_carea' id='block_1_31' title="bbox 1954 1658 3542 1738">
    <p class='ocr_par' dir='ltr' id='par_1_31' title="bbox 1954 1658 3542 1738">
     <span class='ocr_line' id='line_1_31' title="bbox 1954 1658 3542 1738; baseline -0.012 -18"><span class='ocrx_word' id='word_1_189' title='bbox 1954 1666 2193 1738; x_wconf 85' lang='lat' dir='ltr'><strong>gorium,</strong></span> <span class='ocrx_word' id='word_1_190' title='bbox 2245 1664 2339 1735; x_wconf 86' lang='lat' dir='ltr'><strong>qui</strong></span> <span class='ocrx_word' id='word_1_191' title='bbox 2395 1663 2774 1731; x_wconf 65' lang='lat' dir='ltr'><strong>episcopatum</strong></span> <span class='ocrx_word' id='word_1_192' title='bbox 2809 1658 3542 1722; x_wconf 74' lang='lat' dir='ltr'><strong>latrocinioOccupaverat,</strong></span> 
     </span>
    </p>
   </div>
   <div class='ocr_carea' id='block_1_32' title="bbox 1958 1740 3547 1823">
    <p class='ocr_par' dir='ltr' id='par_1_32' title="bbox 1958 1740 3547 1823">
     <span class='ocr_line' id='line_1_32' title="bbox 1958 1740 3547 1823; baseline -0.012 -15"><span class='ocrx_word' id='word_1_193' title='bbox 1958 1769 2328 1823; x_wconf 73' lang='lat' dir='ltr'><strong>magnumque</strong></span> <span class='ocrx_word' id='word_1_194' title='bbox 2360 1750 2728 1805; x_wconf 81' lang='lat' dir='ltr'><strong>Athanasium</strong></span> <span class='ocrx_word' id='word_1_195' title='bbox 2778 1762 2874 1816; x_wconf 85' lang='lat' dir='ltr'><strong>per</strong></span> <span class='ocrx_word' id='word_1_196' title='bbox 2906 1745 3230 1801; x_wconf 74' lang='lat' dir='ltr'><strong>sexennium</strong></span> <span class='ocrx_word' id='word_1_197' title='bbox 3286 1740 3411 1793; x_wconf 86' lang='lat' dir='ltr'><strong>inde</strong></span> <span class='ocrx_word' id='word_1_198' title='bbox 3454 1752 3547 1790; x_wconf 82' lang='lat' dir='ltr'><strong>ar-</strong></span> 
     </span>
    </p>
   </div>
   <div class='ocr_carea' id='block_1_33' title="bbox 1955 1826 3547 1909">
    <p class='ocr_par' dir='ltr' id='par_1_33' title="bbox 1955 1826 3547 1909">
     <span class='ocr_line' id='line_1_33' title="bbox 1955 1826 3547 1909; baseline -0.013 -10"><span class='ocrx_word' id='word_1_199' title='bbox 1955 1853 2169 1909; x_wconf 84' lang='lat' dir='ltr'><strong>cuerat,</strong></span> <span class='ocrx_word' id='word_1_200' title='bbox 2209 1843 2629 1897; x_wconf 70' lang='lat' dir='ltr'><strong>interfecerunt.</strong></span> <span class='ocrx_word' id='word_1_201' title='bbox 2659 1840 2716 1893; x_wconf 87' lang='lat' dir='ltr'><strong>in</strong></span> <span class='ocrx_word' id='word_1_202' title='bbox 2742 1840 2861 1908; x_wconf 81' lang='lat' dir='ltr'><strong>ejus</strong></span> <span class='ocrx_word' id='word_1_203' title='bbox 2904 1839 3079 1891; x_wconf 90' lang='lat' dir='ltr'><strong>locum</strong></span> <span class='ocrx_word' id='word_1_204' title='bbox 3115 1834 3448 1901; x_wconf 84' lang='lat' dir='ltr'><strong>subrogatur</strong></span> <span class='ocrx_word' id='word_1_205' title='bbox 3476 1826 3547 1880; x_wconf 91' lang='lat' dir='ltr'><strong>ab</strong></span> 
     </span>
    </p>
   </div>
   <div class='ocr_carea' id='block_1_34' title="bbox 255 1911 1932 2007">
    <p class='ocr_par' dir='ltr' id='par_1_34' title="bbox 255 1911 1927 2005">
     <span class='ocr_line' id='line_1_34' title="bbox 255 1911 1927 2005; baseline 0.004 -25"><span class='ocrx_word' id='word_1_206' title='bbox 255 1927 639 1991; x_wconf 73' lang='grc' dir='ltr'>ἁποδιώξαντα</span> <span class='ocrx_word' id='word_1_207' title='bbox 662 1932 756 1983; x_wconf 74' lang='grc' dir='ltr'><strong>ἐπὶ</strong></span> <span class='ocrx_word' id='word_1_208' title='bbox 783 1930 842 1995; x_wconf 77' lang='grc' dir='ltr'>ἒξ</span> <span class='ocrx_word' id='word_1_209' title='bbox 865 1931 1046 1985; x_wconf 67' lang='grc' dir='ltr'>ἐτεσιν</span> <span class='ocrx_word' id='word_1_210' title='bbox 1069 1934 1304 1987; x_wconf 81' lang='grc' dir='ltr'>ἀνεῖλον.</span> <span class='ocrx_word' id='word_1_211' title='bbox 1333 1935 1443 1986; x_wconf 83' lang='grc' dir='ltr'><strong>Καὶ</strong></span> <span class='ocrx_word' id='word_1_212' title='bbox 1460 1939 1851 2005; x_wconf 82' lang='grc' dir='ltr'>χειροτονεῖται</span> <span class='ocrx_word' id='word_1_213' title='bbox 1889 1911 1927 1964; x_wconf 66' lang='grc' dir='ltr'>Β</span> 
     </span>
    </p>
   </div>
   <div class='ocr_carea' id='block_1_35' title="bbox 1867 1911 3544 2007">
    <p class='ocr_par' dir='ltr' id='par_1_35' title="bbox 1889 1911 3544 2007">
     <span class='ocr_line' id='line_1_35' title="bbox 1889 1911 3544 2007; baseline -0.012 -15"><span class='ocrx_word' id='word_1_214' title='bbox 1889 1911 2177 1992; x_wconf 67' lang='grc' dir='ltr'>ΒΑνίιιιιὶε</span> <span class='ocrx_word' id='word_1_215' title='bbox 2226 1936 2497 2007; x_wconf 75' lang='lat' dir='ltr'><strong>Georgius</strong></span> <span class='ocrx_word' id='word_1_216' title='bbox 2548 1947 2740 1988; x_wconf 81' lang='lat' dir='ltr'><strong>eorum</strong></span> <span class='ocrx_word' id='word_1_217' title='bbox 2785 1940 2967 1995; x_wconf 68' lang='lat' dir='ltr'><strong>sectae,</strong></span> <span class='ocrx_word' id='word_1_218' title='bbox 3030 1933 3341 1982; x_wconf 88' lang='lat' dir='ltr'><strong>monstrum</strong></span> <span class='ocrx_word' id='word_1_219' title='bbox 3402 1920 3544 1991; x_wconf 47' lang='lat' dir='ltr'><strong>Cap‘</strong></span> 
     </span>
    </p>
   </div>
   <div class='ocr_carea' id='block_1_36' title="bbox 257 2020 1851 2097">
    <p class='ocr_par' dir='ltr' id='par_1_36' title="bbox 257 2020 1851 2097">
     <span class='ocr_line' id='line_1_36' title="bbox 257 2020 1851 2097; baseline 0.006 -27"><span class='ocrx_word' id='word_1_220' title='bbox 257 2020 367 2071; x_wconf 70' lang='grc' dir='ltr'>ὑπδ</span> <span class='ocrx_word' id='word_1_221' title='bbox 415 2020 715 2090; x_wconf 81' lang='grc' dir='ltr'>Ἀρειανῶν</span> <span class='ocrx_word' id='word_1_222' title='bbox 772 2023 1049 2095; x_wconf 80' lang='grc' dir='ltr'>Γεώργιος</span> <span class='ocrx_word' id='word_1_223' title='bbox 1077 2025 1351 2097; x_wconf 81' lang='grc' dir='ltr'>ἀρειανὺς,</span> <span class='ocrx_word' id='word_1_224' title='bbox 1385 2026 1549 2097; x_wconf 83' lang='grc' dir='ltr'>τέρας</span> <span class='ocrx_word' id='word_1_225' title='bbox 1601 2044 1655 2080; x_wconf 89' lang='grc' dir='ltr'><strong>τι</strong></span> <span class='ocrx_word' id='word_1_226' title='bbox 1691 2029 1851 2080; x_wconf 69' lang='lat' dir='ltr'><strong>Kc:-</strong></span> 
     </span>
    </p>
   </div>
   <div class='ocr_carea' id='block_1_37' title="bbox 257 2110 572 2166">
    <p class='ocr_par' dir='ltr' id='par_1_37' title="bbox 257 2110 572 2166">
     <span class='ocr_line' id='line_1_37' title="bbox 257 2110 572 2166; baseline 0.013 -4"><span class='ocrx_word' id='word_1_227' title='bbox 257 2110 464 2163; x_wconf 70' lang='grc' dir='ltr'>παόοκε</span> <span class='ocrx_word' id='word_1_228' title='bbox 475 2130 572 2166; x_wconf 84' lang='grc' dir='ltr'>ιον.</span> 
     </span>
    </p>
   </div>
   <div class='ocr_carea' id='block_1_38' title="bbox 328 2203 1856 2281">
    <p class='ocr_par' dir='ltr' id='par_1_38' title="bbox 328 2203 1856 2281">
     <span class='ocr_line' id='line_1_38' title="bbox 328 2203 1856 2281; baseline 0.004 -25"><span class='ocrx_word' id='word_1_229' title='bbox 328 2203 423 2271; x_wconf 83' lang='grc' dir='ltr'><strong>Τῷ</strong></span> <span class='ocrx_word' id='word_1_230' title='bbox 448 2211 480 2258; x_wconf 81' lang='grc' dir='ltr'>ι’</span> <span class='ocrx_word' id='word_1_231' title='bbox 503 2206 612 2258; x_wconf 76' lang='grc' dir='ltr'>ἔτει</span> <span class='ocrx_word' id='word_1_232' title='bbox 630 2207 1006 2271; x_wconf 74' lang='grc' dir='ltr'>Κωνστάντιος</span> <span class='ocrx_word' id='word_1_233' title='bbox 1025 2209 1115 2263; x_wconf 76' lang='grc' dir='ltr'>τὸν</span> <span class='ocrx_word' id='word_1_234' title='bbox 1136 2209 1195 2262; x_wconf 81' lang='grc' dir='ltr'>ὲν</span> <span class='ocrx_word' id='word_1_235' title='bbox 1220 2209 1513 2280; x_wconf 78' lang='grc' dir='ltr'>Σελευκείᾳ</span> <span class='ocrx_word' id='word_1_236' title='bbox 1532 2209 1635 2279; x_wconf 72' lang='grc' dir='ltr'>τῆς</span> <span class='ocrx_word' id='word_1_237' title='bbox 1655 2210 1856 2281; x_wconf 85' lang='grc' dir='ltr'>Συρίας</span> 
     </span>
    </p>
   </div>
   <div class='ocr_carea' id='block_1_39' title="bbox 256 2298 1853 2371">
    <p class='ocr_par' dir='ltr' id='par_1_39' title="bbox 256 2298 1853 2371">
     <span class='ocr_line' id='line_1_39' title="bbox 256 2298 1853 2371; baseline 0.003 -23"><span class='ocrx_word' id='word_1_238' title='bbox 256 2298 458 2367; x_wconf 80' lang='grc' dir='ltr'>λιμένα</span> <span class='ocrx_word' id='word_1_239' title='bbox 486 2300 815 2369; x_wconf 77' lang='grc' dir='ltr'>πεποίηκεν,</span> <span class='ocrx_word' id='word_1_240' title='bbox 837 2300 963 2370; x_wconf 71' lang='grc' dir='ltr'>ὅρος</span> <span class='ocrx_word' id='word_1_241' title='bbox 1017 2302 1115 2355; x_wconf 81' lang='grc' dir='ltr'><strong>ἐπὶ</strong></span> <span class='ocrx_word' id='word_1_242' title='bbox 1147 2304 1284 2355; x_wconf 81' lang='grc' dir='ltr'>πολὺ</span> <span class='ocrx_word' id='word_1_243' title='bbox 1313 2302 1609 2371; x_wconf 82' lang='grc' dir='ltr'>διατεμὼν,</span> <span class='ocrx_word' id='word_1_244' title='bbox 1633 2304 1730 2356; x_wconf 64' lang='grc' dir='ltr'><strong>καὶ⁵</strong></span> <span class='ocrx_word' id='word_1_245' title='bbox 1756 2304 1853 2369; x_wconf 77' lang='grc' dir='ltr'>τὴν</span> 
     </span>
    </p>
   </div>
   <div class='ocr_carea' id='block_1_40' title="bbox 258 2389 1851 2467">
    <p class='ocr_par' dir='ltr' id='par_1_40' title="bbox 258 2389 1851 2467">
     <span class='ocr_line' id='line_1_40' title="bbox 258 2389 1851 2467; baseline 0.005 -27"><span class='ocrx_word' id='word_1_246' title='bbox 258 2389 416 2441; x_wconf 66' lang='grc' dir='ltr'>πᾶλιν</span> <span class='ocrx_word' id='word_1_247' title='bbox 439 2391 853 2460; x_wconf 78' lang='grc' dir='ltr'>ἀνῳκοδόμησε.</span> <span class='ocrx_word' id='word_1_248' title='bbox 886 2394 994 2446; x_wconf 72' lang='grc' dir='ltr'><strong>Καὶ</strong></span> <span class='ocrx_word' id='word_1_249' title='bbox 1018 2394 1120 2462; x_wconf 81' lang='grc' dir='ltr'>τὴν</span> <span class='ocrx_word' id='word_1_250' title='bbox 1165 2394 1498 2461; x_wconf 85' lang='grc' dir='ltr'>Ἀντάραδον</span> <span class='ocrx_word' id='word_1_251' title='bbox 1525 2397 1583 2448; x_wconf 78' lang='grc' dir='ltr'>ἐν</span> <span class='ocrx_word' id='word_1_252' title='bbox 1630 2396 1851 2467; x_wconf 79' lang='grc' dir='ltr'>Φοινίκῃ</span> 
     </span>
    </p>
   </div>
   <div class='ocr_carea' id='block_1_41' title="bbox 259 2482 1851 2563">
    <p class='ocr_par' dir='ltr' id='par_1_41' title="bbox 259 2482 1851 2563">
     <span class='ocr_line' id='line_1_41' title="bbox 259 2482 1851 2563; baseline 0.005 -29"><span class='ocrx_word' id='word_1_253' title='bbox 259 2482 499 2548; x_wconf 81' lang='grc' dir='ltr'>ἔκτισεν,</span> <span class='ocrx_word' id='word_1_254' title='bbox 531 2484 599 2553; x_wconf 85' lang='grc' dir='ltr'>ἣν</span> <span class='ocrx_word' id='word_1_255' title='bbox 630 2485 1051 2563; x_wconf 81' lang='grc' dir='ltr'>Κωνσταντείαν</span> <span class='ocrx_word' id='word_1_256' title='bbox 1074 2487 1353 2557; x_wconf 83' lang='grc' dir='ltr'>ὠνόμασε.</span> <span class='ocrx_word' id='word_1_257' title='bbox 1386 2487 1476 2558; x_wconf 85' lang='grc' dir='ltr'><strong>Τῷ</strong></span> <span class='ocrx_word' id='word_1_258' title='bbox 1506 2489 1552 2542; x_wconf 78' lang='grc' dir='ltr'>δ’</span> <span class='ocrx_word' id='word_1_259' title='bbox 1578 2490 1725 2560; x_wconf 81' lang='grc' dir='ltr'>αὐτῷ</span> <span class='ocrx_word' id='word_1_260' title='bbox 1744 2490 1851 2543; x_wconf 80' lang='grc' dir='ltr'>ἔτει</span> 
     </span>
    </p>
   </div>
   <div class='ocr_carea' id='block_1_42' title="bbox 260 2576 1855 2655">
    <p class='ocr_par' dir='ltr' id='par_1_42' title="bbox 260 2576 1855 2655">
     <span class='ocr_line' id='line_1_42' title="bbox 260 2576 1855 2655; baseline 0.006 -27"><span class='ocrx_word' id='word_1_261' title='bbox 260 2576 506 2647; x_wconf 73' lang='grc' dir='ltr'>ἔκλειψις</span> <span class='ocrx_word' id='word_1_262' title='bbox 539 2578 758 2646; x_wconf 79' lang='grc' dir='ltr'>ἐγένετο</span> <span class='ocrx_word' id='word_1_263' title='bbox 789 2578 967 2649; x_wconf 57' lang='grc' dir='ltr'><strong>⁴ἡλίου,</strong></span> <span class='ocrx_word' id='word_1_264' title='bbox 995 2584 1127 2652; x_wconf 80' lang='grc' dir='ltr'>μηνὶ</span> <span class='ocrx_word' id='word_1_265' title='bbox 1153 2582 1356 2653; x_wconf 85' lang='grc' dir='ltr'>Δαισίῳ</span> <span class='ocrx_word' id='word_1_266' title='bbox 1382 2582 1458 2647; x_wconf 83' lang='grc' dir='ltr'>ς’,</span> <span class='ocrx_word' id='word_1_267' title='bbox 1498 2585 1706 2653; x_wconf 72' lang='grc' dir='ltr'>ἡμέρας</span> <span class='ocrx_word' id='word_1_268' title='bbox 1734 2584 1855 2655; x_wconf 74' lang='grc' dir='ltr'>ὥρα</span> 
     </span>
    </p>
   </div>
   <div class='ocr_carea' id='block_1_43' title="bbox 259 2668 1856 2748">
    <p class='ocr_par' dir='ltr' id='par_1_43' title="bbox 259 2668 1856 2748">
     <span class='ocr_line' id='line_1_43' title="bbox 259 2668 1856 2748; baseline 0.009 -31"><span class='ocrx_word' id='word_1_269' title='bbox 259 2668 438 2738; x_wconf 76' lang='grc' dir='ltr'>τρίτη.</span> <span class='ocrx_word' id='word_1_270' title='bbox 476 2670 586 2722; x_wconf 72' lang='grc' dir='ltr'><strong>Καὶ</strong></span> <span class='ocrx_word' id='word_1_271' title='bbox 621 2672 672 2722; x_wconf 88' lang='grc' dir='ltr'>οἱ</span> <span class='ocrx_word' id='word_1_272' title='bbox 706 2671 1076 2736; x_wconf 76' lang='grc' dir='ltr'>ἀπελαθέντες</span> <span class='ocrx_word' id='word_1_273' title='bbox 1116 2674 1390 2743; x_wconf 77' lang='grc' dir='ltr'>ὀρθὸδοξοι</span> <span class='ocrx_word' id='word_1_274' title='bbox 1416 2677 1705 2729; x_wconf 78' lang='grc' dir='ltr'>ἐπίσκοποι</span> <span class='ocrx_word' id='word_1_275' title='bbox 1738 2678 1856 2748; x_wconf 74' lang='grc' dir='ltr'>ἅμα</span> 
     </span>
    </p>
   </div>
   <div class='ocr_carea' id='block_1_44' title="bbox 272 2761 1545 2837">
    <p class='ocr_par' dir='ltr' id='par_1_44' title="bbox 272 2761 1545 2837">
     <span class='ocr_line' id='line_1_44' title="bbox 272 2761 1545 2837; baseline 0.008 -26"><span class='ocrx_word' id='word_1_276' title='bbox 272 2761 578 2833; x_wconf 60' lang='grc' dir='ltr'>Ἀθανατίῳ</span> <span class='ocrx_word' id='word_1_277' title='bbox 603 2763 699 2834; x_wconf 77' lang='grc' dir='ltr'>τὴν</span> <span class='ocrx_word' id='word_1_278' title='bbox 741 2763 967 2835; x_wconf 78' lang='grc' dir='ltr'>Ῥώμην</span> <span class='ocrx_word' id='word_1_279' title='bbox 996 2766 1545 2837; x_wconf 77' lang='grc' dir='ltr'>καταλαμϐάνουσιν.</span> 
     </span>
    </p>
   </div>
   <div class='ocr_carea' id='block_1_45' title="bbox 336 2856 1857 2933">
    <p class='ocr_par' dir='ltr' id='par_1_45' title="bbox 336 2856 1857 2933">
     <span class='ocr_line' id='line_1_45' title="bbox 336 2856 1857 2933; baseline 0.004 -24"><span class='ocrx_word' id='word_1_280' title='bbox 336 2856 423 2927; x_wconf 77' lang='grc' dir='ltr'>Τῷ</span> <span class='ocrx_word' id='word_1_281' title='bbox 460 2858 518 2910; x_wconf 76' lang='grc' dir='ltr'>δὲ</span> <span class='ocrx_word' id='word_1_282' title='bbox 576 2858 645 2911; x_wconf 84' lang='grc' dir='ltr'>ια’</span> <span class='ocrx_word' id='word_1_283' title='bbox 700 2859 808 2911; x_wconf 81' lang='grc' dir='ltr'>ἔτει</span> <span class='ocrx_word' id='word_1_284' title='bbox 871 2861 1205 2933; x_wconf 85' lang='grc' dir='ltr'>γράμμασιν</span> <span class='ocrx_word' id='word_1_285' title='bbox 1280 2861 1502 2916; x_wconf 80' lang='grc' dir='ltr'>Ἰουλίου</span> <span class='ocrx_word' id='word_1_286' title='bbox 1553 2863 1645 2914; x_wconf 75' lang='grc' dir='ltr'><strong>τοῦ</strong></span> <span class='ocrx_word' id='word_1_287' title='bbox 1702 2862 1857 2916; x_wconf 75' lang='grc' dir='ltr'>πάπα</span> 
     </span>
    </p>
   </div>
   <div class='ocr_carea' id='block_1_46' title="bbox 271 2948 1853 3021">
    <p class='ocr_par' dir='ltr' id='par_1_46' title="bbox 271 2948 1853 3021">
     <span class='ocr_line' id='line_1_46' title="bbox 271 2948 1853 3021; baseline 0.004 -19"><span class='ocrx_word' id='word_1_288' title='bbox 271 2949 491 3019; x_wconf 81' lang='grc' dir='ltr'>Ῥώμης</span> <span class='ocrx_word' id='word_1_289' title='bbox 520 2948 898 3021; x_wconf 71' lang='grc' dir='ltr'>θαρρήσαντες</span> <span class='ocrx_word' id='word_1_290' title='bbox 927 2954 1052 3015; x_wconf 77' lang='grc' dir='ltr'>τοὺς</span> <span class='ocrx_word' id='word_1_291' title='bbox 1082 2954 1247 3015; x_wconf 71' lang='grc' dir='ltr'>ἰδίους</span> <span class='ocrx_word' id='word_1_292' title='bbox 1262 2953 1487 3021; x_wconf 84' lang='grc' dir='ltr'>θρόνους</span> <span class='ocrx_word' id='word_1_293' title='bbox 1518 2954 1819 3007; x_wconf 84' lang='grc' dir='ltr'>κατέλαϐον</span> <span class='ocrx_word' id='word_1_294' title='bbox 1838 2992 1853 3008; x_wconf 93' lang='grc'><strong>.</strong></span> 
     </span>
    </p>
   </div>
   <div class='ocr_carea' id='block_1_47' title="bbox 263 3041 1858 3115">
    <p class='ocr_par' dir='ltr' id='par_1_47' title="bbox 263 3041 1858 3115">
     <span class='ocr_line' id='line_1_47' title="bbox 263 3041 1858 3115; baseline 0.003 -23"><span class='ocrx_word' id='word_1_295' title='bbox 263 3041 658 3105; x_wconf 70' lang='grc' dir='ltr'>Κωνστάντιος</span> <span class='ocrx_word' id='word_1_296' title='bbox 689 3042 747 3094; x_wconf 79' lang='grc' dir='ltr'>δὲ</span> <span class='ocrx_word' id='word_1_297' title='bbox 783 3044 841 3094; x_wconf 78' lang='grc' dir='ltr'><strong>ἐν</strong></span> <span class='ocrx_word' id='word_1_298' title='bbox 884 3044 1190 3115; x_wconf 73' lang='grc' dir='ltr'><strong>Ἀντιοχείᾳ⁵</strong></span> <span class='ocrx_word' id='word_1_299' title='bbox 1211 3044 1415 3113; x_wconf 81' lang='grc' dir='ltr'>διάγων</span> <span class='ocrx_word' id='word_1_300' title='bbox 1472 3045 1698 3108; x_wconf 81' lang='grc' dir='ltr'>τούτους</span> <span class='ocrx_word' id='word_1_301' title='bbox 1750 3048 1858 3100; x_wconf 75' lang='grc' dir='ltr'><strong>ἀπο</strong></span> 
     </span>
    </p>
   </div>
   <div class='ocr_carea' id='block_1_48' title="bbox 262 3132 1218 3205">
    <p class='ocr_par' dir='ltr' id='par_1_48' title="bbox 262 3132 1218 3205">
     <span class='ocr_line' id='line_1_48' title="bbox 262 3132 1218 3205; baseline 0.004 -22"><span class='ocrx_word' id='word_1_302' title='bbox 262 3133 461 3201; x_wconf 68' lang='grc' dir='ltr'>ήλασεν</span> <span class='ocrx_word' id='word_1_303' title='bbox 494 3133 737 3204; x_wconf 78' lang='grc' dir='ltr'>ὑποϐολῇ</span> <span class='ocrx_word' id='word_1_304' title='bbox 758 3132 868 3187; x_wconf 84' lang='grc' dir='ltr'>τῷν</span> <span class='ocrx_word' id='word_1_305' title='bbox 903 3134 1218 3205; x_wconf 81' lang='grc' dir='ltr'>Ἀρειανῶν.</span> 
     </span>
    </p>
   </div>
   <div class='ocr_carea' id='block_1_49' title="bbox 1956 2030 2155 2102">
    <p class='ocr_par' dir='ltr' id='par_1_49' title="bbox 1956 2030 2155 2102">
     <span class='ocr_line' id='line_1_49' title="bbox 1956 2030 2155 2102; baseline 0.01 -18"><span class='ocrx_word' id='word_1_306' title='bbox 1956 2030 2155 2102; x_wconf 82' lang='lat' dir='ltr'><strong>padox.</strong></span> 
     </span>
    </p>
   </div>
   <div class='ocr_carea' id='block_1_50' title="bbox 2030 2189 3546 2271">
    <p class='ocr_par' dir='ltr' id='par_1_50' title="bbox 2030 2189 3546 2271">
     <span class='ocr_line' id='line_1_50' title="bbox 2030 2189 3546 2271; baseline -0.012 -10"><span class='ocrx_word' id='word_1_307' title='bbox 2030 2208 2256 2264; x_wconf 83' lang='lat' dir='ltr'><strong>Decimo</strong></span> <span class='ocrx_word' id='word_1_308' title='bbox 2286 2221 2435 2260; x_wconf 89' lang='lat' dir='ltr'><strong>anno</strong></span> <span class='ocrx_word' id='word_1_309' title='bbox 2476 2204 2846 2259; x_wconf 81' lang='lat' dir='ltr'><strong>Constantius</strong></span> <span class='ocrx_word' id='word_1_310' title='bbox 2878 2208 3097 2271; x_wconf 87' lang='lat' dir='ltr'><strong>portum</strong></span> <span class='ocrx_word' id='word_1_311' title='bbox 3146 2193 3411 2249; x_wconf 74' lang='lat' dir='ltr'><strong>Seleucia:</strong></span> <span class='ocrx_word' id='word_1_312' title='bbox 3441 2189 3546 2263; x_wconf 85' lang='lat' dir='ltr'><strong>Sy-</strong></span> 
     </span>
    </p>
   </div>
   <div class='ocr_carea' id='block_1_51' title="bbox 1956 2286 3548 2367">
    <p class='ocr_par' dir='ltr' id='par_1_51' title="bbox 1956 2286 3548 2367">
     <span class='ocr_line' id='line_1_51' title="bbox 1956 2286 3548 2367; baseline -0.013 -10"><span class='ocrx_word' id='word_1_313' title='bbox 1956 2305 2050 2357; x_wconf 64' lang='lat' dir='ltr'><strong>ria)</strong></span> <span class='ocrx_word' id='word_1_314' title='bbox 2080 2302 2410 2363; x_wconf 80' lang='lat' dir='ltr'><strong>construxit,</strong></span> <span class='ocrx_word' id='word_1_315' title='bbox 2440 2299 2645 2354; x_wconf 88' lang='lat' dir='ltr'><strong>montis</strong></span> <span class='ocrx_word' id='word_1_316' title='bbox 2673 2311 2873 2367; x_wconf 86' lang='lat' dir='ltr'><strong>magna</strong></span> <span class='ocrx_word' id='word_1_317' title='bbox 2902 2303 3054 2364; x_wconf 90' lang='lat' dir='ltr'><strong>parte</strong></span> <span class='ocrx_word' id='word_1_318' title='bbox 3085 2289 3293 2349; x_wconf 81' lang='lat' dir='ltr'><strong>excisa.</strong></span> <span class='ocrx_word' id='word_1_319' title='bbox 3323 2286 3548 2341; x_wconf 88' lang='lat' dir='ltr'><strong>urbem-</strong></span> 
     </span>
    </p>
   </div>
   <div class='ocr_carea' id='block_1_52' title="bbox 1956 2382 3545 2466">
    <p class='ocr_par' dir='ltr' id='par_1_52' title="bbox 1956 2382 3545 2466">
     <span class='ocr_line' id='line_1_52' title="bbox 1956 2382 3545 2466; baseline -0.011 -15"><span class='ocrx_word' id='word_1_320' title='bbox 1956 2412 2063 2466; x_wconf 87' lang='lat' dir='ltr'><strong>que</strong></span> <span class='ocrx_word' id='word_1_321' title='bbox 2085 2395 2299 2450; x_wconf 79' lang='lat' dir='ltr'><strong>rel‘ccit.</strong></span> <span class='ocrx_word' id='word_1_322' title='bbox 2318 2393 2582 2450; x_wconf 88' lang='lat' dir='ltr'><strong>Condidit</strong></span> <span class='ocrx_word' id='word_1_323' title='bbox 2602 2392 2769 2446; x_wconf 89' lang='lat' dir='ltr'><strong>etiam</strong></span> <span class='ocrx_word' id='word_1_324' title='bbox 2786 2385 3127 2443; x_wconf 82' lang='lat' dir='ltr'><strong>Antaradttm</strong></span> <span class='ocrx_word' id='word_1_325' title='bbox 3164 2385 3216 2438; x_wconf 88' lang='lat' dir='ltr'><strong>itt</strong></span> <span class='ocrx_word' id='word_1_326' title='bbox 3241 2382 3545 2446; x_wconf 71' lang='lat' dir='ltr'><strong>thnicia,</strong></span> 
     </span>
    </p>
   </div>
   <div class='ocr_carea' id='block_1_53' title="bbox 1958 2474 3547 2541">
    <p class='ocr_par' dir='ltr' id='par_1_53' title="bbox 1958 2474 3547 2541">
     <span class='ocr_line' id='line_1_53' title="bbox 1958 2474 3547 2541; baseline -0.008 0"><span class='ocrx_word' id='word_1_327' title='bbox 1958 2496 2015 2541; x_wconf 66' lang='lat' dir='ltr'><strong>et</strong></span> <span class='ocrx_word' id='word_1_328' title='bbox 2054 2487 2440 2541; x_wconf 87' lang='lat' dir='ltr'><strong>Constantiam</strong></span> <span class='ocrx_word' id='word_1_329' title='bbox 2478 2485 2804 2540; x_wconf 85' lang='lat' dir='ltr'><strong>nominavit.</strong></span> <span class='ocrx_word' id='word_1_330' title='bbox 2862 2480 3065 2534; x_wconf 87' lang='lat' dir='ltr'><strong>Eodem</strong></span> <span class='ocrx_word' id='word_1_331' title='bbox 3098 2492 3243 2532; x_wconf 88' lang='lat' dir='ltr'><strong>anno</strong></span> <span class='ocrx_word' id='word_1_332' title='bbox 3298 2474 3547 2532; x_wconf 75' lang='lat' dir='ltr'><strong>defectus</strong></span> 
     </span>
    </p>
   </div>
   <div class='ocr_carea' id='block_1_54' title="bbox 1957 2568 3548 2648">
    <p class='ocr_par' dir='ltr' id='par_1_54' title="bbox 1957 2568 3548 2648">
     <span class='ocr_line' id='line_1_54' title="bbox 1957 2568 3548 2648; baseline -0.01 -9"><span class='ocrx_word' id='word_1_333' title='bbox 1957 2582 2229 2648; x_wconf 81' lang='lat' dir='ltr'><strong>solisl&#39;uit,</strong></span> <span class='ocrx_word' id='word_1_334' title='bbox 2251 2589 2403 2638; x_wconf 78' lang='lat' dir='ltr'><strong>sexta</strong></span> <span class='ocrx_word' id='word_1_335' title='bbox 2421 2581 2630 2636; x_wconf 88' lang='lat' dir='ltr'><strong>mensis</strong></span> <span class='ocrx_word' id='word_1_336' title='bbox 2646 2578 2800 2634; x_wconf 62' lang='lat' dir='ltr'><strong>Dazsii</strong></span> <span class='ocrx_word' id='word_1_337' title='bbox 2829 2577 2939 2639; x_wconf 85' lang='lat' dir='ltr'><strong>die.</strong></span> <span class='ocrx_word' id='word_1_338' title='bbox 2968 2575 3101 2629; x_wconf 89' lang='lat' dir='ltr'><strong>hora</strong></span> <span class='ocrx_word' id='word_1_339' title='bbox 3119 2574 3227 2628; x_wconf 87' lang='lat' dir='ltr'><strong>diei</strong></span> <span class='ocrx_word' id='word_1_340' title='bbox 3258 2573 3439 2627; x_wconf 85' lang='lat' dir='ltr'><strong>tertia.</strong></span> <span class='ocrx_word' id='word_1_341' title='bbox 3477 2568 3548 2623; x_wconf 81' lang='lat' dir='ltr'><strong>Et</strong></span> 
     </span>
    </p>
   </div>
   <div class='ocr_carea' id='block_1_55' title="bbox 1958 2664 3544 2748">
    <p class='ocr_par' dir='ltr' id='par_1_55' title="bbox 1958 2664 3544 2748">
     <span class='ocr_line' id='line_1_55' title="bbox 1958 2664 3544 2748; baseline -0.011 -15"><span class='ocrx_word' id='word_1_342' title='bbox 1958 2678 2207 2748; x_wconf 82' lang='lat' dir='ltr'><strong>episcopi</strong></span> <span class='ocrx_word' id='word_1_343' title='bbox 2237 2690 2419 2731; x_wconf 88' lang='lat' dir='ltr'><strong>veram</strong></span> <span class='ocrx_word' id='word_1_344' title='bbox 2450 2674 2774 2742; x_wconf 89' lang='lat' dir='ltr'><strong>religionem</strong></span> <span class='ocrx_word' id='word_1_345' title='bbox 2801 2681 3040 2729; x_wconf 88' lang='lat' dir='ltr'><strong>tuentes.</strong></span> <span class='ocrx_word' id='word_1_346' title='bbox 3079 2668 3171 2737; x_wconf 84' lang='lat' dir='ltr'><strong>qui</strong></span> <span class='ocrx_word' id='word_1_347' title='bbox 3204 2669 3257 2719; x_wconf 90' lang='lat' dir='ltr'><strong>in</strong></span> <span class='ocrx_word' id='word_1_348' title='bbox 3287 2664 3544 2719; x_wconf 72' lang='lat' dir='ltr'><strong>exsilium</strong></span> 
     </span>
    </p>
   </div>
   <div class='ocr_carea' id='block_1_56' title="bbox 1958 2763 3467 2832">
    <p class='ocr_par' dir='ltr' id='par_1_56' title="bbox 1958 2763 3467 2832">
     <span class='ocr_line' id='line_1_56' title="bbox 1958 2763 3467 2832; baseline -0.011 -8"><span class='ocrx_word' id='word_1_349' title='bbox 1958 2770 2063 2823; x_wconf 82' lang='lat' dir='ltr'><strong>acti</strong></span> <span class='ocrx_word' id='word_1_350' title='bbox 2101 2776 2279 2832; x_wconf 89' lang='lat' dir='ltr'><strong>erant,</strong></span> <span class='ocrx_word' id='word_1_351' title='bbox 2315 2782 2440 2820; x_wconf 88' lang='lat' dir='ltr'><strong>cum</strong></span> <span class='ocrx_word' id='word_1_352' title='bbox 2469 2765 2771 2821; x_wconf 81' lang='lat' dir='ltr'><strong>Athanasio</strong></span> <span class='ocrx_word' id='word_1_353' title='bbox 2811 2763 3041 2816; x_wconf 83' lang='lat' dir='ltr'><strong>Romam</strong></span> <span class='ocrx_word' id='word_1_354' title='bbox 3075 2769 3467 2830; x_wconf 67' lang='lat' dir='ltr'><strong>parvi-nerunt.</strong></span> 
     </span>
    </p>
   </div>
   <div class='ocr_carea' id='block_1_57' title="bbox 2037 2847 3544 2921">
    <p class='ocr_par' dir='ltr' id='par_1_57' title="bbox 2037 2847 3544 2921">
     <span class='ocr_line' id='line_1_57' title="bbox 2037 2847 3544 2921; baseline -0.011 -4"><span class='ocrx_word' id='word_1_355' title='bbox 2037 2861 2340 2917; x_wconf 88' lang='lat' dir='ltr'><strong>Undecimo</strong></span> <span class='ocrx_word' id='word_1_356' title='bbox 2374 2873 2524 2912; x_wconf 86' lang='lat' dir='ltr'><strong>anno</strong></span> <span class='ocrx_word' id='word_1_357' title='bbox 2559 2857 2723 2911; x_wconf 88' lang='lat' dir='ltr'><strong>iidem</strong></span> <span class='ocrx_word' id='word_1_358' title='bbox 2758 2856 2959 2909; x_wconf 90' lang='lat' dir='ltr'><strong>litteris</strong></span> <span class='ocrx_word' id='word_1_359' title='bbox 2988 2853 3115 2907; x_wconf 83' lang='lat' dir='ltr'><strong>Julii</strong></span> <span class='ocrx_word' id='word_1_360' title='bbox 3148 2864 3302 2921; x_wconf 49' lang='lat' dir='ltr'><strong>papa).</strong></span> <span class='ocrx_word' id='word_1_361' title='bbox 3341 2847 3544 2902; x_wconf 79' lang='lat' dir='ltr'><strong>Roma-</strong></span> 
     </span>
    </p>
   </div>
   <div class='ocr_carea' id='block_1_58' title="bbox 1962 2940 3542 3018">
    <p class='ocr_par' dir='ltr' id='par_1_58' title="bbox 1962 2940 3542 3018">
     <span class='ocr_line' id='line_1_58' title="bbox 1962 2940 3542 3018; baseline -0.01 -10"><span class='ocrx_word' id='word_1_362' title='bbox 1962 2956 2017 3008; x_wconf 91' lang='lat' dir='ltr'><strong>ni</strong></span> <span class='ocrx_word' id='word_1_363' title='bbox 2080 2954 2204 3007; x_wconf 79' lang='lat' dir='ltr'><strong>freti</strong></span> <span class='ocrx_word' id='word_1_364' title='bbox 2268 2966 2366 3006; x_wconf 86' lang='lat' dir='ltr'><strong>sua</strong></span> <span class='ocrx_word' id='word_1_365' title='bbox 2428 2951 2567 3005; x_wconf 89' lang='lat' dir='ltr'><strong>solia</strong></span> <span class='ocrx_word' id='word_1_366' title='bbox 2629 2958 3126 3018; x_wconf 86' lang='lat' dir='ltr'><strong>recuperaverunt.</strong></span> <span class='ocrx_word' id='word_1_367' title='bbox 3181 2940 3542 2996; x_wconf 85' lang='lat' dir='ltr'><strong>Constantius</strong></span> 
     </span>
    </p>
   </div>
   <div class='ocr_carea' id='block_1_59' title="bbox 1961 3035 3543 3111">
    <p class='ocr_par' dir='ltr' id='par_1_59' title="bbox 1961 3035 3543 3111">
     <span class='ocr_line' id='line_1_59' title="bbox 1961 3035 3543 3111; baseline -0.009 -13"><span class='ocrx_word' id='word_1_368' title='bbox 1961 3055 2142 3099; x_wconf 87' lang='lat' dir='ltr'><strong>autem</strong></span> <span class='ocrx_word' id='word_1_369' title='bbox 2196 3042 2505 3097; x_wconf 61' lang='lat' dir='ltr'><strong>Antiochiae</strong></span> <span class='ocrx_word' id='word_1_370' title='bbox 2534 3041 2741 3111; x_wconf 83' lang='lat' dir='ltr'><strong>degens</strong></span> <span class='ocrx_word' id='word_1_371' title='bbox 2772 3039 3038 3094; x_wconf 83' lang='lat' dir='ltr'><strong>instinctu</strong></span> <span class='ocrx_word' id='word_1_372' title='bbox 3083 3035 3414 3091; x_wconf 87' lang='lat' dir='ltr'><strong>Arianorum</strong></span> <span class='ocrx_word' id='word_1_373' title='bbox 3446 3045 3543 3085; x_wconf 90' lang='lat' dir='ltr'><strong>eos</strong></span> 
     </span>
    </p>
   </div>
   <div class='ocr_carea' id='block_1_60' title="bbox 1963 3138 2172 3205">
    <p class='ocr_par' dir='ltr' id='par_1_60' title="bbox 1963 3138 2172 3205">
     <span class='ocr_line' id='line_1_60' title="bbox 1963 3138 2172 3205; baseline -0.019 -13"><span class='ocrx_word' id='word_1_374' title='bbox 1963 3138 2172 3205; x_wconf 70' lang='lat' dir='ltr'><strong>abegit.</strong></span> 
     </span>
    </p>
   </div>
   <div class='ocr_carea' id='block_1_61' title="bbox 332 3213 2009 3311">
    <p class='ocr_par' dir='ltr' id='par_1_61' title="bbox 332 3223 1927 3311">
     <span class='ocr_line' id='line_1_61' title="bbox 332 3223 1927 3311; baseline 0.004 -34"><span class='ocrx_word' id='word_1_375' title='bbox 332 3223 424 3294; x_wconf 90' lang='grc' dir='ltr'>Τῷ</span> <span class='ocrx_word' id='word_1_376' title='bbox 456 3224 523 3294; x_wconf 76' lang='grc' dir='ltr'><strong>ιβ’</strong></span> <span class='ocrx_word' id='word_1_377' title='bbox 552 3225 662 3277; x_wconf 83' lang='grc' dir='ltr'>ἒτει</span> <span class='ocrx_word' id='word_1_378' title='bbox 705 3226 930 3294; x_wconf 80' lang='grc' dir='ltr'>σεισμὸς</span> <span class='ocrx_word' id='word_1_379' title='bbox 956 3229 1129 3298; x_wconf 83' lang='grc' dir='ltr'>μέγας</span> <span class='ocrx_word' id='word_1_380' title='bbox 1156 3227 1375 3296; x_wconf 76' lang='grc' dir='ltr'>ἐγένετο</span> <span class='ocrx_word' id='word_1_381' title='bbox 1403 3230 1459 3281; x_wconf 80' lang='grc' dir='ltr'><strong>ἐν</strong></span> <span class='ocrx_word' id='word_1_382' title='bbox 1494 3228 1721 3301; x_wconf 78' lang='grc' dir='ltr'>Βηρυτῷ</span> <span class='ocrx_word' id='word_1_383' title='bbox 1752 3230 1851 3301; x_wconf 73' lang='grc' dir='ltr'>τῆς</span> <span class='ocrx_word' id='word_1_384' title='bbox 1884 3253 1927 3311; x_wconf 74' lang='lat' dir='ltr'><strong>c</strong></span> 
     </span>
    </p>
   </div>
   <div class='ocr_carea' id='block_1_62' title="bbox 1868 3213 3545 3311">
    <p class='ocr_par' dir='ltr' id='par_1_62' title="bbox 1884 3213 3545 3311">
     <span class='ocr_line' id='line_1_62' title="bbox 1884 3213 3545 3311; baseline -0.008 -29"><span class='ocrx_word' id='word_1_385' title='bbox 1884 3253 1927 3311; x_wconf 69' lang='grc' dir='ltr'><strong>ο</strong></span> <span class='ocrx_word' id='word_1_386' title='bbox 2036 3228 2374 3281; x_wconf 84' lang='lat' dir='ltr'><strong>Duodcctmo</strong></span> <span class='ocrx_word' id='word_1_387' title='bbox 2408 3240 2555 3280; x_wconf 89' lang='lat' dir='ltr'><strong>anno</strong></span> <span class='ocrx_word' id='word_1_388' title='bbox 2605 3232 2768 3280; x_wconf 70' lang='lat' dir='ltr'><strong>terrae</strong></span> <span class='ocrx_word' id='word_1_389' title='bbox 2819 3227 3007 3277; x_wconf 79' lang='lat' dir='ltr'><strong>motus</strong></span> <span class='ocrx_word' id='word_1_390' title='bbox 3035 3220 3299 3290; x_wconf 85' lang='lat' dir='ltr'><strong>majorem</strong></span> <span class='ocrx_word' id='word_1_391' title='bbox 3362 3213 3545 3286; x_wconf 83' lang='lat' dir='ltr'><strong>Beryti</strong></span> 
     </span>
    </p>
   </div>
   <div class='ocr_carea' id='block_1_63' title="bbox 260 3317 1564 3388">
    <p class='ocr_par' dir='ltr' id='par_1_63' title="bbox 260 3317 1564 3388">
     <span class='ocr_line' id='line_1_63' title="bbox 260 3317 1564 3388; baseline 0.005 -20"><span class='ocrx_word' id='word_1_392' title='bbox 260 3317 537 3385; x_wconf 61' lang='grc' dir='ltr'>Φοινίκης,</span> <span class='ocrx_word' id='word_1_393' title='bbox 575 3318 649 3380; x_wconf 84' lang='grc' dir='ltr'>ὡς</span> <span class='ocrx_word' id='word_1_394' title='bbox 684 3318 746 3371; x_wconf 74' lang='grc' dir='ltr'>τὸ</span> <span class='ocrx_word' id='word_1_395' title='bbox 764 3318 950 3371; x_wconf 85' lang='grc' dir='ltr'>πλεῖον</span> <span class='ocrx_word' id='word_1_396' title='bbox 978 3320 1075 3388; x_wconf 78' lang='grc' dir='ltr'>τῆς</span> <span class='ocrx_word' id='word_1_397' title='bbox 1111 3321 1325 3383; x_wconf 64' lang='grc' dir='ltr'>’πόλεως</span> <span class='ocrx_word' id='word_1_398' title='bbox 1356 3325 1564 3375; x_wconf 78' lang='grc' dir='ltr'>πεσεῖν.</span> 
     </span>
    </p>
   </div>
   <div class='ocr_carea' id='block_1_64' title="bbox 332 3405 1852 3481">
    <p class='ocr_par' dir='ltr' id='par_1_64' title="bbox 332 3405 1852 3481">
     <span class='ocr_line' id='line_1_64' title="bbox 332 3405 1852 3481; baseline 0.003 -24"><span class='ocrx_word' id='word_1_399' title='bbox 332 3405 426 3475; x_wconf 87' lang='grc' dir='ltr'><strong>Τῷ</strong></span> <span class='ocrx_word' id='word_1_400' title='bbox 453 3405 522 3473; x_wconf 91' lang='grc' dir='ltr'>ιγ’</span> <span class='ocrx_word' id='word_1_401' title='bbox 555 3405 665 3460; x_wconf 81' lang='grc' dir='ltr'>ἔτει</span> <span class='ocrx_word' id='word_1_402' title='bbox 714 3406 993 3481; x_wconf 82' lang='grc' dir='ltr'>Σαπὼρης</span> <span class='ocrx_word' id='word_1_403' title='bbox 1049 3411 1263 3480; x_wconf 83' lang='grc' dir='ltr'>Πέρσης</span> <span class='ocrx_word' id='word_1_404' title='bbox 1304 3413 1404 3480; x_wconf 77' lang='grc' dir='ltr'>τὴν</span> <span class='ocrx_word' id='word_1_405' title='bbox 1449 3413 1665 3467; x_wconf 81' lang='grc' dir='ltr'>Νίσιϐιν</span> <span class='ocrx_word' id='word_1_406' title='bbox 1697 3414 1852 3465; x_wconf 70' lang='grc' dir='ltr'>πόλιν</span> 
     </span>
    </p>
   </div>
   <div class='ocr_carea' id='block_1_65' title="bbox 262 3500 1868 3575">
    <p class='ocr_par' dir='ltr' id='par_1_65' title="bbox 262 3500 1868 3575">
     <span class='ocr_line' id='line_1_65' title="bbox 262 3500 1868 3575; baseline 0.004 -25"><span class='ocrx_word' id='word_1_407' title='bbox 262 3500 525 3562; x_wconf 78' lang='grc' dir='ltr'>ποικίλως</span> <span class='ocrx_word' id='word_1_408' title='bbox 565 3501 1032 3571; x_wconf 67' lang='grc' dir='ltr'>παρακαθεσθεὶς,</span> <span class='ocrx_word' id='word_1_409' title='bbox 1064 3502 1156 3555; x_wconf 83' lang='grc' dir='ltr'><strong>τόν</strong></span> <span class='ocrx_word' id='word_1_410' title='bbox 1206 3520 1264 3556; x_wconf 89' lang='grc' dir='ltr'><strong>τε</strong></span> <span class='ocrx_word' id='word_1_411' title='bbox 1302 3506 1551 3573; x_wconf 74' lang='grc' dir='ltr'>ποταμὸν</span> <span class='ocrx_word' id='word_1_412' title='bbox 1576 3505 1714 3558; x_wconf 73' lang='grc' dir='ltr'>κατὰ</span> <span class='ocrx_word' id='word_1_413' title='bbox 1751 3506 1868 3575; x_wconf 72' lang='grc' dir='ltr'>τῆς,</span> 
     </span>
    </p>
   </div>
   <div class='ocr_carea' id='block_1_66' title="bbox 262 3593 1852 3667">
    <p class='ocr_par' dir='ltr' id='par_1_66' title="bbox 262 3593 1852 3667">
     <span class='ocr_line' id='line_1_66' title="bbox 262 3593 1852 3667; baseline 0.004 -24"><span class='ocrx_word' id='word_1_414' title='bbox 262 3593 473 3655; x_wconf 75' lang='grc' dir='ltr'>πόλεως</span> <span class='ocrx_word' id='word_1_415' title='bbox 490 3595 722 3662; x_wconf 75' lang='grc' dir='ltr'>κινήσας</span> <span class='ocrx_word' id='word_1_416' title='bbox 780 3593 877 3646; x_wconf 80' lang='grc' dir='ltr'>καὶ</span> <span class='ocrx_word' id='word_1_417' title='bbox 904 3594 1169 3658; x_wconf 81' lang='grc' dir='ltr'>παντοίας</span> <span class='ocrx_word' id='word_1_418' title='bbox 1207 3596 1458 3665; x_wconf 80' lang='grc' dir='ltr'>μηχανὰς</span> <span class='ocrx_word' id='word_1_419' title='bbox 1501 3599 1732 3667; x_wconf 84' lang='grc' dir='ltr'>ποιήσας</span> <span class='ocrx_word' id='word_1_420' title='bbox 1753 3601 1852 3667; x_wconf 76' lang='grc' dir='ltr'><strong>ητ-</strong></span> 
     </span>
    </p>
   </div>
   <div class='ocr_carea' id='block_1_67' title="bbox 261 3684 1851 3760">
    <p class='ocr_par' dir='ltr' id='par_1_67' title="bbox 261 3684 1851 3760">
     <span class='ocr_line' id='line_1_67' title="bbox 261 3684 1851 3760; baseline 0.004 -24"><span class='ocrx_word' id='word_1_421' title='bbox 261 3684 423 3753; x_wconf 81' lang='grc' dir='ltr'>τήθη,</span> <span class='ocrx_word' id='word_1_422' title='bbox 468 3687 563 3738; x_wconf 75' lang='grc' dir='ltr'>καὶ</span> <span class='ocrx_word' id='word_1_423' title='bbox 607 3686 829 3754; x_wconf 76' lang='grc' dir='ltr'>φεύγων</span> <span class='ocrx_word' id='word_1_424' title='bbox 875 3688 955 3750; x_wconf 82' lang='grc' dir='ltr'><strong>εἰς</strong></span> <span class='ocrx_word' id='word_1_425' title='bbox 991 3687 1093 3757; x_wconf 84' lang='grc' dir='ltr'>τὴν</span> <span class='ocrx_word' id='word_1_426' title='bbox 1153 3689 1365 3741; x_wconf 84' lang='grc' dir='ltr'>οἰκείαν</span> <span class='ocrx_word' id='word_1_427' title='bbox 1413 3689 1764 3760; x_wconf 79' lang='grc' dir='ltr'>ὑπεχώρησε,</span> <span class='ocrx_word' id='word_1_428' title='bbox 1795 3692 1851 3742; x_wconf 73' lang='grc' dir='ltr'>τὸ</span> 
     </span>
    </p>
   </div>
   <div class='ocr_carea' id='block_1_68' title="bbox 264 3777 1317 3843">
    <p class='ocr_par' dir='ltr' id='par_1_68' title="bbox 264 3777 1317 3843">
     <span class='ocr_line' id='line_1_68' title="bbox 264 3777 1317 3843; baseline 0.007 -15"><span class='ocrx_word' id='word_1_429' title='bbox 264 3778 519 3829; x_wconf 77' lang='grc' dir='ltr'>πλεῖστον</span> <span class='ocrx_word' id='word_1_430' title='bbox 541 3778 637 3830; x_wconf 82' lang='grc' dir='ltr'>τοῦ</span> <span class='ocrx_word' id='word_1_431' title='bbox 660 3777 792 3830; x_wconf 75' lang='grc' dir='ltr'>λαοῦ</span> <span class='ocrx_word' id='word_1_432' title='bbox 819 3779 987 3831; x_wconf 70' lang='grc' dir='ltr'>αὑτοῦ</span> <span class='ocrx_word' id='word_1_433' title='bbox 1015 3778 1317 3843; x_wconf 76' lang='grc' dir='ltr'>ἀπολέσας.</span> 
     </span>
    </p>
   </div>
   <div class='ocr_carea' id='block_1_69' title="bbox 334 3867 1852 3941">
    <p class='ocr_par' dir='ltr' id='par_1_69' title="bbox 334 3867 1852 3941">
     <span class='ocr_line' id='line_1_69' title="bbox 334 3867 1852 3941; baseline 0.003 -19"><span class='ocrx_word' id='word_1_434' title='bbox 334 3867 429 3939; x_wconf 83' lang='grc' dir='ltr'><strong>Τῷ</strong></span> <span class='ocrx_word' id='word_1_435' title='bbox 464 3868 522 3921; x_wconf 84' lang='grc' dir='ltr'>ιδ’</span> <span class='ocrx_word' id='word_1_436' title='bbox 552 3869 662 3921; x_wconf 77' lang='grc' dir='ltr'>ἑτει</span> <span class='ocrx_word' id='word_1_437' title='bbox 692 3869 1077 3933; x_wconf 80' lang='grc' dir='ltr'>Κωνστάντιος</span> <span class='ocrx_word' id='word_1_438' title='bbox 1108 3870 1200 3924; x_wconf 80' lang='grc' dir='ltr'><strong>τὸν</strong></span> <span class='ocrx_word' id='word_1_439' title='bbox 1227 3871 1447 3941; x_wconf 74' lang='grc' dir='ltr'>ἀνεψιὸν</span> <span class='ocrx_word' id='word_1_440' title='bbox 1479 3871 1681 3925; x_wconf 83' lang='grc' dir='ltr'>Γάλλον</span> <span class='ocrx_word' id='word_1_441' title='bbox 1714 3873 1852 3926; x_wconf 82' lang='grc' dir='ltr'>Καί-</span> 
     </span>
    </p>
   </div>
   <div class='ocr_carea' id='block_1_70' title="bbox 265 3959 1853 4033">
    <p class='ocr_par' dir='ltr' id='par_1_70' title="bbox 265 3959 1853 4033">
     <span class='ocr_line' id='line_1_70' title="bbox 265 3959 1853 4033; baseline 0.003 -19"><span class='ocrx_word' id='word_1_442' title='bbox 265 3978 410 4031; x_wconf 84' lang='grc' dir='ltr'>σαρα</span> <span class='ocrx_word' id='word_1_443' title='bbox 428 3959 811 4029; x_wconf 79' lang='grc' dir='ltr'>ἀναγορεύσας</span> <span class='ocrx_word' id='word_1_444' title='bbox 839 3962 936 4015; x_wconf 77' lang='grc' dir='ltr'>καὶ</span> <span class='ocrx_word' id='word_1_445' title='bbox 971 3963 1353 4017; x_wconf 80' lang='grc' dir='ltr'>Κωνστάντιον</span> <span class='ocrx_word' id='word_1_446' title='bbox 1381 3965 1761 4033; x_wconf 76' lang='grc' dir='ltr'>μετονομάσας</span> <span class='ocrx_word' id='word_1_447' title='bbox 1795 3969 1853 4019; x_wconf 86' lang='grc' dir='ltr'><strong>ὲν</strong></span> 
     </span>
    </p>
   </div>
   <div class='ocr_carea' id='block_1_71' title="bbox 264 4052 1005 4124">
    <p class='ocr_par' dir='ltr' id='par_1_71' title="bbox 264 4052 1005 4124">
     <span class='ocr_line' id='line_1_71' title="bbox 264 4052 1005 4124; baseline 0 -19"><span class='ocrx_word' id='word_1_448' title='bbox 264 4056 331 4124; x_wconf 73' lang='grc' dir='ltr'>τῇ</span> <span class='ocrx_word' id='word_1_449' title='bbox 365 4052 626 4124; x_wconf 76' lang='grc' dir='ltr'>’Δνατολῇ</span> <span class='ocrx_word' id='word_1_450' title='bbox 661 4052 1005 4107; x_wconf 77' lang='grc' dir='ltr'>ἀπέστειλεν.</span> 
     </span>
    </p>
   </div>
   <div class='ocr_carea' id='block_1_72' title="bbox 337 4146 1853 4216">
    <p class='ocr_par' dir='ltr' id='par_1_72' title="bbox 337 4146 1853 4216">
     <span class='ocr_line' id='line_1_72' title="bbox 337 4146 1853 4216; baseline 0 -17"><span class='ocrx_word' id='word_1_451' title='bbox 337 4146 430 4216; x_wconf 82' lang='grc' dir='ltr'>Τῷ</span> <span class='ocrx_word' id='word_1_452' title='bbox 468 4153 529 4201; x_wconf 84' lang='grc' dir='ltr'>ιε’</span> <span class='ocrx_word' id='word_1_453' title='bbox 578 4146 692 4200; x_wconf 76' lang='grc' dir='ltr'>ετει</span> <span class='ocrx_word' id='word_1_454' title='bbox 743 4147 792 4199; x_wconf 90' lang='grc' dir='ltr'><strong>οί</strong></span> <span class='ocrx_word' id='word_1_455' title='bbox 827 4148 885 4199; x_wconf 80' lang='grc' dir='ltr'><strong>ὲν</strong></span> <span class='ocrx_word' id='word_1_456' title='bbox 918 4150 984 4216; x_wconf 76' lang='grc' dir='ltr'>τῇ</span> <span class='ocrx_word' id='word_1_457' title='bbox 1030 4146 1291 4216; x_wconf 82' lang='grc' dir='ltr'>Ἀνατολῇ</span> <span class='ocrx_word' id='word_1_458' title='bbox 1351 4148 1448 4216; x_wconf 82' lang='grc' dir='ltr'>τῆς</span> <span class='ocrx_word' id='word_1_459' title='bbox 1490 4147 1853 4215; x_wconf 73' lang='grc' dir='ltr'>Παλαιστῖνης</span> 
     </span>
    </p>
   </div>
   <div class='ocr_carea' id='block_1_73' title="bbox 279 4237 1852 4308">
    <p class='ocr_par' dir='ltr' id='par_1_73' title="bbox 279 4237 1852 4308">
     <span class='ocr_line' id='line_1_73' title="bbox 279 4237 1852 4308; baseline -0.001 -16"><span class='ocrx_word' id='word_1_460' title='bbox 279 4238 525 4293; x_wconf 76' lang='grc' dir='ltr'>Ἰουδαῖοι</span> <span class='ocrx_word' id='word_1_461' title='bbox 549 4238 817 4306; x_wconf 83' lang='grc' dir='ltr'>ἁντῆραν,</span> <span class='ocrx_word' id='word_1_462' title='bbox 861 4238 955 4291; x_wconf 68' lang='grc' dir='ltr'>καὶ</span> <span class='ocrx_word' id='word_1_463' title='bbox 987 4237 1216 4301; x_wconf 78' lang='grc' dir='ltr'>πολλοὺς</span> <span class='ocrx_word' id='word_1_464' title='bbox 1240 4239 1348 4291; x_wconf 81' lang='grc' dir='ltr'>τῶν</span> <span class='ocrx_word' id='word_1_465' title='bbox 1391 4238 1657 4308; x_wconf 85' lang='grc' dir='ltr'>Ἑλλήνων</span> <span class='ocrx_word' id='word_1_466' title='bbox 1682 4239 1852 4291; x_wconf 86' lang='grc' dir='ltr'>ὲθνων</span> 
     </span>
    </p>
   </div>
   <div class='ocr_carea' id='block_1_74' title="bbox 264 4329 1854 4399">
    <p class='ocr_par' dir='ltr' id='par_1_74' title="bbox 264 4329 1854 4399">
     <span class='ocr_line' id='line_1_74' title="bbox 264 4329 1854 4399; baseline 0.002 -17"><span class='ocrx_word' id='word_1_467' title='bbox 264 4346 325 4382; x_wconf 89' lang='grc' dir='ltr'><strong>τε</strong></span> <span class='ocrx_word' id='word_1_468' title='bbox 355 4329 452 4383; x_wconf 78' lang='grc' dir='ltr'>καὶ</span> <span class='ocrx_word' id='word_1_469' title='bbox 482 4329 842 4399; x_wconf 83' lang='grc' dir='ltr'>Σαμαρειτῶν</span> <span class='ocrx_word' id='word_1_470' title='bbox 871 4330 1103 4382; x_wconf 80' lang='grc' dir='ltr'>ἀνεῖλον.</span> <span class='ocrx_word' id='word_1_471' title='bbox 1147 4329 1307 4382; x_wconf 75' lang='grc' dir='ltr'>Ἀλλὰ</span> <span class='ocrx_word' id='word_1_472' title='bbox 1339 4330 1433 4383; x_wconf 70' lang='grc' dir='ltr'><strong>καὶ</strong></span> <span class='ocrx_word' id='word_1_473' title='bbox 1457 4331 1612 4383; x_wconf 74' lang='grc' dir='ltr'>αὐτοὶ</span> <span class='ocrx_word' id='word_1_474' title='bbox 1642 4348 1854 4397; x_wconf 83' lang='grc' dir='ltr'>παγγε-</span> 
     </span>
    </p>
   </div>
   <div class='ocr_carea' id='block_1_75' title="bbox 262 4420 1852 4493">
    <p class='ocr_par' dir='ltr' id='par_1_75' title="bbox 262 4420 1852 4493">
     <span class='ocr_line' id='line_1_75' title="bbox 262 4420 1852 4493; baseline 0.003 -20"><span class='ocrx_word' id='word_1_475' title='bbox 262 4423 349 4473; x_wconf 73' lang='grc' dir='ltr'>νεὶ</span> <span class='ocrx_word' id='word_1_476' title='bbox 382 4421 488 4474; x_wconf 73' lang='grc' dir='ltr'><strong>ὑπὸ</strong></span> <span class='ocrx_word' id='word_1_477' title='bbox 527 4421 821 4492; x_wconf 84' lang='grc' dir='ltr'>Ῥωμαίων</span> <span class='ocrx_word' id='word_1_478' title='bbox 853 4420 1225 4493; x_wconf 78' lang='grc' dir='ltr'>ἀνῃρέθησαν,</span> <span class='ocrx_word' id='word_1_479' title='bbox 1271 4423 1423 4493; x_wconf 75' lang='grc' dir='ltr'>καὶὴ</span> <span class='ocrx_word' id='word_1_480' title='bbox 1461 4422 1621 4485; x_wconf 86' lang='grc' dir='ltr'>πόλις</span> <span class='ocrx_word' id='word_1_481' title='bbox 1671 4425 1852 4477; x_wconf 79' lang='grc' dir='ltr'>αὐτῶν</span> 
     </span>
    </p>
   </div>
   <div class='ocr_carea' id='block_1_76' title="bbox 264 4511 1851 4586">
    <p class='ocr_par' dir='ltr' id='par_1_76' title="bbox 264 4511 1851 4586">
     <span class='ocr_line' id='line_1_76' title="bbox 264 4511 1851 4586; baseline 0.002 -21"><span class='ocrx_word' id='word_1_482' title='bbox 264 4512 652 4582; x_wconf 78' lang='grc' dir='ltr'>Διοκαισάρεια</span> <span class='ocrx_word' id='word_1_483' title='bbox 680 4511 976 4583; x_wconf 71' lang='grc' dir='ltr'>ἠφανίσθη.</span> <span class='ocrx_word' id='word_1_484' title='bbox 999 4512 1090 4583; x_wconf 88' lang='grc' dir='ltr'>Τῷ</span> <span class='ocrx_word' id='word_1_485' title='bbox 1114 4512 1263 4584; x_wconf 80' lang='grc' dir='ltr'>αὐτῷ</span> <span class='ocrx_word' id='word_1_486' title='bbox 1286 4513 1395 4567; x_wconf 76' lang='grc' dir='ltr'>ἔτει</span> <span class='ocrx_word' id='word_1_487' title='bbox 1430 4517 1458 4567; x_wconf 84' lang='grc' dir='ltr'>ὁ</span> <span class='ocrx_word' id='word_1_488' title='bbox 1491 4515 1666 4586; x_wconf 82' lang='grc' dir='ltr'>μέγας</span> <span class='ocrx_word' id='word_1_489' title='bbox 1692 4516 1851 4570; x_wconf 77' lang='grc' dir='ltr'>Ἀθαο</span> 
     </span>
    </p>
   </div>
   <div class='ocr_carea' id='block_1_77' title="bbox 1960 3313 3085 3389">
    <p class='ocr_par' dir='ltr' id='par_1_77' title="bbox 1960 3313 3085 3389">
     <span class='ocr_line' id='line_1_77' title="bbox 1960 3313 3085 3389; baseline -0.007 -16"><span class='ocrx_word' id='word_1_490' title='bbox 1960 3320 2120 3389; x_wconf 81' lang='lat' dir='ltr'><strong>(urbs</strong></span> <span class='ocrx_word' id='word_1_491' title='bbox 2157 3331 2237 3374; x_wconf 83' lang='lat' dir='ltr'><strong>est</strong></span> <span class='ocrx_word' id='word_1_492' title='bbox 2278 3318 2595 3386; x_wconf 55' lang='lat' dir='ltr'><strong>thniciar)</strong></span> <span class='ocrx_word' id='word_1_493' title='bbox 2622 3325 2834 3387; x_wconf 88' lang='lat' dir='ltr'><strong>partem</strong></span> <span class='ocrx_word' id='word_1_494' title='bbox 2865 3313 3085 3369; x_wconf 82' lang='lat' dir='ltr'><strong>evertit.</strong></span> 
     </span>
    </p>
   </div>
   <div class='ocr_carea' id='block_1_78' title="bbox 2028 3390 3542 3482">
    <p class='ocr_par' dir='ltr' id='par_1_78' title="bbox 2028 3390 3542 3482">
     <span class='ocr_line' id='line_1_78' title="bbox 2028 3390 3542 3482; baseline -0.011 -13"><span class='ocrx_word' id='word_1_495' title='bbox 2028 3411 2196 3482; x_wconf 62' lang='lat'><strong>525.</strong></span> <span class='ocrx_word' id='word_1_496' title='bbox 2220 3412 2383 3465; x_wconf 88' lang='lat' dir='ltr'><strong>Anno</strong></span> <span class='ocrx_word' id='word_1_497' title='bbox 2446 3411 2515 3465; x_wconf 73' lang='lat' dir='ltr'><strong>l3</strong></span> <span class='ocrx_word' id='word_1_498' title='bbox 2546 3408 2786 3479; x_wconf 85' lang='lat' dir='ltr'><strong>Sapores</strong></span> <span class='ocrx_word' id='word_1_499' title='bbox 2840 3406 3008 3462; x_wconf 86' lang='lat' dir='ltr'><strong>Persa</strong></span> <span class='ocrx_word' id='word_1_500' title='bbox 3069 3403 3285 3459; x_wconf 85' lang='lat' dir='ltr'><strong>Nisibin</strong></span> <span class='ocrx_word' id='word_1_501' title='bbox 3350 3390 3542 3455; x_wconf 78' lang='lat' dir='ltr'><strong>urbe&#39;nt</strong></span> 
     </span>
    </p>
   </div>
   <div class='ocr_carea' id='block_1_79' title="bbox 1957 3496 3546 3575">
    <p class='ocr_par' dir='ltr' id='par_1_79' title="bbox 1957 3496 3546 3575">
     <span class='ocr_line' id='line_1_79' title="bbox 1957 3496 3546 3575; baseline -0.009 -15"><span class='ocrx_word' id='word_1_502' title='bbox 1957 3507 2140 3560; x_wconf 90' lang='lat' dir='ltr'><strong>omnis</strong></span> <span class='ocrx_word' id='word_1_503' title='bbox 2215 3504 2439 3575; x_wconf 72' lang='lat' dir='ltr'><strong>generis</strong></span> <span class='ocrx_word' id='word_1_504' title='bbox 2504 3500 2922 3573; x_wconf 79' lang='lat' dir='ltr'><strong>Oppugnatione</strong></span> <span class='ocrx_word' id='word_1_505' title='bbox 2983 3496 3253 3562; x_wconf 84' lang='lat' dir='ltr'><strong>tentavit;</strong></span> <span class='ocrx_word' id='word_1_506' title='bbox 3326 3507 3546 3547; x_wconf 86' lang='lat' dir='ltr'><strong>amnem</strong></span> 
     </span>
    </p>
   </div>
   <div class='ocr_carea' id='block_1_80' title="bbox 1955 3586 3544 3668">
    <p class='ocr_par' dir='ltr' id='par_1_80' title="bbox 1955 3586 3544 3668">
     <span class='ocr_line' id='line_1_80' title="bbox 1955 3586 3544 3668; baseline -0.007 -18"><span class='ocrx_word' id='word_1_507' title='bbox 1955 3612 2175 3668; x_wconf 84' lang='lat' dir='ltr'><strong>quoque</strong></span> <span class='ocrx_word' id='word_1_508' title='bbox 2196 3599 2463 3651; x_wconf 85' lang='lat' dir='ltr'><strong>adversus</strong></span> <span class='ocrx_word' id='word_1_509' title='bbox 2488 3595 2676 3650; x_wconf 88' lang='lat' dir='ltr'><strong>urbem</strong></span> <span class='ocrx_word' id='word_1_510' title='bbox 2712 3591 3013 3649; x_wconf 85' lang='lat' dir='ltr'><strong>concitavit</strong></span> <span class='ocrx_word' id='word_1_511' title='bbox 3039 3598 3204 3659; x_wconf 82' lang='lat' dir='ltr'><strong>atque</strong></span> <span class='ocrx_word' id='word_1_512' title='bbox 3233 3586 3544 3655; x_wconf 81' lang='lat' dir='ltr'><strong>omnigenis</strong></span> 
     </span>
    </p>
   </div>
   <div class='ocr_carea' id='block_1_81' title="bbox 1957 3678 3545 3759">
    <p class='ocr_par' dir='ltr' id='par_1_81' title="bbox 1957 3678 3545 3759">
     <span class='ocr_line' id='line_1_81' title="bbox 1957 3678 3545 3759; baseline -0.01 -14"><span class='ocrx_word' id='word_1_513' title='bbox 1957 3692 2228 3745; x_wconf 84' lang='lat' dir='ltr'><strong>machinis</strong></span> <span class='ocrx_word' id='word_1_514' title='bbox 2254 3687 2617 3759; x_wconf 77' lang='lat' dir='ltr'><strong>oppugnavit.</strong></span> <span class='ocrx_word' id='word_1_515' title='bbox 2649 3684 2843 3739; x_wconf 80' lang='lat' dir='ltr'><strong>Victus</strong></span> <span class='ocrx_word' id='word_1_516' title='bbox 2878 3696 3059 3736; x_wconf 90' lang='lat' dir='ltr'><strong>tamen</strong></span> <span class='ocrx_word' id='word_1_517' title='bbox 3092 3680 3328 3734; x_wconf 79' lang='lat' dir='ltr'><strong>maxima</strong></span> <span class='ocrx_word' id='word_1_518' title='bbox 3358 3678 3545 3746; x_wconf 72' lang='lat' dir='ltr'><strong>conia-</strong></span> 
     </span>
    </p>
   </div>
   <div class='ocr_carea' id='block_1_82' title="bbox 1958 3774 3079 3849">
    <p class='ocr_par' dir='ltr' id='par_1_82' title="bbox 1958 3774 3079 3849">
     <span class='ocr_line' id='line_1_82' title="bbox 1958 3774 3079 3849; baseline -0.007 -14"><span class='ocrx_word' id='word_1_519' title='bbox 1958 3796 2075 3835; x_wconf 87' lang='lat' dir='ltr'><strong>runt</strong></span> <span class='ocrx_word' id='word_1_520' title='bbox 2118 3791 2270 3849; x_wconf 89' lang='lat' dir='ltr'><strong>parte</strong></span> <span class='ocrx_word' id='word_1_521' title='bbox 2308 3780 2510 3834; x_wconf 88' lang='lat' dir='ltr'><strong>amissa</strong></span> <span class='ocrx_word' id='word_1_522' title='bbox 2546 3778 2769 3833; x_wconf 87' lang='lat' dir='ltr'><strong>domum</strong></span> <span class='ocrx_word' id='word_1_523' title='bbox 2831 3774 3079 3830; x_wconf 88' lang='lat' dir='ltr'><strong>recessit.</strong></span> 
     </span>
    </p>
   </div>
   <div class='ocr_carea' id='block_1_83' title="bbox 2026 3865 3545 3928">
    <p class='ocr_par' dir='ltr' id='par_1_83' title="bbox 2026 3865 3545 3928">
     <span class='ocr_line' id='line_1_83' title="bbox 2026 3865 3545 3928; baseline -0.007 -1"><span class='ocrx_word' id='word_1_524' title='bbox 2026 3874 2186 3927; x_wconf 81' lang='lat' dir='ltr'><strong>Anno</strong></span> <span class='ocrx_word' id='word_1_525' title='bbox 2212 3874 2280 3927; x_wconf 74' lang='grc'><strong>14</strong></span> <span class='ocrx_word' id='word_1_526' title='bbox 2308 3873 2672 3928; x_wconf 80' lang='lat' dir='ltr'><strong>Constantius</strong></span> <span class='ocrx_word' id='word_1_527' title='bbox 2712 3869 2927 3923; x_wconf 83' lang='lat' dir='ltr'><strong>Gallum</strong></span> <span class='ocrx_word' id='word_1_528' title='bbox 2952 3865 3347 3922; x_wconf 90' lang='lat' dir='ltr'><strong>consobrinum</strong></span> <span class='ocrx_word' id='word_1_529' title='bbox 3382 3876 3545 3917; x_wconf 86' lang='lat' dir='ltr'><strong>suum</strong></span> 
     </span>
    </p>
   </div>
   <div class='ocr_carea' id='block_1_84' title="bbox 1955 3954 3546 4034">
    <p class='ocr_par' dir='ltr' id='par_1_84' title="bbox 1955 3954 3546 4034">
     <span class='ocr_line' id='line_1_84' title="bbox 1955 3954 3546 4034; baseline -0.009 -14"><span class='ocrx_word' id='word_1_530' title='bbox 1955 3965 2227 4020; x_wconf 68' lang='lat' dir='ltr'><strong>Caesarem</strong></span> <span class='ocrx_word' id='word_1_531' title='bbox 2267 3965 2600 4034; x_wconf 73' lang='lat' dir='ltr'><strong>designavit,</strong></span> <span class='ocrx_word' id='word_1_532' title='bbox 2637 3962 2863 4017; x_wconf 89' lang='lat' dir='ltr'><strong>nomine</strong></span> <span class='ocrx_word' id='word_1_533' title='bbox 2915 3957 3228 4014; x_wconf 86' lang='lat' dir='ltr'><strong>Constantii</strong></span> <span class='ocrx_word' id='word_1_534' title='bbox 3270 3954 3467 4018; x_wconf 83' lang='lat' dir='ltr'><strong>indito,</strong></span> <span class='ocrx_word' id='word_1_535' title='bbox 3492 3961 3546 4008; x_wconf 91' lang='lat' dir='ltr'><strong>et</strong></span> 
     </span>
    </p>
   </div>
   <div class='ocr_carea' id='block_1_85' title="bbox 1957 4054 2547 4111">
    <p class='ocr_par' dir='ltr' id='par_1_85' title="bbox 1957 4054 2547 4111">
     <span class='ocr_line' id='line_1_85' title="bbox 1957 4054 2547 4111; baseline -0.007 0"><span class='ocrx_word' id='word_1_536' title='bbox 1957 4059 2011 4111; x_wconf 88' lang='lat' dir='ltr'><strong>itt</strong></span> <span class='ocrx_word' id='word_1_537' title='bbox 2040 4056 2320 4111; x_wconf 88' lang='lat' dir='ltr'><strong>Orientem</strong></span> <span class='ocrx_word' id='word_1_538' title='bbox 2372 4054 2547 4108; x_wconf 88' lang='lat' dir='ltr'><strong>misit.</strong></span> 
     </span>
    </p>
   </div>
   <div class='ocr_carea' id='block_1_86' title="bbox 2027 4141 3537 4202">
    <p class='ocr_par' dir='ltr' id='par_1_86' title="bbox 2027 4141 3537 4202">
     <span class='ocr_line' id='line_1_86' title="bbox 2027 4141 3537 4202; baseline -0.008 -1"><span class='ocrx_word' id='word_1_539' title='bbox 2027 4150 2184 4202; x_wconf 87' lang='lat' dir='ltr'><strong>Anno</strong></span> <span class='ocrx_word' id='word_1_540' title='bbox 2254 4146 2535 4201; x_wconf 72' lang='grc' dir='ltr'><strong>151υάιεὶ</strong></span> <span class='ocrx_word' id='word_1_541' title='bbox 2609 4147 2664 4199; x_wconf 92' lang='lat' dir='ltr'><strong>in</strong></span> <span class='ocrx_word' id='word_1_542' title='bbox 2724 4144 3014 4199; x_wconf 64' lang='lat' dir='ltr'><strong>Palaestina</strong></span> <span class='ocrx_word' id='word_1_543' title='bbox 3108 4141 3537 4199; x_wconf 68' lang='lat' dir='ltr'><strong>rebellat-erunt,</strong></span> 
     </span>
    </p>
   </div>
   <div class='ocr_carea' id='block_1_87' title="bbox 1959 4231 3541 4309">
    <p class='ocr_par' dir='ltr' id='par_1_87' title="bbox 1959 4231 3541 4309">
     <span class='ocr_line' id='line_1_87' title="bbox 1959 4231 3541 4309; baseline -0.006 -15"><span class='ocrx_word' id='word_1_544' title='bbox 1959 4244 2272 4309; x_wconf 86' lang='lat' dir='ltr'><strong>multosque</strong></span> <span class='ocrx_word' id='word_1_545' title='bbox 2301 4240 2552 4303; x_wconf 64' lang='lat' dir='ltr'><strong>Graecos,</strong></span> <span class='ocrx_word' id='word_1_546' title='bbox 2576 4238 2885 4293; x_wconf 83' lang='lat' dir='ltr'><strong>Samaritas</strong></span> <span class='ocrx_word' id='word_1_547' title='bbox 2924 4245 2979 4291; x_wconf 87' lang='lat' dir='ltr'><strong>et</strong></span> <span class='ocrx_word' id='word_1_548' title='bbox 3003 4235 3341 4305; x_wconf 73' lang='lat' dir='ltr'><strong>alienigenas</strong></span> <span class='ocrx_word' id='word_1_549' title='bbox 3369 4231 3541 4287; x_wconf 86' lang='lat' dir='ltr'><strong>truci-</strong></span> 
     </span>
    </p>
   </div>
   <div class='ocr_carea' id='block_1_88' title="bbox 1958 4325 3538 4401">
    <p class='ocr_par' dir='ltr' id='par_1_88' title="bbox 1958 4325 3538 4401">
     <span class='ocr_line' id='line_1_88' title="bbox 1958 4325 3538 4401; baseline -0.006 -13"><span class='ocrx_word' id='word_1_550' title='bbox 1958 4335 2252 4388; x_wconf 80' lang='lat' dir='ltr'><strong>daverunt.</strong></span> <span class='ocrx_word' id='word_1_551' title='bbox 2312 4332 2435 4386; x_wconf 79' lang='lat' dir='ltr'><strong>Mox</strong></span> <span class='ocrx_word' id='word_1_552' title='bbox 2479 4332 2584 4401; x_wconf 84' lang='lat' dir='ltr'><strong>ipsi</strong></span> <span class='ocrx_word' id='word_1_553' title='bbox 2617 4346 2645 4384; x_wconf 88' lang='lat' dir='ltr'><strong>a</strong></span> <span class='ocrx_word' id='word_1_554' title='bbox 2707 4331 2977 4384; x_wconf 79' lang='lat' dir='ltr'><strong>Romanis</strong></span> <span class='ocrx_word' id='word_1_555' title='bbox 3029 4329 3318 4383; x_wconf 81' lang='lat' dir='ltr'><strong>occidione</strong></span> <span class='ocrx_word' id='word_1_556' title='bbox 3369 4325 3538 4379; x_wconf 76' lang='lat' dir='ltr'><strong>occis.</strong></span> 
     </span>
    </p>
   </div>
   <div class='ocr_carea' id='block_1_89' title="bbox 1956 4418 3541 4495">
    <p class='ocr_par' dir='ltr' id='par_1_89' title="bbox 1956 4418 3541 4495">
     <span class='ocr_line' id='line_1_89' title="bbox 1956 4418 3541 4495; baseline -0.007 -13"><span class='ocrx_word' id='word_1_557' title='bbox 1956 4437 2104 4487; x_wconf 88' lang='lat' dir='ltr'><strong>sunt.</strong></span> <span class='ocrx_word' id='word_1_558' title='bbox 2147 4425 2389 4495; x_wconf 88' lang='lat' dir='ltr'><strong>urbsque</strong></span> <span class='ocrx_word' id='word_1_559' title='bbox 2446 4438 2637 4478; x_wconf 90' lang='lat' dir='ltr'><strong>eorum</strong></span> <span class='ocrx_word' id='word_1_560' title='bbox 2694 4423 3033 4478; x_wconf 74' lang='lat' dir='ltr'><strong>Dioctesarea</strong></span> <span class='ocrx_word' id='word_1_561' title='bbox 3092 4421 3291 4476; x_wconf 86' lang='lat' dir='ltr'><strong>deleta.</strong></span> <span class='ocrx_word' id='word_1_562' title='bbox 3339 4418 3541 4473; x_wconf 84' lang='lat' dir='ltr'><strong>Eodem</strong></span> 
     </span>
    </p>
   </div>
   <div class='ocr_carea' id='block_1_90' title="bbox 1956 4515 3539 4592">
    <p class='ocr_par' dir='ltr' id='par_1_90' title="bbox 1956 4515 3539 4592">
     <span class='ocr_line' id='line_1_90' title="bbox 1956 4515 3539 4592; baseline -0.006 -15"><span class='ocrx_word' id='word_1_563' title='bbox 1956 4538 2099 4577; x_wconf 90' lang='lat' dir='ltr'><strong>anno</strong></span> <span class='ocrx_word' id='word_1_564' title='bbox 2131 4537 2365 4592; x_wconf 80' lang='lat' dir='ltr'><strong>magnus</strong></span> <span class='ocrx_word' id='word_1_565' title='bbox 2406 4522 2751 4576; x_wconf 87' lang='lat' dir='ltr'><strong>Athanasius</strong></span> <span class='ocrx_word' id='word_1_566' title='bbox 2779 4536 2809 4574; x_wconf 91' lang='lat' dir='ltr'><strong>a</strong></span> <span class='ocrx_word' id='word_1_567' title='bbox 2845 4519 3172 4573; x_wconf 86' lang='lat' dir='ltr'><strong>Constantio</strong></span> <span class='ocrx_word' id='word_1_568' title='bbox 3204 4518 3257 4570; x_wconf 93' lang='lat' dir='ltr'><strong>in</strong></span> <span class='ocrx_word' id='word_1_569' title='bbox 3319 4515 3539 4567; x_wconf 69' lang='lat' dir='ltr'><strong>Britano</strong></span> 
     </span>
    </p>
   </div>
   <div class='ocr_carea' id='block_1_91' title="bbox 262 4604 1939 4684">
    <p class='ocr_par' dir='ltr' id='par_1_91' title="bbox 262 4605 1927 4678">
     <span class='ocr_line' id='line_1_91' title="bbox 262 4605 1927 4678; baseline 0.002 -20"><span class='ocrx_word' id='word_1_570' title='bbox 262 4606 448 4669; x_wconf 83' lang='grc' dir='ltr'>νάσιος</span> <span class='ocrx_word' id='word_1_571' title='bbox 473 4605 580 4657; x_wconf 77' lang='grc' dir='ltr'><strong>ὑπὸ</strong></span> <span class='ocrx_word' id='word_1_572' title='bbox 605 4606 990 4658; x_wconf 80' lang='grc' dir='ltr'>Κωνσταντίου</span> <span class='ocrx_word' id='word_1_573' title='bbox 1022 4608 1164 4659; x_wconf 84' lang='grc' dir='ltr'>κατὰ</span> <span class='ocrx_word' id='word_1_574' title='bbox 1188 4607 1289 4677; x_wconf 74' lang='grc' dir='ltr'>τὴν</span> <span class='ocrx_word' id='word_1_575' title='bbox 1306 4607 1642 4676; x_wconf 83' lang='grc' dir='ltr'>Βρεττανίαν</span> <span class='ocrx_word' id='word_1_576' title='bbox 1675 4607 1847 4678; x_wconf 71' lang='grc' dir='ltr'>ἐξορίο</span> <span class='ocrx_word' id='word_1_577' title='bbox 1884 4612 1927 4667; x_wconf 83' lang='lat' dir='ltr'><strong>D</strong></span> 
     </span>
    </p>
   </div>
   <div class='ocr_carea' id='block_1_92' title="bbox 1863 4604 3540 4684">
    <p class='ocr_par' dir='ltr' id='par_1_92' title="bbox 1884 4604 3540 4684">
     <span class='ocr_line' id='line_1_92' title="bbox 1884 4604 3540 4684; baseline -0.006 -17"><span class='ocrx_word' id='word_1_578' title='bbox 1884 4612 1927 4667; x_wconf 83' lang='lat' dir='ltr'><strong>D</strong></span> <span class='ocrx_word' id='word_1_579' title='bbox 1958 4617 2105 4669; x_wconf 86' lang='lat' dir='ltr'><strong>niam</strong></span> <span class='ocrx_word' id='word_1_580' title='bbox 2137 4616 2483 4684; x_wconf 87' lang='lat' dir='ltr'><strong>deportatur,</strong></span> <span class='ocrx_word' id='word_1_581' title='bbox 2516 4616 2675 4681; x_wconf 87' lang='lat' dir='ltr'><strong>eique</strong></span> <span class='ocrx_word' id='word_1_582' title='bbox 2734 4611 2886 4665; x_wconf 82' lang='lat' dir='ltr'><strong>Felix</strong></span> <span class='ocrx_word' id='word_1_583' title='bbox 2921 4609 3300 4665; x_wconf 89' lang='lat' dir='ltr'><strong>substituitur.</strong></span> <span class='ocrx_word' id='word_1_584' title='bbox 3335 4604 3540 4660; x_wconf 78' lang='lat' dir='ltr'><strong>Medio-</strong></span> 
     </span>
    </p>
   </div>
   <div class='ocr_carea' id='block_1_93' title="bbox 263 4698 1849 4770">
    <p class='ocr_par' dir='ltr' id='par_1_93' title="bbox 263 4698 1849 4770">
     <span class='ocr_line' id='line_1_93' title="bbox 263 4698 1849 4770; baseline 0.003 -21"><span class='ocrx_word' id='word_1_585' title='bbox 263 4698 441 4762; x_wconf 78' lang='grc' dir='ltr'>ζεται,</span> <span class='ocrx_word' id='word_1_586' title='bbox 466 4698 565 4752; x_wconf 77' lang='grc' dir='ltr'>καὶ</span> <span class='ocrx_word' id='word_1_587' title='bbox 582 4698 749 4768; x_wconf 74' lang='grc' dir='ltr'>Φῆλιξ</span> <span class='ocrx_word' id='word_1_588' title='bbox 794 4698 911 4751; x_wconf 77' lang='grc' dir='ltr'>ἀντ’</span> <span class='ocrx_word' id='word_1_589' title='bbox 943 4698 1109 4752; x_wconf 76' lang='grc' dir='ltr'>αὑτοῦ</span> <span class='ocrx_word' id='word_1_590' title='bbox 1142 4703 1557 4770; x_wconf 84' lang='grc' dir='ltr'>χειροτονεῖται.</span> <span class='ocrx_word' id='word_1_591' title='bbox 1600 4701 1687 4754; x_wconf 85' lang='grc' dir='ltr'>Ἐν</span> <span class='ocrx_word' id='word_1_592' title='bbox 1732 4703 1849 4755; x_wconf 83' lang='grc' dir='ltr'><strong>Με-</strong></span> 
     </span>
    </p>
   </div>
   <div class='ocr_carea' id='block_1_94' title="bbox 261 4788 1844 4860">
    <p class='ocr_par' dir='ltr' id='par_1_94' title="bbox 261 4788 1844 4860">
     <span class='ocr_line' id='line_1_94' title="bbox 261 4788 1844 4860; baseline 0.003 -18"><span class='ocrx_word' id='word_1_593' title='bbox 261 4788 532 4852; x_wconf 82' lang='grc' dir='ltr'>διολάνοις</span> <span class='ocrx_word' id='word_1_594' title='bbox 555 4788 611 4842; x_wconf 81' lang='grc' dir='ltr'>δὲ</span> <span class='ocrx_word' id='word_1_595' title='bbox 650 4788 868 4851; x_wconf 84' lang='grc' dir='ltr'>σύνοδος</span> <span class='ocrx_word' id='word_1_596' title='bbox 904 4788 1013 4842; x_wconf 82' lang='grc' dir='ltr'>τῶν</span> <span class='ocrx_word' id='word_1_597' title='bbox 1073 4788 1336 4859; x_wconf 87' lang='grc' dir='ltr'>Πατέρων</span> <span class='ocrx_word' id='word_1_598' title='bbox 1382 4790 1844 4860; x_wconf 80' lang='grc' dir='ltr'>συναθροισθεῖσα</span> 
     </span>
    </p>
   </div>
   <div class='ocr_carea' id='block_1_95' title="bbox 263 4879 1082 4950">
    <p class='ocr_par' dir='ltr' id='par_1_95' title="bbox 263 4879 1082 4950">
     <span class='ocr_line' id='line_1_95' title="bbox 263 4879 1082 4950; baseline 0.005 -19"><span class='ocrx_word' id='word_1_599' title='bbox 263 4881 429 4933; x_wconf 82' lang='grc' dir='ltr'>πάλιν</span> <span class='ocrx_word' id='word_1_600' title='bbox 458 4880 742 4950; x_wconf 65' lang='grc' dir='ltr'>ἄπρακτος</span> <span class='ocrx_word' id='word_1_601' title='bbox 777 4879 1082 4935; x_wconf 83' lang='grc' dir='ltr'>διαλύεται.</span> 
     </span>
    </p>
   </div>
   <div class='ocr_carea' id='block_1_96' title="bbox 334 4972 1849 5046">
    <p class='ocr_par' dir='ltr' id='par_1_96' title="bbox 334 4972 1849 5046">
     <span class='ocr_line' id='line_1_96' title="bbox 334 4972 1849 5046; baseline 0.002 -20"><span class='ocrx_word' id='word_1_602' title='bbox 334 4972 430 5044; x_wconf 83' lang='grc' dir='ltr'>Τῷ</span> <span class='ocrx_word' id='word_1_603' title='bbox 477 4978 548 5044; x_wconf 84' lang='grc' dir='ltr'>ιη’</span> <span class='ocrx_word' id='word_1_604' title='bbox 578 4972 688 5026; x_wconf 78' lang='grc' dir='ltr'>ἔτει</span> <span class='ocrx_word' id='word_1_605' title='bbox 725 4972 926 5038; x_wconf 87' lang='grc' dir='ltr'>Γάλλος</span> <span class='ocrx_word' id='word_1_606' title='bbox 965 4975 1258 5045; x_wconf 86' lang='grc' dir='ltr'>τυραννίδα</span> <span class='ocrx_word' id='word_1_607' title='bbox 1296 4974 1600 5046; x_wconf 84' lang='grc' dir='ltr'>μελετήσας</span> <span class='ocrx_word' id='word_1_608' title='bbox 1648 4976 1849 5029; x_wconf 86' lang='grc' dir='ltr'>κτείνει</span> 
     </span>
    </p>
   </div>
   <div class='ocr_carea' id='block_1_97' title="bbox 267 5064 1849 5139">
    <p class='ocr_par' dir='ltr' id='par_1_97' title="bbox 267 5064 1849 5139">
     <span class='ocr_line' id='line_1_97' title="bbox 267 5064 1849 5139; baseline 0.001 -20"><span class='ocrx_word' id='word_1_609' title='bbox 267 5066 594 5136; x_wconf 78' lang='grc' dir='ltr'>Δομετιανὸν</span> <span class='ocrx_word' id='word_1_610' title='bbox 614 5064 857 5137; x_wconf 72' lang='grc' dir='ltr'>ἔπαρχον</span> <span class='ocrx_word' id='word_1_611' title='bbox 908 5069 1009 5138; x_wconf 75' lang='grc' dir='ltr'>τῆς</span> <span class='ocrx_word' id='word_1_612' title='bbox 1059 5066 1232 5139; x_wconf 82' lang='grc' dir='ltr'>Ἑῴας</span> <span class='ocrx_word' id='word_1_613' title='bbox 1292 5070 1387 5122; x_wconf 72' lang='grc' dir='ltr'>καὶ</span> <span class='ocrx_word' id='word_1_614' title='bbox 1419 5069 1643 5139; x_wconf 85' lang='grc' dir='ltr'>Μάγνον</span> <span class='ocrx_word' id='word_1_615' title='bbox 1671 5071 1849 5124; x_wconf 82' lang='grc' dir='ltr'>κοιαί-</span> 
     </span>
    </p>
   </div>
   <div class='ocr_carea' id='block_1_98' title="bbox 266 5157 1845 5233">
    <p class='ocr_par' dir='ltr' id='par_1_98' title="bbox 266 5157 1845 5233">
     <span class='ocr_line' id='line_1_98' title="bbox 266 5157 1845 5233; baseline 0.003 -23"><span class='ocrx_word' id='word_1_616' title='bbox 266 5174 475 5228; x_wconf 79' lang='grc' dir='ltr'>στωρα,</span> <span class='ocrx_word' id='word_1_617' title='bbox 510 5157 579 5211; x_wconf 79' lang='grc' dir='ltr'>τὰ</span> <span class='ocrx_word' id='word_1_618' title='bbox 605 5157 707 5226; x_wconf 78' lang='grc' dir='ltr'>τῆς</span> <span class='ocrx_word' id='word_1_619' title='bbox 746 5157 1042 5229; x_wconf 75' lang='grc' dir='ltr'>ἐπιϐουλῆς</span> <span class='ocrx_word' id='word_1_620' title='bbox 1085 5161 1453 5233; x_wconf 81' lang='grc' dir='ltr'>Κωνσταντίῳ</span> <span class='ocrx_word' id='word_1_621' title='bbox 1490 5162 1806 5232; x_wconf 88' lang='grc' dir='ltr'>μηνύσαντα</span> <span class='ocrx_word' id='word_1_622' title='bbox 1830 5179 1845 5195; x_wconf 77' lang='grc' dir='ltr'><strong><em>ο</em></strong></span> 
     </span>
    </p>
   </div>
   <div class='ocr_carea' id='block_1_99' title="bbox 265 5250 1849 5325">
    <p class='ocr_par' dir='ltr' id='par_1_99' title="bbox 265 5250 1849 5325">
     <span class='ocr_line' id='line_1_99' title="bbox 265 5250 1849 5325; baseline 0.003 -22"><span class='ocrx_word' id='word_1_623' title='bbox 265 5252 325 5304; x_wconf 78' lang='grc' dir='ltr'>ὃν</span> <span class='ocrx_word' id='word_1_624' title='bbox 364 5250 871 5321; x_wconf 79' lang='grc' dir='ltr'>μεταπεμψάμενος</span> <span class='ocrx_word' id='word_1_625' title='bbox 914 5252 1301 5317; x_wconf 72' lang='grc' dir='ltr'>κωνστάντιος</span> <span class='ocrx_word' id='word_1_626' title='bbox 1354 5254 1483 5324; x_wconf 74' lang='grc' dir='ltr'>περὶ</span> <span class='ocrx_word' id='word_1_627' title='bbox 1536 5252 1849 5325; x_wconf 83' lang='grc' dir='ltr'>Θαλαμῶνα</span> 
     </span>
    </p>
   </div>
   <div class='ocr_carea' id='block_1_100' title="bbox 267 5326 1857 5416">
    <p class='ocr_par' dir='ltr' id='par_1_100' title="bbox 267 5326 1857 5416">
     <span class='ocr_line' id='line_1_100' title="bbox 267 5326 1857 5416; baseline 0.003 -21"><span class='ocrx_word' id='word_1_628' title='bbox 267 5342 367 5411; x_wconf 80' lang='grc' dir='ltr'>τὴν</span> <span class='ocrx_word' id='word_1_629' title='bbox 395 5341 563 5412; x_wconf 80' lang='grc' dir='ltr'>νῆσον</span> <span class='ocrx_word' id='word_1_630' title='bbox 590 5326 705 5411; x_wconf 55' lang='grc' dir='ltr'><strong>(99δ</strong></span> <span class='ocrx_word' id='word_1_631' title='bbox 737 5343 975 5413; x_wconf 83' lang='grc' dir='ltr'>ἀναιρεῖ.</span> <span class='ocrx_word' id='word_1_632' title='bbox 1006 5341 1112 5398; x_wconf 77' lang='grc' dir='ltr'><strong>Τὸν</strong></span> <span class='ocrx_word' id='word_1_633' title='bbox 1144 5345 1202 5399; x_wconf 74' lang='grc' dir='ltr'>δὲ</span> <span class='ocrx_word' id='word_1_634' title='bbox 1240 5345 1435 5400; x_wconf 84' lang='grc' dir='ltr'>τούτου</span> <span class='ocrx_word' id='word_1_635' title='bbox 1460 5345 1691 5416; x_wconf 80' lang='grc' dir='ltr'>ἀδελφὸν</span> <span class='ocrx_word' id='word_1_636' title='bbox 1724 5347 1857 5399; x_wconf 81' lang='grc' dir='ltr'>’1ου-</span> 
     </span>
    </p>
   </div>
   <div class='ocr_carea' id='block_1_101' title="bbox 264 5434 1850 5510">
    <p class='ocr_par' dir='ltr' id='par_1_101' title="bbox 264 5434 1850 5510">
     <span class='ocr_line' id='line_1_101' title="bbox 264 5434 1850 5510; baseline 0.004 -27"><span class='ocrx_word' id='word_1_637' title='bbox 264 5434 448 5488; x_wconf 77' lang='grc' dir='ltr'>λιανὸν</span> <span class='ocrx_word' id='word_1_638' title='bbox 471 5435 532 5487; x_wconf 77' lang='grc' dir='ltr'>ὲν</span> <span class='ocrx_word' id='word_1_639' title='bbox 560 5436 776 5506; x_wconf 72' lang='grc' dir='ltr'>φρουρᾷ</span> <span class='ocrx_word' id='word_1_640' title='bbox 794 5435 1082 5507; x_wconf 81' lang='grc' dir='ltr'>κατέσχεν.</span> <span class='ocrx_word' id='word_1_641' title='bbox 1111 5436 1350 5494; x_wconf 79' lang='grc' dir='ltr'>Εὑσεϐία</span> <span class='ocrx_word' id='word_1_642' title='bbox 1369 5437 1428 5492; x_wconf 72' lang='grc' dir='ltr'>δὲ</span> <span class='ocrx_word' id='word_1_643' title='bbox 1460 5440 1493 5510; x_wconf 82' lang='grc' dir='ltr'><strong>ἡ</strong></span> <span class='ocrx_word' id='word_1_644' title='bbox 1515 5438 1733 5510; x_wconf 83' lang='grc' dir='ltr'>γαμετὴ</span> <span class='ocrx_word' id='word_1_645' title='bbox 1755 5438 1850 5491; x_wconf 82' lang='grc' dir='ltr'>τοῦ</span> 
     </span>
    </p>
   </div>
   <div class='ocr_carea' id='block_1_102' title="bbox 269 5523 1849 5601">
    <p class='ocr_par' dir='ltr' id='par_1_102' title="bbox 269 5523 1849 5601">
     <span class='ocr_line' id='line_1_102' title="bbox 269 5523 1849 5601; baseline 0.004 -25"><span class='ocrx_word' id='word_1_646' title='bbox 269 5523 535 5593; x_wconf 79' lang='grc' dir='ltr'>βασιλέως</span> <span class='ocrx_word' id='word_1_647' title='bbox 563 5524 754 5579; x_wconf 81' lang='grc' dir='ltr'>τοῦτον</span> <span class='ocrx_word' id='word_1_648' title='bbox 782 5527 1191 5600; x_wconf 78' lang='grc' dir='ltr'>ἐξαιτησαμένη</span> <span class='ocrx_word' id='word_1_649' title='bbox 1226 5530 1285 5583; x_wconf 76' lang='grc' dir='ltr'>ὲν</span> <span class='ocrx_word' id='word_1_650' title='bbox 1331 5529 1585 5601; x_wconf 82' lang='grc' dir='ltr'>Ἀθήναις</span> <span class='ocrx_word' id='word_1_651' title='bbox 1619 5530 1849 5601; x_wconf 83' lang='grc' dir='ltr'>πέμπει.</span> 
     </span>
    </p>
   </div>
   <div class='ocr_carea' id='block_1_103' title="bbox 1960 4702 3541 4777">
    <p class='ocr_par' dir='ltr' id='par_1_103' title="bbox 1960 4702 3541 4777">
     <span class='ocr_line' id='line_1_103' title="bbox 1960 4702 3541 4777; baseline -0.008 -17"><span class='ocrx_word' id='word_1_652' title='bbox 1960 4706 2070 4760; x_wconf 91' lang='lat' dir='ltr'><strong>lani</strong></span> <span class='ocrx_word' id='word_1_653' title='bbox 2125 4721 2348 4777; x_wconf 84' lang='lat' dir='ltr'><strong>quoque</strong></span> <span class='ocrx_word' id='word_1_654' title='bbox 2398 4706 2694 4760; x_wconf 72' lang='lat' dir='ltr'><strong>concilium</strong></span> <span class='ocrx_word' id='word_1_655' title='bbox 2750 4702 2979 4757; x_wconf 84' lang='lat' dir='ltr'><strong>Patrum</strong></span> <span class='ocrx_word' id='word_1_656' title='bbox 3043 4710 3434 4771; x_wconf 77' lang='lat' dir='ltr'><strong>congregatum</strong></span> <span class='ocrx_word' id='word_1_657' title='bbox 3479 4709 3541 4749; x_wconf 86' lang='lat' dir='ltr'><strong>re</strong></span> 
     </span>
    </p>
   </div>
   <div class='ocr_carea' id='block_1_104' title="bbox 1959 4797 2581 4853">
    <p class='ocr_par' dir='ltr' id='par_1_104' title="bbox 1959 4797 2581 4853">
     <span class='ocr_line' id='line_1_104' title="bbox 1959 4797 2581 4853; baseline -0.002 -1"><span class='ocrx_word' id='word_1_658' title='bbox 1959 4797 2159 4852; x_wconf 81' lang='lat' dir='ltr'><strong>iniecta</strong></span> <span class='ocrx_word' id='word_1_659' title='bbox 2185 4798 2430 4853; x_wconf 84' lang='lat' dir='ltr'><strong>solutum</strong></span> <span class='ocrx_word' id='word_1_660' title='bbox 2474 4804 2581 4851; x_wconf 91' lang='lat' dir='ltr'><strong>est.</strong></span> 
     </span>
    </p>
   </div>
   <div class='ocr_carea' id='block_1_105' title="bbox 2034 4968 3542 5044">
    <p class='ocr_par' dir='ltr' id='par_1_105' title="bbox 2034 4968 3542 5044">
     <span class='ocr_line' id='line_1_105' title="bbox 2034 4968 3542 5044; baseline -0.004 -17"><span class='ocrx_word' id='word_1_661' title='bbox 2034 4975 2193 5027; x_wconf 90' lang='lat' dir='ltr'><strong>Anno</strong></span> <span class='ocrx_word' id='word_1_662' title='bbox 2225 4973 2293 5028; x_wconf 75' lang='grc'><strong>18</strong></span> <span class='ocrx_word' id='word_1_663' title='bbox 2340 4973 2532 5029; x_wconf 89' lang='lat' dir='ltr'><strong>Gallus</strong></span> <span class='ocrx_word' id='word_1_664' title='bbox 2585 4973 2929 5044; x_wconf 86' lang='lat' dir='ltr'><strong>tyrannidem</strong></span> <span class='ocrx_word' id='word_1_665' title='bbox 2981 4971 3245 5026; x_wconf 69' lang='lat' dir='ltr'><strong>allectans</strong></span> <span class='ocrx_word' id='word_1_666' title='bbox 3276 4968 3542 5024; x_wconf 51' lang='lat' dir='ltr'><strong>Domitia.</strong></span> 
     </span>
    </p>
   </div>
   <div class='ocr_carea' id='block_1_106' title="bbox 1960 5063 3538 5135">
    <p class='ocr_par' dir='ltr' id='par_1_106' title="bbox 1960 5063 3538 5135">
     <span class='ocr_line' id='line_1_106' title="bbox 1960 5063 3538 5135; baseline -0.006 -15"><span class='ocrx_word' id='word_1_667' title='bbox 1960 5080 2089 5120; x_wconf 88' lang='lat' dir='ltr'><strong>num</strong></span> <span class='ocrx_word' id='word_1_668' title='bbox 2134 5064 2380 5121; x_wconf 87' lang='lat' dir='ltr'><strong>Orientis</strong></span> <span class='ocrx_word' id='word_1_669' title='bbox 2440 5064 2754 5135; x_wconf 73' lang='lat' dir='ltr'><strong>praefectum</strong></span> <span class='ocrx_word' id='word_1_670' title='bbox 2802 5073 2962 5119; x_wconf 83' lang='lat' dir='ltr'><strong>necat</strong></span> <span class='ocrx_word' id='word_1_671' title='bbox 2996 5073 3051 5118; x_wconf 87' lang='lat' dir='ltr'><strong>et</strong></span> <span class='ocrx_word' id='word_1_672' title='bbox 3097 5063 3352 5133; x_wconf 81' lang='lat' dir='ltr'><strong>Magnum</strong></span> <span class='ocrx_word' id='word_1_673' title='bbox 3384 5078 3538 5130; x_wconf 79' lang='lat' dir='ltr'><strong>qua--</strong></span> 
     </span>
    </p>
   </div>
   <div class='ocr_carea' id='block_1_107' title="bbox 1955 5156 3541 5229">
    <p class='ocr_par' dir='ltr' id='par_1_107' title="bbox 1955 5156 3541 5229">
     <span class='ocr_line' id='line_1_107' title="bbox 1955 5156 3541 5229; baseline -0.003 -15"><span class='ocrx_word' id='word_1_674' title='bbox 1955 5167 2184 5225; x_wconf 73' lang='lat' dir='ltr'><strong>storem,</strong></span> <span class='ocrx_word' id='word_1_675' title='bbox 2198 5160 2289 5229; x_wconf 89' lang='lat' dir='ltr'><strong>qui</strong></span> <span class='ocrx_word' id='word_1_676' title='bbox 2310 5159 2540 5214; x_wconf 89' lang='lat' dir='ltr'><strong>insidias</strong></span> <span class='ocrx_word' id='word_1_677' title='bbox 2553 5158 2882 5213; x_wconf 80' lang='lat' dir='ltr'><strong>Constantio</strong></span> <span class='ocrx_word' id='word_1_678' title='bbox 2900 5156 3541 5213; x_wconf 74' lang='lat' dir='ltr'><strong>indicaverat.Constan-</strong></span> 
     </span>
    </p>
   </div>
   <div class='ocr_carea' id='block_1_108' title="bbox 1962 5250 3538 5322">
    <p class='ocr_par' dir='ltr' id='par_1_108' title="bbox 1962 5250 3538 5322">
     <span class='ocr_line' id='line_1_108' title="bbox 1962 5250 3538 5322; baseline 0 -19"><span class='ocrx_word' id='word_1_679' title='bbox 1962 5252 2074 5307; x_wconf 91' lang='lat' dir='ltr'><strong>tius</strong></span> <span class='ocrx_word' id='word_1_680' title='bbox 2104 5250 2321 5307; x_wconf 83' lang='lat' dir='ltr'><strong>Gallum</strong></span> <span class='ocrx_word' id='word_1_681' title='bbox 2347 5258 2641 5305; x_wconf 86' lang='lat' dir='ltr'><strong>evocatum</strong></span> <span class='ocrx_word' id='word_1_682' title='bbox 2696 5253 2841 5322; x_wconf 92' lang='lat' dir='ltr'><strong>apud</strong></span> <span class='ocrx_word' id='word_1_683' title='bbox 2884 5251 3120 5307; x_wconf 88' lang='lat' dir='ltr'><strong>insulam</strong></span> <span class='ocrx_word' id='word_1_684' title='bbox 3145 5250 3538 5304; x_wconf 71' lang='lat' dir='ltr'><strong>Thalatnonem</strong></span> 
     </span>
    </p>
   </div>
   <div class='ocr_carea' id='block_1_109' title="bbox 1958 5339 3535 5410">
    <p class='ocr_par' dir='ltr' id='par_1_109' title="bbox 1958 5339 3535 5410">
     <span class='ocr_line' id='line_1_109' title="bbox 1958 5339 3535 5410; baseline -0.001 -15"><span class='ocrx_word' id='word_1_685' title='bbox 1958 5341 2244 5401; x_wconf 80' lang='lat' dir='ltr'><strong>interﬁcit.</strong></span> <span class='ocrx_word' id='word_1_686' title='bbox 2320 5339 2605 5396; x_wconf 82' lang='lat' dir='ltr'><strong>Julianutn</strong></span> <span class='ocrx_word' id='word_1_687' title='bbox 2697 5341 2921 5396; x_wconf 86' lang='lat' dir='ltr'><strong>l‘ratretn</strong></span> <span class='ocrx_word' id='word_1_688' title='bbox 2978 5341 3102 5410; x_wconf 86' lang='lat' dir='ltr'><strong>ejus</strong></span> <span class='ocrx_word' id='word_1_689' title='bbox 3166 5342 3221 5394; x_wconf 87' lang='lat' dir='ltr'><strong>itt</strong></span> <span class='ocrx_word' id='word_1_690' title='bbox 3286 5341 3535 5395; x_wconf 86' lang='lat' dir='ltr'><strong>custodia</strong></span> 
     </span>
    </p>
   </div>
   <div class='ocr_carea' id='block_1_110' title="bbox 1956 5431 3537 5504">
    <p class='ocr_par' dir='ltr' id='par_1_110' title="bbox 1956 5431 3537 5504">
     <span class='ocr_line' id='line_1_110' title="bbox 1956 5431 3537 5504; baseline 0.001 -17"><span class='ocrx_word' id='word_1_691' title='bbox 1956 5433 2186 5489; x_wconf 83' lang='lat' dir='ltr'><strong>detinet.</strong></span> <span class='ocrx_word' id='word_1_692' title='bbox 2222 5431 2397 5500; x_wconf 85' lang='lat' dir='ltr'><strong>Quem</strong></span> <span class='ocrx_word' id='word_1_693' title='bbox 2433 5434 2670 5489; x_wconf 81' lang='lat' dir='ltr'><strong>Eusebia</strong></span> <span class='ocrx_word' id='word_1_694' title='bbox 2707 5434 3063 5504; x_wconf 87' lang='lat' dir='ltr'><strong>imperatoris</strong></span> <span class='ocrx_word' id='word_1_695' title='bbox 3104 5448 3243 5489; x_wconf 73' lang='lat' dir='ltr'><strong>uxor</strong></span> <span class='ocrx_word' id='word_1_696' title='bbox 3280 5434 3537 5503; x_wconf 80' lang='lat' dir='ltr'><strong>pre-ibus</strong></span> 
     </span>
    </p>
   </div>
   <div class='ocr_carea' id='block_1_111' title="bbox 1959 5530 3534 5601">
    <p class='ocr_par' dir='ltr' id='par_1_111' title="bbox 1959 5530 3534 5601">
     <span class='ocr_line' id='line_1_111' title="bbox 1959 5530 3534 5601; baseline -0.001 -18"><span class='ocrx_word' id='word_1_697' title='bbox 1959 5530 2253 5585; x_wconf 86' lang='lat' dir='ltr'><strong>liberatum</strong></span> <span class='ocrx_word' id='word_1_698' title='bbox 2340 5531 2585 5587; x_wconf 86' lang='lat' dir='ltr'><strong>Athenas</strong></span> <span class='ocrx_word' id='word_1_699' title='bbox 2668 5530 2856 5584; x_wconf 89' lang='lat' dir='ltr'><strong>mittit.</strong></span> <span class='ocrx_word' id='word_1_700' title='bbox 2924 5531 3178 5585; x_wconf 87' lang='lat' dir='ltr'><strong>Julianus</strong></span> <span class='ocrx_word' id='word_1_701' title='bbox 3259 5531 3534 5601; x_wconf 87' lang='lat' dir='ltr'><strong>permissu</strong></span> 
     </span>
    </p>
   </div>
   <div class='ocr_carea' id='block_1_112' title="bbox 1402 5694 2365 5756">
    <p class='ocr_par' dir='ltr' id='par_1_112' title="bbox 1402 5694 2365 5756">
     <span class='ocr_line' id='line_1_112' title="bbox 1402 5694 2365 5756; baseline 0.003 -3"><span class='ocrx_word' id='word_1_702' title='bbox 1402 5695 1755 5753; x_wconf 72' lang='lat' dir='ltr'><strong>XYLANDRI</strong></span> <span class='ocrx_word' id='word_1_703' title='bbox 1783 5696 1874 5752; x_wconf 84' lang='grc' dir='ltr'><strong>ΕΤ</strong></span> <span class='ocrx_word' id='word_1_704' title='bbox 1894 5695 2105 5755; x_wconf 81' lang='lat' dir='ltr'><strong>GOARI</strong></span> <span class='ocrx_word' id='word_1_705' title='bbox 2128 5694 2365 5756; x_wconf 76' lang='grc' dir='ltr'><strong>ΝΟΤᾸΞ.</strong></span> 
     </span>
    </p>
   </div>
   <div class='ocr_carea' id='block_1_113' title="bbox 338 5809 1839 5884">
    <p class='ocr_par' dir='ltr' id='par_1_113' title="bbox 338 5809 1839 5884">
     <span class='ocr_line' id='line_1_113' title="bbox 338 5809 1839 5884; baseline -0.001 -19"><span class='ocrx_word' id='word_1_706' title='bbox 338 5809 452 5879; x_wconf 83' lang='lat'><strong>(99)</strong></span> <span class='ocrx_word' id='word_1_707' title='bbox 524 5809 682 5884; x_wconf 84' lang='lat' dir='ltr'><strong>A_pud</strong></span> <span class='ocrx_word' id='word_1_708' title='bbox 744 5812 1108 5884; x_wconf 62' lang='lat' dir='ltr'><strong>soaotnenutn</strong></span> <span class='ocrx_word' id='word_1_709' title='bbox 1166 5812 1377 5884; x_wconf 78' lang='lat' dir='ltr'><strong>legitur</strong></span> <span class='ocrx_word' id='word_1_710' title='bbox 1430 5813 1694 5869; x_wconf 72' lang='grc' dir='ltr'>Φλάϐωνα</span> <span class='ocrx_word' id='word_1_711' title='bbox 1748 5815 1839 5884; x_wconf 81' lang='grc' dir='ltr'><strong>νῆ-</strong></span> 
     </span>
    </p>
   </div>
   <div class='ocr_carea' id='block_1_114' title="bbox 273 5878 1821 5953">
    <p class='ocr_par' dir='ltr' id='par_1_114' title="bbox 273 5878 1821 5953">
     <span class='ocr_line' id='line_1_114' title="bbox 273 5878 1821 5953; baseline 0.005 -21"><span class='ocrx_word' id='word_1_712' title='bbox 273 5895 384 5945; x_wconf 80' lang='grc' dir='ltr'>σον,</span> <span class='ocrx_word' id='word_1_713' title='bbox 440 5895 515 5948; x_wconf 80' lang='grc' dir='ltr'><strong>ιν,</strong></span> <span class='ocrx_word' id='word_1_714' title='bbox 542 5878 597 5935; x_wconf 72' lang='grc'>7.</span> <span class='ocrx_word' id='word_1_715' title='bbox 652 5881 810 5951; x_wconf 81' lang='lat' dir='ltr'><strong>Apud</strong></span> <span class='ocrx_word' id='word_1_716' title='bbox 843 5882 988 5939; x_wconf 87' lang='lat' dir='ltr'><strong>hunc</strong></span> <span class='ocrx_word' id='word_1_717' title='bbox 1009 5890 1062 5940; x_wconf 89' lang='lat' dir='ltr'><strong>et</strong></span> <span class='ocrx_word' id='word_1_718' title='bbox 1101 5878 1308 5953; x_wconf 69' lang='lat' dir='ltr'><strong>reliqua</strong></span> <span class='ocrx_word' id='word_1_719' title='bbox 1346 5882 1524 5941; x_wconf 80' lang='lat' dir='ltr'><strong>fusius</strong></span> <span class='ocrx_word' id='word_1_720' title='bbox 1553 5878 1821 5944; x_wconf 57' lang='lat' dir='ltr'><strong>enarranl</strong></span> 
     </span>
    </p>
   </div>
   <div class='ocr_carea' id='block_1_115' title="bbox 1950 5809 3522 5883">
    <p class='ocr_par' dir='ltr' id='par_1_115' title="bbox 1950 5809 3522 5883">
     <span class='ocr_line' id='line_1_115' title="bbox 1950 5809 3522 5883; baseline 0.003 -19"><span class='ocrx_word' id='word_1_721' title='bbox 1950 5820 2057 5883; x_wconf 70' lang='lat' dir='ltr'><strong>tur.</strong></span> <span class='ocrx_word' id='word_1_722' title='bbox 2094 5809 2445 5867; x_wconf 85' lang='lat' dir='ltr'><strong>Marcellinus</strong></span> <span class='ocrx_word' id='word_1_723' title='bbox 2474 5810 2691 5867; x_wconf 87' lang='lat' dir='ltr'><strong>Gallum</strong></span> <span class='ocrx_word' id='word_1_724' title='bbox 2721 5811 3070 5883; x_wconf 71' lang='lat' dir='ltr'><strong>itttert’ectum</strong></span> <span class='ocrx_word' id='word_1_725' title='bbox 3138 5814 3281 5883; x_wconf 88' lang='lat' dir='ltr'><strong>apud</strong></span> <span class='ocrx_word' id='word_1_726' title='bbox 3334 5811 3522 5869; x_wconf 77' lang='lat' dir='ltr'><strong>Putant</strong></span> 
     </span>
    </p>
   </div>
   <div class='ocr_carea' id='block_1_116' title="bbox 1934 5882 2996 5954">
    <p class='ocr_par' dir='ltr' id='par_1_116' title="bbox 1934 5882 2996 5954">
     <span class='ocr_line' id='line_1_116' title="bbox 1934 5882 2996 5954; baseline 0.002 -19"><span class='ocrx_word' id='word_1_727' title='bbox 1934 5882 2107 5938; x_wconf 70' lang='lat' dir='ltr'><strong>Istt‘iae</strong></span> <span class='ocrx_word' id='word_1_728' title='bbox 2140 5883 2216 5937; x_wconf 89' lang='lat' dir='ltr'><strong>ait</strong></span> <span class='ocrx_word' id='word_1_729' title='bbox 2256 5897 2426 5954; x_wconf 83' lang='lat' dir='ltr'><strong>prope</strong></span> <span class='ocrx_word' id='word_1_730' title='bbox 2455 5884 2619 5941; x_wconf 85' lang='lat' dir='ltr'><strong>linem</strong></span> <span class='ocrx_word' id='word_1_731' title='bbox 2645 5884 2681 5936; x_wconf 95' lang='grc' dir='ltr'>Ι.</span> <span class='ocrx_word' id='word_1_732' title='bbox 2707 5900 2815 5940; x_wconf 76' lang='lat' dir='ltr'><strong>xw.</strong></span> <span class='ocrx_word' id='word_1_733' title='bbox 2863 5882 2996 5939; x_wconf 72' lang='lat' dir='ltr'><strong>XrL.</strong></span> 
     </span>
    </p>
   </div>
  </div>
