4248 6456
252 462 313 526 5’;
326 464 361 524 3

1353 465 1900 525 IIIS‘I‘ORIARUM
1939 465 2467 531 COMPENDIUM.

3413 477 3521 543 574

263 574 554 629 Ἰουλιανδν
588 573 954 644 ὑπέστρεψεν.
987 572 1049 627 Ὀ
1082 573 1140 627 δὲ
1193 574 1291 644 τὴν
1344 575 1527 629 αἰτίαν
1568 576 1666 644 τῆς
1704 573 1834 643 βρα-
1860 578 1904 639 Α
1936 590 1940 625 ι

1819 603 1834 613 -
1860 578 1904 639 Α
1936 575 2025 627 rit.
2052 573 2273 630 Juliano
2326 590 2552 632 causam
2603 592 2773 634 mora:
2801 580 3139 647 sciscitante,
3181 579 3300 637 Non
3335 588 3496 640 modo

250 669 482 736 δύτητος
534 665 860 739 ἠρώτησεν·
919 666 1194 737 ἀπεκρίθη
1226 666 1282 720 δὲ
1336 667 1486 736 αὐτῷ
1535 669 1562 720 ὁ
1599 666 1832 736 δαίμων·

256 757 367 811 Καὶ
416 756 685 825 ἐϐράδυνα
735 756 832 810 καὶ
879 754 1164 826 ἄπρακτος
1195 755 1404 825 ἔμεινα.
1451 754 1838 824 Ἐκδεχὸμενος

250 850 364 920 γὰρ
390 847 665 901 Πούπλιὸν
689 864 812 900 τινα
860 846 1182 917 μονάζοντα,
1217 847 1270 900 εί
1296 863 1413 910 πως
1439 847 1707 900 παύσεται
1738 846 1836 914 τῆς

253 939 593 1012 προσευχῆς,
610 942 707 993 καὶ
732 940 807 1009 μὴ
832 941 1184 1010 παυσάμενος
1210 939 1422 1011 ἡμέρας
1444 940 1575 994 δέκα
1598 938 1838 991 ἐκώλυσέ

257 1052 324 1103 με
357 1033 588 1102 ποιῆσαι
617 1032 680 1085 τὸ
707 1032 923 1102 θέλημά
956 1048 1071 1087 σου.
1101 1032 1213 1084 Καὶ
1243 1031 1402 1085 τοῦτο
1432 1031 1670 1095 ακούσας
1701 1032 1837 1083 Ἰου-

252 1123 438 1185 λιανὸς
471 1122 564 1176 καὶ
591 1121 799 1191 σφόδρα
832 1123 1225 1194 ἀγανακτήσας
1264 1125 1672 1195 προσηπείλησε
1700 1122 1838 1192 μετὰ

249 1214 354 1284 τὴν
386 1213 737 1285 ὑποστροφὴν
780 1214 1161 1285 ἑξολοθρεῦσαι
1202 1216 1266 1268 τὸ
1303 1216 1410 1268 τῶν
1444 1215 1530 1288 [Ρ.
1578 1214 1707 1288 501]
1752 1232 1840 1285 μο-

253 1305 436 1374 ναχῶν
503 1305 683 1372 γένος.
711 1304 891 1376 Ὅπερ
950 1305 1139 1376 μαθών
1191 1325 1275 1370 τις
1328 1309 1438 1360 τῶν
1498 1308 1838 1377 μεγιστάνων

255 1396 424 1450 αὑτοῦ
450 1398 545 1450 καὶ
581 1397 889 1468 θαυμάσας,
928 1398 1244 1453 ἐπανελθὼν
1275 1398 1513 1469 διένειμε
1552 1400 1621 1451 τὰ
1661 1399 1837 1469 ὑπάρ-

252 1505 421 1558 χοντα
452 1488 620 1542 αὐτοῦ
656 1490 836 1543 πάντα
876 1490 1071 1560 πένησι
1102 1490 1195 1543 καὶ
1225 1489 1437 1559 ἀπῆλθε
1463 1490 1598 1560 πρὸς
1624 1490 1718 1543 τὸν
1749 1490 1842 1557 γέ-

256 1598 447 1650 ρεντα.
498 1580 611 1636 Καὶ
658 1581 953 1651 γενόμενος
984 1582 1211 1650 δόκιμος
1261 1582 1338 1653 (ὅ)
1406 1583 1637 1652 μοναχδς
1670 1584 1838 1635 πᾶσιν

254 1674 408 1741 ἔλεγε
437 1673 532 1744 τὴν
562 1675 715 1743 ἰσχὺν
737 1674 846 1726 τῶν
881 1674 1247 1742 μοναζόντων,
1268 1672 1333 1743 ῆν
1356 1671 1549 1725 ἔλαϐον
1572 1672 1712 1726 κατὰ
1730 1672 1838 1723 τῶν

257 1762 737 1832 σκοτεινομόρςρων
764 1762 1053 1832 δαιμόνων.

337 1856 426 1908 Ἐν
466 1854 524 1908 δὲ
553 1856 791 1925 Κάραις,
818 1856 885 1926 τῇ
920 1854 1073 1924 παρὰ
1107 1852 1202 1906 τοῦ
1235 1854 1421 1926 Κάρου
1448 1853 1541 1906 τοῦ
1570 1852 1835 1923 βασιλέως

253 1945 544 2018 κτισθείσῃ
582 1945 753 2010 πόλει,
789 1945 888 2014 τὴν
933 1945 1071 2017 πρὸς
1117 1946 1335 2016 Πέρσας
1381 1945 1705 2014 ποιούμενος
1734 1963 1833 1999 πο-

255 2034 429 2102 ρείαν,
462 2033 722 2087 εἰσελθὼν
761 2035 854 2088 καὶ
903 2033 961 2086 ἓν
1006 2052 1113 2087 τινι
1148 2034 1439 2089 καταδύσει
1489 2034 1680 2097 θυσίας
1708 2036 1838 2087 ἀκαο

256 2126 489 2195 θάρτους
548 2125 891 2191 ἐπιτελέσας,
944 2126 1171 2198 κλεῖθρα
1225 2128 1319 2180 καὶ
1377 2128 1666 2195 σήμαντρα
1716 2129 1834 2190 ταῖς

258 2218 456 2287 θύραις
517 2217 755 2286 ἐπέθηκε
813 2218 908 2270 καὶ
964 2217 1214 2283 φύλακας
1272 2219 1611 2282 ὲπὲστησεν’
1658 2216 1835 2287 ἥνπερ

253 2308 567 2374 ἀνοίξαντες
596 2309 737 2379 μετὰ
775 2309 875 2379 τὴν
920 2310 1130 2361 ἐκείνου
1164 2308 1392 2366 πτῶσιν,
1425 2301 1584 2376 εὗρον
1614 2307 1835 2374 γύναιον

255 2401 318 2452 ἐκ
340 2398 450 2451 τῶν
480 2398 687 2469 τριχῶν
705 2398 1056 2470 κρεμάμενον
1077 2399 1172 2451 καὶ
1196 2397 1566 2467 ἐκτεταμέναις
1590 2396 1711 2467 ἔχον
1737 2399 1834 2461 τὰς

254 2496 470 2564 χεῖρας,
515 2488 584 2566 ἧς
634 2493 933 2562 ἀνασχίσας
967 2494 995 2546 ὁ
1046 2491 1391 2562 ἄσπλαγχνος
1442 2491 1541 2559 τὴν
1590 2492 1835 2561 γαστέρα

251 2585 351 2654 τὴν
399 2583 543 2637 κατὰ
584 2583 815 2656 Περσῶν
858 2583 1128 2654 δήπουθεν
1174 2582 1317 2651 ἔγνω
1358 2581 1447 2635 διὰ
1484 2581 1579 2635 τοῦ
1626 2582 1837 2652 ἥπατος

259 2680 440 2747 νίκην.
490 2679 583 2731 Ἐν
620 2680 677 2732 δὲ
706 2679 1011 2750 Ἀντιοχείᾳ
1039 2679 1209 2732 πολλὰ
1245 2678 1346 2747 μὲν
1373 2677 1544 2733 κιϐώτ
1557 2695 1610 2731 ια
1644 2681 1700 2730 ὲν
1724 2681 1835 2743 τοῖς

254 2769 552 2836 βασιλείοις
583 2771 837 2839 κεφαλῶν
869 2771 1174 2839 ἀνθρώπων
1208 2770 1636 2841 πεπληρωμένα,
1669 2770 1836 2823 πολλὰ

248 2860 310 2913 δὲ
345 2860 559 2931 φρέατα
586 2862 801 2932 νεκρῶν
838 2861 1110 2931 σωμάτων
1142 2855 1300 2931 εὗρον
1322 2862 1685 2930 πεπληςμένα
1706 2880 1719 2891 ·
1743 2861 1835 2914 καὶ

253 2950 363 3019 γὰρ
402 2953 604 3022 μυρίας
649 2953 746 3022 μὲν
771 2954 1040 3019 γυναῖκας
1072 2953 1130 3005 ὲν
1159 2953 1356 3021 γαστρὶ
1391 2952 1621 3023 ἐχούσας
1645 2954 1834 3007 ἀνατε-

258 3041 375 3109 μὼν
402 3043 498 3095 καὶ
547 3044 604 3094 ὲν
648 3045 760 3105 τοῖς
807 3043 1068 3113 ἐμϐρύοις
1115 3044 1703 3114 ἠπατοσκοπούμενος,
1741 3048 1835 3098 καὶ

261 3134 433 3187 πολλά
454 3135 643 3188 παιδία
667 3134 1047 3202 κατασφάξας,
1073 3135 1180 3188 ὑπὸ
1204 3134 1274 3187 τὰ
1299 3136 1492 3188 εἴδωλα
1521 3136 1834 3205 κατώρυξεν

1946 666 2127 734 inquit
2165 667 2407 734 daemon,
2464 667 2640 730 tarde.
2689 670 2782 724 sed
2823 672 2988 725 etiam
3026 686 3087 726 re
3117 672 3320 728 infecta
3358 674 3518 729 redii.

1944 755 2343 826 Exspectabam
2370 761 2515 814 enim
2548 760 2678 815 dum
2710 762 2935 817 Publius
2958 764 3181 832 quidam
3216 768 3521 822 monachus

1940 850 2197 917 precandi
2230 849 2389 904 tinem
2428 850 2651 908 faceret.
2684 853 2786 919 Qui
2828 869 2950 908 cum
2986 856 3173 910 decem
3197 856 3315 914 dies
3346 859 3524 913 conti-

1940 951 2135 994 nenter
2164 955 2501 1010 precaretur,
2525 960 2633 1000 non
2661 946 2810 1015 potui
2837 947 3054 1015 jnssum
3092 956 3244 1001 tuum
3269 950 3519 1020 exsequi.

1940 1031 2053 1086 Hoc
2107 1035 2294 1089 audito
2356 1035 2631 1100 Julianus,
2674 1040 2822 1105 gravi
2882 1040 3263 1110 indignatione
3331 1045 3520 1096 conci-

1940 1132 2049 1188 tus,
2086 1125 2325 1179 minatus
2357 1137 2440 1178 est
2468 1143 2526 1181 se
2557 1142 2587 1179 a
2617 1130 2792 1183 reditu
2825 1139 3051 1198 gentem
3120 1130 3520 1184 monachorum

1939 1212 2270 1268 deleturum.
2321 1213 2438 1268 Hoc
2467 1232 2591 1269 eum
2623 1218 2842 1285 qudam
2883 1233 3173 1287 procerum
3208 1221 3331 1289 ejus
3366 1220 3522 1273 inau-

1942 1306 2194 1370 divisset,
2230 1307 2599 1362 admiratione
2629 1323 2842 1361 summa
2891 1310 3089 1363 ductus
3127 1321 3249 1379 post
3280 1312 3519 1365 reditum

1941 1412 2101 1452 suum
2156 1399 2342 1451 omnia
2384 1414 2482 1451 sua
2548 1400 2884 1468 pauperibus
2915 1401 3218 1463 disuribuil,
3256 1411 3419 1471 atque
3452 1401 3521 1456 ad

1941 1502 2127 1541 senem
2168 1491 2335 1543 istum
2380 1488 2661 1555 profectus
2694 1493 2988 1560 pra-clarus
3020 1494 3326 1548 monachus
3359 1494 3519 1564 527

1939 1582 2136 1645 evasit,
2195 1582 2452 1637 omnibus
2505 1584 2810 1651 pra-dicaris
2872 1587 3265 1640 monachorum
3301 1589 3408 1638 vim
3455 1601 3522 1641 ac

1940 1679 2265 1741 potestatem
2330 1688 2437 1742 qua
2502 1672 2772 1728 adversus
2836 1677 3186 1733 tenebriones
3238 1676 3520 1733 daemonas

1941 1772 2071 1816 sunt
2112 1764 2345 1831 pi'as-titi.

2013 1854 2187 1908 Porro
2245 1854 2501 1910 Julianus
2555 1856 2767 1922 Carris,
2824 1874 2945 1927 quae
2978 1860 3109 1913 urbs
3173 1867 3320 1913 esta
3378 1858 3521 1914 Caro

1943 1948 2272 2012 imperatore
2306 1947 2554 2009 condita,
2588 1949 2690 2001 iter
2723 1951 2774 2003 in
2824 1950 3020 2005 Persas
3053 1950 3262 2006 faciens
3291 1952 3519 2020 spelun-

1940 2052 2060 2091 cam
2113 2044 2409 2107 quamdam
2445 2043 2638 2102 suhiit.
2674 2045 2860 2113 ibique
2903 2048 3149 2101 scelestis
3179 2050 3354 2100 sacris
3387 2063 3521 2115 ope-

1940 2139 2091 2182 ratus
2124 2129 2269 2185 fores
2299 2133 2439 2188 seris
2488 2137 2723 2189 occlusit
2757 2152 2819 2190 ac
2857 2138 3226 2206 consiguaxit,
3268 2139 3519 2207 apposita

1937 2223 2209 2276 custodia.
2243 2223 2455 2289 Quibus
2505 2224 2739 2291 foribus,
2801 2243 2869 2281 eo
2922 2228 3234 2288 interfecto,
3290 2229 3516 2296 apertis,

1940 2313 2160 2366 inventa
2193 2324 2277 2367 est
2337 2314 2663 2369 muliercula
2700 2317 2914 2385 capillis
2946 2334 3238 2383 suspensa,
3273 2319 3517 2373 extentis

1939 2405 2253 2470 manibus;
2315 2406 2477 2474 cujus
2567 2408 2809 2461 crudelis
2869 2410 2960 2464 ille
3022 2421 3211 2464 ventre
3277 2411 3520 2463 disscrto

1936 2498 2225 2553 victoriam
2296 2501 2511 2555 scilicet
2571 2500 2639 2555 de
2702 2501 2893 2557 Persis
2958 2518 3112 2555 suam
3171 2518 3235 2556 ex
3269 2502 3519 2571 jecinore

1937 2590 2224 2646 didicerat.
2267 2593 2576 2648 Antiochiae
2607 2604 2786 2648 autem
2818 2595 2872 2649 in
2911 2596 3057 2661 regia
3090 2596 3277 2649 multa;
3316 2595 3518 2649 arcula:

1938 2683 2180 2737 inventa:
2233 2695 2361 2737 sunt
2418 2684 2677 2739 humanis
2736 2687 3016 2755 capitibus
3050 2686 3223 2755 plenae
3248 2686 3515 2755 multique

1938 2774 2086 2844 putei
2152 2776 2512 2830 cadaveribus
2565 2778 2792 2843 oppleti.
2868 2777 3006 2830 Nam
3074 2786 3127 2830 et
3196 2776 3516 2832 innumeras

1937 2868 2192 2936 gravidas
2226 2868 2481 2921 mulieres
2506 2866 2761 2923 Julianus
2791 2866 3158 2929 dissecuerat,
3219 2875 3279 2921 ut
3311 2867 3514 2921 fetuum

1932 2955 2185 3025 jecinora
2236 2958 2724 3029 contemplaretur,
2757 2966 2809 3012 et
2839 2959 3042 3012 multos
3072 2954 3314 3012 infantes
3349 2957 3515 3027 jugu-

1938 3048 2079 3103 latos
2132 3050 2196 3103 ad
2237 3050 2398 3104 bases
2462 3050 2886 3104 simulacrorum
2943 3048 3251 3111 deioderat,
3312 3049 3514 3117 quibus

1940 3141 2185 3210 impense
2244 3151 2362 3195 erat
2425 3141 2665 3197 deditus.
2753 3143 3005 3213 Magnum
3067 3157 3283 3212 quoque
3345 3142 3510 3195 alium

255 3226 284 3277 δ
317 3225 632 3295 φιλεξδωλος
664 3226 973 3289 Ἰουλιανός.
1020 3225 1228 3296 Πολλὴν
1255 3227 1311 3278 δὲ
1345 3227 1441 3278 καὶ
1473 3226 1640 3296 ἄλλην
1686 3227 1835 3293 λογι-
1862 3257 1904 3313 C

1833 3259 1835 3267 ι
1862 3257 1904 3313 c
1939 3248 2159 3301 gregem
2198 3234 2408 3286 ratione
2438 3235 2792 3302 praeditoer
2851 3235 3238 3296 animantium,
3264 3232 3510 3286 diversa-

258 3318 358 3386 κὴν
388 3317 591 3387 ἀγέλην
620 3319 683 3369 ἐκ
729 3318 989 3371 ποικίλων
1022 3318 1250 3389 ἡλικιῶν
1282 3318 1564 3389 διαφόροις
1595 3318 1831 3371 ὑπέϐαλε

255 3409 509 3472 θανάτοις
552 3409 640 3462 ἐπ’
682 3409 907 3479 ὀνόματι
946 3410 1283 3472 Ποσειδῶνος
1340 3409 1434 3463 καὶ
1480 3411 1589 3463 τῶν
1629 3410 1833 3465 λοιπῶν

254 3499 527 3570 δαιμόνων
561 3502 589 3553 ὁ
622 3500 981 3571 δαιμονιώδης
1028 3503 1123 3555 καὶ
1152 3501 1495 3573 θεομίσητος.
1528 3503 1602 3555 Οὐ
1646 3503 1750 3574 μὴν
1773 3504 1832 3558 δὲ

253 3592 391 3645 ἀλλὰ
429 3594 526 3645 καὶ
563 3592 768 3655 ἵππους
802 3592 1029 3656 λευκούς
1067 3610 1127 3645 τε
1150 3593 1244 3646 καὶ
1267 3594 1509 3664 πυρροὺς
1534 3593 1679 3657 ἔθυε,
1708 3597 1833 3657 τοὺς

257 3685 354 3751 μὲν
382 3684 460 3752 τῷ
489 3683 625 3754 ἡλίῳ
654 3684 780 3746 τοὺς
812 3683 870 3737 δὲ
908 3683 988 3753 τῷ
1021 3685 1155 3751 πυρὶ
1189 3683 1284 3738 καὶ
1313 3686 1427 3748 τοῖς
1454 3686 1696 3755 ἀνέμοις.
1723 3688 1832 3740 Καὶ

257 3776 392 3847 πρὸς
424 3774 635 3838 τούτοις
678 3775 848 3839 κύνας
878 3779 971 3829 καὶ
1014 3775 1282 3846 πιθήκους
1328 3778 1423 3829 καὶ
1462 3777 1706 3846 κόρακας
1739 3777 1833 3831 καὶ

251 3870 362 3921 πᾶν
403 3867 591 3936 σχεδὸν
625 3866 872 3935 ἑρπετῶν
908 3861 1048 3927 εἶδος
1092 3865 1188 3918 καὶ
1222 3866 1571 3934 τετραπόδων
1613 3867 1825 3938 θηρίων

250 3973 307 4009 τε
340 3958 435 4008 καὶ
464 3954 576 4008 τῶν
608 3954 785 4009 ἄλλων
838 3955 1061 4024 πτηνῶν
1109 3955 1205 4008 καὶ
1233 3955 1451 4026 νηκτῶν
1484 3956 1546 4009 οὐ
1594 3956 1830 4012 διέλειπε

250 4044 652 4113 κατασφάττων
678 4045 773 4098 καὶ
800 4045 1027 4109 τελετὰς
1056 4046 1318 4111 παντοίας
1347 4048 1581 4102 ἐπινοῶν
1611 4048 1831 4114 πλείους

250 4136 345 4188 καὶ
379 4133 601 4205 χείρους
648 4135 757 4188 τῶν
789 4135 922 4202 παρ’
953 4134 1182 4205 Ἕλλησι
1228 4140 1655 4209 νενομισμένων.
1689 4140 1829 4210 πρὸς

247 4227 309 4277 ab
339 4227 549 4290 πάντας
587 4226 716 4290 τοὺς
744 4227 854 4297 πρὸ
893 4227 1061 4283 αὐτοῦ
1098 4229 1487 4301 ὲλληνίσαντας
1520 4232 1830 4303 ὑπερακον-

247 4317 423 4379 τξσαι,
454 4315 545 4368 διὰ
588 4316 697 4369 τῶν
726 4316 986 4371 τοιούτων
1043 4319 1290 4389 οἰόμενος
1322 4323 1351 4373 ὁ
1392 4320 1552 4386 ἄθεος
1579 4322 1829 4376 ἀποθεω-

248 4406 407 4474 θῆναι
447 4406 541 4459 καὶ
571 4405 694 4471 θεὸς
720 4406 1062 4478 νομισθῆναι.
1092 4408 1259 4464 Ἀλλὰ
1288 4409 1359 4463 τὰ
1383 4413 1514 4482 περὶ
1551 4412 1741 4466 τούτου
1771 4415 1828 4467 ἐν

248 4496 314 4565 τῇ
336 4492 493 4559 τάξει
521 4495 622 4566 τῆς
658 4496 822 4549 αὐτοῦ
850 4496 1177 4565 θεοστυγοῦς
1209 4499 1486 4569 βασιλείας
1512 4502 1589 4565 ὡς
1619 4498 1731 4556 οἷόν
1766 4521 1827 4557 τε

1938 3340 2058 3378 rum
2123 3334 2373 3389 aetatum,
2434 3326 2605 3380 variis
2667 3325 2863 3379 mortis
2922 3326 3215 3395 generibus
3266 3324 3509 3387 sustulit,

1934 3414 2183 3486 Neptuno
2208 3433 2303 3471 eos
2335 3425 2389 3471 et
2423 3417 2547 3471 aliis
2580 3418 2943 3479 dienwuibus,
2978 3433 3211 3484 quorum
3243 3433 3301 3471 se
3341 3416 3509 3469 homo

1935 3504 2046 3560 Deo
2103 3507 2313 3559 invisus
2372 3507 2542 3560 cultui
2603 3506 2907 3571 addixerat,
2941 3506 3250 3560 immolaris.
3285 3504 3425 3569 Quin
3456 3512 3511 3557 et

1934 3598 2072 3652 albis
2125 3598 2281 3666 equis
2312 3598 2436 3661 soli,
2505 3597 2638 3650 rutis
2670 3598 2779 3667 igni
2837 3612 2899 3652 ac
2939 3598 3115 3651 ventis
3150 3595 3503 3651 sacriﬁcavit.

1930 3687 2039 3743 Nec
2072 3703 2180 3743 non
2218 3688 2439 3743 assidue
2467 3703 2653 3752 canes,
2689 3689 2901 3753 simias,
2931 3704 3125 3742 corvos
3154 3696 3317 3756 atque
3344 3700 3508 3741 omne

1933 3780 2323 3852 propemodum
2385 3797 2555 3849 genus
2605 3781 3049 3850 quadrupedum,
3090 3782 3275 3834 avium
3313 3787 3507 3831 natan-

1934 3874 2187 3944 tiumque
2237 3874 2538 3935 mactabat,
2597 3875 2887 3941 omnisque
2924 3871 3068 3926 modi
3096 3886 3251 3926 saera
3283 3869 3508 3940 excogi-

1933 3965 2107 4028 tabat,
2167 3964 2324 4034 plura
2383 3971 2438 4020 et
2487 3965 2757 4019 deteriora
2799 3964 2886 4018 his
2923 3979 3045 4033 quae
3083 3962 3228 4034 apud
3284 3961 3505 4017 Graecos

1930 4065 2150 4124 recepta
2175 4061 2326 4110 sunt.
2360 4054 2436 4108 Ea
2474 4054 2620 4109 enim
2653 4069 2714 4108 re
2740 4054 2998 4108 omnibus
3029 4054 3120 4123 qui
3166 4061 3294 4107 ante
3325 4052 3506 4121 ipsum

1930 4144 2176 4199 Graecam
2212 4146 2533 4212 religionem
2566 4146 2765 4199 sectati
2811 4144 3068 4208 fuissent,
3102 4143 3335 4214 palmam
3362 4157 3505 4213 pra:-

1932 4238 2114 4305 ripere
2146 4239 2422 4300 studebat,
2467 4237 2632 4308 528
2660 4245 2944 4307 proliterea
2981 4252 3042 4291 se
3070 4237 3123 4290 in
3153 4234 3381 4289 deorum
3416 4249 3504 4289 re—

1930 4330 2102 4384 latum
2141 4331 2205 4383 iri
2241 4332 2405 4383 homo
2433 4345 2463 4381 a
2499 4330 2605 4384 Deo
2636 4330 2849 4383 alienus
2873 4343 3121 4397 sperans.
3151 4326 3353 4382 Verum
3383 4326 3506 4396 ejus

1930 4440 2024 4480 res
2058 4440 2159 4479 nos
2183 4424 2380 4478 ordine
2434 4439 2730 4489 annorum,
2754 4424 2959 4494 quibus
2983 4421 3299 4491 imperavit,
3337 4435 3503 4491 quam

1930 4516 2259 4571 bre’vissime
2326 4516 2589 4584 deinceps
2649 4514 2959 4570 referemus
3023 4528 3228 4569 :nunc
3296 4512 3506 4581 reliqua

248 4586 333 4677 εει.
363 4586 614 4657 βραχέων
638 4588 890 4658 λέξομεν.
927 4587 989 4643 'o
1017 4590 1077 4643 δὲ
1113 4590 1271 4660 λόγος
1303 4595 1439 4664 πρὸς
1481 4594 1550 4648 τὰ
1574 4594 1700 4665 ἑξῆς
1732 4595 1828 4667 βα·
1861 4606 1904 4662 D

927 4587 989 4643 Ὃ
1017 4590 1077 4643 δὲ
1113 4590 1271 4660 λόγος
1303 4595 1439 4664 πρὸς
1481 4594 1550 4648 τὰ
1574 4594 1700 4665 ἑξῆς
1732 4595 1828 4667 βα·
1861 4606 1904 4662 D
1933 4616 2245 4663 attexamus
2301 4609 2596 4677 prioribus.

246 4674 466 4738 ὅιζέτω.

319 4765 428 4816 Τοῦ
452 4764 836 4818 Κωνσταντίου
866 4764 945 4835 τῷ
987 4763 1053 4819 ιϐ’
1101 4765 1234 4833 ἔτει,
1275 4768 1334 4821 ὲν
1379 4772 1445 4840 τῇ
1491 4771 1676 4843 ἡμέρᾳ
1718 4773 1820 4843 τῆς

247 4856 648 4925 Πεντηκοστῆς,
667 4857 726 4908 ὲν
755 4855 1155 4927 Ἱεροσολύμοις
1181 4861 1357 4929 ἐφάνη
1380 4861 1441 4913 τὸ
1468 4865 1697 4931 σημεῖον
1722 4864 1817 4918 τοῦ

250 4946 518 5009 ζωοποωῦ
546 4946 784 5017 σταυροῦ
816 4949 875 5000 ὲν
907 4947 1146 5019 οὐρανῷ,
1181 4950 1497 5018 φωτοειδὲς,
1524 4956 1822 5025 τεταμένον

251 5038 358 5092 ἀπὸ
386 5038 483 5091 τοῦ
517 5038 781 5106 Γολγοθᾶ,
828 5038 960 5093 ἔνθα
998 5041 1322 5112 ἐσταυρώθη
1356 5044 1385 5095 ὁ
1426 5044 1682 5117 Χριστδς,
1717 5047 1822 5112 ἕως

245 5131 339 5183 τοῦ
364 5131 526 5201 ὅρους
553 5130 661 5184 τῶν
676 5130 924 5195 Ἐλαιῶν,
943 5131 1067 5186 ὅθεν
1094 5134 1191 5187 καὶ
1215 5134 1520 5207 ἀνελήφθη,
1555 5138 1738 5209 κύκλῳ
1763 5140 1819 5194 δὲ

248 5221 437 5297 τούτου
468 5221 756 5289 στέφανος,
794 5222 869 5285 ὡς
898 5218 1011 5293 ῖρις
1039 5225 1101 5276 τὸ
1129 5221 1268 5291 εῐδος
1293 5225 1453 5297 ἔχων.
1484 5229 1562 5299 Τῇ
1593 5230 1731 5301 αὐτῇ
1763 5230 1820 5284 δὲ

244 5313 433 5386 ἡμέρᾳ
463 5315 558 5367 καὶ
592 5315 959 5385 Κωνσταντίῳ
987 5316 1169 5388 ὤφθη,
1199 5319 1469 5389 Κυρίλλου
1495 5323 1618 5376 τότε
1655 5323 1820 5395 Ἱερο-

250 5406 502 5478 σολύμων
533 5406 985 5472 ὲπισκυποῦντος.

2000 4783 2218 4837 Annum
2245 4781 2573 4838 Constantio
2612 4781 2914 4851 imperante
2964 4782 3052 4847 l9,
3111 4779 3199 4835 dic
3241 4776 3504 4833 Penteco-

1928 4884 2047 4933 σιω,
2082 4872 2136 4925 in
2177 4874 2322 4927 οωὶο
2350 4875 2566 4942 signum
2593 4872 2822 4926 viviﬁca:
2850 4872 3034 4926 crucis
3061 4871 3338 4941 apparuit,
3371 4869 3507 4923 luci-

1927 4962 2058 5016 dum
2092 4971 2258 5031 atque
2296 4971 2580 5017 extentum
2627 4977 2659 5017 a
2691 4960 2980 5030 Golgotha,
3026 4977 3136 5030 quo
3169 4962 3289 5014 loco
3344 4958 3510 5015 Chri-

1926 5060 2050 5108 stus
2101 5053 2156 5107 in
2193 5066 2415 5109 crucem
2453 5054 2705 5109 sublatus
2742 5051 2866 5118 fuit,
2923 5068 3098 5122 usque
3155 5051 3222 5106 ad
3264 5059 3505 5106 montem

1927 5145 2205 5211 Olearum,
2264 5148 2409 5202 unde
2467 5145 2610 5200 idem
2662 5145 2920 5199 Christus
2976 5144 3031 5197 in
3062 5144 3263 5198 coelum
3315 5140 3504 5196 subiit.

1928 5237 2270 5309 Cingebatur
2296 5253 2394 5307 per
2419 5237 2607 5291 orbem
2629 5235 2842 5290 circulo
2865 5249 3029 5289 arcus
3055 5234 3296 5288 coelestia
3314 5232 3502 5287 simili.

1931 5327 2135 5385 Eadem
2216 5330 2304 5384 die
2359 5328 2523 5383 etiam
2578 5327 2901 5383 Constantio
2965 5324 3237 5397 apparuit,
3301 5323 3504 5395 Cyrillo

1933 5419 2324 5480 Hierosolvmae
2349 5428 2466 5476 tum
2497 5419 2780 5490 episcopo.

1396 5551 1750 5607 XYLANDRI
1784 5555 1869 5611 ET
1900 5560 2111 5618 GOARI
2146 5560 2378 5616 NOT.—E.

316 5653 393 5725 (ὃ)
420 5653 653 5734 δόκιμος
698 5671 824 5734 cum
856 5662 931 5734 de
991 5660 1272 5734 monachis
1322 5662 1542 5734 dicitur,
1576 5679 1705 5734 rion
1765 5666 1811 5719 is

245 5733 328 5799 est
369 5726 463 5788 qui
481 5726 595 5788 jam
623 5726 859 5781 ascetica
882 5728 997 5799 vita
1061 5730 1351 5799 probatus,
1397 5733 1695 5788 virtutibus
1741 5735 1818 5789 ef-

254 5791 422 5871 fulget
461 5804 773 5871 provectus,
812 5796 987 5871 sedis
1014 5791 1234 5869 proprie
1266 5791 1428 5871 cujus
1482 5802 1626 5858 vires
1687 5818 1819 5871 pro-

250 5865 527 5930 positum,
568 5865 785 5921 animus
814 5865 1203 5937 proban‘tur'ct
1235 5870 1299 5924 ad
1335 5865 1601 5928 virtutem
1639 5865 1817 5928 in'ior-

1918 5682 2140 5727 mantur
2181 5687 2195 5724 :
2253 5687 2363 5727 uno
2435 5682 2638 5733 verbo,
2697 5684 2806 5726 non
2868 5682 3152 5722 monacnus
3210 5682 3499 5731 prwctarus

1912 5742 2069 5867 juxta
2105 5739 2472 5824 Xylandrum,
2507 5741 2626 5822 sed,
2644 5740 2799 5810 juxta
2834 5739 3020 5792 tritum
3054 5737 3109 5791 in
3152 5732 3504 5790 monasteriis

1940 5812 2174 5867 oauendi
2203 5827 2387 5867 usum.
2411 5819 2634 5865 novum:
2660 5820 2763 5865 cst.
2796 5808 2971 5865 Gosu.

2253 5687 2363 5727 uno
2435 5671 2638 5733 verbo,
2697 5684 2806 5726 non
2868 5668 3152 5722 monachus
3210 5662 3499 5731 praeclarus

1940 5808 2174 5882 oquendi
2203 5827 2387 5880 usum,
2411 5808 2763 5865 uovitius’cst.
2796 5808 2971 5865 Gosu.
