4214 6450
253 448 359 515 i381

1351 427 1896 492 IIISTORIARUM
1940 423 2470 484 COMPENINUM.

3406 419 3515 482 582

252 555 626 627 πρεσϐύτερος
656 547 745 622 ἦν,
783 548 876 601 καὶ
915 543 1169 607 Διϐάνιος
1197 543 1224 596 ὁ
1258 541 1515 611 σοφιστὴς
1549 541 1644 594 καὶ
1682 539 1826 610 Πρό-

1944 535 2160 605 rquari.
2209 533 2333 586 Fuit
2391 545 2504 588 tum
2575 532 2812 588 Basilius
2872 548 3103 604 magnus
3155 533 3516 602 Cappadocia:

252 650 378 711 κλος
411 645 505 698 καὶ
533 643 784 712 Μάξιμος
808 639 857 690 οἱ
884 636 1184 706 φιλόσοφοι.

327 821 415 893 [Ρ.
447 817 577 889 305]
622 815 714 885 Τῷ
745 811 984 881 δευτέρῳ
1037 810 1147 862 ἔτει
1184 811 1212 862 ό
1247 805 1508 875 δυσσεϐὴς
1552 802 1840 865 Ἰουλιανὸς

256 913 564 982 ἐνομοθέτει
596 906 669 977 μὴ
697 906 946 975 μετέχειν
971 902 1334 972 Χριστιανοὺς
1368 897 1694 966 Ἑλληνικῶν
1730 913 1839 966 μα·-

256 1005 538 1074 θημάτων.
574 998 954 1069 Ἀπολινάριος
981 997 1037 1047 δὲ
1069 996 1137 1062 τῇ
1173 992 1294 1061 θεία
1326 991 1422 1061 Γμ
1453 994 1519 1059 ,θῇ
1562 989 1660 1062 ὅλῃ
1694 1005 1833 1058 χρη-

258 1101 516 1168 σάμενος,
548 1097 766 1149 πάντων
797 1109 858 1144 τε
904 1090 1146 1157 ποιητῶν
1184 1088 1306 1149 τοὺς
1349 1084 1709 1156 χαρακτῆρας
1744 1100 1836 1151 μι-

261 1191 558 1263 μούμενος,
590 1185 797 1256 ἔγραψε
831 1179 1182 1236 παιδεύεσθαι
1225 1180 1378 1248 παρὰ
1424 1177 1535 1228 τῶν
1569 1178 1833 1245 Χριστια-

257 1285 384 1337 νῶν.
428 1284 487 1334 Ὀ
512 1282 570 1333 δὲ
599 1276 926 1348 παραϐάτης
950 1275 1051 1336 τὰς
1072 1272 1180 1326 τῶν
1211 1270 1554 1342 Χριστιανῶν
1588 1268 1838 1330 εὐποιίας

262 1371 599 1442 μιμούμενος
635 1367 888 1420 ἐκέλευσε
922 1364 1093 1428 ξένοις
1127 1379 1186 1414 τε
1219 1361 1314 1414 καὶ
1343 1361 1575 1427 πτωχοῖς
1609 1357 1677 1408 τά
1700 1357 1836 1424 πρὶς

258 1465 356 1533 τὴν
378 1463 570 1534 χρείαν
593 1457 971 1530 χορηγεῖσθαι,
1005 1453 1229 1508 ἀπατῶν
1258 1452 1382 1513 τοὺς
1410 1450 1834 1516 ἁπλουστέρους.

260 1557 392 1618 Ταῖς
429 1555 486 1606 δὲ
536 1552 740 1604 εἰκόσιν
789 1549 954 1601 αὑτοῦ
1002 1547 1100 1598 Δία
1135 1543 1230 1596 καὶ
1276 1543 1447 1612 ’.Λρεα
1495 1541 1590 1594 καὶ
1632 1538 1839 1607 Ἑρμῆν

263 1643 680 1716 συγγράφεσθαι
701 1639 1005 1712 προσέταξε
1039 1637 1132 1689 καὶ
1155 1636 1279 1697 τοὺς
1310 1634 1533 1692 λοιποὺς
1553 1631 1836 1699 δαίμονας,

259 1738 384 1798 τοὺς
411 1736 468 1788 δὲ
499 1732 969 1799 ἀναϐαλλομένους
996 1727 1093 1796 τὴν
1122 1726 1327 1778 τούτων
1359 1723 1733 1792 προσκύνησιν
1763 1723 1838 1784 ὡς

258 1828 491 1898 ἐχθροὺς
515 1825 830 1893 βασιλικοὺς
857 1820 1237 1889 τιμωρεῖσθαι.
1281 1815 1370 1884 Τῷ
1405 1815 1460 1867 δὲ
1491 1815 1706 1884 στρατῷ
1741 1814 1839 1882 τὴν

1945 627 2204 681 Ecclesize
2232 626 2533 696 presbyter,
2573 634 2626 676 rt
2659 623 2920 678 Libauius
2955 626 3225 694 sophista,
3281 623 3516 680 Proclus

1942 720 2323 786 Maximnsque
2353 718 2668 786 philosophi
2708 717 3045 770 claruerunt.

2011 812 2171 865 Anno
2205 810 2447 862 secundo
2475 809 2729 862 Julianus
2760 809 2874 877 lege
2908 808 3033 861 data
3062 809 3232 861 edixit
3259 824 3326 862 ne
3362 809 3518 863 Chri-

1943 904 2109 958 stiani
2142 901 2350 955 Graecis
2389 903 2698 969 disciplinis
2751 903 3200 954 institueremur.
3233 900 3353 966 Quo
3384 915 3513 955 tem-

1942 1013 2071 1065 pore
2100 995 2478 1065 Apollinarius
2519 995 2794 1047 scribendi
2834 994 3122 1046 materiam
3161 1008 3409 1054 sumens,
3429 1007 3514 1044 sa-

1941 1104 2089 1140 cram
2125 1088 2466 1154 Scripturam
2524 1096 2688 1152 atque
2732 1101 2924 1139 omnes
2980 1094 3266 1151 poetarum
3316 1083 3518 1136 formas

1939 1180 2163 1232 imitans
2231 1193 2292 1229 ea
2325 1177 2635 1245 comp’osuit
2696 1191 2818 1244 qum
2883 1175 3179 1228 Christiani
3221 1174 3517 1228 dlSCH‘t'lll.

1941 1263 2484 1321 Ca-terumJulianus
2516 1281 2658 1320 verae
2709 1265 2989 1334 religionis
3042 1265 3201 1336 534.
3247 1267 3519 1333 desertor,

1943 1361 2381 1413 Christianorum
2441 1361 2863 1414 beneﬁcentiam
2926 1360 3174 1420 imitans,
3217 1361 3520 1429 peregrinis

1941 1461 1994 1506 et
2035 1451 2312 1516 mendicis
2373 1454 2686 1505 necessaria
2757 1453 3092 1521 suppeditari
3139 1452 3326 1518 jussit.
3383 1453 3520 1505 sini-

1946 1543 2201 1611 pliciorcs
2227 1540 2530 1608 decipiens.
2567 1540 2899 1610 Imaginibus
2931 1543 3045 1596 suis
3061 1540 3272 1604 Jovem,
3297 1527 3520 1596 Martem

1942 1642 1995 1685 et
2039 1631 2367 1684 Mercurium
2402 1634 2753 1701 reliquosque
2780 1635 3055 1686 (ίωιιιοιιυε
3077 1633 3297 1701 appiugi
3327 1633 3521 1700 jussit,

1941 1723 2011 1776 de
2069 1723 2135 1776 iis
2185 1722 2278 1789 qui
2337 1726 2568 1776 adorare
2627 1738 2690 1775 ea
2749 1725 3118 1786 (liStulissent,
3183 1725 3516 1791 supplicium

1944 1814 2085 1866 sumi
2118 1822 2378 1881 tauquam
2442 1815 2697 1868 hostibus
2747 1815 3119 1882 imperatoris.
3165 1814 3520 1878 Congiarium

261 1887 430 1984 ῥόγαν
473 1887 603 1984 *(15)
643 1887 927 1980 διανέμων
982 1887 1092 1976 πῦρ
1148 1906 1314 1958 ἐτίθει
1378 1906 1472 1956 καὶ
1515 1903 1833 1963 λιϐανωτὸν,

1945 1906 2206 1957 exercitui
2230 1905 2468 1972 largiens
2513 1906 2686 1974 ignem
2719 1906 2847 1975 poni
2884 1907 3159 1960 mandavit
3190 1921 3254 1960 ac
3289 1907 3520 1971 thus,ac

259 2008 354 2058 καὶ
388 2005 592 2075 θυμιᾷν
618 2004 744 2064 τοὺς
770 1999 1113 2068 στρατιώτας
1144 1997 1482 2067 ἠνάγκαζεν.

343 2098 432 2149 Ἐν
466 2094 774 2162 Καισαρείᾳ
806 2093 863 2145 δὲ
904 2092 1002 2158 τῆς
1041 2090 1330 2152 Φιλίππου,
1367 2092 1432 2156 τῇ
1461 2087 1555 2138 νῦν
1591 2085 1835 2146 Παναῖίι,

260 2191 293 2258 ἠ
348 2189 454 2241 ὑπὸ
508 2185 601 2238 τοῦ
655 2183 891 2253 Χριστοῦ
941 2182 1342 2253 θεραπευθεῖσα
1392 2180 1687 2249 αἱμόρρους
1741 2178 1838 2230 ἀν-

259 2280 489 2350 δριάντα
530 2277 726 2345 ἔστησε
777 2281 854 2343 τῷ
903 2273 1152 2343 Δεσπὸτῃ
1199 2271 1440 2340 Χριστῷ,
1491 2273 1582 2321 καὶ
1639 2268 1837 2338 βοτάνη

261 2368 461 2437 ἐφύετο
488 2368 592 2419 ὑπὸ
624 2367 723 2434 τὴν
765 2365 921 2430 βάσιν
959 2363 1054 2415 τοῦ
1105 2363 1418 2432 ἀνδριάντος
1456 2362 1635 2428 πάσης
1681 2360 1838 2412 νόσου

261 2460 640 2529 ἀλεξητήριον.
665 2457 744 2525 Τῇ
778 2453 869 2506 οὖν
905 2454 1101 2523 βοτάνῃ
1135 2454 1409 2522 φθονήσας
1431 2452 1522 2502 τὸν
1547 2451 1838 2518 ἀνδριάντα

264 2549 494 2616 κατάγει
522 2549 550 2600 ὁ
585 2546 836 2610 δείλαιος,
870 2546 962 2599 καὶ
1001 2545 1114 2598 ἀντ’
1143 2545 1308 2596 αὐτοῦ
1335 2545 1519 2606 ξόανον
1553 2539 1839 2592 Ἰουλιανού

262 2639 468 2709 ἵστησι.
495 2640 607 2692 Καὶ
633 2638 726 2691 τὸν
757 2639 854 2707 μὲν
885 2637 976 2690 τοῦ
1013 2637 1263 2703 Σωτῆρος
1295 2632 1586 2708 ἀνδριάντα
1625 2634 1674 2684 οἱ
1706 2632 1841 2698 Χρι-·

267 2722 474 2786 mw}.
520 2731 777 2794 λαϐόντες
809 2731 887 2791 είς
931 2729 1228 2796 ἐκκλησίαν
1272 2725 1478 2786 ἔθεντο,
1520 2724 1610 2776 τὸν
1653 2725 1706 2776 δὲ
1745 2722 1839 2775 τοῦ

278 2823 569 2877 Ἰουλιανοῦ
618 2821 727 2890 πῦρ
785 2819 1044 2873 κατελθὸν
1083 2820 1147 2871 ὲκ
1205 2817 1299 2870 τοῦ
1340 2817 1572 2888 ούρανοῦ
1627 2815 1838 2867 ἀνάπω-

266 2934 378 2971 τεν.

348 3010 436 3059 Ἐν
485 3007 544 3059 δὲ
575 3005 871 3059 Νικοπολει
908 3004 1002 3071 τῆς
1042 3000 1410 3068 Παλαιστίνης
1457 3003 1521 3068 τῇ
1565 2999 1841 3068 Ἐμμαούς

265 3101 417 3169 πηγή
449 3101 565 3152 ἐστι
589 3098 860 3150 παντοίων
886 3095 1070 3148 παθῶν
1098 3094 1402 3162 ἀνθρώπων
1431 3109 1489 3143 τε
1516 3092 1607 3144 καὶ
1630 3091 1844 3159 κτηνῶν

268 3193 441 3253 ἴασις’
469 3191 530 3242 ὲν
566 3190 702 3258 αὐτῇ
737 3188 848 3256 γάρ
879 3203 1012 3254 φασι
1043 3185 1133 3236 τὸν
1157 3183 1361 3253 Κύριον
1384 3183 1478 3235 καὶ
1510 3182 1645 3234 Θεὸν
1686 3181 1843 3250 ἡμῶν

266 3283 394 3345 τοὺς
423 3281 596 3342 πόδας
629 3277 998 3346 ἀπονίψασθαι
1023 3276 1083 3339 ἐξ
1112 3275 1441 3343 ὁδοιπορίας.
1487 3274 1574 3324 Ἐν
1613 3273 1844 3350 ξΕρμου-

273 3374 425 3427 πόλει
451 3388 552 3442 της
582 3370 848 3442 Θηϐαίδος
875 3369 1089 3436 δένδρον
1118 3367 1332 3419 ἵσταται
1366 3365 1573 3433 περσέα
1596 3381 1609 3394 ·
1642 3364 1846 3430 ταύτης

273 3464 467 3532 φύλλον
497 3465 528 3529 ἢ
576 3461 785 3528 κάρφος
842 3461 890 3510 εί
921 3457 1076 3510 λάϐοι
1117 3474 1225 3518 τις,
1274 3455 1410 3526 πρὸς
1462 3458 1644 3508 πᾶσαν
1691 3455 1846 3508 νόσον

268 3555 416 3606 ἐστὶν
469 3551 716 3620 ἰάσιμος·
769 3551 908 3617 ὅπερ
946 3547 1188 3620 δένδρον,
1225 3547 1378 3615 φασὶ,
1445 3545 1628 3598 κλιθὲν
1676 3561 1845 3614 προσ-

270 3644 452 3697 εκύνει
483 3642 562 3712 τῷ
615 3642 857 3712 Χριστῷ,
901 3640 1067 3710 ἡνίκα
1115 3638 1253 3706 πρὸς
1296 3639 1573 3704 Αἴγυπτον
1621 3636 1841 3706 ἔφευγε,

269 3735 364 3788 καὶ
404 3735 565 3787 σκιάν
598 3733 746 3801 αὐτῷ
774 3732 1067 3798 πεποίηκε.
1092 3731 1206 3784 Καὶ
1231 3733 1298 3801 τῇ
1334 3731 1431 3800 μὲν
1470 3733 1622 3799 πηγῇ
1649 3731 1846 3798 φθονή-

271 3843 365 3888 σας
393 3825 695 3892 κατέχωσε,
727 3823 787 3875 τὸ
817 3822 874 3875 δὲ
905 3823 1122 3891 δένδρον
1145 3821 1360 3890 ἔκοψεν.
1393 3814 1562 3883 Οὗτος
1593 3823 1620 3872 ὁ
1651 3822 1845 3891 μιαρὸς

270 3919 364 3985 τὴν
403 3915 493 3967 τοῦ
527 3913 845 3984 Προδρόμου
881 3912 1056 3984 θήκην
1096 3913 1312 3978 ἀνοίξας
1345 3914 1478 3980 πυρὶ
1516 3914 1583 3964 τὰ
1616 3912 1843 3979 λείψανα

272 4007 627 4076 παραδέδωκε
659 4008 754 4057 καὶ
789 4007 888 4073 τὴν
909 4007 1057 4056 κόνιν
1085 4003 1426 4072 διελίκμησε.

336 4096 472 4148 Φασὶ
505 4097 560 4148 δὲ
585 4097 666 4147 δτι
701 4097 759 4146 ἐν
778 4098 843 4164 τῇ
877 4095 1016 4148 κατὰ
1045 4094 1141 4164 τὴν
1167 4095 1506 4162 Καισάρειαν
1528 4095 1623 4162 τῆς
1655 4094 1844 4146 Φιλίπ-

272 4205 393 4249 που,
425 4191 481 4239 ἐν
512 4191 575 4256 τῇ
604 4187 827 4256 ἀρκτῲᾳ
856 4187 1000 4238 θέσει
1032 4187 1130 4254 τῆς
1163 4187 1467 4255 φάραγγος,
1507 4187 1664 4255 ῥίζαν
1695 4186 1808 4254 γίνε

271 4277 395 4330 σθαι
424 4276 737 4345 φλογοειδῆ,
769 4277 835 4347 ἣν
865 4274 1088 4328 καλοῦσι
1133 4275 1468 4346 βατταρῖτιν,
1507 4276 1592 4344 ἐφ’
1617 4272 1685 4347 ἧς
1717 4277 1845 4344 περὶ

268 4371 364 4440 τὴν
395 4372 638 4439 ἑσπέραν
668 4369 1042 4437 ἐξαστράπτον
1074 4370 1189 4434 φῶς
1223 4368 1672 4436 ἀπροσπέλαστον
1703 4363 1842 4418 εἶναι

269 4463 364 4515 καὶ
394 4462 688 4529 ἀπρόσιτον
719 4457 1129 4530 παρασκευάζει
1169 4457 1258 4510 διὰ
1289 4458 1349 4509 τὸ
1383 4457 1724 4526 παραχρῆμα
1752 4456 1844 4508 τὸν

1943 1995 2162 2048 adolere
2180 1997 2382 2058 milites
2413 1998 2614 2066 coegit.

2015 2086 2275 2140 Ca-sarea:
2329 2087 2584 2156 l‘hilippi,
2647 2105 2768 2157 quae
2841 2103 2991 2141 nunc
3032 2089 3233 2142 Panais
3291 2089 3513 2152 dicitur,

1943 2179 2144 2233 mulier
2174 2195 2338 2248 quam
2393 2180 2652 2235 Christus
2681 2180 2946 2250 proﬂuvio
2976 2181 3258 2248 sanguinis
3313 2180 3514 2234 libera-

1942 2280 2118 2334 verat,
2153 2270 2382 2324 Domino
2411 2272 2630 2324 Christo
2653 2281 2888 2326 statuam
2925 2281 3204 2340 posuerat.
3234 2272 3336 2326 sub
3353 2270 3514 2338 cujl.s

1942 2365 2058 2418 basi
2096 2365 2260 2417 herba
2314 2366 2676 2419 cnaSchatur
2705 2379 2945 2433 praesens
2989 2365 3312 2433 quarumvis
3374 2377 3522 2417 mor—

1945 2457 2138 2509 borum
2196 2458 2520 2510 remedium.
2575 2458 2704 2525 Ejus
2742 2459 2926 2510 herba:
2979 2456 3183 2508 invidia
3224 2454 3521 2509 motusJu-

1946 2547 2128 2600 liauus
2161 2556 2398 2601 statuam
2417 2564 2536 2601 eam
2587 2548 2861 2616 deposuit,
2894 2564 2954 2601 ac
2994 2546 3196 2601 Juliaui
3229 2549 3523 2616 imaginem

1945 2644 2217 2709 sculptaiu
2276 2640 2439 2694 istius
2504 2641 2621 2695 loco
2668 2641 2871 2710 posuit.
2943 2639 3239 2694 Christiani
3287 2650 3522 2694 statuam

1950 2734 2260 2786 Servatoris
2290 2734 2560 2788 sublatam
2593 2735 2647 2786 in
2689 2735 2889 2802 templo
2929 2734 3370 2788 collocaverunt:
3424 2730 3524 2786 Ju-

1946 2823 2078 2875 liani
2121 2822 2266 2891 ignis
2300 2823 2366 2878 de
2387 2825 2528 2877 caelo
2565 2823 2772 2876 missus
2805 2822 3174 2890 consumpsit.

2017 3007 2256 3076 Nicopoli
2331 3006 2656 3070 Palarstiuaz,
2693 3021 2816 3075 qua:
2873 3015 2926 3059 et
2988 3005 3247 3060 Euimaus
3299 3003 3525 3070 dicitur,

1949 3099 2074 3154 l‘ons
2103 3107 2221 3151 erat
2249 3099 2429 3152 omnis
2454 3113 2673 3166 generis
2696 3097 2919 3152 morbos
2973 3097 3256 3150 hominum
3332 3096 3526 3149 bruto-

1951 3205 2181 3256 rumque
2233 3204 2480 3244 sananS'.
2529 3205 2594 3243 eo
2617 3190 2762 3244 enim
2811 3187 2963 3242 fonte
3014 3187 3196 3242 ferunt
3240 3185 3524 3240 Christum

1949 3297 2014 3334 ex
2049 3283 2244 3334 itinere
2280 3280 2444 3348 pedes
2481 3279 2744 3332 abluisse.
2785 3276 3120 3344 llermopoli,
3147 3290 3268 3345 quae
3292 3273 3526 3328 esturbs

1951 3367 2266 3427 Thebaidis.
2303 3367 2520 3421 Persica
2584 3368 2751 3421 arbor
2801 3365 2925 3431 fuit,
2980 3367 3136 3433 cujus
3195 3363 3385 3419 folium
3432 3369 3530 3418 aut

1951 3469 2138 3515 cortex
2170 3460 2349 3514 cuivis
2375 3459 2565 3513 morbo
2593 3458 2942 3511 mederetur:
2987 3472 3108 3512 eam
3148 3455 3330 3512 ferunt
3369 3456 3530 3510 arbu.

1946 3567 2063 3607 rem
2095 3568 2217 3607 sese
2250 3553 2547 3606 inclinasse
2566 3549 2918 3607 etCltristum
2963 3552 3224 3605 adorasse
3259 3551 3313 3603 in
3355 3547 3528 3618 Egy-

1946 3655 2101 3717 ptum
2153 3643 2472 3718 fugientem,
2507 3647 2672 3713 eique
2728 3645 2976 3697 umbram
3029 3643 3353 3711 praebuisse.
3388 3639 3526 3693 Eum

1948 3737 2150 3791 fontem
2189 3739 2385 3790 invidia
2422 3736 2736 3791 stimulante
2783 3733 3034 3786 Julianus
3081 3732 3288 3799 ingesta
3347 3738 3522 3782 mate-

1947 3831 2029 3884 ria
2101 3831 2402 3893 obstruxit,
2451 3829 2818 3894 arborciuque
2885 3826 3028 3877 illam
3079 3823 3300 3877 excidit.
3362 3816 3522 3889 535

1946 3923 2090 3975 Idem
2124 3929 2315 3988 aperto
2344 3918 2714 3972 Praicursoris
2735 3917 2944 3970 Christi
2998 3915 3336 3968 monimento
3392 3910 3522 3963 reli-

1944 4013 2101 4080 quias
2135 4010 2254 4078 ejus
2283 4010 2546 4063 cremavit
2578 4009 2901 4074 cineresque
2930 4005 3235 4071 dissipaiit.

2016 4102 2186 4154 Aiunt
2251 4103 2305 4152 in
2342 4100 2496 4153 \allis
2555 4114 2674 4167 qua:
2708 4099 2772 4153 ad
2801 4098 3104 4150 Caasaream
3163 4093 3400 4161 Philippi
3435 4100 3520 4145 est

1946 4192 2360 4261 septentrionali
2405 4196 2557 4258 parte
2591 4188 2896 4242 ﬂammeam
2949 4185 3239 4255 quamdam
3279 4183 3518 4238 radicem

1946 4285 2121 4348 nasci,
2171 4281 2550 4335 Battaritidcm
2585 4280 2828 4343 nomine,
2875 4294 2904 4332 a
2957 4294 3061 4347 qua
3099 4279 3202 4332 sub
3230 4289 3517 4346 vesperam

1946 4377 2212 4443 elfulgens
2268 4375 2448 4426 lumen
2495 4372 2833 4424 inaccessam
2868 4385 2987 4422 eam
3039 4370 3268 4421 reddat:
3320 4366 3520 4435 quodsi

1944 4467 2075 4534 quid
2111 4465 2355 4527 accedat,
2417 4462 2468 4516 id
2522 4461 2706 4516 statim
2735 4469 3004 4530 moriatur
3085 4459 3243 4512 Circa
3279 4472 3398 4511 eam
3433 4469 3521 4509 ra-

269 4553 553 4619 ὲγγίςοντα
593 4552 976 4619 ἀποθνήσκειν.
1022 4547 1298 4601 Κυκλόθεν
1326 4547 1432 4615 ξοῦν
1477 4549 1645 4615 αὐτῆς
1685 4563 1838 4615 περι-

1951 4561 2133 4614 dicem
2166 4561 2216 4612 iu
2242 4559 2428 4612 orbem
2463 4564 2662 4610 terram
2697 4555 2982 4617 eﬂ‘odiuut,
3018 4567 3083 4608 ac
3110 4552 3278 4606 radici
3326 4565 3520 4606 canem

268 4639 560 4709 ορύξαντες
611 4639 748 4691 κύνα
796 4637 1086 4706 δεσμοῦσιν
1127 4640 1190 4688 ἐκ
1218 4637 1315 4704 τῆς
1345 4636 1502 4704 ῥίζης
1548 4637 1738 4705 αὐτῆς.
1781 4635 1842 4687 Ὃ

269 4733 412 4784 κύων
437 4731 495 4782 δὲ
536 4734 649 4793 τοῖς
685 4729 852 4781 αὐτοῦ
886 4731 1176 4791 δεσπόταις
1208 4727 1437 4780 ἕπεσθαι
1488 4729 1700 4796 ἱέμενος
1750 4729 1843 4779 ἐπὶ

271 4823 403 4875 πολὺ
467 4821 647 4890 σύρων
682 4821 902 4888 ἀνασπᾷ
930 4819 1026 4888 τὴν
1058 4821 1233 4888 ῥίζαν.
1262 4819 1371 4871 Καὶ
1401 4818 1561 4878 αὐτὸς
1595 4818 1692 4886 μὲν
1715 4817 1841 4888 θνή-

270 4925 387 4965 σκει
417 4911 689 4981 παραυτά,
711 4913 807 4980 τὴν
836 4910 988 4978 ῥίζαν
1018 4909 1072 4960 δὲ
1097 4910 1487 4977 περιάπτοντες
1507 4909 1631 4962 τοὺς
1655 4909 1842 4976 δαιμο-

269 5005 582 5072 νιζομένους
610 5002 996 5071 θεραπεύουσι.
1034 5001 1141 5051 Καὶ
1164 5001 1221 5051 ὲν
1251 5004 1315 5068 τῇ
1348 5000 1604 5068 Γαλιλαία
1630 5000 1686 5052 δέ
1709 5016 1838 5066 φασι

269 5096 422 5145 πόλιν
476 5090 616 5144 εἶναι
678 5091 956 5161 πάραλονο
1028 5090 1231 5160 ταύτης
1283 5090 1392 5142 ἀπὸ
1459 5090 1686 5142 σταδίων
1748 5089 1839 5141 δύο

266 5186 478 5256 διαρρεῖ
507 5177 768 5253 ποταμός.
790 5178 962 5246 Οὗτος
986 5183 1098 5253 ἔχει
1123 5185 1286 5235 τόπον
1313 5183 1370 5234 ἐν
1399 5183 1546 5251 αὐτῷ
1568 5183 1837 5253 νησοειδῆ,

267 5276 397 5328 ὡσεὶ
441 5275 636 5344 πηχῶν
689 5274 881 5326 ἑκατὸν
913 5273 998 5344 [Ρ.
1037 5273 1166 5344 506]
1213 5274 1274 5325 τδ
1319 5274 1669 5342 περίμετρον,
1718 5266 1839 5340 οὗή

267 5368 410 5437 ἀργὴ
447 5366 678 5436 ψάμμος
708 5365 798 5418 διά
819 5365 928 5416 τῶν
955 5366 1172 5435 ἀνέμων
1210 5364 1551 5434 ἐκφερομένη
1581 5364 1658 5425 είς
1690 5363 1841 5415 ὕελον

268 5459 426 5522 εὐθὺς
461 5459 837 5528 μεταποιεῖται
856 5475 868 5486 ’
898 5457 992 5510 καὶ
1012 5457 1215 5528 ταύτης
1243 5455 1652 5526 ἀφαιρουμένης
1680 5454 1841 5508 πάλιν

271 5546 424 5614 αὖθις
448 5550 858 5620 ἀναπληροῦται

1950 4652 2198 4716 alligant,
2226 4649 2316 4715 qui
2340 4648 2468 4701 dum
2501 4647 2757 4700 dominos
2785 4661 2914 4699 suos
2949 4641 3104 4711 iscqui
3167 4643 3340 4711 cupit,
3397 4656 3517 4695 eam

1949 4739 2131 4792 evellit
2182 4746 2349 4804 atque
2396 4738 2514 4805 ipse
2565 4736 2713 4787 illico
2763 4735 2996 4787 moritur
3050 4732 3316 4786 Caeterum
3347 4746 3410 4784 ea
3434 4746 3520 4783 ra-

1949 4830 2069 4884 dice
2118 4841 2358 4896 appensa
2384 4842 2480 4879 eos
2498 4835 2698 4880 sanant
2757 4827 2848 4894 qui
2890 4841 2919 4878 a
2957 4824 3297 4879 daunouibns
3320 4837 3522 4876 vexan-

1951 4933 2057 4976 tur.
2092 4921 2146 4973 lu
2181 4919 2402 4973 Galilaza
2435 4919 2597 4970 etiam
2640 4917 2822 4970 ferunt
2849 4917 3038 4970 urbem
3065 4914 3358 4984 quamdam
3389 4928 3515 4966 esse

1949 5011 2301 5074 maritimam,
2342 5023 2372 5061 a
2415 5021 2520 5076 qua
2569 5007 2760 5060 stadiis
2791 5005 3002 5060 duobus
3036 5002 3367 5073 praztcrﬂuat
3392 5017 3519 5054 am-

1950 5105 2056 5164 nis,
2095 5102 2148 5154 in
2180 5115 2284 5167 quo
2315 5099 2385 5150 sit
2431 5097 2610 5151 insula
2644 5097 2896 5166 quredam
2937 5097 3145 5150 ambitu
3199 5095 3512 5148 cubitorum

1950 5194 2170 5247 circiter
2223 5198 2466 5252 centum,
2504 5189 2664 5258 cujus
2719 5188 2839 5242 alba
2888 5202 3054 5242 arena
3099 5188 3277 5241 ventis
3339 5190 3523 5254 egesta

1953 5287 2136 5339 statim
2169 5285 2220 5337 in
2258 5286 2451 5335 vitrum
2479 5292 2739 5346 mutetur,
2767 5289 2930 5348 atque
2955 5293 3121 5334 arena
3136 5276 3524 5333 sublatalocus

1952 5376 2241 5432 confestim
2272 5375 2380 5427 alia
2409 5377 2714 5444 expleatur.

1416 5666 1776 5721 XYLANDRI
1806 5668 1892 5722 ET
1927 5669 2137 5724 COAHI
2161 5667 2395 5724 NOT/E.

340 5756 1064 5830 (l3)p$ti_pendiar_militum,
1112 5760 1198 5815 vel
1254 5762 1649 5830 imperatorum
1707 5761 1847 5813 dona

276 5827 535 5886 Kalendis
552 5827 852 5896 Ianuariis,
883 5830 1156 5888 natalibus
1186 5827 1497 5902 principum
1527 5840 1582 5887 et
1623 5831 1840 5886 urbium

1956 5762 2254 5829 regiarum,
2292 5769 2350 5812 ut
2382 5760 2470 5812 hic
2521 5767 2707 5812 narrat
2745 5754 2949 5829 Paulus
2987 5753 3284 5829 Diagonus,
3317 5751 3526 5810 eisdem

1951 5825 2219 5886 exhibita.
2254 5833 2332 5884 Al)
2363 5830 2624 5899 eroganda
2661 5843 2760 5882 vox
2793 5827 3048 5884 deducta.
3073 5825 3246 5883 Gom.
