4214 6450
726 417 838 483 583

2037 407 2364 472 GEORGII
2408 407 2746 469 CEDRENI

3917 410 4027 476 εει

799 527 1023 584 Juliano
1055 527 1458 584 Chalcedonem
1497 526 1806 582 transeunti
1869 537 2037 597 atque
2095 527 2148 580 in
2185 525 2315 578 fano

2495 522 2858 594 Διερχόμενον
2905 522 2962 577 δὲ
3009 522 3104 576 τὸν
3167 520 3456 577 Ἰουλιανδν
3507 519 3606 592 τὴν
3673 522 4029 591 Χαλκηδόνος

728 616 988 674 Fortunae
1014 618 1350 673 sacriﬁcanti
1395 617 1560 672 Maris
1611 615 1732 684 ejus
1769 616 1876 670 loci
1923 618 2218 686 episcopus
2259 615 2317 668 in

748 709 945 765 faciem
980 710 1229 763 comitia
1258 711 1530 779 permulta
1571 708 1713 772 fecit,
1759 709 2094 762 desertorem
2127 707 2312 776 appel-

731 803 850 856 lans
880 813 933 856 et
966 801 1164 855 furiam
1200 812 1254 855 et
1285 803 1473 872 gloriae
1506 801 1597 854 Dei
1633 801 1895 854 alienum.
1922 797 2314 860 SedJnlianus,

730 904 788 947 ut
823 895 916 964 qui
960 895 1492 964 philosOphumprm
1535 908 1596 946 se
1623 891 1814 952 ferret,
1845 910 1952 946 uno
2019 893 2121 945 hoc
2170 893 2318 946 dicto

732 985 925 1039 Marim
983 989 1131 1041 ultus
1166 987 1435 1051 cst,Ahi,
1476 986 1758 1055 inquiens,
1818 985 2004 1046 miser,
2063 995 2320 1054 tuamque

730 1083 954 1152 dcplora
988 1084 1286 1137 caecitatem
1352 1083 1440 1134 cui
1475 1079 1791 1140 Nazurzeus,
1819 1095 1977 1149 quem
2009 1090 2063 1131 tu
2099 1081 2316 1144 adoras,

729 1189 890 1241 Opem
922 1190 1029 1227 non
1086 1174 1233 1227 tulit.
1284 1172 1416 1225 Nam
1451 1171 1615 1225 Maris
1644 1172 2001 1226 suffusionem
2029 1172 2317 1225 oculorum

729 1282 1023 1336 perpessus
1111 1275 1250 1320 eral.
1313 1265 1473 1333 Isque
1537 1265 1701 1336 536
1754 1262 2054 1332 respondit,
2101 1261 2320 1320 Gratias

729 1371 837 1426 ago
867 1355 1099 1410 Domino
1133 1371 1255 1411 meo
1290 1356 1548 1422 Christo,
1591 1357 1680 1425 qui
1719 1355 1849 1407 mihi
1883 1355 1986 1409 hoc
2009 1367 2168 1425 pacto
2193 1371 2318 1424 pro-

732 1453 998 1518 spexitne
1030 1449 1580 1518 impudentissimam
1641 1461 1795 1503 tuum
1825 1457 1991 1518 atque
2047 1449 2306 1519 impiissi-

726 1555 876 1593 mum
907 1539 1123 1596 videam
1156 1543 1389 1596 vultum.

801 1717 947 1771 Idem
1015 1716 1266 1771 Julianus
1321 1715 1529 1772 Graecis
1584 1715 1975 1781 instigantibus
2056 1730 2314 1782 magnum

728 1813 1095 1866 Athanasium
1149 1811 1384 1865 cerlesia
1413 1811 1644 1879 expulit.
1685 1809 1788 1874 Qui
1817 1809 2008 1864 abiens
2044 1809 2315 1864 Christia-

726 1919 828 1957 nus
865 1918 1034 1971 super
1069 1907 1186 1972 ipso
1221 1902 1414 1957 ﬂentes
1447 1904 1592 1955 bono
1621 1918 1746 1956 esse
1767 1903 1954 1957 animo
1977 1902 2148 1971 jussit
2181 1920 2316 1958 :nu-

721 1994 972 2051 bcculam
1008 1996 1152 2048 enim
1193 1995 1336 2049 hanc
1372 1994 1522 2049 brevi
1563 1997 1950 2048 transituram.

797 2179 1008 2249 Degens
1041 2177 1345 2232 Antiochiae
1369 2175 1623 2230 Julianus
1656 2191 1719 2230 ac
1747 2176 1944 2230 crebro
2000 2175 2055 2230 in
2094 2176 2316 2245 Daphna

724 2268 1109 2322 obambulans.
1145 2265 1529 2333 Apullinisque
1548 2265 1907 2317 simulacrum
1934 2263 2145 2328 colens,
2171 2265 2320 2334 quod

731 2358 803 2410 ibi
830 2367 967 2412 erat.
993 2371 1135 2425 opus
1165 2355 1414 2425 liryxidis
1442 2355 1698 2409 statuarii
1726 2355 2138 2417 admirandum,
2169 2356 2317 2426 quod

728 2449 998 2504 imitando
1029 2463 1249 2516 aequare
1277 2465 1438 2504 nemo
1468 2459 1745 2517 potuerat,
1775 2451 2063 2503 oraculum
2113 2452 2182 2503 ab
2249 2467 2315 2506 eo

742 2541 1031 2610 poscebat.
1079 2544 1216 2595 Cum
1244 2558 1372 2596 vero
1396 2542 1528 2595 nihil
1559 2543 2007 2613 responderetur,
2056 2546 2319 2615 reliquias

727 2635 901 2687 sancti
943 2635 1201 2704 martyris
1236 2634 1472 2706 Babylze,
1513 2652 1635 2704 qua:
1667 2637 1719 2689 in
1765 2637 1992 2706 Daphna
2045 2648 2205 2692 erant
2239 2655 2319 2693 re-

729 2729 945 2797 positae.
987 2730 1039 2779 in
1080 2742 1245 2782 causa
1301 2743 1426 2782 esse
1483 2737 1640 2784 ratus
1701 2731 1994 2784 transferri
2050 2747 2145 2787 eas
2192 2731 2320 2788 inde

723 2820 916 2889 jussit.
954 2819 1073 2886 Quo
1102 2820 1266 2885 iacto,
1297 2823 1485 2876 eadem
1521 2825 1841 2894 nocteignis
1872 2823 2162 2878 confertim
2178 2828 2320 2880 coelo

729 2914 948 2965 delatus
986 2912 1156 2965 aedem
1227 2914 1701 2981 simulacrumque
1751 2917 2083 2982 combussit,
2133 2918 2204 2970 ita
2258 2928 2319 2973 ut

730 3019 798 3057 ne
832 3003 1125 3072 vestigium
1173 3005 1392 3069 quidem
1434 3004 1556 3072 ejus
1592 3016 1935 3074 superesset.
1995 3006 2069 3060 Ea
2109 3023 2167 3063 re
2211 3009 2318 3063 im-

726 3096 852 3163 pius
883 3094 972 3148 ille
1024 3095 1335 3163 perculsus,
1373 3096 1704 3164 insidiisque
1758 3098 2206 3154 Christianorum
2242 3100 2319 3155 fa-

2423 615 2598 680 πόλιν,
2639 616 2824 685 Μάρις
2845 618 2873 669 ὁ
2905 615 3108 683 ταύτης
3147 616 3450 678 ἐπίσκοπος
3481 614 3687 678 πολλὰς
3727 615 3919 685 ὕϐρεις
3945 619 4027 687 τῷ

2435 706 2706 776 Ἰουλιανῷ
2739 709 2818 769 εἰς
2843 707 2932 760 τὸν
2957 707 3054 775 τῆς
3079 706 3262 775 Τύχης
3291 707 3418 759 ναὸν
3450 707 3632 759 θύοντι
3662 710 3802 760 κατὰ
3832 709 4024 780 πρώο-

2420 815 2566 850 ωπον
2596 800 2865 867 ἐπήγαγε,
2903 798 3232 869 παραϐάτην
3269 798 3560 852 ἀποκαλῶν
3603 800 3695 851 καὶ
3741 799 4024 871 ἀλάστορα

2419 892 2514 943 καὶ
2541 891 2640 961 τῆς
2670 890 2760 943 τοῦ
2790 890 2925 942 Θεοῦ
2953 890 3115 960 δόξης
3150 890 3454 960 ἀλλότριον.
3497 891 3558 943 Ὀ
3583 891 3638 944 δέ
3670 890 3766 944 ἆτε
3799 890 4023 958 φιλόςο-

2421 1000 2520 1051 φον
2555 981 3032 1052 προσποιούμενος
3081 984 3164 1037 ἐνὶ
3197 984 3288 1037 τὸν
3324 983 3509 1052 Μάριν
3558 984 3809 1037 ὠνείδισε
3851 985 4018 1054 λόγῳ,

2425 1073 2685 1138 Ἀπελθε,
2716 1073 2912 1140 λέγων,
2939 1072 3278 1141 ταλαίπωρε,
3307 1073 3401 1125 καὶ
3429 1071 3728 1141 ἀπεθρήνει
3761 1072 3862 1142 τὴν
3891 1090 4026 1124 σαι-ι

2421 1165 2514 1218 τοῦ
2548 1163 2824 1232 τύφλωσιν
2846 1181 2858 1194 ’
2889 1163 3009 1217 οὐδὲ
3041 1165 3148 1232 γὰρ
3175 1165 3202 1216 ὁ
3237 1163 3580 1232 Ναζωραῖος,
3607 1162 3667 1215 ὃν
3691 1163 3754 1216 σὺ
3779 1181 4024 1233 προσκυ-

2425 1261 2556 1322 νεῖς,
2590 1257 2684 1309 τοῦ
2722 1260 2931 1320 πάθους
2967 1259 3174 1310 ἰάσατο.
3210 1253 3320 1308 ἿΙν
3346 1255 3453 1324 γὰρ
3483 1259 3510 1308 ὁ
3543 1257 3724 1326 Μάρις
3767 1258 4024 1326 ἐπίχυσιν

2421 1348 2721 1412 πεπονθώς.
2753 1348 2810 1402 Ὀ
2831 1350 2885 1402 δέ
2906 1368 3038 1420 φησι
3057 1347 3194 1418 πρὸς
3210 1348 3299 1400 τὸν
3323 1347 3672 1416 Παραϐἀτην·
3694 1347 3838 1417 Εὐχα
3851 1348 4022 1416 pta-.6:

2422 1441 2500 1512 τῷ
2526 1442 2777 1512 Δεοπότῃ
2819 1459 2920 1510 μου
2951 1440 3172 1512 Χριστῷ
3212 1443 3370 1493 τοῦτο
3420 1457 3509 1508 μοι
3556 1442 4015 1510 προνοησαμένιει,

2422 1533 2514 1586 ἵνα
2549 1535 2623 1604 μὴ
2649 1534 2710 1586 τὸ
2738 1533 3127 1586 ἀηδέστατον
3152 1534 3246 1586 καὶ
3288 1531 3656 1584 ἀσεϐέστατον
3682 1550 3777 1585 σου
3805 1531 4018 1586 θεάσω-

2425 1641 2524 1696 μαι
2553 1626 2865 1694 πρόσωπον.

2493 1708 2663 1777 Οὗτος
2691 1717 2784 1767 τον
2810 1716 2983 1785 μέγαν
3019 1713 3338 1768 Ἀθανάσιον
3364 1716 3463 1784 τῆς
3498 1713 3824 1783 Ἐκκλησὶας
3855 1714 4011 1778 ἐξελ-

2421 1807 2536 1861 θεῖν
2565 1809 2844 1872 ἐκέλευσε,
2876 1807 2990 1860 τῶν
3031 1807 3307 1877 Ἑλλήνων
3349 1806 3514 1860 αὑτὸν
3565 1807 4015 1878 παροξυνάντων.

2435 1901 2495 1954 '0
2524 1902 2579 1954 δὲ
2632 1901 2990 1972 ἐξερχόμενος
3043 1901 3268 1970 θαρρεῖν
3322 1895 3445 1952 εἷπε
3504 1900 3856 1971 Χριστιανοῖς
3901 1904 4020 1965 τοῖς

2427 1998 2566 2068 ὺπέρ
2613 1997 2778 2050 αὑτοῦ
2826 1997 3161 2067 δακρύουσι·
3204 1995 3493 2066 Θαρσεῖτε,
3546 1997 3703 2066 φησὶ,
3744 1994 3872 2058 λαὸς
3919 1995 4020 2048 τοῦ

2423 2070 2705 2161 Χριστοῦ”
2748 2091 3035 2160 νεφύδριόν
3065 2093 3206 2151 ἐστι,
3243 2092 3336 2140 καὶ
3369 2088 3730 2159 παρέρχεται.

2495 2182 2710 2249 Διάγων
2739 2183 2795 2234 δὲ
2830 2175 3118 2243 Ἰουλιανὸς
3148 2183 3205 2232 ἐν
3254 2180 3578 2249 Ἀντιοχείᾳ,
3633 2180 3728 2232 καὶ
3773 2180 4017 2247 cava-‘5;

2422 2278 2480 2329 ἐν
2509 2276 2696 2345 Δάφνῃ
2729 2273 2895 2328 ἀνιὼν
2941 2276 3035 2328 καὶ
3067 2275 3128 2326 τὸ
3160 2273 3255 2326 τοῦ
3300 2274 3637 2334 Ἀπόλλωνος
3687 2273 4016 2341 θεραπεύων

2422 2369 2642 2422 εἴδωλον
2674 2364 2762 2438 (ἦν
2797 2369 2906 2436 γὰρ
2961 2368 3140 2420 ἐκεῖσε
3187 2366 3502 2435 θαυμαστὸν
3551 2366 3710 2435 ἔργον
3758 2364 4016 2434 Βρύξιδος

2423 2460 2888 2531 ἀγαλματοποιοῦ,
2910 2461 2937 2513 θ
2958 2462 3118 2531 μήτις
3137 2459 3294 2522 ἄλλος
3313 2460 3532 2530 ἴσχυσεν
3550 2457 4016 2526 ἐκμιμήσασθαι),

2422 2558 2556 2629 παρ’
2587 2556 2757 2610 αὐτοῦ
2788 2557 3038 2626 χρησμὸν
3074 2556 3279 2620 ἐζήτει,
3313 2554 3432 2608 ἀλλ’
3488 2555 3748 2623 οὐδεμιᾶς
3783 2555 4022 2620 ἀποκρί-

2423 2665 2560 2712 σεως
2591 2647 2768 2717 ἔτυχε.
2806 2648 3056 2717 Νομίσας
3076 2649 3132 2701 δὲ
3158 2651 3239 2700 ὅτι
3270 2649 3356 2701 διὰ
3389 2652 3457 2701 τὰ
3488 2651 3548 2700 ἐν
3569 2653 3632 2717 τῇ
3665 2650 3849 2715 Δὰερνῃ
3877 2648 4023 2698 ἀπο-

2421 2740 2652 2812 κείμενα
2671 2740 2900 2810 λείψανα
2924 2741 3018 2793 τοῦ
3039 2740 3199 2810 ἁγίου
3221 2742 3623 2812 ἱερομάρτυρος
3649 2739 3760 2809 (14)
3796 2737 4026 2791 Βαϐύλα.

2421 2835 2732 2903 ἀποσιωπᾷ,
2770 2833 3057 2885 ἐκέλευσεν
3089 2834 3309 2886 ἅπαντα
3347 2833 3727 2902 μετατεθῆναι.
3757 2827 3832 2884 Οὗ
3858 2848 4021 2897 γενο-

2425 2926 2590 2994 μένου
2628 2925 2848 2994 sepem;
2883 2925 2995 2994 πῦρ
3024 2927 3090 2976 ἐκ
3125 2924 3220 2976 τοῦ
3251 2924 3485 2993 ούρανοῦ
3522 2924 3781 2977 κατελθὸν
3827 2924 4020 2993 ἐκείνῃ

2420 3019 2485 3087 τῇ
2508 3017 2662 3071 νυκτὶ
2695 3016 2784 3069 τόν
2809 3032 2869 3068 τε
2898 3014 3024 3068 ναὸν
3057 3015 3356 3084 κατέφλεξε
3389 3017 3484 3068 καὶ
3513 3017 3572 3066 τὸ
3602 3014 3695 3067 τοῦ
3737 3014 4021 3066 Ἀπίλλω-

2422 3127 2514 3172 νος
2568 3094 2836 3178 ἄγαλμα,
2900 3108 3043 3161 ὥστε
3110 3109 3246 3178 μηδὲ
3305 3108 3450 3178 ἴχνος
3517 3107 3684 3160 αὐτοῦ
3755 3107 4018 3176 φανῆναι.

729 3193 878 3238 ctum
923 3195 1141 3253 putans,
1175 3187 1490 3240 sacerdotes
1523 3189 1684 3242 torsit
1710 3191 1993 3258 variisque
2031 3192 2317 3260 suppliciis

2439 3199 2770 3263 Ἐκπλαγεὶς
2817 3197 2910 3250 οῦν
2957 3198 3050 3250 ἐπὶ
3089 3199 3264 3267 τούτῳ
3300 3201 3328 3251 ὁ
3372 3198 3590 3266 μιαρὸς,
3642 3197 3736 3249 καὶ
3787 3196 4020 3261 νομίσας

731 3275 938 3335 affecit,
966 3276 1038 3329 ita
1075 3287 1134 3331 ut
1165 3279 1327 3331 etiam
1354 3280 1563 3348 aliquot
1586 3281 1652 3334 de
1677 3282 1743 3334 iis
1769 3293 2136 3337 morerentur.
2197 3286 2314 3339 Hoc

730 3375 915 3418 autem
951 3367 1335 3422 tantummodo
1365 3384 1430 3422 ex
1490 3371 1556 3423 iis
1591 3373 1780 3425 retulit
1821 3377 2095 3440 responsi,
2135 3391 2318 3444 neque

729 3457 1174 3513 Christianorum
1249 3475 1432 3528 neque
1509 3463 1680 3517 ullius
1764 3465 1989 3520 omnino
2080 3467 2320 3522 hominis

730 3565 918 3619 Opera,
947 3550 1043 3605 sed
1079 3552 1202 3618 igne
1235 3552 1457 3606 coalitus
1488 3555 1668 3608 delato
1691 3555 1862 3610 tndem
1898 3569 2064 3627 atque
2093 3559 2321 3614 simula-

730 3654 887 3694 crum
923 3641 1316 3712 c0nﬂagrasse.
1347 3642 1667 3713 Propterea'
1699 3647 1873 3700 iratus
1923 3664 2175 3718 magnam
2207 3651 2321 3704 An-

729 3733 948 3788 tioohiae
974 3736 1143 3788 :edem
1171 3737 1398 3789 reclusit
1423 3738 1719 3808 omniaque
1742 3741 1943 3808 templa
1971 3741 2319 3811 deprtedatus

731 3845 832 3887 est.
857 3833 1001 3888 Missi
1036 3843 1220 3888 autem
1240 3835 1399 3905 537
1423 3835 1533 3891 duo
1556 3828 1787 3893 comites
1819 3838 1966 3893 Felix
1998 3838 2319 3898 etJulianus

731 3927 1043 3980 avunculus
1068 3927 1442 3995 imperatoris,
1477 3943 1600 3983 cum
1630 3930 1879 3986 dicerent
1916 3948 1975 3988 se
2032 3936 2315 4003 putavisse

731 4021 1026 4089 quamdam
1088 4022 1407 4078 facultatem
1465 4041 1650 4080 rerum
1719 4030 2110 4098 inspectricem
2168 4046 2311 4096 esse,

731 4127 854 4180 qua
917 4113 1067 4182 ipsos
1127 4115 1528 4185 impedivisset,
1583 4118 1948 4173 subsannarit
2005 4135 2101 4174 eos
2146 4120 2320 4175 Julia-

734 4219 856 4258 nus.

801 4382 1084 4440 Artemius
1104 4401 1267 4454 porro
1302 4385 1413 4440 dux
1448 4387 1798 4442 Alexandriae
1833 4426 1849 4450 ,
1888 4390 1980 4458 qul
2023 4390 2314 4460 imperium

733 4471 1060 4528 Constantio
1083 4485 1309 4543 gerente
1334 4492 1533 4548 magno
1559 4479 1754 4533 ardore
1783 4479 2023 4536 cultores
2052 4480 2314 4536 falsorum

2430 3287 2551 3338 κατ’
2601 3284 2894 3356 ἐπιϐουλὴν
2937 3286 3284 3354 Χριστιανῶν
3332 3287 3607 3354 γενέσθαι,
3642 3287 3728 3338 ἐπ’
3769 3286 4026 3350 ἐξέτασιν

2429 3374 2537 3428 τῶν
2589 3376 2779 3446 ἱερέων
2817 3376 3034 3446 ἐχώρει.
3090 3377 3201 3428 Καὶ
3240 3377 3512 3438 παντοίως
3558 3377 4025 3446 τιμωρησάμενος

2429 3465 2571 3519 ὥστε
2591 3466 2683 3519 καί
2710 3483 2862 3530 τινας
2881 3467 3071 3530 αὐτῶν
3091 3467 3409 3528 ἀποθανεῖν,
3438 3466 3599 3520 τοῦτο
3619 3468 3784 3536 μόνον
3814 3469 4021 3534 ἢκουσε

2431 3562 2560 3629 παρ’
2596 3557 2800 3623 αὐτῶν,
2829 3561 2908 3612 ὅτι
2928 3558 3051 3612 οὕτε
3087 3559 3189 3612 ὑπὸ
3216 3558 3563 3628 Χριστιανῶν
3587 3559 3700 3610 οἱθ⁹
3718 3559 3822 3609 ὑπὸ
3849 3559 4024 3628 ἄλλης

2428 3652 2780 3723 ἀνθρωπίνης
2825 3651 3157 3722 ἐπιϐουλῆς,
3193 3651 3310 3705 ἀλλ’
3366 3653 3429 3704 ἐκ
3475 3650 3569 3704 τοῦ
3621 3650 3855 3722 οὐρανοῦ
3907 3652 4020 3721 πῦρ

2429 3744 2694 3797 κατελθὸν
2740 3745 3010 3814 ἐνέπρησε
3063 3744 3160 3796 καὶ
3207 3744 3299 3797 τὸν
3343 3745 3469 3797 ναὸν
3519 3743 3615 3796 καὶ
3659 3745 3719 3795 τὸ
3763 3744 4013 3812 ἄγαλμα.

2429 3836 2715 3906 Θυμωθεὶς
2741 3831 2834 3890 οὖν
2867 3839 2894 3889 ὁ
2923 3836 3255 3908 Παραϐάτης
3288 3837 3384 3890 καὶ
3414 3837 3681 3906 θεομαχος
3711 3835 3810 3905 τὴν
3843 3834 4021 3903 μεγὰ-

2428 3927 2528 3998 λην
2573 3927 2871 3997 ἐκκλησίαν
2905 3929 3238 3998 Ἀντιοχείας
3281 3927 3574 3980 ἀπέκλεισε
3614 3930 3709 3979 καὶ
3739 3927 3917 3979 πάντα
3949 3927 4020 3978 τα

2431 4021 2551 4091 ἱερά
2578 4020 2832 4087 ἐσύλησε.
2868 4019 2990 4072 Τῶν
3024 4020 3080 4071 δὲ
3107 4019 3526 4072 ἀποσταλέντων
3558 4019 3814 4086 κομήτων
3847 4017 4017 4083 Φήλι-

2431 4133 2522 4177 κος
2569 4115 2664 4167 καὶ
2717 4113 3010 4166 Ἰουλιανοῦ
3044 4113 3138 4166 τοῦ
3190 4113 3336 4166 θείου
3369 4110 3537 4165 αὐτοῦ
3577 4111 3867 4177 λεγόντων,
3901 4109 4012 4171 ὅτι,

2429 4201 2787 4273 Ἐνομίζομεν
2812 4204 3118 4272 ἐποπτικήν
3138 4218 3262 4254 τινα
3292 4199 3432 4252 εἶναι
3462 4201 3691 4269 δύναμιν
3717 4199 3814 4269 τὴν
3839 4198 4018 4252 κωλύ-

2430 4311 2602 4346 σασαν
2628 4295 2797 4362 ἡμᾶς,
2829 4298 2856 4345 ὁ
2885 4292 3077 4362 μιαρὸς
3107 4290 3473 4354 ἐπετώθαζεν.

2500 4386 2786 4457 Ἀρτέμιος
2815 4386 2870 4437 δὲ
2899 4387 2927 4438 ὁ
2959 4385 3085 4451 δοῦξ
3117 4383 3552 4453 Ἀλεξανδρείας,
3583 4382 3887 4452 ἐπειδήπερ
3921 4381 4017 4434 ἐπὶ

2428 4480 2524 4531 τοῦ
2556 4479 2938 4532 Κωνσταντίου
2969 4477 3133 4546 ζῆλον
3161 4479 3329 4530 πολὺν
3357 4477 3656 4540 ἐνεδείξατο
3679 4480 3735 4528 ἐν
3762 4475 4020 4538 Ἀλεξαν-

735 4566 1022 4618 numinum
1078 4580 1516 4637 oppugnaverat,
1587 4579 1708 4638 post
1772 4572 1976 4625 multos
2038 4573 2317 4627 cruciatus

2426 4572 2580 4642 δρεία
2633 4574 2776 4626 κατὰ
2823 4571 2931 4622 τῶν
2976 4570 3535 4640 εἰδωλολατρούντων,
3590 4559 3864 4638 ἐδημεύθη
3916 4570 4018 4637 τὴν

737 4665 968 4724 propter
1003 4658 1158 4710 Iidem
1194 4661 1570 4714 Christianam
1623 4663 1803 4730 capite
1857 4671 2146 4718 truncatus
2209 4675 2315 4729 est,

735 4756 786 4799 et
818 4748 959 4801 bona
989 4751 1112 4815 ejus
1147 4751 1200 4804 in
1233 4753 1516 4818 publicum
1550 4754 1795 4808 redacta.
1834 4753 2100 4809 Similiter
2136 4765 2315 4810 aetum

737 4851 862 4890 cum
897 4840 1115 4892 duobus
1143 4841 1480 4910 presbyteris
1507 4841 1752 4910 Eugenio
1787 4851 1840 4896 et
1878 4842 2138 4898 Macario.

809 4925 996 4981 Tertio
1020 4931 1103 4983 sui
1131 4931 1344 4999 imperii
1373 4947 1518 4984 anno
1532 4932 1788 4986 Julianus
1809 4935 2011 4988 multos
2038 4933 2318 5003 professos

738 5017 1110 5074 Christianam
1145 5023 1468 5092 religionem
1525 5025 1822 5092 suppliciis
1849 5024 2052 5078 aﬂ'ecit.
2098 5025 2319 5080 Judaeos

740 5127 957 5181 quoque
982 5113 1244 5181 templum
1269 5129 1430 5168 suum
1453 5115 1762 5170 instaurare
1786 5117 1972 5185 jussit.
2003 5116 2156 5183 Quod
2181 5133 2318 5188 opus

743 5217 868 5255 cum
901 5214 1049 5258 esset
1073 5205 1418 5266 inchoatum.
1448 5206 1685 5275 primum
1717 5208 1862 5262 venti
1909 5209 2074 5263 turbo
2111 5210 2316 5265 calcem

744 5292 960 5359 disiecit
995 5310 1160 5363 supra
1189 5296 1427 5350 ducenta
1478 5297 1649 5350 millia
1702 5301 2034 5354 modiorum.
2091 5301 2318 5355 Etcum

743 5383 918 5439 Judaei
947 5387 1126 5442 denuo
1162 5406 1302 5458 opus
1337 5390 1790 5459 aggrederentur,
1832 5392 1974 5462 ignis
2022 5409 2086 5448 ex
2124 5394 2322 5448 funda-

745 5477 950 5532 mentis
1001 5473 1292 5547 erninpens
1332 5496 1426 5536 eos
1451 5483 1779 5537 combussit.
1823 5484 1999 5553 Atque
2047 5486 2122 5538 ita
2182 5501 2322 5555 opus

744 5567 885 5626 illud
909 5571 1178 5625 omissum
1227 5579 1332 5625 est.
1386 5573 1594 5644 Impius
1625 5576 1722 5629 ille
1771 5573 2026 5632 Julianus
2091 5578 2316 5648 scripsit

2430 4658 2675 4728 κεφαλὴν
2724 4659 3066 4726 ἀποτμηθεὶς
3123 4660 3264 4727 μετὰ
3310 4659 3511 4720 πολλὰς
3558 4657 3826 4728 βασάνους
3875 4659 4018 4728 ὑπὲρ

2428 4752 2528 4818 τῆς
2563 4752 2642 4812 είς
2673 4751 2908 4820 Χριστὸν
2937 4752 3197 4814 πίστεως.
3242 4751 3475 4820 Ὀμοίως
3511 4751 3567 4802 δὲ
3618 4751 3710 4802 καὶ
3756 4750 3849 4802 δύο
3880 4767 4018 4818 πρε-

2433 4841 2706 4911 σϐύτεροι,
2733 4842 2990 4909 Εὑγένιος
3015 4846 3106 4894 καὶ
3142 4844 3449 4910 Μακάριος.

2503 4933 2588 5006 [Ρ.
2627 4933 2755 5008 507]
2787 4934 2879 5004 Τῷ
2909 4936 3077 5005 τρίτῳ
3108 4935 3217 4987 ἔτει
3261 4936 3451 4988 τούτου
3497 4934 3723 4998 πολλοὺς
3767 4953 4019 5004 τιμωρηο

2432 5026 2667 5095 σάμενος
2690 5027 2783 5079 καὶ
2806 5027 3087 5097 μάρτυρας
3106 5029 3363 5097 ποιήσας,
3390 5031 3482 5080 καὶ
3510 5029 3599 5080 τὸν
3618 5029 3722 5080 τῶν
3742 5027 4015 5078 Ἰουδαίων

2429 5125 2557 5171 ναὸν
2586 5119 3008 5190 οἰκοδομηθῆναι
3041 5121 3364 5189 προσέταξε.
3393 5120 3504 5174 Καὶ
3525 5121 3617 5173 τοῦ
3642 5120 3804 5189 ἔργον
3837 5121 4021 5187 ἐγχει-

2433 5210 2735 5281 ρισοὲντος,
2765 5212 2834 5264 τά
2872 5212 2971 5281 μὲν
3027 5212 3220 5282 πρῶτα
3271 5211 3474 5282 λαῖλαψ
3524 5213 3624 5280 τήν
3653 5229 3712 5263 τε
3750 5210 4020 5267 ἄσϐεστον

2430 5305 2764 5374 ἐξεφόρησεν
2798 5306 2940 5376 ὑπὲρ
2970 5307 3237 5376 μυριάδας
3264 5310 3441 5361 εί’κοσι
3466 5307 3664 5376 μοδίων
3684 5301 3872 5366 οὖσαν,
3904 5306 4020 5359 τῶν

2431 5397 2488 5450 δὲ
2520 5397 2791 5450 Ἰουδαίων
2814 5397 2896 5451 ἔτι
2926 5397 3005 5469 τῷ
3031 5399 3179 5470 ἔργῳ
3205 5399 3629 5470 ἐπιχειρούντων
3659 5399 3771 5469 πῦρ
3800 5398 4022 5463 ἐξελθὸν

2430 5487 2542 5540 τῶν
2571 5489 2842 5556 θεμελίων
2875 5489 3102 5554 τούτους
3131 5493 3466 5556 κατέκαυσε,
3505 5491 3599 5543 καὶ
3621 5491 3765 5542 οῦτω
3793 5489 3887 5543 τοῦ
3920 5491 4021 5557 ξρ-

2429 5599 2526 5650 γου
2567 5583 2895 5638 ἐπαύσαντο.
2921 5576 3090 5647 Οὗτος
3119 5587 3147 5638 ὁ
3168 5583 3434 5656 δυσσεϐὴς
3468 5583 3560 5636 καὶ
3595 5581 3693 5654 τὴν
3725 5581 3831 5636 τῶν
3854 5580 4022 5640 θείων

1897 5755 2256 5815 XYLANDRI
2301 5760 2385 5814 ET
2409 5759 2622 5817 GOARI
2658 5759 2895 5817 ΝΟΤιΕ.

825 5844 941 5916 (t4)
990 5845 1278 5903 Pontiﬁces
1345 5850 1506 5904 simul
1566 5868 1625 5906 ac
1675 5862 1942 5922 martyres
1990 5856 2397 5927 ἱερομὰρτυρας
2433 5855 2678 5914 Ecclesia
2713 5857 2904 5914 Graeca
2929 5869 3232 5929 nuncupat.
3275 5857 3450 5916 Con.
