4214 6450
225 452 334 516 605

1324 451 1870 515 IIISTORIARUM
1908 453 2442 516 COMPENDIUM.

3403 449 3514 513 606

213 559 598 635 βδελύττεσθαι
630 577 690 614 τε
722 561 820 616 καὶ
869 559 1337 631 ἀποστρέφεσθαι.
1372 563 1545 618 Τοῦτο
1573 562 1814 626 ἀκούσας

1920 565 2146 621 credere
2187 564 2357 619 debes
2383 560 2626 618 aversari
2671 571 2723 616 et
2749 559 2934 616 odisse
2965 576 3060 616 cos
3100 560 3190 630 qui
3221 560 3358 616 Filio
3390 563 3514 631 ejus

210 661 239 710 6
269 657 527 726 βασιλεὺς
576 656 674 709 καὶ
719 655 932 727 σφόδρα
985 654 1283 722 θαυμάσας
1342 655 1511 725 νόμον
1572 655 1814 725 ἔγραψεν

210 751 380 813 εὐθὺς
415 751 516 812 τὰς
545 748 655 802 τῶν
680 748 977 818 αίρετικῶν
1009 749 1260 814 συνάξεις
1285 749 1587 804 κωλύοντα.
1621 749 1811 820 Τούτῳ

211 843 291 914 τῷ
323 844 519 915 ἀγαθῷ
550 843 822 914 φθονήσας
846 844 874 896 ὁ
903 829 1200 913 μισόκαλος
1227 843 1439 914 δαίμων
1465 843 1616 914 ὠμόν
1644 863 1694 897 τι
1720 846 1815 897 κα)⁸

213 936 591 1007 ἀπάνθρωπον
623 935 1008 1007 παρεσκεύασε
1040 936 1320 1004 γενέσθαι.
1355 936 1490 990 Ἀπὸ
1519 937 1630 1006 γὰρ
1658 939 1815 990 Κων-

215 1028 723 1089 σταντινουπόλεως
762 1027 856 1078 ἐπὶ
892 1025 1111 1097 Ῥώμην
1141 1027 1168 1079 6
1194 1025 1398 1096 βασιλε
1436 1045 1459 1090 ς
1523 1029 1624 1096 τὴν
1671 1027 1812 1079 ὁδοι-

216 1119 418 1189 πορίαν
475 1120 801 1189 ποιούμενος
853 1120 912 1172 ἐν
959 1119 1330 1191 Θεσσαλονίκῃ
1370 1121 1512 1173 κατὰ
1577 1119 1814 1188 πάροδον

213 1211 432 1278 γέγονε,
465 1211 573 1264 τῶν
605 1212 660 1264 δέ
688 1211 1041 1278 στρατιωτῶν
1073 1212 1241 1265 αὐτού
1295 1211 1659 1282 ταραξάντων
1705 1211 1808 1280 τὴν

214 1305 372 1358 πόλιν
406 1305 495 1357 διὰ
535 1305 735 1376 μιτάτα
757 1305 894 1376 (28),
927 1304 1264 1360 ἐστασίασαν
1290 1307 1338 1358 οἱ
1370 1305 1812 1367 Θεσσαλονικείς,

214 1396 313 1450 καὶ
342 1396 434 1450 τὸν
465 1397 563 1467 μὲν
595 1396 822 1466 βασιλέα
851 1397 1106 1469 ὕϐρισαν,
1137 1397 1292 1462 τινὰς
1313 1398 1370 1451 δὲ
1401 1399 1510 1450 τῶν
1535 1398 1814 1468 ἀρχόντων

215 1487 387 1540 αὑτοῦ
439 1488 848 1560 ἐλιθοϐόλησαν.
883 1489 944 1543 Ὀ
987 1490 1244 1560 βασιλεὺς
1297 1491 1354 1543 δὲ
1393 1489 1568 1544 ταῦτα
1627 1489 1814 1557 μαθὼν

216 1582 315 1634 καὶ
359 1580 461 1652 τὴν
511 1581 694 1653 ῥύμην
727 1583 821 1636 τοῦ
865 1583 1043 1654 θυμοῦ
1094 1584 1170 1654 μὴ
1202 1582 1446 1651 ἐνεγιιὼν
1476 1583 1552 1652 τῷ
1585 1583 1814 1651 ἐπάρχῳ

214 1673 319 1740 τῆς
374 1673 586 1735 πόλεως
635 1673 854 1744 ἐκείνης
900 1674 1000 1746 τὴν
1054 1674 1233 1744 ψῆφον
1262 1675 1363 1744 τῆς
1395 1677 1668 1746 τιμωρίας
1707 1675 1813 1725 ἐπ-

217 1762 484 1832 έτρεψεν·
515 1763 574 1826 ὂς
613 1763 716 1835 τὴν
765 1764 1027 1834 τοιαύτην
1058 1765 1314 1829 ἐξουσίαν
1346 1764 1586 1835 εἰληφὼς
1620 1759 1709 1818 οἷα
1747 1764 1812 1835 δὴ

218 1853 523 1923 αὐτόνομος
553 1853 816 1921 τύραννος
845 1856 1008 1910 ἄδικα
1065 1855 1193 1927 ξίφη
1223 1855 1364 1909 κατὰ
1413 1856 1634 1909 πάντων
1685 1854 1814 1922 ἐγύ-

224 1961 428 2013 μνωσε,
477 1946 572 1998 καὶ
609 1947 736 2010 τοὺς
767 1947 978 2010 ἁθώους
1031 1948 1170 2018 μετὰ
1197 1948 1306 2002 τῶν
1337 1948 1655 2002 ὑπευθύνων
1679 1965 1813 2002 κατ-

1923 659 2091 727 impie
2126 659 2460 712 obtrectant.
2499 654 2614 708 lloc
2658 654 2846 708 audito
2891 654 3188 722 imperator
3223 654 3374 707 valde
3407 657 3512 708 tui-

1923 759 2084 804 ratus
2112 751 2298 804 statim
2325 750 2496 818 legem
2519 747 2645 808 fert,
2678 761 2784 815 qua
2804 758 3106 798 conventus
3129 745 3508 799 litereticorutn

1921 843 2306 913 prohibentur.
2340 839 2477 894 Huic
2509 842 2653 894 bono
2684 838 2961 898 diabolus.
2994 839 3176 892 omnis
3212 838 3338 893 boui
3361 855 3512 901 osor,

1923 935 2176 989 invidens
2228 935 2355 988 srevi
2383 944 2544 1000 atque
2567 931 2854 986 inhumani
2877 931 3144 985 facinoris
3169 944 3358 985 auetor
3389 932 3510 987 fuit.

1922 1029 2060 1081 Nam
2095 1043 2216 1081 Cllllt
2256 1029 2560 1096 imperator
2600 1026 2754 1094 Cpoli
2791 1025 3021 1080 Romam
3050 1024 3408 1093 proficiscens
3446 1041 3514 1080 eo

1925 1122 2124 1175 itinere
2160 1119 2612 1174 Thessalonicam
2649 1119 2995 1181 divertisset,
3054 1117 3371 1197 militesque
3421 1135 3514 1172 ur-

1923 1213 2044 1267 bcm
2078 1212 2406 1283 quibusdam
2444 1213 2607 1266 rebus
2653 1212 3104 1272 comurbassent,
3155 1209 3510 1263 Thessaloni-

1922 1319 2117 1359 censes
2149 1304 2418 1359 seditione
2461 1303 2603 1356 facta
2640 1304 3027 1370 imperatorem
3062 1302 3282 1371 injuriis
3316 1302 3514 1357 affece-

1926 1409 2055 1452 runt
2077 1408 2129 1450 ct
2155 1398 2420 1466 quosdam
2442 1396 2561 1464 ejus
2583 1395 2871 1464 praefectos
2887 1394 3167 1463 lapidibus
3183 1395 3508 1452 obruerunt.

1925 1489 2228 1557 Imperator
2262 1504 2318 1543 re
2347 1488 2620 1552 inaudita,
2647 1487 2739 1540 ira:
2762 1488 3028 1554 impetum
3068 1502 3173 1539 non
3206 1480 3508 1552 sustinens,

1928 1579 2185 1650 pt'wfecto
2218 1580 2369 1633 urbis
2401 1579 2522 1648 ejus
2549 1580 2766 1634 facinus
2817 1579 2869 1633 id
2920 1579 3316 1634 vindicandum
3353 1595 3508 1633 com-

1923 1670 2102 1724 tnisit.
2140 1671 2192 1723 Is
2223 1677 2437 1722 tantum
2469 1670 2727 1738 potentia:
2761 1667 3015 1736 adeptus,
3051 1677 3108 1722 ut
3140 1677 3259 1722 erat
3295 1670 3510 1739 legibus

1923 1761 2139 1816 solutus
2197 1770 2502 1829 tyrannus,
2554 1761 2794 1829 injustos
2847 1760 3060 1830 gladios
3114 1772 3317 1841 contra
3357 1762 3510 1816 cives

1921 1852 2170 1918 strinxit,
2205 1853 2566 1922 insontesque
2595 1867 2702 1906 una
2728 1867 2854 1907 cum
2885 1853 3136 1907 sontibus
3190 1853 3509 1919 trucidavit,

1923 1945 2093 1998 millia
2127 1944 2412 1998 hominum
2452 1944 2482 1996 7
2511 1944 2592 1998 vel
2624 1943 2722 2014 (ut
2754 1945 2844 1998 alii
2897 1945 3155 2016 tradunt)
3216 1945 3302 2000 15.
3356 1944 3511 2000 [lane

225 2035 441 2088 ἐκτεινε
478 2036 723 2106 χιλιάδας
749 2038 909 2103 ἑπτὰ,
941 2038 1017 2103 ὡς
1066 2038 1122 2091 δέ
1172 2055 1340 2106 τινες,
1393 2039 1811 2092 πεντεκαίδεκα.

1920 2036 2128 2092 cladem
2157 2051 2281 2091 cum
2325 2037 2663 2106 percepisset
2686 2037 2869 2091 clarus
2894 2037 2986 2091 ille
3007 2036 3358 2097 Ambrosius.
3394 2035 3510 2092 Mc—

223 2127 311 2199 [Ρ.
343 2127 474 2200 518]
501 2128 722 2201 Ταύτην
771 2129 871 2200 τὴν
905 2131 1194 2201 συμφορὰν
1215 2133 1243 2184 ὁ
1275 2131 1450 2201 μέγας
1481 2130 1815 2202 Ἀμόρόσιος

224 2223 505 2292 ἀκηκοὼς,
569 2221 917 2276 Μεδιολάνων
977 2223 1279 2287 ἐπίσκοπος
1325 2239 1338 2252 ·
1387 2223 1545 2286 πόλις
1597 2223 1653 2276 δὲ
1715 2222 1815 2292 τῆς

235 2313 466 2378 Ἰταλίας
502 2314 667 2386 αὕτη·
703 2315 781 2377 είς
814 2315 882 2386 ἦν
911 2315 1254 2386 ἀφικομένου
1283 2315 1380 2369 τοῦ
1423 2315 1692 2386 βασιλέως
1722 2316 1816 2368 καὶ

226 2408 474 2478 συνήθως
523 2411 605 2472 εἰς
647 2409 738 2462 τὸν
768 2408 895 2462 ναὸν
931 2409 1285 2478 βουληθέντος
1316 2409 1582 2464 εἰσελθεῖν
1614 2409 1816 2474 ἔξωθεν

223 2501 333 2557 τῶν
393 2500 687 2573 προθύρων
744 2503 1086 2570 συναντήσας
1143 2503 1172 2554 ὁ
1228 2504 1384 2572 am;
1426 2504 1672 2557 ἐκώλυσε
1717 2504 1817 2574 τὴν

224 2595 451 2657 εἴσοδον,
481 2594 655 2662 λέγων
688 2592 841 2664 αὐτῷ
871 2593 1012 2662 μετὰ
1035 2594 1369 2664 παρρησίας·
1403 2597 1518 2648 Ούκ
1543 2591 1712 2659 οἶδας,
1741 2597 1818 2658 ὡς

226 2685 395 2748 Intus,
428 2684 674 2755 βασιλεῦ,
705 2683 805 2752 τῆς
833 2683 1208 2754 εἰργασμένης
1239 2687 1590 2756 παρανομίας
1614 2686 1676 2739 τὸ
1717 2685 1816 2756 μέ-

227 2778 388 2846 γεθος
411 2795 426 2808 ·
463 2778 586 2831 οὐδὲ
625 2778 736 2848 γὰρ
762 2778 829 2848 ἐᾷ
858 2793 918 2830 σε
973 2777 1077 2847 τῆς
1113 2775 1397 2847 βασιλείας
1420 2779 1615 2851 ἵσωςή
1651 2779 1816 2834 δυνα-

229 2870 382 2924 στεία
411 2872 510 2938 τὴν
532 2868 812 2940 ἁμαρτίαν
840 2868 1145 2937 ἐπιγνῶναι
1169 2885 1182 2898 ⁸
1207 2869 1313 2922 ὑπὸ
1343 2869 1453 2940 γὰρ
1492 2872 1590 2940 τῆς
1619 2870 1818 2940 ἁλουρ-

225 2960 380 3028 γίδος
401 2958 766 3029 ἀπατώμενος
793 2960 1011 3027 ἀγνοεῖς
1044 2958 1140 3011 τοῦ
1171 2959 1592 3030 καλυπτομένου
1627 2965 1818 3032 σώμα-

224 3070 317 3115 τος
347 3052 446 3122 τὴν
481 3052 790 3106 ἀσθένειαν.
820 3052 965 3106 Ἀλλ’
1002 3052 1138 3116 ῐσθι,
1187 3051 1264 3115 ὡς
1309 3051 1548 3122 φθαρτὸς
1596 3051 1672 3106 ῶν
1722 3054 1818 3107 καὶ

227 3143 480 3215 ρευστδς,
514 3143 757 3198 τοιοῦτόν
785 3161 868 3197 σοι
905 3143 1143 3214 ὑπάρχει
1166 3145 1264 3198 καὶ
1285 3146 1347 3198 τὸ
1375 3146 1475 3215 τῆς
1497 3145 1818 3209 δυναστείας

224 3240 461 3308 γροὶτοςο
506 3238 704 3309 μικρὸν
748 3239 805 3293 δέ
850 3238 1080 3310 ὕστερον
1159 3239 1318 3306 λόγον
1372 3239 1678 3303 ἀποδώσεις
1739 3241 1817 3310 τῷ

223 3331 448 3389 Βασιλεῖ
490 3331 600 3384 τῶν
653 3331 1072 3401 βασιλευόντων.
1125 3333 1307 3396 Ποίοις
1359 3332 1452 3386 οὖν
1515 3333 1816 3400 ὀφθαλμοῖς

223 3423 348 3493 ὕψει
379 3425 471 3476 τὸν
499 3423 594 3476 τοῦ
622 3423 806 3478 κοινοῦ
851 3424 1122 3478 Δεσπότου
1157 3423 1322 3489 ναόν;
1365 3426 1550 3488 ποίοις
1594 3426 1651 3478 δὲ
1689 3425 1818 3478 ποσὶ

223 3517 286 3569 τὸ
330 3517 562 3571 δάπεδον
601 3519 782 3571 ἐκεῖνο
826 3519 1096 3587 πατήσεις
1132 3518 1194 3571 τὸ
1219 3519 1416 3586 ἆγιονς
1448 3518 1574 3582 Πῶς
1619 3517 1676 3570 δὲ
1718 3518 1819 3581 τὰς

223 3612 412 3679 χεῖρας
442 3611 685 3673 ἐκτενεῖς
717 3609 1139 3675 ἁποσταζούσας
1167 3611 1248 3664 ἔτι
1278 3612 1385 3664 τῶν
1415 3611 1614 3664 ἀδίκων
1643 3612 1820 3680 φόνων

222 3704 284 3754 τὺ
319 3698 492 3769 alim;
538 3703 661 3765 [Ιῶς
707 3702 766 3755 δέ
815 3704 910 3756 καὶ
954 3704 1236 3766 τοιαύταις
1281 3703 1516 3775 ὑποδέξῃ
1571 3705 1732 3774 χερσλ¹
1756 3705 1819 3757 τὸ

224 3796 496 3865 ἄχραντον
541 3795 636 3848 τοῦ
669 3797 944 3849 Δεσπότου
987 3796 1180 3867 σῶμα;
1222 3797 1345 3860 Πῶς
1374 3797 1428 3850 δὲ
1467 3798 1562 3850 καὶ
1588 3799 1665 3868 τῷ
1697 3798 1820 3850 στόο

226 3906 362 3960 ματι
397 3889 711 3960 προσοίσεις
750 3889 811 3942 τὸ
863 3890 1045 3954 τίμιον
1093 3888 1256 3960 αἷμα,
1297 3889 1554 3944 τοσοῦτον
1601 3891 1690 3944 διὰ
1727 3891 1819 3944 τὸν

223 3982 317 4038 τοῦ
344 3981 519 4052 θυμοῦ
569 3982 729 4050 λόγον
761 3982 1014 4053 ἐκχέαντι
1039 3983 1359 4054 παράνομον
1389 3979 1569 4053 αἷμας
1613 3985 1818 4038 Λοιπὸν

223 4073 403 4139 ἄπιθι,
440 4075 538 4129 καὶ
601 4074 675 4145 μὴ
738 4075 916 4147 πειρῶ
967 4078 1080 4139 τοῖς
1140 4076 1418 4146 δευτέροις
1465 4077 1565 4146 τὴν
1594 4075 1819 4148 πρώτην

221 4167 409 4234 αὔξειν
461 4167 832 4240 παρανομίαν,
888 4169 984 4223 καὶ
1039 4169 1196 4239 δέχου
1250 4170 1342 4222 τὸν
1373 4169 1595 4239 δεσμὸν,
1620 4163 1662 4236 ᾧ
1687 4169 1821 4232 Θεὸς

221 4259 432 4314 ἄνωθεν
471 4259 685 4327 γίνεται
706 4259 1022 4330 σύμψηφος.
1058 4260 1283 4323 Τούτοις
1304 4255 1398 4314 οὖν
1437 4259 1586 4324 εἴξας
1616 4261 1642 4312 6
1669 4261 1822 4331 βασι-

222 4349 350 4414 λεὺς
384 4352 500 4413 τοῖς
539 4350 720 4418 λόγοις
755 4350 1061 4422 ἐπανῆλθεν
1100 4353 1182 4413 είς
1207 4355 1277 4405 τὰ
1331 4354 1512 4405 ἐκεῖσε
1549 4353 1818 4422 βασίλεια,

225 4444 432 4498 στένων
468 4444 561 4496 καὶ
602 4441 881 4512 δακρύων.
933 4442 1134 4512 Μηνῶν
1183 4443 1237 4497 δὲ
1285 4443 1605 4497 διελθόντων
1648 4444 1818 4509 ὀκτὼ,

223 4534 318 4589 καὶ
354 4532 452 4587 τοῦ
488 4533 780 4602 βασιλέως,
815 4535 890 4605 μὴ
926 4534 1234 4599 ἐξελθόντος
1269 4536 1404 4589 ἀλλὰ
1441 4538 1686 4606 σφοδρῶς
1723 4555 1821 4608 με-

221 4625 566 4690 τανοοῦντος,
611 4625 910 4677 κατέλαϐεν
953 4629 984 4696 ἡ
1039 4626 1134 4678 τοῦ
1179 4627 1386 4695 Κυρίου
1445 4629 1602 4697 ἡμῶν
1645 4630 1820 4698 Ἰησοῦ

1916 2130 2121 2186 diolani
2159 2131 2328 2199 (urbs
2363 2145 2425 2186 ea
2479 2139 2564 2185 est
2600 2129 2787 2198 Italiae)
2835 2129 3514 2200 episcopus,imperatori,

1918 2241 2042 2280 cum
2084 2224 2133 2280 is
2168 2223 2534 2279 Mediolanum
2564 2225 2804 2278 venisset
2860 2239 2926 2278 ac
2955 2224 3020 2278 de
3058 2236 3213 2278 more
3247 2223 3508 2292 templum

1918 2318 2058 2373 inire
2084 2317 2268 2382 vellet,
2302 2326 2432 2372 ante
2457 2317 2791 2371 vestibulum
2817 2317 3032 2372 obviam
3059 2332 3119 2371 se
3147 2316 3292 2370 dedit
3317 2316 3509 2369 introi-

1919 2418 2085 2476 tuque
2109 2408 2410 2476 probibuit,
2441 2407 2611 2463 libere
2645 2408 2835 2462 dicens
2861 2427 2872 2462 :
2905 2408 3148 2475 Ignoras,
3176 2416 3236 2460 ut
3259 2415 3508 2475 apparet,

1919 2502 2238 2571 imperator,
2271 2503 2569 2570 perpetrati
2604 2499 2790 2567 ﬂagitii
2829 2501 3196 2570 gravitatem;
3237 2515 3415 2566 neque
3458 2510 3510 2551 te

1919 2592 2176 2649 fortassis
2208 2593 2422 2663 imperii
2458 2601 2702 2662 potestas
2721 2594 3152 2662 sinitpeccatum
3186 2607 3506 2660 agnoscere.

1917 2681 2056 2737 Nam
2099 2698 2126 2736 a
2159 2699 2400 2754 purpura
2452 2683 2716 2754 deceptus
2761 2685 3012 2754 corporis
3042 2699 3104 2737 ea
3138 2684 3298 2738 velati
3334 2685 3509 2737 imbe-

1918 2774 2202 2830 cillitatem
2238 2776 2438 2829 nescis.
2485 2775 2577 2829 Sic
2629 2774 2790 2845 557
2838 2775 3508 2844 habe:quemadmodum

1918 2879 2122 2934 corpus
2161 2873 2314 2919 tuum
2340 2865 2545 2918 ﬂuxum
2579 2875 2663 2919 est
2685 2874 2848 2934 atque
2879 2865 3174 2929 caducum,
3201 2865 3309 2919 tale
3345 2868 3506 2918 etiam

1917 2971 2044 3012 esse
2083 2957 2160 3012 tui
2208 2955 2424 3028 imperii
2455 2957 2644 3022 robur,
2681 2972 2745 3011 ac
2779 2966 2832 3012 te
2877 2957 3042 3028 paulo
3078 2967 3200 3026 post
3232 2956 3507 3011 factorum

1919 3061 2137 3108 tuorum
2174 3051 2308 3122 Regi
2347 3067 2539 3123 regum
2572 3053 2839 3106 rationem
2881 3051 3246 3106 redditurum.
3296 3051 3510 3115 Quibus

1919 3159 2050 3201 vero
2071 3145 2250 3200 oculis
2286 3145 2590 3201 intueberis
2615 3143 2926 3201 communis
2960 3143 3174 3198 Domini
3204 3144 3463 3211 templum
3484 3142 3510 3196 ‘I

1919 3237 2123 3307 quibus
2155 3237 2389 3307 pedibus
2416 3252 2637 3292 sacrum
2677 3237 2809 3291 illud
2835 3237 3016 3292 solum
3053 3237 3293 3292 calcabis
3319 3236 3340 3288 ἐ
3365 3251 3507 3305 quo-

1923 3333 2085 3385 modo
2131 3347 2326 3386 manus
2359 3331 2610 3387 intendes
2634 3333 2940 3386 etiamnum
2994 3333 3327 3402 injustarum
3376 3333 3508 3386 ista-

1924 3438 2046 3476 rum
2082 3423 2310 3478 caedium
2345 3423 2671 3494 sanguinem
2728 3423 3049 3479 stillantes?
3079 3424 3356 3494 quomodo
3389 3424 3510 3477 tali-

1922 3515 2027 3571 bus
2069 3515 2326 3570 manibus
2365 3516 2611 3585 excipies
2644 3515 2968 3569 inviolatum
3009 3515 3225 3569 Domini
3262 3515 3512 3584 corpus?

1921 3607 2198 3678 quomodo
2235 3608 2608 3662 venerandum
2640 3611 2963 3680 sanguinem
3004 3609 3088 3662 ori
3116 3617 3210 3662 tuo
3247 3608 3508 3663 admove-

1925 3702 2028 3767 bis,
2075 3703 2239 3772 cujus
2271 3717 2524 3758 sermone
2551 3703 2621 3757 ab
2663 3703 2757 3757 ira:
2800 3702 2987 3758 furore
3020 3702 3267 3772 profecto
3299 3713 3508 3758 tantum

1923 3797 2209 3865 sanguinis
2233 3812 2330 3866 per
2361 3794 2516 3850 nefas
2549 3796 2736 3850 fudisti
2764 3797 2786 3849 ?
2837 3795 3072 3850 Proinde
3113 3797 3202 3851 abi
3231 3797 3381 3860 hinc,
3417 3813 3511 3851 ne-

1926 3905 2034 3958 que
2069 3903 2273 3943 conare
2303 3891 2474 3958 priori
2509 3889 2714 3959 ﬂagitio
2760 3905 2962 3943 novum
2999 3889 3220 3950 addere,
3267 3891 3348 3944 vel
3388 3891 3508 3943 vin-

1922 3982 2106 4037 culum
2148 3991 2358 4052 paterc,
2393 3983 2541 4053 quod
2585 3985 2727 4038 Deus
2755 3998 2995 4052 superne
3025 3983 3372 4053 comprobat.
3413 3983 3508 4038 liis

1921 4075 2106 4130 verbis
2131 4076 2334 4130 cedens
2362 4076 2662 4144 imperator
2699 4075 2751 4129 in
2779 4078 2982 4145 regiam
3006 4075 3125 4143 ejus
3147 4077 3298 4130 urbis
3328 4091 3510 4131 reces-

1923 4167 2018 4231 sit,
2075 4181 2299 4236 gemens
2356 4178 2520 4235 atque
2559 4167 2808 4237 plorans.
2870 4165 3148 4221 Mensibus
3201 4167 3327 4221 inde
3383 4178 3508 4222 octo

1924 4261 2153 4330 elapsis,
2197 4272 2253 4316 et
2303 4245 2533 4332 rege'in
2568 4261 2843 4332 publicum
2893 4277 3000 4316 non
3035 4263 3365 4332 prodeunte,
3411 4262 3509 4318 sed

1924 4356 2248 4426 pmniteutia
2277 4370 2397 4410 sese
2435 4355 2757 4420 aﬂlictaute,
2795 4354 2946 4410 feria:
2975 4355 3240 4408 natalitia:
3293 4354 3509 4408 Domini

1924 4450 2293 4520 appetierunt.
2332 4447 2412 4504 lbi
2451 4447 2687 4503 Ruﬁnus
2740 4447 3022 4518 magister,
3073 4447 3266 4501 videns
3317 4461 3388 4500 ne
3441 4446 3510 4500 de

1925 4557 2079 4597 more
2104 4541 2327 4613 quidem
2363 4540 2734 4611 proditurum.
2771 4540 2845 4593 ita
2879 4541 3080 4594 affatur
3118 4558 3131 4594 :
3182 4538 3236 4593 Si
3271 4541 3372 4603 vis,
3404 4538 3505 4593 do-

1927 4635 2095 4699 mine,
2125 4648 2414 4689 accurram
2465 4635 2530 4688 ad
2564 4633 2914 4704 episcopum,
2951 4633 3109 4701 eique
3166 4631 3508 4702 persuadebo

221 4718 463 4788 Χριστοῦ
497 4717 773 4785 γενέθλιος
806 4719 991 4788 ἑορτή.
1025 4720 1132 4773 Καὶ
1157 4721 1492 4790 θεασάμενος
1537 4721 1814 4790 Ῥουφῖνος

1923 4739 1981 4783 ut
2013 4737 2065 4783 te
2087 4730 2307 4783 vinculo
2332 4731 2528 4784 solvat.
2562 4727 2727 4794 Novi,
2777 4728 2955 4796 inquit
3002 4727 3322 4797 imperator.
3375 4727 3505 4778 Am-

223 4815 252 4865 6
285 4813 589 4882 μαγιστρος
615 4813 698 4865 ὅτι
736 4813 858 4865 οὐδὲ
901 4813 999 4882 τὴν
1032 4815 1240 4885 συνήθη
1271 4817 1596 4884 προίλευσιν
1619 4816 1808 4885 βούλε-

222 4923 308 4959 ται
359 4909 582 4976 τηιῆσαι
615 4907 643 4958 6
691 4905 966 4974 βασιλεὺς,
1006 4905 1150 4976 λέγει
1196 4907 1344 4976 αύτῷ
1370 4923 1383 4937 ⁶
1424 4909 1484 4960 Ei
1538 4908 1802 4972 κελεύεις,

1925 4822 2092 4877 brosii
2121 4823 2404 4892 praecisam
2433 4822 2728 4890 justitiam.
2763 4819 3008 4875 Tandem
3043 4817 3301 4874 Rufinum
3335 4819 3504 4872 multa

1915 4913 2156 4968 locutum
2190 4915 2256 4967 de
2284 4929 2364 4980 re,
2401 4927 2466 4968 ac
2508 4914 2814 4984 pollicitum
2849 4927 2908 4968 se
2939 4910 3274 4966 solutionem
3335 4912 3510 4980 impe-

1378 4998 1730 5054 XYLANDRI
1766 5001 1851 5055 ET
1887 5004 2100 5060 GOARI
2139 5005 2373 5060 NOTVIE.

298 5095 506 5164 (28)At‘
530 5094 708 5158 αἰτίας
756 5095 907 5157 τινας
943 5103 1025 5150 est
1084 5095 1226 5163 apud
1281 5095 1579 5152 Zonaram.
1609 5096 1808 5152 Noster

224 5168 389 5223 habet
410 5166 498 5219 διὰ
532 5166 756 5233 μιτὰτα,
779 5164 924 5236 quod
947 5166 1074 5234 quid
1094 5167 1197 5219 sibi
1227 5167 1355 5220 velit
1389 5182 1496 5219 non
1520 5183 1806 5238 assequor.

223 5239 472 5293 Historia
505 5238 620 5290 hac
659 5246 745 5290 est
805 5247 1005 5306 praeter
1042 5245 1270 5291 czeteros
1313 5238 1455 5306 apud
1489 5240 1806 5294 Theodore-

223 5320 338 5363 tum
370 5306 720 5380 Hist.ecclgs.
759 5307 934 5380 VL”,
981 5307 1122 5376 apud
1163 5307 1551 5380 _Sozomenum
1583 5326 1678 5371 vn.
1713 5309 1804 5372 94,

225 5380 592 5448 Nicephorum
647 5376 748 5439 'xit,
778 5377 868 5430 40.
903 5376 1008 5432 Sed
1049 5376 1249 5447 μιτάτα
1291 5380 1803 5447 nullibiquadrant.

222 5453 338 5507 Nisi
375 5457 657 5504 certamen
719 5448 971 5503 circense
1027 5451 1254 5502 mitaton
1311 5449 1532 5514 dixerit,
1575 5465 1603 5502 a
1647 5452 1808 5507 metis

223 5523 427 5584 quibus
469 5520 519 5572 id
561 5517 954 5571 includeretur.
994 5515 1130 5571 XvL.
1159 5549 1232 5558 —
1263 5520 1341 5572 Ad
1384 5530 1582 5572 metam
1617 5521 1704 5575 hic
1727 5523 1808 5575 al-

224 5596 360 5648 lisus
385 5590 531 5658 jacet
552 5586 849 5661 Xylander,
892 5589 1113 5661 nescius
1149 5590 1550 5661 decertationes
1592 5594 1808 5661 auriga-

223 5673 566 5718 rumCurrus
623 5658 690 5711 ad
745 5667 940 5711 metam
976 5660 1295 5726 agitantium
1353 5661 1405 5713 in
1449 5658 1807 5716 Circensibus

221 5734 366 5789 ludis
400 5729 584 5786 vocari
615 5727 838 5798 μιτάτα,
861 5729 1192 5798 easdemque
1231 5728 1804 5786 Thessalonicensium

225 5801 485 5860 seditioni
521 5814 711 5854 ansam
745 5799 1068 5868 prtebuiSse,
1096 5803 1164 5855 de
1204 5816 1309 5869 qua
1343 5802 1677 5857 Sozomenus
1704 5815 1801 5868 νιι,

221 5876 292 5930 ‘35
319 5895 330 5928 :
365 5870 476 5926 Ἦν
505 5869 606 5938 τῆς
653 5869 931 5942 ἁμαρτίας
960 5869 1232 5939 πρόφασις
1258 5871 1455 5923 τοιάδε·
1492 5873 1798 5942 Βωτερίχου

220 5951 340 6000 τότε
369 5944 462 5997 τοῦ
493 5944 792 6009 ἡγουμένου
821 5941 929 5994 τῶν
972 5942 1242 6012 Ἰλλυριῶν
1274 5944 1617 6013 στρατιωτῶν
1653 5946 1797 6013 ἡνίο-

1918 5121 2007 5172 χος
2041 5104 2130 5155 τὸν
2163 5102 2400 5171 οἰνοχόον
2426 5100 2668 5172 αἰσχρῶς
2688 5099 2834 5166 ἰδὼν,
2867 5097 3148 5172 ἐπείρασε,
3178 5097 3504 5172 καὶΑσυλλη-

1917 5168 2074 5240 ᾇθεὶς
2101 5176 2158 5225 ἐν
2183 5168 2395 5243 φρουρᾷ
2422 5168 2871 5243 ἦν.”Ἑπισήμου
2889 5170 2948 5223 δὲ
2989 5169 3356 5243 ἱπποδρομίας
3382 5168 3505 5243 ἐπι-

1915 5243 2186 5296 τελεῖσθαι
2222 5241 2544 5312 μελλούσης,
2573 5242 2651 5304 ὡς
2689 5243 2988 5312 ἀναγκαῖον
3023 5242 3103 5312 εἰς
3131 5242 3230 5312 τῂν
3260 5241 3505 5312 ἀγωνίαν

1912 5316 1940 5367 6
1965 5309 2405 5366 Θεσσαλονικέων
2431 5309 2598 5383 δῆμος
2639 5313 2823 5382 ἐζήτει
2861 5310 3152 5383 ἀφίεσθαιο
3198 5310 3274 5373 ὡς
3319 5309 3376 5362 δὲ
3405 5312 3508 5367 οὐκ

1915 5385 2101 5455 ήνυεν,
2129 5385 2208 5444 εἰς
2240 5379 2750 5454 χαλεπὴνκατέστη
2781 5383 2994 5455 στάσινἶ
3033 5379 3232 5455 Faleor
3255 5391 3436 5434 tamen
3474 5396 3503 5436 a

1918 5451 2313 5513 inﬂationibus.
2352 5451 2554 5524 quibus
2613 5455 2757 5508 inter
2805 5451 3268 5524 proficiscendum
3321 5459 3505 5524 castra

1920 5538 2286 5586 morarentur,
2311 5520 2382 5577 ei
2414 5526 2616 5593 μιτὰτα
2642 5520 2859 5578 deduci.
2915 5520 3150 5589 Legatur
3181 5520 3502 5593 I‘ancirolus

1917 5596 1970 5649 in
2004 5596 2266 5648 Notitiam
2285 5591 2492 5665 imperii
2515 5611 2564 5650 e.
2586 5611 2689 5648 va
2711 5612 2724 5661 ;
2749 5603 2801 5648 ct
2828 5602 3018 5665 auctor
3038 5594 3153 5660 ipse
3183 5592 3244 5665 in
3261 5591 3504 5645 Adriano

1914 5682 2050 5721 voce
2099 5667 2202 5720 hae
2257 5662 2454 5721 iterum
2512 5675 2672 5720 utens
2746 5663 2964 5719 nonnisi
3040 5662 3285 5718 secundo
3335 5677 3502 5716 sensu

1916 5746 2168 5807 usurpat.
2201 5737 2567 5806 Theophanes
2601 5737 2785 5807 etiam
2807 5732 2998 5807 scribit
3026 5734 3284 5807 populum
3322 5731 3388 5784 ad
3416 5747 3502 5784 se-

1913 5801 2180 5862 ditionem“
2203 5801 2406 5861 motuin
2438 5807 2527 5860 διὰ
2560 5807 2628 5860 τὰ
2667 5806 2868 5875 μιτὰεα
2895 5801 2990 5857 τοῦ
3021 5801 3502 5876 στρατοῦ,ρι-ουιοι’

1915 5888 2211 5934 rastrorum
2244 5877 2574 5933 "relationes.
2610 5876 2783 5933 Com.
