4214 6450
755 376 862 437 619

2054 378 2375 439 GEORGII
2421 385 2752 445 (ZEUHENI

3904 409 4011 472 6‘20

751 501 864 541 rem
900 484 1167 538 Gratiani.
1209 485 1275 536 Lt
1319 481 1543 534 Iioututn
1600 482 1763 542 venit,
1824 482 1986 552 569
2016 483 2320 536 Honorium
2357 494 2395 546 Α
2431 487 3037 556 I‘pzriavo'v.diuidi-.5:
3063 500 3140 561 εἰς
3165 499 3623 573 Ῥώμηνξστεφεν
3649 507 4006 578 uuam-“th

754 577 922 630 lilium
980 588 1136 630 suum
1171 581 1493 626 coronatum
1526 573 1755 642 imperio
1791 574 2156 644 inungui-mit.
2194 577 2320 630 lude

753 665 1264 734 Constantinopolin
1314 681 1592 728 reversus,
1641 666 1950 734 postulante
1981 667 2320 721 Alexandria:

749 763 1007 829 episeopo
1063 756 1409 828 TheOphilo,
1467 759 1650 811 omnia
1707 757 1972 813 falsorum
2032 761 2317 812 ntnuinum

750 853 872 903 fana
907 848 1067 917 dejici
1121 856 1177 903 et
1223 851 1516 903 simulacra
1553 849 1775 903 conllari
1810 864 1874 902 ac
1931 849 1983 901 in
2021 865 2318 917 pauperum

750 959 881 1000 usus
906 944 1118 1012 erogari
1149 944 1379 996 curavit.
1413 942 1534 1006 Quo
1565 950 1811 1012 tempore
1837 941 2001 995 etiam
2033 941 2322 996 Marcellus

747 1038 1001 1106 Apamea:
1062 1035 1257 1106 (Syria:
1321 1033 1453 1088 urbs
1521 1035 1626 1100 est)
1673 1035 1965 1102 episc0pus
2004 1032 2319 1087 Graecanica

745 1132 946 1200 templa
981 1129 1278 1184 demoliens
1313 1142 1340 1179 a
1371 1125 1578 1181 Graecis
1625 1137 1706 1181 est
1766 1135 2015 1182 necatus.
2047 1125 2318 1181 Caeterum

743 1224 950 1292 templo
984 1220 1264 1290 Serapidis
1292 1219 1639 1274 Alexandria:
1681 1221 1961 1273 destructo
2009 1233 2178 1274 sacra:
2230 1220 2319 1272 Iit-

746 1328 982 1369 terarum
1023 1321 1167 1367 nota:
1191 1313 1424 1367 inventae
1457 1321 1582 1365 sunt
1621 1312 1804 1364 crucis
1829 1310 2028 1365 forma.
2059 1312 2166 1366 Eas
2195 1327 2318 1365 cum

747 1403 1014 1456 vidissent
1040 1401 1242 1456 Graeca:
1290 1400 1571 1469 religionis
1611 1400 1887 1463 homines,
1946 1399 2104 1454 [idem
2163 1401 2319 1454 Chri-

743 1495 975 1545 stianam
1010 1494 1242 1561 amplexi
1269 1500 1418 1551 sunt,
1444 1489 1692 1545 dicentes
1713 1491 2132 1561 hiemglypltico
2153 1507 2314 1544 sensu

742 1601 960 1638 erucem
1027 1585 1315 1653 designare
1366 1585 1534 1636 vitam
1605 1584 2098 1652 supervenientem.
2161 1580 2318 1636 IIunc

741 1677 972 1747 Serapin
1024 1678 1113 1731 alii
1166 1675 1355 1731 Jovem
1417 1690 1543 1731 esse
1601 1675 1912 1748 perhibent,
1969 1675 2060 1728 alii
2110 1673 2313 1739 Nilum,

742 1771 864 1822 ideo
916 1768 1059 1837 quod
1115 1769 1359 1820 modium
1396 1767 1561 1821 habet
1612 1766 1667 1820 in
1703 1767 1882 1835 capite
1940 1775 1995 1820 et
2046 1766 2310 1822 cubitum.

2428 583 2542 630 ul’m
2583 583 2743 635 αὑτοῦ
2788 588 3030 652 βασιλέα,
3072 597 3165 645 καὶ
3209 595 3437 662 ἀνῆλθεν
3470 599 3525 648 ἐν
3566 600 4010 659 Κωνσταντινου-

2428 673 2599 725 πόλει.
2636 676 2741 726 Καὶ
2775 678 2866 730 τοῦ
2905 681 3310 755 ’Λλεξανδρείας
3340 690 3598 757 Θεοφίλου
3631 695 4008 765 αἰτησαμένου

2422 766 2490 816 τά
2525 768 2641 833 ἱερά
2671 770 2846 821 πάντα
2876 772 2983 826 τῶν
3016 775 3281 845 Ἐλλήνων
3310 782 3692 852 καθῃρέθησαν
3716 787 3810 839 καὶ⁵
3831 791 3899 840 τα
3927 793 4007 840 εἵ-

2421 855 2563 908 δωλα
2613 861 2993 930 ἐχωνεύθησαν
3031 869 3126 920 καὶ
3171 871 3252 931 εἰς
3303 874 3492 942 χρείας
3535 877 3783 944 πενήτων
3821 881 4004 949 ἐδόθη.

2423 946 2554 999 Τότε
2587 952 2679 1002 καὶ
2709 954 3028 1022 Μάρκελλος
3055 963 3083 1012 ὁ
3113 962 3410 1028 ἐπίσκοπος
3441 968 3743 1036 Ἀπαμείας
3770 975 3868 1041 τῆς
3902 946 4005 1025 Συγ-

2425 1039 2544 1108 ρίας
2581 1045 2743 1108 ναοὺς
2775 1047 3121 1117 Ἑλληνικοὺς
3164 1062 3556 1124 καταστρέφων
3598 1062 3703 1114 ὑπό
3733 1062 4005 1134 Ἑλλήνιον

2422 1133 2746 1202 ἀναιρεῖται,
2785 1140 2890 1192 Τοῦ
2931 1141 2986 1193 δὲ
3028 1144 3157 1197 ναοῦ
3194 1147 3288 1199 τοῦ
3327 1149 3627 1218 Σαράπιδος
3669 1155 3726 1205 ἑν
3751 1133 4004 1221 Ἀλεξαν-

2421 1223 2574 1317 δρείᾳ
2600 1227 2863 1296 λυομένου
2895 1235 3251 1303 ἱερογλυφικα
3278 1242 3580 1310 γράμματα
3604 1247 3801 1317 εὑρέθη
3835 1266 4004 1302 σταυ⁶

2423 1315 2516 1381 ροῦ
2545 1317 2712 1370 τύπον
2742 1322 3028 1391 ἐπέχοντα,
3053 1328 3196 1396 ᾶπερ
3223 1330 3270 1380 οἱ
3301 1330 3359 1394 ἑξ
3381 1331 3646 1400 Ἑλλήνων
3675 1315 4003 1407 θεασάμενοι

2421 1405 2766 1474 ἐπίστευσαν,
2811 1412 3065 1479 λέγοντες
3116 1419 3402 1486 σημαίνειν
3441 1423 3530 1473 τὸν
3573 1426 3808 1493 σταυρὸν
3851 1405 4001 1480 κατ-ἱ

2418 1498 2518 1566 τὴν
2552 1500 2660 1552 τῶν
2704 1503 3096 1573 ἱερογλυφικῶν
3132 1508 3214 1579 [Ρ.
3251 1509 3377 1581 525']
3414 1516 3754 1583 γραμμάτων
3788 1517 4000 1572 ἔννοιαν

2419 1588 2564 1660 ζωὴν
2600 1595 2995 1666 ἐπερχομένην.
3035 1599 3240 1652 Τοῦτον
3274 1602 3365 1654 τὸν
3401 1604 3646 1672 Σάραπιν
3682 1608 3730 1658 oi
3769 1609 3868 1676 μὲν
3905 1612 4000 1664 τὸν

2417 1684 2515 1737 Δία
2541 1681 2681 1741 εἶναι
2709 1690 2976 1757 λέγουσιν,
3005 1694 3054 1745 οἱ
3083 1693 3138 1745 δὲ
3165 1695 3253 1746 τὸν
3279 1697 3469 1750 Νεῖλον
3494 1698 3582 1750 διά
3610 1701 3669 1752 τὸ
3697 1702 3785 1754 τὸν
3814 1703 3999 1771 μόδιον

2417 1778 2563 1847 ἔχειν
2591 1783 2648 1832 ἑν
2679 1787 2743 1852 τῇ
2780 1786 2990 1856 κεφαλῇ
3026 1788 3119 1839 καὶ
3149 1787 3240 1840 τὸν
3273 1789 3470 1858 πῆχυν.
3503 1793 3564 1843 Οί
3595 1793 3648 1844 δὲ
3668 1788 3836 1846 ’Δπίν
3867 1814 3993 1850 τινα

740 1859 844 1912 Alii
895 1859 1033 1928 Apin
1065 1858 1355 1926 quemdam
1391 1857 1545 1911 aiunt
1573 1857 1847 1911 hominem
1880 1856 2105 1910 divitem
2145 1855 2316 1911 fuisse
2347 1847 2388 1901 Β

2347 1847 2388 1901 Β
2417 1872 2704 1942 ἄνθρωπον
2730 1874 2966 1944 εὔπορον
2994 1880 3051 1930 ἑν
3076 1880 3336 1945 Αἰγύπτῳ
3365 1882 3666 1947 γεγονέναι,
3695 1884 3752 1946 ἒς
3784 1887 3842 1937 ὲν
3868 1903 3991 1938 και-

740 1953 793 2006 ἱη
830 1950 1085 2021 Ᾰῐεγριο,
1114 1950 1206 2020 qui
1237 1957 1466 2020 urgente
1502 1949 1647 2003 fame
1697 1947 2089 2003 Alexandrinis
2116 1949 2183 2002 de
2214 1963 2315 2002 suo

739 2042 1197 2112 suppeditaverit:
1259 2041 1306 2094 ei
1356 2040 1616 2092 defuncto
1661 2036 1846 2091 fanum
1880 2036 2050 2093 fuisse
2095 2043 2150 2091 et
2201 2047 2314 2092 sta-

737 2146 885 2187 tuam
919 2132 1178 2202 positam,
1209 2130 1440 2199 ejusque
1467 2130 1660 2184 bovem
1694 2127 1908 2198 publice
1943 2131 2207 2182 nutritmn
2249 2145 2310 2182 ac

736 2225 942 2280 domini
997 2225 1083 2279 sui
1124 2223 1346 2277 nomine
1378 2221 1653 2275 aﬂ'eetum.
1688 2221 1746 2274 ld
1787 2221 1958 2275 fuisse
2006 2222 2310 2291 symbolum

737 2314 992 2384 agricola:
1025 2331 1037 2366 :
1080 2312 1172 2366 sed
1200 2322 1250 2364 et
1285 2309 1384 2362 viri
1420 2310 1538 2378 ejus
1592 2324 1787 2363 nomen
1827 2311 1878 2362 in
1913 2309 2168 2371 Corasin,
2202 2320 2312 2362 sta-

738 2415 845 2460 tua:
867 2404 922 2458 in
961 2403 1193 2470 Serapin
1242 2408 1614 2455 mutaverunt.
1674 2402 1734 2452 In
1777 2401 1980 2469 templo
2013 2402 2177 2468 hujus
2211 2399 2310 2454 Se-

738 2496 945 2567 rapidis
981 2503 1160 2551 statua
1194 2493 1296 2547 fuit
1335 2493 1530 2562 ingens
1563 2501 1726 2561 atque
1779 2493 2059 2552 terribilis.
2097 2475 2311 2547 diversa

735 2607 802 2645 ex
843 2589 1074 2644 materia
1107 2594 1365 2640 constans
1391 2595 1443 2638 et
1471 2584 1685 2638 duabus
1725 2583 1978 2638 manibus
2010 2584 2150 2637 duos
2178 2595 2311 2636 tem-

739 2686 811 2755 pli
847 2698 1032 2738 muros
1069 2681 1362 2749 attingens.
1391 2678 1533 2731 Intra
1563 2677 1704 2730 hanc
1768 2676 1914 2729 aliud
1969 2675 2177 2738 fanum,
2231 2679 2309 2729 si-

739 2779 1066 2838 mulacrum,
1123 2783 1177 2829 et
1240 2781 1422 2827 statua
1473 2785 1648 2836 aenea,
1695 2786 1800 2824 non
1860 2785 2078 2839 magna.
2129 2769 2311 2839 Hujus

734 2871 900 2939 capiti
960 2867 1252 2922 inﬁxeraut
1294 2865 1522 2928 ferrum,
1586 2871 1643 2917 et
1691 2877 1722 2917 e
1764 2862 1985 2932 regione
2042 2878 2206 2932 supra
2255 2863 2308 2914 in

736 2961 863 3014 t--eti
902 2957 1252 3025 laquearibus
1286 2954 1518 3023 lapidem
1543 2963 1850 3023 magnetem
1887 2970 1902 3017 ;
1942 2954 2125 3022 itaque
2149 2952 2312 3022 57o

735 3052 1030 3107 eﬂ‘ecerant
1089 3058 1141 3101 ul
1200 3056 1381 3102 statua
1427 3047 1479 3100 in
1512 3060 1638 3099 aere
1690 3045 1964 3099 videretur
2021 3059 2305 3113 suspensa,

738 3160 910 3213 neque
943 3153 1144 3195 terram
1178 3150 1406 3208 tangens
1439 3153 1614 3206 neque
1645 3145 1865 3191 tectum.

805 3327 946 3381 luter
977 3325 1180 3378 idolum
1221 3331 1273 3375 et
1315 3321 1550 3374 indalma
1588 3318 1689 3371 hoc
1730 3317 1997 3370 interesse
2049 3315 2292 3373 noveris,

737 3423 882 3486 quod
931 3419 1136 3473 idolum
1182 3414 1384 3468 nullius
1432 3423 1515 3466 est
1561 3413 1637 3464 rei
1694 3409 1747 3461 in
1791 3415 1991 3462 natura
2035 3408 2302 3461 exstantis

735 3517 976 3584 signum,
1013 3508 1250 3563 indalma
1302 3513 1482 3558 autem
1519 3501 1756 3570 alicujus
1787 3500 2093 3554 similitudo
2138 3508 2303 3564 atque

734 3605 934 3674 elligies
977 3602 1073 3655 rei.
1109 3599 1317 3651 Idolum
1349 3604 1451 3657 est,
1494 3604 1553 3648 ut
1597 3593 1748 3647 verbi
1783 3593 1958 3661 gratia
2004 3591 2301 3659 Spltinges,

735 3695 1017 3760 (Σμιιιτιιιι-ἰ,
1059 3693 1213 3744 vultu
1250 3690 1450 3744 canino
1490 3695 1582 3739 aut
1609 3686 1884 3754 capitibus
1914 3683 2130 3738 liovillis
2165 3697 2302 3751 prte-

733 3790 828 3840 aliti
866 3800 879 3837 τ
914 3800 974 3837 ea
1026 3785 1170 3839 enim
1227 3795 1496 3849 nusquam
1548 3785 1698 3832 sunt.
1749 3774 2053 3830 Simulacra
2119 3784 2300 3827 autem

734 3887 863 3930 sunt
898 3884 954 3929 ut
987 3875 1141 3938 solis,
1185 3881 1241 3924 ut
1275 3872 1435 3933 lunas,
1479 3877 1536 3921 ut
1579 3877 1876 3927 astrorum,
1911 3875 1966 3916 ut
1999 3865 2300 3925 hominum,

734 3971 991 4028 forurtttti,
1033 3964 1358 4031 repentitnn,
1389 3970 1443 4013 et
1477 3960 1707 4013 aliorum
1751 3959 1800 4011 id
1839 3973 2029 4026 genus.

805 4054 940 4105 Nota
968 4049 1254 4104 Chaldaeos
1297 4048 1498 4115 ignem,
1527 4056 1585 4100 ιιι
1611 4060 1720 4114 quo
1761 4060 1951 4098 omnes
1987 4060 2072 4097 res
2099 4059 2301 4098 consu-

735 4153 978 4206 mantur,
1030 4157 1128 4210 pro
1187 4139 1296 4192 Deo
1343 4139 1608 4200 coluisse,
1645 4147 1696 4190 et
1745 4151 1935 4190 onmcs
1985 4136 2300 4190 Grmcornm

734 4238 866 4290 deos
918 4234 1214 4289 relutasse.
1246 4230 1309 4283 lli
1335 4245 1460 4283 eum
1491 4229 1557 4282 ad
1597 4231 1803 4298 Canopi
1847 4229 2010 4282 etiam
2046 4227 2302 4281 sacerdo-

735 4342 841 4382 tem
890 4329 1292 4397 pervenissent,
1348 4324 1393 4377 is
1429 4323 1520 4376 tali
1560 4335 1695 4377 usus
1742 4330 1824 4374 est
1874 4331 2017 4374 astu.
2073 4321 2300 4372 Situlaun

738 4421 955 4473 tietilem
1007 4418 1060 4469 in
1095 4424 1288 4470 stature
1320 4413 1548 4466 formam
1597 4413 1897 4480 apparavit,
1926 4426 2088 4480 quam
2125 4412 2305 4464 tenui-

2417 1963 2495 2033 ρῷ
2528 1964 2683 2033 λιμοῦ
2716 1967 2779 2018 ὲκ
2809 1967 2914 2018 τῶν
2947 1968 3091 2021 ἰδίων
3119 1971 3424 2040 ἐπήρκεσεν
3455 1972 3916 2045 Ἀλεξανδρεῦσιν,
3947 1971 3994 2045 ᾧ

2418 2057 2506 2108 καὶ
2532 2055 2849 2110 τελευτῶντι
2876 2059 3000 2112 ναὸν
3028 2061 3120 2112 καὶ
3151 2063 3354 2133 στήλην
3377 2063 3676 2133 ἀνέστησαν
3696 2084 3708 2096 ·
3745 2072 3838 2120 καὶ
3867 2067 3994 2137 βοῦς

2414 2146 2578 2198 αὑτοῦ
2610 2147 2890 2217 ἐτρέφετο,
2926 2149 2985 2201 ὃν
3015 2151 3108 2202 καὶ
3123 2146 3292 2204 Ἀπιν
3323 2154 3550 2209 ἐκάλουν
3580 2156 3886 2225 ὁμωνύμως
3917 2159 3996 2226 τῷ

2412 2235 2668 2309 δεσπότῃ.
2702 2240 2976 2309 Σύμϐολον
3012 2237 3163 2305 οὗτος
3198 2239 3267 2313 ἦν
3300 2243 3391 2296 τοῦ
3430 2246 3699 2312 γεωργοῦ.
3738 2249 3995 2301 Μετωνό-

2415 2341 2596 2392 μασαν
2623 2326 2678 2378 δὲ
2704 2327 2793 2379 τον
2820 2327 3111 2398 ἄνθρωπον
3138 2331 3342 2384 ἐκεῖνον
3367 2333 3459 2386 καὶ
3486 2333 3738 2403 Γόρασιν,
3768 2336 3862 2387 καὶ
3890 2337 3994 2389 Σά-

2416 2432 2582 2484 ραπιν
2617 2417 2715 2488 τὴν
2752 2419 2972 2489 στήλην.
3009 2419 3094 2472 Ἐν
3125 2421 3201 2490 τῷ
3233 2422 3346 2492 ναῷ
3379 2423 3508 2491 γοῦν
3544 2424 3732 2478 τούτου
3768 2427 3997 2495 ἄγαλμα

2415 2509 2558 2575 μέγα
2593 2512 2685 2561 καὶ
2715 2511 2946 2581 φοϐερὸν
2971 2509 3080 2566 οἷον
3107 2515 3170 2566 ἑκ
3199 2513 3456 2586 διαφόρου
3488 2521 3996 2587 κατεσκευασμένον

2413 2594 2544 2666 ὕλης
2579 2597 2783 2662 ἵστατο,
2820 2599 2895 2661 ὼς
2926 2601 3216 2672 ἑκατέραις
3245 2606 3434 2674 χερσὶν
3466 2608 3745 2675 ἑκατέρων
3774 2607 3997 2675 ἔχεσθαι

2410 2686 2518 2738 τῶν
2545 2687 2763 2756 τοίχων.
2789 2690 2979 2742 Ἔνδον
3008 2691 3064 2742 δὲ
3095 2694 3287 2746 τούτου
3318 2695 3412 2747 τοῦ
3446 2697 3702 2765 μεγίστου
3737 2698 3995 2766 ἀγάλμαο

2411 2795 2500 2841 τος
2527 2778 2682 2842 ἄλλος
2703 2782 2828 2843 ναὸς
2854 2785 2948 2834 καὶ
2975 2784 3192 2837 εἴδωλον
3215 2789 3309 2838 καὶ
3334 2786 3518 2849 ξόανον
3540 2788 3838 2859 ἀπῃὼρητο
3863 2789 3997 2858 χαλ-

2413 2868 2561 2932 κοῦν,
2588 2870 2649 2920 οὑ
2680 2873 2820 2939 μέγα
2848 2873 2924 2924 δέ.
2947 2873 3152 2928 Τούτου
3175 2879 3240 2946 τῇ
3269 2877 3482 2948 κεφαλῇ
3515 2879 3728 2948 σίδηρον
3752 2880 3998 2949 ὲνείραν-

2411 2976 2525 3024 τες,
2555 2963 2665 3022 τοῖς
2695 2961 3019 3031 φατνώμασι
3048 2965 3103 3017 δὲ
3131 2967 3228 3034 τῆς
3261 2969 3458 3034 στέγης
3489 2969 3695 3021 ἄνωθεν
3724 2972 3998 3039 μαγνῆτιν

2410 3050 2556 3102 λίθον
2587 3052 2726 3103 κατὰ
2759 3053 2988 3105 κάθετον
3019 3055 3330 3126 ἐνθέμενοι,
3368 3059 3642 3130 μετέωρον
3672 3059 3862 3113 τοῦτον
3898 3063 3992 3114 τού

2412 3138 2572 3207 ἀέρος
2613 3141 2834 3208 ἀφῆκαν
2877 3144 3108 3211 ὁρᾶσθαι
3155 3148 3537 3216 κρεμάμενον,
3565 3151 3659 3206 καὶ
3702 3151 3826 3204 οὔτε
3870 3155 3997 3223 γῆς,

2407 3229 2709 3302 οὑτ⁹αὑτῆς
2760 3233 2860 3301 τῆς
2893 3235 3090 3304 στέγης
3123 3240 3521 3306 ἐφαπτόμενον.

2491 3321 2684 3376 Ἰστέον
2730 3325 2812 3377 ὅτι
2863 3329 2926 3378 τὸ
2978 3328 3078 3396 μὲν
3127 3330 3344 3383 είδωλον
3391 3333 3648 3402 οὐδεμίαν
3695 3337 3996 3391 ὑπόστασιν

2404 3411 2546 3481 ἔχει,
2582 3414 2640 3465 τὸ
2671 3415 2714 3466 δ’
2740 3417 2968 3486 ἴνδαλμά
2999 3421 3144 3482 τινός
3177 3423 3325 3475 ἑστιν
3355 3425 3605 3494 ὁμοίωμα
3639 3427 3733 3478 καὶ
3764 3429 3994 3481 ἀπεικό-

2400 3517 2589 3572 νισμα.
2618 3507 2726 3559 Καὶ
2744 3508 2959 3560 εἴδωλον
2990 3512 3087 3578 μὲν
3112 3512 3368 3580 Σφίγγες,
3402 3517 3700 3586 Κένταυροι
3728 3520 3998 3589 κυνοπρό-

2404 3612 2560 3648 σωπα
2587 3599 2680 3650 καὶ
2709 3599 3031 3668 βουκέφαλοι
3060 3602 3226 3671 ἤγουν
3251 3606 3318 3655 τα
3349 3606 3422 3674 μη
3452 3606 3758 3673 ὑφεστῶτα,
3786 3614 3990 3677 capo-.m-

2407 3705 2548 3758 ματα
2563 3689 2615 3742 δὲ
2630 3691 2736 3742 τῶν
2751 3691 3072 3759 ὑφεστώτων
3088 3694 3416 3764 εἰκάσματα,
3435 3693 3546 3748 οἷον
3562 3699 3996 3770 ἡλίουβελήνης,

2404 3779 2638 3848 ἄστρων,
2680 3783 2775 3832 ἁνο
2785 3782 3003 3850 ρώπων,
3023 3785 3250 3855 θηρίων,
3287 3789 3532 3855 ἑρπετῶν
3552 3790 3643 3841 καὶ
3661 3790 3767 3841 τῶν
3785 3792 3995 3854 τούτοις

2405 3869 2822 3948 παραπλησίων.

2485 4048 2686 4098 Ἰστέον
2715 4048 2794 4098 ὅτι
2832 4046 3087 4100 Χαλδαῖοι
3117 4047 3177 4099 τὸ
3212 4048 3322 4117 πῦρ
3356 4049 3429 4110 ὡς

2404 4137 2496 4190 κὺν
2528 4138 2796 4202 σέϐονται,
2827 4139 2920 4191 καὶ
2949 4141 3156 4200 πάντας
3183 4140 3308 4201 τοὺς
3363 4140 3631 4208 Ἑλλήνων
3660 4140 3816 4203 θεοὺς
3862 4159 3994 4194 κατ-

2402 4227 2654 4297 έδραμον.
2701 4230 3011 4298 Προσῆλθον
3038 4230 3094 4282 δὲ
3140 4231 3231 4282 καὶ
3267 4232 3342 4297 τῷ
3387 4231 3653 4294 Κάνωπος
3698 4233 3852 4300 ἱερεῖ,
3899 4233 3996 4284 καὶ

2406 4322 2563 4384 αὐτὸς
2607 4322 2917 4389 μηχανᾶταί
2948 4339 3002 4373 τι
3038 4322 3301 4375 τοιοῦτον,
3338 4323 3429 4384 Εἰς
3465 4323 3634 4375 τύπον
3674 4324 3994 4390 ἀγάλματος

2406 4411 2593 4480 ὑδρίαν
2636 4411 2963 4482 ὀστρακίνην
3009 4413 3426 4476 κατασκευάσας
3475 4413 3696 4483 τρήσεις
3746 4414 3995 4482 ὑπέθηκε

3518 4050 3685 4102 άντων
3714 4050 3996 4120 ἀναιρετι-

737 4515 837 4563 bus
872 4508 1234 4563 foraminibus
1265 4520 1391 4559 cera
1423 4505 1656 4573 oppletis
1699 4511 1974 4572 pertusam
2026 4519 2165 4571 aqua
2202 4505 2302 4556 lltl-
2339 4519 2378 4570 ο

2339 4519 2378 4570 ο
2408 4500 2630 4564 λεπτὰς,
2655 4501 2721 4563 ἃς
2748 4502 2905 4570 κηρῷ
2933 4501 3280 4570 φραξάμενος
3302 4505 3395 4554 καὶ
3419 4505 3671 4572 χρώματι
3699 4505 3992 4568 καλλύνας,

738 4602 922 4668 plevit,
967 4599 1300 4665 inductoque
1350 4595 1532 4648 colore
1584 4603 1636 4648 et
1684 4605 1882 4649 statuae
1919 4595 2099 4663 capite
2138 4594 2307 4648 artill-

735 4696 882 4746 ιιίυεε
913 4691 1168 4760 imposito
1225 4689 1332 4758 igni
1379 4687 1636 4752 admovit,
1676 4689 1859 4757 itaque
1895 4688 2002 4740 vim
2036 4688 2177 4758 ignis
2217 4702 2306 4741 re-

739 4785 891 4848 fellit,
926 4782 1186 4852 paulatim
1217 4795 1368 4850 aqua:
1405 4779 1620 4834 deﬂuxu
1649 4779 1928 4834 exstincti.

815 4958 978 5013 Anno
1010 4957 1092 5010 sui
1127 4957 1340 5026 imperii
1382 4957 1447 5012 15
1477 4963 1531 5012 et
1554 4955 1619 5010 l6
1645 4951 1991 5009 Theodosius
2013 4954 2185 5024 legem
2220 4962 2304 5007 tu-

741 5052 821 5118 lit,
853 5065 922 5104 ne
953 5064 1058 5120 qua
1106 5048 1306 5103 mulier
1340 5049 1406 5102 ad
1439 5048 1764 5103 diaconissae
1800 5062 1999 5102 munus
2030 5048 2304 5115 recipere-

742 5156 828 5196 tur
854 5142 958 5196 nisi
993 5155 1194 5194 annum
1223 5140 1291 5194 60
1317 5154 1562 5208 egressa.
1611 5139 1814 5195 Eodem
1872 5153 2019 5193 anno
2072 5138 2306 5192 moritur

743 5231 956 5286 Placilla
989 5229 1282 5284 Theodosii
1313 5243 1470 5292 uxor,
1499 5230 1584 5297 pia
1621 5238 1674 5282 et
1708 5243 2005 5297 pauperum
2032 5228 2302 5287 studiosa,

740 5340 858 5392 qu-.e
890 5324 1004 5376 suis
1037 5322 1289 5374 manibus
1317 5325 1537 5389 aegrotis
1580 5329 1743 5389 atque
1775 5322 1913 5374 tnale
1943 5319 2142 5373 allecto
2181 5334 2306 5373 eor-

744 5433 870 5483 pore
914 5414 1228 5466 hominibus
1286 5413 1649 5466 ministrabat.
1691 5412 1862 5480 llujus
1904 5423 2134 5466 statuam
2168 5429 2295 5465 con.

741 5512 1013 5576 tit-gerunt
1062 5503 1387 5558 Antiocheni
1438 5504 1506 5556 ob
1548 5505 1887 5557 exactionem
1930 5503 2302 5572 imperatoris;

737 5613 842 5668 qua
882 5595 1039 5665 571
1095 5593 1162 5648 de
1204 5610 1260 5648 re
1300 5593 1544 5648 Joannes
1590 5595 2034 5666 Chrysostomtts,
2068 5612 2132 5646 eo
2169 5607 2306 5646 tem—

739 5702 870 5755 pore
900 5686 1201 5740 Antiochiae
1246 5687 1557 5754 presbyter,
1592 5687 1869 5761 mirandus
1899 5687 2068 5739 edidit
2103 5687 2306 5737 oratio—

739 5792 859 5842 nes,
896 5786 1196 5834 statuarum
1236 5777 1412 5832 titulo.
1458 5776 1611 5834 Tunc
1655 5779 1814 5832 etiam
1875 5779 2073 5830 ItIl‘th'U
2123 5777 2293 5831 'l‘hcs‘

2411 4592 2642 4645 παλαιοῦ
2671 4594 2987 4662 ἀγάλματος
3021 4593 3314 4662 ἀποτεμὼν
3344 4595 3588 4664 κεφαλὴν
3619 4597 3711 4647 καὶ
3741 4598 3994 4666 ἐφαρμό-

2409 4699 2506 4745 σας
2525 4682 2602 4752 τῷ
2622 4683 2804 4736 σκεύει
2831 4683 3067 4746 εὐφυῶς,
3089 4683 3184 4735 καὶ
3201 4686 3276 4752 τῷ
3296 4686 3428 4754 πυρὶ
3441 4684 3809 4753 προσαγαγὼν
3832 4688 3996 4757 ἤλεγ-

2408 4773 2497 4839 ξεν
2545 4775 2710 4828 αὑτοῦ
2765 4775 2878 4844 τὴν,
2916 4775 3090 4842 ἰσχὺν,
3130 4775 3270 4827 κατὰ
3313 4777 3507 4845 μικρδν
3543 4777 3631 4830 διὰ
3668 4778 3758 4828 τοῦ
3801 4780 3996 4842 ὓδατος

2411 4862 2862 4928 ἁποσὸεσθέντος.

2477 4955 2570 5025 Τῷ
2610 4955 2669 5008 ιε’
2697 4957 2792 5008 καὶ
2830 4956 2904 5022 ις’
2931 4957 3042 5027 ἔτει
3077 4960 3242 5014 αὑτοῦ
3277 4960 3558 5022 Θεοδόσιος
3590 4963 3752 5029 νόμον
3786 4963 3992 5029 γράφει

2409 5049 2639 5114 γυναῖκα
2663 5049 2741 5112 εἰς
2763 5049 3109 5104 διακόνισσαν
3135 5053 3209 5122 μὴ
3234 5052 3567 5122 προϐαίνειν,
3594 5055 3641 5104 εξ
3673 5053 3745 5122 μὴ
3775 5053 3993 5124 ὑπερϐῇ

2407 5137 2474 5188 τὰ
2509 5135 2548 5198 ξ’
2571 5138 2688 5206 ἐτη.
2718 5139 2808 5206 Τῷ
2842 5139 2992 5208 αὑτῷ
3027 5140 3138 5192 ἔτει
3173 5140 3448 5193 Πλακίλλα
3485 5143 3516 5208 ἡ
3549 5140 3764 5207 γαμετὴ
3803 5139 3998 5191 Θεοδο-

2411 5227 2526 5279 σίου
2568 5228 2868 5298 ἑκοιμὴθη,
2911 5231 3141 5300 εὐσεϐὴς
3183 5231 3318 5284 οὖσα
3359 5231 3452 5282 καὶ
3493 5230 3866 5298 φιλοπτωχος,
3911 5232 3996 5280 οξ-

2409 5317 2582 5380 κείαις
2606 5320 2761 5388 χερσὶ
2785 5319 2976 5382 λωδεῖς
3000 5324 3094 5373 καὶ
3117 5321 3361 5374 νοσοῦσιν
3387 5321 3751 5389 ὑπηρετοῦσα.
3774 5319 3996 5390 Ταύτης

2410 5411 2499 5461 τὸν
2531 5409 2826 5479 ἀνδριάντα
2867 5413 3140 5478 κατέαξαλ
3175 5416 3221 5465 οἱ
3255 5414 3544 5480 Ἀντιοχεῖς
3583 5414 3670 5464 διὰ
3708 5414 3773 5463 τά
3811 5414 3999 5464 stata-

2411 5497 2570 5552 θέντα
2615 5499 2848 5568 δημόσια
2900 5503 3048 5571 παρὰ
3091 5503 3186 5555 τοῦ
3237 5503 3501 5572 βασιλέως
3548 5503 3719 5554 τελεῖν
3765 5503 3994 5564 αύτούς.

2410 5589 2541 5640 Τότε
2577 5591 2671 5642 καὶ
2705 5590 2957 5660 Ἰωάννης
2994 5595 3021 5644 ό
3055 5593 3440 5662 Χρυσόστομος
3463 5635 3476 5657 ,
3517 5591 3882 5660 πρεσῦύτερος
3917 5589 3999 5643 ὦν

2409 5682 2759 5749 Ἀντιοχείας,
2786 5683 2974 5750 λόγους
3007 5684 3133 5754 περὶ
3161 5689 3347 5736 τοᾴῖου
3379 5683 3723 5752 θαυμαστοὺς
3751 5680 3970 5745 ἐξέθετο

2409 5771 2498 5834 οὓς
2543 5773 2860 5840 ἀνδριάντας
2901 5775 3178 5845 ἐπέγραψε
3248 5777 3377 5828 Ἰϊτι
3428 5777 3516 5828 ναὶ
3561 5777 3590 5844 ἠ
3732 5772 3985 5825 θεσσαλο
