4214 6450
274 408 374 472 (ιὲὶ

1348 400 1890 461 ΙΙΙΒΤΟΗΙᾹΒΙΜΛ
1939 402 2473 463 (ἱΟλΙΡΕΝἰ)ΙΙ]Μ.

3456 413 3561 476 522

270 530 400 592 νίκῃ
434 515 617 586 σφαγὴ
648 514 755 568 τῶν
788 510 848 566 ιε’
873 510 1129 583 χιλιάδων
1159 510 1251 564 τοῦ
1286 510 1416 563 λαοῦ
1454 510 1557 563 ὑπὸ
1589 509 1866 562 Θεοδοσίου

1978 509 2236 562 salenica-
2259 508 2604 566 'l‘t.eodosius
2643 509 2701 563 lii
2733 513 3013 565 hominum
3048 512 3217 567 millia
3257 513 3555 585 interfecit.

269 615 518 681 γίνεται,
553 610 648 662 καὶ
676 608 746 661 τά
779 606 933 676 παρὰ
964 604 1056 658 τοῦ
1091 604 1249 674 ἁγίου
1286 604 1614 674 Ἀμϐροσίου
1648 603 1869 656 ἐπισκό-

273 722 379 759 που
424 700 763 756 Μεδιολάνων
803 700 884 762 είς
922 697 1090 751 αὐτὸν
1128 695 1356 767 βασιλέα
1397 695 1730 768 πραχθέντα.
1770 694 1868 748 Λιδ

271 798 369 851 καὶ
414 795 579 864 νόμον
615 791 889 846 ἐκτίθεται
926 791 1039 853 τοῖς
1085 783 1607 859 καταδικαζομένοις
1651 787 1867 857 θανάτῳ

270 891 307 960 ἢ
341 888 609 957 δημεύσει
642 884 984 956 προθεσμίαν
1020 879 1062 934 λ’
1090 882 1321 954 ἡμερῶν
1353 883 1433 943 είς
1465 881 1756 951 διάσκεψιν
1788 881 1870 935 δί-

271 982 484 1036 δοσθαι.
982 1050 985 1051 ν

346 1073 439 1142 Τῷ
484 1072 572 1145 Ρ.
610 1072 738 1143 526]
781 1071 839 1125 δὲ
879 1069 1032 1140 αὐτῷ
1078 1070 1192 1123 ἔτει
1230 1069 1326 1123 τοῦ
1374 1068 1625 1139 ποταμοῦ
1671 1068 1866 1122 Νείλςυ

272 1168 418 1224 κατὰ
446 1168 508 1220 τὸ
540 1167 660 1228 ἔθος
691 1165 768 1236 μὴ
797 1164 1102 1228 ἀναϐάντος
1134 1164 1356 1236 ἔχαιρον
1384 1166 1433 1217 οἱ
1453 1164 1717 1234 ’Έλληνες
1736 1204 1749 1225 ,
1781 1164 1868 1216 λέ-

276 1279 466 1327 γοντες
505 1260 679 1313 αἴτιον
713 1256 854 1313 εἷναι
890 1258 1082 1311 τούτου
1118 1257 1182 1310 τὸ
1221 1258 1533 1327 κωλυθῆναι
1571 1258 1721 1311 θύειν
1756 1258 1870 1320 τοῖς

275 1356 422 1416 θεοῖς
452 1353 658 1406 αὐτῶν.
680 1352 858 1421 Ὅπερ
889 1350 1079 1420 μαθὼν
1103 1351 1130 1403 ὁ
1160 1350 1394 1421 εὐσεϐὴς
1426 1350 1681 1418 βασιλεὺς
1711 1345 1832 1402 εἶπε
1851 1365 1864 1379 ·

275 1446 367 1515 Μὴ
404 1443 617 1512 γένοιτό
650 1458 778 1495 ποτε
816 1441 1063 1510 ποταμὸν
1099 1440 1315 1502 θυσίαις
1349 1441 1611 1512 χαίροντα
1643 1441 1737 1494 ἐπὶ
1769 1441 1868 1510 τὴν

276 1536 381 1603 γῆν
421 1534 849 1605 πλημμυρῆσαι.
884 1533 941 1586 Ὀ
987 1533 1043 1586 δὲ
1087 1532 1219 1597 Θεὸς
1257 1533 1418 1586 τοῦτο
1466 1532 1869 1601 ἀποδεξάμενος

274 1629 544 1698 εὔλόγησε
576 1627 675 1696 τὴν
707 1626 973 1681 ἀνάϐασιν
1004 1626 1099 1679 τοῦ
1136 1626 1418 1694 ποταμοῦ,
1450 1624 1590 1678 ὥστε
1623 1627 1868 1688 ἅπαντας

273 1719 402 1779 τοὺς
428 1716 547 1769 κατ’
566 1717 839 1784 Αἴγυπτον
859 1714 1167 1785 φοϐηθῆναι
1195 1716 1270 1785 μὴ
1298 1715 1392 1768 καὶ
1417 1715 1588 1785 αὐτὴν
1607 1714 1706 1785 τὴν
1722 1715 1869 1768 Ἀλε-

275 1810 565 1878 ξάνδρειαν
597 1807 916 1878 κατακλύσῃ
944 1810 976 1877 ἡ
1008 1806 1318 1879 πλημμύρα
1345 1808 1438 1859 τοῦ
1473 1807 1685 1870 ὕδατος.

343 1877 439 1957 Ἐν
465 1902 778 1973 Μεδιολάνῳ
803 1877 1142 1973 ὑπάρχοντος
1166 1902 1263 1955 τοῦ
1295 1902 1559 1971 βασιλέως
1584 1902 1864 1955 Θεοδοσίου
1897 1877 1943 1935 Β

272 1999 324 2050 οἱ
356 2001 422 2050 ὲκ
453 1995 1086 2055 Κωνσταντινουπόλεως
1120 1995 1388 2059 Ἰουδαῖοι,
1420 1996 1485 2048 ὲκ
1517 1994 1866 2064 προστάξεως

285 2088 598 2159 Ὁνωρᾶτον
627 2089 870 2158 ἐπάρχου
888 2127 904 2152 ,
939 2087 1266 2156 συναγωγὴν
1298 2089 1355 2140 ὲν
1384 2090 1498 2150 τοῖς
1529 2087 1867 2157 Χαλκοπρά-

274 2202 387 2245 τοις
420 2181 633 2236 πολλῶν
662 2182 943 2235 ταλάντων
976 2181 1328 2250 εἰργάσαντο.
1364 2181 1485 2234 Τῶν
1516 2181 1573 2234 δὲ
1606 2183 1647 2234 Χ
1659 2197 1868 2251 ριστια-

275 2276 384 2329 νῶν
402 2278 580 2346 δυσερη
590 2274 834 2346 μούντων
864 2276 1008 2329 κατὰ
1025 2274 1120 2327 τοῦ
1138 2274 1402 2344 ἐπάρχου,
1429 2275 1593 2338 αὐτὸς
1620 2275 1678 2327 οὐ
1698 2291 1865 2345 προσ-

276 2372 434 2440 ἐτχεν
461 2387 473 2400 ·
510 2365 578 2439 ῆν
608 2370 721 2438 γὰρ
773 2368 1000 2436 Ἕλλην.
1036 2366 1155 2437 Πῦρ
1185 2363 1278 2422 οὖν
1311 2359 1642 2438 ὲμϐαλόντες
1675 2371 1866 2431 νυκτὸς

274 2464 481 2533 ταύτην
527 2461 894 2515 κατέκαυσαν.
935 2462 1142 2533 Γράφει
1185 2461 1344 2515 τοῦτο
1384 2463 1412 2515 ὁ
1454 2461 1691 2533 ἔπαρχος
1731 2462 1868 2531 πρὸς

276 2555 590 2616 θεοδότων,
627 2552 878 2622 ἐγκαλῶν
916 2556 1031 2618 τοῖς
1071 2554 1320 2616 πολίταις
1347 2569 1362 2585 ⁸
1406 2555 1434 2607 ὁ
1471 2554 1527 2607 δὲ
1565 2553 1736 2625 ὁρίζει
1773 2554 1870 2624 ζη-

280 2648 411 2716 μίαν
439 2645 744 2716 ὑποστῆναι
774 2645 902 2708 τοὺς
928 2645 1087 2698 τοῦτο
1119 2645 1423 2715 δράσαντας
1455 2645 1550 2699 καὶ
1580 2644 1867 2714 κτισθῆναι

278 2742 377 2810 τὴν
409 2740 759 2808 συναγωγήν.
793 2737 1239 2809 Προσφεύγουσιν
1273 2741 1321 2791 οί
1357 2738 1571 2791 πολῖται
1607 2739 1744 2805 πρὸς
1779 2740 1868 2792 τὸν

281 2835 457 2903 μέγαν
483 2832 831 2903 ’Δμϐρόσιον.
870 2831 928 2884 'l)
976 2830 1035 2885 δὲ
1081 2831 1181 2899 τῆς
1230 2831 1427 2899 ἑορτῆς
1471 2832 1581 2884 τῶν
1629 2830 1868 2901 Χριστοῦ

278 2927 576 2994 γενεθλίων
606 2926 877 2994 ἐνστάσης
913 2926 1007 2978 καὶ
1036 2922 1133 2977 τοῦ
1170 2923 1439 2994 βασιλέως
1473 2925 1680 2978 εἴσοδον
1711 2927 1869 2995 ποιή-

282 3021 478 3073 σασθαι
533 3018 843 3089 μέλλοντος.
892 3018 1202 3087 δημηγορεῖ
1250 3017 1278 3068 ὁ
1333 3017 1507 3085 μέγας
1539 3017 1869 3087 Ἀμϐρόσιος

280 3113 435 3180 ὀλίγα
467 3111 579 3181 (44)
615 3109 713 3180 μὲν
738 3109 992 3180 περὶτῆς
1019 3109 1238 3178 ἑορτῆς,
1268 3107 1338 3161 τὰ
1368 3109 1539 3161 πλείω
1565 3110 1621 3161 δὲ
1646 3110 1739 3163 τοῦ
1773 3109 1871 3178 βα-

282 3204 473 3266 σιλέως
504 3202 919 3270 καθαπτόμενος
950 3193 1217 3271 σφὸδρῶς,
1251 3199 1476 3269 φάσκων
1505 3200 1675 3262 οὕτως
1703 3201 1780 3264 ὡς
1804 3203 1869 3254 ὲκ

281 3292 576 3365 προσώπου
610 3292 703 3343 τοῦ
737 3290 895 3343 Θεοῦ·
933 3291 1050 3342 υύκ
1079 3289 1191 3357 ἐγώ
1222 3305 1280 3342 σε
1314 3291 1549 3359 ποιμένα
1577 3291 1704 3343 δντα
1735 3308 1868 3361 προ-

280 3387 463 3441 ϐάτων
499 3383 788 3450 ἐξόπισθεν
824 3384 932 3435 τῶν
968 3381 1347 3452 λοχευομένων
1384 3382 1608 3446 ἔλαϐον,
1646 3385 1741 3436 καὶ
1777 3383 1871 3437 τοῦ

281 3480 412 3536 λαοῦ
446 3496 549 3550 μου
582 3478 818 3547 ποιμένα
850 3477 945 3529 καὶ
977 3474 1202 3546 βασιλέα
1233 3475 1585 3545 κατέστησα;
1619 3477 1734 3529 Οὐκ
1764 3478 1873 3544 ἐγώ

282 3591 376 3627 σου
414 3572 518 3645 τὴν
556 3570 800 3639 κεφαλὴν
837 3567 1140 3638 αὐχμῶσαν
1177 3568 1274 3622 καὶ
1313 3567 1651 3638 φθειριῶσαν
1687 3570 1872 3638 χρυσῷ

283 3666 535 3736 στεφάνῳ
576 3660 1035 3717 κατεκαλλὼπισα
1076 3658 1172 3714 καὶ
1210 3659 1391 3731 ταινίᾳ
1431 3659 1873 3732 χρυσοπορφύρῳ

280 3759 599 3827 ἑκόσμησα;
638 3756 749 3808 Καὶ
790 3753 878 3806 ἵνα
915 3752 969 3807 τί
1008 3754 1135 3816 τοὺς
1183 3752 1430 3820 σφαγέας
1467 3751 1561 3804 τοῦ
1608 3752 1725 3805 υἱοῦ
1770 3771 1872 3822 μου

281 3850 613 3920 προκρίτους
657 3846 812 3911 ἄγεις
859 3844 954 3897 καὶ¹
996 3846 1087 3897 τὶν
1131 3843 1263 3914 ἐμὸν
1303 3832 1430 3898 λάδν
1476 3844 1869 3914 κατατρύχεις,

285 3940 625 4011 ποινη).ατῶν
660 3938 757 4005 τὴν
791 3937 1158 4007 κληρονομίαν
1195 3953 1327 4006 μου;
1370 3938 1477 3990 Καὶ
1516 3938 1545 3989 ὁ
1583 3937 1872 4006 βασιλεύς·

281 4035 345 4085 Τί
372 4034 547 4094 ποιεῖς
564 4071 579 4094 ,
607 4030 873 4082 ἐπίσκοπε
896 4046 910 4092 ;
938 4028 1050 4097 Τὴν
1077 4027 1271 4098 ἑορτὴν
1297 4027 1607 4079 καταλιπὼν
1632 4027 1760 4095 ὃλην
1785 4027 1871 4078 ἐπ’

282 4126 378 4193 ἐμὲ
419 4125 514 4195 τὴν
552 4120 895 4191 δημηγορίαν
933 4119 1270 4187 ὲξήρτησαςς
1313 4119 1421 4171 Καὶ
1460 4121 1487 4170 ὁ
1513 4119 1867 4188 Ἀμιέρόσιος·

281 4218 354 4267 0)
387 4214 529 4268 κατᾶ
558 4213 675 4273 σού,
707 4210 950 4280 βασιλεῦ,
987 4209 1102 4262 ἀλλ’
1126 4210 1266 4279 ὑπὲρ
1306 4210 1421 4264 σοῦ.
1460 4211 1525 4262 'l'i
1565 4213 1675 4281 γὰρ
1714 4212 1870 4264 ἔσται

284 4307 630 4377 Χριστιανοῖς
664 4303 795 4356 ἄλλο
826 4301 1127 4371 δεινότερον
1147 4339 1161 4363 ,
1194 4300 1281 4353 ἵνα
1313 4303 1405 4353 καὶ
1437 4302 1709 4355 Ἰουδαίων
1743 4320 1871 4355 συν-

282 4400 503 4467 ατωγάς
546 4394 889 4467 ἀπαρτίζωσι
927 4396 1072 4453 ςΚσῖι
1113 4398 1142 4447 ὁ
1189 4395 1472 4463 βασιλεύς·
1514 4397 1622 4449 Καὶ
1662 4397 1871 4450 δίκαιόν

284 4496 429 4545 ἐστιν
462 4490 551 4543 ἵνα
581 4488 608 4542 ὃ
639 4489 733 4541 ἐὰν
761 4486 885 4558 δόξῃ
917 4485 1073 4558 δήμῳ
1103 4488 1324 4558 ἀτάκτῳ
1356 4486 1448 4539 ἐπὶ
1481 4488 1737 4558 βασιλικῇ
1772 4490 1870 4542 πό-

1972 607 2027 653 et
2063 601 2391 656 Ambrosius
2428 601 2717 657 Mediolani
2774 605 3064 675 cpiscopus
3103 621 3165 660 ea
3218 624 3342 663 eum
3382 613 3558 682 impc-

1973 705 2155 749 ratorc
2185 696 2297 765 egit
2328 710 2451 765 quae
2485 697 2774 751 retulimus
2811 696 3026 763 Quibus
3052 709 3235 756 motus
3262 704 3562 775 imperator

1971 785 2142 855 legrm
2189 788 2315 840 tulit
2362 803 2484 856 qua:
2539 804 2912 858 recognoscent
2937 791 3001 844 Ite
3042 795 3335 849 sententiae
3388 812 3554 854 causa

1970 879 2234 934 damnato
2271 882 2465 933 mortis
2522 891 2616 934 aut
2660 881 3050 952 publicationis
3076 883 3146 938 50
3177 883 3391 940 dierum
3419 889 3558 943 dila-

1972 974 2176 1025 tionem
2209 972 2565 1028 concedebat.
3460 978 3465 981 Α

2045 1064 2124 1120 Eo
2156 1065 2274 1135 ipso
2300 1082 2464 1125 anno.
2497 1081 2621 1121 eum
2655 1066 2811 1122 Nilus
2846 1084 2943 1137 pro
2965 1086 3115 1126 more
3147 1086 3255 1125 non
3285 1074 3559 1131 exundas-

1974 1171 2078 1224 Sct,
2107 1159 2281 1214 (ἰηιιοί
2323 1160 2429 1214 ιωιι
2478 1160 2619 1215 bane
2657 1162 2917 1215 dixerunt
2965 1179 3088 1218 esse
3119 1180 3370 1231 causam,
3412 1169 3556 1237 quod

1974 1256 2080 1310 diis
2110 1257 2228 1311 suis
2260 1256 2577 1311 saciificare
2630 1256 2979 1312 interdictum
3016 1258 3153 1328 ipsis
3188 1271 3352 1317 esset.
3380 1262 3561 1319 Theo-

1972 1347 2163 1403 dosius
2195 1362 2383 1401 eorum
2422 1363 2677 1403 sermone
2716 1350 2939 1419 cognito
2975 1366 2989 1404 :
3025 1351 3203 1416 Absit,
3246 1355 3341 1415 ait,
3371 1369 3428 1409 ut
3457 1356 3561 1411 llu—

1972 1442 2089 1494 vius
2131 1438 2419 1494 sacrificiis
2446 1441 2692 1509 gaudens
2727 1450 2928 1496 terram
2964 1444 3172 1513 irriget.
3210 1443 3353 1501 Deus
3377 1458 3558 1503 autem

1972 1534 2025 1587 id
2067 1534 2189 1603 ejus
2221 1547 2549 1600 responsum
2580 1535 2649 1586 ita
2685 1536 2931 1602 probavit
2963 1547 3017 1590 ut
3057 1534 3240 1592 Nilum
3279 1542 3562 1597 exundarc

1967 1626 2197 1694 jusserit
2226 1624 2363 1678 adeo
2395 1634 2453 1677 ut
2500 1625 2741 1680 universi
2773 1625 3015 1698 IEgyptii
3055 1631 3107 1683 in
3147 1639 3355 1686 metum
3397 1649 3559 1689 vene-

1968 1717 2097 1776 rint,
2133 1732 2199 1770 ne
2251 1716 2425 1786 ipsam
2502 1732 2721 1788 quoque
2779 1718 3167 1775 Alexaudtiam
3216 1725 3398 1783 eluvie
3458 1729 3561 1780 ista

1974 1809 2245 1877 perderet.

2045 1900 2182 1954 llum
2214 1901 2505 1955 Mediolani
2543 1902 2694 1972 degit
2723 1901 3088 1971 Theodosius,
3127 1909 3347 1963 interim
3382 1908 3557 1964 Juda'i

1973 1996 2066 2064 qui
2108 1994 2263 2064 Cpoli
2301 1996 2583 2062 vivebant,
2646 1997 2907 2051 mandato
2968 1997 3229 2054 llonorati
3289 2005 3556 2072 pra-fecti.

1975 2089 2162 2143 multis
2191 2089 2410 2144 talentis
2440 2097 2784 2144 constantem
2813 2089 2863 2143 in
2891 2089 3256 2163 Clialcoprato
3285 2097 3559 2153 :mlificant

1973 2194 2325 2252 synagogam.
2373 2181 2673 2238 Prazfcctus
2698 2197 2726 2236 a
2761 2182 3095 2241 Christianis
3140 2186 3259 2255 ejus
3289 2188 3367 2244 rei
3393 2205 3558 2245 causa

1974 2274 2321 2343 objurgatus,
2354 2281 2545 2344 utpote
2580 2275 2784 2330 Graeca:
2836 2276 3119 2345 religionis
3153 2289 3416 2346 sectator,
3444 2287 3561 2338 ani-

1974 2380 2124 2418 mum
2183 2368 2265 2429 eis
2311 2382 2421 2421 non
2480 2367 2736 2421 advertit.
2777 2368 2965 2439 Itaque
3001 2369 3035 2423 ii
3073 2380 3237 2427 noctu
3283 2389 3400 2429 eam
3437 2377 3563 2447 ign':

1976 2457 2185 2527 injecto
2214 2468 2484 2513 cremant.
2524 2458 2825 2516 Praefectus
2858 2475 2924 2514 eo
2957 2453 3025 2516 de
3063 2462 3208 2517 facto
3234 2469 3299 2520 ad
3330 2468 3566 2538 impera.

1973 2559 2147 2606 torem
2186 2552 2403 2615 scribit,
2437 2552 2590 2607 cives
2640 2567 2943 2619 accusans,
2981 2556 3348 2629 impetratque
3400 2571 3459 2614 ut
3517 2564 3563 2616 ίς

1967 2645 2160 2713 jubeat
2216 2647 2470 2699 mucltari
2521 2646 2670 2701 cives
2704 2655 2758 2700 et
2802 2648 2951 2701 refici
2999 2664 3354 2722 synagogam.
3398 2653 3562 2710 Cives

1972 2752 2131 2806 opem
2168 2738 2441 2792 Ambrosii
2476 2737 2792 2808 implorant.
2822 2739 2870 2793 Is
2901 2756 3025 2794 cum
3058 2740 3220 2812 572
3254 2744 3562 2799 natalitiuin

1970 2827 2181 2882 Christi
2244 2827 2441 2883 festum
2497 2839 2710 2898 tempus
2771 2830 3107 2897 advenisset,
3137 2849 3266 2903 rege
3301 2838 3561 2903 templum

1976 2918 2248 2988 ingresso,
2284 2934 2456 2989 pauca
2481 2921 2732 2991 qurcdam
2776 2923 2842 2978 de
2881 2939 2942 2978 ea
2974 2925 3324 2981 solemnitate
3344 2930 3560 2984 concio-

1975 3018 2139 3065 natus
2171 3011 2432 3080 majorem
2463 3013 2729 3068 orationis
2755 3023 2964 3083 partem
2996 3021 3198 3071 acriter
3227 3018 3564 3090 increpando

1974 3102 2363 3169 imperatorem
2425 3102 2850 3174 insnmpsit,ila
2907 3105 2961 3158 in
3002 3105 3096 3161 Dei
3151 3123 3385 3176 persona
3435 3128 3561 3166 eunt

1898 3229 1941 3287 Ο
1977 3194 2318 3260 compellans
2354 3208 2368 3244 :
2412 3193 2604 3249 Nonne
2638 3204 2690 3250 te
2717 3211 2821 3266 ego
2848 3195 2915 3250 dc
2948 3208 3166 3265 pastore
3194 3200 3399 3265 ovium,
3432 3201 3568 3258 insi-

1977 3283 2261 3338 diantibus
2305 3294 2577 3353 ereptum,
2615 3289 2797 3355 populi
2839 3289 2941 3341 mei
2975 3299 3254 3358 pastorem
3289 3307 3353 3347 ac
3389 3298 3561 3363 impc-

1977 3383 2218 3429 ratorcm
2253 3377 2554 3431 constitui?
2584 3377 2777 3434 Nonne
2808 3388 2972 3451 raput
3009 3395 3160 3436 tuum
3197 3386 3456 3453 squalore
3508 3398 3561 3441 et

1979 3467 2248 3536 pcdiculis
2277 3465 2527 3523 deforme
2577 3483 2747 3524 aurea
2791 3485 2995 3524 corona
3038 3472 3290 3528 redimivi
3317 3490 3380 3529 ac
3405 3476 3562 3530 taenia

1976 3573 2114 3609 auro
2154 3573 2507 3628 purpuraque
2549 3559 2750 3630 insigni
2806 3563 3110 3617 exornavi?
3161 3564 3344 3629 Quare
3397 3566 3567 3637 igitur

1982 3649 2103 3702 Filii
2160 3651 2262 3704 inci
2319 3650 2703 3707 interfectores
2738 3657 2944 3722 primas
2991 3661 3088 3710 tuo
3126 3656 3338 3725 judicio
3381 3668 3566 3716 tenent

1977 3751 2160 3809 partes
2180 3742 2400 3808 ?Quarc
2419 3745 2679 3812 pupulum
2702 3761 2883 3800 meum
2903 3756 2955 3801 et
2982 3749 3352 3805 Itmretlitatcm
3388 3767 3562 3807 meatu

1982 3837 2172 3891 multis
2206 3838 2429 3891 alteris?
2460 3838 2539 3891 Ad
2603 3840 2716 3892 bare
2756 3840 3055 3909 imperator
3085 3860 3097 3896 :
3133 3842 3274 3908 Quid
3316 3846 3453 3915 agis,
3490 3846 3566 3901 in-

1975 3930 2116 3999 quit,
2178 3930 2456 4000 episcopo,
2511 3932 2603 3999 qui
2669 3933 3041 3987 soletnnitatis
3074 3938 3277 3992 omissa
3336 3939 3563 3992 materia

1979 4030 2146 4075 totam
2189 4022 2241 4075 in
2303 4038 2391 4077 me
2443 4022 2639 4093 dirigis
2705 4025 3206 4081 orationem?Non
3272 4030 3562 4084 adversum

1976 4122 2052 4180 te,
2086 4116 2264 4183 inquit
2287 4116 2632 4179 Ambrosius.
2668 4117 2761 4171 sed
2789 4132 2886 4186 pro
2917 4128 2969 4173 te
3000 4120 3100 4173 hoc
3125 4122 3183 4174 lit
3214 4141 3226 4174 :
3259 4122 3390 4192 quid
3418 4124 3562 4178 enim

1975 4207 2199 4275 gravius
2230 4206 2282 4260 in
2307 4206 2654 4263 Christianos
2676 4210 2852 4278 potuit
2881 4211 3047 4265 statui
3076 4228 3240 4281 quam
3266 4223 3322 4267 ut
3344 4215 3565 4269 Judmo-

1976 4314 2097 4352 runt
2151 4315 2461 4370 synagogas
2508 4302 2788 4355 reficiant?
2836 4300 2974 4356 Tum
3027 4303 3566 4361 Theodosius:.lus-

1975 4396 2168 4444 tumne
2200 4406 2333 4461 ergo
2370 4391 2465 4445 tibi
2510 4392 2724 4447 videtur
2761 4396 2980 4449 turbam
3020 4395 3308 4449 hominum
3352 4398 3556 4453 incom‘

1977 4482 2214 4551 positam
2269 4483 2332 4537 in
2378 4484 2526 4554 regia
2593 4485 2729 4539 urbe
2792 4501 2891 4555 pro
2945 4501 3045 4541 sua
3084 4488 3311 4544 libidine
3363 4495 3567 4560 agere?

281 4586 362 4636 λει
394 4580 837 4653 κατεργάζηται;
873 4580 980 4632 Καὶ
1019 4581 1047 4631 ὁ
1078 4579 1426 4650 ’Λμϐρόσιος·
1466 4582 1574 4633 Καὶ
1602 4579 1762 4633 τοῦτο
1793 4582 1869 4634 δί-

1981 4573 2283 4644 Respondit
2310 4576 2635 4633 Ambrosius
2664 4596 2675 4632 :
2700 4578 2841 4645 Quid
2866 4580 2891 4632 ?
2908 4580 3201 4635 Justumnc
3225 4592 3384 4651 putas
3416 4599 3562 4646 esse.

282 4675 437 4727 καιόν
481 4675 620 4732 ἐστι,
670 4670 936 4739 βασιλέων
985 4669 1393 4736 θεοσεϐέστατε,
1438 4672 1621 4725 ἶν’ὲπὶ
1663 4673 1873 4738 πόλεως

285 4762 675 4833 βασιλευούσης
712 4760 959 4813 Ἰουδαῖοι
1014 4759 1370 4829 βλασφήμους
1429 4760 1574 4831 ᾠδὰς
1626 4763 1871 4833 ἀναπέμ-

285 4871 454 4918 ποισῆ
502 4852 595 4922 Μὴ
638 4851 811 4920 τούτῳ
854 4852 1167 4923 στοιχήσῃς,
1216 4851 1480 4919 βασιλέων
1525 4855 1825 4923 πανάριστε
1855 4871 1867 4885 ·

284 4949 340 4998 αἱ
369 4947 477 5017 γὰρ
504 4944 730 4998 ἐκείνων
754 4942 911 5013 εὐχαὶ
943 4940 1289 5012 βλασφημίαι
1316 4944 1413 4996 καὶ
1442 4943 1629 5015 ὕϐρεις
1656 4947 1749 4998 καὶ
1778 4948 1869 5018 ἀῤ-

289 5037 602 5107 ῥητολογίαι
632 5037 984 5107 τυγχάνουσι.
1017 5038 1125 5089 Καὶ
1152 5037 1327 5091 ταῦτα
1357 5038 1607 5106 λέγοντος
1643 5038 1871 5111 Ἀμϐρο-

288 5134 401 5183 σίου
432 5131 646 5199 ἀφῆκεν
674 5130 702 5183 ὁ
736 5128 992 5198 βασιλεὺς
1026 5128 1084 5182 τὸ
1114 5129 1419 5200 ἐπιτίμιον,
1455 5131 1618 5201 νόμον
1650 5130 1873 5203 ἐκθέμε-

287 5240 373 5286 ~.0;
404 5224 479 5292 μὴ
506 5220 955 5293 ἔχεινῚουδαίους
983 5223 1040 5275 ὲν
1067 5221 1347 5292 Βυζαντίῳ
1378 5225 1703 5294 συναγωγὴν
1730 5224 1871 5295 μήτε

288 5315 491 5383 τολμᾷν
521 5311 761 5382 δημοσία
791 5313 1218 5383 προσεύχεσθαι.

371 5406 457 5457 Ἑν
483 5403 696 5466 τούτοις
720 5404 755 5474 ἦ
793 5421 853 5456 τε
885 5403 994 5457 τῶν
1047 5404 1431 5473 Ὀλυμπιάδων
1470 5404 1694 5474 ἀπέσϐη
1739 5423 1875 5458 711v-

288 5500 501 5569 ἠγυρις,
515 5499 636 5571 ἧτις
650 5497 792 5551 κατὰ
810 5495 894 5569 [Ρ.
910 5495 1039 5570 527]
1057 5501 1318 5569 τετραετῆ
1331 5501 1521 5569 χρίνον
1540 5500 1869 5552 ὲπετελεῖτο.

1980 4665 2230 4735 piissime
2261 4665 2585 4735 imperator,
2609 4680 2669 4721 ιιι
2694 4668 2748 4723 in
2779 4670 2913 4724 urbe
2938 4688 3060 4737 quae
3085 4688 3181 4725 arx
3210 4682 3294 4727 est
3326 4674 3562 4744 imperii.

1976 4754 2150 4808 Judazi
2198 4755 2253 4808 in
2303 4755 2473 4810 Deum
2518 4761 2919 4815 contumeliosa
2952 4763 3199 4816 carmina
3232 4762 3565 4819 decantent?

1978 4846 2055 4901 Ne
2083 4846 2187 4901 liae
2218 4847 2301 4899 via
2331 4847 2661 4917 ingrediare,
2691 4853 2895 4920 Optime
2927 4854 3205 4924 princeps.
3245 4855 3558 4912 Iudaeorum

1976 4939 2122 4992 enim
2151 4947 2275 4992 vota
2320 4940 2371 4993 in
2411 4939 2581 4994 Deum
2614 4942 2902 4997 maledicta
2954 4954 3080 4999 sunt
3126 4959 3181 5001 et
3216 4954 3565 5005 contumelia:

1977 5038 2143 5099 atque
2177 5029 2419 5085 infandae
2472 5035 2902 5089 exsecrationes.
2947 5036 3044 5092 llis
3074 5038 3346 5094 Ambrosii
3382 5049 3563 5098 motus

1975 5125 2157 5180 verbis
2209 5123 2508 5194 imperator
2554 5124 2887 5181 Christianis
2938 5129 3165 5183 multam
3216 5132 3448 5196 remisit,
3487 5134 3565 5187 le-

1976 5232 2211 5288 genique
2262 5218 2384 5270 tulit
2439 5233 2510 5272 ne
2544 5216 2717 5273 Judaei
2752 5218 2999 5291 Byzantii
3033 5238 3370 5295 synagogam
3401 5225 3566 5282 babe-

1976 5321 2102 5366 rent
2134 5327 2269 5367 neve
2302 5314 2354 5365 in
2380 5313 2602 5382 publico
2635 5329 2824 5382 preces
2855 5314 3120 5371 facerent.

2052 5403 2213 5475 573
2241 5403 2379 5457 Ttnn
2409 5403 2786 5476 Olympiorum
2836 5406 2999 5464 desiit
3057 5408 3351 5474 festivitas,
3381 5412 3562 5480 quarti

1982 5498 2256 5568 cujusque
2300 5498 2430 5552 anui
2482 5498 2629 5553 exitu
2679 5500 2840 5554 solita
2879 5501 3168 5566 celebrari,
3205 5503 3461 5559 instituta
3497 5519 3566 5560 eo

1414 5654 1768 5711 XYLANDRI
1803 5654 1891 5708 ΕΤ
1923 5655 2134 5711 ΟΟΛΒΙ
2210 5654 2438 5713 NOT/E.

360 5800 467 5868 (ii;
501 5801 558 5857 ln
582 5800 832 5870 margine.
864 5818 877 5855 :
916 5801 1124 5862 Ὄντως
1149 5800 1410 5869 ἐλάλησεν
1440 5801 1681 5853 ἐναντίον
1718 5799 1873 5868 βασι-

293 5866 459 5943 iiut-1;
494 5887 593 5926 και
650 5866 752 5925 οὐκ
805 5870 1091 5943 ᾐσχύνετο.
1124 5866 1330 5928 Alludit
1379 5871 1445 5927 ad
1484 5870 1629 5928 Psal.
1678 5866 1866 5927 civitt.

1988 5800 2090 5927 Scld
2134 5803 2278 5926 quos
2321 5790 2397 5860 de
2424 5804 2738 5862 indictinnis
2770 5802 3019 5876 sequitur
3058 5812 3263 5875 etymo,
3298 5811 3385 5862 est
3433 5804 3566 5862 ridi-

1988 5890 2046 5927 ιιι
2073 5891 2182 5927 um.
2238 5918 2250 5927 .
2285 5889 2363 5927 ιι..

1978 5889 2182 5929 unum.
2238 5889 2363 5928 λιι..
