4214 6450
224 358 329 422 6‘29

227 561 422 626 πάντα,
458 563 544 613 ἵνα
582 563 790 624 πάντας
812 564 1068 634 κερδήσῃ.
1097 565 1205 617 Καὶ
1235 565 1344 634 γὰρ
1406 568 1604 635 σεμνὸν
1662 563 1797 620 εἶναι

225 653 305 704 δεῖ
345 653 436 705 τὸν
475 653 716 706 τοιοῦτον
751 657 847 707 καὶ
873 655 1096 723 ἄτυφον,
1122 657 1219 709 καὶ
1238 657 1469 726 φοϐερὸν
1507 659 1597 710 καὶ
1632 675 1798 728 προσ-

225 746 349 812 ηνῆ,
384 748 478 798 καὶ
510 747 832 816 ἀρχοντικὺν
855 748 949 802 καὶ
981 751 1314 814 κοινωνικὸν,
1349 751 1441 804 καὶ
1501 751 1798 805 ἀδέκαστον

225 837 319 887 καὶ
348 835 764 903 θεραπευτικὸν,
799 838 890 890 καὶ
909 838 1163 891 ταπεινὸν
1194 840 1287 891 καὶ
1337 841 1655 905 ἀδούλωτον,
1707 843 1801 894 καὶ

228 924 454 993 φαιδρὲιν
487 928 579 978 καὶ
609 928 834 996 ἥμερον,
868 929 954 980 ἵνα
982 928 1118 999 πρὸς
1139 928 1311 982 ταῦτα
1349 932 1587 995 ε’·κόλως
1635 933 1802 1002 μάχε-

229 1016 352 1068 σθαι
370 1017 614 1085 δύνηται.
651 1019 860 1073 Οὐκοῦν
897 1021 976 1074 δεῖ
1003 1021 1094 1073 τὸν
1111 1023 1365 1092 ἐνάρετον
1401 1024 1494 1076 καὶ
1533 1025 1802 1095 ἐχέφρονα

229 1108 454 1175 φεύγειν
475 1108 537 1162 τὺ
566 1109 883 1164 κολακεύειν
924 1112 1017 1164 καὶ
1069 1113 1484 1182 κολακεύεσθαι,
1523 1117 1614 1170 καὶ
1667 1118 1802 1187 μήτε

229 1199 548 1262 ἀλαζονικὸν
582 1197 719 1254 εἶναι
754 1203 892 1272 μήτε
928 1203 1156 1264 κόλακα,
1200 1205 1316 1259 ἀλλ’
1343 1206 1668 1277 ἀμφοτέρων
1696 1208 1804 1262 τῶν

231 1291 418 1344 κακῶν
451 1293 654 1344 τούτων
690 1293 937 1356 κολάζειν
958 1296 1056 1366 τὴν
1082 1297 1374 1366 ἀμετρίαν,
1407 1299 1498 1351 καὶ
1523 1299 1804 1370 ἐλεύθερον

229 1377 393 1446 εἶναι,
433 1385 569 1452 μήτε
597 1387 676 1448 εἰς
703 1385 994 1439 αὐθάδειαν
1015 1389 1378 1443 ἀποκλίνοντα
1412 1393 1547 1461 μήτε
1572 1395 1650 1454 είς
1681 1393 1802 1445 δου-

229 1474 562 1541 λοπρέπειαν
589 1478 1024 1534 καταπίπτοντα.
1092 1483 1234 1551 Πρὸς
1267 1484 1366 1554 μὲν
1397 1486 1503 1555 γὰρ
1537 1489 1804 1556 χρηστοὺς

227 1574 481 1622 ταπεινὸν
526 1573 792 1642 ὑπάρχειν
829 1576 956 1646 χρὴ,
1016 1578 1150 1646 πρὸς
1204 1579 1259 1632 δὲ
1317 1581 1540 1650 θρασεῖς
1576 1583 1801 1652 ὕψηλον,

228 1659 462 1728 ἐπείπερ
509 1662 556 1712 οἱ
591 1663 687 1729 μὲν
717 1663 917 1733 ἀρετὴν
940 1660 1076 1718 εἶναι
1120 1667 1217 1736 τὴν
1254 1671 1551 1722 ἐπιείκειαν
1605 1673 1803 1741 ἡγοῦν-

230 1768 344 1812 ται,
381 1752 431 1803 οἱ
462 1752 515 1803 δὲ
565 1752 789 1823 ἀνδρί-αν
826 1756 926 1826 τὴν
981 1756 1312 1827 θρασύτητα.
1372 1763 1658 1826 Κάκείνοις
1707 1767 1804 1833 μὲν

228 1847 329 1904 τὴν
359 1848 866 1918 ταπεινοφροσύνην
918 1850 1037 1904 δέον
1090 1855 1445 1925 προσφέρειν.
1495 1858 1704 1922 τούτοις
1757 1860 1812 1912 δὲ

230 1936 329 2006 τὴν
359 1938 582 2007 ἀνδρίαν
608 1940 965 1994 σδεννύουσαν
995 1944 1177 1997 αὐτῶν
1208 1947 1306 2016 τὴν
1336 1948 1443 2000 ἀπὸ
1470 1950 1567 2017 τῆς
1615 1949 1814 2020 θρασύο

230 2045 393 2096 τητος
431 2029 608 2094 δόξαν,
645 2032 729 2085 ἵνα
762 2034 887 2095 τοὺς
921 2034 1021 2102 μὲν
1042 2035 1319 2110 ὠφελήσῃ,
1354 2041 1462 2092 τῶν
1513 2042 1570 2095 δὲ
1625 2059 1814 2096 ταπειο

233 2119 378 2191 νώαῃ
412 2122 471 2197 τὸ
497 2123 767 2194 φρόνημα.
806 2126 981 2198 Ὅπερ
1013 2125 1106 2182 οὖν
1134 2133 1226 2183 καὶ
1253 2132 1280 2184 δ
1322 2133 1494 2202 μέγας
1539 2136 1814 2200 Βασίλειος

232 2212 405 2279 δηλῶν
436 2213 622 2285 ἔφητὸ
663 2215 757 2268 τοῦ
827 2221 1140 2286 σοφωτάτου
1188 2223 1558 2293 Σολομῶντος·
1613 2229 1815 2298 Καιρος

235 2304 313 2372 τῷ
342 2306 504 2358 παντὶ
536 2308 842 2377 πράγματι,
874 2311 1070 2366 εἰδέναι
1108 2314 1212 2384 χρὴ
1241 2316 1324 2368 ὅτι
1373 2317 1468 2370 καὶ
1493 2326 1818 2390 ταπεινότη-

235 2413 326 2458 τος
351 2399 442 2449 καὶ
466 2398 735 2463 ἐξουσίας,
768 2403 860 2453 καὶ
895 2402 1119 2472 ἐλέγχου
1150 2407 1244 2460 καὶ
1278 2409 1696 2479 παρακλήσεως,
1724 2413 1817 2464 καὶ

239 2489 453 2552 φειδοῦς
497 2493 590 2543 καὶ
621 2493 955 2563 παρρησίας,
984 2499 1078 2551 καὶ
1121 2500 1494 2569 χρηστότητος
1533 2503 1630 2554 καὶ
1673 2505 1819 2558 ἀπο-

233 2581 450 2648 τομίας,
485 2584 576 2634 καὶ
621 2585 956 2650 ἁπαξαπλῶς
1018 2591 1210 2658 καιρός
1256 2594 1372 2643 ἐστι
1415 2594 1615 2656 παντὸς
1671 2597 1816 2664 πρά-

236 2691 445 2739 γματος
471 2677 621 2738 ἴδιος,
655 2676 794 2729 ὥστε
852 2681 980 2732 ποτὲ
1045 2683 1143 2749 μὲν
1184 2683 1253 2736 τά
1295 2688 1394 2754 τῆς
1432 2687 1819 2756 ταπεινότητος

243 2765 512 2816 δεικνύειν
559 2769 651 2819 καὶ
713 2770 997 2837 μιμεῖσθαι
1035 2773 1092 2825 ἐν
1125 2775 1453 2828 ταπεινώσει
1511 2779 1578 2830 τὰ
1633 2779 1818 2832 παιδία

240 2857 378 2907 κατὰ
413 2856 512 2925 τὴν
559 2857 846 2928 Κυριακὴν
873 2861 1077 2932 φωνὴν,
1104 2865 1233 2916 ποτὲ
1263 2866 1316 2918 δὲ
1343 2871 1409 2937 τῇ
1458 2868 1675 2940 ἐξουσίᾳ
1733 2887 1820 2922 κεο

243 2947 499 3016 χρῆσθαι,
529 2949 597 3018 ἢν
623 2950 824 3003 ἔδωκεν
857 2953 883 3004 ό
910 2953 1112 3024 Κύριος
1139 2957 1217 3018 είς
1245 2959 1532 3028 οἰκοδομὴν
1574 2960 1665 3012 καὶ
1719 2963 1819 3013 οὐκ

242 3042 320 3099 εἰς
351 3039 691 3108 καθαίρεσιν,
729 3043 857 3096 ὅταν
903 3045 936 3112 ἡ
985 3045 1142 3114 χρεία
1191 3047 1421 3117 ὲπιζητῇ
1463 3049 1561 3118 τὴν
1603 3053 1820 3121 παρρη-

244 3134 500 3194 σίαν,καὶ
535 3135 590 3184 ὲν
633 3135 809 3204 καιρῷ
870 3135 968 3203 μὲν
1030 3138 1428 3208 παρακλήσεως
1483 3140 1542 3194 τὸ
1587 3144 1820 3212 χρηστὸν

240 3221 632 3282 ἐνδείκνυσθαι,
664 3226 721 3276 έν
761 3225 941 3293 καιρῷ
968 3226 1021 3278 δὲ
1049 3229 1354 3296 ἁποτομίας
1396 3229 1486 3282 τὸν
1519 3231 1681 3294 ζῆλον
1728 3236 1819 3301 ἐμ-

239 3314 470 3378 ταίνειν,
507 3314 603 3367 καὶ
634 3313 718 3382 ἐφ’
749 3316 978 3369 ἑκάστου
997 3318 1112 3384 ⁴τῶν
1151 3319 1325 3372 ἄλλων
1357 3321 1557 3389 ὁμοίως
1605 3323 1696 3375 τὸν
1725 3325 1817 3376 ἐκ·

241 3422 425 3472 κριτον
459 3406 552 3458 καὶ
573 3407 782 3460 δίκαιον
817 3406 1077 3477 λογισμὸν
1111 3410 1518 3480 ἀποφέρεσθαι·
1571 3414 1820 3483 λογισμοὶ

243 3500 346 3563 γὰρ
375 3496 602 3549 δικαίων
635 3498 903 3568 κρίματα.
959 3500 1068 3552 Καὶ
1092 3500 1156 3570 δὴ
1188 3503 1280 3554 καὶ
1314 3503 1341 3554 ὁ
1369 3503 1626 3572 θεοφόρος
1691 3507 1818 3559 ’1σὶ-

239 3591 409 3658 Euripo;
445 3589 539 3642 καὶ
566 3589 659 3641 τοῦ
688 3590 960 3661 μακαρίου
988 3594 1245 3663 φοιτητὴς
1294 3597 1424 3648 ποτὲ
1481 3598 1626 3666 λέγει
1660 3616 1672 3629 ·
1714 3599 1756 3649 Τ
1761 3600 1819 3653 ὸν

242 3684 328 3750 ιι).
358 3679 484 3751 551]
518 3683 755 3752 ἄρχοντα
787 3683 881 3735 καὶ
920 3683 1125 3752 ἀγαθὸν
1163 3683 1398 3740 εἶναιδεῖ
1435 3690 1527 3741 καὶ
1559 3690 1816 3759 φοϐερὸν,

245 3771 309 3822 ἵν’
329 3775 378 3824 oI
407 3775 506 3842 μὲν
547 3772 607 3826 εὖ
626 3773 868 3842 βιοῦντες
896 3775 1171 3846 θαρροῖεν,
1203 3779 1253 3829 οἱ
1301 3779 1358 3831 δὲ
1414 3780 1817 3849 ἁμαρτάνοντες

241 3865 468 3916 ὁκνοῖεν.
499 3864 739 3934 Θάτερον
787 3867 894 3936 γὰρ
935 3867 1164 3938 θατέρου
1197 3873 1363 3939 χωρὶς
1401 3873 1634 3940 ἀναρχία
1686 3873 1820 3941 μᾶλ-

247 3954 329 4004 λόν
350 3956 499 4004 ἐστιν
532 3952 562 4022 ἢ
605 3954 766 4024 ἀρχή.
803 3955 862 4008 EI.
894 3957 992 4025 μὲν
1017 3958 1125 4027 γὰρ
1156 3959 1356 4021 πάντες
1386 3957 1525 4030 ἦσαν
1549 3963 1820 4026 εὐπειθεῖς

247 4047 337 4097 καὶ
391 4044 694 4115 φιλάρετοι,
750 4047 1085 4117 ἀγαθότητος
1127 4050 1236 4102 ἔδει
1297 4052 1484 4120 μόνης,
1548 4055 1594 4105 εί
1633 4055 1685 4106 δὲ
1709 4055 1820 4122 φιλ-

247 4139 651 4206 αμαρτὴμονες,
688 4138 877 4205 φόϐου.
909 4139 1128 4210 Ἐπειδὴ
1151 4141 1206 4193 δὲ
1229 4143 1466 4209 ἀγαθοὺς
1490 4145 1581 4196 καὶ
1656 4163 1820 4216 πονη-

247 4233 366 4296 ροὺς
430 4230 644 4300 ἀνάγκη
671 4221 753 4281 ’ὲν
789 4232 901 4293 τοῖς
934 4231 1258 4302 ἀρχομένοις
1316 4230 1474 4296 εἶναι,
1533 4238 1822 4308 ἀμφότερα

249 4320 688 4389 μεταχειριστέον
717 4320 795 4390 τῷ
828 4321 1051 4391 ἄρχοντι
1075 4325 1167 4376 καὶ
1212 4327 1618 4397 προϊσταμένῳ,
1678 4329 1740 4381 ἵν’
1789 4332 1820 4400 ἡ

252 4413 345 4478 μὲν
378 4411 654 4480 άγαθότης
680 4410 911 4482 στηρίζῃ
949 4414 1074 4475 τοὺς
1111 4415 1347 4481 ἀγαθοὺς
1379 4418 1472 4469 καὶ
1517 4419 1820 4488 σώφρονας,

1283 367 1327 424 Π
1343 369 1354 423 1
1371 365 1816 425 ξςτυιιιιιιιυλι
1857 365 1898 422 C
1927 365 2002 424 ηι
2019 366 2293 426 ΙἚΝΜΠ
2310 370 2380 426 .‘sI.

223 471 461 524 τοσαῦτα
517 470 756 540 κύματα,
823 472 957 541 πρὸς
1020 477 1079 526 τὸ
1140 476 1390 541 γενέσθαι
1427 480 1534 539 τοῖς
1576 477 1802 530 πᾶσιτᾶ

1917 482 2136 547 unperio
2191 491 2433 535 utentem
2472 521 2484 542 ,

3366 369 3478 433 630

2548 480 3076 546 communicantcm,
3134 485 3475 552 corruptelas

1913 582 2280 640 respuentem,
2325 571 2639 626 demcrcndi
2703 587 2955 641 gnarum,
3001 573 3280 637 Ιιυιιιίιιιηι,
3312 575 3475 628 animi

1913 679 2255 732 nequaquam
2307 665 2549 730 obnoxii,
2580 665 2806 719 hilarem
2849 679 2912 719 ac
2966 675 3361 730 mansuetum,
3423 676 3481 719 ut

1911 767 2098 809 contra
2133 756 2234 809 ista
2268 771 2508 826 pugnare
2540 757 2790 827 expedite
2828 758 3021 827 possit.
3065 757 3206 827 Ergo
3238 761 3328 826 qui
3368 758 3478 810 vir—

1917 855 2032 900 tute
2063 847 2322 915 praeditus
2354 854 2438 901 est
2467 861 2530 901 ac
2558 847 2840 912 cordatus,
2897 847 2944 901 is
2970 861 3164 900 cavere
3213 849 3372 902 debet
3412 863 3481 900 ne

1912 939 1996 992 vel
2028 939 2239 992 adulari
2271 953 2332 994 se
2367 939 2515 996 sinat
2555 940 2641 994 vel
2686 940 2825 995 alios
2877 938 3164 1002 aduletur;
3198 948 3252 992 et
3307 955 3482 1006 neque

1914 1046 2177 1100 arrogans
2207 1046 2333 1086 esse
2361 1045 2540 1100 neque
2588 1031 2860 1092 adulator.
2898 1031 2994 1086 sed
3042 1030 3281 1085 medium
3338 1030 3479 1082 intra

1913 1133 2207 1192 utrumque
2249 1124 2436 1178 vitium
2476 1137 2695 1178 servare
2727 1122 2976 1177 libertate
3007 1129 3240 1182 retenta.
3300 1122 3372 1174 ita
3425 1129 3483 1172 ut

1913 1230 2090 1283 neque
2120 1216 2184 1269 ad
2211 1215 2554 1271 insolentiam
2583 1214 2820 1269 declinet
2836 1229 3011 1282 neque
3034 1213 3258 1267 serviles
3301 1227 3482 1265 mores

1912 1307 2186 1362 admittat.
2214 1306 2425 1376 Quippe
2455 1321 2582 1374 erga
2618 1306 2792 1360 bonos
2822 1305 3180 1366 submissum,
3218 1320 3344 1373 erga
3400 1304 3480 1356 fe-

1914 1406 2070 1445 roces
2099 1391 2302 1444 clatum
2339 1409 2397 1446 se
2431 1401 2579 1458 gerat
2618 1406 2756 1460 opus
2795 1399 2898 1452 est,
2957 1405 3078 1443 cum
3123 1390 3198 1443 illi
3253 1390 3480 1456 atquita-

1913 1489 2018 1534 tem
2037 1496 2132 1548 pro
2155 1480 2371 1543 virtute,
2397 1481 2450 1533 hi
2480 1478 2731 1535 ferociam
2755 1495 2855 1545 pro
2878 1480 3193 1534 fortitudine
3224 1479 3482 1533 habeant.

1912 1572 2038 1628 Ideo
2100 1571 2206 1626 illis
2258 1572 2558 1627 tractandis
2611 1572 2916 1627 adhibenda
2965 1580 3049 1627 est
3103 1572 3272 1626 animi
3328 1587 3480 1641 qua:-

1913 1667 2035 1719 dam
2071 1665 2351 1728 demissio,
2380 1665 2462 1720 his
2491 1675 2667 1718 autem
2702 1663 2990 1728 fortitudo,
3021 1678 3141 1730 quae
3165 1678 3353 1718 eorum
3404 1663 3482 1716 fe-

1916 1772 2070 1810 roces
2102 1757 2329 1824 spiritus
2356 1755 2632 1824 reprimat,
2665 1771 2772 1824 quo
2806 1765 2856 1808 et
2905 1755 3013 1809 illis
3053 1755 3220 1823 prosit
3260 1763 3313 1807 et
3364 1754 3482 1806 ani-

1917 1863 2036 1902 mos
2057 1849 2249 1901 horum
2280 1847 2519 1916 dejiciat.
2541 1847 2683 1901 Idem
2708 1847 2939 1902 Basilius
2955 1849 3178 1916 Magnus
3210 1845 3484 1902 indicans.

1917 1939 2227 1993 Salomonis
2258 1938 2440 1994 verbis
2467 1948 2651 1992 monet
2689 1940 2743 1991 in
2776 1938 2924 1992 omni
2959 1954 3016 1991 re
3048 1952 3201 1991 suam
3244 1953 3364 1991 esse
3389 1937 3472 1987 vel

1917 2030 2262 2095 humilitatis,
2293 2032 2374 2085 vel
2393 2031 2667 2094 elationis,
2701 2030 2785 2083 vel
2810 2029 3209 2098 obiurgationis
3237 2029 3319 2081 vel
3349 2042 3451 2080 con
3473 2058 3485 2065 -

1917 2122 2225 2188 solationis,
2248 2121 2333 2176 vel
2371 2122 2719 2191 indulgentim
2748 2122 2830 2176 vel
2858 2120 3182 2183 severitatis,
3213 2119 3297 2173 vel
3345 2119 3482 2172 leni-

1919 2214 2046 2268 tatis
2075 2215 2157 2268 vel
2222 2215 2589 2278 austeritatis,
2637 2216 2772 2268 etin
2828 2228 3042 2268 summa
3100 2211 3345 2280 cujusvis
3408 2210 3486 2264 rei

1918 2321 2071 2361 suam
2119 2309 2604 2376 opportunitatem.
2639 2307 2824 2376 Itaque
2882 2319 3272 2374 nonnunquam
3326 2313 3485 2357 uten-

1917 2399 2044 2454 dum
2081 2407 2164 2454 est
2207 2398 2542 2453 demissione
2602 2400 2792 2463 animi,
2853 2398 3312 2466 puernlorumqne
3367 2395 3498 2446 imi»

1923 2492 2084 2545 tanda
2157 2490 2478 2554 humilitas,
2547 2490 2689 2544 sicut
2766 2489 3032 2542 Dominus
3103 2487 3404 2540 monuit"
3470 2504 3480 2538 :

1921 2581 2214 2652 aliquando
2263 2589 2532 2652 potestate
2577 2581 2838 2635 utendum
2883 2589 2968 2633 est
3019 2593 3181 2648 quam
3225 2577 3486 2630 Dominus

1920 2675 2215 2740 concessit,
2254 2675 2319 2726 ad
2346 2672 2746 2733 aediﬁcandum,
2799 2671 3001 2725 nonad
3059 2669 3486 2731 demoliendum,

1921 2781 2044 2821 cum
2087 2766 2338 2820 libertate
2370 2779 2508 2832 opus
2533 2772 2636 2816 est.
2677 2762 2753 2815 Ita
2793 2770 2848 2816 et
2901 2762 2990 2816 ubi
3053 2759 3486 2816 consolationem

1922 2867 2136 2926 tempus
2172 2856 2431 2922 requiret,
2470 2854 2778 2922 benignitas
2810 2851 3139 2916 exercenda,
3183 2858 3240 2906 et
3281 2851 3488 2905 severi-

1922 2958 2085 3003 tatem
2109 2947 2399 3002 occasione
2429 2948 2758 3015 postnlante,
2778 2946 2980 3002 serium
3002 2944 3222 3013 pietatis
3246 2943 3488 2999 studium

1923 3041 2409 3096 demonstrandum
2455 3037 2617 3108 580
2648 3047 2733 3092 est
2779 3056 2792 3092 :
2857 3038 3217 3106 silniliterqne
3275 3037 3491 3090 cmtcris

1924 3134 2178 3189 omnibus
2210 3148 2267 3187 re
2291 3143 2546 3186 accurate
2570 3142 2622 3186 et
2647 3131 2794 3200 juste
2850 3130 3196 3185 considerata
3229 3128 3488 3182 uten-lum

1924 3234 2025 3280 est.
2065 3224 2198 3278 Nam
2224 3225 2582 3294 cogitationes
2635 3223 2912 3291 justorum
2957 3221 3163 3292 judicia
3197 3229 3344 3274 sunt.
3381 3217 3487 3272 Sed

1922 3317 2216 3371 etdivinus
2264 3315 2529 3379 Isidorus,
2571 3314 2664 3383 qni
2695 3313 2988 3380 aliquando
3037 3310 3347 3378 discipulus
3381 3307 3484 3361 l'nit

1922 3409 2291 3478 Chrysostomi
2330 3449 2343 3470 ,
2399 3406 2728 3475 Principum,
2793 3406 2968 3475 inquit
3053 3413 3106 3458 et
3193 3403 3486 3468 benignum

1923 3517 2045 3556 esse
2078 3509 2294 3571 oportet
2353 3510 2408 3554 et
2469 3499 2794 3565 terribilem,
2837 3506 2896 3552 ut
2935 3497 3027 3567 qui
3079 3506 3226 3552 recte
3281 3495 3489 3560 vivunt,

1923 3595 2086 3648 rebus
2125 3593 2387 3659 tidant,et
2410 3592 2501 3662 qui
2539 3591 2663 3645 mali
2690 3601 2835 3657 sunt,
2873 3591 3190 3660 delinquere
3226 3593 3489 3642 metuant.

1929 3684 2060 3738 Nam
2102 3684 2146 3739 si
2203 3685 2394 3738 horum
2449 3685 2770 3737 alterutrum
2838 3681 2999 3743 absit,
3047 3694 3157 3735 non
3201 3677 3490 3746 imperium

1931 3788 2038 3843 est,
2080 3777 2174 3832 sed
2227 3775 2496 3830 conlusio.
2564 3774 2621 3828 Si
2690 3774 2834 3829 enim
2909 3787 3100 3827 omnes
3177 3769 3492 3825 obedientes

1922 3877 2107 3927 essent
2141 3883 2206 3922 ac
2229 3869 2419 3922 virtuti
2466 3867 2656 3932 dediti,
2683 3866 2786 3922 soli
2829 3865 2979 3920 locus
3015 3864 3207 3919 luisset
3239 3863 3490 3928 benigni-

1921 3966 2016 4018 tati
2047 3984 2059 4018 :
2095 3964 2140 4019 si
2176 3977 2368 4016 omnes
2394 3959 2598 4024 vitiosi,
2638 3961 2757 4013 solo
2785 3967 2992 4011 terrore
3024 3971 3162 4024 opus
3187 3962 3324 4008 erat.
3355 3953 3493 4018 Quia

1925 4069 2104 4111 autem
2139 4071 2386 4110 necesse-
2418 4064 2503 4108 est
2549 4051 2895 4107 subditorum
2947 4049 3084 4103 alios
3123 4062 3245 4102 esse
3297 4046 3492 4107 bonos,

1924 4150 2060 4201 alios
2100 4147 2295 4210 malos,
2326 4152 2541 4214 oportet
2583 4144 2882 4213 principem
2922 4149 3154 4209 utraque
3179 4153 3234 4193 re
3290 4140 3494 4193 instru-

1926 4251 2072 4295 ctum
2113 4255 2258 4301 esse,
2295 4245 2354 4290 ut
2385 4246 2439 4292 et
2473 4237 2805 4306 benignitate
2831 4249 2928 4288 sua
2972 4234 3145 4288 bonos
3180 4246 3244 4286 ac
3308 4231 3496 4286 mode.-

1924 4343 2039 4386 stos
2079 4330 2384 4392 conﬁrmet,
2421 4339 2472 4382 et
2505 4342 2534 4380 a
2590 4325 2870 4396 peccando
2923 4325 3050 4378 mali
3091 4322 3488 4377 deterreantur.

1929 4424 2072 4488 Haec,
2117 4435 2172 4476 ut
2204 4430 2449 4491 apparet,
2503 4427 2557 4474 et
2596 4421 2789 4473 horum
2827 4417 3026 4470 similia
3079 4416 3394 4484 ignorantes
3443 4422 3496 4466 et

247 4506 270 4553 ὁ
305 4504 360 4555 δὲ
408 4504 574 4570 φόϐος
613 4503 1022 4572 προαναστέλλῃ
1053 4504 1156 4556 τῶν
1213 4508 1487 4560 κακίστων
1546 4513 1614 4562 τὰ
1655 4513 1816 4564 πταί-

1931 4527 2073 4570 recte
2101 4513 2418 4566 discernere
2445 4527 2508 4564 ac
2532 4512 2670 4564 inter
2701 4524 2760 4564 se
2793 4521 3113 4577 comparare
3149 4506 3479 4565 nescientes,

253 4611 445 4661 τματα.
479 4593 666 4646 Ταῦτα
695 4593 896 4658 τοίνυν,
932 4594 1007 4656 ὡς
1030 4596 1226 4663 ἔοικεν,
1260 4599 1580 4665 ἀγνοοῦντες
1611 4605 1707 4656 καὶ
1749 4606 1816 4660 τὰ

246 4686 443 4739 τούτων
484 4686 646 4753 ὅμοια
682 4688 756 4755 μὴ
782 4687 963 4749 καλῶς
1000 4689 1360 4759 ἐπιστάμενοι
1398 4691 1673 4761 διακρῖναι
1730 4699 1822 4750 καὶ

254 4779 533 4846 συγκρῖναι
560 4776 608 4827 oi
642 4775 830 4844 ἐχθροὶ
854 4777 946 4829 τοῦ
983 4778 1270 4832 θεσπεσίου
1321 4782 1565 4836 Ἰωάννου
1613 4787 1821 4855 ἀλόγως

249 4870 337 4918 καὶ
363 4868 608 4936 ἀνοήτως
637 4867 859 4936 ἐμίσουν
893 4868 1053 4923 αὑτὸν
1086 4872 1180 4926 καὶ
1207 4871 1483 4927 διέὸαλ).ον
1506 4875 1581 4939 ὡς
1615 4865 1820 4946 τραχύν

253 4977 363 5011 τινα
392 4961 486 5012 καὶ
522 4958 759 5028 ὀργίλον.

319 5051 406 5102 Διὸ
432 5051 500 5109 δὴ
525 5051 783 5104 καὶκατὰ
819 5051 1095 5119 γυναικῶν
1131 5057 1158 5107 ὁ
1201 5054 1453 5128 Ἰωάννης
1504 5061 1588 5112 ἐπ’
1622 5063 1822 5130 ἐκκλη-

258 5140 367 5203 σίας
387 5141 544 5208 λόγον
563 5140 897 5205 ἐπεδείξατο,
931 5143 989 5194 ὃν
1008 5145 1057 5195 oi
1087 5144 1374 5212 δυσμενεῖς
1420 5149 1538 5201 κατ’
1568 5150 1822 5217 Εύδοξίας

258 5232 500 5299 εἰρῆσθαι
528 5233 898 5302 θρυλήσαντες
925 5235 1101 5306 ταύτῃ
1150 5237 1239 5289 τὸν
1279 5238 1436 5306 λόγον
1502 5243 1817 5312 εἰσήγαγον.

267 5322 322 5371 'II
351 5322 406 5372 δὲ
442 5323 578 5391 πρὸς
616 5323 905 5393 Ἀρκάδιον
969 5326 1064 5378 καὶ
1125 5326 1313 5389 δεινῶς
1360 5331 1686 5384 πεπονθέναι
1738 5333 1821 5384 λέ-

257 5428 419 5476 γουσα
478 5415 622 5467 κατὰ
666 5414 927 5468 Ἰωάννου.
959 5416 1146 5469 τοῦτον
1215 5419 1559 5490 παρώτρυνε.
1635 5423 1820 5493 Παρα-

262 5505 504 5568 τκευάζει
552 5506 609 5557 δὲ
680 5507 1081 5576 μετασῖαλῆναι
1133 5509 1393 5578 Θεόφιλον
1426 5514 1500 5576 ὡς
1557 5516 1818 5584 πρόδηλον

258 5593 437 5664 ἐχθρὸν
466 5597 556 5648 τοῦ
600 5597 848 5650 Ἰωάννου
883 5599 1197 5669 ὑπάρχοντα
1224 5618 1234 5630 ·
1268 5601 1325 5664 ὃς
1381 5608 1817 5677 παραγενόμενος

261 5688 312 5734 εν
340 5690 394 5756 τῇ
426 5689 574 5755 Apri-5.
602 5691 665 5757 τῇ
692 5689 782 5741 νῦν
807 5691 1206 5760 ἰὀυφινιαναίς
1266 5695 1358 5766 τὴν
1386 5699 1522 5751 κατα
1591 5701 1816 5754 Iomku

329 5801 364 5827 "
413 5797 598 5853 Matth.
641 5816 793 5853 viui.

1928 4606 2133 4662 inimici
2200 4604 2430 4659 Joannis
2480 4602 2859 4672 Chrysostomi
2915 4600 3153 4653 absurde
3200 4607 3255 4652 et
3311 4599 3493 4666 inepte

1926 4713 2048 4751 eum
2094 4697 2221 4750 odio
2283 4696 2630 4759 habuerunt,
2687 4706 2750 4746 ac
2817 4691 3129 4746 calumniati
3193 4699 3322 4745 sunt
3372 4697 3493 4742 tan-

1927 4803 2093 4857 quam
2122 4801 2377 4855 asperum
2410 4791 2462 4838 et
2509 4783 2852 4836 iracundum.

1997 5057 2255 5112 Oratione
2288 5056 2340 5107 in
2370 5053 2628 5107 mulieres
2647 5052 2896 5104 invectus
2927 5035 3206 5118 pro‘sacra
3224 5047 3493 5103 concione

1926 5153 2101 5204 fuerat
2145 5147 2588 5215 Chrysostomus.
2635 5141 2766 5195 Eam
2805 5141 2983 5196 aemuli
3034 5141 3317 5210 vulgantes
3370 5153 3494 5194 esse

1927 5243 1981 5295 in
2017 5238 2322 5292 Eudoxiam
2359 5235 2688 5298 institutam,
2711 5248 2823 5288 rem
2848 5231 2915 5286 ad
2939 5234 3112 5302 ipsam
3139 5232 3491 5295 detulerunt;

1925 5344 2084 5399 atque
2115 5345 2176 5383 ea
2210 5327 2352 5396 apud
2389 5326 2640 5380 maritum
2672 5326 2963 5378 Arcadium
3001 5334 3194 5393 questa
3230 5323 3493 5393 gravibus

1924 5435 1982 5472 se
2013 5416 2259 5471 allectam
2287 5415 2505 5485 injuriis
2537 5430 2661 5468 eum
2703 5415 2757 5468 in
2780 5414 3236 5483 Chrysostomum
3259 5425 3491 5481 exaspe-

1927 5511 2084 5571 rnvit,
2114 5509 2372 5577 deditque
2408 5521 2627 5577 operam
2670 5515 2731 5561 ut
2793 5505 3130 5575 Theophilus
3175 5518 3489 5559 accersere-

1925 5615 2033 5666 tur,
2065 5601 2388 5655 manifestus
2426 5597 2795 5668 Chrysostomi
2831 5597 3026 5651 hostis.
3083 5594 3130 5649 Is
3161 5609 3286 5649 cum
3328 5593 3489 5648 adve-

1927 5697 2110 5758 nisset,
2147 5696 2199 5747 in
2239 5693 2474 5759 Quercu,
2511 5694 2601 5764 qui
2630 5695 2778 5748 locus
2830 5705 2971 5744 nunc
3013 5690 3314 5744 IluliuianJ:
3353 5688 3460 5744 dici
