4214 6450
209 421 323 488 645

1300 416 1664 478 HISTORIA
1679 416 1846 476 RUM
1887 416 2411 478 COM‘PENIHUM.

3366 422 3470 487 646

211 537 313 606 τῆς
344 531 663 606 βασιλίσσης
692 530 826 601 (58).
887 527 1049 584 Ὅθεν
1082 529 1266 583 πολλοὶ
1316 531 1425 581 τῶν
1486 529 1795 592 Βυζαντίων

1901 536 2199 585 orationem
2246 549 2364 584 eum
2397 532 2723 586 confirmare
2760 533 3013 595 sttnlcus,
3052 531 3255 602 ubique
3296 534 3475 605 impu-

211 624 616 698 ἐταράχθησαν.
657 622 716 676 '0
746 624 804 676 δὲ
855 622 1151 693 Νεστόριος
1194 621 1285 674 τὸν
1335 620 1492 689 λόγον
1549 622 1796 692 κυρῶσαι

215 718 464 773 σπεύδων
500 714 781 785 πανταχοῦ
810 712 909 785 τὴν
938 712 1132 768 ἑαυτοῦ
1177 713 1380 782 μιαρὰν
1411 712 1677 785 φλυυρὲαν
1711 712 1794 775 ἐξ·

213 810 400 874 ἐϐαιλε,
435 807 591 878 ψιλὸν
617 806 904 876 ἄνθρωπον
954 806 1141 874 λέγων·
1159 806 1249 859 τὸν
1280 804 1503 875 Κύριον.
1572 806 1661 857 Ἐν
1702 808 1800 877 μιᾷ

129 907 141 928 ’-
222 901 280 955 δὲ
309 901 567 972 Κυριακῇ
597 897 1075 968 προκαθεζομένου
1120 897 1417 968 Νεστορίου
1463 902 1801 968 προτραπεὶς

216 990 462 1060 Πρόκλος
492 987 603 1059 (59)
629 985 723 1039 τοῦ
754 985 1126 1054 ἐξηγήσασθαι
1151 979 1306 1038 εἶπεν
1344 985 1562 1038 enim
1588 985 1668 1046 είς
1700 984 1799 1053 τὴν

214 1081 496 1140 θεοτὸκον.
520 1074 586 1150 ἦς
613 1079 646 1148 ἠ
672 1077 837 1147 ἀρχή·
870 1073 1179 1145 Παρθενικῂ
1202 1076 1504 1145 πανήγυρις
1534 1075 1795 1142 σήμερον,

216 1170 459 1239 ἀδελφοί.
486 1169 621 1221 Τότε
649 1167 876 1238 μισητὸς
906 1167 1125 1232 ἐγένετο
1149 1165 1299 1235 παρά
1328 1166 1493 1218 πᾶσιν
1548 1165 1576 1215 ὀ
1604 1163 1799 1216 δυσσε-

217 1264 318 1335 ϐὴς
349 1261 644 1331 Νεστὸριος
677 1259 764 1312 διὰ
794 1257 962 1327 τῦφον
994 1259 1088 1311 καὶ
1113 1258 1498 1312 κακοπιστίαν.
1534 1250 1661 1326 Εἶχε
1694 1258 1802 1326 γὰρ

228 1357 585 1411 Ἀναστάσιόν
613 1372 735 1407 τινα
757 1351 1132 1422 πρεσϐύτερον
1168 1349 1465 1420 Ἀντιοχέα,
1491 1348 1550 1401 ὃν
1597 1348 1803 1417 στόδρα

217 1451 584 1520 περιεποιεῖτο
630 1448 706 1509 ὡς
727 1446 1003 1517 ὁμόφρονα
1058 1443 1227 1509 ἄνδρα
1277 1443 1371 1495 καὶ
1426 1438 1802 1510 τολμηρότατα

217 1543 305 1596 ἐπ’
335 1540 629 1610 ἐκκλησίας
654 1538 1078 1607 βλασφημοῦντα
1120 1538 1221 1609 τὴν
1268 1534 1628 1605 ἀειπαρθένον
1666 1533 1797 1585 Θεο-

215 1633 398 1685 τὸκον.
434 1631 637 1684 Τούτου
658 1630 715 1683 δὲ
747 1629 1004 1692 Εὑσέόιος
1044 1631 1073 1683 ό
1097 1628 1194 1681 τοῦ
1241 1627 1513 1697 Δορυλάου
1581 1625 1801 1694 πρῶτον

217 1724 498 1773 κατεῖπεν.
535 1717 725 1782 Οὕτως
751 1719 808 1773 δὲ
853 1719 1322 1790 διαπραττόμενος
1370 1717 1599 1779 πολλοὺς
1643 1713 1800 1787 θορύ-

215 1813 345 1875 ϐους
362 1814 549 1882 ἥτειρε
580 1812 670 1863 καὶ
700 1812 963 1882 ταραχάς.
1016 1810 1108 1880 Τῷ
1149 1810 1194 1862 δ’
1236 1809 1384 1880 αὐτῷ
1440 1809 1551 1862 ἔτει
1604 1807 1699 1861 καὶ
1740 1807 1802 1860 τὸ

215 1903 452 1973 φοϐερὸν
502 1901 687 1972 θαῦμα
726 1902 836 1956 τῶν
907 1901 1079 1968 ἀγίων
1126 1902 1265 1955 ἑπτὰ
1321 1899 1529 1954 παίδων
1586 1899 1696 1951 τῶν
1742 1899 1801 1952 ὲν

228 1994 439 2061 Ἐφέσῳ
461 1993 705 2061 γέγονεν,
742 1992 1088 2048 ἀναστάντων
1130 1990 1310 2045 αὐτῶν
1352 1990 1439 2044 διὰ
1489 1990 1681 2044 ἑκατὸν
1713 1988 1804 2042 ἐϐ-

214 2086 529 2156 δομήκοντα
558 2085 789 2156 χρόνων.

290 2177 383 2247 Τῷ
432 2176 507 2229 κδ’
562 2175 833 2246 Κύριλλος
887 2175 1303 2249 Ἀλεξανδρείας
1336 2176 1430 2230 καὶ
1473 2175 1801 2239 Κελεστῖνος

231 2268 450 2338 Ῥώμης
507 2268 779 2337 γράφουσι
830 2267 1113 2338 Νεστορίῳ
1148 2266 1491 2336 ἀποσχέσθαι
1545 2266 1646 2335 μὲν
1694 2266 1802 2318 τῶν

214 2361 669 2430 διεστραμμένων
724 2358 1011 2428 δογμάτων
1054 2358 1147 2409 καὶ
1206 2358 1304 2425 τῆς
1356 2355 1524 2425 ὀρθῆς
1566 2355 1801 2417 πίστεως

214 2451 560 2520 ἀντέχεσθαι,
594 2452 641 2502 εί
676 2450 733 2501 δὲ
766 2448 862 2519 μὴ.
894 2447 970 2516 μὴ
1001 2442 1140 2499 εἶναι
1174 2445 1341 2498 αὑτὸν
1379 2445 1693 2498 κοινωνικὸν
1724 2447 1800 2497 ίειο

219 2541 340 2609 ρέα.
387 2540 549 2591 Ἀλλὰ
585 2539 678 2593 καὶ
709 2536 856 2589 ἄλλοι
884 2537 1026 2598 τινὲς
1081 2536 1283 2606 ὁμοίως
1337 2535 1486 2605 αὐτῷ
1532 2534 1801 2603 ἔγραψαν.

216 2632 390 2692 Αὐτὸς
419 2630 475 2682 δὲ
502 2631 531 2682 ὁ
551 2630 866 2699 Νεστόριος,
903 2629 1063 2696 γνοὺς
1088 2629 1172 2681 ὅτι
1194 2628 1295 2680 οὐκ
1317 2627 1603 2696 ἀνέχονται
1626 2642 1803 2697 παρα-

217 2721 518 2789 σιωπῆσαι,
570 2719 952 2790 παρεσκεύασε
984 2719 1077 2770 τὸν
1126 2717 1353 2788 βασιλέα
1406 2717 1615 2786 γράψαι
1664 2717 1801 2786 πρὸς

217 2812 493 2879 Κύριλλον
516 2812 728 2879 σάκραν
755 2809 870 2879 (60)
900 2808 1199 2880 δειμάτων,
1234 2809 1329 2862 καὶ
1356 2798 1445 2881 [Ρ.
1465 2807 1594 2880 559]
1629 2808 1802 2861 δοκῶν

216 2904 383 2957 αὐτὸν
406 2902 471 2954 ὲκ
500 2912 688 2955 τούτου
724 2904 951 2953 κτυπεῖν
981 2900 1181 2970 μᾶλλον
1201 2900 1470 2970 διήγειρε.
1532 2900 1645 2951 Καὶ
1666 2900 1805 2968 γρόι⁴

216 3013 308 3064 φει
338 2994 416 3065 τῷ
458 2993 669 3064 βασιλεῖ
700 2993 793 3046 καὶ
818 2995 939 3053 ταῖς
961 2991 1152 3044 τούτου
1182 2991 1441 3058 ἀδελφαῖς
1472 2991 1599 3059 περί
1621 3007 1680 3042 τε
1705 2991 1802 3059 τῆς

213 3088 385 3157 ὀρθῆς
429 3086 665 3147 πίστεως
708 3083 804 3136 καλ⁸
853 3083 952 3150 τῆς
992 3080 1290 3151 Νεστορίον
1325 3078 1660 3144 κακοδοξίας,
1714 3080 1795 3129 at.

1907 639 2021 677 tatu
2060 638 2214 675 suam
2248 624 2628 692 loquacitatem
2664 623 2921 690 proludit,
2955 623 3236 679 Christum
3270 626 3472 682 nudum

1908 714 2183 767 honinem
2249 714 2529 767 dictitans.
2567 712 2813 777 Quodam
2872 712 3160 769 Dominico
3203 713 3296 768 die
3349 729 3474 768 cum

1901 804 2185 860 Nestorius
2242 804 2575 874 praesideret,
2659 802 2890 857 Proclus
2954 804 3025 857 ad
3090 806 3477 874 exponendum

1902 899 2176 953 excitatus
2210 896 2517 949 orationem
2547 894 2736 947 habuit
2764 895 2833 949 de
2857 892 2950 949 Dei
2991 894 3294 958 chitrice,
3315 897 3477 965 cujus

1903 988 2122 1042 initium
2155 1004 2168 1041 :
2214 986 2407 1047 Hodie,
2462 985 2682 1049 fratres,
2707 993 3010 1039 conventus
3042 987 3220 1053 agitur
3249 986 3318 1040 de
3352 985 3480 1039 Vir-

1904 1093 2050 1146 grue.
2104 1080 2178 1128 Ex
2209 1091 2274 1129 eo
2294 1076 2503 1129 invisus
2539 1092 2661 1130 esse
2722 1077 2981 1130 omnibus
3017 1077 3221 1147 itnpius
3280 1075 3477 1133 Nesto-

1905 1170 2021 1224 rius
2046 1169 2117 1223 ob
2150 1168 2352 1223 fastum
2376 1175 2430 1222 et
2450 1168 2648 1221 malam
2680 1169 2868 1223 fidem.
2899 1167 3142 1223 Habebat
3163 1169 3308 1222 enim
3333 1171 3479 1221 Ana-

1905 1259 2133 1313 stasium
2161 1258 2451 1327 quemdam
2472 1258 2850 1329 presbyterum
2870 1259 3300 1324 Antiochenum,
3315 1275 3478 1329 quem

1907 1349 2064 1403 valde
2086 1349 2186 1403 sibi
2213 1350 2542 1405 conciliabat
2563 1360 2622 1404 ιιι
2657 1365 2841 1404 secum
2867 1350 3193 1406 sentientem
3221 1352 3478 1406 audacis-

1906 1440 2157 1508 simeque
2175 1440 2230 1495 in
2268 1441 2499 1495 ecclesia
2532 1439 2738 1507 Virgini
2765 1440 3137 1497 DeiGenitrici
3160 1442 3475 1496 obtrectan-

1908 1543 2044 1586 tem.
2109 1532 2266 1586 Hune
2320 1533 2530 1601 primus
2568 1534 2907 1602 oppugnavit
2940 1533 3480 1590 serutoneEuscbius

1910 1608 2115 1678 Dorilai
2150 1627 2461 1694 episc0pns.
2500 1624 2594 1679 Sic
2624 1639 2807 1680 autem
2842 1634 3108 1680 tractatus
3137 1626 3337 1682 multas
3359 1635 3479 1682 tur-

1908 1717 2007 1771 bas
2040 1717 2208 1772 dedit.
2271 1716 2473 1772 Eodem
2542 1732 2688 1773 anno
2710 1716 2910 1787 Ephesi
2936 1718 3069 1772 illud
3098 1719 3345 1773 terribile
3375 1718 3476 1772 mi-

1907 1809 2155 1862 raculum
2187 1808 2388 1861 accidit
2436 1818 2645 1877 septem
2683 1810 3118 1878 puerorum,qni
3157 1804 3226 1863 de
3253 1824 3475 1871 somno,

1906 1896 2068 1951 annis
2096 1904 2382 1967 postquam
2397 1899 2864 1956 obdormivissent
2879 1908 3096 1956 centum
3112 1901 3476 1971 septuaginta,

1905 1998 2290 2047 surrexerunt.

1972 2164 2134 2219 Auno
2157 2162 2228 2219 24
2251 2163 2490 2235 Cyrillus
2515 2164 2860 2221 Alexandriae
2882 2175 2935 2221 et
2951 2164 3258 2221 Celestinus
3296 2165 3479 2222 Roma:

1901 2255 2143 2325 episcopi
2160 2254 2471 2309 Nestorium
2493 2272 2585 2323 per
2604 2257 2817 2313 litteras
2841 2257 3136 2311 hortantur
3159 2269 3239 2320 ut,
3260 2258 3481 2313 omissis

1903 2346 2178 2417 perversis
2198 2348 2570 2416 opinionibus.
2600 2363 2784 2402 veram
2826 2348 2987 2419 594
3008 2348 3162 2402 fidem
3182 2350 3479 2418 amplecta-

1902 2449 1992 2493 tur
2030 2458 2041 2492 :
2078 2441 2282 2509 alioqui
2326 2454 2435 2494 non
2469 2440 2587 2494 fore
2636 2459 2761 2494 eum
2816 2444 2868 2494 in
2895 2451 3041 2495 coetu
3105 2442 3475 2497 sacerdotum.

1907 2528 2262 2600 Scripserunt
2298 2531 2391 2585 alii
2434 2547 2654 2602 quoque
2695 2532 2761 2585 ad
2827 2549 2948 2586 eum
2988 2533 3042 2586 in
3074 2532 3319 2588 eamdem
3351 2549 3477 2589 sen-

1905 2624 2152 2681 tentiam.
2230 2620 2545 2686 Nestorius,
2606 2622 2918 2692 intelligens
2982 2639 3076 2679 eos
3136 2638 3481 2693 nequaquam

1903 2712 2195 2776 tacituros,
2253 2715 2575 2783 imperatori
2632 2714 2927 2782 persuadet
2986 2723 3047 2767 ut
3100 2713 3168 2767 ad
3220 2713 3481 2785 Cyrillum

1902 2803 2106 2856 scribat
2129 2818 2341 2855 sacram
2363 2803 2676 2873 epistolam,
2700 2818 2876 2872 eaque
2899 2820 3021 2859 eum
3047 2804 3345 2860 deterreat.
3362 2805 3478 2872 Qua

1901 2910 1961 2948 re
1989 2910 2113 2947 cum
2154 2909 2213 2948 se
2239 2892 2501 2965 Cyrillum
2535 2904 2753 2965 putaret
2801 2911 2964 2966 posse
3010 2898 3328 2967 percellere,
3360 2914 3481 2951 ma-

1902 2987 1983 3054 gis
2024 2985 2188 3040 etiam
2251 2986 2528 3040 excitavit.
2571 2987 2803 3055 Scripsit
2861 2988 3008 3042 enim
3068 2996 3182 3042 tum
3235 2989 3476 3060 Cyrillus

1901 3077 1966 3131 ad
2002 3078 2386 3146 imperatorem
2412 3088 2468 3133 et
2492 3093 2717 3134 sorores
2752 3081 2818 3133 de
2849 3094 2976 3134 vera
3010 3079 3111 3134 fide
3146 3088 3201 3135 et
3244 3080 3482 3136 Nestorii

215 3178 481 3248 τούμενος
512 3177 631 3246 ἅμα
698 3175 792 3228 καὶ
835 3173 1053 3227 σύνοδον
1097 3172 1484 3241 οἰκουμενικὴν
1545 3170 1799 3236 γενέσθαι

1904 3169 2055 3224 falsis
2078 3171 2451 3240 opinionibus,
2470 3172 2742 3241 simulque
2770 3171 3168 3225 memnenicnm
3185 3173 3482 3227 concilium

216 3273 296 3333 εἰς
337 3268 397 3322 τὸ
437 3265 821 3337 γυμνασθῆναι
861 3265 1163 3326 κανονικῶς
1207 3266 1274 3316 τὰ
1295 3264 1435 3315 κατὰ
1482 3262 1803 3330 Νεστόριον.

217 3359 311 3430 Τῷ
336 3366 412 3413 κε’
443 3360 624 3411 τοίνυν
654 3355 1008 3425 ὲνιαυτῷτῆς
1049 3353 1328 3408 Θεοδοσίου
1355 3352 1632 3422 βασιλείας
1684 3353 1715 3420 ἡ
1750 3355 1808 3404 ἐν

228 3453 441 3520 Ἐφέσῳ
500 3449 631 3517 ἁγία
688 3450 782 3501 καὶ
836 3445 1192 3516 οἱκουμενικὴ
1241 3443 1401 3514 τρίτη
1450 3443 1669 3505 σύνοδος
1700 3444 1808 3495 τῶν

216 3539 295 3592 σλν
331 3539 592 3607 Πατέρμυν
617 3535 1003 3606 συνηθροίσθη,
1058 3534 1251 3604 χρόνον
1301 3533 1509 3600 ἄγουσα
1548 3533 1658 3585 ἀπὸ
1705 3532 1807 3599 μὲν

214 3633 317 3700 τῆς
376 3627 640 3697 δευτέρας
693 3633 805 3695 μα’,
857 3625 967 3678 ἀπὸ
1006 3624 1063 3677 δὲ
1107 3624 1340 3685 κτίσεως
1378 3624 1584 3691 κόσμου
1632 3622 1804 3688 ,ετειεκ

214 3715 323 3784 Ἦς
353 3716 524 3790 ἦρχον
548 3716 812 3786 Κύριλλος
870 3714 1303 3786 Ἀλεξανδρείας,
1354 3714 1413 3776 ὃς
1469 3714 1800 3767 Κελεστίνου

214 3814 380 3869 πάπα
419 3811 643 3880 Ῥώμης
692 3808 785 3862 τὸν
820 3808 985 3861 τόπον
1029 3808 1224 3870 διεῖπε,
1295 3806 1390 3858 καὶ
1454 3805 1806 3867 ἰουϐενάλιος

225 3902 641 3975 Ἱεροσολύμων,
690 3900 939 3965 λέγοντος
995 3896 1089 3949 τοῦ
1146 3897 1466 3966 καταράτου
1509 3896 1803 3965 Nec-topica

218 3995 293 4062 μὴ
312 3989 454 4044 εἶναι
479 3988 732 4043 θεοτόκον
770 3986 869 4056 τὴν
903 3985 1187 4048 Θεοτόκον,
1247 3984 1383 4038 ἀλλά
1416 3985 1803 4054 Χριστοτόκον,

217 4084 311 4133 καὶ
349 4080 445 4133 δύο
478 4079 629 4140 υἱοὺς
659 4076 752 4130 ἐπὶ
773 4077 867 4128 τοῦ
888 4076 1009 4138 ἐνὸς
1042 4074 1279 4145 Χριστοῦ
1313 4074 1408 4128 τοῦ
1455 4074 1591 4125 Θεοῦ
1639 4076 1807 4143 μυθο-

215 4170 503 4237 λογοῦντος
532 4166 624 4219 καὶ
641 4166 734 4218 δύο
776 4166 1126 4228 ὑποστάσεις,
1180 4165 1274 4216 καὶ
1310 4163 1470 4216 ἄλλον
1522 4164 1620 4232 μὲν
1664 4158 1806 4215 εἶναι

213 4264 304 4314 τὸν
322 4262 498 4326 Λόγον
528 4259 617 4310 τὸν
642 4258 707 4309 ὲκ
728 4257 823 4309 τοῦ
857 4254 1067 4325 Πατρὸς
1118 4254 1466 4324 γεννηθέντα,
1516 4254 1699 4324 ἕτερον
1748 4253 1805 4305 δὲ

213 4353 302 4401 τὶν
321 4351 389 4401 ὲκ
434 4347 653 4417 Μαρίας
690 4346 951 4415 τεχθέντα
978 4344 1291 4414 ἄνθρωπον,
1323 4345 1465 4397 κατά
1531 4347 1713 4413 σχέσιν
1751 4344 1804 4397 δὲ

215 4441 490 4495 ἐνωθέντα
520 4439 611 4491 τὸν
643 4437 777 4490 Θεὸν
814 4437 1006 4505 Λόγον,
1039 4435 1134 4488 καὶ
1166 4435 1476 4505 ὁμωνύμως
1504 4438 1598 4488 καὶ
1640 4437 1803 4488 αὑτὸν

1913 3263 2067 3332 prtiit
2089 3262 2289 3332 colligi.
2326 3264 2378 3316 in
2416 3279 2525 3333 quo
2555 3279 2723 3318 causa
2746 3261 3482 3320 Nestoriicauonicediscubi

1915 3367 2121 3422 posset.
2183 3352 2371 3423 Itaque
2434 3355 2695 3409 vicesimo
2742 3355 2936 3423 quinto
2990 3369 3135 3408 anno
3185 3353 3482 3409 Theodosii

1911 3442 2125 3510 imperii
2160 3453 2347 3495 sancta
2379 3452 2433 3496 et
2470 3442 2811 3497 eecumeuica
2880 3444 3040 3496 tertia
3089 3444 3332 3513 synodus
3376 3443 3481 3497 Pa-

1909 3540 2052 3584 trum
2085 3531 2191 3584 230
2236 3532 2436 3600 Ephesi
2493 3533 2647 3595 coiit,
2724 3548 2870 3587 anno
2933 3542 3057 3601 post
3108 3534 3339 3603 primam
3388 3534 3479 3601 41,

1909 3638 2053 3675 anno
2081 3624 2267 3675 tnundi
2299 3622 2462 3679 5915.
2499 3622 2842 3678 Prtel'neruut
2867 3624 3108 3693 Cyrillus
3139 3627 3481 3681 Alexandriae

1908 3714 2223 3782 episcopus,
2280 3713 2458 3767 locum
2518 3714 2777 3768 Cclestini
2810 3731 2959 3785 papa:
2993 3715 3221 3772 Rotttaui
3256 3726 3478 3784 tenens,

1907 3814 1961 3858 et
2011 3803 2292 3860 Juvenalis
2329 3806 2836 3877 Hierosolymorum
2894 3808 3211 3877 episcOpus.
3238 3809 3481 3881 Negabat

1908 3897 2247 3952 detestabilis
2283 3895 2569 3952 Nestorius
2630 3896 2856 3952 Mariam
2917 3915 3040 3955 esse
3092 3901 3185 3954 Dei
3243 3902 3482 3956 Genitri-

1906 4000 2047 4044 cem.
2105 3986 2198 4040 sed
2240 3987 2466 4047 Christi,
2513 4002 2576 4040 ac
2605 3986 2746 4041 duos
2781 3989 2848 4042 de
2871 3989 3034 4043 unico
3077 3990 3297 4046 Christo
3337 3992 3478 4048 ﬁlius

1910 4073 2002 4127 Dei
2053 4074 2307 4143 fingebat,
2352 4076 2601 4144 duasque
2640 4078 2940 4133 inChristo
2975 4095 3263 4149 personas,
3298 4081 3481 4137 diver-

1908 4182 2023 4219 sam
2060 4164 2221 4220 Verbi
2255 4182 2319 4220 ex
2369 4166 2478 4221 Deo
2504 4166 2667 4223 Patre
2701 4172 2838 4235 nati,
2886 4174 3047 4226 aliam
3118 4173 3356 4229 hominis
3413 4175 3482 4230 de

1909 4258 2074 4310 Maria
2117 4259 2261 4324 nati;
2302 4271 2549 4328 respectu
2606 4271 2787 4315 autem
2823 4264 3054 4331 quodam
3106 4267 3319 4320 unitum
3352 4267 3481 4321 huic

1909 4348 2170 4414 Verbum,
2217 4351 2604 4421 hominemque
2630 4356 3030 4410 communitate
3048 4357 3294 4412 vocabuli
3313 4360 3478 4413 etiam

1909 4441 2102 4495 Fiiium
2132 4442 2404 4510 usurpari.
2431 4441 2607 4508 Ilunc,
2642 4460 2766 4498 cum
2788 4459 2818 4498 a
2852 4446 3091 4502 concilio
3122 4455 3350 4504 vocatus
3370 4465 3477 4504 non

213 4533 511 4601 λεγόμενον
530 4530 675 4582 Υίόν.
697 4527 899 4581 Τοῦτον
942 4525 1350 4597 προσκληθέντα
1387 4544 1459 4580 πα
1470 4525 1535 4596 ρὰ
1556 4527 1652 4593 τῆς
1678 4544 1801 4578 συν-

1910 4532 2727 4599 comparuisset,ecclesiasticis
2745 4537 2996 4591 censuris
3014 4537 3479 4607 proscripserunt,

212 4623 335 4675 ὁδου
369 4622 465 4675 καὶ
487 4621 562 4690 μὴ
593 4621 981 4687 ἀπαντήσαντα
998 4616 1468 4685 ὲκκλησιαστικῶς
1497 4616 1801 4670 καθελοῦσα

211 4715 284 4775 ὡς
338 4714 419 4783 μὴ
474 4713 776 4781 θελήσαντα
813 4713 924 4773 τοῖς
976 4709 1158 4777 ὀρθοῖς
1210 4710 1451 4778 δόγμασι
1510 4708 1800 4763 συνθέσθαι

211 4804 611 4874 ἀνεθεμάτισεν
644 4815 659 4830 ⁸
698 4801 795 4856 καὶ
848 4800 1231 4871 ἐχειροτονήθη
1279 4800 1621 4871 Μαξιμιανὸς
1664 4817 1801 4869 πρε-ο

213 4896 479 4966 σὸύτερος
506 4897 604 4964 τῆς
622 4893 790 4962 αὐτῆς
815 4892 1073 4963 Μεγάλης
1104 4892 1422 4963 ἐκκλησίας.
1454 4893 1600 4946 Μίαν
1621 4892 1677 4945 δὲ
1707 4891 1800 4945 τοῦ

212 4984 458 5057 Χριστοῦ
499 4986 593 5038 καὶ
621 4982 759 5037 Θεοῦ
791 4984 951 5055 ἡμῶν
981 4984 1103 5037 καθ’
1140 4983 1332 5036 ἕνωσιν
1362 4985 1659 5038 ὑπόστασιν
1704 4988 1797 5037 καὶ

212 5078 306 5132 δύο
321 5078 520 5147 φύσεις
544 5076 730 5145 σαφῶς
746 5075 1091 5146 ἐδογμάτισε,
1113 5074 1204 5129 τὸν
1221 5074 1383 5129 αὑτὸν
1403 5071 1543 5130 εἶναι
1556 5075 1690 5128 Θεὸν
1705 5076 1800 5130 καὶ

212 5170 529 5241 ἄνθρωπον,
565 5169 661 5223 καὶ
685 5168 784 5239 τὴν
825 5167 987 5236 ἀγίαν
1029 5168 1247 5240 Μαρίαν
1279 5169 1483 5238 κυρίως
1533 5169 1628 5220 καὶ
1668 5167 1802 5238 ἀλη-

214 5262 318 5324 θῶς
346 5262 633 5315 Θεοτόκον.
666 5261 921 5330 Ἰωάννης
948 5260 1005 5313 δὲ
1040 5262 1069 5312 ὁ
1126 5260 1456 5330 Ἀντιοχείας
1498 5258 1800 5322 ἐπίσκοπος

1910 4621 2092 4689 utqui
2121 4622 2376 4676 assentiri
2412 4638 2556 4676 verte
2593 4623 2713 4678 fidei
2744 4634 3046 4689 recusaret,
3110 4627 3355 4697 Ejusque
3421 4631 3479 4682 in

1907 4714 2086 4767 locum
2123 4712 2366 4768 delectus
2399 4724 2482 4768 est
2537 4713 2921 4783 Maximianus,
2977 4716 3181 4788 Magna:
3221 4717 3482 4774 Ecclesia:

1910 4804 2215 4875 presbyter.
2297 4801 2439 4857 ldem
2496 4804 2799 4860 concilium
2852 4809 3230 4876 pronuntiavit
3276 4808 3480 4864 unione

1908 4901 2227 4947 naturarum
2254 4892 2307 4945 iu
2339 4891 2559 4949 Christo
2588 4898 2806 4948 unicam
2838 4910 2959 4952 esse
2992 4911 3305 4967 personam,
3330 4896 3478 4952 duas

1908 4991 2174 5049 naturas;
2205 4982 2458 5037 eumdem
2498 4998 2622 5039 esse
2672 4984 2831 5055 595
2859 4985 3025 5039 Deum
3056 4997 3111 5041 et
3156 4987 3429 5043 hominem
3461 5003 3481 5051 ;

1904 5074 2127 5128 Mariam
2183 5062 2412 5143 proprie.
2452 5082 2507 5127 et
2574 5089 2701 5129 vere
2787 5092 2909 5131 esse
2967 5076 3060 5131 Dei
3122 5077 3454 5133 Genitricem

1905 5166 2146 5220 Joannes
2173 5174 2355 5220 autem
2397 5166 2702 5222 Antiochia:
2741 5170 3058 5239 episcopus,
3091 5186 3214 5225 cum
3249 5170 3315 5225 ad
3346 5186 3478 5225 con-

1909 5258 2100 5313 cilium
2157 5256 2409 5314 Nestorio
2468 5259 2578 5328 jam
2640 5259 2902 5316 damnato
2955 5262 3219 5325 venisset,
3288 5260 3481 5316 ascitis

1331 5440 1692 5497 XYLANDRI
1732 5440 1821 5496 ΕΤ
1852 5442 2064 5499 GOARI
2103 5442 2337 5498 NOTAE.

285 5559 400 5627 (38)
442 5554 650 5611 Rhetor
686 5555 994 5626 Nicephoro
1036 5573 1147 5627 xw,
1181 5556 1270 5610 52.
1307 5554 1441 5608 Χγι..
1474 5582 1546 5627 τ-
1574 5555 1614 5609 E
1646 5554 1797 5608 scho-

213 5624 442 5692 iaribu's,
459 5628 712 5695 Augustae
733 5624 930 5680 domus
949 5626 1293 5688 custodibus,
1314 5641 1477 5680 unus.
1498 5624 1570 5679 De
1587 5627 1795 5681 schoiis

216 5696 560 5752 laneirollus
592 5697 656 5750 ad
693 5695 957 5749 Notitiam
983 5697 1190 5764 imperii
1220 5711 1267 5750 c.
1291 5710 1445 5750 um.
1476 5695 1649 5750 Gem.

284 5767 401 5833 t59)
432 5767 617 5835 (Σγεὶοἰ
665 5767 766 5818 fuit
814 5768 1131 5835 episcopus,
1167 5774 1220 5820 et
1270 5766 1513 5834 Byzantii
1569 5766 1794 5819 honoris

218 5836 391 5905 lauto}
423 5852 590 5892 causa
622 5839 925 5891 orationem
962 5852 1172 5892 sacram
1202 5837 1266 5890 ad
1299 5837 1556 5906 pupulum
1586 5837 1794 5900 habuit,

1948 5555 2141 5610 rmside
2167 5555 2439 5612 Nestorio.
2482 5555 2615 5611 Vide
2651 5556 2940 5626 Niceplmr.
2968 5555 3112 5610 Idem
3145 5557 3209 5613 de
3238 5556 3479 5615 Eusebio

1954 5626 2447 5696 urylmiepiscopo,
2500 5644 2612 5691 xw,
2647 5630 2735 5687 Η,
2772 5641 2824 5679 ct
2855 5627 3117 5694 Evagrius
3167 5643 3202 5688 ι,
3233 5629 3285 5681 9.
3346 5626 3475 5685 Χτι..

1976 5694 2089 5762 (60)
2124 5694 2215 5749 Sic
2254 5694 2542 5764 aliquoties
2576 5708 2846 5750 Vocantur
2871 5698 3043 5749 edicta
3086 5697 3372 5764 imperator
3400 5716 3477 5753 nn

1906 5766 1969 5817 de.
2029 5766 2194 5818 rebus
2252 5770 2656 5820 ecclesiasticis.
2698 5772 2751 5819 In
2782 5768 3174 5820 reclesiastit'is
3226 5768 3475 5824 historiis

1903 5835 2110 5889 divalcs
2143 5851 2330 5891 sacras
2364 5837 2742 5893 ttozninaricus
2767 5837 3070 5893 observavi.
3110 5835 3243 5890 th..
