4214 6450
749 377 853 436 δῦ

2047 373 2371 434 GEORGII
2412 374 2749 436 CEDRENI

3897 393 4006 458 6-l8

760 488 1041 559 episcopis
1071 489 1159 556 qui
1194 501 1380 544 secum
1417 498 1696 552 vencraut,
1732 488 1787 541 iu
1811 489 2010 557 quibus
2046 488 2321 543 fuitetiam

2439 491 2576 557 μετὰ
2611 491 2706 561 τὴν
2731 491 3028 560 Νεστορίου
3058 492 3382 562 καθαίρεσιν
3432 497 3865 569 καταλαμϐάνει,
3917 510 4009 561 καὶ

748 579 1116 633 Theodoritus
1154 579 1277 649 Tyri
1317 591 1370 634 ct
1400 581 1522 634 lbas
1558 581 1776 635 Edessa:
1828 583 2094 650 episcopi,
2153 581 2326 651 Cyril-

750 671 943 724 lumet
997 671 1336 724 Memnonem
1383 671 1579 741 Ephesi
1615 671 1930 742 episcopum
1974 674 2323 734 condemnat,

746 765 897 830 quod
923 776 1018 816 eos
1048 771 1359 816 autumaret
1385 769 1576 814 contra
1607 776 1849 817 canones
1874 761 2131 816 Ecclesiae
2161 776 2326 832 syno-

751 857 881 905 dum
943 855 1272 909 instituisse.
1305 854 1540 924 Cyrillus
1578 870 1700 907 cum
1725 853 1842 908 suis
1874 866 2067 907 eorum
2101 862 2220 906 acta
2264 860 2322 905 ut

750 944 1032 1012 illegitima
1061 955 1112 999 et
1183 944 1423 998 absurda
1473 943 1906 1014 reprehendunt.
1962 943 2041 997 ita
2075 951 2190 996 tum
2252 943 2324 995 ab

748 1035 1287 1111 Ephesiuaconcilio
1312 1036 1695 1102 discrepantes
1727 1035 1981 1089 abierunt
2013 1031 2321 1088 Orientales

745 1132 804 1176 et
834 1124 1108 1193 Egyptii.
1179 1125 1286 1180 Sed
1327 1124 1613 1193 postmodo
1661 1139 1758 1179 eos
1789 1124 2158 1194 imperatorio
2189 1138 2321 1177 con-

753 1219 996 1270 cordiam
1041 1219 1272 1286 redegit,
1299 1217 1587 1284 eﬂ'ecitque
1635 1223 1697 1268 ut
1739 1215 2047 1270 Orientales
2104 1227 2321 1283 quoque

747 1309 944 1380 Ephesi
985 1313 1139 1366 factae
1164 1326 1302 1363 vene
1338 1311 1460 1365 lidei
1493 1309 1824 1379 expositioni
1848 1309 2226 1363 consentirent
2255 1321 2318 1361 ac

744 1403 1083 1456 damnationi
1131 1401 1391 1462 Nestorii,
1434 1401 1725 1469 epistolam
1757 1414 1820 1453 ea
1857 1401 1922 1454 de
1943 1414 2002 1453 re
2052 1399 2316 1467 scriptam

744 1495 813 1547 ad
869 1492 1272 1547 Alexandrinos
1306 1508 1400 1561 per
1454 1491 1680 1544 Paulum
1738 1489 1946 1544 Emesa:
1993 1491 2316 1560 episcopum

743 1587 1048 1638 mittentes.
1088 1582 1372 1637 Nestorius
1427 1594 1607 1634 autem
1671 1580 1857 1637 Oasim
1905 1592 1987 1635 est
2025 1581 2315 1648 relegatus,

742 1685 840 1729 aut
869 1676 1040 1729 utalii
1079 1673 1324 1739 tradunt,
1377 1675 1430 1727 in
1467 1673 1764 1728 Thassum.
1817 1671 1912 1725 lbi
1953 1686 2077 1725 cum
2129 1672 2315 1724 divina

743 1769 982 1820 vindicta
1048 1766 1282 1835 arripuit
1332 1783 1345 1818 :
1405 1779 1528 1818 nam
1581 1762 1911 1833 putrefactio
1959 1761 2142 1815 omnia
2192 1762 2314 1830 ejus

2429 581 2690 652 λυπηθεὶς
2748 585 2830 636 ὅτι
2879 585 3047 655 χωρὶς
3111 585 3275 639 αὑτοῦ
3355 589 3631 661 καθῃρέθη
3684 591 4005 666 Νεστόριος,

2433 671 2766 737 παραλαῦὼν
2793 674 2917 736 τοὺς
2945 675 3301 739 συνελθόντας
3349 680 3496 749 αὐτῷ
3539 684 3892 749 ἐπισκόπους,
3954 692 4008 740 ἐν

2423 755 2508 822 οἷς
2535 757 2602 830 ἦν
2636 764 2728 814 καὶ
2756 763 3103 833 Θεοδώρητος
3160 767 3337 838 Τύρου
3371 772 3666 835 ἐπίσκοπος
3713 778 3807 829 καὶ
3854 780 4005 843 Ἵῆας

2439 852 2717 922 Ἐδέσσης,
2741 855 3060 925 καθαίρεσιν
3086 859 3421 929 ὑπαγορεύει
3455 865 3547 916 τοῦ
3582 868 3640 918 ἐν
3662 869 3839 936 ἁγίοις
3895 874 4003 925 Κυο

2425 943 2607 1012 ρίλλου
2634 947 2727 998 καὶ
2751 947 3034 1015 Μέμνονος
3080 951 3174 1002 τού
3243 953 3506 1020 Ἐφεσίων
3569 960 3869 1014 ἐπισκόπου
3930 965 4005 1028 ὠς

2421 1037 2574 1105 παρὰ
2592 1036 2681 1088 τὸν
2704 1039 2902 1092 κανόνα
2918 1041 3016 1108 τῆς
3047 1042 3245 1112 Ἐκκλη
3255 1043 3375 1106 σίας
3389 1050 3727 1118 ποιησάντων
3749 1053 3850 1124 τὴν
3877 1071 4000 1106 σύν-

2419 1124 2559 1178 οδον.
2579 1127 2641 1177 Oi
2670 1127 2728 1179 δὲ
2757 1132 2884 1195 περὶ
2919 1131 3187 1201 Κύριλλον
3220 1134 3526 1204 μέμφονται
3560 1139 3632 1203 ὡς
3672 1142 3886 1212 ἄθεσμα
3909 1147 4004 1199 καὶ

2421 1214 2600 1274 ἄτοπα
2633 1218 2700 1270 τὰ
2729 1218 2861 1288 παρ’
2886 1221 3064 1274 αὐτῶν
3095 1226 3361 1294 γενόμενα
3388 1243 3401 1256 ·
3434 1232 3529 1281 καὶ
3565 1231 3734 1296 οὕτως
3763 1235 3872 1288 ἀπὸ
3901 1242 4002 1308 τῆς

2436 1306 2702 1373 Ἐφεσίων
2733 1310 3119 1380 διαφερόμενοι
3143 1316 3395 1387 ἀλλήλοις
3420 1321 3707 1391 διέστησαν
3733 1327 3788 1378 οἶ
3812 1345 3869 1378 τε
3904 1306 4003 1382 ἀί-

2418 1398 2660 1450 ατολικοὶ
2691 1401 2782 1450 καὶ
2812 1403 2864 1453 oi.
2891 1402 3372 1470 Δίγύπτιοι.Μετὰ
3387 1409 3443 1462 δὲ
3469 1411 3639 1464 ταῦτα
3669 1417 3870 1487 σπουδῇ
3906 1422 4001 1472 τοῦ

2421 1487 2690 1555 βασιλέως
2725 1491 3035 1561 ἠνὼθησαν,
3073 1501 3537 1569 συμφωνήσαντες
3559 1503 3651 1555 καὶ
3709 1507 3760 1556 oi
3807 1512 4001 1561 ἀνατο-

2421 1579 2560 1632 λικοὶ
2601 1584 2664 1652 τῇ
2717 1584 3002 1656 ὲκτεθείσῃ
3039 1588 3096 1638 ὲν
3135 1589 3350 1661 Ἐφέσῳ
3378 1592 3643 1664 ὀρθοδόξῳ
3699 1597 3876 1651 πίστει
3904 1603 4000 1653 καὶ

2417 1675 2482 1740 τῇ
2519 1675 2660 1726 κατὰ
2689 1675 2988 1746 Νεστορίου
3023 1679 3363 1749 καθαιρέσει,
3402 1685 3679 1755 ἔγγραφον
3705 1690 3999 1761 ἐπιστολὴν

2418 1767 2532 1825 τοῖς
2609 1766 3016 1840 Ἀλεξανδρεῦσι
3090 1773 3181 1826 διὰ
3250 1774 3460 1828 Παύλου
3531 1780 3627 1833 τοῦ
3691 1783 3997 1836 ἐπισκόπου

742 1862 988 1914 membra
1025 1861 1248 1922 invasit,
1277 1857 1512 1911 maxime
1550 1857 1791 1927 linguam
1830 1857 1952 1923 ejus
1985 1857 2308 1921 scelestam;

2430 1859 2668 1929 Ἐμέσης
2707 1861 3154 1930 ἀποστείλαντες.
3202 1871 3494 1938 Νεστόριος
3522 1872 3580 1925 δὲ
3608 1874 3875 1948 ἐξωρίσθη
3914 1880 3997 1940 είς

743 1971 847 2020 qua
871 1954 984 2007 Arii
1002 1954 1248 2020 exemplo
1272 1953 1515 2020 punitus,
1537 1957 1801 2018 quantum
1825 1949 1998 2017 potuit
2018 1950 2268 2001 clamavit
2294 1965 2307 1998 :

741 2046 1015 2099 Hactenus
1047 2043 1204 2098 nobis
1226 2058 1553 2112 persuasum
1599 2059 1704 2095 non
1769 2049 1853 2095 est
1902 2039 2126 2093 Mariam
2185 2055 2312 2094 esse

741 2138 831 2190 Dei
869 2135 1227 2190 Genitricem.

2421 1951 2612 2044 Ὄασιν
2638 1953 2772 2022 (61),
2803 1954 2949 2008 ἄλλοι
2982 1957 3039 2010 δὲ
3063 1961 3385 2029 γράφουσιν,
3420 1964 3475 2016 ὲν
3507 1967 3573 2035 τῇ
3605 1965 3821 2038 Θὰσσῳ,
3869 1971 3928 2022 ὲν

2415 2043 2512 2094 καὶ
2573 2047 2984 2114 καταλαμϐάνει
3031 2051 3263 2121 αὐτὸνὴ
3323 2054 3444 2107 θεία
3499 2055 3643 2128 δίκη,
3705 2043 3997 2130 σηπεδόνος

2416 2132 2526 2185 τῶν
2559 2135 2738 2202 μελῶν
2770 2139 2988 2192 πάντων
3020 2141 3325 2213 ἁψαμένης,
3365 2147 3603 2217 μάλιστα
3633 2151 3690 2202 δὲ
3742 2153 3837 2205 καὶ
3893 2156 3996 2221 τῆς

742 2230 946 2296 μιαρᾶς
980 2228 1142 2280 αὐτοῦ
1169 2227 1432 2295 γλώττης,
1467 2219 1841 2298 ᾗπεριπεσὼν
1880 2224 2143 2294 διεφθάρη
2178 2224 2250 2287 ὡς,
2284 2224 2313 2274 ὁ
2352 2226 2658 2295 κατάρατος
2691 2230 2933 2302 Ἄρειος,
2966 2233 3265 2303 ὑποφωνῶν
3301 2237 3376 2300 ὡς
3423 2239 3655 2308 ⁴ῐῖδύνατο
3714 2242 3795 2295 ὅτι
3856 2219 3995 2300 τέως

736 2326 840 2376 οὐκ
874 2320 1206 2390 ἐπείσθημεν
1231 2321 1328 2390 τὴν
1361 2322 1580 2391 Μαρίαν
1617 2320 1876 2372 Θεοτὸκον
1900 2319 2254 2389 ὁμολογῆσαι.

813 2419 1116 2486 Imperator
1140 2431 1302 2484 porro
1329 2424 1576 2468 venatum
1597 2429 1856 2483 egressus
1883 2413 2024 2466 clam
2055 2414 2173 2467 suis
2196 2427 2315 2464 om-

743 2510 904 2563 nibus
961 2509 1121 2578 longa
1166 2508 1251 2562 via
1297 2509 1363 2562 ad
1410 2507 1737 2562 monachum
1772 2507 2060 2578 quemdam
2087 2505 2313 2579 venitin

737 2601 935 2654 cellula
968 2599 1267 2662 sedentem,
1308 2613 1472 2666 prope
1527 2599 1853 2653 suburbium
1889 2598 2097 2667 Cpolis.
2152 2597 2317 2667 596

750 2691 985 2760 Agnovit
1035 2705 1199 2744 senex
1259 2693 1674 2758 imperatorem,
1735 2690 1829 2745 sed
1906 2700 2086 2742 tamen
2146 2687 2313 2738 veluti

740 2799 906 2838 unum
935 2783 1000 2836 de
1025 2783 1288 2836 militibus
1335 2783 1571 2850 accepit.
1606 2782 1744 2836 Cum
1795 2791 1979 2834 autem
2017 2781 2316 2847 imperator

740 2891 772 2928 a
822 2876 908 2927 via
954 2883 1008 2928 et
1036 2883 1171 2928 cestu
1204 2882 1352 2927 esset
1402 2873 1760 2943 defatigatus,
1807 2873 2110 2925 monachus
2148 2886 2315 2940 paues

741 2964 1078 3019 humectavit
1135 2972 1461 3032 acetumque
1506 2973 1562 3015 et
1618 2963 1797 3017 oleum
1853 2961 2130 3031 apposuit.
2192 2960 2315 3013 Edit

741 3060 1060 3128 imperator,
1112 3064 1166 3109 et
1209 3070 1406 3123 aquam
1448 3055 1603 3108 bibit.
1638 3055 1704 3107 Et
1741 3053 2050 3107 monacho:
2087 3052 2312 3106 Nostine

743 3164 850 3212 me,
892 3147 1089 3202 Pater?
1119 3147 1319 3216 inquit.
1355 3145 1620 3201 Monaclio
1648 3146 2008 3214 respondente
2042 3162 2057 3200 :
2091 3145 2234 3198 Deus
2260 3153 2312 3197 te

2502 2409 2560 2460 Ὀ
2580 2408 2833 2478 βασιλεὺς
2860 2415 2916 2466 δὲ
2947 2417 3252 2485 κυνηγῆσαι
3276 2419 3526 2487 ἐξελθὼν,
3549 2425 3674 2486 τοὺς
3705 2427 3801 2479 σὺν
3842 2431 3993 2496 αύτῷ

2420 2503 2625 2565 πάντας
2665 2505 2956 2569 διαλαθὼν,
3005 2506 3136 2582 ἦλθε
3160 2511 3250 2566 διὰ
3298 2517 3660 2585 μακρᾶςὸδοῦ
3705 2521 3838 2589 πρός
3869 2539 3992 2575 τινα

2421 2594 2656 2662 μοναχὸν
2706 2597 2762 2648 ὲν
2807 2598 3006 2668 κελλίῳ
3045 2601 3404 2671 καθεζόμενον
3464 2605 3546 2676 [Ρ.
3580 2607 3710 2678 διο]
3763 2611 3994 2678 πλησίον

2419 2686 2528 2737 τῶν
2561 2689 2898 2756 προαστείων
2937 2693 3558 2760 Κωνσταντινουπνελεως
3600 2715 3613 2728 ·
3665 2699 3725 2752 ὃν
3758 2703 3784 2753 ὁ
3808 2703 3992 2770 γέρων

2418 2777 2630 2843 ἐπέγνω
2662 2780 2760 2847 μὲν
2785 2820 2799 2842 ,
2836 2783 3052 2848 ἐδέξατο
3101 2783 3156 2836 δὲ
3198 2786 3273 2847 ὡς
3316 2787 3411 2838 ἕνα
3462 2789 3569 2840 τῶν
3622 2794 3990 2860 στρατιωτῶν.

2417 2869 2521 2920 Τοῦ
2552 2869 2609 2921 δὲ
2644 2870 2908 2938 βασιλέως
2942 2877 3004 2926 ἐκ
3034 2876 3132 2942 τῆς
3155 2876 3276 2928 ὁδοῦ
3297 2880 3390 2930 καὶ
3423 2879 3514 2931 τοῦ
3549 2883 3829 2946 παύσω-κς
3880 2885 3993 2936 ὀλι-

2416 2957 2769 3026 γωρήσαντος
2790 2960 3009 3031 ἔϐρεξεν
3045 2965 3241 3032 ἄρτους
3267 2967 3297 3018 ὁ
3327 2967 3524 3035 γέρων,
3549 2971 3640 3022 καὶ
3663 2971 3840 3037 βαλὼν
3869 2973 3992 3036 ὅξος

2414 3047 2509 3097 καὶ
2537 3045 2716 3099 ἔλαιον
2747 3049 2990 3118 ἔφαγενὸ
3025 3053 3274 3121 βασιλεὺς
3307 3058 3402 3109 καὶ
3463 3059 3617 3110 ἔπιεν
3651 3060 3812 3129 ἰδωρ.
3881 3064 3992 3115 Καί

2413 3153 2577 3206 φησιν
2605 3140 2635 3191 ὁ
2661 3138 3108 3207 βασιλεύςοοῖδας
3132 3147 3215 3208 τίς
3233 3149 3367 3214 εἰμι,
3398 3149 3606 3216 Πάτερ;
3646 3151 3702 3201 Ὀ
3729 3152 3784 3203 δὲ
3821 3171 3992 3220 μανα-

741 3238 1053 3308 novit,Ego,
1071 3237 1256 3305 infert,
1275 3253 1393 3292 sum
1410 3238 1751 3293 Theodosius
1780 3239 2094 3307 imperator.
2115 3237 2307 3292 Statim

2418 3229 2503 3299 κὸς
2536 3229 2712 3286 εἶπενο
2751 3235 2808 3284 Ὁ
2825 3235 2953 3297 Θεὸς
2979 3232 3085 3287 οἶδέ
3112 3253 3191 3290 σε.
3223 3239 3329 3290 Καὶ
3359 3241 3385 3290 ὁ
3415 3241 3661 3308 βασιλεὺς
3693 3244 3813 3310 ἔφη’
3847 3244 3992 3310 Ἐγώ

743 3341 861 3384 tum
893 3330 1134 3384 surrexit
1168 3329 1492 3392 monachus,
1555 3336 1610 3381 et
1657 3326 1706 3382 ei
1762 3327 2113 3398 supplicavit.
2170 3325 2310 3379 Tum

745 3422 1042 3507 imperator
1075 3436 1088 3471 :
1135 3419 1280 3472 Beati
1301 3433 1365 3472 ac
1395 3419 1692 3473 felicissimi
1724 3417 1965 3488 profecto
1991 3431 2086 3470 vos
2118 3429 2309 3469 mona-

744 3511 835 3562 chi
869 3505 1026 3568 estis,
1059 3524 1318 3562 curarum
1361 3510 1523 3577 hujus
1569 3509 1755 3562 mundi
1818 3508 1997 3561 vacui.
2034 3505 2173 3559 Vere
2212 3506 2312 3559 tibi

741 3599 982 3660 aiiirmo,
1029 3596 1211 3661 Pater,
1247 3612 1525 3665 nunquam
1556 3612 1640 3650 me
1670 3597 1723 3649 in
1759 3612 1880 3650 meo
1928 3596 2131 3664 palatio
2163 3604 2309 3648 tanta

741 3704 867 3740 cum
897 3687 1174 3756 voluptate
1217 3688 1398 3740 cibum
1428 3701 1491 3740 ac
1525 3697 1708 3756 potum
1741 3686 2064 3754 sumpsisse.
2091 3685 2309 3738 Interim

744 3779 1034 3832 multitudo
1071 3780 1415 3847 supervenit.
1470 3778 1718 3847 Cumque
1772 3779 2067 3847 imperator
2119 3792 2309 3830 mona-

745 3873 911 3924 i-hum
955 3873 1006 3922 in
1041 3881 1342 3940 conspectu
1371 3872 1615 3924 omnium
1651 3881 1944 3924 veneratus
1973 3869 2095 3936 ejus
2136 3868 2311 3938 preci-

745 3962 846 4014 bus
911 3962 1198 4015 universos
1270 3962 1754 4025 commendasset,
1821 3961 2077 4015 discessit
2141 3960 2308 4013 salvis

743 4052 930 4115 rebus,
996 4061 1050 4106 et
1081 4051 1148 4105 ab
1173 4067 1238 4107 eo
1292 4061 1538 4120 tempore
1567 4053 1894 4107 monachum
1934 4055 2098 4107 istum
2128 4055 2179 4106 in
2210 4054 2311 4107 ho-

746 4157 880 4195 uore
913 4142 1124 4196 habuit.
1145 4141 1344 4197 Verum
1370 4143 1416 4197 is
1436 4143 1564 4213 fuga
1601 4159 1661 4200 se
1692 4144 1958 4199 subduxit
1979 4151 2034 4198 ct
2071 4144 2122 4196 in
2143 4142 2310 4212 Egy-

742 4241 895 4300 ptum
933 4231 1117 4286 rediit.

817 4481 893 4541 Eo
922 4494 1167 4554 tempore
1195 4485 1357 4539 etiam
1392 4501 1621 4556 magnus
1667 4485 1772 4540 .ille
1835 4485 2090 4556 Symeon,
2140 4488 2233 4556 qui
2279 4503 2309 4542 a

2411 3325 2532 3391 είμι
2559 3323 2836 3387 Θεοδόσιος
2874 3329 2901 3378 ὁ
2930 3327 3199 3395 βασιλεύς.
3229 3331 3336 3383 Καὶ
3363 3332 3599 3393 ἀναστὰς
3629 3334 3788 3396 εὐθὺς
3835 3337 3862 3386 ὁ
3897 3339 3992 3400 τέ-

2416 3429 2523 3481 ρων
2552 3415 2964 3483 προσεκύνησεν
2993 3418 3164 3487 αὐτῷ.
3191 3416 3355 3472 Εἶπεν
3377 3418 3467 3474 οὖν
3504 3425 3532 3474 ό
3561 3423 3828 3492 βασιλεύς·
3867 3428 3990 3479 Μα-

2413 3503 2594 3571 κάριοι
2620 3506 2716 3558 καὶ
2753 3508 3145 3577 τρισμακάριοί
3173 3513 3296 3563 ἐστε
3326 3512 3496 3574 ὅντως
3524 3515 3682 3580 ὑμεῖς
3734 3518 3784 3567 οἱ
3821 3533 3988 3585 μονα.

2411 3592 2526 3660 χοὶ,
2553 3594 2646 3646 καὶ
2679 3595 2975 3663 ἀμέριμνοι
3002 3597 3094 3649 τοῦ
3124 3597 3348 3666 κόσμου.
3382 3599 3388 3604 ’
3419 3601 3536 3652 Ἐπ’
3563 3603 3819 3670 ἀληθείας
3845 3607 3990 3672 λέγω

2415 3695 2516 3743 σοι,
2544 3680 2746 3750 Πάτερ,
2779 3683 2861 3734 ὅτι
2894 3684 2952 3734 ὲν
2976 3685 3053 3754 τῷ
3088 3686 3336 3756 παλατίῳ
3362 3687 3677 3762 ἐγεννήθην,
3708 3693 3802 3745 καὶ
3836 3697 3990 3747 ούδέ-

2415 3787 2545 3822 ποτε
2576 3774 2694 3839 μετ’
2727 3771 2932 3842 ἡδονῶν
2975 3776 3271 3844 ἀπήλαυσα
3319 3778 3574 3847 βρώσεως
3633 3789 3726 3834 καὶ
3772 3788 3988 3850 πόσειις

2413 3860 2594 3923 καθὼς
2617 3864 2680 3930 σή
2690 3880 2874 3933 μερον.
2902 3865 3008 3917 Τοῦ
3034 3867 3091 3918 δὲ
3119 3867 3248 3920 λαοῦ
3277 3869 3601 3935 φθάσαντος,
3631 3875 3724 3925 καὶ
3751 3875 3987 3929 ἐνώπι’,ν

2411 3950 2626 4003 πάντων
2657 3952 3005 4022 ἀξιοπρεπῶς
3058 3957 3392 4026 τιμήσαντος
3434 3957 3524 4011 τὸν
3575 3960 3825 4028 γέροντα,
3891 3968 3989 4020 καὶ

2412 4038 2620 4099 πάντας
2645 4039 2944 4110 ἀξιωθῆναι
2973 4041 3072 4111 τῆς
3104 4045 3268 4113 εὐχῆς
3293 4044 3459 4098 αὑτοῦ
3506 4047 3858 4113 κελεύσαντος
3887 4056 3984 4108 τοῦ

2413 4125 2702 4195 βασιλέως,
2733 4129 3080 4199 ἀνεχώρησεν
3103 4133 3181 4194 εἰς
3210 4132 3306 4202 τὴν
3329 4134 3446 4188 ὁδὸν
3476 4136 3638 4189 αὑτοῦ
3671 4141 3788 4206 μετ’
3831 4145 3984 4210 ετρῇ-

2410 4234 2525 4286 νης.
2557 4218 2666 4270 Καὶ
2690 4219 2892 4288 ἤρξατο
2921 4220 3028 4273 ἀπὸ
3046 4220 3169 4274 τότε
3227 4225 3395 4294 τιμᾷν
3424 4227 3587 4281 αὐτὸν
3638 4231 3666 4280 ό
3702 4229 3982 4298 βασιλεύς,

2421 4306 2480 4359 ’0
2506 4307 2564 4359 δὲ
2591 4309 2768 4377 γέρων
2799 4311 3037 4376 ἀναστὰς
3058 4312 3226 4382 ἔφυγε
3257 4316 3355 4368 καὶ
3410 4318 3571 4370 πάλιν
3612 4320 3852 4389 ἀπῆλθεν
3903 4327 3986 4388 εἰς

2409 4397 2700 4464 Αἴγυπτον.

2489 4490 2578 4543 Ἐν
2631 4495 2743 4554 τοῖς
2797 4493 3010 4561 χρόνοις
3063 4494 3273 4559 τούτοις
3303 4498 3396 4550 καὶ
3426 4500 3454 4550 ὁ
3491 4501 3662 4568 μέγας
3709 4503 3986 4571 Συμεὼνδ

740 4579 996 4632 columna
1062 4575 1286 4645 Stylites
1326 4577 1660 4640 nominatur,
1723 4577 1950 4644 gloriam
2029 4577 2307 4631 hominum

2418 4579 2670 4649 Στυλίτης
2691 4582 2862 4652 ἐπέϐη
2893 4581 2969 4652 τῷ
2993 4584 3162 4648 κίονι,
3194 4587 3291 4656 τὴν
3320 4585 3478 4652 δόξαν
3515 4591 3623 4642 τῶν
3677 4593 3983 4662 ἀνθρώπων

745 4668 983 4735 fugiens,
1009 4665 1320 4720 columnam
1360 4667 1698 4720 conscendit.
1721 4665 1858 4720 Cum
1900 4667 2044 4720 enim
2088 4668 2154 4722 ad
2187 4684 2309 4723 eum

747 4758 903 4812 multi
936 4755 1180 4810 venirent
1207 4757 1568 4825 pelliceasque
1616 4757 1735 4823 ejus
1781 4765 1962 4812 vestes
1995 4773 2152 4814 nemo
2203 4775 2310 4814 nou

749 4858 975 4918 tangere
1008 4855 1254 4918 cuperet,
1287 4847 1596 4900 columnam
1647 4849 1989 4902 conscendit.
2039 4848 2312 4918 Principio

745 4940 968 5004 quidem
1010 4953 1130 4993 eam
1183 4953 1279 4993 sex
1313 4937 1623 4991 cubitorum
1657 4939 1770 4993 tieri
1829 4939 2017 5008 jussit,
2057 4940 2181 4994 inde
2242 4941 2309 4993 ad

744 5030 1060 5094 duodecim,
1095 5039 1217 5098 post
1246 5029 1314 5084 ad
1356 5029 1544 5098 viginti
1565 5032 1693 5094 duo,
1722 5030 1960 5099 denique
1986 5030 2053 5084 ad
2086 5031 2310 5101 triginta

745 5137 841 5175 sex
879 5123 1098 5174 cubitos
1124 5121 1306 5174 educi.
1336 5121 1465 5192 Ejus
1482 5123 1772 5176 stationem
1794 5123 2050 5177 existimo
2076 5139 2104 5176 a
2123 5124 2308 5177 divina

750 5211 1094 5280 providentia
1149 5212 1318 5265 fuisse
1371 5211 1713 5280 ignoratam,
1770 5227 1890 5280 quae
1939 5212 2310 5281 ignavioribus

750 5303 875 5356 usui
905 5302 1063 5358 foret.
1103 5302 1257 5358 Sicut
1305 5303 1447 5359 Deus
1493 5315 1546 5358 et
1579 5305 1775 5358 Isaiam
1829 5305 2034 5356 nudum
2077 5320 2141 5358 ac
2194 5306 2313 5359 sine

748 5393 949 5446 calceis
974 5392 1131 5463 597
1178 5395 1430 5449 incedere
1455 5395 1641 5464 jussit,
1679 5405 1731 5448 et
1754 5394 2045 5448 Jeremiam
2069 5395 2312 5464 subliga-

742 5484 874 5538 culo
904 5484 1116 5540 iumbos
1143 5487 1482 5542 succinctum
1507 5488 1813 5552 vaticinari,
1838 5489 2130 5557 aliquando
2145 5488 2309 5541 etiam

2417 4669 2631 4738 φεύγων
2660 4689 2672 4701 ο
2701 4673 2882 4726 πολλοὶ
2912 4678 3018 4746 γὰρ
3045 4677 3124 4740 εἰς
3153 4679 3314 4732 αὑτὸν
3354 4681 3738 4752 ἀφικνούμενοι
3789 4689 3986 4757 ἠθελον

2417 4761 2619 4824 πάντες
2637 4763 2832 4831 ψαύειν
2867 4765 2974 4817 τῶν
3009 4766 3350 4835 δερματίνων
3396 4772 3603 4825 ἐκείνου
3645 4776 3979 4844 ἐνδυμάτων.

2417 4853 2526 4905 Καὶ
2552 4854 2765 4922 πρῶτον
2786 4855 2882 4924 μὲν
2916 4856 2974 4922 ἒξ
3006 4859 3222 4927 πήχεων
3278 4862 3528 4914 ἐκέλευσε
3590 4867 3844 4930 γενέσθαι
3890 4873 3984 4923 τὶν

2418 4943 2592 5008 κίονα,
2625 4940 2743 4998 εἶτα
2763 4946 2990 5009 δώδεκα,
3025 4952 3117 5000 καὶ⁹
3151 4951 3286 5016 μετὰ
3314 4952 3485 5005 ταῦτα
3511 4955 3685 5008 εἴκοσι
3733 4957 3851 5024 δύο,
3886 4962 3982 5013 νῦν

2415 5034 2473 5086 δὲ
2505 5038 2878 5105 τριακονταέξ.
2935 5041 3036 5093 Ἦν
3062 5041 3160 5093 οὐκ
3182 5043 3308 5096 ἄνευ
3338 5047 3436 5114 τῆς
3473 5045 3622 5107 θείας
3671 5050 3988 5116 οίκονομίας

2421 5124 2786 5195 ὑπολαμϐάνω
2815 5130 3069 5195 γενέσθαι
3099 5133 3196 5203 τὴν
3231 5134 3437 5197 στάσιν,
3485 5137 3752 5205 ὠφελείας
3797 5141 3987 5194 ἕνεκεν

2417 5215 2526 5269 τῶν
2548 5217 2953 5292 ρᾳθυμοτέρων,
2984 5224 3171 5295 ὥσπερ
3219 5229 3312 5278 καὶ
3360 5227 3450 5280 τὸν
3500 5230 3722 5284 Ἡσαΐαν
3777 5236 3986 5303 γυμνὸν

2419 5309 2515 5360 καὶ
2559 5311 2880 5364 ἁνυπόδετον
2935 5315 3154 5382 βαδίσαι
3207 5319 3525 5387 προσέταξε,
3557 5323 3650 5374 καὶ
3681 5322 3772 5373 τὸν
3819 5324 3989 5392 Ἰερε-

2422 5401 2550 5468 μίαν
2582 5404 2872 5474 περίζωμα
2896 5409 2959 5476 vi;
2987 5408 3148 5477 ὀσφύϊ
3179 5411 3477 5478 περιθεῖναι
3514 5414 3606 5464 καὶ
3657 5413 3800 5466 οὕτω
3845 5433 3988 5483 προ-

2418 5493 2694 5561 φητεύειν,
2720 5498 2816 5549 καὶ
2850 5498 3039 5552 ἄλλοτε
3070 5501 3279 5566 κλοιοὺς
3310 5503 3552 5570 ξυλίνους
3588 5507 3681 5560 καὶ
3731 5507 3989 5578 σιδηροῦς

1835 5661 2186 5719 XYLANDRI
2230 5664 2317 5719 ET
2378 5665 2589 5723 GOARI
2633 5668 2858 5726 ΝΟΤᾸΒ.

824 5753 936 5821 (6i)
964 5755 1118 5811 Ossis
1143 5756 1194 5808 in
1219 5755 1414 5809 Arabia
1439 5764 1539 5811 est.
1579 5754 1844 5811 Zonaras.
1885 5757 2009 5810 Χη.
