4214 6450
233 444 339 507 ὂίθ

1322 423 1863 494 IIISTORIARUM
1915 424 1931 475 l
1942 419 2297 480 YOMPENIH
2314 422 2352 477 ἰ)
2366 420 2418 477 Μ
2434 466 2443 477 .

3396 417 3503 481 650

235 550 555 624 περιϐαλεῖν
584 546 660 618 τῷ
679 545 956 619 τραχήλῳ,
987 544 1084 598 καὶ
1109 542 1187 614 τῷ
1228 541 1388 612 Ὠσηὲ
1413 539 1650 608 γυναῖκα
1689 533 1826 605 πόρ-

1930 528 2188 584 numellis
2230 529 2423 597 ligneis
2456 540 2518 580 ac
2543 529 2744 585 terreis
2760 524 2962 582 collum
3004 522 3375 580 circumdare.
3437 527 3504 584 Et

233 663 333 716 νην
352 642 537 696 λαϐεῖν
566 640 662 693 καὶ
684 641 847 693 πάλιν
871 637 1158 706 ἀγαπῆσαι
1192 652 1330 703 mw;
1342 633 1439 703 pa‘w
1459 630 1697 700 γυναῖκα
1720 626 1817 680 καὶ

241 735 545 811 μοιχαλίδα,
576 736 673 788 καὶ
704 732 796 785 τὸν
840 728 1089 793 Ἐςεκιὴλ
1137 728 1231 781 ἐπὶ
1255 726 1349 779 τοῦ
1373 724 1549 791 δεξιοῦ
1583 719 1817 791 πλευροῦ

241 831 462 899 ἡμέρας
491 833 543 896 μ’
570 824 663 879 καὶ
687 822 780 876 ἐπὶ
812 821 906 875 τοῦ
940 820 1232 893 ἀριστεροῦ
1285 815 1363 888 ρν⁹
1402 812 1819 883 κατακλιθῆναι,

240 924 335 976 καί
387 919 543 981 αὖθις
585 914 831 986 διορύξει
857 916 949 967 τὸν
976 916 1153 984 τοῖχον
1180 910 1275 964 καὶ
1301 910 1515 979 φυγεῖν,
1538 908 1634 960 καὶ
1659 905 1824 975 αίχμ-

236 1012 475 1067 αλωσίαν
531 1008 706 1078 ἐαυτῷ
762 1006 1102 1078 διαγράψαι,
1149 1003 1244 1057 καὶ
1294 1002 1482 1057 ἄλλοτε
1558 1000 1613 1052 δὲ
1673 996 1826 1064 ξίφος

240 1105 320 1165 εἰς
343 1100 528 1171 ἀκμὴν
559 1098 868 1170 παραθῆξαι
912 1096 1006 1149 καὶ
1032 1093 1298 1166 ξύρασθαι
1325 1092 1501 1159 τούτῳ
1526 1090 1625 1160 τὴν
1654 1104 1827 1155 κειρα-

240 1193 444 1265 λὴνκαὶ
472 1191 713 1262 τετραχῆ
732 1190 831 1251 τὰς
856 1188 1047 1260 τρίχας
1068 1187 1281 1240 διελεῖν.
1304 1183 1415 1238 Καὶ
1442 1185 1528 1236 ἵνα
1553 1181 1628 1252 μὴ
1651 1178 1831 1233 πάντα

242 1284 672 1355 λέγω.γίνεσθαι
729 1281 935 1334 τούτων
986 1279 1220 1332 ἕκαστον
1253 1274 1619 1346 προσέταττεν
1660 1271 1689 1323 6
1723 1268 1831 1321 τῶν

242 1378 422 1446 λόγων
449 1376 718 1447 πρύτανις
751 1374 879 1437 τοὺς
913 1372 1056 1443 λόγῳ
1077 1371 1152 1443 μὴ
1203 1364 1560 1435 πειθομένους
1599 1361 1679 1432 τῷ
1732 1360 1832 1431 τῆς

248 1467 480 1537 θεωρίας
541 1463 830 1536 παραδόξῳ
882 1462 1179 1528 συλλέγων.
1228 1457 1301 1509 Τὸ
1343 1455 1452 1526 γὰρ
1520 1453 1706 1506 καινὸν
1737 1450 1831 1505 τοῦ

247 1561 525 1631 θεάματος
552 1559 808 1628 ἐνέχυρον
836 1555 1137 1627 ἀξιόχρεων
1165 1554 1377 1623 γίνεται
1432 1549 1527 1605 τοῦ
1567 1549 1833 1619 διδάγμα-

245 1670 360 1715 τος.
395 1650 661 1719 Καθάπερ
681 1649 790 1719 γὰρ
821 1649 901 1711 εἰς
923 1647 1147 1719 λυχνίαν
1199 1644 1378 1707 τεθεὶς
1439 1644 1468 1696 6
1519 1641 1823 1710 φανότατος

247 1736 406 1802 οὗτος
433 1740 644 1810 λύχνος,
677 1741 706 1793 6
745 1738 919 1808 μέγας
964 1737 1166 1809 δηλαδὴ
1188 1734 1436 1805 Συμεὼν,
1490 1731 1647 1804 ἡλίου
1682 1730 1838 1801 δίκην

249 1833 520 1890 πάντοθεν
546 1833 657 1895 ,τὰς
680 1833 905 1894 ἀκτῖνας
933 1829 1228 1899 ἐξέπεμψε,
1264 1829 1360 1882 καὶ
1405 1822 1503 1927 ἦν.
1525 1826 1654 1894 ἰδεῖν
1684 1823 1837 1927 ςίδη-
1869 1874 1907 1927 Β

253 1944 355 1996 ρας
400 1927 497 1979 καὶ
548 1924 865 1994 ¹Αρμενίους
916 1921 1013 1976 καὶ
1077 1921 1294 1993 Πέρσας
1347 1920 1446 1974 καὶ⁸
1488 1916 1834 1988 Ἰσμαηλίτας

248 2015 525 2086 ὁσημέραι
550 2016 984 2086 ἀφικνουμένους
1020 2014 1116 2068 καὶ
1161 2011 1258 2065 τοῦ
1285 2010 1431 2064 θείου
1460 2008 1834 2079 βαπτίσματος

251 2108 648 2170 ἀπολαύοντας.
680 2107 967 2176 Τοσαύτην
984 2100 1079 2159 οὖν
1106 2104 1207 2175 τὴν
1232 2101 1394 2174 χάριν
1462 2101 1490 2153 6
1533 2098 1836 2168 θαυμάσιος

251 2206 333 2265 εἰς
364 2199 451 2273 [Ρ.
483 2200 611 2271 541]
644 2200 826 2252 πάντα
867 2200 938 2251 τα
967 2196 1095 2267 ἐθνη
1122 2192 1432 2264 ἐξέπεμψεν
1457 2189 1600 2244 ὥστε
1627 2189 1697 2244 τὰ
1725 2188 1837 2243 τῶν

252 2292 529 2363 πατρῴων
561 2291 701 2346 θεῶν
738 2289 935 2343 εἴδωλα
986 2290 1095 2360 πρὸ
1147 2286 1239 2342 τοῦ
1263 2289 1439 2352 κίονος
1477 2286 1690 2341 ἐκείνου
1742 2280 1838 2333 τοῦ

253 2384 402 2438 θείου
434 2383 667 2450 ἄγοντας
689 2380 1018 2452 συντρίϐειν,
1054 2380 1155 2450 τὴν
1184 2380 1242 2432 δὲ
1277 2378 1523 2446 καθαρὰν
1548 2376 1644 2431 καὶ
1688 2372 1841 2446 ἀμώ-

254 2493 428 2547 μητον
455 2473 614 2544 ἡμῶν
642 2472 753 2526 τῶν
782 2471 1127 2542 Χριστιανῶν
1153 2470 1338 2523 πίστιν
1371 2468 1478 2522 ὑπὸ
1514 2469 1610 2522 τοῦ
1663 2465 1836 2537 μεγά-

252 2570 350 2620 λου
371 2567 657 2634 Συμεῶνος
685 2561 1127 2627 ἐκπαιδεύεσθαι,
1151 2561 1239 2615 διὰ
1281 2559 1493 2615 πολλῶν
1542 2558 1839 2629 θαυμάτων

253 2660 354 2713 καὶ
391 2658 666 2727 μεγίστων
697 2655 1002 2726 τεραστίων
1031 2654 1254 2718 τούτους
1278 2654 1490 2722 ἐνάγων
1513 2653 1595 2716 είς
1620 2652 1722 2723 τὴν
1741 2649 1837 2705 τοῦ

253 2749 493 2818 Χριστοῦ
523 2745 817 2800 πολιτείαν.
845 2744 1086 2809 Είκότως
1110 2743 1203 2799 οὖν
1230 2744 1414 2811 ἔλεγεν
1438 2746 1467 2798 6
1497 2742 1700 2813 Κύριος
1720 2759 1735 2775 ο
1783 2742 1841 2796 '0

256 2840 534 2894 πιστεύων
592 2839 673 2901 είς
727 2838 849 2907 ἐμὲ,
903 2837 971 2889 τὰ
1007 2836 1148 2904 ἔργα
1199 2835 1236 2890 ἃ
1276 2835 1389 2906 ἐγὼ
1416 2835 1556 2890 ποιῶ
1589 2836 1839 2898 κάκεῖνος

256 2931 498 2998 ποιήσει,
560 2930 654 2983 καὶ
716 2926 939 2998 μείζονα
986 2926 1195 2982 τούτων
1233 2931 1495 3000 ποιήσει·
1537 2927 1597 2992 δς
1634 2930 1701 2999 τῇ
1745 2928 1840 2981 τοῦ

255 3022 416 3088 ἁγίου
448 3021 762 3089 Πνεύματος
796 3017 958 3089 αἴγλῃ
1007 3017 1504 3088 καταλαμπόμενος
1552 3018 1651 3070 καὶ
1707 3034 1844 3073 παν-

256 3111 425 3181 ταχοῦ
460 3112 559 3172 τὰς
589 3110 686 3180 τῆς
712 3109 932 3180 χάριτος
959 3109 1184 3171 ἀκτῖνας
1233 3106 1539 3180 ἐκπέμπων
1570 3109 1713 3164 κατὰ
1750 3111 1842 3164 τὸν

1929 619 2085 674 Osee
2137 619 2421 674 mandavit
2472 626 2532 674 ut
2590 618 2937 675 meretricem
2993 631 3220 672 uxorem
3251 618 3502 683 duceret,

1925 728 1987 766 ac
2014 727 2236 777 pravam
2262 719 2319 765 et
2350 711 2653 769 adulteram
2684 726 2912 767 uxorem
2937 719 3186 777 amaret;
3217 711 3507 769 Ezechielo

1927 812 1985 857 ut
2033 804 2085 856 in
2122 808 2314 857 dextro
2376 805 2541 858 latere
2602 805 2964 874 quadraginta
3004 804 3142 869 dies,
3185 804 3240 859 in
3281 802 3507 859 sinistro

1927 905 2143 952 centum
2170 898 2569 967 quinquaginta
2634 897 3004 962 recumberet,
3058 913 3389 968 rursumque
3446 905 3508 953 ut

1932 988 2243 1059 perfoderet
2294 1004 2505 1043 murum
2542 1008 2607 1045 ae
2640 990 2875 1061 fugeret,
2909 989 3245 1061 sibiqueipsi
3274 990 3508 1062 captivi-

1931 1089 2098 1137 tatem
2133 1082 2501 1139 describeret:
2532 1085 2777 1153 aliasque
2823 1083 3063 1151 gladium
3097 1097 3296 1139 acuere
3328 1099 3504 1155 coque

1932 1182 2100 1244 caput
2133 1175 2353 1233 radere,
2388 1184 2441 1226 et
2472 1176 2655 1231 crines
2687 1174 3089 1247 quadrifariam
3138 1174 3405 1231 dividere.
3429 1178 3507 1231 Ac

1934 1281 2003 1324 ne
2018 1268 2204 1323 omnia
2230 1267 2487 1329 referam,
2522 1267 2858 1336 gubernator
2886 1269 3161 1324 orationis
3195 1269 3311 1324 haec
3325 1269 3510 1326 omnia

1935 1358 2053 1413 ﬁeri
2077 1357 2270 1427 jussit,
2314 1365 2375 1411 ιιι
2413 1357 2505 1427 qui
2532 1371 2638 1410 non
2670 1367 2925 1426 parerent
2949 1358 3216 1422 orationi,
3246 1359 3281 1413 ii
3314 1360 3510 1415 saltem

1937 1445 2203 1502 inusitato
2232 1445 2553 1517 spectaculo
2576 1446 2956 1511 allicerentur,
2983 1448 3142 1519 cujus
3162 1449 3377 1506 novitas
3398 1447 3510 1505 sul-

1940 1539 2130 1597 iiciens
2168 1548 2253 1596 est
2274 1538 2542 1595 doctrinae
2575 1539 2796 1610 pignus.
2835 1538 2914 1594 lta
2963 1540 3201 1612 Symeon
3255 1543 3351 1599 ille
3389 1557 3510 1597 ma-

1940 1648 2081 1703 gnus
2108 1633 2480 1690 velutilumen
2513 1632 3026 1703 splendidissimum
3064 1635 3120 1690 in
3171 1634 3510 1692 candelabro

1942 1725 2179 1797 positum
2236 1725 2371 1783 solis
2395 1726 2570 1781 instar
2601 1726 2787 1782 radios
2821 1740 2956 1782 suos
2985 1726 3041 1782 in
3084 1742 3277 1783 omnes
3323 1738 3514 1800 partes

1941 1818 2226 1875 emittebat
2247 1835 2262 1884 ;
2282 1819 2589 1890 licebatque
2610 1819 2798 1875 videre
2818 1820 3029 1887 Iberos,
3055 1819 3370 1886 Armenios,
3396 1820 3517 1878 Per-

1939 1926 2033 1968 sas
2060 1920 2117 1966 et
2146 1909 2452 1965 lsmaelitas
2487 1909 2738 1979 quotidie
2785 1912 3070 1968 venientes
3099 1926 3166 1967 ac
3191 1927 3356 1969 sacro
3380 1915 3512 1986 bap-

1941 2004 2104 2060 tismo
2136 2003 2428 2074 patientes.
2482 2001 2717 2058 Tantum
2778 2016 2942 2073 porro
2995 2003 3184 2072 gratia:
3236 2005 3291 2059 in
3327 2007 3513 2062 varias

1940 2093 2195 2166 regiones
2226 2094 2422 2151 beatus
2446 2094 2539 2150 ille
2566 2096 2926 2167 propagabat,
2973 2105 3033 2151 ut
3061 2094 3302 2152 deorum
3333 2109 3517 2166 pater-

1940 2201 2137 2243 norum
2163 2186 2456 2244 simulacra
2487 2185 2552 2240 ad
2577 2187 2885 2243 columnam
2933 2187 3056 2259 eius
3105 2189 3343 2245 adducta
3381 2202 3518 2245 con-

1943 2278 2228 2348 lregerint,
2262 2288 2320 2336 et
2362 2279 2432 2334 ab
2493 2292 2562 2335 eo
2601 2293 2791 2348 puram
2860 2280 3305 2352 inculpatamque
3358 2281 3517 2338 tidem

1940 2366 2311 2427 Christianam
2340 2369 2523 2426 edocti
2556 2369 2688 2427 sint.
2720 2370 2858 2425 Nam
2892 2385 2995 2426 eos
3019 2371 3208 2429 multis
3239 2374 3521 2431 miraculis

1942 2474 2008 2516 eo
2028 2461 2385 2532 perducebat.
2413 2462 2584 2519 Recte
2614 2464 2802 2533 itaque
2832 2462 2998 2519 habet
3028 2462 3472 2521 Christi-dictum
3501 2482 3518 2521 :

1944 2552 2051 2620 Qui
2083 2555 2143 2610 in
2163 2568 2252 2610 me
2278 2554 2479 2621 credit,
2506 2568 2623 2610 mea
2655 2569 2880 2625 quoque
2918 2569 3105 2625 Opera,
3136 2565 3191 2612 et
3212 2556 3278 2611 iis
3308 2557 3520 2629 majora

1946 2645 2286 2716 praestabit’.
2315 2646 2365 2703 ls
2412 2662 2541 2720 ergo
2604 2648 2841 2720 Symeon
2894 2647 3107 2720 fulgore
3134 2648 3299 2721 598
3342 2653 3521 2707 sancti

1945 2741 2185 2811 Spiritus
2217 2740 2528 2797 illustratus
2563 2741 2924 2813 undiquaque
2950 2756 3083 2797 suos
3115 2741 3280 2811 ejecit
3309 2742 3518 2810 radios,

1943 2834 2221 2906 quomodo
2247 2834 2483 2891 Basilius
2519 2834 2763 2904 loquitur
2789 2835 2873 2891 his
2913 2834 3119 2901 verbis,
3145 2833 3519 2901 Quemadmo-

1944 2928 2074 2981 dum
2108 2925 2397 2997 splendida
2410 2934 2466 2981 et
2502 2925 2795 2997 perspicua
2816 2941 3050 2998 corpora
3075 2928 3245 2984 radiis
3274 2928 3520 2984 inciden~

1946 3018 2095 3075 tibus
2148 3026 2204 3075 et
2254 3019 2373 3089 ipsa
2415 3018 2766 3074 illustrantur
2812 3028 2868 3076 et
2926 3034 3127 3075 novum
3176 3020 3347 3075 edunt
3401 3035 3431 3075 ιι
3463 3036 3524 3078 se

1943 3111 2322 3182 splendorem,
2353 3113 2433 3167 sic
2457 3122 2510 3167 et
2538 3110 2767 3182 Spiritui
2794 3111 3111 3182 recipiendo
3133 3120 3270 3182 aptae
3303 3112 3519 3178 animae,

262 3200 438 3267 μέγαν
461 3199 760 3251 Βασίλειον.
789 3196 930 3268 Φησὶ
952 3196 1083 3266 γάρ·
1129 3196 1341 3266 ’Ὠσπερ
1371 3197 1441 3251 τὰ
1477 3198 1703 3270 λαμπρὰ
1739 3201 1837 3254 καὶ

1942 3217 1974 3258 a
2029 3202 2236 3274 Spiritu
2284 3202 2622 3267 illuminatae.
2672 3218 2795 3258 cum
2829 3205 2962 3274 ipsae
2994 3205 3131 3259 [lunt
3183 3204 3520 3275 spirituales.

252 3290 493 3357 διαφανῆ
539 3286 647 3341 τῶν
689 3287 957 3358 σωμάτων
991 3287 1208 3351 ἀκτῖνος
1258 3289 1444 3353 αὐτοῖς
1493 3290 1846 3363 ἐμπεσούσης

1947 3305 2063 3351 tum
2110 3295 2342 3366 gratiam
2375 3296 2501 3366 ejus
2526 3311 2650 3351 cum
2676 3296 2800 3352 aliis
2829 3297 3265 3352 communicant.
3287 3297 3413 3353 Inde
3436 3296 3523 3352 fu-

254 3381 397 3433 αὖτὰ
416 3397 474 3433 τε
507 3379 714 3448 γίνεται
744 3378 1067 3449 περιλαμπῆ
1090 3379 1186 3432 καὶ
1227 3379 1423 3448 ἑτέραν
1483 3380 1658 3452 αὐγὴν
1717 3383 1838 3437 dm

1945 3397 2198 3443 turorum
2253 3388 2541 3459 prmsagia,
2597 3387 2914 3444 intellectus
2966 3387 3376 3459 mysteriorum,
3424 3402 3521 3444 oc-

256 3470 488 3534 a:li.6at,
517 3468 689 3530 οὕτως
715 3468 770 3520 αἱ
823 3468 1264 3538 πνευματοφόροι
1307 3469 1477 3541 ψυχαὶ
1516 3470 1846 3543 ἑλλαμφθεῖ-

256 3579 348 3614 σαι
402 3560 556 3629 παρὰ
610 3558 703 3612 τοῦ
764 3557 1082 3628 Πνεύματος
1129 3560 1292 3614 αὐταί
1349 3579 1409 3615 τε
1450 3562 1841 3620 ἀποτελοῦνται

256 3647 626 3718 πνευματικαὶ
669 3648 763 3701 καὶ
803 3650 884 3711 είς
932 3648 1151 3717 ἐτέρους
1174 3649 1275 3717 τὴν
1314 3648 1476 3720 χάριν
1514 3651 1839 3715 ἐξαποστέλ-

255 3743 461 3794 λουσιν.
513 3738 793 3793 Ἐντεῦθεν
817 3737 1118 3808 μελλόντων
1151 3739 1482 3809 πρόγνωσις,
1521 3746 1837 3818 μυστηρίων

1943 3477 2217 3533 cultorum
2248 3474 2689 3545 comprehensio,
2722 3474 2997 3532 donorum
3034 3476 3380 3542 distributio,
3406 3476 3521 3531 vita

1944 3566 2444 3631 cmicstis,chorea
2483 3581 2610 3621 cum
2648 3567 2881 3637 angelis,
2917 3567 3190 3623 inﬁnitum
3236 3568 3519 3640 gaudium,

1949 3659 2004 3714 in
2034 3657 2144 3715 Deo
2156 3657 2489 3729 permansio,
2508 3673 2631 3713 cum
2667 3657 2776 3714 Deo
2793 3659 3117 3729 similitudo,
3141 3659 3401 3731 perfectio
3420 3674 3520 3732 ap-

1948 3751 2171 3824 petitus,
2194 3751 2308 3808 lieri
2331 3748 2500 3807 Deum
2524 3751 2669 3822 quod
2709 3752 2780 3807 ad
2805 3753 3058 3823 gratiam.

256 3832 498 3896 σύνεσις.
535 3831 934 3904 κεκρυμμένων
977 3830 1306 3901 κατάληψις.
1334 3835 1693 3906 χαρισμάτων
1729 3841 1984 3920 διανομὴ,
2013 3845 2076 3899 τὸ
2090 3846 2344 3917 οὐράνιον
2382 3844 2705 3914 πολίτευμα,
2729 3846 2763 3915 ἡ
2827 3846 2943 3915 μετ’
3005 3846 3251 3914 ἀγγέλων
3309 3863 3519 3918 χορειαν

255 3925 290 3994 ἡ
321 3922 678 3995 ἀτελεύτητος
709 3923 1091 3996 εὐφροσύνηιή
1123 3925 1182 3979 δν
1210 3925 1330 3999 θεῷ
1349 3925 1598 4001 διαμονὴ.
1664 3932 1868 4007 ἠπρὸς
1904 3937 2039 3994 Θεὸν
2090 3938 2371 4008 ὁμοίωσις,
2423 3937 2484 3991 τὸ
2538 3936 2837 4008 ἀκρότατον
2896 3937 3005 3991 τῶν
3058 3940 3320 4010 όρεκτῶν,
3383 3940 3520 3996 Θεὸν

257 4019 511 4089 γενέσθαι
544 4017 683 4071 κατὰ
706 4020 885 4090 χάριν.

329 4111 486 4165 Μετά
513 4126 637 4164 τινα
651 4109 709 4163 δὲ
738 4110 928 4180 καιρὸν
959 4113 989 4164 ὁ
1019 4111 1158 4175 θεῖος
1194 4111 1392 4184 Δανιὴλ
1419 4114 1449 4168 6
1481 4114 1540 4167 ἐν
1559 4114 1639 4186 τῷ
1689 4118 1845 4173 Ἀνά-

2024 4120 2326 4191 Aliquanto
2348 4126 2473 4188 p05t
2494 4127 2742 4186 tempore
2767 4117 2989 4172 divinus
3006 4116 3261 4174 Danielus
3282 4119 3335 4174 in
3372 4121 3520 4175 Ana-

257 4203 319 4255 π)
332 4222 376 4272 ῳ
401 4201 542 4271 (62),
561 4200 895 4271 θεασάμενος
914 4200 1008 4254 τὸν
1029 4201 1206 4271 μέγαν
1228 4201 1524 4274 Συμεὼνην
1571 4206 1667 4259 καὶ
1703 4206 1838 4261 θείου

1950 4213 2040 4281 pio
2062 4227 2185 4268 cum
2220 4212 2445 4268 vidisset
2475 4224 2733 4280 magnum
2759 4209 3110 4282 Symeonem,
3146 4209 3333 4266 divina
3349 4226 3521 4267 aemu-

258 4292 427 4358 ζήλου
452 4290 716 4359 πλησθεὶς
754 4291 851 4361 τὴν
875 4291 1127 4362 καρδίαν,
1173 4292 1341 4346 ἐλθὼν
1370 4296 1427 4348 ἐν
1465 4295 1544 4366 τῷ
1597 4297 1838 4370 ’Δνὰπλῳ

1949 4302 2152 4358 latione
2170 4301 2463 4372 instigatus
2496 4301 2613 4370 ipse
2646 4313 2865 4369 quoque
2893 4299 3205 4355 columnam
3256 4314 3521 4358 conscen-

260 4383 432 4454 ἐπέϐη
466 4383 563 4436 καὶ
598 4383 760 4446 αὐτὸς
807 4383 886 4453 τῷ
913 4384 1110 4453 στύλῳ,
1156 4384 1369 4438 πολλῶν
1414 4387 1510 4440 καὶ
1571 4390 1838 4457 μεγίστων

1946 4394 2049 4460 dit,
2088 4394 2365 4463 multaque
2386 4402 2440 4448 et
2458 4390 2696 4447 maxima
2729 4390 2901 4447 edidit
2930 4391 3219 4449 miracula.
3254 4391 3520 4450 Perman-

262 4474 559 4543 θαυμάτων
579 4472 876 4542 αὐτουργὸς
900 4472 1212 4544 γενόμενος,
1249 4474 1505 4546 διήρκεσε
1546 4477 1605 4531 δέ
1650 4479 1709 4533 ἐν
1764 4478 1838 4551 τῷ

1947 4485 2019 4541 sit
2042 4484 2096 4539 in
2122 4484 2374 4541 columna
2406 4482 2660 4553 usquead
2679 4489 3166 4553 quartum‘annnm
3192 4481 3391 4540 Leonis
3404 4482 3521 4539 Ma-

263 4565 399 4617 κίονι
424 4564 554 4632 ἄχρι
576 4560 671 4615 τοῦ
692 4562 953 4633 τετάρτου
984 4563 1137 4629 ἔτους
1175 4567 1271 4619 τοῦ
1300 4565 1565 4635 βασιλέως
1610 4569 1838 4634 Λέοντος

1942 4575 2032 4647 gni
2058 4591 2073 4642 ;
2096 4583 2261 4645 atque
2295 4576 2371 4630 ita
2407 4575 2478 4630 ad
2504 4575 2796 4631 Dominum
2816 4574 3305 4647 emigravit,bonis
3324 4576 3516 4647 operi-

268 4655 352 4707 τοῦ
385 4655 661 4722 Μεγάλου,
680 4657 772 4707 καὶ
793 4655 966 4718 οὕτως
992 4656 1126 4727 πρὸς
1156 4655 1360 4729 Κύριον
1383 4657 1684 4732 ἐξεδήμησε
1708 4662 1844 4734 πλή-

266 4764 364 4818 ρης
401 4747 624 4815 ἀγαθῶν
645 4745 845 4816 ἔργων.

331 4837 423 4906 Τῷ
443 4845 536 4901 κς¹
562 4836 672 4889 ἔτει
705 4838 1036 4906 παρεγένετο
1063 4839 1505 4905 Οὖαλεντινιανὸς
1550 4844 1657 4897 ἀπὸ
1694 4843 1840 4897 Ῥώ-

267 4946 371 4995 μης
403 4930 463 4980 ἐν
491 4928 1082 4995 Κωνσταντινουπόλει,
1131 4931 1225 4985 καὶ
1259 4931 1430 5002 ἐγημε
1476 4937 1710 5000 γυναῖκα
1735 4935 1836 5006 τὴν

1946 4667 2052 4727 bus
2074 4667 2289 4725 abunde
2323 4667 2603 4739 praestitis.

2013 4848 2169 4900 Anno
2194 4846 2455 4901 vicesimo
2493 4851 2651 4902 sexto
2674 4844 3086 4900 Valentinianus
3120 4842 3289 4898 Roma
3324 4842 3518 4913 Cpolin

1940 4936 2108 4999 venit,
2132 4936 2397 5006 duxitque
2416 4951 2643 4991 uxorem
2677 4935 2841 4989 tiliam
2874 4934 3171 4991 Theodosii
3221 4937 3519 5006 imperato-

264 5017 539 5087 θυγατέρα
571 5017 853 5072 Θεοδοσίου
885 5019 979 5073 τοῦ
1016 5019 1278 5088 βασιλέως
1307 5023 1589 5089 Εὐδοξίαν,
1624 5024 1723 5097 τὴν
1778 5025 1837 5091 ἐξ

1937 5026 2015 5081 ris
2074 5024 2397 5089 Eudoxiam,
2442 5041 2505 5082 ex
2543 5024 2785 5081 Eudocia
2831 5027 2934 5098 ipsi
2982 5035 3188 5090 natam,
3248 5025 3520 5094 rediitque

266 5109 526 5171 Ευὸοκίας
560 5110 913 5179 γεννηθεῖσαν
969 5112 1140 5182 αὐτῷ,
1177 5115 1271 5167 καὶ
1322 5115 1485 5170 πάλιν
1535 5117 1837 5187 ἐπανῆλθεν

264 5203 321 5251 ἐν
371 5199 578 5270 Ῥώμῃ.
604 5200 780 5271 Κῦρος
810 5203 1048 5274 ἔπαρχος
1079 5206 1179 5276 τῆς
1213 5206 1443 5272 πόλεως,
1487 5209 1625 5279 ἀνὴρ
1659 5208 1835 5278 σοφὼ-

1942 5114 2190 5170 Bornam.
2216 5113 2393 5186 Cyrus
2424 5114 2579 5172 urbis
2598 5116 2905 5186 prmlectus,
2943 5116 3109 5171 ltomo
3171 5113 3517 5185 sapientissi-

1941 5223 2064 5262 mus
2086 5218 2252 5277 atquc
2298 5208 2639 5275 industrius,
2679 5217 2992 5263 terrestrem
3052 5208 3240 5275 Cpolis
3295 5221 3513 5261 murum

272 5307 418 5351 ..ατος
469 5291 567 5343 καὶ
609 5292 810 5357 ἱκανὸς,
863 5295 1171 5358 καταλύσας
1228 5297 1288 5350 τὸ
1340 5300 1593 5369 χερσαῖον
1660 5302 1837 5370 τεῖχος

1940 5298 2238 5356 demolitus
2258 5310 2339 5357 est
2361 5320 2376 5368 ;
2396 5302 2633 5372 aliisque
2662 5301 2877 5358 duobus
2902 5300 3205 5357 intervallis
3222 5298 3387 5372 599
3419 5300 3516 5355 ad-

268 5381 883 5449 Ιίωνσταντινουπόλεως
916 5385 1011 5440 καὶ
1043 5388 1295 5456 προσθεὶς
1331 5390 1463 5443 ἄλλα
1489 5388 1835 5460 διαστήματα

1941 5392 2092 5457 ditis,
2116 5393 2281 5448 alium
2317 5394 2689 5449 murumintra
2717 5393 3120 5464 sexagesimum
3135 5392 3277 5447 diem
3297 5401 3514 5448 exstru-

336 5526 536 5583 ηοω).
568 5546 643 5594 ιν,
685 5530 769 5583 12.

1410 5624 1763 5682 XYLANDRI
1796 5624 1883 5680 ET
1910 5623 2121 5681 GOARI
2159 5622 2384 5679 NOTAE.

336 5742 443 5815 (U2)
482 5741 586 5797 (ΖΡ.
619 5742 760 5815 1οςοῄ
787 5742 878 5815 ita
932 5752 1146 5815 vocato.
1184 5742 1359 5815 Cpan.
1400 5778 1471 5792 -—
1518 5745 1821 5809 Ἀνάπλους

1929 5751 2138 5815 ιιοι·ρι·εε
2166 5742 2459 5815 Nicephori
2486 5747 2775 5802 transitum
2835 5744 3012 5807 vertit,
3039 5759 3128 5806 xv,
3198 5740 3289 5797 2‘3.
3326 5740 3509 5810 Appao

272 5822 345 5868 tet
377 5813 541 5871 fuisse
575 5812 892 5869 sulmrhium
924 5812 1175 5882 Cpoleos.
1212 5813 1341 5871 Xrt..

623 5908 890 5969 Patent”
935 5908 1052 5967 GR.
1085 5907 1298 5972 CXXI.
3111 5899 3181 5961 21
