4214 6450
234 419 344 482 653

1325 418 1872 480 HISTORIARUM
1899 418 2435 482 COMPENDIUM.

3397 411 3507 475 654

231 530 309 592 ὡς
350 524 827 598 κατεπαιρομένου
860 524 954 578 τοῦ
985 524 1250 596 βασιλέως
1285 529 1378 582 καὶ
1407 527 1811 598 καταφρονοῦν-

1932 537 2234 598 peratorem
2273 542 2369 598 per
2410 535 2788 596 contemptum
2843 544 2901 579 se
2959 521 3265 577 extulisset.
3310 519 3504 589 Itaque

234 637 328 682 ετος
361 616 549 670 αὐτοῦ.
583 617 675 668 Διὸ
733 616 827 668 καὶ
867 616 1033 686 νόμον
1086 615 1299 682 ἐξέθετο
1339 617 1414 687 μὴ
1471 616 1823 687 εἰσέρχεσθαιι

236 714 317 775 εἰς
370 712 661 782 πατρικίου
718 709 879 774 ἀξίαν
921 708 1196 779 εὐνοῦχον.
1239 704 1412 772 Οὗτος
1474 711 1502 762 ὀ
1549 708 1825 772 Θεοδόσιος

235 804 626 875 εὐμετὰγωγος
657 798 726 872 ἦν
755 802 982 872 σφόδρα,
1005 802 1327 872 πειθόμενος
1355 804 1467 865 τοῖς
1489 801 1824 854 ὑποϐάλλου-

236 915 324 950 σιν
348 895 499 965 αύτῷ
523 895 769 957 οἰκείοις,
803 894 878 957 ὡς
912 893 1174 957 πολλάκις
1208 895 1306 947 καὶ
1341 894 1577 965 γέτιτους
1607 892 1717 964 (66)
1751 893 1827 962 μὴ

235 987 632 1054 ἀναγινώσκων
667 987 1008 1057 ὑπέγραψεν.
1071 985 1249 1055 Ὅπερ
1301 984 1551 1056 μαθοῦσα
1589 984 1828 1054 Πούλχε-

238 1084 332 1153 ρία
358 1084 391 1148 ὴ
423 1079 588 1134 αὑτοῦ
608 1078 837 1149 ἀδελφὴ,
860 1081 954 1131 καὶ⁹
987 1076 1251 1140 πολλάκις
1290 1076 1683 1147 νουθετήσασα,
1703 1077 1828 1129 ἐπεὶ

235 1175 336 1226 οὐκ
367 1171 584 1235 ἔπειθε,
610 1170 788 1238 σοφῶς
824 1168 1068 1240 ὑπῆλθεν
1108 1168 1292 1234 αὑτὸν,
1345 1168 1439 1222 καὶ
1477 1167 1688 1238 δωρεὰν
1736 1168 1829 1237 δῆ-

237 1265 331 1319 θεν
372 1266 516 1318 αἰτεῖ
545 1263 687 1335 ’ἡδ’
711 1259 777 1335 ἦν
816 1263 950 1334 πρὸς
1000 1262 1242 1316 δουλείαν
1291 1261 1610 1332 ἐκχωροῦςα
1671 1260 1830 1314 E650-

237 1359 365 1410 κίαν
407 1357 505 1426 τὴν
534 1353 702 1409 αὐτοῦ
734 1355 1002 1425 γαμετήν.
1037 1354 1384 1424 Προσήνεκτο
1408 1355 1588 1406 τοίνυν
1618 1354 1646 1405 ὁ
1671 1353 1828 1407 τοῦτο

237 1450 665 1518 διαταττόμενος
690 1447 902 1518 χάρτης
937 1447 1036 1502 καὶ
1079 1447 1232 1517 παρὰ
1277 1445 1372 1499 τοῦ
1431 1445 1696 1516 βασιλέως
1727 1447 1830 1500 ὑπο

238 1539 588 1610 εσημαίνετο.
618 1539 772 1592 Μετὰ
795 1539 850 1591 δὲ
883 1538 1044 1591 τοῦτο
1070 1537 1508 1606 ἀναγνωσθέντος
1531 1538 1698 1592 αὑτοῦ
1719 1540 1828 1592 δειο

238 1633 343 1694 νῶς
373 1632 477 1685 ὑπὸ
514 1631 614 1700 τῆς
650 1631 982 1702 Πούλχερίας
1009 1633 1317 1706 ὡνειδίσθη,
1339 1635 1434 1688 καὶ
1465 1636 1650 1689 ἔκτοτε
1674 1635 1831 1703 ἀκρί-

238 1717 394 1770 ϐειαν
435 1718 544 1770 τῶν
592 1720 847 1772 τοιούτων
898 1721 1091 1776 ἐποίει.
1127 1723 1250 1776 Ἐπὶ
1298 1723 1493 1778 τούτου
1529 1724 1623 1778 τοῦ
1675 1724 1830 1794 βασι-

241 1810 379 1870 λέως
410 1812 473 1862 ἐκ
514 1811 621 1862 τῶν
652 1811 866 1864 Γότθων
895 1813 1119 1880 γέγονεν
1152 1814 1278 1885 έθνη
1311 1815 1576 1888 τέσσαρα,
1615 1817 1822 1883 Γότθοι,

246 1900 577 1968 Ὑπόγοτθοι
617 1901 753 1972 (67),
796 1904 1034 1973 Γήπεδες
1075 1907 1169 1959 καὶ
1236 1907 1551 1977 Ούάνδηλοι.
1631 1908 1720 1974 Ἐξ
1747 1901 1823 1962 ὧν

245 1993 479 2064 Ἀσαρις
539 1993 648 2064 (68)
702 1995 906 2066 ἤρξατο
959 1995 1224 2070 διαπερᾷν
1284 1999 1341 2052 ὲν
1399 2001 1466 2068 τῇ
1541 1999 1829 2070 Ῥωμαίων

243 2105 336 2157 7?}-

312 2180 404 2248 Τῷ
437 2179 514 2233 λθ⁹
545 2182 654 2234 ἔτει
686 2180 952 2254 Κύριλλος
999 2185 1406 2254 ’Δλεξανδρεέας
1446 2188 1539 2241 καὶ
1588 2186 1829 2258 Πρόκλος

241 2273 875 2340 Κωνσταντινουπόλεως
900 2277 1140 2340 εὐσεϐῶς
1173 2279 1570 2350 ἐκοιμήθησαν.
1605 2282 1716 2335 Καὶ
1737 2280 1830 2333 τὸν

246 2361 345 2434 μὲν
380 2365 622 2434 Πρόκλον
664 2368 964 2433 Φλαϐιανὺς
1016 2369 1100 2440 [Ρ.
1126 2368 1252 2443 545]
1307 2373 1679 2444 πρεσὸύτερος
1737 2375 1831 2426 καὶ

244 2457 588 2525 σκευοφύλαξ
613 2457 723 2528 (69)
754 2459 1016 2528 Μεγάλης
1034 2462 1362 2534 Ἐκκλησίας
1385 2465 1826 2519 Κωνσταντινου-

246 2547 454 2610 πόλεως
476 2548 766 2616 διεδέξατο,
794 2550 1060 2622 Κύριλλον
1081 2553 1136 2606 δὲ
1166 2555 1454 2625 Διόσκορος
1492 2557 1520 2609 ό
1543 2556 1828 2628 δυσσεϐὴς,

249 2638 373 2706 μηδ’
405 2637 542 2701 ὅλως
585 2637 661 2694 ὢν
692 2639 1092 2710 διδασκαλικὸς,
1125 2645 1346 2715 ἀχρεῖος
1382 2645 1446 2714 δὲ,
1493 2648 1589 2700 καὶ
1629 2647 1831 2719 ἀνήμε-

250 2743 362 2798 ρος,
389 2729 687 2799 ἐξαιρέτως
729 2731 785 2784 δὲ
821 2733 879 2785 ἐν
915 2736 1029 2797 τοῖς
1059 2735 1347 2803 συγγενέσι
1379 2737 1648 2806 Κυρίλλου
1678 2740 1831 2808 γενό-

250 2833 434 2886 μενος’
473 2819 750 2890 αἱρετικδς
811 2821 918 2893 γὰρ
973 2819 1063 2892 ἦν,
1116 2823 1176 2888 ἐξ
1232 2823 1457 2878 ἁπαλῶν
1500 2825 1708 2896 ὀνύχων
1765 2827 1832 2881 τὰ

260 2909 571 2980 Ὠριγὲνους
602 2913 838 2982 φρονῶν.

313 3002 406 3071 Τῷ
436 3007 528 3071 μα’
554 3001 665 3057 ἔτει
696 3005 728 3074 ἡ
759 3004 1028 3078 λῃστρικὴ
1064 3008 1159 3061 καὶ
1205 3009 1522 3079 παράνομος
1551 3009 1832 3081 συνηθροί-

253 3091 352 3163 σθη
390 3093 634 3158 σύνοδος,
666 3095 762 3148 τοῦ
785 3096 1045 3168 κριθῆναι
1083 3097 1153 3152 τὰ
1209 3100 1337 3171 περὶ
1383 3100 1683 3155 erasmus
1738 3103 1834 3156 καὶ

1931 622 2094 674 etiam
2144 621 2314 690 legem
2348 619 2464 673 tulit
2519 635 2584 673 ne
2613 617 2737 688 quis
2785 615 3072 670 eunuchus
3105 613 3369 684 dignitate
3408 626 3506 679 pa-

1931 713 2074 766 tricii
2111 721 2420 767 ornaretur.
2470 709 2596 764 Fuit
2653 711 2952 780 imperator
2987 708 3090 762 iste
3135 705 3301 759 nimis
3339 717 3504 773 quam

1934 799 2172 863 mobilis,
2201 800 2445 869 adeoque
2474 799 2730 869 proclivis
2781 797 2846 852 ad
2895 793 3313 866 obsequendum
3345 792 3504 847 fami-

1930 892 2161 947 liaribus
2197 892 2404 963 aliquid
2433 891 2814 958 suadentibus,
2835 901 2892 946 ut
2915 906 3057 960 szepe
3082 888 3247 942 etiam
3282 885 3505 941 schedis

1931 999 2040 1040 non
2070 985 2227 1040 lectis
2250 985 2647 1041 subscriberet.
2681 984 2837 1051 Quod
2871 999 2995 1038 cum
3037 979 3505 1035 animadverteret

1930 1093 2091 1134 soror
2117 1079 2240 1149 ejus
2262 1077 2550 1133 Pulcheria
2569 1119 2584 1144 ,
2611 1088 2664 1134 et
2698 1092 2840 1147 saepe
2867 1075 3186 1146 castigando
3217 1072 3350 1126 nihil
3379 1085 3506 1140 pro-

1932 1169 2141 1235 ficeret,
2171 1171 2369 1226 callide
2406 1185 2530 1225 eum
2561 1169 2754 1224 adorta
2783 1177 2889 1226 est.
2923 1168 3056 1221 Nam
3088 1169 3192 1224 sub
3232 1169 3504 1236 printextu

1931 1261 2150 1334 petendi
2186 1265 2452 1326 muneris,
2477 1263 2580 1318 sibi
2604 1263 2658 1316 in
2691 1264 3010 1317 servitutem
3040 1262 3182 1316 tradi
3205 1261 3504 1317 Eudociam

1933 1353 2120 1408 fratris
2151 1369 2377 1409 uxorem
2409 1371 2504 1426 per
2533 1355 2743 1409 litteras
2782 1355 3016 1425 petebat.
3048 1355 3153 1409 Eas
3185 1353 3252 1407 ad
3283 1369 3342 1409 se
3368 1354 3504 1408 alla-

1930 1455 2017 1504 tas
2060 1448 2361 1517 imperator
2407 1449 2590 1518 sigillo
2615 1447 2978 1504 confirmavit.
3016 1447 3214 1502 Postea
3248 1447 3316 1501 iis
3352 1446 3508 1500 lectis

1933 1539 2134 1593 acriter
2161 1547 2248 1595 est
2297 1553 2326 1593 a
2363 1539 2649 1595 Pulcheria
2679 1540 3026 1610 objurgatus,
3053 1549 3216 1609 atque
3257 1538 3382 1593 inde
3423 1548 3509 1590 ta-

1936 1631 2080 1684 libus
2129 1631 2182 1684 iu
2236 1630 2402 1686 rebus
2446 1631 2857 1685 accurationem
2910 1630 3181 1685 adhibuit.
3225 1629 3386 1700 θυι
3432 1627 3511 1680 Eo

1933 1727 2235 1793 imperante
2261 1721 2444 1780 Gottbi
2476 1727 2530 1779 in
2557 1733 2792 1794 quatuor
2820 1732 3012 1796 gentes
3045 1723 3205 1778 divisi
3248 1723 3398 1786 suiit,
3451 1722 3506 1774 in

1932 1813 2161 1883 Gothos,
2197 1817 2570 1888 Hypogothos,
2614 1815 2851 1886 Gepidas
2877 1825 2929 1870 et
2953 1814 3253 1870 Vandalos.
3287 1812 3362 1868 Ex
3383 1813 3509 1883 qui-

1933 1908 2036 1964 bus
2065 1908 2259 1962 Abaris
2291 1908 2460 1978 cmpit
2508 1906 2808 1963 Romanam
2855 1907 3118 1963 ditionem
3183 1906 3483 1979 pcragrari.

2001 2179 2160 2230 Anno
2184 2175 2252 2230 59
2280 2174 2518 2245 Cyrillus
2564 2172 2911 2228 Alexandrire
2971 2182 3025 2227 et
3055 2172 3280 2227 Proclus
3316 2169 3506 2241 Cpolis

1933 2262 2178 2335 episcopi
2214 2263 2303 2334 pie
2331 2263 2442 2318 vita
2476 2261 2722 2317 defuncti
2751 2272 2900 2317 sunt.
2937 2265 3012 2317 Ac
3043 2261 3237 2318 Proclo
3285 2263 3510 2334 quidem

1932 2353 2209 2410 successit
2274 2351 2570 2408 Flavianus
2631 2353 2918 2424 presbyter
2968 2353 3292 2423 Magnaque
3348 2351 3510 2407 IEdis

1932 2447 2235 2518 Cpolitanae
2266 2461 2526 2503 vasorum
2558 2459 2749 2501 custos
2782 2485 2798 2512 ,
2834 2446 3036 2517 Cyrillo
3066 2454 3246 2499 autem
3281 2444 3512 2499 DiOsco-

1935 2553 2032 2593 rus
2063 2537 2288 2608 impius,
2346 2537 2413 2590 ad
2444 2536 2747 2590 docendum
2787 2551 3131 2606 nequaquam
3187 2547 3370 2605 aptus,
3411 2537 3510 2592 sed

1934 2627 2146 2682 inutilis
2179 2636 2237 2682 et
2264 2626 2469 2682 en‘erus
2491 2668 2504 2692 ,
2536 2629 2808 2698 praecipue
2838 2643 2981 2683 unus
3010 2627 3077 2682 de
3105 2626 3292 2699 Cyrilli
3323 2628 3512 2682 inimi-

1936 2721 2016 2777 cis
2047 2737 2060 2774 :
2097 2735 2224 2775 nam
2256 2736 2285 2775 a
2310 2722 2517 2776 teneris
2537 2721 2648 2792 jam
2687 2721 2812 2776 inde
2845 2720 3159 2793 unguiculis
3187 2718 3512 2793 Origenicas

1936 2815 2173 2872 haereses
2205 2814 2514 2870 imbiberat.

2007 2995 2165 3052 Anno
2190 2996 2253 3050 41
2285 2995 2594 3052 latrociniis
2616 2996 2834 3051 infamis
2857 3007 3017 3066 atque
3047 2996 3259 3068 legibus
3280 2998 3511 3054 adversa

1939 3089 2030 3144 illa
2059 3088 2306 3159 synodus
2325 3089 2555 3144 collecta
2583 3097 2668 3144 est
2691 3089 2758 3143 ad
2801 3091 3236 3146 controversiam
3261 3087 3508 3144 Flaviani

252 3185 551 3256 Εὐτυχοῦς,
585 3187 689 3240 ὑπὸ
710 3189 1004 3259 Διοσκόρου
1032 3189 1126 3244 τοῦ
1154 3192 1471 3259 δυσσεϐοῦς,
1508 3194 1650 3246 κατά
1684 3211 1826 3264 παρ-

1937 3191 2103 3254 atque
2142 3182 2464 3253 Eutychetis
2501 3183 2918 3251 disceptandam
2952 3197 2980 3236 a
3024 3178 3289 3237 Dioscoro
3321 3182 3511 3252 impio.

251 3277 459 3331 αἱνεσιν
489 3280 804 3349 Χρυσαφξου
829 3282 1084 3354 εὐνούχου
1106 3283 1166 3337 τὸ
1204 3284 1434 3354 ἐπίκλην
1461 3287 1678 3356 Ζουμνᾶ
1699 3287 1832 3356 GU),

249 3370 348 3440 τὴν
372 3369 465 3424 τοῦ
497 3371 762 3440 βασιλέως
799 3373 1077 3445 ἁπλότητα
1111 3376 1575 3447 παραπείσαντος.

319 3549 412 3620 Τῷ
449 3550 659 3606 ἐπιόντι
686 3552 741 3605 δὲ
766 3551 963 3624 καιρῷ,
998 3555 1166 3624 ἤγουν
1195 3554 1272 3625 τῷ
1303 3552 1414 3624 μβ’,
1443 3556 1605 3624 γνοὺς
1628 3557 1656 3609 ό
1703 3556 1835 3609 Θεο-

252 3642 431 3707 δόσιος
465 3644 540 3706 ὡς
571 3645 849 3715 ἡπάτηται
889 3647 1036 3714 παρά
1062 3647 1404 3716 Χρυσαφίου,
1471 3649 1689 3716 πρῶτον
1739 3649 1837 3720 μὲν

253 3735 415 3788 αὑτὸν
441 3733 672 3805 ἐξορίζει
712 3737 791 3799 εἷς
833 3753 953 3788 τινα
984 3737 1166 3806 νῆσον,
1221 3741 1286 3810 τῇ
1338 3738 1572 3811 Εὐδοκίᾳ
1630 3740 1686 3793 δὲ
1741 3741 1836 3795 καλΙ

255 3825 538 3896 Λύγούστῃ
574 3827 896 3897 ἐπιφέρεται
929 3829 1198 3900 σφοδρῶς,
1235 3831 1456 3885 πάντων
1504 3832 1614 3886 τῶν
1645 3833 1832 3887 κακῶν

255 3913 432 3965 αἰτίαν
489 3914 662 3983 αὐτὴν
718 3915 1012 3969 ἀποκαλῶν
1065 3918 1142 3982 ὡς
1198 3920 1289 3972 καὶ
1341 3919 1674 3993 Πουλχερίαν
1723 3921 1834 3975 τῶν

256 4007 543 4076 βασιλείων
587 4009 982 4076 ἀποδιώξασαν,
1020 4012 1135 4082 ἅμα
1186 4012 1241 4066 δὲ
1301 4017 1394 4066 καὶ
1440 4014 1510 4068 τὰ
1565 4017 1704 4069 κατὰ
1745 4016 1834 4069 τὸν

256 4102 523 4156 Παυλῖνον
555 4100 828 4165 ὀνειδίζων
860 4104 1018 4174 αὐτῇ,
1047 4104 1185 4173 ὑπὲρ
1208 4105 1300 4156 τοῦ
1332 4105 1503 4176 μήλου
1529 4107 1830 4161 ἀποθανόν-

254 4208 340 4243 τα.
384 4192 450 4243 Ἣ
483 4192 539 4243 δὲ
573 4191 888 4259 ἀπογνοῦσα
927 4194 1305 4264 παρεκάλεσεν
1345 4197 1437 4248 ἐπὶ
1487 4199 1558 4249 τὰ
1607 4197 1833 4269 Ἱεροσό-

254 4281 401 4350 λυμα
465 4281 804 4351 ἀπολυθῆναι
849 4285 1020 4354 αὑτήν
1048 4301 1060 4315 ·
1114 4287 1144 4340 ὃ
1178 4286 1269 4340 καὶ
1324 4288 1532 4356 γέγονε,
1565 4287 1833 4359 λαϐούσης

260 4374 374 4441 μεθ’
410 4373 612 4444 ἑαυτῆς
643 4375 881 4446 Σεὸῆρον
907 4378 1004 4430 τὸν
1030 4378 1402 4449 πρεσόύτερον
1456 4382 1550 4433 καὶ
1589 4379 1834 4436 διάκονον

269 4467 545 4537 Ἰωάννην.
574 4467 776 4520 Μαθὼν
801 4469 855 4521 δὲ
876 4470 904 4522 ό
936 4470 1190 4538 βασιλεὺς
1225 4471 1308 4522 ὅτι
1348 4464 1495 4524 οὗτοι
1519 4472 1615 4525 καὶ
1659 4475 1715 4527 ἑν
1764 4477 1832 4546 τῇ

259 4560 411 4612 πόλει
437 4559 573 4630 πρὸς
600 4559 769 4632 αὐτὴν
796 4561 1111 4632 ὲσύχναζον,
1162 4563 1490 4626 ἀποστείλας
1546 4564 1831 4633 ἀπεκεφά-
1859 4547 1913 4608 D

257 4651 401 4705 λισεν
423 4651 620 4714 αὐτούς
645 4670 660 4684 ·
691 4653 786 4722 τὴν
821 4653 878 4706 δὲ
900 4655 1061 4721 ἁγίαν
1096 4655 1425 4726 Πουλχερίαν
1462 4655 1600 4725 μετά
1633 4655 1832 4727 πολλῆς

259 4743 661 4811 παρακλήσεως
687 4745 982 4815 εισήγαγεν
1013 4746 1091 4808 είς
1120 4746 1188 4798 τὰ
1213 4747 1456 4815 βασίλεια
1480 4764 1493 4777 ·
1518 4748 1641 4816 ἥτις
1671 4748 1832 4811 εὐθὺς

259 4837 624 4890 ἁποστείλασα
697 4838 776 4899 εἰς
824 4837 1056 4904 Ἔφεσον
1113 4838 1286 4909 ἤγαγε
1325 4839 1384 4890 τὸ
1437 4839 1686 4907 λείψανον
1737 4839 1832 4891 τοῦ

258 4929 412 4994 ἁγίου
435 4927 763 4980 Φλαῦιανοῖο.
800 4927 933 4980 Τότε
965 4928 1059 4980 καὶ
1105 4929 1204 4996 τὴν
1252 4927 1359 4979 τῶν
1401 4929 1831 4998 Χαλκοπρατίων

260 5020 553 5090 ἐκκλησίαν
585 5023 650 5089 τῇ
679 5019 928 5089 Θεοτόκῳ
979 5021 1258 5089 ἀνήγειρε,
1323 5022 1645 5091 συναγωγὴν
1709 5021 1829 5073 Ἰου-

1943 3277 2164 3331 hortatu
2187 3274 2512 3344 Chrysaphii
2547 3275 2615 3345 (is
2643 3275 2750 3330 alio
2773 3276 2997 3331 nomine
3040 3274 3284 3331 lumnas
3328 3281 3514 3346 appel-

1941 3369 2179 3443 labatur)
2195 3369 2456 3434 eunuchi,
2491 3370 2584 3438 qui
2613 3368 2714 3424 hoc
2755 3367 3139 3439 persuadendo
3168 3369 3514 3441 imperatoris

1940 3461 2275 3529 simplicitati
2317 3462 2675 3530 imposuerat.

2009 3551 2168 3605 Anno
2204 3552 2453 3622 proxime
2485 3558 2759 3617 insecuto,
2786 3553 2880 3618 qui
2915 3549 3016 3607 fuit
3049 3553 3140 3620 42,
3172 3552 3515 3610 Theodosius

1941 3659 2000 3700 se
2031 3659 2060 3697 a
2090 3643 2436 3716 Chrysaphio
2467 3645 2754 3714 deceptum
2801 3646 3046 3701 sentiens
3084 3661 3208 3702 eum
3242 3647 3297 3702 in
3322 3662 3515 3716 quam-

1939 3737 2065 3789 dam
2106 3735 2342 3792 insulam
2386 3736 2609 3806 rclegat.
2635 3735 2934 3791 Eudociam
2961 3752 3182 3808 quoque
3211 3740 3511 3810 Augustam

1938 3831 2176 3899 graviter
2211 3827 2466 3899 objurgat
2489 3868 2503 3891 ,
2548 3829 2792 3882 ninnium
2824 3830 3092 3884 malorum
3128 3845 3246 3885 eam
3284 3845 3507 3886 causam

1938 3922 2088 3977 etab
2111 3935 2174 3976 ea
2210 3919 2558 3977 Pulcheriam
2606 3922 2728 3976 aula
2779 3921 2950 3978 fuisse
3008 3922 3220 3992 pulsam
3279 3922 3506 3991 dicens;

1939 4012 2105 4068 simul
2135 4019 2190 4067 et
2223 4009 2510 4066 Paulinum
2536 4013 2875 4081 exprobrans
2898 4013 2972 4076 ei,
2993 4029 3153 4083 quem
3176 4016 3322 4084 pomi
3343 4022 3508 4070 causa

1939 4116 2194 4160 necatum
2229 4104 2398 4159 fuisse
2422 4104 2939 4161 demonstravimus.
2977 4106 3237 4173 Eudocia,
3263 4109 3340 4164 rei
3373 4109 3510 4163 indi-

1939 4195 2201 4265 guitatem
2235 4207 2342 4247 non
2398 4192 2602 4257 ferens,
2658 4195 2811 4263 petiit
2870 4203 2928 4248 ut
2987 4193 3361 4268 Hierosolyma
3402 4198 3505 4252 sibi

1939 4287 2092 4342 abire
2118 4287 2342 4350 liceret;
2366 4300 2476 4354 quo
2509 4286 2824 4357 impetrato,
2853 4302 2917 4339 eo
2947 4302 3006 4342 se
3038 4291 3288 4353 contulit,
3310 4290 3509 4346 comite

1940 4377 2140 4433 Severo
2201 4376 2518 4448 presbytero
2564 4387 2616 4432 et
2649 4379 2879 4432 diacono
2923 4377 3150 4434 Joanne.
3186 4381 3348 4451 602
3399 4381 3506 4435 lm-

1939 4478 2159 4540 perator
2187 4469 2410 4538 cognito
2455 4468 2578 4524 illos
2609 4469 2772 4523 etiam
2827 4471 2880 4524 in
2924 4471 3054 4526 urbe
3088 4474 3400 4543 frequenter
3439 4476 3504 4528 ad

1942 4563 2114 4634 ipsam
2149 4577 2513 4626 commeasse,
2553 4563 2738 4617 missis
2793 4564 3142 4619 carnificibus
3197 4565 3374 4635 capita
3415 4582 3509 4622 eo-

1944 4670 2064 4710 rum
2105 4654 2376 4725 amputari
2412 4654 2601 4724 jussit.
2635 4653 2890 4709 Sanctam
2941 4665 3123 4710 autem
3163 4658 3507 4713 Pulcheriam

1945 4749 2129 4804 multis
2181 4748 2364 4802 verbis
2421 4749 2740 4804 consolatus
2792 4749 2844 4801 in
2902 4749 3080 4801 aulam
3138 4750 3374 4805 reduxit.
3431 4751 3508 4805 Ea

1944 4841 2127 4897 statim
2181 4837 2452 4909 Ephesum
2487 4840 2635 4892 misit
2666 4841 2758 4907 qui
2793 4842 2966 4894 sancti
3007 4839 3248 4895 Flaviani
3275 4842 3507 4898 cadaver

1944 4930 2218 4986 afferrent.
2247 4929 2403 4983 Tunc
2447 4937 2501 4985 et
2527 4929 3033 5000 Chalcopratiorum
3066 4933 3238 4987 tndem
3272 4923 3363 4988 Dei
3405 4934 3510 4989 Ge-

1943 5021 2126 5076 nilrici
2177 5021 2490 5087 :cdilicavit,
2548 5039 2673 5074 tlllll
2738 5021 2782 5074 is
2841 5023 2991 5078 locus
3035 5039 3161 5078 ante
3193 5023 3506 5082 Judzeorum

1409 5159 1764 5217 XYLANDRI
1803 5160 1890 5216 ET
1931 5159 2143 5215 GOARI
2175 5159 2401 5214 ΝΟΤιΕ.

261 5278 506 5334 sacerdos
532 5276 616 5331 vel
647 5275 868 5329 clericus
910 5274 1171 5344 privatus,
1199 5275 1252 5329 in
1289 5274 1486 5330 saeculo
1519 5283 1699 5328 tamen
1731 5278 1824 5329 dc-

263 5366 426 5420 gens;
455 5349 566 5420 ille,
591 5362 752 5420 papa,
781 5345 1062 5420 Romanus
1097 5345 1379 5420 perutile}.
1418 5346 1490 5420 De
1530 5345 1620 5420 i|_|o
1656 5362 1827 5420 nuper

262 5415 452 5472 auctor
487 5419 581 5472 l'ol.
613 5417 716 5471 359
745 5434 756 5470 :
797 5415 1062 5484 Κύριλλος
1097 5415 1529 5484 Ἀλεξανδρείας,
1563 5415 1617 5476 ὃς
1668 5417 1827 5467 Κελε-

265 5490 438 5542 στίνου
472 5489 628 5540 πάπα
670 5485 886 5554 Ῥώμης
918 5485 1009 5537 τὸν
1050 5485 1214 5536 τόπον
1246 5486 1438 5538 διεῖπε.
1490 5485 1561 5538 De
1591 5486 1691 5538 hoc
1735 5488 1826 5536 Al-

268 5561 448 5618 latius,
476 5572 683 5610 neeum:
711 5557 975 5608 Codinus.
1029 5554 1324 5609 Choniates
1365 5559 1529 5608 ctiam
1563 5554 1657 5605 τοῦ
1699 5556 1828 5606 ποτὲ

264 5633 289 5679 ὁ
315 5629 536 5692 παπᾶ;;
567 5627 932 5695 Theophanes
957 5643 968 5677 :
996 5628 1022 5677 ὁ
1049 5625 1225 5692 Κῦρος
1249 5626 1583 5695 προσφυγὼν
1606 5628 1670 5694 τῇ
1716 5625 1830 5676 Ἐκ-

267 5699 460 5767 adnisi;
491 5698 705 5765 ἐγένετο
741 5697 948 5758 παπᾶς.
989 5695 1158 5767 (lusa.

335 5765 450 5837 (liti)
478 5769 837 5837 Communius
896 5775 1075 5820 tamen
1113 5766 1313 5819 dicitur
1355 5765 1562 5837 χάρτης
1597 5783 1610 5819 ;
1643 5781 1669 5817 a
1698 5781 1829 5835 quo,

267 5851 408 5903 reor,
447 5847 600 5894 vetus
633 5836 900 5892 Gallicqu
933 5837 1262 5892 vocabulum
1316 5837 1496 5892 charte
1519 5848 1572 5894 et
1597 5837 1827 5892 clam-ire.

1943 5275 2078 5327 Ἀπὸ
2098 5274 2192 5326 τοῦ
2240 5273 2405 5342 χωρῶ
2438 5271 2656 5325 (Ιιιιιυιὲι
2697 5272 2932 5327 Lexicon
2983 5288 3315 5342 auonymum
3371 5275 3498 5330 Bibl.

1931 5343 2128 5414 Regia.
2160 5345 2333 5397 GOAB.

2027 5416 2116 5481 67)
2157 5415 2314 5468 Forte
2349 5414 2679 5483 Visigothos.
2716 5414 2843 5468 λιιι.

2029 5485 2116 5552 ‘58)
2143 5485 2269 5537 Inde
2289 5486 2511 5547 Avarus,
2541 5495 2596 5537 ut
2623 5485 2775 5537 Scrbi
2805 5500 2901 5552 pro
2917 5484 3123 5550 Servis,
3147 5495 3200 5542 ct
3225 5487 3352 5541 alia.
3375 5487 3506 5543 Χγι..

2007 5553 2117 5625 (69)
2153 5553 2445 5622 Nicephori
2472 5557 2738 5624 interpres
2764 5556 2924 5608 habet
2947 5559 3215 5610 custodem
3236 5575 3509 5612 sacrorum

1940 5627 2307 5686 donariorum,
2340 5641 2450 5689 xw,
2486 5626 2573 5677 47.
2620 5625 2749 5678 Xi‘L.

2012 5696 2124 5762 (70)
2159 5695 2459 5767 Itt_cclugiS
2506 5693 2774 5748 Theodori
2832 5696 3192 5764 AnagnOstaa,
3241 5697 3510 5767 principio

1939 5767 2160 5832 statim,
2214 5764 2452 5822 Tzumas
2497 5767 2697 5821 dieitur
2759 5767 3080 5822 interfectus
3126 5783 3155 5820 a
3203 5764 3509 5824 Pulcheria.

1942 5837 2068 5890 Xi‘L.
