4214 6450
751 344 869 434 (χέε

2015 370 2335 430 GEORGII
2370 370 2701 432 CEDRENI

3904 369 4007 433 656

752 486 951 538 fuisset
986 496 1280 553 synagoga.
1314 479 1579 535 Flaviano
1604 479 1659 533 in
1698 468 2074 551 episcopatum
2110 496 2306 537 succcs
2358 530 2362 539 .

2427 482 2595 538 δαίων
2628 484 2892 556 πρότερον
2925 480 3116 540 οἷσαν.
3150 484 3263 555 Τῆς
3291 483 3345 539 δὲ
3376 482 3673 555 ἐκκλησίας
3705 482 3844 554 μετᾶ
3871 486 4007 536 αἰολεί-

753 577 823 631 sit
855 576 1161 630 Anatolius.

825 666 953 721 Post
1031 665 1251 734 aliquod
1326 666 1589 735 temporis
1662 667 1955 736 imperator
2021 664 2324 739 equitatum

756 773 1030 825 egressus,
1084 772 1226 827 equo
1257 758 1501 826 collapso
1529 757 1763 813 afﬂictus
1796 759 1962 827 inque
1997 756 2191 812 lectica
2229 754 2326 808 d0-

756 867 901 904 nmin
936 850 1164 913 relatus,
1198 851 1375 904 sorori
1408 849 1708 905 Pulcheria:
1748 850 1813 904 ad
1845 864 1904 903 se
1936 857 2142 904 vocatae
2181 847 2324 925 indi-

752 944 895 997 cavit
923 942 1122 997 debere
1153 941 1258 995 sibi
1301 941 1636 996 Ilarcianum
1676 941 2014 996 succedere:
2049 941 2150 994 hoc
2179 938 2325 993 enim

754 1035 859 1089 sibi
896 1050 924 1088 a
955 1035 1167 1089 Joanne
1195 1032 1473 1104 Theologo
1500 1033 1697 1104 Ephesi
1730 1033 1906 1105 agenti
1937 1031 2323 1104 signiﬁcatum.

753 1128 1038 1181 Accersito
1067 1127 1233 1181 etiam
1276 1126 1555 1181 Marciano
1582 1126 1758 1181 dixit:
1790 1125 1873 1181 Ab
1904 1125 2112 1195 Aspare
2147 1132 2201 1180 et
2238 1137 2326 1178 se-

755 1232 881 1274 natu
933 1221 1066 1273 mihi
1120 1221 1555 1274 demonstratum
1592 1228 1675 1275 est
1711 1226 1763 1272 te
1806 1218 2097 1286 imperium
2142 1232 2172 1271 a
2204 1232 2325 1271 meo

752 1311 933 1369 obitu.
967 1318 1346 1378 accepturum.
1395 1308 1571 1362 Biduo
1628 1317 1750 1376 post
1801 1307 2104 1377 imperator
2158 1307 2323 1359 vitam

750 1414 873 1452 cum
906 1407 1078 1453 morte
1101 1398 1481 1453 commutavit.
1514 1396 1728 1465 Corpus
1756 1397 1875 1466 ejus
1920 1398 1974 1451 in
2027 1396 2155 1451 fano
2184 1398 2325 1465 Apo-

752 1490 1017 1543 smlorum
1055 1487 1396 1544 reconditum
1460 1487 1579 1542 fuit.
1626 1487 1864 1543 Uxorem
1923 1487 2111 1542 habuit
2140 1485 2325 1541 Eudo-

751 1580 919 1646 ciam,
949 1578 1113 1634 ﬁliam
1143 1577 1354 1635 Leontii
1386 1576 1725 1649 phil050phi,
1749 1577 2163 1633 Atheniensem.

819 1758 1087 1812 Caeterum
1146 1757 1366 1827 sapiens
1431 1757 1522 1810 illa
1577 1764 1631 1811 et
1685 1756 1949 1825 praeclara
2006 1753 2319 1819 Pulcheria,

2429 577 2615 632 6tav6v
2636 576 2942 640 ’Δνατὸλιος
2979 578 3375 631 ἑπεσκόπευσε.

2499 670 2654 726 Μετὰ
2684 671 2741 724 δέ
2764 688 2886 724 τινα
2921 670 3108 749 χρόνον
3139 669 3362 739 ἐξῆλθεν
3391 669 3420 723 6
3451 667 3703 739 βασιλεὺς
3733 668 4007 739 ίππασθῆο

2428 781 2515 818 ναι
2539 779 2554 795 ο
2574 762 2669 817 καὶ
2687 762 3062 832 συμπεσόντος
3090 761 3238 832 αὐτῷ
3262 760 3356 815 τοῦ
3387 762 3558 816 ἵππου
3578 761 3807 832 πληγεὶς
3831 761 4006 830 εἰσῆλ-

2428 857 2521 910 θεν
2557 856 2615 908 ὲν
2649 854 2905 922 λεκτικίῳ
2931 856 3051 925 ἦτοι
3080 854 3302 925 φορείῳ,
3337 854 3434 909 καὶ
3456 853 3692 916 καλέσας
3720 853 3822 924 τὴν
3851 854 4004 906 ἀδελ-

2427 950 2534 1020 φὴν
2562 946 2897 1016 Πουλχερίαν
2929 944 3081 1000 εἶπεν
3112 949 3248 1017 αὺτῇ
3273 948 3359 1002 διὰ
3393 946 3715 1017 Μαρκιανδν
3753 946 3848 998 τὸν
3887 948 4005 1015 μετ’

2428 1037 2588 1091 αὑτὸν
2628 1034 3023 1105 βασιλεύσαντα
3056 1053 3070 1069 ο
3102 1035 3273 1089 Τοῦτο
3301 1036 3409 1105 γάρ
3443 1052 3555 1104 μοι,
3590 1033 3776 1103 φησὶν,
3818 1034 4006 1086 Ἰωαν-

2435 1147 2534 1201 νης
2592 1131 2619 1183 6
2658 1128 2921 1197 Θεολόγος
2966 1128 3336 1197 ἀπεκάλυψεν,
3373 1130 3430 1180 ἐν
3483 1124 3694 1196 Ἐφέσῳ
3729 1143 3819 1195 μοι
3869 1125 4002 1178 ὅντι.

2427 1220 2539 1272 Καὶ
2571 1218 3061 1289 μεταστειλάμενος
3118 1217 3438 1289 Μαρκιανδν
3489 1213 3644 1271 εἶπεν
3697 1218 3846 1287 αὐτῷ
3915 1219 4008 1269 ἐπὶ

2430 1312 2708 1381 Ἀσπαρος
2742 1311 2832 1363 καὶ
2852 1309 2953 1378 τῆς
2969 1310 3299 1379 συγκλήτου’
3337 1309 3582 1380 Ἐδείχθη
3618 1327 3709 1379 μοι
3736 1310 3819 1362 ὅτι
3844 1325 3903 1361 σε
3930 1309 4010 1361 δεῖ

2426 1400 2679 1470 γενέσθαι
2740 1399 2963 1469 βασιλέα
3024 1398 3142 1469 μετ’
3204 1398 3327 1468 ἐμέ.
3378 1400 3487 1452 Καὶ
3520 1399 3641 1469 μεθ’
3669 1399 3884 1469 ἡμέρας
3912 1399 4008 1453 δύο

2425 1492 2769 1561 ἐτελεύτησε,
2798 1493 2892 1546 καὶ
2933 1492 3141 1545 τίθεται
3170 1491 3231 1543 τὸ
3266 1492 3424 1562 σῶμα
3458 1491 3621 1544 αὑτοῦ
3666 1494 3725 1544 ὲν
3770 1491 3850 1561 τῷ
3894 1491 4008 1561 ναῷ

2424 1585 2535 1639 τῶν
2579 1573 2777 1653 Ἆγίων
2835 1577 3191 1653 ’Λποστόλων.
3253 1584 3394 1653 Γυνὴ
3446 1584 3502 1638 δῖε
3531 1585 3720 1637 τούτου
3748 1584 4006 1651 Εύδοκία,

2425 1676 2672 1747 θυγάτηρ
2700 1678 2947 1730 Λεοντίου
2976 1677 3265 1746 φιλοσόφου
3290 1676 3348 1743 ἐξ
3390 1676 3652 1746 Ἀθηνῶν.

2508 1767 2570 1821 Ἦ
2592 1769 2647 1821 δὲ
2686 1769 2823 1840 σοφὴ
2845 1770 2939 1821 καὶ
2970 1769 3152 1841 ἀγαθὴ
3204 1768 3509 1841 Πουλχερία
3558 1771 3726 1839 μήπω
3760 1769 3861 1838 τῆς
3909 1769 4007 1821 τοῦ

751 1850 991 1905 nondum
1024 1848 1210 1903 fratris
1248 1848 1462 1918 vulgata
1509 1858 1708 1914 morte,
1752 1846 2090 1901 Marcianum
2132 1861 2318 1901 senem
2352 1836 2362 1891 ἲ

2425 1861 2655 1931 ἀδελφοῦ
2687 1836 2947 1930 τελευτῆς
2980 1836 3319 1932 γνωσθείσης
3349 1836 3857 1934 ’νμῄεταστεῖιλαμένῗη
3913 1864 4008 1917 τὸν

746 1945 884 2014 jam,
917 1942 1089 1996 virum
1127 1941 1484 2011 temperantia
1530 1954 1595 1995 ac
1622 1939 1890 2010 gravitate
1923 1939 2125 2010 insigni
2158 1948 2210 1993 et
2237 1954 2324 1994 re‘

750 2040 852 2092 bus
880 2035 1132 2105 gerendis
1164 2035 1532 2105 aptissimum,
1565 2034 1629 2087 ad
1654 2049 1712 2088 se
1742 2042 1921 2097 vocat,
1945 2027 2320 2101 ostenditque,

747 2132 1006 2201 quoniam
1056 2128 1353 2184 decesserit
1408 2128 1725 2197 imperator,
1782 2142 1841 2182 se
1884 2123 2068 2196 ipsum
2104 2125 2322 2181 virtutis

751 2236 916 2275 causa
946 2236 1112 2275 unum
1141 2221 1208 2274 de
1249 2219 1399 2273 omni
1426 2227 1744 2273 senatorum
1769 2232 2001 2271 numero
2030 2201 2319 2287 delegisse,

749 2329 911 2385 quem
951 2314 1333 2383 imperatorem
1395 2310 1499 2365 sibi
1547 2311 1860 2376 ascisceret,
1908 2324 1969 2365 ea
2005 2310 2322 2366 conditione

750 2420 807 2461 ut
831 2406 987 2460 ﬁdem
1035 2406 1186 2461 daret
1217 2404 1583 2475 virginitatem
1615 2418 1793 2469 suam,
1830 2418 2003 2474 quam
2044 2403 2152 2458 Deo
2190 2418 2323 2469 coii-

750 2506 1043 2563 sacrasset,
1073 2512 1130 2553 se
1163 2498 1422 2549 intactam
1452 2504 1822 2551 servaturum.
1854 2494 2016 2565 603
2051 2491 2186 2549 Cum
2219 2495 2323 2552 boc

749 2591 1100 2660 stipularctur
1135 2588 1465 2654 Marcianus,
1493 2597 1575 2643 est
1602 2603 1632 2640 a
1662 2587 1952 2642 Pulcheria
1975 2629 1988 2653 ,
2017 2590 2227 2643 vocatis
2252 2588 2320 2643 ad

754 2684 855 2736 hoc
889 2684 954 2736 ab
984 2696 1046 2735 ea
1073 2681 1330 2733 Anatolio
1354 2679 1664 2749 patriarcha
1701 2690 1755 2733 et
1781 2689 1998 2743 senatu,
2027 2681 2323 2749 imperator

750 2774 1077 2828 declaratus.
1100 2769 1225 2824 Fuit
1255 2769 1561 2823 Marcianus
1590 2769 1917 2823 venerabilis
1944 2770 2047 2832 vir,
2078 2771 2323 2827 moribus

749 2866 977 2929 sanctis,
1026 2865 1080 2919 in
1114 2862 1251 2917 facie
1301 2862 1556 2917 ruborem
1592 2861 1765 2931 gratia
1806 2870 2166 2932 temperatum
2223 2864 2321 2918 ha-

747 2960 904 3024 bens,
962 2954 1367 3027 magnanimus,
1418 2955 1659 3009 avaritiae
1706 2969 1934 3021 vacuus,
1982 2962 2320 3026 temperans,

748 3050 1040 3121 religiosus
1089 3057 1146 3103 et
1201 3048 1269 3101 de
1320 3045 1422 3100 fide
1461 3053 1609 3102 recte
1643 3045 1912 3110 sentiens,
1971 3047 2322 3111 miseratione

2427 1955 2769 2026 Μαρκιανδν,
2802 1954 2971 2025 ἄνδρα
3006 1956 3064 2008 έν
3096 1954 3418 2027 σωφροσύνῃ
3447 1956 3538 2008 καὶ
3563 1956 3853 2026 σεμνότητι
3876 1956 4000 2011 δια-

2425 2047 2725 2117 πρέποντα,
2755 2048 2985 2116 γέροντα
3010 2046 3138 2100 ὄντα
3172 2048 3269 2101 καὶ
3300 2047 3651 2111 ἱκανώτατον,
3687 2048 3839 2116 λέγει
3868 2048 4009 2119 πρὸς

2424 2137 2627 2191 αὐτόν’
2677 2137 2896 2207 Ἐπειδὴ
2928 2139 2954 2190 ό
3000 2136 3253 2207 βασιλεὺς
3292 2134 3661 2208 ἐτελεύτησεν,
3713 2138 3825 2206 ἐγὼ
3854 2139 3913 2192 δέ
3947 2156 4007 2191 σε

2425 2228 2512 2303 [Ρ.
2544 2216 2671 2303 544]
2711 2229 3044 2301 ἐξελεξάμην
3086 2230 3148 2298 ἐξ
3202 2231 3330 2302 ὅλης
3351 2231 3452 2301 τῆς
3485 2232 3788 2304 σύγκλητον
3818 2234 3897 2296 ὡς
3920 2235 4009 2287 ὲν-

2424 2324 2638 2392 ἀρετον,
2675 2308 3073 2393 δόςῦμοιλόγον
3099 2324 3182 2376 ὅτι
3212 2322 3500 2392 φυλάττεις
3548 2324 3649 2394 τὴν
3680 2324 4006 2395 παρθενίαν,

2425 2418 2491 2486 ἢν
2530 2415 2607 2486 τῷ
2646 2416 2763 2486 Θεῷ
2799 2415 3092 2487 ἀνεθέμην,
3144 2416 3241 2469 καλ⁸
3285 2410 3606 2488 ἀναγορεύω
3637 2433 3698 2471 σε
3756 2418 4003 2488 βασιλέα.

2424 2508 2598 2563 Αύτοῦ
2645 2508 2702 2562 δὲ
2735 2496 3059 2577 συνθεμένου
3086 2507 3264 2575 τοῦτο,
3300 2501 3719 2579 μεταστέλλεται
3764 2508 3856 2561 τὸν
3896 2526 4006 2563 πα-

2425 2601 2695 2673 τριάρχην
2722 2601 2832 2672 (71)
2879 2600 3186 2654 Ἀνατόλιον
3226 2602 3322 2655 καὶ
3381 2600 3481 2673 τὴν
3525 2601 3851 2673 σύγκλητον,
3910 2604 4006 2656 καὶ

2427 2692 2751 2763 ἀναγορεύει
2782 2693 2946 2747 αὐτὸν
2977 2687 3348 2761 βασι).έα.*Ην
3386 2692 3441 2745 δὲ
3488 2692 3807 2762 Μαρκιανὲς
3862 2692 4007 2745 αἰδέ-

2426 2801 2582 2851 σιμος
2629 2783 2720 2835 τὸν
2774 2782 2995 2853 τρόπον,
3052 2781 3407 2853 ἱεροπρεπὴς,
3456 2780 3709 2852 ἐρύθημα
3764 2781 3856 2833 ἐπὶ
3907 2784 4003 2832 τοῦ

2426 2874 2719 2946 προσώπου
2748 2874 2927 2944 φέρων
2964 2872 3307 2944 κεκραμένον
3338 2872 3542 2942 χάριτι,
3607 2871 4002 2942 μεγαλόψυχος,

2425 2967 2794 3039 φιλαργυρίας
2817 2966 3135 3037 ὑπέρτερος,
3167 2964 3400 3037 σώφρων
3448 2968 3543 3019 καὶ
3572 2964 3703 3036 περὶ
3744 2965 3806 3017 τὸ
3849 2964 4005 3017 Θείον

2425 3062 2684 3131 εὐλαϐὴς,
2723 3062 2811 3115 καὶ
2869 3059 3170 3131 ὀρθόδοξος,
3229 3060 3361 3130 περὶ
3400 3061 3529 3120 τοὺς
3584 3058 4003 3129 ἁμαρτάνοντας

744 3142 1090 3213 peccantium
1133 3138 1430 3209 praeditus,
1467 3146 1724 3194 caeterum
1778 3137 2135 3208 profanarum
2173 3140 2362 3237 litte-‘

2429 3155 2742 3227 συμπαθὴς,
2779 3154 3002 3224 ἄπειρος
3032 3152 3087 3205 δὲ
3132 3148 3381 3214 παιδείας
3409 3150 3510 3221 τῆς
3539 3150 3756 3215 ἔξωθεν.
3828 3149 4005 3212 Εὐθὺς

751 3252 934 3291 rarum
994 3243 1157 3304 atque
1208 3232 1625 3303 disciplinarum
1673 3233 1982 3304 imperitus.
2035 3230 2084 3288 Is
2131 3234 2317 3289 statim

749 3343 942 3383 omnes
962 3328 1053 3396 qui
1081 3325 1304 3395 relegati
1332 3324 1549 3379 fuerant
1576 3324 1872 3381 revocavit.
1902 3322 2191 3380 Pulcheria
2220 3338 2321 3378 au-

750 3430 857 3474 tem
892 3416 1295 3472 invisissimum
1358 3414 1510 3469 illum
1571 3416 1885 3470 eunuchum
1921 3415 2320 3487 Cltrysaphium

746 3509 971 3566 Jordani
1007 3507 1250 3571 tradidit,
1307 3505 1537 3562 Joannis
1597 3508 1729 3575 ﬁlio,
1760 3524 1922 3578 quem
1951 3506 2044 3563 ille
2068 3508 2194 3563 dolo
2223 3522 2322 3563 ne-

747 3609 986 3658 caverat.
1015 3602 1189 3670 Atque
1218 3597 1488 3654 Jordanes
1512 3600 1686 3654 vicem
1720 3601 1767 3653 ei
1796 3599 2067 3670 rependit.

820 3695 963 3749 Olim
997 3692 1306 3749 Marcianus
1353 3707 1478 3748 cum
1512 3693 1795 3763 gregarius
1825 3694 1980 3749 miles
2013 3694 2065 3747 in
2100 3709 2203 3749 suo
2233 3710 2324 3750 or-

750 3789 875 3841 dine
906 3802 970 3841 ex
1005 3784 1213 3840 Graecia
1243 3785 1309 3839 ad
1345 3783 1544 3840 bellum
1570 3783 1851 3841 Persicum
1898 3784 2039 3861 iret,
2074 3786 2126 3839 in
2161 3785 2323 3857 Lycia

747 3881 803 3934 in
851 3880 1100 3934 morbum
1146 3878 1373 3943 incidit;
1424 3878 1759 3948 relictusque
1810 3877 1865 3931 in
1902 3878 2034 3932 urbe
2070 3877 2322 3949 Sydemis

747 3974 929 4042 aliqua
962 3973 1035 4027 ibi
1074 3987 1225 4026 mora
1262 3970 1405 4025 facta
1429 3971 1644 4027 duobus
1678 3971 2007 4040 quibusdam
2058 3971 2320 4028 fratribus

744 4062 891 4119 .Iulio
936 4071 989 4118 et
1037 4062 1267 4116 Tatiano
1302 4061 1567 4117 societate
1593 4061 1819 4131 junctus
1867 4060 1991 4123 fuit,
2035 4060 2102 4114 ab
2153 4061 2362 4131 iisque,

747 4155 967 4207 domum
1006 4153 1248 4221 ipsorum
1284 4160 1575 4221 susceptus
1616 4162 1667 4206 et
1699 4160 2004 4206 recreatus.
2047 4150 2181 4204 Cum
2216 4166 2324 4205 una

746 4245 1043 4316 aliquando
1102 4253 1213 4300 tres
1266 4245 1321 4299 lii
1355 4254 1609 4300 venatum
1663 4243 1894 4314 profecti
1952 4252 2155 4303 essent.
2194 4242 2323 4297 dum

746 4338 877 4394 fessi
916 4337 1303 4403 meridiarent,
1334 4336 1622 4400 Tatianus,
1666 4336 1757 4406 qui
1788 4336 2017 4405 reliquis
2051 4336 2323 4392 maturius

745 4445 998 4486 somnum
1057 4430 1421 4493 excussisset,
1453 4430 1845 4483 animadvertit
1882 4428 2219 4482 Marcianum
2268 4429 2323 4481 in

2425 3248 2519 3301 οὖν
2548 3248 2670 3309 τοὺς
2705 3249 2762 3297 ὲν
2796 3245 2982 3315 έξορία
3012 3246 3218 3305 πάντας
3251 3244 3634 3297 ἀνεκαλέσατο.
3694 3242 3759 3295 Ἦ
3802 3242 3861 3295 δὲ
3897 3260 4004 3312 μα-

2422 3338 2588 3410 καρία
2621 3336 2922 3407 Πουλχερία
2955 3337 3041 3388 τὸν
3066 3337 3417 3406 παμμίσητον
3442 3336 3759 3405 Χρυσάριον
3793 3336 3884 3389 τὸν
3911 3336 4000 3389 εύ-

2422 3432 2612 3501 νοῦχον
2652 3429 2893 3501 Ἰορδάνῃ
2926 3430 3191 3483 ἐκδέδωκε
3217 3427 3293 3500 τῷ
3328 3428 3429 3499 υἱῷ
3468 3428 3736 3491 Ἰωάννου,
3788 3430 3847 3492 ὃς
3912 3430 4005 3483 καὶ

2425 3525 2635 3578 ἀνεῖλεν
2664 3523 2827 3576 αὐτὸν
2852 3522 2935 3577 διὰ
2970 3521 3030 3575 τὸ
3058 3522 3218 3576 αὐτὸν
3260 3521 3469 3576 ἀνελεῖν
3497 3522 3586 3575 τὸν
3608 3521 3796 3575 τούτου
3832 3523 4005 3575 πατέο

2427 3635 2493 3689 ρα
2517 3617 2677 3687 δόλῳ.

2496 3708 2842 3779 Στρατιώτης
2866 3708 3044 3760 τοίνυν
3071 3706 3214 3770 λιτὸς
3248 3706 3323 3760 ὢν
3360 3707 3465 3778 πρὸ
3493 3706 3687 3760 τούτου
3747 3688 4005 3776 Μαρκια-

2424 3801 2512 3864 νὸς
2547 3801 2685 3870 μετᾶ
2718 3799 2811 3853 τοῦ
2846 3800 2975 3853 ἰδίου
3007 3800 3273 3869 νουμέρου
3305 3798 3417 3869 (72)
3445 3798 3554 3851 ἁπδ
3613 3798 3711 3867 τῆς
3754 3798 4005 3861 Ἑλλάδος

2424 3892 2565 3944 κατὰ
2626 3891 2847 3962 Περσῶν
2904 3891 3095 3962 ἀπῄει,
3150 3891 3245 3943 καὶ
3272 3889 3564 3958 γενόμενος
3596 3889 3654 3942 ὲν
3684 3889 3865 3959 Λυκία
3900 3892 4003 3960 ἀρ·

2428 3982 2632 4055 ρωστίᾳ
2658 3984 2968 4053 περιέπεσε.
3002 3981 3114 4036 Καὶ
3139 3980 3525 4049 καταλειφθεὶς
3556 3982 3613 4033 ἐν
3638 3979 3787 4032 πόλει
3828 3982 4005 4051 2961‘;-

2428 4094 2545 4146 μων
2594 4077 2818 4129 κάκεῖσε
2847 4075 3280 4146 χρονοτριϐῆσας
3314 4072 3827 4145 προσκολλᾶταιδύο
3863 4076 4005 4126 τισὶν

2424 4166 2694 4233 ἀδελφοῖς,
2736 4164 2941 4234 Ἰουλίῳ
2983 4164 3079 4219 καὶ
3109 4163 3381 4234 Τατιανῷ,
3406 4164 3601 4226 οἵτινες
3640 4165 3721 4226 είς
3755 4162 3840 4215 τὸν
3873 4164 4006 4216 ἴδιον

2424 4251 2571 4309 οἷκον
2598 4255 2850 4320 λαϐόντες
2876 4256 3035 4311 αὐτὸν
3061 4256 3449 4309 διανέπαυσαν.
3494 4256 3586 4318 Εἰς
3616 4256 3790 4325 θήραν
3820 4256 3878 4307 δὲ
3910 4256 4003 4318 ἐξ-

2427 4344 2673 4408 ελθόντες
2712 4344 2903 4397 έλαὸον
2926 4346 3088 4398 αὐτὸν
3119 4345 3238 4415 μεθ’
3271 4344 3501 4398 ἑαυτῶν.
3540 4344 3920 4407 Κοπιάσαντες
3947 4346 4006 4396 δὲ

2427 4439 2556 4508 περὶ
2595 4436 2948 4507 μεσημϐρίαν
2977 4436 3373 4505 ἐκοιμήθησαν.
3400 4434 3855 4505 Προεξυπνισθεὶς
3896 4435 3952 4487 δὲ
3981 4440 4007 4489 ὁ

747 4523 865 4578 solo
920 4522 1107 4591 jacere
1162 4520 1515 4591 aquilamque
1567 4520 1841 4589 ingentem
1892 4534 2058 4587 super
2103 4532 2227 4572 eum
2266 4516 2362 4571 iul

2426 4530 2689 4592 Τατιανὸς
2714 4530 2909 4599 θεωρεῖ
2942 4528 3032 4580 τὶν
3061 4527 3377 4598 Μαρκιανὺν
3407 4530 3486 4590 εἰς
3506 4528 3595 4579 τὸν
3627 4527 3777 4597 ἣλιον
3806 4528 4009 4595 κοιμώ-

746 4629 869 4668 aeie
904 4614 1110 4676 librari,
1140 4628 1262 4682 quae
1287 4611 1548 4679 expansis
1580 4611 1681 4666 alis
1714 4610 1988 4664 hominem
2021 4610 2317 4664 obumbra-

747 4715 851 4761 ret.
888 4705 944 4760 ld
971 4721 1204 4761 cernens
1225 4706 1429 4760 excitat
1476 4703 1725 4769 fratrem,
1784 4704 1999 4773 hocque
2031 4714 2321 4772 spectacu-

746 4802 853 4854 lum
884 4800 931 4853 ci
967 4797 1228 4853 ostendit.
1281 4796 1382 4851 Diu
1414 4805 1645 4867 uterque
1680 4796 1782 4850 hoc
1834 4804 2110 4851 ostentum
2150 4796 2322 4849 admi-

749 4892 849 4945 rati
909 4891 1128 4944 tandem
1190 4889 1528 4944 Marcianum
1587 4889 1875 4952 excitant,
1936 4888 2321 4958 scitanturque

746 4983 1011 5052 quidnam
1057 4983 1299 5036 muneris
1332 4982 1401 5035 ab
1612 4996 1678 5036 eo
1707 4992 2028 5049 exspectare
2059 4982 2205 5049 ipsos
2227 4981 2319 5049 ju-

750 5076 920 5139 beret,
955 5074 1000 5127 si
1041 5072 1261 5142 quando
1293 5074 1525 5143 imperio
1575 5072 1864 5141 potiretur.
1914 5070 2226 5126 Marcianus
2260 5087 2319 5127 se

749 5182 856 5218 non
913 5180 1036 5219 eum
1068 5178 1189 5219 esse
1222 5164 1309 5217 cui
1366 5164 1469 5217 tale
1522 5163 1728 5231 aliquid
1784 5164 2106 5232 contingere
2135 5174 2319 5231 posset

747 5258 948 5311 dicere.
983 5255 1121 5311 Cum
1162 5257 1349 5311 eadem
1400 5256 1562 5310 verba
1623 5262 1973 5323 repeterent:
2014 5252 2094 5318 Si,
2123 5255 2315 5323 inquit.

745 5350 1006 5404 divinitus
1043 5350 1147 5404 hoc
1182 5349 1312 5403 mihi
1348 5348 1581 5414 eveniat,
1618 5349 1878 5420 patricios
1912 5362 2010 5402 vos
2056 5362 2204 5401 meos
2241 5347 2320 5400 fa-

2430 4641 2609 4693 μενον,
2643 4623 2739 4676 καὶ
2769 4623 2925 4675 ἀετὸν
2958 4622 3420 4692 παμμεγέστατον
3460 4622 3547 4674 ἐπ’
3577 4622 3738 4673 αὐτὸν
3783 4622 4008 4674 ἐλθόντα

2428 4714 2647 4775 καὶτὰς
2704 4712 2900 4766 έαυτοῦ
2951 4713 3232 4783 πτέρυγας
3266 4714 3663 4767 διαπετάσαντα
3707 4713 3864 4765 σκιὰν
3916 4716 4008 4766 ἐπ’

2427 4804 2591 4858 αὐτὸν
2621 4804 3137 4873 περιποιησάμενον.
3178 4804 3287 4857 Καὶ
3309 4802 3463 4857 τοῦτο
3493 4804 3822 4871 θεασάμενος
3862 4804 4007 4869 ἐγεί-

2430 4913 2513 4965 ρει
2541 4897 2630 4949 τὸν
2664 4897 2856 4950 ἑαυτοῦ
2885 4896 3133 4965 ἀδελφὸν,
3170 4896 3342 4950 καὶτὸ
3384 4896 3573 4949 θεαθὲν
3630 4895 4003 4949 ὑποδείκνυσι.

2428 4988 2539 5041 Καὶ
2572 4988 2663 5039 ἐπὶ
2688 4988 2825 5040 πολὺ
2849 4986 3217 5056 θαυμάζοντες
3247 4984 3593 5050 ἐξυπνίζουσι
3630 4986 3720 5036 τὸν
3750 4986 4010 5055 Μαρκια-

2423 5079 2535 5142 νδν,
2571 5081 2667 5133 καὶ
2687 5078 2939 5146 λέγουσιν
2999 5078 3167 5148 αὐτῷ’
3221 5078 3347 5130 Ἐὰν
3388 5077 3735 5149 βασιλεύει-ης,
3776 5079 3828 5129 τί
3874 5080 4006 5147 ἡμῖν

2428 5170 2663 5241 χαρίςῃς
2709 5170 2769 5222 '0
2795 5169 2872 5234 δὲ,
2903 5169 2998 5232 Τίς
3023 5171 3141 5239 εἰμι
3172 5168 3304 5236 ἐγὼ,
3340 5169 3428 5222 ῖνα
3465 5168 3623 5222 τοῦτο
3646 5170 3872 5239 γένηται
3925 5174 4005 5231 εἰς

2429 5261 2563 5328 ἑμές
2598 5261 2663 5313 Οἱ
2692 5260 2748 5314 δὲ
2781 5263 2844 5312 ἐκ
2880 5260 3137 5330 δευτέρου
3165 5259 3255 5313 τὸν
3272 5259 3433 5312 αὑτὸν
3452 5259 3607 5327 λόγον
3634 5255 3806 5313 εἷπον.
3841 5261 4003 5326 Λέγει

2428 5356 2456 5407 ὁ
2484 5354 2821 5424 Μαρκιανόςο
2870 5354 2991 5407 Ἐὰν
3021 5353 3179 5407 τοῦτο
3205 5356 3268 5407 ἐκ
3297 5353 3430 5407 Θεοῦ
3456 5353 3702 5422 γένηται,
3762 5355 4004 5423 ππέρας

1895 5458 2253 5516 XYLANDRI
2290 5463 2379 5518 ET
2405 5465 2618 5522 GOARI
2655 5465 2881 5523 NOT/E.

817 5554 929 5625 (7|)
964 5553 1269 5609 Marcianus
1307 5554 1515 5624 primus
1550 5554 1854 5622 principum
1880 5552 2319 5625 Christianorum

750 5641 778 5678 a
809 5623 1065 5695 pontifice
1106 5623 1317 5692 imperii
1346 5628 1588 5691 suscepit
1618 5626 1877 5693 Insignia.
1907 5623 2082 5677 Gem.

818 5693 931 5763 (‘72)
967 5695 1048 5748 Nil
1072 5711 1287 5749 numero
1309 5709 1409 5765 pro
1440 5696 1673 5747 militum
1709 5696 1937 5747 cohorte
1960 5704 2185 5762 accepto
2212 5693 2317 5747 La-

749 5765 881 5819 tinis
912 5768 1274 5820 communius.
1312 5766 1392 5818 Ab
1426 5766 1507 5817 liis
1538 5779 1641 5817 vox
1680 5765 1746 5817 ad
1776 5765 1994 5819 Graecos
2028 5768 2312 5819 translata.

747 5836 934 5888 Mutuo
957 5838 1235 5905 t‘i‘pudiatu
1259 5851 1531 5889 numerum
1562 5834 1736 5891 Graeci
1765 5849 1828 5889 ex
1863 5849 2003 5904 penu
2048 5836 2149 5891 sibi
2187 5852 2314 5906 pro-

2431 5561 2547 5629 pria
2584 5560 2841 5614 dixerunt
2875 5560 3125 5629 ἀριθμόν,
3163 5560 3229 5614 de
3255 5575 3364 5629 quo
3403 5576 3586 5629 supra.
3631 5559 4003 5612 (Emme-niue

2429 5634 2484 5682 in
2524 5633 2643 5683 Aet.
2678 5646 2741 5683 xv
2776 5648 2789 5683 :
2822 5631 3027 5700 Σπεῖρα
3057 5631 3111 5683 δέ
3147 5633 3295 5683 ἐστιν
3325 5629 3353 5681 ὃ
3388 5632 3661 5699 καλοῦμεν
3688 5630 3784 5681 νῦν
3811 5633 4003 5700 ντίμε-

2429 5716 2543 5771 ρον.
2569 5700 2739 5771 Quid
2761 5715 2892 5755 vero
2951 5701 3215 5769 σπεῖραιῖ
3246 5700 3445 5771 Siiidas
3477 5717 3491 5729 ·
3528 5700 3705 5771 πλήθη
3738 5716 4002 5771 στρατει-

2427 5770 2631 5839 μάτων,
2657 5769 2954 5839 φάλαγγες,
2978 5770 3238 5840 νούμερα.
3269 5768 3438 5825 Οὒιιιῑ.
