4214 6450
255 400 355 464 561

1344 412 1884 479 lllSTORlAliUM
1926 420 2449 483 COMPENDlUM.

3412 429 3516 493 (162

258 514 384 567 σθαι
416 513 619 585 τάχιον.
655 516 761 571 Τοῦ
798 518 854 574 δὲ
894 523 1379 591 παραγενομένου,
1409 525 1649 597 ἔπαρχον
1676 529 1821 582 aeria

1896 533 2256 601 [praelectum
2294 536 2445 591 urbis
2474 537 2782 591 constituit.
2822 537 3015 608 Aspar,
3060 537 3148 592 cui
3196 537 3297 593 hoc
3325 547 3520 608 praeter

256 606 612 676 προεόάλετο.
632 612 856 681 Ἀσπαρ
876 611 932 665 δὲ
965 612 1123 667 τοῦτο
1155 613 1279 667 ἰδὼν
1312 615 1439 686 παρ’
1460 618 1651 671 ἐλπίδα
1675 621 1839 691 ἐκρά-

260 717 387 768 τησε
426 700 522 755 τοῦ
574 703 912 771 ίματίουζτοῦ
975 704 1260 775 βασιλέως,
1286 708 1380 761 καί
1412 727 1545 780 φησι
1579 710 1713 781 πρδς
1741 713 1837 766 αύ-

254 792 371 844 τὸν·
406 790 659 854 Βασιλεῢ.
695 793 789 848 τὸν
816 795 1022 864 ταύτην
1054 796 1152 867 τὴν
1191 798 1484 868 ἁλουργίδα
1508 801 1835 872 περιϐεϐλη-

1943 640 2093 693 spem
2121 639 2273 680 suam
2305 628 2621 692 accidisset,
2651 640 2799 684 veste
2823 631 3163 700 apprehenso
3198 630 3363 686 Leoni
3395 634 3467 686 ait
3496 650 3507 684 :

1944 716 2269 783 Imperator,
2307 719 2400 771 tali
2435 735 2677 788 purpura
2716 720 2974 775 amictum
3010 738 3118 777 non
3151 724 3304 778 decet
3359 738 3509 780 men-

1942 806 2058 860 tiri.
2095 806 2396 879 Respondit.
2424 811 2724 880 imperator
2749 830 2763 866 :
2793 813 2961 884 608
2995 812 3142 867 Sane
3170 814 3272 870 hoc
3293 830 3514 886 quoque

256 884 419 951 μένον
452 884 537 955 [Ρ.
570 885 781 959 5471οὐ
829 888 936 961 χρὴ
966 889 1370 959 διαψεύδεσθαι.
1422 894 1532 948 Καί
1599 912 1769 966 φησιν
1809 900 1821 949 t'

1942 898 2330 969 imperatorem
2362 902 2541 969 decet,
2583 906 2787 960 nemini
2843 904 3039 960 cedere
3086 912 3184 959 aut
3231 905 3510 960 subditum

254 973 511 1041 βασιλεύς
539 992 554 1007 ·
590 977 751 1032 Ἀλλά
783 979 890 1051 μὴν
924 983 1192 1052 προσήκει
1215 983 1294 1054 τῷ
1325 983 1537 1055 βα’·.λεί
1570 986 1646 1058 μὴ
1684 987 1836 1042 ὑπεί-

254 1083 373 1117 κειν
408 1069 513 1120 τινὶ
541 1069 574 1139 ἢ
608 1069 951 1135 ὑποκεῖσθαι,
983 1077 1076 1131 καὶ
1130 1076 1330 1148 μᾶλλον
1351 1080 1482 1133 ὅταν
1511 1081 1606 1135 τοῦ
1653 1081 1835 1136 κοινοῦ

248 1156 571 1227 ἀσύμφορον

323 1249 414 1318 Τῷ
436 1251 486 1303 α’
512 1252 838 1309 ἐτειτούτου
890 1257 1114 1328 σεισμὸς
1172 1259 1393 1330 ἐγένετο
1440 1264 1497 1317 ἐν
1536 1265 1832 1340 Ἀντιοχείᾳ

246 1341 326 1405 ὡς
377 1345 567 1413 σχεδὸν
622 1348 806 1400 πᾶσαν
845 1347 946 1420 τὴν
990 1350 1146 1406 πόλιν
1203 1358 1556 1412 καταπεσεῖν.
1597 1353 1766 1423 Οὗτος
1803 1361 1832 1413 ὁ

250 1437 510 1503 βαςιλεὺς
546 1438 693 1511 θρᾲξ
737 1436 808 1514 ἦν
835 1443 913 1514 τῷ
956 1443 1125 1512 γένει,
1163 1445 1446 1517 τριϐοῦνος
1506 1449 1604 1522 τὴν
1648 1451 1825 1516 ἀξίαν.

260 1529 533 1601 Ἐστέφθη
567 1532 623 1585 δέ
658 1532 763 1587 ὑπὸ
814 1535 1125 1591 ’Λνατολίου
1170 1544 1532 1612 πατριάρχου.

321 1620 521 1673 Πατῶν
583 1622 641 1676 δὲ
691 1623 802 1678 τῶν
841 1626 939 1697 τῆς
986 1629 1316 1702 οἰκουμένης
1363 1632 1700 1704 Ἑκκλησιῶν
1728 1635 1827 1707 τὴν

242 1713 304 1761 ἐν
339 1713 646 1785 Χαλκηδόνι
678 1717 896 1772 σύνοδον
925 1721 1365 1794 ἀποδεξαμένων,
1408 1727 1436 1779 ὁ
1475 1729 1672 1798 μιαρὸς
1733 1731 1826 1784 Τι-

247 1802 442 1869 ειᾶθεος
475 1806 504 1859 ὁ
527 1807 757 1877 ἐπίκλην
783 1810 1044 1884 Δῖλουρος
1072 1815 1173 1882 τὴν
1217 1816 1612 1889 ’Δλεξανδρέων
1664 1822 1823 1876 πόλιν

242 1895 535 1966 ἐτάρασσε.
568 1901 894 1974 Μαγγανεία
936 1906 1046 1977 γὰρ
1103 1909 1449 1980 χρησάμενος
1502 1915 1695 1977 νυκτὸς
1764 1915 1825 1968 ἐν

242 1988 355 2054 τοῖς
380 1988 615 2056 κελλίοις
649 1993 759 2046 τῶν
790 1997 1038 2068 μοναχῶν
1071 2002 1422 2072 περιήρχετο,
1483 2005 1571 2057 ἐπ’
1597 2004 1822 2074 ὀνόματι

242 2076 425 2131 ναλῶν
464 2079 715 2146 ἕκαστον,
733 2083 841 2138 τῶν
868 2085 925 2139 δὲ
962 2087 1409 2161 ἀποκρινομένων
1432 2093 1637 2162 ἔλεγεν·
1683 2095 1822 2165 Ἐγὼ

237 2170 471 2237 ἄγγελός
491 2175 627 2244 εἰμι,
666 2177 759 2230 καὶ
790 2177 1103 2252 ἀπεστάλην
1120 2183 1294 2239 εἰπεῖν
1324 2187 1490 2239 πᾶσιν
1521 2187 1820 2258 ἀποστῆναι

249 2261 336 2329 τῆς
387 2266 674 2328 κοινωνίας
731 2268 1030 2344 Προτερίου
1084 2274 1180 2328 καὶ
1232 2276 1342 2329 τῶν
1398 2278 1458 2330 ἐν
1490 2278 1818 2351 Χαλκηδόνι,

248 2356 506 2424 Τιμόθεον
535 2358 593 2413 δὲ
609 2361 703 2415 τὸν
730 2364 996 2436 ⁸Δῖλουρον
1020 2368 1319 2422 ἐπίσκοπον
1362 2373 1817 2443 προχειρίσασθαι

252 2448 679 2520 Ἀλεξανδρείας.
703 2454 913 2525 Πλῆθος
939 2455 993 2510 δὲ
1024 2458 1273 2513 ἀτάκτων
1299 2461 1507 2533 ἀνδρῶν
1527 2463 1817 2534 ὠνησάμε-

235 2552 324 2598 νος
342 2540 683 2604 τυραννικῶς
702 2541 797 2596 τοῦ
835 2543 1025 2615 θρόνου
1066 2546 1472 2622 Ἀλεξανδρείας
1501 2554 1774 2624 ἐκράτησε
1796 2573 1810 2587 °

234 2626 330 2678 ’καὶ
361 2630 746 2702 καθῃρημένος
777 2634 853 2689 ὦν
884 2637 989 2692 ὑπὸ
1020 2639 1114 2694 δύο
1137 2641 1539 2715 καθῃρημένων
1574 2662 1815 2717 χειροτο-

231 2721 427 2786 vim,
453 2727 788 2794 χειροτονίας
821 2746 880 2783 τε
911 2731 1233 2789 ιπισκόπων
1254 2737 1429 2790 ἐποίει
1460 2738 1811 2812 ἀχειροτόνη-

234 2831 321 2878 to;
358 2816 456 2881 ὢν,
486 2820 585 2874 καὶ
620 2818 977 2891 βαπτίσματα
1018 2824 1265 2881 ἐπετέλει
1321 2830 1692 2903 πρεσϐύτερος
1737 2834 1814 2904 μὴ

232 2906 329 2969 ὢν,
357 2910 452 2961 καὶ
476 2912 617 2980 μετά
640 2911 840 2983 λύττης
862 2915 1009 2979 τινὸς
1053 2917 1284 2989 ἀσχέτου
1346 2920 1447 2993 τὴν
1499 2923 1664 2992 ἁγίαν
1726 2941 1814 2978 τε-

230 2998 439 3067 τάρτην
474 3000 692 3057 σύνοδον
723 3004 937 3076 ὓϐριξε.
976 3009 1085 3062 Καὶ
1140 3009 1232 3064 τὸν
1276 3014 1550 3084 μακάριον
1599 3018 1800 3089 Προτέ-

233 3108 348 3157 {nov
376 3090 592 3146 διδόντα
633 3093 800 3149 τόπον
852 3100 921 3169 τῇ
964 3100 1102 3171 ὀργῇ
1150 3101 1227 3172 τῷ
1278 3103 1502 3176 μεγάλῳ
1547 3106 1811 3180 Σαϐϐάτῳ

1939 1006 2083 1056 esse,
2118 992 2352 1050 maxime
2386 994 2476 1050 ubi
2508 994 2560 1050 id
2613 1012 2737 1050 cum
2799 996 3112 1067 reipublicae
3162 997 3511 1053 ineonnrodo

1938 1084 2110 1139 ﬁeret.

2007 1259 2189 1316 Primo
2216 1262 2384 1334 hujus
2439 1278 2583 1322 anno
2613 1266 2917 1322 Antiochia:
2970 1277 3336 1323 terrmmntus
3387 1269 3508 1331 fuit.

1933 1353 2025 1425 qui
2085 1361 2255 1410 totam
2324 1371 2457 1426 pene
2503 1359 2693 1414 urbem
2751 1362 3071 1430 prostravit.
3145 1361 3253 1416 Leo
3318 1362 3503 1416 Thrax

1932 1461 2131 1517 genere
2181 1448 2305 1515 l'uit,
2362 1448 2650 1505 tribunitia
2688 1451 2974 1524 dignitate.
3028 1452 3329 1509 Coronavit
3376 1471 3501 1509 eum

1930 1536 2219 1594 Anatolius
2255 1538 2590 1607 patriarcha.
2718 1601 2727 1611 ,

1998 1627 2134 1683 Cum
2167 1642 2347 1687 autem
2381 1648 2574 1688 omnes
2600 1633 2771 1689 totius
2798 1634 2948 1692 orbis
2976 1635 3237 1693 Ecclesiae
3266 1636 3504 1692 concilio

1928 1719 2363 1779 Chalcedonensi
2379 1724 2830 1796 astipularentur,
2854 1743 2994 1783 unus
3008 1731 3313 1786 scelerosus
3338 1731 3501 1784 homo

1928 1812 2318 1870 Alexandriam
2345 1817 2700 1880 conturbavit
2737 1817 3083 1889 Timotheus,
3135 1831 3501 1892 cognomento

1926 1902 2176 1961 IEInrus.
2240 1905 2288 1962 Is
2357 1909 2586 1978 magicis
2660 1909 2980 1980 imposturis
3044 1922 3206 1970 utens
3274 1916 3502 1970 cellulas

1928 1996 2323 2052 monachorum
2374 1999 2552 2055 obivit
2604 2008 2792 2067 noctu,
2847 2005 3171 2060 nominatim
3222 2021 3503 2078 quemque

1869 2099 1876 2105 '
1924 2102 2150 2144 vocans.
2198 2088 2303 2156 Qui
2354 2104 2479 2147 cum
2532 2093 2946 2164 responderent,
3020 2098 3095 2153 ita
3151 2097 3328 2179 dixit:
3381 2100 3496 2172 Ego

1924 2193 2045 2233 sum
2083 2181 2333 2252 angelus,
2388 2182 2442 2238 in
2496 2184 2600 2240 hoc
2651 2186 2855 2242 missus
2910 2197 2972 2243 ut
3032 2204 3224 2245 omnes
3271 2189 3492 2260 jubeam

1924 2271 2203 2327 abstinere
2259 2275 2524 2332 societate
2581 2275 2813 2333 l’roterii
2870 2287 2924 2335 et
2965 2278 3495 2338 Cbalcedoneusium

1924 2378 2131 2428 rerum,
2165 2364 2454 2421 Timotheo
2485 2378 2668 2423 autem
2696 2368 2889 2425 IElnro
2917 2372 3293 2443 episcopatum
3338 2375 3498 2431 Alex-

1923 2453 2219 2510 andrinum
2250 2459 2492 2537 tradere.
2525 2457 2701 2516 Porro
2735 2476 2860 2517 cum
2891 2473 3166 2520 catervam
3211 2466 3492 2522 hominum

1923 2546 2366 2605 turbulentorum
2391 2552 2646 2608 mercede
2675 2568 2945 2624 parasset,
2998 2573 3096 2627 per
3146 2559 3494 2630 tyrannidem

1921 2635 2063 2691 solio
2094 2637 2392 2711 episcopali
2417 2642 2622 2711 potitus
2650 2652 2755 2699 est.
2784 2645 2861 2700 Ita
2892 2648 2986 2718 qui
3014 2648 3311 2706 damnatus
3351 2663 3490 2714 erat,

1919 2742 1947 2781 a
1970 2729 2188 2786 duobus
2210 2732 2487 2791 damnatis
2518 2736 2799 2807 deligitur,
2827 2740 3054 2811 ipseque
3080 2742 3361 2815 suil‘ragiis
3383 2760 3490 2815 non

1917 2830 2139 2878 creatus
2164 2824 2392 2880 creandi
2418 2827 2664 2899 episcopi
2685 2828 2779 2899 jus
2799 2830 2925 2886 aliis
2955 2830 3187 2899 tribuit,
3222 2834 3494 2904 baptizat-

1916 2928 2045 2983 que,
2079 2929 2201 2969 cum
2235 2916 2520 2988 presbyter
2550 2935 2659 2974 non
2697 2931 2863 2977 esset.
2894 2921 3041 2977 idem
3073 2924 3225 2981 rabie
3253 2926 3489 2995 quadam

1915 3001 2106 3057 ell‘reni
2164 3019 2384 3060 sacrum
2442 3009 2738 3064 concilium
2812 3023 3068 3081 quartum
3135 3018 3494 3074 contumeliis

1916 3094 2117 3159 atl‘ecit,
2142 3106 2198 3153 et
2229 3096 2540 3155 Proterium
2574 3102 2671 3158 ira:
2712 3103 2914 3159 divinae
2962 3105 3143 3161 locum
3200 3108 3487 3165 cedentem

233 3186 609 3251 κατασφάττει
642 3188 763 3257 μεθ’
801 3189 1009 3262 ἐτέρων
1052 3192 1113 3259 ἒξ
1155 3194 1268 3248 τῶν
1309 3197 1406 3250 σὺν
1459 3198 1609 3269 αὐτῷ
1640 3215 1655 3231 ο
1717 3203 1809 3257 καὶ

1913 3202 2147 3260 cumque
2183 3205 2251 3246 eo
2299 3206 2395 3247 sex
2450 3194 2590 3251 alios
2640 3210 2839 3266 magno
2902 3197 3145 3254 Sabhato
3199 3201 3487 3257 interfecit.

231 3274 373 3327 κατά
394 3277 575 3331 πᾶσαν
595 3279 695 3349 τὴν
723 3280 877 3335 πόλιν
902 3282 1164 3354 σύραντες
1186 3286 1245 3339 τὸ
1278 3286 1438 3359 σῶμα
1478 3289 1642 3345 αὐτοῦ
1672 3295 1807 3363 πυρὶ⁵

229 3364 595 3422 κατέκαυσαν.
661 3369 848 3443 Τούτῳ
904 3372 983 3445 τῷ
1029 3375 1142 3430 ετει
1191 3377 1391 3452 ἠνέχθη
1450 3380 1512 3434 τὸ
1554 3381 1806 3452 λείψανον

226 3456 325 3523 τῆς
354 3457 515 3526 ἁγίας
542 3460 820 3533 μάρτυρος
858 3466 1216 3533 ’Δναστασίας
1239 3470 1345 3524 ἀπὸ
1398 3470 1493 3526 τοῦ
1537 3474 1800 3546 Σιρμίου,

228 3549 322 3601 καὶ
384 3554 651 3625 κατετέθη
703 3556 763 3611 ἐν
814 3556 895 3630 τῷ
937 3558 1053 3631 ναῷ
1090 3561 1259 3631 αὐτῆς
1293 3563 1484 3629 ἐντοῖς
1545 3566 1801 3636 Δομνίνου

226 3638 250 3687 ὲ
259 3637 426 3703 μσόλο
433 3657 501 3705 ις.

293 3729 385 3799 Τῷ
416 3730 463 3801 β’
506 3731 620 3789 ἔτει
669 3736 825 3792 Λέων
854 3739 1164 3810 ὀβασιλεὺς
1220 3743 1412 3814 μαθὼν
1465 3746 1558 3801 τὸν
1609 3749 1802 3805 ἄδικον

224 3822 457 3877 θάνατον
485 3827 782 3898 Προτερίου
808 3833 903 3886 καὶ
930 3831 1029 3900 τὴν
1053 3833 1315 3907 Λίλούρου
1365 3837 1606 3909 ἄθεσμον
1668 3861 1800 3915 προ-

230 3916 478 3987 αγωγὴν,
526 3920 749 3990 πέμψας
779 3925 906 3988 τοὺς
943 3933 1379 3997 κοινωνήσαντας
1398 3930 1476 4001 τῷ
1500 3932 1799 4005 Προτερίου

223 4006 438 4077 θανάτῳ
466 4006 934 4086 ἐγλωσσοτόμησε.
972 4017 1224 4090 Τιμοθέῳ
1264 4020 1323 4074 δὲ
1354 4022 1432 4087 τῷ
1468 4024 1671 4096 ἀνιέρῳ
1700 4028 1801 4083 ούκ

221 4096 510 4167 ἐπεξῆλθε,
542 4101 642 4172 τὴν
687 4104 775 4156 ἐπ’
808 4105 960 4178 αὐτῷ
991 4109 1177 4179 κρίσιν
1202 4114 1528 4180 ἐπισκόποις
1567 4119 1799 4174 καταλι-

220 4191 361 4244 τών.
390 4190 484 4262 Τῷ
514 4192 561 4246 δ’
594 4194 742 4266 αὐτῷ
772 4197 883 4252 ἔτει
937 4202 1032 4255 καὶ
1080 4204 1267 4273 Ζήνων
1308 4208 1562 4283 Ἀριάδνῃ
1605 4213 1798 4282 μίγνυ-

217 4300 308 4335 ται
339 4284 478 4353 πρδς
504 4288 703 4357 γάμον,
731 4292 798 4361 τῇ
830 4292 1059 4359 Λέοντος
1092 4296 1347 4368 θυγατρί.

288 4376 381 4445 Τῷ
408 4382 456 4443 γ’
476 4377 588 4432 ἔτει
618 4380 922 4453 γράμματα
945 4387 1082 4457 πρὸς
1112 4389 1240 4452 τοὺς
1260 4391 1500 4462 ἑκάστης
1527 4396 1800 4468 ἐπαρχίας

216 4469 553 4535 ἐπισκόπους
579 4473 899 4529 ἀπέστειλεν
919 4477 948 4530 ὀ
984 4477 1257 4548 βασιλεὺς,
1285 4484 1492 4554 γράψαι
1521 4488 1672 4560 αὒτῴ
1698 4490 1799 4562 τὴν

1909 3280 2081 3351 Cujus
2119 3296 2323 3355 corpus
2356 3284 2572 3343 factiosi
2610 3303 2707 3358 per
2738 3298 2907 3344 totam
2959 3292 3152 3346 urbem
3212 3305 3485 3365 raptalum

1909 3371 2356 3430 combusserunt.
2399 3375 2496 3432 Illo
2529 3392 2675 3433 anno
2712 3380 2894 3436 allatae
2924 3391 3053 3436 suut
3101 3384 3305 3439 Sirmio
3352 3389 3482 3442 reli-

1906 3463 2050 3535 quiae
2080 3465 2217 3522 divae
2243 3469 2500 3540 martyris
2525 3469 2851 3538 Anastasize,
2888 3474 3055 3545 inque
3108 3476 3232 3547 ejus
3270 3481 3481 3551 templo

1904 3556 2190 3627 depositm,
2224 3560 2373 3630 quod
2403 3570 2488 3619 est
2515 3563 2657 3633 apud
2711 3574 2887 3621 rostra
2925 3566 3201 3625 Domuini.

1970 3737 2139 3810 609
2197 3738 2452 3799 Secundo
2520 3759 2667 3801 anno
2723 3747 2835 3804 Leo
2908 3751 3207 3823 imperator
3257 3758 3472 3827 cognita

1901 3829 2105 3901 injusta
2132 3830 2363 3889 Proterii
2440 3837 2589 3894 unde
2634 3839 2928 3913 IEIurique
2978 3844 3167 3915 iniqua
3226 3848 3483 3920 designa-

1904 3920 2073 3989 tione,
2113 3923 2266 3980 misit
2314 3927 2406 3995 qui
2447 3927 2683 3986 Proterii
2742 3932 2909 3990 caedis
2965 3938 3206 3995 consciis
3268 3940 3485 4011 linguas

1902 4013 2315 4072 exscinderent.
2380 4016 2635 4076 Elurum
2687 4039 2798 4079 non
2846 4027 3048 4096 puniit,
3101 4030 3314 4099 judicio
3360 4033 3482 4103 ejus

1904 4104 2185 4177 episcopis
2243 4120 2546 4168 reservato.
2585 4112 2787 4171 Eodem
2822 4134 2969 4174 anno
2999 4122 3206 4193 nuptize
3262 4125 3485 4183 fuerunt

1906 4195 2147 4255 Zenonis
2184 4208 2241 4255 et.
2275 4203 2533 4261 Ariadna:
2560 4205 2764 4267 Leonis
2796 4210 2938 4266 ﬁlim.

1973 4377 2163 4434 Tertio
2197 4394 2347 4435 anno
2374 4380 2678 4454 imperator
2713 4387 2908 4444 scribit
2943 4391 3010 4446 ad
3049 4394 3295 4477 omnium
3355 4413 3481 4467 pro-

1898 4470 2208 4527 vinciarum
2239 4472 2553 4544 episcopos,
2581 4477 2828 4550 petitque
2853 4490 2914 4536 ut
2946 4497 3102 4540 suam
3136 4470 3373 4556 quisque
3413 4491 3481 4545 de

215 4558 427 4614 οἶκείαν
483 4564 713 4634 γνώμην
757 4567 1009 4635 ἕκαστον,
1038 4572 1089 4624 εί
1125 4576 1240 4637 τοῖς
1270 4575 1328 4627 ἐν
1354 4576 1657 4647 Χαλκηδόνι
1679 4583 1797 4653 δρι-

1903 4563 2345 4622 Chalccdonensi
2381 4569 2623 4626 concilio
2669 4582 2725 4627 et
2764 4572 3040 4631 Timothei
3086 4578 3153 4631 ad
3185 4580 3476 4650 episcopa-

215 4653 426 4706 σθείσιν
450 4655 795 4727 ἀρέσκοιντο,
820 4661 914 4713 καὶ
946 4662 1077 4732 περὶ
1116 4663 1214 4735 τῆς
1246 4665 1343 4719 τοῦ
1378 4665 1641 4740 Ᾱὶλούρου
1675 4689 1795 4743 χει-

217 4745 467 4812 ροτονίας
508 4747 562 4799 τί
608 4747 840 4816 λέγοιεν.
888 4751 978 4805 Ἐν
1011 4747 1096 4816 οἷς
1126 4754 1221 4807 καὶ
1249 4757 1330 4827 τῷ
1358 4759 1500 4829 ἁγίῳ
1548 4761 1795 4831 Συμεῶνι

215 4834 291 4903 τῷ
321 4834 552 4907 Στυλίτῃ
590 4838 686 4891 καὶ
712 4840 893 4905 ἄλλοις
932 4843 1181 4915 Πατράσι
1209 4844 1653 4920 θαυματουργοῖς
1699 4854 1794 4906 καὶ

218 4925 382 4990 ἱσίοις
404 4927 930 5001 διαμαρτυρόμενος,
962 4933 1039 4999 ὡς
1066 4936 1144 5007 τῷ
1167 4936 1288 5009 Θεῷ
1315 4939 1424 4992 τῶν
1456 4941 1592 4995 ὅλων
1643 4961 1786 5014 παρ-

215 5021 365 5087 έχειν
380 5021 479 5092 τὴν
494 5022 679 5094 κρίσιν
709 5024 820 5079 τῶν
844 5020 1376 5102 άιλφισδητουμένων
1399 5035 1704 5102 ποιοῦντας.
1728 5040 1789 5092 Οί

215 5112 267 5164 δὲ
300 5112 568 5183 παμψηφὶ
608 5115 930 5187 δμοφρόνως
973 5121 1203 5192 κυροῦσι
1237 5123 1337 5194 μὲν
1358 5125 1458 5195 τὴν
1489 5128 1547 5179 ἐν
1574 5128 1791 5199 Χαλκη-

213 5201 317 5253 δόνι
335 5202 502 5269 ἁγίαν
526 5203 741 5257 σύνοδον
769 5201 933 5273 εἶναι,
956 5210 1051 5262 καὶ
1071 5212 1163 5263 τὸν
1182 5213 1277 5267 ὑπ’
1304 5214 1478 5286 αὐτῆς
1500 5217 1790 5273 ἐκτεθέντα

210 5291 336 5359 ὅρον
359 5292 735 5363 ἀποδέχονται,
762 5296 1029 5366 Τιμοθέου
1059 5300 1118 5353 δὲ
1136 5301 1441 5372 συμφώνως
1475 5308 1789 5379 καταψηφί-

212 5383 397 5445 Caveat
417 5383 493 5447 ὡς
519 5386 727 5454 φονέως
750 5388 846 5440 καὶ
876 5389 1154 5459 αἱρετικοΰ
1230 5392 1292 5446 ὃν
1323 5397 1415 5448 καὶ
1460 5394 1725 5468 ἐξώρισεν
1761 5401 1791 5452 6

214 5475 469 5544 βασιλεὺς
514 5477 596 5540 είς
630 5476 909 5546 Γάγγραν.
953 5481 1131 5536 Κάκεῖ
1162 5481 1218 5536 δὲ
1255 5488 1578 5556 συναγωγὰς
1621 5488 1787 5560 ἀρξά-

216 5583 373 5634 μενος
424 5570 599 5620 ποιεῖν
653 5569 960 5640 ἐξορίζεται
1006 5575 1065 5626 ἐν
1110 5575 1379 5646 Χερσῶνι.
1428 5578 1692 5649 Τιμόθεος
1731 5582 1787 5634 δὲ

213 5659 371 5720 ἄλλος
426 5660 457 5711 ὁ
504 5658 738 5729 ἐπίκλην
771 5664 977 5728 Λευκὸς
1028 5665 1125 5719 καὶ
1176 5666 1589 5737 Σαλοφακίολος,
1628 5672 1786 5742 ὀρθό-

213 5749 362 5814 ὀοξος
389 5747 475 5821 [Ρ.
505 5750 634 5822 5.18]
672 5754 765 5805 καὶ
792 5756 995 5821 ἀγαθὸς
1037 5757 1178 5828 ἀνὴρ
1215 5759 1496 5830 ὑπάρχων,
1521 5763 1627 5816 ὑπὸ
1657 5764 1789 5818 πάνυ

1904 4664 2019 4711 tum
2075 4674 2371 4730 progressu
2426 4664 2756 4718 sententiam
2834 4669 3207 4736 perscribant.
3272 4671 3480 4728 Scribit

1899 4746 2044 4802 inter
2067 4750 2206 4805 alios
2231 4750 2397 4805 etiam
2437 4753 2502 4805 ad
2538 4750 2866 4822 Symeonem
2915 4756 3170 4825 Stylitam
3226 4746 3477 4830 aliosque

1897 4839 2163 4896 mirificos
2215 4849 2270 4895 et
2317 4854 2539 4898 sanctos
2580 4844 2795 4910 Patres,
2846 4844 3136 4905 obtestans
3182 4859 3243 4902 ut
3283 4850 3357 4905 ita
3407 4853 3476 4907 de

1896 4933 2271 4990 controversis
2296 4934 2463 4991 rebus
2486 4934 2759 5004 judicium
2797 4936 3065 5004 facerent,
3117 4949 3177 4995 ut
3228 4944 3321 5012 qui
3366 4945 3476 5000 [leo

1896 5023 2167 5079 rationem
2195 5035 2382 5080 essent
2407 5029 2693 5083 reddituri.
2732 5029 2809 5082 Illi
2834 5045 2967 5085 vero
3004 5049 3113 5088 uno
3138 5050 3331 5091 onmes
3352 5036 3469 5092 suf-

1899 5113 2075 5183 fragio
2105 5124 2160 5171 et
2189 5131 2356 5173 sensu
2381 5116 2833 5175 Chalcedonense
2861 5124 3158 5179 concilient
3210 5126 3469 5195 probant,

1896 5206 2243 5264 Timotheum
2300 5209 2582 5265 homicidii
2636 5226 2699 5267 ac
2749 5214 3024 5271 haereseos
3076 5218 3463 5275 condemnant.

1898 5298 2032 5354 Eum
2069 5301 2368 5371 imperator
2428 5301 2703 5372 Gangram
2765 5305 3044 5374 relegavit.
3096 5307 3203 5364 Sed
3238 5327 3360 5366 cum
3393 5313 3464 5369 ibi

1897 5408 2118 5462 quoque
2173 5404 2481 5451 conventus
2546 5410 2708 5466 agerc
2760 5401 3055 5468 coepisset,
3127 5401 3462 5460 Chersonenr

1893 5486 2237 5553 deportatur.
2260 5485 2417 5541 Alius
2466 5496 2647 5542 autem
2695 5487 3041 5556 Timotheus,
3101 5506 3465 5564 cognOmentn

1896 5575 2069 5629 Albus
2095 5586 2146 5629 ct
2171 5576 2614 5647 Salophaeiolus,
2659 5581 2743 5634 vir
2782 5581 2959 5636 bonus
2996 5585 3149 5639 etde
3200 5587 3463 5656 religione

1898 5679 2045 5722 recte
2087 5669 2333 5724 sentiens
2372 5671 2736 5743 omnibusque
2780 5674 3006 5737 charos,
3061 5677 3464 5735 Alexandrinus

1898 5766 2193 5830 episcopus
2225 5773 2460 5820 creatur.

214 5854 322 5895 των
384 5842 705 5915 φιλούμενος
763 5852 1154 5919 χειροτονεῖται
1214 5851 1616 5926 Ἀλεξανδρείας
1671 5857 1969 5919 ἐπίσκοπος
