4214 6450
200 423 306 483 669

1283 437 1819 504 IllSTORIARUM
1846 445 2373 513 CDMPENDIUM.

3363 463 3466 526 670

207 532 475 595 μιτιτμδν
523 535 755 603 γαττρδς
811 538 1146 604 ύποττὰντος
1181 545 1272 597 καὶ
1303 548 1493 608 δεινοῖς
1532 552 1772 623 κέντροις

1889 557 2186 628 imperator
2224 563 2488 631 prolluvio
2526 564 2728 618 ventris
2779 565 3074 630 laboraret,
3120 574 3282 635 atque
3309 567 3462 627 intus

199 621 267 671 τά
321 621 469 672 ἔνδον
505 623 888 694 ἐλαυνομένου,
935 630 1128 699 ἤλεγξε
1181 635 1244 687 τὸ
1282 637 1451 702 πάθος
1481 643 1580 712 τὴν
1617 621 1782 713 ἰατρι-

199 709 301 776 κὴν
350 710 547 782 τέχνην
579 716 636 766 ἐν
663 718 929 784 κινδύνοις
969 723 1251 793 ἄπρακτον
1293 730 1575 802 ὑπάρχειν.
1627 737 1776 790 Καθ-

197 801 458 870 εζομὲνου
515 807 622 876 γάρ
669 809 837 864 αὑτοῦ
889 814 982 868 ἐπὶ
1019 817 1114 886 τῆς
1155 821 1365 888 ἀμίδος,
1397 826 1501 878 κᾶν
1548 842 1607 878 τε
1656 829 1777 882 ὄπι-

201 891 328 992 σθεν
359 897 522 950 αὐτοῦ
555 895 621 969 ἦν
649 902 709 954 τὸ
737 904 802 957 ὲκ
829 905 923 959 τοῦ
966 909 1136 979 πυρὸς
1182 914 1298 980 φῶς
1341 917 1442 971 κάν
1477 936 1534 970 τε
1565 919 1778 992 ἔμπρο-

200 985 346 1050 σθεν,
383 987 472 1041 διὰ
504 990 604 1058 τῆς
635 996 878 1065 γαστρὸς
900 1000 996 1052 καὶ
1032 1000 1128 1054 τοῦ
1159 1003 1320 1059 νὼτοι
1370 985 1634 1076 ’.φαίνετο
1670 985 1776 1066 Καὶ

197 1076 289 1174 ἐπὶ
316 1079 570 1174 τοσοῦτον
597 1090 990 1157 κατισχνωθεὶς
1023 1095 1366 1168 ἐτελεύτησε,
1399 1103 1493 1154 καὶ
1526 1104 1684 1174 ἐτέθη
1717 1107 1778 1159 τὸ

200 1168 362 1238 σῶμα
406 1173 573 1227 αὑτοῦ
605 1177 663 1228 ὲν
707 1178 940 1249 λάρνακι
1002 1188 1253 1258 πρασίνῳ
1303 1193 1360 1243 ὲν
1388 1193 1464 1261 τῷ
1486 1195 1651 1266 ἡρῴῳ
1682 1195 1774 1250 τοῦ

197 1261 456 1328 Μεγάλου
513 1267 946 1328 Κωνσταντίνου.
1015 1279 1053 1329 Γ
1059 1279 1156 1350 υνὴ
1212 1281 1268 1335 δὲ
1314 1283 1502 1338 τούτου
1546 1287 1772 1358 Βηρίνη,

194 1352 398 1424 ἀδελφὴ
433 1357 776 1424 Βασιλίσκου,
808 1364 868 1428 ὃς
892 1366 988 1420 τοῦ
1019 1371 1159 1423 κατὰ
1178 1372 1463 1444 Γιζερίχου
1489 1377 1775 1444 σταλέντος

197 1447 436 1511 μεγάλου
471 1451 662 1506 στολου
704 1455 923 1526 ἐξῆρχε.

260 1538 417 1591 Λέων
447 1540 478 1592 6
506 1543 750 1613 Ζήνωνος
783 1548 899 1609 υίὸς
939 1551 1037 1603 καὶ
1093 1553 1378 1624 Ἀριάδνης
1398 1597 1411 1619 ,
1444 1557 1638 1628 νήπιος
1692 1559 1773 1614 ἔτι

190 1625 289 1689 ὢν,
327 1625 580 1693 βασιλεὺς
608 1634 1019 1704 προχειρίζεται
1043 1641 1196 1710 παρά
1217 1641 1309 1694 τοῦ
1346 1643 1570 1699 πάππου
1603 1647 1770 1700 αὐτοῦ

190 1716 444 1808 Μεγάλου
485 1722 713 1787 Λέοντος
735 1743 748 1755 ·
793 1726 853 1789 ὃς
890 1728 1242 1784 ἐϐασίλευσεν
1271 1732 1356 1804 [Ρ.
1385 1735 1511 1808 551]
1545 1738 1660 1802 ἔτος
1691 1738 1768 1799 ἓν.

190 1804 526 1879 καῖστέᾠας
547 1813 640 1866 τὸν
675 1815 806 1869 ίδιον
847 1819 1062 1889 πατέρα
1094 1822 1341 1891 Ζήνωνα,
1389 1804 1629 1899 Βηρίνης
1674 1837 1769 1884 καὶ

201 1900 488 1970 Ἀριάδνης
517 1909 910 1977 συναραμένων
939 1912 1110 1984 αὐτῷ,
1146 1916 1488 1987 ἐτελεύτησε.
1769 1922 1776 1928 ’

255 1991 446 2059 Ζήνων
485 1991 770 2065 Ῥωμαίων
812 1997 1064 2068 βασιλεὺς
1111 2004 1204 2076 ἔτη
1231 2007 1313 2071 κζ’
1349 2008 1524 2078 μῆνας
1555 2011 1596 2063 δ’
1629 2011 1762 2083 (8⁵)ν

185 2084 464 2149 αἰρετικὺς
485 2086 586 2155 τῆς
625 2092 960 2161 συγχυτικῆς
989 2096 1256 2164 αἱρέσεως
1288 2100 1396 2153 τῶν
1427 2101 1761 2173 ’Λκεφάλων.

197 2173 318 2227 Ἐπὶ
352 2177 544 2231 τούτου
573 2181 796 2253 ἐκτίσθη
827 2184 887 2236 τὸ
914 2185 1246 2258 ’Δμμὼριοω
1273 2192 1474 2246 Τούτου
1505 2196 1581 2266 τῷ
1613 2196 1763 2266 πρώ-

183 2283 257 2332 τῳ
287 2266 401 2320 ἔτει
425 2267 483 2320 ὲν
503 2273 807 2340 προοιμίοις
835 2276 1265 2351 Μεσοποταμίαν
1306 2284 1405 2351 μὲν
1431 2287 1760 2359 Σαρακηνοὶ,

183 2360 409 2431 Θράκην
442 2362 501 2416 δὲ
545 2365 889 2437 κατέδραμον
928 2365 1144 2437 Οὖννοι,
1201 2375 1404 2448 σφόδρα
1452 2382 1565 2443 τοῖς
1621 2381 1758 2450 πρά-

183 2470 362 2518 γμασι
395 2455 585 2520 κακῶς
626 2457 1024 2530 λυμαινομένου
1064 2465 1160 2520 τοῦ
1197 2467 1482 2538 βασιλέως,
1518 2473 1612 2528 καὶ
1643 2475 1764 2545 ἡδο-

184 2551 298 2610 ναῖς
322 2547 550 2612 ἀτόποις
590 2553 684 2604 καὶ
713 2554 1002 2626 πράγμασι
1050 2559 1425 2628 σχολάζοντος.
1456 2561 1564 2617 Ἶιν
1598 2566 1706 2637 γὰρ
1736 2569 1764 2621 6

187 2639 375 2707 Ζήνων
396 2638 498 2708 τῆς
528 2642 794 2712 κακίστης
821 2646 918 2698 καὶ
938 2646 1212 2719 είδεχθοῦς
1241 2655 1433 2721 γενεᾶς
1455 2654 1565 2708 τῶν
1599 2657 1763 2710 Ἰσαύο

190 2747 317 2798 ρων,
352 2731 524 2794 δασύς
566 2750 625 2785 τε
674 2733 769 2788 καὶ
804 2735 1242 2810 είδεχθέστατος,
1284 2745 1472 2817 ὥσπερ
1502 2747 1762 2818 Ἕλληνες

187 2821 546 2892 ζωγραφούσι
583 2825 677 2878 τὸν
710 2827 863 2881 Πᾶνα
885 2835 1229 2905 τραγοσκελῆ
1266 2837 1360 2890 καὶ
1389 2837 1757 2910 δασύκνημον,

182 2913 280 2980 τὴν
306 2914 504 2982 χροιὰν
526 2916 715 2985 μέλας,
750 2918 850 2987 τὴν
877 2917 1090 2988 ἠλικίαν
1115 2925 1482 2998 ἀσύμϐλητος,
1519 2931 1757 3001 ὀργίλος,

189 3007 529 3074 μνησίκακος
589 3012 685 3064 καὶ
750 3012 945 3080 φθόνου
1003 3017 1222 3087 μεστός.
1267 3018 1409 3089 Γυνὴ
1462 3021 1517 3074 δὲ
1568 3024 1760 3077 τούτου

196 3092 474 3166 Ἀριάδνη.
508 3099 830 3170 Βασιλίσκος
854 3107 910 3162 δὲ
937 3111 964 3162 6
980 3111 1218 3181 Βηρῐνης
1247 3109 1494 3179 ἀδελφὸς,
1515 3113 1574 3164 ἐν
1595 3114 1761 3185 Ἦρα·

1887 653 2167 706 atrocibus
2218 665 2679 725 compungerctur
2707 659 3068 720 cruciatibus,
3110 660 3460 716 tnorbusiste

1883 744 2281 800 demonstravit
2307 748 2440 800 artis
2473 750 2696 802 medica:
2735 750 2935 802 millam
2986 765 3109 805 esse
3143 751 3195 804 in
3233 752 3450 821 pericu-

1884 835 1951 890 lis
1980 834 2381 890 cﬂicacitatcm.
2417 837 2642 903 Quoties
2674 840 2816 892 enim
2847 841 2900 894 in
2936 842 3196 894 matulam
3238 843 3458 897 deside-

1878 926 1996 990 hat,
2049 926 2164 981 sive
2200 935 2327 982 ante
2361 930 2476 983 sive
2541 941 2660 998 post
2696 948 2821 984 eum
2885 932 3025 1001 ignis
3076 942 3244 997 esset,
3283 935 3328 990 is
3362 949 3461 1004 per

1879 1025 2123 1070 ventrem
2143 1017 2262 1083 ejus
2280 1025 2330 1071 et
2350 1017 2572 1072 dorsum
2601 1021 2924 1088 pellueehat.
2944 1022 3200 1090 Adeoque
3217 1034 3458 1080 extreme

1879 1116 2201 1164 attenuatus
2235 1109 2449 1164 vivendi
2482 1111 2649 1164 linem
2694 1113 2841 1168 fet-it.
2873 1116 3086 1184 Corpus
3116 1114 3279 1184 615
3336 1117 3457 1183 ejus

1877 1200 1931 1253 in
1961 1201 2120 1254 viridi
2153 1214 2278 1253 arca
2350 1204 2649 1273 repositum
2710 1213 2792 1258 est
2826 1207 2879 1260 in
2913 1218 3270 1262 nioumuento
3309 1209 3457 1262 Con-

1875 1291 2099 1344 stantini
2155 1290 2354 1359 Magni.
2381 1291 2614 1347 Uxorem
2675 1294 2863 1349 habuit
2896 1297 3170 1360 Verinam,
3203 1313 3450 1354 sororem

1877 1380 2155 1443 Basilisci,
2193 1386 2287 1451 qui
2349 1398 2558 1454 magnae
2585 1386 2782 1442 classis
2810 1387 3074 1444 adversus
3104 1390 3453 1447 Gizerichum

1874 1474 2056 1528 missa:
2095 1474 2202 1528 dux
2261 1473 2384 1529 fuit.

1944 1565 2055 1622 Leo
2089 1566 2325 1623 Zenonis
2355 1576 2410 1624 et
2463 1569 2720 1626 Ariadnae
2747 1572 2892 1627 illius
2926 1575 3222 1644 imperator
3254 1576 3321 1630 ab
3349 1591 3452 1630 avo

1872 1671 1973 1712 suo
2004 1657 2185 1714 Leone
2207 1659 2422 1738 “Magno
2451 1670 2536 1718 est
2596 1671 2840 1727 creatus,
2902 1680 3025 1718 cum
3077 1666 3256 1720 adhuc
3315 1682 3451 1736 puer

1871 1760 2037 1806 esset.
2067 1752 2362 1820 Imperavit
2393 1769 2595 1808 annum
2631 1771 2823 1822 unum,
2863 1756 3234 1826 imposiloque
3257 1757 3449 1828 diade-

1876 1849 2018 1894 mate
2043 1843 2180 1909 patri
2209 1856 2312 1896 suo
2344 1840 2578 1905 Zenoni,
2599 1842 2796 1900 Verina
2827 1855 2880 1899 et
2908 1846 3149 1900 Ariadna
3179 1846 3448 1916 adjuvan-

1876 1933 2042 1997 tibus,
2087 1932 2194 1986 vita
2233 1932 2528 1989 defunctus
2565 1944 2672 1988 est.

1949 2021 2097 2079 Zeno
2155 2026 2444 2096 imperavit
2501 2042 2676 2083 annos
2728 2029 2819 2091 27,
2862 2045 3079 2083 nienses
3125 2031 3182 2086 4.
3233 2030 3359 2086 Fuit
3390 2031 3444 2085 in

1877 2113 2074 2170 hmresi
2109 2129 2300 2170 eorum
2338 2132 2477 2186 quos
2516 2119 2824 2187 Accphalos
2859 2131 3078 2185 vocant,
3111 2136 3232 2190 quae
3281 2134 3444 2177 natu-

1874 2220 1964 2262 ras
1997 2207 2050 2261 in
2110 2207 2336 2262 Christo
2368 2208 2680 2264 contundit.
2741 2211 2856 2266 Sub
2910 2213 3012 2267 hoc
3045 2213 3326 2266 conditum
3362 2223 3447 2269 est

1873 2298 2237 2354 Ammorium.
2291 2299 2466 2368 ilnjus
2520 2302 2699 2370 primo
2725 2317 2890 2366 anno,
2923 2304 3056 2371 ipsis
3087 2304 3300 2373 imperii
3325 2306 3446 2372 ejus

1873 2389 2178 2460 principiis,
2204 2388 2260 2443 in
2282 2389 2729 2460 Mesopotamiam
2760 2391 3041 2457 Saraceni,
3073 2394 3124 2446 in
3152 2393 3442 2448 Thraciam

1873 2477 2056 2532 Hunni
2117 2479 2466 2535 incursiones
2521 2479 2790 2548 fecerunt,
2848 2499 2973 2537 eum
3034 2484 3270 2553 pessime
3303 2501 3444 2540 rem-

1869 2571 2144 2641 publicam
2174 2571 2471 2642 imperator
2495 2572 2585 2630 ille
2615 2588 2992 2647 corrumperet
3026 2578 3430 2647 voluptatibus-

1869 2680 1976 2734 que
2009 2673 2064 2720 et
2129 2666 2294 2722 rebus
2353 2665 2610 2724 absurdis
2669 2679 2817 2725 esset
2867 2670 3099 2724 deditus.
3137 2671 3261 2725 Fuit
3296 2670 3444 2725 Zeno

1870 2764 2032 2810 natus
2080 2758 2318 2825 pessima
2361 2767 2416 2814 et
2471 2760 2761 2830 insigniter
2822 2762 3055 2816 deformi
3121 2763 3437 2817 lsaurorum

1869 2858 2051 2919 gente,
2082 2851 2332 2907 hirsutus
2355 2860 2412 2908 et
2446 2851 2619 2908 forma
2648 2854 2988 2923 turpissima,
3015 2857 3230 2924 qualem
3263 2856 3439 2911 Graeci

1867 2939 2068 2996 Panem
2106 2943 2334 3013 pingunt
2362 2945 2698 3015 hireipedem
2736 2954 2791 3001 et
2821 2948 3026 3002 crassis
3058 2948 3231 3014 suris,
3262 2950 3442 3017 niger,

1869 3038 2083 3086 statura
2117 3034 2470 3100 inconcinna,
2526 3035 2847 3097 iracundus,
2882 3037 3206 3106 injuriarum
3245 3047 3435 3104 tenax,

1868 3123 2370 3181 invidentissimus.
2429 3125 2581 3182 Uxor
2637 3130 2686 3183 ei
2746 3129 2848 3183 l‘uit
2911 3129 3176 3184 Ariadna.
3222 3129 3440 3184 Interim

183 3193 336 3260 κλείᾳ
386 3191 681 3263 διατρίϐων
727 3200 827 3267 τῆς
861 3200 1111 3271 Θρᾴκης,
1143 3203 1433 3255 ἐστασίασε
1483 3206 1622 3258 κατὰ
1651 3207 1760 3276 Ζή-

1867 3214 2168 3272 Basiliseus
2202 3217 2424 3272 Verina:
2455 3218 2644 3285 frater,
2678 3219 2972 3286 lieracleze,
3003 3236 3122 3290 qua:
3158 3231 3242 3276 est
3267 3219 3443 3274 Thra-

183 3301 373 3349 νωνος·
423 3286 484 3339 ὃν
527 3287 785 3359 φοϐηθεὶς
834 3294 863 3345 6
911 3294 1098 3362 Ζήνων
1131 3295 1229 3348 σὺν
1268 3293 1522 3367 Ἀριάδνῃ
1556 3301 1622 3369 τῇ
1659 3299 1764 3372 ἰδίᾳ

1864 3305 1963 3361 cia:
1989 3307 2144 3370 urbs,
2176 3316 2370 3362 contra
2399 3309 2670 3365 Zenonem
2703 3311 3028 3366 seditionem
3073 3320 3272 3366 movet.
3305 3311 3440 3382 Ejus

182 3377 398 3442 γυναικὶ
435 3377 531 3430 καὶ
563 3379 843 3448 χρήμασιν
882 3382 1086 3443 ἱκανοῖς
1113 3383 1306 3450 φεύγει
1359 3387 1444 3450 είς
1486 3388 1763 3459 Ἰσαυρίαν

1864 3405 2010 3452 metu
2072 3396 2219 3452 Zeno
2271 3414 2398 3454 cum
2459 3415 2631 3456 uxore
2704 3410 2758 3456 et
2809 3405 3022 3469 magnis
3111 3404 3310 3473 Opibus
3348 3377 3438 3456 'ad

183 3466 320 3519 κατά
349 3482 405 3518 τι
441 3466 700 3538 φρούριον
733 3470 930 3558 ὀχυρὸν
963 3472 1184 3543 Οὕσαρα
1215 3475 1573 3547 καλούμενον.
1593 3480 1759 3534 Βασι-

1868 3486 2090 3544 Isauros
2147 3487 2306 3559 fugit,
2367 3489 2423 3544 in
2450 3489 2740 3546 castellum
2798 3491 3068 3545 munitum
3115 3491 3205 3547 cui
3238 3505 3436 3546 nomen

184 3556 364 3620 λέσκος
422 3558 482 3612 δὲ
547 3561 604 3612 ὲν
654 3561 734 3632 τῷ
790 3556 1003 3634 κάμπῳ
1069 3567 1410 3641 ἀνηγορεύθη
1489 3571 1759 3641 βασιλεὺς,

181 3649 406 3718 Μάρκον
434 3667 494 3703 τε
528 3651 619 3704 τὸν
662 3655 778 3706 υἱὸν
809 3655 1064 3726 Καίσαρα
1093 3657 1341 3727 ἐποίησε,
1366 3661 1461 3713 καλ⁵
1485 3664 1759 3732 Ζηνωδίαν

180 3739 273 3810 τὴν
304 3740 509 3796 ἑαυτοῦ
553 3744 804 3815 γαμετὴν
833 3746 1154 3814 Αὑγοῦσταν
1185 3749 1404 3821 ἔστεφε,
1434 3753 1530 3806 καὶ
1557 3754 1758 3820 εὐθέως

179 3835 314 3888 γατά
347 3835 454 3904 τῆς
485 3835 721 3899 πίστεως
743 3839 1108 3906 παρετάξατο.
1133 3841 1335 3897 Τούτου
1364 3843 1423 3898 δὲ
1454 3846 1758 3917 ἀναγορευ-

179 3921 354 3987 θέντος
384 3927 414 3977 ὀ
442 3925 660 3996 συμϐὰς
696 3929 1024 4001 ἐμπρησμὸς
1050 3933 1194 3988 κατὰ
1215 3935 1314 4006 τὴν
1335 3936 1491 3992 πόλιν
1511 3939 1572 3992 τὸ
1590 3941 1758 4012 ἀνθη-

182 4017 396 4084 ρότατον
455 4020 619 4089 μέρος
672 4021 1017 4094 διέφθειρεν⁸
1065 4027 1124 4080 ὲν
1175 4026 1286 4098 γὰρ
1333 4029 1412 4101 τῷ
1456 4032 1608 4104 μέσῳ
1648 4034 1758 4088 τῶν

177 4107 607 4178 Χαλκςπρατίων
635 4113 943 4184 ἀρξάμενος
969 4118 1142 4182 αὐτάς
1174 4136 1237 4173 τε
1262 4121 1542 4176 ἀνάλωσεν
1585 4123 1754 4196 ἄμφω

181 4201 271 4263 τὰς
305 4201 475 4266 στοὰς
499 4205 595 4257 καὶ
625 4205 695 4259 τά
738 4209 983 4280 προσεχῆ
1013 4210 1213 4276 πάντα,
1249 4214 1349 4284 τήν
1386 4231 1448 4268 τε
1484 4217 1757 4290 καλουμέ-

186 4309 276 4360 νην
318 4292 631 4366 βασιλικὴν,
684 4298 742 4350 ὲν
872 4302 1137 4356 ἀπέκειτο
1187 4303 1506 4379 βιϐλιοθήκη
1557 4309 1756 4381 ἔχουσα

179 4381 386 4448 βίϐλους
421 4388 696 4457 μυριάδας
727 4389 960 4456 δώδεκα,
1001 4394 1120 4464 μεθ’
1163 4388 1239 4450 ὧν
1269 4396 1490 4467 βιϐλίων
1541 4401 1639 4455 καὶ
1694 4402 1755 4456 τὸ

175 4473 261 4560 τοῦ
291 4477 588 4547 δράκοντος
629 4479 815 4552 ἕτερον
859 4484 1036 4539 ποδῶν
1094 4486 1290 4541 ἑκατὸν
1348 4489 1552 4544 εἴκοσιν
1575 4530 1591 4557 ,
1627 4492 1684 4544 ὲν
1709 4487 1753 4560 ᾧ

1867 3574 2072 3631 Ubara.
2132 3577 2436 3633 Basiliscus
2493 3580 2546 3633 in
2586 3594 2783 3644 campo
2820 3579 3122 3649 imperator
3155 3580 3430 3636 salutatus

1859 3669 2106 3723 Marcum
2125 3668 2295 3724 ﬁlium
2315 3669 2764 3742 Caesaremﬁle
2782 3671 3034 3742 appellat,
3062 3680 3117 3726 et
3145 3670 3440 3726 Zenodiatn

1861 3775 2088 3816 uxorem
2117 3777 2273 3818 suam
2304 3763 2565 3833 Augusta:
2621 3778 2824 3818 corona
2855 3774 3081 3817 exornat
3112 3781 3126 3827 ;
3161 3778 3225 3818 ac
3249 3765 3436 3835 statim

1865 3867 2012 3907 verte
2045 3853 2298 3924 religioni
2323 3855 2524 3908 bellum
2553 3854 2709 3908 facit.
2731 3854 2858 3907 Hoc
2891 3855 3224 3922 imperatore
3249 3863 3434 3909 creato

1858 3943 2173 4000 incendium
2199 3945 2648 4001 ﬂorentissimam
2675 3945 2827 4000 urbis
2855 3954 3067 4014 partem
3097 3945 3430 4015 absumpsit.

1865 4038 2059 4095 Ortum
2087 4041 2233 4094 enim
2266 4054 2295 4092 a
2329 4039 2526 4094 mediis
2555 4038 2957 4106 Chalc0pratiis
2988 4052 3112 4090 cum
3142 4046 3437 4106 utramque

1856 4131 2156 4201 porticum,
2240 4139 2352 4184 tum
2410 4130 2671 4198 contigua
2752 4129 2937 4183 omnia
3027 4137 3082 4184 et
3145 4129 3433 4183 basilicam

1865 4220 2172 4284 devoravit,
2223 4219 2276 4272 in
2337 4235 2442 4288 qua
2479 4217 2581 4272 fuit
2610 4218 2939 4273 bibliotheca
2965 4216 3231 4270 librorum
3265 4216 3434 4271 millia

1857 4311 1960 4366 120
1991 4313 2324 4376 continens;
2357 4311 2499 4365 inter
2525 4326 2665 4380 quos
2701 4311 2872 4364 libros
2903 4309 3003 4363 l'uit
3036 4310 3199 4364 etiam
3231 4309 3430 4364 dracoo

1855 4405 1943 4458 nis
2009 4403 2384 4465 intestinum;
2424 4401 2589 4471 pedes
2653 4401 2755 4456 1ἓο
2811 4402 3054 4471 loogum,
3085 4401 3172 4454 cui
3207 4401 3431 4455 Homeri

1853 4501 2104 4565 poemata
2165 4491 2290 4548 Ilias
2336 4502 2389 4547 et
2455 4491 2682 4564 Ulyssea
2729 4492 2912 4547 aureis
2969 4493 3164 4546 litteris
3216 4491 3436 4546 fuerant

174 4558 235 4628 ἦν
270 4568 636 4638 γεγραμμένα
684 4572 752 4625 τά
794 4571 886 4626 τοῦ
933 4573 1174 4647 Ὀμήρου
1224 4580 1538 4649 ποιήματα,
1596 4582 1632 4653 ἦ
1683 4558 1744 4636 τε

1858 4558 2142 4653 inscripta,
2175 4598 2298 4638 cum
2353 4582 2582 4638 historia
2636 4597 2817 4636 rerum
2854 4581 2920 4633 ab
2952 4580 3211 4636 heroibus
3241 4591 3424 4648 gesta-

187 4653 336 4718 Ίλιέις
389 4659 556 4729 καὶὴ
612 4660 920 4726 Ὀδύσσεια,
956 4666 1207 4735 χρυσέοις
1258 4670 1573 4740 γράμμασι,
1609 4673 1749 4740 μετά

177 4745 256 4796 καὶ
300 4747 399 4817 τῆς
440 4750 689 4821 ἱστορίας
731 4754 832 4824 τῆς
869 4756 978 4809 τῶν
1011 4757 1208 4828 ἡρώων
1255 4761 1530 4831 πράξεως.
1607 4764 1746 4819 Συν-

182 4836 386 4911 ἐτθειρε
408 4841 466 4895 δὲ
504 4843 601 4896 καὶ
624 4843 723 4913 τῆς
749 4847 922 4918 μέσης
960 4851 1068 4904 τῶν
1089 4851 1368 4907 παλατίων
1399 4855 1744 4927 ἑκατέρωθεν

179 4932 325 4993 στοᾶς
373 4933 474 4987 καὶ
527 4934 640 4988 τῶν
682 4936 899 4992 Δαύσου
941 4942 1010 4994 τὰ
1061 4942 1322 4998 κάλλιστα
1377 4945 1740 5018 ἀναθήματα’

176 5022 334 5076 πολλά
367 5028 476 5096 γὰρ
507 5026 620 5079 τῶν
647 5028 892 5100 ἀρχαίων
913 5032 1247 5103 ἀγαλμάτων
1268 5037 1456 5090 αὐτόθι
1473 5040 1738 5110 ὲνίδρυτο,

175 5112 264 5178 τῆς
304 5116 630 5188 Ἀυροδίτης
663 5121 763 5190 τῆς
789 5123 847 5176 ὲν
880 5125 1064 5195 Κνίδῳ
1087 5125 1148 5178 τὺ
1180 5129 1524 5199 περιϐόητον,
1553 5132 1650 5187 καὶ
1680 5134 1741 5187 τὸ

175 5206 262 5296 τῇς
303 5209 517 5277 Σαμίας
567 5213 768 5284 Ἥρας,
817 5217 1001 5270 καὶτὸ
1029 5219 1126 5289 τῆς
1156 5221 1372 5286 Λινδίας
1415 5223 1646 5296 Ἀθηνᾶς
1679 5227 1738 5292 ἐξ

175 5295 326 5369 ἄλλης
369 5303 526 5374 ὕλης,
571 5307 636 5375 ἣν
669 5307 905 5376 Ἄμασις
933 5312 961 5363 6
988 5310 1096 5363 τῶν
1128 5313 1441 5381 Αἰγυπτίων
1487 5318 1738 5388 βασιλεὺς

278 5393 422 5463 σοφῷ
461 5396 791 5468 Κλεοϐούλῳ
844 5401 1164 5467 ἀπέστειλε,
1197 5407 1290 5459 καὶ
1346 5387 1497 5463 ἀλλα
1545 5413 1735 5483 μυρία.

188 5479 479 5556 Ἐπέὸραμε
529 5488 588 5542 δὲ
641 5492 702 5543 τὸ
741 5493 852 5563 πῦρ
907 5495 1001 5547 καὶ
1059 5496 1221 5567 μέχρι
1261 5497 1354 5552 τοῦ
1400 5479 1736 5571 καλουμένου

179 5573 332 5643 φόρου
379 5577 474 5631 τοῦ
508 5579 765 5646 Μεγάλου
799 5583 1231 5640 Κωνσταντίνου.
1277 5588 1377 5640 Διά
1427 5607 1509 5642 τοι
1561 5591 1738 5645 ταῦτα

1856 4690 2003 4729 rum.
2038 4673 2280 4729 Perdidit
2311 4689 2421 4728 una
2449 4675 2611 4728 etiam
2653 4673 2844 4726 mediae
2875 4671 2929 4724 in
2974 4672 3188 4741 palatiis
3224 4672 3426 4726 dooms

1856 4773 2146 4832 utramque
2223 4767 2520 4833 porticum,
2579 4773 2634 4818 et
2691 4763 2744 4816 in
2795 4762 2973 4818 Lauso
3050 4763 3424 4834 pulcherrima

1846 4857 2096 4912 donaria.
2127 4857 2200 4912 lbi
2227 4857 2373 4912 enim
2421 4857 2592 4910 multa
2625 4857 2978 4926 antiquorum
3007 4856 3428 4911 simulacrorum

1843 4957 2001 5005 erant
2031 4946 2231 5018 posita,
2271 4957 2328 5001 ttt
2359 4957 2540 5002 statua
2574 4948 2665 5001 illa
2696 4948 2894 5001 nobilis
2924 4946 3133 5000 Cnidia:
3170 4946 3422 5010 Veneris,

1849 5043 2090 5114 itemque
2110 5041 2307 5096 Samize
2333 5039 2588 5106 Juuonis,
2619 5051 2672 5095 et
2701 5042 2807 5094 alia
2838 5056 2905 5095 ex
2946 5041 3173 5095 materia
3225 5040 3429 5094 Lindite

1848 5134 2124 5198 Minervae,
2167 5149 2330 5204 quam
2362 5133 2580 5187 Amasis
2612 5131 2999 5203 [Egyptiorum
3038 5149 3133 5187 rex
3188 5132 3424 5203 sapienti

1844 5223 2111 5276 Cleobulo
2169 5223 2418 5285 miserat,
2450 5222 2668 5286 aliaque
2708 5221 2943 5276 inﬁnita.
3004 5223 3256 5276 Excurrit
3285 5221 3425 5292 ignis

1845 5318 2012 5372 etiam
2043 5333 2218 5386 usque
2251 5315 2317 5370 ad
2351 5315 2524 5370 l‘orum
2548 5315 2898 5370 Constantini
2936 5314 3138 5384 Magni.
3175 5316 3422 5384 Eaprop-

1849 5418 1934 5464 ter
1972 5411 2025 5464 iu
2078 5410 2204 5464 odio
2239 5409 2623 5464 universorum
2677 5410 2881 5463 civium
2947 5409 3050 5463 fuit
3101 5407 3418 5472 Basiliscus,

1848 5502 2278 5570 incendiumque
2347 5509 2401 5557 et
2463 5501 2676 5557 eversio
2738 5501 2892 5556 urbis
2947 5499 3414 5570 cognominatus:

1847 5608 1971 5646 nam
2013 5593 2332 5647 alludebant
2392 5595 2458 5647 ad
2521 5593 2766 5648 basilisci
2811 5592 3082 5662 serpentis
3138 5597 3420 5646 nomenet

1316 5696 1671 5754 XYLANDRI
1699 5699 1785 5755 ET
1816 5701 2026 5756 GOARI
2055 5701 2283 5758 ΝΟΤίΕ.

242 5781 344 5859 (θᾷ)
368 5782 527 5849 Quod
565 5781 713 5838 Zeno
744 5785 947 5841 dieitur
973 5786 1262 5856 imperium
1298 5805 1394 5859 per
1447 5807 1620 5846 annos
1657 5793 1734 5845 27

180 5853 637 5920 tenuisse,verum
676 5871 784 5912 non
839 5867 944 5922 est,
993 5853 1087 5914 sed
1122 5874 1220 5929 pro
1264 5853 1346 5924 κζ’
1385 5863 1736 5920 scribendum

1847 5792 1933 5855 ιζ’,
1971 5794 2057 5854 17,
2125 5809 2229 5846 non
2294 5795 2382 5848 ‘27.
2428 5793 2619 5850 Testes
2676 5793 2946 5863 historici,
2994 5801 3047 5851 ct
3093 5790 3414 5849 nominatim

1849 5863 2136 5936 Evagrius,
2182 5881 2260 5928 ut,
2295 5863 2384 5920 29.
2416 5863 2546 5921 XvL.
