4214 6450
766 355 873 417 675

2059 336 2382 410 GEORGII
2422 348 2725 411 CEDREN
2738 349 2759 407 f

3934 350 4039 411 676

767 464 935 520 Oasin
976 462 1203 532 relegat,
1259 459 1638 532 epismpatum
1673 458 1834 516 Petro
1862 458 2122 531 Cnapheo
2150 460 2348 515 reddit.

2458 461 2724 517 λανδίωνα
2765 459 2859 514 καὶ
2890 457 3155 531 ἐξώρισεν
3193 459 3273 523 εἰς
3323 459 3516 513 Ὄασιν
3550 456 3686 528 ($9),
3739 458 3947 529 Πέτρον
3989 460 4044 511 δὲ

771 557 821 612 Is
858 554 1205 610 Antiochiam
1239 566 1492 607 reversus
1553 554 1721 607 multa
1759 554 1899 606 mala
1927 552 2169 608 facinora
2199 550 2350 618 fecit,

768 646 1217 703 damnationibus
1246 646 1465 700 concilii
1494 646 1675 709 novis,
1707 645 2070 715 cjectionibus
2095 645 2352 715 inculpa-

772 747 950 793 torum
978 739 1390 807 episcoporum,
1428 737 1921 792 substitutionilms
1956 746 2012 791 et
2043 736 2351 792 delectibus

770 829 1089 899 illegitimis,
1140 828 1376 898 aliisque
1408 829 1458 882 id
1486 844 1678 897 genus.
1733 826 1868 882 Nam
1894 829 2005 899 jatn
2040 837 2166 882 ante
2197 826 2351 897 adje-

765 921 1288 976 ceratsanctissimo
1319 921 1525 991 hymno
1549 938 1561 973 :
1582 919 1800 976 Christe
1832 936 1944 983 rex,
1971 919 2233 974 crucifixe
2253 933 2353 989 pro

767 1011 952 1067 nobis.
996 1009 1127 1066 Post
1183 1011 1417 1065 reditum
1464 1020 1648 1065 autem
1684 1011 1911 1067 abstulit
1964 1011 2103 1079 haec,
2135 1010 2355 1068 Christe

770 1119 889 1158 rex.
945 1102 1009 1157 Et
1063 1101 1299 1157 Xenaias
1331 1102 1554 1172 quidam
1605 1102 1822 1157 Satanae
1874 1118 2071 1160 servus
2120 1102 2354 1159 docebat

769 1212 876 1249 non
907 1211 1031 1250 esse
1070 1195 1417 1265 recipiendas
1447 1196 1652 1251 Christi
1710 1204 1764 1249 et
1810 1204 2128 1251 sanctorum
2159 1194 2356 1265 imagi-

767 1302 885 1341 nes.
934 1287 1067 1341 Erat
1100 1288 1323 1341 natione
1370 1286 1561 1349 Persa,
1609 1286 1927 1341 conditione
1977 1301 2194 1342 servus.
2253 1286 2353 1341 llic

766 1394 891 1431 cum
944 1379 1048 1431 sub
1107 1377 1445 1432 Calandione
1496 1378 1831 1447 profugisset
1884 1392 1912 1429 a
1955 1393 2058 1432 suo
2104 1377 2351 1443 domino,

768 1484 936 1540 pagos
968 1468 1060 1538 qui
1098 1477 1226 1523 sunt
1262 1469 1411 1523 circa
1445 1468 1790 1521 Antiochiam
1824 1482 1853 1520 a
1890 1466 1994 1521 fulc
2052 1467 2350 1533 avocabat;

766 1576 1005 1632 cumque
1037 1563 1279 1614 nondum
1311 1571 1458 1613 esset
1508 1559 1842 1629 baptizatus,
1882 1567 2062 1613 tamen
2093 1558 2351 1613 clericum

770 1667 829 1707 se
871 1668 993 1707 esse
1018 1652 1257 1707 dicebat.
1311 1650 1468 1706 llunc
1509 1652 1773 1705 Calandio
1802 1649 2224 1721 proﬂigaverat:
2257 1650 2353 1706 sed

766 1741 1062 1813 Cnaplteus
1114 1741 1533 1814 Hierapolitano
1592 1742 1930 1812 episcopatui
1995 1740 2244 1809 praefecit
2290 1756 2355 1797 ac

2459 556 2550 610 τὸν
2575 554 2803 625 Κναφέα
2834 555 3173 623 κατέστησεν
3203 554 3262 604 ὲν
3296 551 3458 622 αὐτῇ,
3490 550 3551 615 6;
3586 551 3757 604 ἐλθὼν
3783 553 3866 614 είς
3919 553 4038 603 ’Λνο

2458 648 2701 719 τιόχειαν
2724 646 2896 701 πολλά
2944 645 3092 700 κακά
3118 645 3400 715 ἐποίησεν,
3458 644 3949 715 ἀναθεματισμούς
3982 660 4039 696 τε

2460 741 2624 796 πάλιν
2669 741 2770 811 τῆς
2820 739 3042 793 συνόδου
3089 738 3187 791 καὶ
3225 735 3458 799 ὲκῦολάς
3509 736 3828 790 ἐπισκόπων
3850 737 4042 789 ἀνεπι-

2460 833 2685 903 λήπτων
2716 830 3130 899 ἀντεισαγωγάς
3156 846 3216 882 τε
3262 828 3359 882 καὶ
3388 827 3725 898 χειροτονίας
3763 826 4042 898 ἀθέσμους

2461 924 2555 977 καὶ
2603 924 2671 976 τὰ
2718 921 2929 984 τούτοις
2968 920 3154 990 ὅμοια.
3189 920 3463 991 Πρότερον
3501 919 3559 972 δὲ
3605 918 3921 989 προσέθηκε
3966 917 4044 986 τῷ

2460 1013 2743 1085 Τρισαγίῳ
2779 1011 2888 1083 (90)
2916 1028 2931 1045 ’
2960 1011 3164 1082 Χριστὲ
3225 1009 3469 1079 βασιλεῦ,
3517 1010 3545 1062 6
3592 1007 3931 1080 σταυρωθεὶς
3977 1007 4043 1061 δι’

2462 1106 2629 1176 ἡμᾶς.
2648 1104 2816 1158 Ὕστε
2827 1121 2919 1175 ρον
2936 1103 2991 1156 δὲ
3008 1101 3178 1156 ἐλθὼν
3197 1101 3439 1175 περιεῖλε
3463 1101 3545 1164 τὸ.
3575 1100 3778 1171 Χριστὲ
3796 1098 4042 1170 βασιλεῦ.

2459 1195 2688 1258 Ξεναῖας
2720 1195 2777 1248 δὲ
2806 1197 2835 1249 6
2859 1194 3044 1257 δοῦλος
3073 1192 3168 1246 τοῦ
3188 1193 3403 1248 Σατανᾶ
3454 1192 3555 1263 τὴν
3587 1192 3936 1261 Δεσποτικὴν
3968 1191 4046 1244 εί-

2462 1290 2596 1343 κόνα
2619 1287 2714 1341 καὶ
2745 1286 2853 1341 τῶν
2887 1285 3062 1355 ἁγίων
3116 1284 3362 1339 ἐδίδασκε
3392 1284 3467 1355 μὴ
3495 1282 3769 1355 δέχεσθαι.
3820 1283 4044 1353 Πέρσης

2462 1386 2572 1453 γὰρ
2606 1377 2673 1452 ἦν
2699 1380 2777 1451 τῷ
2805 1380 2977 1448 γένει,
3011 1377 3196 1441 δοῦλος
3226 1376 3284 1430 δὲ
3326 1376 3427 1447 τὴν
3467 1377 3664 1445 τύχην.
3714 1373 4045 1443 ’Δποφυγὼν

2459 1474 2517 1527 δὲ
2540 1473 2635 1526 τοῦ
2671 1474 2800 1525 ἰδίου
2842 1470 2929 1544 [Ρ.
2961 1468 3092 1542 556]
3133 1470 3393 1523 δεσπότου
3417 1469 3502 1519 ἐπὶ
3537 1468 3647 1521 Καλ
3660 1469 3916 1531 ανδίωνος
3943 1470 4041 1531 τὰς

2464 1564 2593 1632 περὶ
2625 1563 2957 1632 ’Δντιόχειαν
2986 1558 3181 1628 κώμας
3208 1558 3505 1611 ἀνεστάτου
3530 1556 3636 1608 ἀπ),
3656 1554 3757 1621 τῆς
3777 1556 4039 1616 πίστεως.

2475 1653 2833 1715 Ἀϐἀπτιστος
2863 1651 2921 1705 δὲ
2959 1649 3033 1703 ὣν
3082 1648 3347 1719 κληρικον
3410 1648 3603 1699 ἑαυτὸν
3662 1642 3801 1699 εἶναι
3864 1645 4040 1713 ἔλεγε.

2462 1745 2664 1800 Τοῦτον
2697 1742 3013 1797 Καλανδίων
3060 1740 3334 1812 ἀπήλασε,
3387 1740 3591 1807 Πέτρος
3620 1739 3677 1792 δὲ
3717 1742 3745 1792 6
3787 1739 4041 1806 Κναφεῦς

769 1831 1131 1887 Philoxennm
1153 1834 1472 1888 nominavit.
1494 1832 1742 1902 Cumque
1766 1841 1955 1901 postea
1988 1832 2353 1886 intellexisset

2459 1838 2760 1892 ἐπίσκοπον
2825 1835 3187 1906 Ἰεραπόλεως
3236 1836 3625 1906 χειροτονήσας
3683 1834 4041 1903 μετωνόμασε

766 1939 892 1979 eum
929 1940 1036 1978 non
1096 1940 1219 1979 esse
1274 1924 1635 1994 baptizatum,
1681 1922 1930 1979 sullicerc
1985 1923 2035 1978 ei
2093 1923 2351 1995 designa-

769 2016 977 2071 tionem
1040 2017 1161 2073 loco
1242 2017 1592 2088 baptismatis
1668 2013 1976 2070 allirmavit.
2075 2013 2349 2071 Cancrum

767 2106 1113 2180 Euthymius,
1152 2111 1245 2180 qui
1275 2109 1342 2164 de
1378 2109 1645 2181 religione
1674 2108 2043 2164 rectissimam
2091 2106 2353 2163 tuebatur

768 2194 1125 2266 sententiam,
1177 2202 1532 2257 Anastasinm
1574 2199 1979 2261 Silentiarium,
2019 2199 2110 2270 qui
2160 2207 2352 2269 postea

768 2292 1033 2362 temporis
1065 2293 1363 2365 imperium
1397 2293 1540 2348 male
1567 2292 1759 2364 gessit,
1806 2290 2049 2346 Ecclesia
2082 2291 2247 2361 cjecit
2294 2297 2354 2345 ut

770 2384 1089 2439 hmreticum
1116 2394 1169 2439 et
1205 2383 1436 2456 Eutyehi
1462 2385 1920 2440 consentientem.

834 2476 995 2531 Anno
1030 2477 1092 2530 l7
1123 2477 1269 2532 Zeno
1318 2476 1645 2543 Marianum,
1681 2477 2146 2547 sapientissimum
2178 2475 2353 2531 comi-

766 2577 897 2633 tem,
918 2579 973 2625 et
1005 2570 1098 2641 qui
1124 2585 1323 2625 arcana
1347 2571 1593 2641 quaedam
1624 2570 1905 2640 przesciret
1935 2584 2000 2624 ac
2032 2568 2350 2640 imperatori

768 2659 1060 2727 indicaret,
1121 2662 1478 2732 interrogavit
1538 2661 1793 2732 quisnam
1856 2661 1959 2716 sibi
2023 2660 2076 2714 in
2116 2660 2351 2731 imperio

765 2760 911 2805 esset
968 2766 1354 2807 successurus.
1408 2750 1709 2821 Respondit
1762 2750 1856 2807 ille
1898 2769 1910 2805 :
1947 2749 2247 2821 Imperium
2300 2759 2353 2804 et

768 2858 995 2897 uxorem
1025 2851 1172 2898 tuam
1193 2843 1353 2915 62],
1387 2844 1618 2913 accipiet
1641 2843 1862 2913 quidam
1890 2843 1958 2897 de
1993 2841 2351 2909 Silentiariis,

769 2949 855 2987 me
908 2942 1090 2989 autem
1141 2934 1347 3004 injuste
1379 2935 1619 2990 occides.
1674 2933 1880 2989 llorum
1919 2944 2215 3004 utrumque
2250 2948 2353 2989 suo

767 3033 1018 3095 tempore
1051 3026 1233 3080 exitus
1272 3026 1674 3096 comprobavit.
1729 3024 1934 3079 Eodem
1977 3039 2123 3079 anno
2152 3021 2351 3079 Petrus

766 3116 1060 3189 Cnapheus
1083 3118 1193 3173 vita
1225 3117 1461 3179 decedit,
1490 3119 1652 3189 inque
1684 3119 1806 3187 ejus
1834 3118 2014 3173 locum
2044 3117 2346 3188 episc0pus

765 3210 1076 3265 Antiochia:
1125 3221 1346 3266 creatur
1409 3209 1720 3277 Palladius,
1795 3211 2078 3284 presbyter
2163 3209 2350 3280 templi

767 3314 969 3360 sancta:
1035 3313 1339 3374 martyrum
1392 3303 1653 3374 principis
1705 3302 1966 3369 Theclae,
2034 3302 2181 3372 quod
2233 3310 2354 3357 erat

769 3393 1055 3449 Seleuciae.
1085 3394 1489 3466 Suﬂ‘ragatores
1515 3394 1980 3450 habuitJoannem
2000 3392 2351 3464 Cpolitanum

767 3494 822 3542 ct
854 3487 1226 3554 Anastasium,
1257 3488 1415 3558 cujus
1447 3490 1605 3543 modo
1629 3489 1998 3544 meminimus.

842 3576 1134 3633 Enimvero
1164 3579 1341 3635 elatus
1388 3578 1533 3635 fastu
1566 3578 1732 3648 Zeno,
1781 3590 1877 3637 aut
1908 3582 1993 3652 (ut
2020 3580 2225 3638 rectius
2263 3582 2347 3637 ιο-

769 3669 933 3739 quar)
961 3680 1092 3724 atra:
1128 3671 1309 3742 potius
1359 3672 1485 3728 bilis
1512 3674 1703 3728 morbo
1742 3683 1796 3729 et
1854 3673 2014 3730 furiis
2056 3684 2238 3739 actus,
2281 3672 2349 3729 ad

777 3763 1050 3816 bonorum
1088 3763 1493 3833 publicationes
1539 3774 1594 3820 et
1635 3767 1868 3834 injustas
1902 3769 2079 3822 caedes
2109 3766 2351 3820 animum

773 3851 992 3923 adjecit.
1054 3851 1188 3908 Nam
1243 3855 1494 3925 proximo
1523 3855 1724 3927 cuique
1778 3857 1989 3913 crimen
2023 3856 2349 3924 intentabat,

772 3961 1008 4014 eumque
1059 3960 1165 4016 qua
1204 3944 1327 4016 jure
1360 3961 1465 4016 qua
1516 3947 1719 4017 injuria
1770 3948 1836 4002 de
1870 3948 2050 4002 medio
2101 3948 2349 4002 tollebat.

784 4035 1094 4090 Miseranda
1135 4052 1244 4107 pra:
1292 4038 1511 4094 caeteris
1538 4048 1704 4110 atque
1752 4039 1805 4093 in
1838 4039 2033 4109 primis
2056 4039 2353 4094 inhumana

773 4127 952 4183 caedes
983 4128 1088 4183 fuit
1123 4129 1199 4184 illi
1232 4129 1503 4203 magistri,
1532 4132 1625 4202 qui
1653 4138 1707 4185 et
1738 4130 1904 4186 vitam
1942 4130 2065 4202 ejus
2105 4138 2356 4186 servarat

2454 1926 2754 1993 Φιλόξενον,
2773 1925 2977 1980 Μαθὼν
2989 1925 3045 1978 δὲ
3067 1924 3194 1978 ὖττε
3202 1942 3295 1996 ρον
3315 1924 3648 1979 ἀϐάπτιστον
3664 1918 3822 1983 εἶναι.
3845 1924 4041 1994 ἀρκεῖν

2455 2020 2604 2091 αὐτῷ
2640 2020 2740 2092 τὴν
2795 2018 3137 2090 χειροτονίαν
3200 2018 3322 2071 ἀντὶ
3370 2017 3751 2089 βαπτίσματος
3808 2017 4039 2087 ἔφησεν.

2457 2109 2732 2181 Εὑθύμιος
2755 2109 2867 2179 (91)
2900 2109 2955 2163 δὲ
2986 2109 3015 2161 6
3068 2106 3482 2179 ὀρθοδοξότατος
3536 2107 3893 2161 ’Δναστάσιον
3946 2107 4040 2159 τὸν

2456 2201 2846 2272 Σιλεντιάριον,
2876 2201 2965 2254 τὸν
2998 2202 3184 2264 κακῶς
3215 2201 3356 2272 μετὰ
3397 2198 3577 2253 ταῦτα
3612 2197 4039 2269 βασιλεύσαντα,

2454 2294 2555 2364 τῆς
2587 2294 2919 2367 Ἐκκλησίας
2952 2293 3173 2346 ἐδίωκεν
3210 2292 3287 2356 ὡς
3340 2292 3617 2365 αἱρετικὸν
3647 2293 3742 2346 καὶ
3761 2292 4047 2363 ὁμόφρονα

2454 2384 2751 2455 Εὑτυχοῦς.

2527 2477 2618 2548 Τῷ
2648 2477 2711 2543 ιζ’
2736 2476 2847 2532 ἔτει
2876 2477 3065 2547 Ζήνων
3090 2477 3254 2549 ἤρετο
3286 2474 3569 2547 Μαριανόν
3597 2475 3691 2528 τον
3724 2474 4045 2545 σοφώτατον

2454 2570 2675 2641 κόμη-τα
2701 2587 2713 2599 ·
2738 2565 2805 2642 ἦν
2830 2571 2938 2642 γὰρ
2965 2571 3207 2641 μυστικά
3233 2587 3354 2625 τινα
3376 2569 3553 2633 εἰδὼς,
3574 2568 3609 2623 ἀ
3625 2569 3717 2621 καὶ
3741 2567 4045 2638 προέλεγεν

2454 2660 2625 2733 αύτῷ.
2659 2662 2797 2733 Φησὶ
2850 2663 2999 2732 γάρ·
3062 2662 3159 2725 Τίς
3198 2666 3324 2734 μετ’
3364 2662 3465 2732 ἐμὲ
3496 2659 3836 2731 βασιλεύσει;
3882 2660 3944 2713 '0
3984 2659 4043 2712 δὲ

2454 2748 2608 2806 εἶπεν
2626 2753 2730 2818 ὅτι,
2764 2754 2872 2806 Καὶ
2896 2754 2995 2824 τὴν
3015 2752 3292 2824 βασιλείαν
3316 2768 3411 2805 σου
3434 2752 3529 2808 καὶ
3550 2752 3650 2822 τὴν
3678 2751 3915 2820 γυναῖκά
3946 2766 4046 2804 σου

2452 2844 2754 2908 διαδέξεταί
2800 2862 2882 2908 τις
2919 2845 3026 2898 ἀπὸ
3060 2843 3463 2913 Σιλεντιαρίων,
3543 2844 3644 2914 ἐμὲ
3706 2843 3771 2896 δὲ
3821 2843 4034 2905 ἀδίκως

2454 2937 2797 3001 ἀποκτενεῖς.
2851 2938 2960 2992 Καὶ
2992 2936 3283 3009 ἀμφότερα
3339 2938 3398 2989 ὲν
3453 2939 3668 3006 καιροῖς
3723 2937 3838 2998 τοῖς
3889 2934 4045 2997 ίδίοις

2455 3030 2731 3097 γεγόνασι.
2767 3027 2858 3099 Τῷ
2886 3027 2933 3081 δ’
2984 3028 3134 3100 αύτῷ
3177 3029 3287 3081 ἔτει
3334 3030 3432 3082 καὶ
3462 3028 3668 3099 Πέτρος
3701 3026 3729 3077 6
3780 3028 4046 3096 Κναφεῦς

2452 3116 2705 3188 τέθνηκε,
2732 3118 2823 3170 καὶ
2841 3117 2956 3170 ἀντ’
2985 3117 3150 3171 αὑτοῦ
3177 3117 3492 3182 Παλλάδιος,
3521 3116 3900 3188 πρεσδύτερος
3941 3119 4048 3187 τῆς

2456 3213 2514 3262 ἐν
2554 3210 2846 3280 Σελευκείᾳ
2886 3210 3184 3281 ἐκκλησίας
3226 3210 3327 3280 τῆς
3362 3208 3553 3278 Ἁγίας
3571 3211 4047 3280 πρωτομάρτυρος

2451 3302 2683 3371 Θέκλης,
2709 3302 3021 3373 προεϐλήθη
3042 3301 3340 3366 ἐπίσκοπος
3367 3300 4052 3373 Ἀντιοχείας.Συνεψηυ,;ί-

2453 3396 2555 3465 σοη
2589 3394 2644 3448 δὲ
2676 3395 2850 3466 τούτῳ
2879 3396 2972 3447 καὶ
3006 3393 3258 3463 Ἰωάννης
3282 3395 3310 3447 6
3336 3393 3745 3447 Κωνσταντίνου
3772 3392 4044 3467 [πόλεως]

2452 3489 2546 3542 καὶ
2585 3488 2956 3551 Ἀναστᾶσιος,
2988 3488 3016 3540 6
3054 3486 3242 3550 κακῶς
3273 3485 3621 3557 βασιλεύσας,
3652 3486 4046 3557 Σιλεντιάριος.

2537 3576 2597 3630 '0
2651 3576 2835 3647 μέντοι
2897 3579 3086 3647 Ζήνων
3130 3576 3392 3648 ἐπαρθεὶς
3434 3573 3858 3650 ὑψηλοφροσύνῃ
3905 3579 4050 3648 πρὸς

2456 3667 2753 3739 δημεύσεις
2803 3670 2899 3721 καὶ
2956 3668 3150 3736 φόνους
3204 3668 3425 3732 ἀδίκους
3472 3671 3659 3739 χωρεῖ,
3714 3668 3811 3721 καὶ
3861 3669 4051 3724 πάντα

2459 3759 2748 3831 ἄνθρωπον
2778 3759 3101 3830 αἰτιώμενος
3123 3759 3212 3813 διὰ
3239 3760 3341 3829 τῆς
3375 3760 3594 3814 οίασοῦν
3618 3760 3799 3823 αἰτίας
3824 3762 4047 3832 ἀνῄρει.

2460 3853 2534 3906 Τὸ
2567 3852 2613 3906 δ’
2645 3852 2845 3923 ἀληθὲς
2876 3854 3073 3917 εἰπεῖν,
3109 3853 3215 3906 ὑπὸ
3257 3851 3620 3924 μελαγχολίας
3651 3852 3750 3906 καὶ
3777 3852 4050 3924 δαιμονίῳ

2462 3942 2888 4014 κρατούμενοςι
2927 3943 3135 3997 ἀνεῖλεν
3201 3942 3434 4012 οἰκτρῶς
3492 3941 3589 3996 καὶ
3656 3942 4049 4014 ἀπανθρώπως

2465 4035 2637 4090 Ἴλλον
2695 4036 2787 4088 τὸν
2813 4034 3161 4106 ἶμάγιστρον,
3201 4033 3269 4087 δι’
3310 4027 3371 4087 οὗ
3415 4037 3508 4086 καὶ
3542 4031 3643 4102 τὴν
3676 4032 3821 4102 ζωὴν
3858 4035 4051 4104 σχεδδιν

2463 4126 2593 4198 ἔσχε
2623 4125 2721 4179 καὶ
2754 4127 2853 4196 τῆς
2893 4125 3170 4196 βασιλείας
3225 4125 3552 4196 ἐκράτησεν.
3587 4126 3831 4193 ’Δναιρεῖ
3852 4124 3909 4178 δὲ
3950 4127 4049 4179 καὶ

1929 4265 2287 4321 XYLANDRI
2316 4264 2406 4320 ET
2437 4264 2651 4321 GOARI
2692 4263 2925 4321 ΝΟΤᾸΞ.

847 4378 961 4451 (89)
985 4380 1241 4455 Magnam
1275 4382 1553 4447 videlicet,
1582 4384 1740 4453 juxta
1760 4384 1985 4455 Abydon
2014 4385 2200 4450 sitam,
2244 4393 2355 4440 ste-
2387 4395 2432 4450 1)
2460 4393 2608 4442 cent.
2671 4385 2777 4443 Sed
2842 4385 2974 4454 quid
3019 4384 3208 4441 Graeca
3261 4386 3517 4449 habeant,
3556 4387 3699 4441 scire
3727 4385 4042 4454 expediret.

772 4451 953 4525 rilem,
988 4452 1253 4525 incultam
1275 4462 1330 4507 et
1360 4451 1742 4525 inhabitatam,
1764 4457 1817 4509 in
1844 4451 2009 4525 quam
2035 4456 2354 4525 delinquen-

774 4528 861 4576 tes
893 4522 1345 4591 deportabautur.
1373 4522 1533 4577 Plura
1554 4522 1900 4580 Pancirollu's
1928 4541 1977 4578 c.
2015 4525 2138 4580 Ml).
2173 4522 2350 4581 Cosa.

849 4590 1182 4663 (90)'Uratio
1208 4601 1312 4655 est,
1338 4609 1445 4663 qua
1478 4596 1553 4647 nil
1591 4595 1932 4663 frequentius
1985 4595 2038 4647 in
2075 4610 2169 4649 ore
2201 4593 2353 4649 Grae-

773 4675 963 4734 eorum
996 4676 1010 4734 _:
1060 4660 1248 4724 Ἄγιος
1279 4664 1307 4714 6
1335 4660 1490 4727 Θεὸς,
1522 4663 1675 4730 ἅγιος
1692 4660 1942 4734 ἰσχυρὸς,
1966 4665 2121 4731 ἅγιος
2150 4663 2357 4718 ἀθάνα-

772 4746 887 4792 τος,
920 4730 1145 4801 ξλέησον
1196 4733 1364 4800 ἡμᾶς.
1423 4734 1564 4787 Ante
1621 4730 1786 4801 cujus
1815 4730 2212 4787 ultima'verba
2242 4734 2357 4787 haec

776 4802 881 4853 alia
916 4798 1071 4873 Petri
1101 4798 1361 4873 Gnapha-i
1407 4819 1674 4873 sequaces
1690 4798 1993 4859 'voluerunt
2043 4804 2253 4857 inserta
2288 4820 2300 4855 :
2330 4804 2359 4857 6

732 4916 735 4921 .
777 4870 1113 4944 σταυρωθεὶς
1132 4871 1199 4922 δι’
1244 4873 1410 4944 ἡμᾶς,
1445 4870 1543 4928 llic
1593 4889 1755 4944 porro
1795 4875 2029 4944 hymnus
2061 4888 2169 4944 non
2226 4891 2357 4925 sun-

775 4939 1037 5013 ctissimus
1064 4939 1363 5009 ntcunqtic,
1398 4943 1552 5010 juxta
1593 4939 1952 5013 Xylaudrinn,
1988 4942 2081 4996 sed
2112 4951 2203 5013 Afer
2234 4959 2360 4996 san-

774 5021 910 5084 gus,
940 5010 1010 5061 ob
1040 5017 1124 5061 ter
1176 5021 1390 5064 sanctus
1410 5027 1610 5084 _voeem
1643 5010 1951 5084 repetitam,
2006 5014 2060 5065 in
2111 5011 2356 5067 Ecclesia

773 5077 961 5148 Graeca
994 5090 1364 5148 nuncupatur.
1399 5081 1571 5136 Goan.

844 5147 955 5216 (9|)
982 5146 1298 5214 Euphentius
1328 5153 1637 5221 legendum,
1666 5167 1730 5207 ex
1762 5151 2092 5221 Nicephoro,
2116 5152 2356 5215 Zonara,

774 5214 1083 5284 Theodoro,
1110 5220 1301 5293 auida,
1330 5214 1581 5293 Evagrio,
1615 5214 1828 5277 tametsi
1859 5214 1997 5277 infra
2037 5214 2090 5293 in
2130 5214 2360 5293 Anastaé

678 5296 681 5305 '
776 5301 856 5339 sto
874 5292 1183 5343 rursumita
1209 5290 1746 5361 legaturCCazterum
1781 5292 2146 5348 silentiarium
2184 5291 2359 5345 fuisse

777 5372 886 5410 non
934 5374 1143 5430 magna:
1192 5360 1481 5430 dignitatis
1527 5364 1785 5423 cilicium,
1855 5363 2017 5416 initio
2063 5361 2357 5416 Anastasii

777 5437 960 5506 monet
982 5425 1641 5506 Ziannrastuspinianns
1664 5434 1865 5502 quietis
1892 5433 2203 5506 ministrum
2239 5446 2358 5506 vcr-

779 5502 979 5572 ti_t,_et
1013 5514 1135 5552 esst:
1187 5511 1341 5568 putat
1389 5520 1549 5572 quem
1598 5502 1982 5568 iurisconsulti
2030 5505 2204 5554 virum
2232 5503 2359 5572 fcia-

775 5567 1058 5643 tiss‘imutn
1081 5567 1221 5643 sacri
1244 5567 1427 5639 palatii
1462 5567 1796 5643 nuncupent.
1837 5576 1901 5627 Et
1931 5573 2010 5626 sic
2057 5572 2201 5641 apud
2227 5571 2358 5643 I_’ro-

776 5639 992 5713 cupiunt
1026 5639 1063 5692 Ι.
1088 5655 1123 5692 ιι
1147 5638 1279 5695 Belli
1308 5643 1508 5696 Persici
1540 5638 1735 5713 lt'gtiur
1756 5644 2008 5698 Adolium
2038 5638 2357 5713 Armenium

778 5707 949 5782 fuisse
977 5712 1325 5777 imperatoris
1353 5716 1406 5766 in
1432 5707 1634 5781 palati'o
1658 5714 1724 5767 ad
1759 5732 1819 5767 ca
1841 5730 1962 5782 qttzc
1992 5724 2121 5767 sunt
2151 5712 2352 5780 quietis

781 5780 1113 5842 ministrum,
1138 5783 1282 5841 quod
1327 5780 1524 5839 munus
1571 5783 1800 5838 llotuani
1834 5780 2200 5840 silcntiarium
2251 5796 2353 5834 vo-

2461 4457 2593 4520 Alii,
2627 4472 2750 4511 tneo
2772 4456 3004 4524 judicio,
3024 4471 3133 4510 non
3164 4457 3343 4525 inepte
3380 4458 3616 4512 scribam
3641 4457 3905 4519 aulicum,
3942 4458 4050 4512 hoc

2461 4538 2544 4581 est
2568 4541 2694 4580 eum
2723 4526 2896 4582 fuisse
2924 4535 3115 4596 putant
3146 4530 3235 4595 qui
3283 4542 3431 4581 nunc
3459 4528 3790 4582 secretarius
3816 4528 4045 4584 dicitur.

2462 4596 2686 4667 liectiu_s
2753 4596 3109 4667 σιλεντιάριος
3163 4598 3330 4667 scribi
3382 4607 3510 4664 puto
3568 4612 3729 4667 quam
3793 4597 4049 4649 σιλεντα-

2462 4682 2598 4735 ριος.
2634 4665 2799 4721 Certe
2829 4666 2884 4720 in
2938 4665 3120 4721 Leone
3165 4665 3532 4720 lconomacho
3571 4666 3836 4719 σιλέντιον
3865 4669 4051 4720 ποιεῖν

2459 4737 2741 4790 decretum
2769 4737 3015 4791 scribere
3046 4738 3340 4805 significat.
3378 4737 3467 4790 ubi
3504 4735 3701 4789 Leonis
3739 4751 3864 4788 eum
3906 4736 4050 4790 Ger-

2460 4820 2626 4860 mano
2670 4813 2789 4859 acta
2855 4805 3195 4860 referuntur.
3260 4805 3395 4860 ΧΠ..
3449 4835 3520 4845 -
3593 4808 4046 4861 Silentiariorum

2460 4877 2651 4930 schola
2701 4876 2844 4930 inter
2886 4876 3236 4943 imperatoris
3269 4878 3562 4943 stipatores
3611 4891 3724 4943 spei
3743 4877 4041 4939 tutissima,

2461 4947 2550 4998 cui
2574 4944 2819 4999 adlectus
2846 4944 2947 4999 fuit
2973 4945 3319 4999 Anastasius.
3348 4944 3771 5014 Evagriusﬂist.
3811 4946 4045 5008 (δείλη,

2462 5014 2531 5069 59
2566 5031 2583 5071 :
2622 5014 2961 5083 ’Δναστασίῳ
3026 5015 3120 5068 τὸν
3167 5016 3432 5083 στέφανον
3479 5016 3825 5084 περιτίθησιν
3885 5017 4048 5068 οὔπω

2464 5085 2567 5157 μξν
2586 5085 2777 5157 ἥκοντι
2831 5086 2912 5148 είς
2958 5085 3278 5157 γερουσίαν,
3315 5089 3373 5138 ὲν
3398 5085 3455 5157 δὲ
3499 5090 3568 5154 τῇ
3609 5086 3884 5157 λεγομένῃ
3932 5087 4047 5137 τῶν

2462 5155 2840 5225 σιλεντιαρίων
2872 5155 3034 5225 σχολῇ
3061 5155 3506 5223 καταλεγομὲνῳ.
3545 5157 3635 5210 lsti
3676 5155 3882 5210 Graecus
3913 5168 4049 5210 sunt

2461 5226 2802 5293 ήσυχοποιοί,
2842 5226 2936 5294 qui
2969 5228 3037 5279 ad
3085 5226 3435 5294 imperatoris
3471 5226 3639 5280 latera
3681 5226 3957 5278 silentiam
3991 5237 4046 5279 et

2463 5299 2704 5365 quietem
2745 5294 3014 5362 indicunt,
3067 5295 3220 5364 juxta
3258 5295 3568 5365 Agathiatn.
3620 5297 3915 5347 ἐπιστάται
3942 5297 4046 5363 τῆς

2462 5367 2609 5435 ἀμφὶ
2634 5364 2727 5418 τδν
2767 5365 2994 5435 βασιλέα
3028 5365 3210 5433 σιγῆς.
3255 5364 3400 5419 Inter
3443 5365 3774 5418 clarissimos
3808 5380 3836 5417 a
3871 5366 4042 5418 Ihm--

2462 5438 2589 5491 theo
2611 5443 3203 5491 numerantur:eorum
3231 5436 3399 5496 enim,
3424 5444 3482 5487 ut
3508 5439 3602 5494 ait,
3634 5436 3861 5504 λαμπρά
3883 5452 4052 5504 στρα-

2461 5508 2572 5572 τιά,
2637 5508 2892 5576 quamvis
2949 5506 3297 5560 Anastasinm
3347 5504 3493 5576 hunc
3534 5505 3644 5557 τῶν
3677 5507 4047 5576 χαμαιζήλων

2461 5574 2812 5648 ἀξιωμᾶτων,
2838 5575 3373 5648 inlinnedignitatis,
3407 5574 3649 5648 Zonaras
3674 5574 3914 5639 scribat;
3950 5579 4041 5639 ιιιιὶ

2465 5646 2723 5702 nimirum
2781 5649 2923 5700 inter
2952 5646 3163 5699 aulicos
3211 5648 3528 5715 pra'cIat'ns,
3564 5647 3722 5715 longe
3762 5657 3943 5699 lumen
3975 5650 4046 5697 ab

2465 5717 2758 5774 ambienda
2792 5732 3034 5789 purpura
3063 5713 3277 5787 positus
3330 5713 3502 5772 fuisse
3532 5713 3832 5772 videretur.
3863 5716 4040 5770 (ἱοηι.
