4214 6450
221 418 319 491 est

1308 418 1357 477 II
1372 407 1623 477 ISTORI
1635 414 1855 475 ARUM
1893 415 2038 475 CUM
2055 416 2193 476 PEN
2210 418 2279 477 DI
2294 420 2337 479 U
2352 418 2426 479 Μ.

3377 428 3482 500 οδε

218 544 489 612 persuasu
541 538 646 609 ἔχω
680 537 735 591 ἓν
769 552 872 590 τινι
896 532 1100 604 χωρίῳ.
1149 531 1208 584 Ὀ
1236 530 1293 584 δὲ
1323 529 1579 598 Ruﬁnian;
1600 527 1794 592 νυκτὸς

1902 531 2029 591 Erat,
2074 534 2285 589 amicus
2327 532 2532 590 Cabadi
2603 536 2828 596 Sesoses
2881 542 3125 612 quidam.
3186 540 3236 603 Is
3278 547 3482 610 Cnbudi

220 631 589 697 ἱπιλαδούσης
646 626 818 681 πείθει
867 625 965 693 τὴν
996 624 1233 693 γυναῖκα
1265 621 1363 692 τὴν
1396 621 1595 690 ἐσθῆτα
1629 619 1797 690 αὐτῆς

216 723 372 785 αὐτῷ
397 719 757 785 ἀλλάξασθαι,
802 717 896 771 καὶ⁵
935 714 1169 781 ἐξελθεῖν
1223 713 1320 784 μὲν
1351 712 1538 778 αὐτὸν,
1582 711 1797 781 ἐκείνην

214 776 283 870 δέ
317 776 374 868 ἐν
418 817 484 883 τῇ
534 776 755 881 (ρυλακῇ
794 776 1146 871 καθέζεσθαι.
1202 776 1311 858 Kal.
1362 776 1797 872 οὔτωἽΚαϐἁδης

215 906 450 972 ἐξελθὼν
482 904 576 957 τοῦ
596 900 973 971 δεσμωτηρίου
1011 899 1105 951 καὶ
1138 897 1289 966 ἵππῳ
1334 895 1533 957 ἐπιϐὰς
1594 895 1692 947 σὺν
1723 892 1800 959 τῷ

218 996 441 1068 Σεσώσῃ
494 997 629 1067 πρὸς
664 993 899 1055 Οὖννους
951 991 1077 1053 τοὺς
1150 991 1499 1058 Νεφθαμςας
1543 987 1797 1054 ἀφίκετο.

231 1075 373 1141 ’ω’δὲ
403 1059 611 1140 τούτων
640 1084 896 1155 βασιλεὺς
924 1083 1023 1149 τὴν
1045 1081 1326 1151 Θυγατέρα
1365 1078 1533 1132 αὐτοῦ
1582 1078 1801 1131 δίδωσιν

219 1181 303 1240 εἰς
350 1179 585 1245 γυναῖκα
618 1175 790 1243 αὐτῷ,
829 1176 924 1227 καὶ
980 1173 1299 1243 στράτευμα
1342 1170 1466 1232 δοὺς
1520 1171 1656 1222 πολὺ
1708 1169 1803 1221 ἐπὶ

222 1269 441 1337 Πέρσας
484 1266 819 1336 ἐξέπεμψεν.
875 1263 1159 1318 Εἰσϐαλὼν
1192 1264 1249 1316 δὲ
1314 1264 1393 1324 εἰς
1452 1260 1689 1331 Περσίδα
1742 1262 1800 1312 ἐν

217 1360 399 1413 οὐδενὶ
436 1359 585 1428 πόνῳ
617 1358 720 1427 τῆς
757 1356 1034 1423 βασιλείας
1072 1355 1368 1425 ἐκράτησε,
1409 1353 1617 1406 καὶτὸν
1646 1352 1798 1404 ἀδελ-

218 1453 318 1519 φὸν
358 1451 524 1504 αὑτοῦ
567 1449 920 1519 ἐκτυφλώσας
950 1450 1031 1511 είς
1088 1448 1338 1516 φυλακὴν
1384 1442 1631 1498 ἐνέϐαλε.
1690 1444 1800 1511 Τὴν

216 1547 275 1599 δὲ
309 1545 591 1613 βασιλείαν
632 1542 898 1611 ἀσφαλῶς
931 1537 1255 1609 διεφύλαξεν
1286 1535 1374 1609 (ἦν
1405 1539 1511 1609 γὰρ
1543 1537 1800 1606 ἀγχίνους

221 1640 316 1689 καὶ
354 1633 726 1705 δραστήριος),
780 1633 875 1687 καὶ
913 1632 1137 1703 ἐκράτει
1173 1632 1312 1701 μετὰ
1364 1630 1540 1682 ταῦτα
1577 1629 1673 1697 ἐτη
1710 1632 1798 1689 ια’,

222 1729 535 1791 καταλύσας
567 1728 691 1789 τοὺς
712 1727 914 1796 νόμους
951 1726 1163 1788 πάντας
1194 1724 1288 1787 οὓς
1321 1721 1665 1791 προεξέΘετο.

297 1820 386 1890 [Ρ.
424 1819 551 1890 357]
593 1818 748 1873 Μετά
773 1818 871 1888 τὴν
907 1819 1151 1887 Ζήνωνος
1172 1815 1428 1883 τελευτὴν
1454 1816 1487 1883 ἡ
1517 1811 1801 1883 βασίλισσα

1901 639 1996 695 per
2031 640 2259 682 uxorem
2296 626 2419 697 ejus
2469 627 2742 699 signiﬁcat
2785 632 2986 690 habere
3020 652 3080 693 se
3102 653 3277 709 equos
3310 646 3487 701 viros-

1901 731 2009 786 que
2042 726 2264 787 paratos
2291 719 2530 790 quodam
2564 721 2619 775 in
2657 722 2797 778 l'oco.
2849 722 2986 780 Tum
3016 726 3291 801 Cabades,
3324 748 3488 792 nocte

1902 810 2046 865 facta
2078 853 2092 875 ,
2131 813 2287 865 uxori
2326 813 2622 882 persuadet
2675 823 2737 870 ut
2792 832 2981 873 secum
3031 835 3210 880 vestes
3277 837 3482 892 mutet;

1901 903 2085 972 itaque
2121 918 2181 957 ea
2230 918 2332 960 suo
2358 905 2476 959 loco
2498 908 2709 975 relicta,
2738 925 3022 969 carcerem
3060 917 3195 981 exit,
3233 934 3487 991 equoque

1901 1008 2206 1049 conscenso
2260 1010 2382 1048 rum
2435 996 2636 1054 Sesose
2688 1001 2755 1057 ad
2817 1001 3050 1061 Hunnos
3103 1006 3486 1078 Nepltthalitas

1903 1087 2146 1155 pervenit
2205 1086 2411 1142 IIorum
2456 1105 2549 1144 rex
2584 1091 2858 1150 Cabadem
2888 1098 2994 1153 sibi
3029 1114 3294 1168 generum
3327 1100 3482 1162 facit,

1902 1192 2207 1249 magnoque
2243 1182 2573 1237 instructum
2623 1188 2868 1241 exercitu
2902 1191 2955 1243 in
3010 1191 3251 1248 Persiam
3289 1194 3484 1252 mittit.

1905 1267 2031 1322 Eam
2096 1272 2379 1341 ingressus
2440 1276 2690 1332 Cabades
2767 1279 2922 1335 nullo
2984 1285 3205 1353 negatio
3251 1296 3483 1357 regnum

1902 1373 2211 1431 recuperat,
2254 1363 2481 1421 fratrem
2527 1372 2705 1427 oculis
2757 1375 2931 1430 erutis
2972 1376 3025 1430 in
3060 1391 3339 1434 carcerem
3396 1382 3481 1435 ln-

1901 1454 2092 1520 cludit,
2147 1471 2209 1511 ae
2240 1459 2471 1527 posthac
2501 1461 2643 1529 (erat
2681 1465 2826 1518 enim
2869 1476 3126 1539 prompto
3176 1468 3396 1538 ingenio
3432 1482 3485 1525 et

1900 1549 2182 1617 strenuus)
2219 1565 2447 1620 regnum
2489 1559 2609 1607 tuto
2664 1564 2848 1631 servat
2903 1573 2998 1628 per
3034 1574 3212 1616 annos
3252 1562 3340 1629 It,
3387 1563 3484 1617 ab-

1901 1638 2108 1708 rogatis
2138 1654 2277 1710 quas
2314 1651 2441 1700 ante
2470 1645 2669 1702 tulerat
2710 1632 2926 1718 legibus
2956 1653 3235 1712 omnibus.

1977 1811 2194 1867 Mortuo
2221 1809 2463 1881 Zenone,
2494 1818 2763 1889 Augusta,
2812 1834 3042 1882 senatus
3090 1836 3145 1883 et
3201 1832 3481 1888 exercitus

220 1913 317 1964 καὶ
346 1915 380 1981 ή
429 1911 733 1979 σύγκλητος
767 1909 862 1962 καὶ
887 1910 947 1962 τὸ
976 1909 1294 1978 στράτευμα
1337 1906 1689 1959 Ἀναστάσιον
1712 1905 1800 1955 τὸν

1903 1903 2198 1959 Anastasio
2252 1904 2573 1964 Silentiario
2608 1912 2899 1981 imperium
2961 1918 3237 1978 deferunt.
3278 1922 3407 1979 Fuit
3435 1927 3482 1981 is

220 2004 590 2074 Σιλεντιάριον
619 2001 1011 2072 ἀναγορεύουσι
1034 1999 1278 2070 βασιλέα,
1303 2003 1401 2068 τῆς
1425 1997 1531 2050 τῶν
1570 1996 1803 2062 Ἀκεφά-

220 2095 330 2145 λων
352 2095 471 2164 ἦτοι
512 2092 870 2162 Συγχυτικῶν
893 2090 1023 2143 ὄντα
1045 2090 1331 2162 αἱρέσεως.
1360 2086 1467 2140 Ἦν
1505 2087 1560 2140 δὲ
1590 2086 1666 2156 τῷ
1694 2086 1801 2139 σώ-

224 2202 356 2253 ματι
382 2185 671 2255 μήκιστος,
713 2184 839 2246 τοὺς
862 2182 1176 2250 ὀφθαλμοὺς
1221 2180 1360 2249 ἔχων
1396 2182 1669 2250 χαροποὺς
1710 2179 1803 2229 καὶ

220 2275 494 2342 γλαυκοὺς
550 2276 806 2345 μετρίως.
874 2274 1154 2344 φαλακρὸς
1223 2273 1406 2341 ἡρέμα
1444 2272 1538 2325 καὶ
1596 2271 1799 2331 πολιός.

223 2366 383 2430 ’Λγει
417 2362 473 2414 δὲ
502 2363 665 2415 αύτδν
696 2364 787 2414 ἐπὶ
813 2362 913 2432 τὴν
940 2361 1237 2432 μοναρχίαν
1259 2361 1550 2431 Ούρὸίκιος
1601 2358 1791 2411 εὐνοῦ-

223 2470 342 2522 χος,
384 2453 507 2505 τότε
536 2452 803 2523 μεγίστην
834 2451 986 2521 παρά
1032 2452 1133 2521 τῆς
1175 2451 1454 2521 βασιλείας
1479 2452 1618 2520 ἔχων
1644 2451 1799 2503 δύνα-

223 2563 341 2612 μιν.
382 2543 540 2597 Μετὰ
562 2543 618 2596 δὲ
642 2543 740 2613 τὴν
764 2544 1130 2614 ἀγαγόρευσιν
1150 2545 1465 2596 ἀπαιτεῖται
1508 2542 1793 2613 ὁμολογίαν

224 2634 377 2706 παρὰ
414 2635 689 2705 Εύουμίου
738 2636 850 2704 (95)
892 2634 987 2687 τοῦ
1048 2634 1389 2705 πατριάρχου
1446 2635 1581 2701 πρὸς
1625 2635 1687 2687 τὸ
1727 2633 1801 2702 μὴ

223 2729 484 2781 σαλεῦσαί
524 2745 576 2781 τι
606 2728 703 2797 τῆς
742 2728 1073 2797 Ἐκκλησίας
1126 2728 1221 2781 καὶ
1262 2731 1361 2797 τῆς
1397 2728 1651 2789 πίστεως,
1704 2729 1798 2779 ἀν-

220 2818 371 2883 ἀξιον
396 2819 558 2872 αὑτὸν
582 2818 875 2872 ἀποκαλῶν
891 2819 986 2887 τῆς
1005 2819 1111 2871 τῶν
1133 2819 1476 2889 Χριστιανῶν
1493 2817 1792 2887 βασιλείας.

226 2906 574 2979 Βιαζομένης
611 2909 667 2963 δὲ
697 2909 860 2963 αὐτὸν
901 2910 1187 2980 ’Δριάδνης
1218 2910 1311 2963 καὶ
1351 2911 1449 2980 τῆς
1496 2909 1800 2980 συγκλήτου

220 3000 441 3053 δίδωσιν
464 3000 629 3053 αὑτοῦ
652 3000 713 3053 τὸ
760 3000 1042 3071 ίδιὸχειρον
1082 3000 1159 3069 τῷ
1197 3002 1537 3073 πατριάρχῃ.
1598 3001 1800 3073 κυροῦν

222 3093 292 3143 τά
317 3091 420 3158 τῆς
454 3093 511 3143 ὲν
543 3091 848 3161 Χαλκηδόνι
887 3091 1107 3145 συνόδου
1145 3091 1291 3160 ὑπὲρ
1324 3093 1422 3162 τῆς
1451 3094 1685 3156 πίστεως
1716 3094 1801 3148 δύο

221 3198 431 3251 γματα,
480 3183 577 3236 καὶ
623 3182 768 3236 οῦτω
819 3182 1069 3251 στεφθεὶς
1146 3184 1432 3255 Ἀριάδνην
1483 3186 1674 3253 ἄγεται
1721 3187 1801 3250 εἰς

1906 1996 1960 2050 in
2004 1996 2196 2053 haeresi
2228 1999 2632 2069 Acephalorum
2674 2006 2789 2062 sive
2828 2007 3307 2083 Synchyticarum,
3353 2033 3481 2088 pro-

1905 2090 2194 2144 eerissimo
2234 2106 2489 2162 corpore,
2540 2098 2717 2153 oculis
2756 2102 3005 2160 trucibus
3035 2119 3100 2160 ac
3130 2109 3481 2167 mediocriter

1904 2180 2100 2246 cmsiis,
2160 2183 2429 2238 calvaster
2488 2201 2551 2240 ac
2603 2187 2769 2261 626
2832 2208 3026 2250 canus.
3074 2196 3157 2253 Ad
3189 2200 3478 2272 imperium

1901 2287 2022 2327 cum
2073 2275 2347 2344 promovit
2388 2274 2643 2335 Urbicius
2696 2285 3137 2360 euuuchus,‘qui
3179 2300 3295 2348 tum
3333 2295 3477 2366 apud

1902 2364 2302 2434 imperatricem
2340 2368 2635 2435 plurimum
2666 2383 2901 2441 poterat.
2961 2379 3097 2435 Cum
3159 2364 3479 2456 designatus

1901 2465 2069 2521 esset,
2122 2457 2449 2527 Euthymius
2486 2465 2798 2531 patriarcha
2838 2468 2906 2522 ab
2930 2484 2996 2524 eo
3023 2474 3204 2543 exegit
3232 2484 3311 2543 ut,
3345 2492 3478 2534 cau—

1903 2551 2051 2602 tione
2068 2548 2215 2613 data,
2242 2550 2615 2610 aﬂirmaretse
2636 2556 2775 2611 nihil
2804 2559 2858 2613 in
2885 2561 3051 2618 rebus
3080 2567 3476 2627 ecclesiasticis

1901 2644 1954 2693 et
1988 2640 2092 2696 fide
2140 2641 2624 2713 lztbet‘actaturum,
2679 2650 2960 2719 indignum
3000 2670 3123 2709 eum
3155 2656 3347 2716 dicens
3379 2664 3473 2730 qui

1901 2730 2226 2789 Christianis
2258 2734 2570 2805 imperaret.
2622 2738 2953 2811 Compulsus
2979 2748 3196 2804 tandem
3231 2752 3301 2807 ab
3346 2752 3476 2808 Ari-

1902 2824 2039 2874 adna
2066 2830 2120 2876 et
2148 2834 2343 2879 senatu
2373 2841 2469 2881 sua
2493 2843 2659 2884 manu
2703 2833 2962 2902 scriptam
3010 2839 3267 2896 schedam
3299 2846 3477 2913 patri-

1903 2912 2084 2967 archae
2148 2915 2339 2979 tradit,
2400 2932 2506 2988 qua
2561 2923 2850 2989 proﬁtetur
2904 2940 2965 2981 se
3011 2912 3478 2990 Chalcedonensis

1902 3004 2120 3059 concilii
2177 3005 2243 3061 de
2299 3006 2402 3062 ﬁde
2449 3010 2666 3067 decreta
2700 3025 2818 3070 rata
2854 3017 3073 3074 habere.
3131 3019 3208 3076 Ita
3253 3022 3474 3079 demum

1903 3102 2200 3151 coronatus
2234 3097 2530 3156 Ariadnam
2567 3120 2793 3161 uxorem
2825 3110 2995 3173 ducit,
3041 3127 3166 3167 cum
3208 3115 3477 3172 hactenus

1904 3184 2131 3240 vixisset
2192 3188 2411 3244 cmlebs.
2473 3189 2764 3262 Imperavit
2814 3211 2990 3254 annos
3017 3199 3108 3266 27,
3167 3216 3386 3261 menses
3418 3205 3473 3259 4.

223 3276 427 3341 γάμον,
460 3273 614 3328 οὔπω
638 3276 907 3345 πρότερον
941 3277 1158 3345 γαμετῇ
1195 3277 1542 3347 συνοικήσας.
1598 3276 1800 3347 Ἐκράο

1904 3276 2025 3331 Sub
2053 3277 2173 3346 ejus
2200 3280 2429 3350 imperio
2464 3284 2789 3343 Manichaeis
2818 3297 2873 3343 et
2900 3290 3121 3349 Arianis
3152 3297 3320 3351 animi
3352 3312 3476 3353 ere-

228 3381 362 3435 τησε
391 3365 451 3418 δὲ
476 3366 571 3436 ἔτη
601 3367 685 3431 κζ’
717 3368 895 3437 μῆνας
918 3368 980 3421 δ’.
1028 3369 1150 3422 Ἐπὶ
1177 3368 1366 3421 τούτου
1390 3369 1682 3439 Μανιχαῖοι
1706 3370 1800 3422 καὶ

240 3458 513 3527 ’Λρειανοὶ
548 3457 785 3528 ἔχαιρον,
811 3460 1101 3529 Μανιχαῖοι
1126 3458 1224 3531 μὲν
1244 3458 1319 3523 ὡς
1344 3460 1550 3529 μητρὸς
1569 3460 1663 3514 τοῦ
1706 3461 1799 3530 βα-

228 3550 417 3612 σιλέως
460 3549 764 3619 ζηλωτρίας
807 3548 970 3620 οὔσης
1029 3552 1122 3603 καὶ
1200 3552 1531 3620 προσφιλοῦς
1593 3554 1794 3619 αὐτοῖς,

235 3641 508 3711 Ἀρειανοὶ
538 3640 595 3692 δὲ
622 3640 696 3703 ὠς
725 3640 1008 3711 Κλέαρχον
1036 3641 1126 3694 τὸν
1153 3642 1297 3695 Θεῖον
1333 3642 1522 3707 αὐτοῦ,
1566 3644 1797 3713 ἀδελφὸν

222 3733 320 3801 τῆς
349 3732 689 3800 κακόφρονος
722 3731 926 3803 μητρὸς
958 3733 1149 3797 αὐτοῦ,
1184 3733 1440 3802 ὁμόδοξον
1480 3734 1717 3804 ἔχοντες.

292 3824 501 3876 Τούτου
553 3822 631 3894 τῷ
660 3822 861 3893 πρώτῳ
899 3825 1009 3876 ἑτει
1056 3822 1327 3893 Εὑθύμιος
1388 3828 1415 3877 ὁ
1452 3828 1797 3880 Κωνσταντι-

227 3914 555 3975 νουπόλεως,
606 3911 931 3981 συναγαγὼν
986 3915 1114 3976 τοὺς
1159 3913 1524 3984 ἐνδημοῦντας
1579 3918 1798 3969 ἐπισκό-

225 4021 378 4068 πους,
432 4004 536 4074 τὴν
599 4003 661 4057 ἐν
705 4003 1009 4073 Χαλκηδόνι
1062 4003 1223 4071 ἁγίαν
1258 4004 1474 4057 σύνοδον
1526 4005 1794 4075 ἐκύρωσε.

224 4095 428 4149 Τούτου
485 4094 583 4147 τοῦ
646 4096 1001 4149 Ἀναστασίου
1056 4095 1115 4147 τὸ
1154 4098 1253 4164 τῆς
1290 4095 1569 4165 βασιλείας
1616 4100 1797 4167 σχῆμα

225 4185 481 4247 λαόόντος
514 4186 573 4236 ὲν
614 4184 689 4253 τῷ
718 4183 814 4237 τοῦ
857 4185 1193 4254 ἱπποδρόμου
1236 4186 1539 4255 καοισματι
1580 4187 1723 4249 ἄπας
1772 4191 1798 4241 ὁ

223 4276 391 4345 δῆμος
454 4275 530 4337 ὡς
582 4273 642 4338 ἐξ
703 4275 818 4337 ἑνὸς
871 4276 1135 4345 στόματος
1205 4277 1512 4342 εὐθυσόλως
1552 4281 1795 4350 ἐϐόησεν·

236 4367 320 4428 Ὠς
378 4365 600 4435 ἐζησας,
648 4362 790 4417 οὕτω
842 4365 935 4417 καὶ
990 4364 1329 4435 βασίλευσον,
1384 4370 1640 4422 δέσποτα.
1689 4374 1799 4441 Πρό

224 4459 374 4527 ιξ›δῶν
432 4458 540 4528 γάρ
580 4458 953 4527 ἀλεκτρυόνων
991 4460 1068 4519 εἰς
1109 4458 1405 4529 ἐκκλησίαν
1439 4462 1639 4528 φοιτῶν
1671 4463 1799 4536 ἄχρι

1905 3380 2125 3437 verunt,
2160 3369 2499 3442 Manichaeis,
2535 3378 2683 3446 quod
2714 3387 2889 3435 mater
2941 3382 3293 3453 imperatoris
3327 3388 3478 3458 ipso-

1906 3474 2023 3511 rum
2086 3470 2252 3516 sccttc
2308 3464 2557 3521 studeret
2603 3475 2767 3536 atque
2816 3470 2990 3525 amica
3032 3482 3200 3538 esset,
3230 3472 3471 3539 Arianis.

1901 3551 2047 3619 quod
2115 3552 2417 3611 Clearchus
2496 3557 2847 3628 imperatoris
2920 3565 3227 3622 avunculus
3284 3582 3472 3624 secum

1904 3643 2159 3699 sentiret.

1976 3818 2158 3878 Primo
2213 3826 2332 3895 ejus
2379 3843 2526 3883 anno
2584 3829 2908 3903 Euthymius
2947 3836 3134 3908 Cpolls
3157 3843 3472 3917 cpiscOpus,

1902 3913 2149 3970 collectis
2183 3918 2276 3986 qui
2311 3928 2423 3973 tum
2452 3922 2504 3975 in
2533 3923 2665 3978 urbe
2689 3925 2956 3996 degebant
2986 3931 3285 4004 episcopis,
3318 3913 3473 4009 ssno-

1901 4004 2028 4057 dum
2051 4005 2551 4067 Chalcedonensem
2571 4020 2941 4074 continuavit.
2965 4022 3098 4078 Cum
3119 4004 3471 4097 Anastasius.

1904 4094 2260 4161 imperatorio
2304 4100 2494 4155 habitu
2541 4115 2779 4175 sumpto,
2816 4112 2867 4163 in
2901 4114 3051 4167 circo
3074 4117 3312 4185 sederet,
3348 4094 3473 4177 uni;

1903 4200 2097 4241 versus
2143 4192 2376 4259 populus
2405 4194 2570 4248 veluti
2614 4213 2722 4251 uno
2754 4214 2848 4254 ore
2884 4202 3089 4259 directe
3113 4207 3429 4268 inclamavit
3458 4234 3470 4267 :

1905 4276 2061 4332 Sicut
2099 4282 2305 4346 vixisti,
2360 4285 2429 4338 ita
2465 4290 2629 4341 etiam
2669 4292 2896 4361 impera,
2948 4296 3197 4357 domine.
3260 4302 3474 4377 Quippe

1906 4382 2032 4425 ante
2085 4375 2211 4442 galli
2268 4384 2490 4431 cantum
2528 4385 2787 4451 templum
2821 4387 2973 4442 adire
3018 4391 3249 4459 solebat,
3287 4375 3473 4468 ibique

1907 4463 2034 4516 dum
2080 4467 2273 4521 concio
2326 4468 2714 4539 dimitteretur,
2765 4479 2977 4534 astabat
3022 4481 3187 4539 Deum
3222 4463 3471 4557 placaris.

226 4551 319 4618 τῆς
335 4549 655 4611 ἀπολύσεως
679 4550 865 4601 ἵστατο
885 4547 1089 4613 ἐξιλεού
1098 4566 1255 4619 μενος
1267 4550 1327 4602 τὸ
1345 4550 1505 4613 Θεῖον,
1524 4570 1586 4619 νη
1596 4554 1799 4606 στεύων

1907 4553 2245 4624 Frequenter
2292 4559 2594 4627 jejunabat,
2650 4574 2703 4618 et
2736 4580 2833 4621 sua
2867 4573 3198 4640 pauperibus
3223 4547 3290 4631 ὀι
3321 4547 3473 4636 men;

227 4640 395 4692 πο).λά
436 4640 532 4692 καὶ
575 4640 642 4691 τὰ
690 4639 962 4710 προσόντα
1016 4640 1162 4709 αύτῷ
1195 4641 1391 4710 πένησι
1424 4641 1517 4693 καὶ
1562 4646 1798 4712 πτωχοῖς

224 4732 510 4792 διαδιδούς.
553 4724 722 4793 Οὗτος
775 4731 902 4794 τοὺς
967 4731 1268 4803 δηλάτορας
1316 4735 1378 4785 ὲκ
1420 4734 1517 4801 τῆς
1589 4735 1797 4798 πόλεως

226 4822 442 4884 τελείως
476 4821 750 4890 ἐξέκοψεν.
795 4822 997 4891 Ἀφῆκε
1037 4823 1093 4874 δὲ
1121 4823 1210 4875 καὶ
1251 4824 1309 4875 τὸ
1336 4824 1488 4888 τέλος
1518 4827 1610 4879 τοῦ
1642 4826 1797 4895 λεγο-

232 4915 390 4981 μένου
421 4913 829 4983 χρυσαργύρου.
886 4914 944 4966 ’0
971 4914 1027 4967 δὲ
1059 4918 1442 4985 χρυσάργυρος
1477 4918 1718 4972 τοιοῦτόν
1744 4938 1796 4973 τι

229 5007 459 5075 πρᾶγμα
507 5000 576 5075 ἦν
612 5020 625 5035 ·
672 5007 778 5069 πᾶς
834 5007 1132 5074 πενόμενος
1195 5010 1289 5060 καὶ
1334 5011 1647 5077 προσαιτῶν
1706 5012 1800 5065 καὶ

230 5098 375 5147 πᾶσα
412 5095 584 5163 πόρνη
640 5096 731 5147 καὶ
778 5096 1153 5166 ἀπολελυμένη
1196 5103 1287 5150 καὶ
1334 5101 1441 5162 πᾶς
1484 5101 1671 5163 δοῦλος
1704 5103 1798 5155 καὶ

230 5188 594 5255 ἀπελεύθερος
620 5188 981 5258 συνεισφοράν
1006 5188 1285 5241 ἐποιοῦντο
1330 5191 1518 5260 κοινὴν
1565 5193 1700 5261 πρὸς
1739 5193 1801 5246 τὺ

229 5280 483 5347 δημόσιον
531 5279 672 5347 ὑπὲρ
721 5276 881 5346 οῦρου
914 5280 1008 5331 καὶ
1039 5280 1273 5349 κοπρίας
1331 5280 1544 5349 κτηνῶν
1600 5301 1660 5336 τε
1704 5286 1799 5337 καὶ

232 5370 405 5422 κυνῶν
430 5370 539 5423 τῶν
573 5373 630 5423 ἐν
659 5371 849 5441 ἀγροῖς
880 5372 972 5423 καὶ
1005 5372 1191 5423 πόλεσι
1222 5372 1612 5442 διατριϐόντων
1634 5392 1646 5404 ⁶
1706 5380 1798 5431 καὶ

230 5459 257 5508 ό
291 5460 389 5528 μὲν
433 5460 723 5531 ἄνθρωπος
776 5462 1017 5531 νόμισμα
1079 5462 1354 5532 ἀργυροῦν
1389 5466 1796 5538 συνεισέφερεν,

1905 4644 2050 4699 dicis
2108 4649 2390 4715 erogabat.
2448 4651 2591 4708 Idem
2624 4655 2893 4711 delatores
2944 4660 3189 4721 Ittttditus
3225 4683 3292 4723 ex
3340 4673 3475 4727 urbe

1905 4734 2127 4790 excidit.
2193 4738 2445 4795 Abolcvit
2467 4744 2627 4799 etiam
2665 4746 2929 4804 tributum
2958 4755 3104 4821 quod
3137 4755 3472 4833 Chrysargy-

1903 4841 2023 4880 rum
2056 4828 2359 4897 dicebatur,
2403 4836 2557 4902 quasi
2581 4836 2744 4907 627
2776 4853 3162 4912 aurargentum
3188 4828 3359 4906 dicas.
3383 4828 3471 4905 “Id

1906 4917 2011 4970 tale
2067 4916 2187 4972 fuit.
2260 4922 2452 4985 Quivis
2525 4928 2852 4993 mendicus,
2909 4935 3116 5002 quaevis
3187 4942 3469 5003 meretrix.

1903 5010 2108 5075 quaevis
2156 5012 2464 5080 repudiata,
2502 5016 2683 5085 quivis
2719 5034 2936 5087 servus,
2986 5024 3168 5094 quivis
3218 5029 3470 5099 libertus,

1902 5101 2098 5155 .erario
2132 5104 2339 5173 aliquid
2378 5109 2705 5176 pendebant,
2771 5121 2936 5182 atque
2984 5118 3147 5173 etiam
3180 5120 3248 5175 de
3296 5125 3470 5186 mulo,

1904 5192 1974 5246 de
2007 5191 2158 5258 timo,
2215 5196 2281 5251 de
2329 5199 2595 5264 jumentis
2642 5211 2695 5256 et
2742 5206 2973 5262 canibus
3013 5209 3066 5262 in
3100 5212 3234 5266 urbe
3262 5220 3318 5267 et
3344 5229 3473 5269 rure

1904 5283 2246 5355 degentibus.
2314 5287 2509 5353 Homo,
2562 5292 2677 5348 sive
2733 5310 2851 5350 mas
2905 5307 3050 5353 esset
3086 5300 3201 5357 sive
3245 5302 3470 5369 femina,

1904 5390 2188 5431 nummum
2226 5388 2542 5449 argenteum
2564 5385 2868 5452 pendebat:
2906 5391 3241 5448 tantumdem
3273 5409 3467 5465 equus,

1904 5468 2005 5525 bos
2035 5483 2088 5527 et
2117 5472 2336 5537 mulus;
2379 5476 2570 5531 asinus
2605 5488 2785 5534 autem
2831 5489 2885 5536 et
2935 5483 3089 5539 canis
3124 5485 3318 5543 obolos
3353 5503 3469 5554 sex,

1376 5599 1727 5657 XYLANDRI
1759 5604 1846 5660 ET
1884 5607 2093 5664 GOARI
2134 5608 2364 5667 NOTAE.

300 5687 411 5762 [95)
434 5685 504 5739 Ex
539 5702 648 5762 quo
676 5687 1015 5762 postmodum
1041 5688 1399 5755 imperatores
1424 5700 1477 5743 et
1516 5691 1790 5762 principes

233 5758 458 5811 utlidem
482 5758 762 5825 pthIICI'IlI
783 5765 836 5808 et
852 5759 1057 5825 scripto
1074 5768 1528 5826 sacramentoque
1547 5758 1783 5824 ﬁrme—ut,

232 5827 285 5880 in
324 5829 718 5880 consuetudine
774 5836 1095 5895 posuerunt.
1156 5825 1375 5895 Scripto
1431 5825 1561 5883 vero
1629 5833 1784 5886 tidem

558 5923 825 5982 Parnm“
872 5928 985 5982 Gn.
1035 5922 1260 5982 CXXI.

1942 5700 2186 5754 rofessus
2250 5708 2336 5775 est
2378 5699 2703 5775 Zenkohcum
2741 5702 2996 5773 deinceps
3034 5709 3311 5775 repetierit
3332 5716 3387 5765 et
3419 5713 3469 5762 ν’

1942 5714 2186 5754 rOIessus
2250 5714 2336 5755 est
2378 5714 2543 5760 Leno.
2580 5717 2703 5757 cum
2741 5714 2996 5773 deinceps
3034 5714 3226 5775 repetit

1901 5714 2045 5825 Facta
2075 5774 2362 5841 receperit,
2384 5787 2433 5840 p.
2474 5773 2597 5827 558.
2640 5772 2772 5828 Vide
2806 5790 2857 5843 p.
2891 5777 3014 5829 405.
3053 5774 3226 5831 (ἒυλιι.

3086 5930 3160 5990 22
