4214 6450
739 364 846 430 ὓ83

2031 355 2350 416 GEORGII
2403 355 2734 414 CEDRENI

3883 360 3994 424 68!.

737 491 792 534 et
833 489 1098 532 eratcum
1131 477 1184 529 in
1215 475 1358 542 agris
1393 487 1504 526 tum
1539 476 1592 526 iu
1625 481 1757 528 urbe
1791 489 2016 541 magnus
2051 475 2311 539 ejulatus,
2345 475 2389 531 Α

2345 475 2389 531 Α
2419 473 2620 540 ὁμοίως
2651 473 2748 523 καὶ
2787 487 2813 540 η
2844 488 3001 541 γυνη,
3037 471 3200 535 ἵππος
3229 474 3285 526 δὲ
3322 476 3413 526 καὶ
3445 476 3666 544 ἡμίονος
3725 481 3821 528 καὶ
3865 479 3992 546 βους

738 587 860 624 cum
888 569 938 622 id
957 569 1216 622 tributum
1243 566 1452 632 aIJSIIIIC
1477 565 1582 617 ulla
1611 564 1959 618 miseratione
1981 565 2307 633 exigeretur.

739 662 926 730 Itaque
983 661 1299 727 imperator,
1361 673 1487 710 cum
1521 672 1583 709 ea
1634 655 1700 710 de
1748 670 1806 708 rc
1839 654 2046 724 legatos
2088 655 2152 708 ad
2186 669 2310 706 eum

744 755 1023 808 misissent
1059 750 1311 804 monachi
1349 748 1849 817 llierosolymitani,
1882 758 1936 802 et
1986 747 2311 802 Timotheus

740 845 966 898 Gaurus
1017 844 1100 896 vir
1152 840 1596 912 sapientissimus
1663 839 1987 908 tragoediam
2043 852 2104 890 ea
2141 837 2208 890 de
2254 851 2312 889 rc

744 938 1013 998 tinxisset,
1040 934 1245 989 excidit
1278 935 1402 986 ista.
1428 933 1608 1000 Atque
1643 946 1708 985 eo
1745 947 1878 985 sane
1907 939 2154 999 tempore
2185 927 2313 981 illu-

738 1039 906 1084 strem
962 1044 1115 1081 suam
1175 1025 1304 1079 fecit
1356 1025 1783 1085 liberalitatem,
1841 1023 1984 1090 quod
2042 1021 2310 1074 tributum

739 1123 875 1178 illud
935 1119 1372 1191 quadricunalc,
1438 1121 1583 1187 quod
1639 1131 1835 1185 magna
1889 1130 2014 1169 cum
2065 1114 2310 1168 omnium

741 1214 984 1284 pernicie
1047 1212 1323 1280 ingentem
1372 1210 1699 1262 taientorum
1754 1207 2078 1260 corradebat
2123 1220 2314 1259 nume-

742 1320 882 1370 rum,
913 1313 967 1359 et
990 1301 1421 1372 Chrysargyrum
1450 1297 1847 1366 appellabatur,
1873 1296 2118 1360 sustulit,
2155 1293 2312 1348 tabu-

743 1399 932 1465 lasque
970 1396 1090 1464 ejus
1139 1393 1329 1447 tributi
1389 1389 1822 1459 descriptionem
1873 1389 2224 1442 continentes
2256 1386 2310 1439 in

740 1491 892 1544 circo
937 1503 1127 1542 omnes
1163 1499 1347 1541 coram
1398 1490 1518 1538 toto
1565 1481 1766 1552 populo
1795 1480 2186 1534 concremavit.
2236 1479 2314 1533 Ac

742 1598 853 1636 rem
921 1579 1196 1648 publicam
1250 1576 1473 1646 quidem
1544 1575 1635 1627 Ille
1693 1580 1845 1626 tanta
1906 1569 2312 1641 magnificentia

741 1671 1089 1727 emendabat.
1121 1669 1228 1723 Sed
1265 1669 1318 1722 in
1359 1668 1522 1721 rebus
1552 1664 1940 1719 ecclesiasticis
1980 1664 2122 1717 idem
2155 1679 2314 1733 aspc-

743 1780 862 1817 rum
901 1779 960 1818 se
992 1769 1152 1828 atque
1182 1758 1611 1813 inverecundum
1644 1756 1874 1825 praebuit
1899 1772 1913 1808 ;
1940 1756 2140 1823 quippe
2166 1769 2313 1807 anno

748 1850 958 1919 imperii
1020 1849 1104 1904 sui
1169 1847 1415 1902 secundo
1475 1847 1524 1897 vi
1588 1858 1744 1899 suam
1802 1841 2192 1913 obligationem
2247 1840 2315 1895 ab

749 1941 1039 2012 Euthymio
1081 1940 1316 2007 repetiit.

812 2033 1016 2097 Quinto
1043 2046 1184 2084 anno
1209 2038 1474 2099 tyrannos
1510 2041 1675 2097 Opera
1710 2025 1940 2081 Joannis
1971 2024 2190 2080 Scethis
2220 2025 2318 2078 do-

747 2125 902 2179 muit.
960 2121 1256 2192 Enthymio
1309 2135 1531 2190 quoque
1563 2121 1842 2190 episcopo,
1893 2117 1994 2172 sibi
2033 2117 2317 2187 religionis

743 2229 912 2269 causa
943 2212 1195 2275 adverso,
1235 2213 1354 2264 hrec
1400 2211 1668 2264 nuntiavit
1699 2227 1712 2262 :
1741 2206 1950 2279 Magnae
1992 2216 2097 2262 tute
2123 2223 2313 2278 preca-

746 2308 924 2361 tiones
946 2306 1153 2359 amicos
1176 2311 1302 2356 tuus
1331 2301 1557 2371 fuligine
1578 2305 2025 2368 cousperserunt.
2051 2297 2314 2352 Eumdem

744 2401 1063 2468 episcopatu
1098 2395 1265 2467 628
1304 2394 1577 2462 deiectum
1640 2391 1921 2462 relegavit,
1973 2388 2314 2460 epist-opatui

747 2491 1130 2546 Macedoniutu
1158 2487 1428 2558 przefecit.
1477 2484 1575 2539 Hic
1605 2490 1659 2540 in
1687 2487 1920 2556 gratiam
1970 2483 2318 2554 imperatoris

747 2584 1074 2638 llenoticum
1111 2580 1349 2635 Zenonis
1390 2578 1794 2648 subscriptione
1837 2593 1937 2633 sua
1969 2577 2316 2648 approbavit.

817 2764 976 2817 Anno
999 2761 1032 2815 8
1064 2758 1417 2814 Macedonius
1444 2755 1510 2811 de
1539 2755 1813 2810 sententia
1850 2752 2130 2807 Anastasii
2159 2751 2318 2806 unirc

745 2863 982 2910 conatos
1042 2859 1129 2907 est
1173 2847 1505 2904 monasteria
1557 2847 1720 2915 regia:
1776 2844 1964 2908 urbis,
1997 2842 2213 2898 divulsa
2250 2845 2318 2896 ab

749 2946 952 2999 unione
985 2950 1209 3012 propter
1242 2938 1568 2993 llenoticum
1606 2934 1876 2998 Zenonis;
1901 2941 1955 2988 et
1985 2933 2191 2988 coactis
2225 2932 2315 3001 qui

748 3038 802 3091 in
841 3037 975 3091 urbe
1031 3046 1146 3088 tum
1212 3029 1712 3100 peregrinabantur
1744 3025 2054 3095 episcopis,
2089 3023 2318 3078 Chalce-

2417 565 2477 616 τὸ
2518 565 2653 617 αὐτὸ
2693 564 3099 633 συνεισέφερον,
3132 566 3250 628 ὄνος
3273 567 3329 619 δέ
3353 571 3444 620 καὶ
3468 569 3612 620 κύων
3639 570 3853 638 φολλεις
3880 572 3993 634 (9(ἰ)

2415 656 2492 720 ἒξ.
2538 658 2644 709 Καὶ
2672 653 2740 727 ἦν
2799 657 3036 727 ὀδυρμὸς
3081 657 3250 721 πολὺς
3296 659 3353 712 ἔν
3384 678 3440 712 τε
3497 661 3650 732 χώρα
3695 663 3791 715 καὶ
3840 663 3999 714 πόλει

2415 749 2621 801 τούτων
2647 750 3126 820 εἰσπραττομένων
3161 751 3524 820 ἁσυμπαϐῶς.
3576 755 3842 824 Πρέσὸεις
3875 757 3993 807 τοί-

2416 859 2510 893 νυν
2557 840 2851 910 δεξάμενος
2897 843 2926 895 6
2957 841 3210 912 βασιλεὺς
3263 843 3366 896 ὑπὸ
3419 844 3526 897 τῶν
3581 846 3640 898 ἐν
3689 847 3995 916 Ἱεροσολύ-

2421 950 2542 1002 μοις
2577 934 2854 1002 μοναχῶν,
2880 935 2973 986 καὶ
2999 933 3268 1002 Τιμοθέου
3310 937 3404 988 to")
3439 936 3673 998 Γαζαίου
3707 937 3898 1008 ἀνδρὸς
3925 939 3996 989 τὰ

2418 1025 2596 1077 πάντα
2622 1025 2786 1092 σοφοῦ
2811 1025 3122 1094 τραγῳδίαν
3156 1028 3482 1094 ποιήσαντος
3513 1028 3652 1096 ὑπὲρ
3689 1029 3786 1080 τοῦ
3815 1029 3997 1080 τοιού-

2415 1133 2533 1180 του,
2554 1115 2727 1168 ταῦτα
2765 1115 3012 1184 ἐξέκοψε.
3042 1117 3198 1170 Κατὰ
3231 1117 3288 1170 δὲ
3314 1119 3408 1169 τὸν
3443 1118 3608 1172 αὑτὸν
3652 1120 3848 1188 χρόνον
3899 1122 3997 1172 καὶ

2417 1206 2778 1277 περίϐλεπτον
2811 1206 3126 1276 φιλοτιμίαν
3154 1207 3256 1277 τῆς
3285 1208 3683 1263 πολυταλάντου
3712 1211 3806 1262 καὶ
3843 1229 3956 1262 παν
3974 1241 3989 1248 -

2413 1298 2552 1350 ὡλου
2591 1300 2848 1368 εἰσφορᾶς
2871 1300 2960 1350 τοῦ
2989 1298 3324 1368 καλουμένου
3361 1301 3781 1371 τετραετηρικοῦ
3815 1318 3992 1373 χρυσ-

2415 1388 2656 1459 αργύρου
2708 1389 3002 1442 κατέλυσεν
3039 1392 3066 1442 ὁ
3103 1389 3354 1458 βασιλεὺς
3389 1430 3402 1453 ,
3433 1390 3516 1462 μ».
3551 1389 3679 1454 555]
3713 1393 3806 1442 καὶ
3858 1394 3996 1457 πυρὶ

2419 1482 2475 1532 ἐν
2524 1479 2602 1548 τῷ
2638 1479 2960 1549 ἱπποδρόμῳ
3016 1482 3258 1534 ἐναντίον
3313 1482 3530 1536 πάντων
3581 1482 3888 1535 κατέκαυσε
3922 1481 3991 1533 τὰ

2419 1575 2516 1644 τῆς
2548 1573 2763 1626 τοιᾶσδε
2801 1572 3110 1634 συντελείας
3138 1574 3487 1643 κατάγραφα.
3517 1573 3627 1626 Καὶ
3653 1573 3720 1626 τὰ
3768 1573 3868 1641 μὲν
3896 1591 3992 1624 πο-

2416 1666 2594 1718 λιτικὰ
2621 1666 2916 1735 φιλοτίμως
2945 1664 3118 1726 οὕτως
3149 1664 3556 1733 ἐπηνωρθοῦτο,
3595 1666 3674 1726 εἰς
3707 1664 3763 1716 δὲ
3810 1664 3879 1716 τὰ
3911 1666 3994 1724 εἰς

2417 1761 2515 1827 τὴν
2546 1757 2640 1809 τοῦ
2675 1758 2820 1810 θείου
2851 1758 3009 1822 δόξαν
3036 1757 3383 1810 συντείνοντα
3409 1757 3603 1827 δριμὺς
3651 1758 3743 1809 καὶ
3775 1755 3992 1809 ἀδυσώ-

2420 1866 2591 1916 πητος
2639 1849 2832 1916 γέγονε
2865 1865 2880 1880 ο
2934 1849 3014 1917 τῷ
3049 1847 3154 1918 γὰρ
3189 1847 3426 1917 δευτέρῳ
3471 1849 3582 1900 ἔτει
3632 1845 3798 1901 αὑτοῦ
3852 1849 3995 1916 μετὰ

2423 1941 2540 2010 βίας
2573 1940 2672 2011 τὴν
2696 1939 2988 2008 ὁμολογίαν
3013 1938 3180 1991 αὑτοῦ
3212 1938 3364 2008 παρὰ
3393 1939 3667 2008 Εὐθυμίου
3697 1938 3882 1992 ἔλασε.

2491 2033 2581 2101 Τῷ
2606 2040 2645 2084 ε’
2682 2033 2791 2085 ἔτει
2819 2031 2943 2093 τοὺς
2975 2031 3275 2099 τυράννους
3306 2031 3394 2085 διὰ
3437 2029 3682 2086 Ἰωάννου
3725 2030 3820 2084 τοῦ
3851 2031 3999 2100 Σκή-

2421 2120 2547 2184 Θους
2580 2122 2691 2189 (9'7)
2759 2120 3090 2191 παρέλαϐεν.
3134 2121 3396 2192 Εὑθυμίῳ
3445 2122 3500 2175 δὲ
3555 2122 3634 2192 τῷ
3683 2123 3996 2192 ἐπισκόπῳ,

2423 2213 2603 2283 ἐχθρῷ
2625 2213 2790 2266 αὑτοῦ
2809 2213 2923 2266 δντι
2953 2214 3038 2267 διὰ
3069 2214 3168 2283 τὴν
3193 2213 3396 2275 πίστιν,
3421 2213 3710 2283 ἐδήλωσεν·
3740 2216 3806 2267 Δί
3834 2215 4000 2282 εὐχαί

2422 2324 2515 2358 σου
2545 2307 2600 2358 αἱ
2628 2305 2858 2374 μεγάλαι
2889 2307 3018 2368 τοὺς
3051 2306 3238 2374 φίλους
3273 2323 3365 2358 σου
3410 2305 3744 2375 ἢσϐόλωσαν.
3792 2306 4001 2358 Τοῦτόν

2419 2412 2479 2448 τε
2505 2394 2759 2464 καθαιρεῖ
2779 2393 2873 2448 καλ⁸
2896 2395 2974 2456 είς
2999 2394 3219 2464 ἐξορίαν
3249 2395 3634 2465 παραπέμπει.
3659 2395 4000 2448 Μακεδόνων

2417 2489 2474 2541 δὲ
2530 2486 2942 2557 προχειρίζεται
2995 2486 3296 2539 ἐπίσκοπον
3349 2487 3999 2548 Κωνσταντινουπόλεως.

2430 2581 2491 2633 Ὀ
2523 2581 2576 2632 δὲ
2605 2579 2792 2641 κακῶς
2826 2579 3072 2642 πεισθεὶς
3107 2578 3182 2648 τῷ
3235 2579 3572 2650 Ἀναστασίῳ
3610 2579 3897 2649 ὑπέγραψε
3921 2580 4002 2647 τῷ

2422 2670 2664 2740 ἐνωτικῷ
2698 2671 2960 2741 Ζήνωνος.

2493 2763 2583 2832 Τῷ
2614 2761 2662 2832 η’
2685 2763 2794 2814 ἔτει
2822 2763 3156 2825 Μακεδόνιος
3208 2762 3399 2832 γνώμῃ
3432 2761 3526 2816 τοῦ
3561 2762 3824 2832 βασιλέως
3864 2763 4003 2814 ένῶ-

2423 2871 2513 2906 σαι
2532 2855 2598 2905 τά
2635 2853 2972 2922 μοναστήρια
3005 2853 3104 2921 τῆς
3139 2852 3407 2921 βασιλίδος
3439 2853 3720 2914 ἔσπευδεν,
3769 2854 3974 2919 ἀποσχι

2426 2946 2624 2998 σθέντα
2651 2944 2739 2996 διὰ
2756 2944 2814 2996 τὸ
2831 2944 3086 2996 ένωτικον
3115 2945 3383 3013 Ζήνωνος.
3410 2944 3516 2997 Καὶ
3550 2945 3673 3005 τοὺς
3699 2944 4006 3013 ἐνδημοῦν-

2421 3055 2520 3099 τας
2548 3036 2880 3099 ἐπισκόπους
2942 3035 3267 3102 συναγαγὼν
3297 3037 3364 3087 τὰ
3389 3036 3447 3087 ἐν
3475 3035 3778 3103 Χαλκηδόνι
3819 3036 4005 3097 καλῶς

746 3125 1006 3184 doncnsis
1067 3123 1286 3178 concilii
1342 3120 1563 3174 decreta
1596 3117 1804 3186 scripto
1837 3124 1952 3168 rata
2015 3130 2073 3169 se
2115 3114 2315 3168 habere
2343 3133 2387 3192 ο

2343 3133 2387 3192 C
2418 3127 2853 3197 δογματισθέντα
2883 3128 3174 3196 ἐγγράφως
3208 3125 3527 3181 ἐϐεϐαίωσε.
3572 3127 3893 3197 Θευδέριχος
3934 3128 3993 3178 δὲ

747 3210 1501 3274 confirmavit.Theodoricus
1521 3224 1685 3280 porro
1707 3206 1830 3260 Afer
1852 3220 1976 3260 cum
2005 3205 2316 3260 ministrum

751 3311 975 3365 haberet
1001 3309 1104 3364 sibi
1139 3307 1467 3376 pcrcbarum
1493 3311 1546 3357 ct
1570 3310 1732 3355 rectae
1752 3298 2029 3370 religionis
2050 3294 2323 3368 professo-

749 3416 887 3465 rem,
919 3414 1044 3453 cum
1081 3398 1126 3450 is
1165 3397 1217 3449 in
1274 3395 1477 3449 domini
1513 3393 1743 3462 gratiam
1781 3405 1810 3444 a
1845 3388 1948 3443 fide
1999 3390 2065 3442 ad
2105 3387 2324 3441 Ariani-

753 3503 926 3544 smum
994 3501 1052 3541 se
1082 3485 1479 3550 transtulisset,
1530 3491 1697 3551 caput
1746 3479 1952 3534 homini
1987 3477 2319 3548 amputavit,

753 3580 896 3648 quod
934 3581 1138 3631 diceret
1194 3592 1317 3630 cum
1375 3575 1470 3646 qui
1521 3573 1626 3628 Deo
1663 3573 1819 3626 ﬁdem
1853 3588 1961 3625 non
2025 3577 2322 3632 servasset,

756 3687 861 3724 non
901 3668 1057 3722 facile
1087 3668 1190 3722 sibi
1223 3666 1432 3720 fidelem
1470 3666 1606 3718 fore.

827 3762 999 3815 Annis
1030 3760 1095 3814 10
1125 3771 1176 3813 et
1207 3759 1263 3812 Η
1305 3772 1525 3811 rursum
1559 3754 1824 3810 Saraceni
1877 3755 1932 3808 in
1986 3753 2324 3808 Pbmniciam

754 3863 806 3908 ct
838 3852 1073 3921 Syriam,
1099 3863 1151 3905 et
1179 3850 1400 3919 Bulgari
1435 3849 1490 3902 in
1521 3847 1792 3916 Illyricum
1838 3859 1892 3902 et
1919 3845 2210 3901 Thraciam
2243 3845 2326 3898 in-

758 3945 1046 3999 cursiones
1077 3943 1343 3997 fecerunt.

827 4036 986 4090 Anno
1028 4034 1095 4087 12
1120 4032 1444 4088 Anastasius
1479 4045 1604 4085 cum
1639 4029 1839 4085 Aretha
1884 4043 2072 4098 pacem
2105 4043 2330 4098 compo-

759 4130 874 4194 nit;
909 4136 1072 4196 atque
1098 4125 1296 4180 exinde
1328 4125 1382 4178 in
1410 4132 1522 4177 tota
1537 4121 1850 4186 Palaestina,
1871 4120 2070 4175 Arabia
2092 4129 2144 4174 et
2166 4119 2330 4174 Phce-

760 4219 904 4274 nicia
936 4219 1042 4270 alta
1077 4231 1181 4286 pax
1218 4229 1280 4268 ac
1322 4213 1688 4282 tranquillitas
1721 4211 1843 4265 fuit.
1877 4210 2012 4264 Cum
2044 4209 2330 4264 Neocaesa-

758 4325 866 4365 reae
897 4308 1208 4363 immineret
1237 4315 1398 4360 terra:
1430 4313 1634 4368 motus,
1668 4304 1825 4358 miles
1856 4303 2078 4372 quidam
2113 4303 2214 4356 iter
2245 4301 2329 4354 fa-

762 4402 917 4455 ciens
947 4400 1087 4451 duos
1111 4405 1303 4451 contra
1337 4411 1395 4449 se
1427 4395 1506 4448 ire
1551 4395 1755 4448 milites
1797 4392 1956 4456 vidit,
1986 4392 2262 4461 aliumque
2298 4405 2328 4444 a

2423 3221 2451 3271 6
2477 3221 2684 3287 Ἀφρος
2707 3218 2952 3272 διάκονον
2985 3218 3122 3288 ἔχων
3142 3218 3442 3288 ὀρθὸδοξον,
3473 3219 3612 3270 πάνυ
3633 3219 4005 3288 άγαπώμενεν

2425 3311 2516 3365 ὑπ’
2541 3309 2726 3377 αὑτοῦ,
2759 3307 3130 3380 μεταθέμενον
3161 3307 3216 3361 δὲ
3249 3310 3328 3371 είς
3361 3309 3715 3378 ἀρειανισμδν
3765 3309 4000 3378 χαριζοῦ-

2428 3421 2587 3474 μενον
2638 3403 2948 3472 Θευδερίχῳ
2987 3401 3372 3471 ἀρειανίξοντι,
3411 3403 3651 3471 ἀπέτεμε
3706 3401 3872 3468 ξίφει,
3927 3403 4008 3452 εἰ-

2427 3496 2564 3548 πών’
2599 3495 2659 3546 Εἰ
2697 3494 2775 3565 τῷ
2805 3493 2923 3563 Θεῷ
2947 3493 3042 3562 τὴν
3074 3493 3256 3545 πίστιν
3284 3493 3382 3545 οὐκ
3413 3492 3707 3562 ἐφύλαξας,
3741 3493 3863 3560 ἐμοὶ
3888 3492 4007 3554 πῶς

2425 3585 2679 3656 φυλάξεις
2699 3603 2714 3651 ;

2496 3764 2586 3834 Τῷ
2617 3765 2646 3816 ι’
2685 3765 2781 3818 καὶ
2817 3764 2883 3817 ια’
2909 3765 3018 3817 ἔτει
3046 3764 3233 3831 γέγονε
3287 3763 3448 3815 πάλιν
3489 3760 3822 3832 Σαρακηνῶν
3876 3761 4008 3812 ἐπι-

2425 3856 2601 3926 δρομὴ
2635 3856 2690 3907 έν
2727 3872 2785 3907 τε
2824 3856 3045 3925 Φοινίκῃ
3076 3855 3170 3908 καὶ
3215 3855 3402 3924 Συρίᾳ,
3459 3855 3553 3906 καὶ
3601 3853 3652 3904 oi
3701 3850 4008 3920 Βοῦλγαροι

2426 3948 2504 4018 τῷ
2545 3947 2823 4018 Ἰλλυρικῷ
2857 3948 2949 3999 καὶ
2985 3949 3051 4016 τῇ
3089 3946 3279 4018 Θράκῃ
3312 3945 3676 4014 ἐπιτρέχουσι.

2499 4038 2590 4108 Τῷ
2636 4039 2700 4107 ιβ’
2743 4038 2852 4090 ἔτει
2888 4037 3174 4090 σπένδεται
3223 4035 3358 4106 πρὸς
3427 4033 3654 4105 Ἀρέθαν
3689 4032 3800 4105 (98)
3841 4033 4005 4086 ’Δνα-

2431 4131 2669 4194 στάσιος,
2699 4129 2792 4180 καὶ
2841 4127 3028 4180 λοιπον
3067 4127 3218 4178 πᾶσα
3247 4127 3280 4193 ὴ
3315 4123 3645 4191 Παλαιστίνη
3696 4122 3791 4175 καὶ
3833 4123 4007 4190 Ἀρα-

2429 4221 2520 4275 ϐία
2560 4219 2654 4273 καὶ
2685 4217 2905 4286 Φοινίκη
2937 4217 3138 4285 πολλῆς
3179 4215 3422 4285 γαλήνης
3451 4215 3544 4268 καὶ
3581 4214 3803 4284 εἰρήνης
3852 4215 4008 4281 ἀπή-

2429 4313 2611 4365 λαυον.
2677 4311 2766 4363 Ἐν
2822 4308 3227 4378 Νεοκαισαρεία
3286 4307 3344 4360 δέ
3407 4305 3692 4376 μέλλοντος
3750 4304 4008 4372 γίνεσθαι

2433 4401 2660 4472 σεισμοῦ
2686 4400 3025 4470 στρατιώτης
3052 4400 3253 4453 ὁδεύων
3280 4395 3387 4451 εἶδε
3419 4398 3513 4451 δῦο
3545 4397 3885 4466 στρατιώτας
3917 4398 4008 4448 ἐπ’

764 4501 916 4561 tergo
951 4490 1274 4544 clamantem
1307 4505 1318 4539 :
1349 4485 1633 4541 Abstinete
1675 4483 1838 4538 domo
1860 4485 1915 4538 in
1945 4497 2053 4553 qua
2085 4492 2168 4538 est
2197 4497 2325 4537 arca
2358 4480 2402 4536 D

2358 4480 2402 4536 D
2429 4495 2592 4550 αὐτὸν
2625 4496 2822 4557 ἰόντας,
2855 4496 2949 4545 καὶ
2968 4491 3193 4544 ὄπισθεν
3224 4491 3381 4544 ἄλλον
3407 4489 3704 4558 κράξαντα·
3723 4489 4006 4554 Φυλάξατε

763 4582 1034 4652 Qtegorii.
1083 4579 1160 4634 Eo
1190 4589 1351 4634 terra:
1405 4586 1558 4632 motu
1606 4590 1732 4630 cunt
1783 4575 1958 4644 major
2002 4575 2155 4629 urbis
2203 4589 2331 4644 pars

763 4681 910 4727 esset
969 4679 1266 4740 prcstrata,
1314 4667 1458 4723 aedes
1493 4665 1682 4722 Sancti
1711 4663 1982 4735 ,θυρεοῖῙὶ
2040 4665 2332 4721 incolumis

767 4764 986 4818 mansit.

839 4856 998 4909 Anno
1029 4855 1096 4908 15
1123 4851 1370 4908 Cabades
1418 4851 1712 4907 Persarum
1749 4865 1864 4924 rex,
1921 4848 2068 4905 facta
2103 4851 2334 4920 expedi-

770 4948 935 5010 tione,
968 4945 1162 4999 Amida
1196 4946 1394 5000 urbem
1426 4951 1726 5013 oppugnat.

2425 4587 2517 4638 τὸν
2539 4581 2685 4638 οἷκον
2716 4586 2774 4636 ἐν
2806 4577 2850 4652 ᾧ
2875 4585 2908 4653 ἠ
2928 4582 3070 4652 eam
3103 4581 3406 4652 Γρηγορίου
3434 4580 3569 4634 ἐστί.
3620 4578 3921 4649 Γενομένου
3949 4579 4012 4631 δὶ

2427 4676 2523 4729 τοῦ
2549 4673 2776 4745 σεισμοῦ
2813 4675 2871 4727 τδ
2901 4673 3159 4726 πλεῖστον
3190 4673 3355 4742 μέρος
3388 4672 3486 4740 τῆς
3517 4670 3728 4732 πόλεως
3758 4668 4010 4738 moon,

2434 4768 2574 4838 πλὴν
2600 4765 2694 4819 τοῦ
2735 4765 2863 4818 ναοῦ
2889 4765 2985 4818 τοῦ
3019 4764 3175 4834 ἁγίου
3209 4765 3246 4816 Γ
3251 4764 3532 4835 ρηγορίου.

2503 4851 2594 4927 Tt}?
2619 4856 3059 4927 τρισκαιδεκάτῳ
3089 4856 3200 4908 ἔτει
3229 4855 3488 4924 Καϐάδης
3516 4856 3544 4906 6
3592 4853 3815 4924 Περσῶν
3855 4851 4016 4920 βασι·

2436 4949 2561 5010 λεὺς
2599 4946 3005 5018 ἐκστρατεύσας
3033 4945 3238 5015 Ἀμιδα
3265 4945 3363 5015 τὴν
3401 4945 3557 4998 πόλιν
3589 4944 3794 5014 πορθεῖ.

1915 5149 2271 5204 XYLANDRI
2309 5149 2396 5204 ET
2431 5150 2640 5206 GOARI
2675 5150 2903 5208 ΝΟΤᾸΞ.

851 5290 960 5362 (96)
993 5287 1190 5344 Folles.
1210 5290 1421 5362 _Hujus
1451 5298 1701 5362 antenctae
1721 5293 2141 5362 “meminerunt!
2172 5292 2334 5346 etiam

775 5357 866 5415 alii
896 5357 1166 5420 auctores,
1207 5357 1403 5413 Suidas
1432 5359 1588 5414 docet
1661 5359 1840 5414 follem
1911 5375 2032 5416 esse
2092 5360 2335 5416 obolmn.

776 5434 916 5484 ιιι-ιιι
952 5438 1186 5484 testatur
1238 5429 1581 5483 Timotheum
1617 5429 1867 5484 Gazteum
1923 5433 2336 5497 grammaticum

776 5502 933 5554 istius
961 5501 1146 5553 tributi
1173 5514 1334 5552 causa
1362 5501 1413 5551 in
1472 5501 1816 5570 Anastasiurn
1864 5501 2105 5570 edidisse
2130 5509 2342 5570 μαθω-

776 5572 944 5634 ιιιιιιιι,
981 5572 1033 5621 in
1064 5570 1350 5639 Τιμόθεος.
1384 5570 1516 5622 Χνι.
1555 5598 1624 5608 -
1661 5567 1817 5639 [Vide
1863 5567 2082 5622 Fabroti
2117 5567 2340 5625 Glossa-

779 5655 917 5692 rium
951 5638 1137 5758 infra}

853 5709 961 5758 (97)
992 5705 1137 5758 Scut.

873 5709 961 5762 97)
992 5705 1197 5776 Scytha:
1251 5708 1444 5774 legitur
1497 5708 1639 5775 apud
1688 5707 1997 5776 livagriutn.
2035 5727 2114 5773 ιιι,
2165 5712 2252 5771 35.
2285 5719 2340 5765 et

784 5777 836 5829 in
860 5777 1071 5845 Ecloais
1112 5779 1147 5830 Ι.
1183 5793 1219 5831 ιι
1250 5779 1515 5833 Theodori
1562 5788 1894 5848 attnguOstze.
1931 5778 2003 5831 Lo
2027 5785 2193 5851 luitur
2239 5797 2323 5836 au-

2441 5300 2550 5346 tem
2578 5291 2900 5362 chongino
2925 5289 3164 5362 Zenonis
3182 5287 3372 5362 fratre,
3395 5286 3625 5362 ejusque
3650 5285 3800 5339 socio
3824 5283 4015 5342 Theo-

2441 5362 2598 5424 doro,
2630 5363 2722 5431 qui
2757 5359 2956 5416 Isauris
2978 5359 3666 5431 concitatis_rebellaliant;
3693 5369 4014 5431 quanquam

2443 5424 2686 5552 Ξυνιωτςξ
2710 5430 3012 5502 Longinum
3039 5433 3184 5483 hunc
3205 5447 3232 5482 a
3263 5427 3500 5483 Zenonis
3534 5424 3702 5478 fratre
3727 5425 4011 5481 diversum

2467 5513 2593 5552 aett.
2687 5517 2770 5552 γι.

2444 5504 2593 5555 facit.
2636 5504 2770 5554 Χγι..

2517 5571 2628 5640 (98)
2667 5571 3106 5640 Arethamiputo
3161 5568 3354 5621 ducem
3378 5566 3686 5640 _Persicu_n_t
3733 5564 3862 5640 dici,
3911 5568 4012 5635 qui

2446 5635 2753 5711 Nicephoro
2783 5649 2866 5694 est
2918 5635 3479 5711 Zurethos,_xv1,_35._
3517 5635 3708 5711 Aulida
3742 5638 3870 5711 urbs
3918 5649 4014 5711 est

2447 5703 2870 5778 Mesopotamia}.
2915 5709 2988 5764 De
3027 5708 3173 5765 bello
3204 5708 3307 5762 hoc
3330 5703 3551 5760 Persico
3586 5703 3880 5774 Procopius
3918 5706 3958 5759 ι.
3995 5724 4010 5758 ι

2445 5782 2682 5850 copiose.
2727 5778 2858 5836 XrL.
