4214 6450
723 352 825 420 691

2014 374 2337 437 GEORGII
2372 376 2711 443 CEDRENI

3860 395 3970 458 69?.

724 478 918 526 terres.
953 469 1098 529 Satis
1133 472 1231 531 tibi
1254 474 1325 533 sit
1345 476 1648 549 dignitatis,
1677 482 1824 554 quod
1858 485 2159 553 imperator
2185 503 2281 545 es:
2311 492 2332 551 1

2387 490 2493 545 τῶν
2523 495 2835 563 ἐκκλησιῶν
2870 500 3178 568 προστάτας
3219 500 3297 571 μὴ
3347 502 3542 566 κόλαζε
3597 502 3652 554 ’0
3687 503 3744 556 δὲ
3794 521 3967 576 κατῃ-

720 561 996 618 antistites
1034 563 1291 622 Ecclesize
1343 584 1541 627 vexare
1573 574 1708 628 noli.
1745 575 1827 631 Ad
1857 577 1971 633 haec
1998 577 2294 649 imperator

721 652 928 716 pudore
944 654 1188 713 suﬁusus
1215 659 1505 719 obmutuit.
1544 664 1927 736 Pauperrimus
1956 680 2135 726 autem
2167 688 2292 729 cum

717 753 866 800 esset
895 747 985 801 ille
1030 749 1349 823 episcopus,
1387 770 1455 810 ne
1489 757 1710 814 obolum
1744 762 1967 831 quidem
2005 765 2075 818 ab
2115 765 2287 836 impe-

717 842 900 890 ratore
932 838 1103 893 voluit
1130 843 1379 912 accipere
1412 864 1426 900 :
1457 847 1593 902 adeo
1622 849 1759 905 liber
1797 860 1915 906 erat
1950 863 2002 908 et
2031 854 2200 910 solius
2234 857 2287 911 in

715 925 885 982 Deum
925 929 1048 987 ﬁdei
1078 949 1138 987 ac
1162 936 1380 1004 pietatis
1410 940 1674 997 rationem
1705 942 1930 1000 habens.

784 1017 1038 1074 Castrum
1074 1033 1160 1079 est
1196 1027 1248 1080 in
1285 1027 1579 1085 Persarum
1632 1044 1795 1104 atque
1828 1035 2082 1091 Indorum
2117 1038 2288 1093 conii-

714 1110 822 1170 nio.
856 1114 1075 1170 nomine
1123 1115 1429 1186 'l‘zudader,
1486 1125 1539 1177 in
1592 1139 1701 1193 quo
1729 1127 1957 1181 multum
2011 1130 2279 1199 pecuniae,

712 1207 1129 1274 margaritarum
1176 1221 1229 1265 et
1285 1210 1526 1282 lapidum
1589 1219 1956 1284 pretiosorum
1983 1222 2281 1290 repositum

709 1307 740 1347 a
758 1293 1094 1355 dazmonibus
1115 1303 1522 1361 asservabatur.
1548 1305 1814 1371 Cabades,
1833 1325 1896 1364 ea
1919 1325 1979 1365 re
2002 1322 2279 1382 percepta,

709 1396 952 1442 castrum
993 1403 1266 1462 occupare
1290 1404 1371 1449 est
1404 1397 1661 1461 annixus,
1687 1414 1922 1471 cumque
1949 1402 1997 1457 ei
2026 1414 2055 1457 a
2083 1403 2283 1457 daemo-

707 1478 870 1533 nibus
923 1481 1308 1552 absisteretur,
1338 1488 1599 1545 omnibus
1634 1499 1691 1545 et
1734 1491 2014 1565 Magorum
2066 1505 2119 1550 et
2154 1510 2280 1550 mox

702 1567 1016 1628 Judaaorum
1060 1580 1284 1632 tentatis
1333 1579 1546 1635 artibus
1614 1584 1789 1653 impos
1838 1586 2102 1655 propositi
2155 1588 2275 1642 fuit.

708 1660 849 1734 Ergo
898 1681 1020 1721 cum
1065 1669 1116 1722 ei
1174 1684 1496 1739 persuasum
1537 1685 1681 1730 esset
1737 1677 2178 1735 Christianorum
2213 1681 2279 1736 ad

706 1750 875 1807 Deum
931 1757 1187 1826 precibus
1242 1777 1307 1816 eo
1353 1778 1412 1817 se
1461 1765 1622 1831 potiri
1675 1766 1837 1838 635
1879 1785 2060 1839 posse.
2108 1774 2210 1828 hoc
2247 1788 2276 1827 a

2398 585 2601 655 σχύνθη
2628 589 2720 640 καὶ
2774 588 2989 657 ἔμεινεν
3021 592 3253 659 ἄφωνος.
3309 592 3366 645 Ὀ
3404 593 3460 645 δέ
3518 610 3581 661 γε
3633 597 3798 663 σοφὸς
3847 596 3964 647 ἐπί·

2396 692 2598 738 σκοπος
2627 679 2957 743 πενέστατος
2981 678 3057 733 ῶν
3094 681 3193 734 οὐκ
3216 682 3447 753 ἠθέλησε
3474 684 3628 753 παρὰ
3682 683 3775 737 τοῦ
3809 685 3967 754 βασι-

2392 764 2526 829 λέως
2563 766 2746 820 λαϐεῖν
2772 769 2877 831 ἓως
2904 769 3094 823 ὀϐολοῦ
3122 788 3135 802 ·
3177 771 3354 835 οὕτως
3402 769 3471 839 ἦν
3527 774 3813 844 ἐλεύθερος
3871 776 3968 829 καὶ

2394 857 2561 924 μόνης
2588 856 2687 925 τῆς
2732 859 2811 922 εἰς
2843 859 2976 913 Θεὸν
3043 861 3278 924 πίστεως
3309 863 3401 914 καὶ
3456 863 3741 928 εὐσεϐείας
3800 880 3965 935 περι-

2390 948 2736 1018 ποιούμενος.

2457 1039 2542 1111 [Ρ.
2599 1040 2726 1113 562]
2780 1043 2999 1107 Μεταξὺ
3060 1044 3235 1099 Ἰνδῶν
3287 1047 3380 1100 καὶ
3439 1048 3662 1118 Περσῖλν
3723 1048 3965 1119 κάστρον

2385 1130 2539 1184 ἐστὶν
2562 1131 2964 1204 ὀνομαζόμενον
2982 1135 3309 1209 Τζουδάδερ,
3342 1139 3401 1191 ἐν
3500 1139 3671 1193 πολλά
3702 1142 3964 1210 χρήματα

2385 1223 2477 1275 καὶ
2503 1226 2841 1295 μαργαρῖται
2868 1226 2962 1279 καὶ
2976 1226 3114 1281 λίθοι
3143 1228 3317 1298 τίμιοι
3337 1230 3689 1299 ἀποκείμενοι
3710 1227 3964 1302 ἦσανκαὶ

2384 1315 2487 1367 im“.
2519 1317 2791 1386 δαιμόνων
2823 1317 3212 1385 ἐφυλάττοντο.
3249 1319 3422 1375 Τοῦτο
3476 1323 3737 1393 Καϐάδης
3769 1323 3962 1389 μαθὼν

2382 1408 2566 1477 ἐζήτει
2592 1410 2795 1461 λαϐεῖν.
2857 1412 2969 1463 Καὶ
3006 1412 3111 1466 ὑπὸ
3152 1411 3260 1466 τῶν
3305 1414 3576 1485 δαιμόνων
3615 1416 3961 1485 κωλυόμενος

2381 1504 2522 1553 κινεί
2550 1501 2646 1571 τὴν
2674 1502 2781 1555 τῶν
2811 1503 2941 1573 παρ’
2982 1502 3149 1558 αὐτοῦ
3192 1506 3386 1577 μάγων
3438 1508 3620 1577 πᾶσαν
3687 1507 3958 1571 ἐπίνοιαν,

2380 1593 2571 1646 ἔπειτα
2606 1597 2697 1648 καὶ
2725 1594 2834 1648 τῶν
2876 1595 3168 1661 Ἰουδαίων,
3201 1598 3297 1651 καὶ
3340 1597 3434 1652 τοῦ
3476 1598 3677 1653 σκοποῦ
3710 1603 3958 1669 ἀποτυγ-

2381 1684 2552 1752 χάνει.
2597 1685 2849 1747 Πεισθεὶς
2879 1685 2937 1739 δὲ
2963 1686 3053 1739 διὰ
3078 1686 3179 1756 τῆς
3207 1687 3343 1760 πρὸς
3373 1687 3465 1741 τὸν
3494 1688 3628 1743 Θεὸν
3652 1691 3816 1759 εὐχῆς
3847 1691 3959 1743 τῶν

2382 1775 2722 1845 Χριστιανῶν
2748 1778 2939 1832 τούτου
2968 1779 3281 1847 κυριεῦσαι,
3310 1779 3612 1835 ἐπίσκοπόν
3653 1800 3773 1836 τινα
3820 1783 3962 1851 Χρι-

701 1845 940 1944 quodam
984 1849 1241 1921 epise0po
1274 1852 1716 1910 Christianorum
1749 1860 1802 1912 in
1860 1838 2083 1917 Perside
2111 1877 2276 1933 agen-
2307 1838 2332 1893 Ῑ

2382 1838 2595 1919 στιανὸν
2627 1870 2734 1921 ἀπὸ
2765 1870 2874 1922 τῶν
2902 1872 2959 1923 ὲν
2986 1838 3208 1941 Περσίδι
3240 1838 3369 1940 περὶ
3406 1870 3599 1926 τούτου
3646 1838 3959 1944 παρεκάλε-

701 1933 837 1987 tium
872 1938 1173 1996 contendit.
1206 1942 1256 1998 is
1304 1946 1498 2014 synaxi
1529 1956 1740 2015 coacta,
1771 1964 1896 2005 cum
1929 1952 2133 2009 divinis
2161 1970 2276 2026 my-

700 2023 886 2080 steriis
911 2030 1396 2098 communicasset,
1432 2035 1497 2088 ad
1534 2037 1712 2090 locum
1762 2039 2031 2094 accedens
2072 2023 2274 2095 daemo-

701 2130 802 2169 nas
836 2117 907 2169 ibi
943 2129 1219 2177 morantes
1241 2124 1438 2193 exegit,
1474 2137 1828 2198 castrumque
1865 2130 2097 2186 Cabadte
2120 2134 2272 2187 nullo

703 2205 888 2260 labore
938 2210 1319 2279 occupandum
1355 2214 1607 2272 tradidit.
1648 2217 1767 2284 Quo
1798 2219 2065 2275 miraculo
2092 2221 2263 2277 Caba-

698 2298 795 2351 des
835 2300 1103 2356 attonitus
1126 2303 1364 2368 primum
1399 2306 1454 2360 in
1486 2322 1754 2364 concessu
1787 2311 1965 2365 locum
2012 2312 2268 2384 episcopo

701 2390 910 2455 tribuit,
947 2408 1107 2459 quem
1154 2396 1419 2453 hactenus
1455 2397 1737 2455 Maniclta‘i
1764 2409 1819 2457 et
1856 2401 2024 2459 Judaei
2071 2412 2268 2460 tenue-

698 2492 861 2537 rant:
896 2486 1121 2543 liberam
1174 2504 1395 2562 quoque
1429 2502 1754 2564 potestatem
1791 2493 1920 2551 fecit
1948 2496 2017 2552 iis
2048 2499 2142 2568 qui
2175 2499 2268 2553 ba-

695 2576 887 2644 pt7zari
923 2580 1144 2634 vellent.

763 2670 1089 2728 Anastasius
1138 2689 1265 2729 vero
1321 2675 1482 2744 paulo
1534 2688 1659 2733 ante
1708 2696 1871 2751 quam
1935 2688 2261 2747 moreretur,

692 2759 887 2815 delatis
919 2762 984 2816 ad
1015 2763 1192 2831 ipsum
1228 2766 1549 2823 insidiarum
1580 2772 1685 2826 sibi
1719 2771 1990 2828 factarum
2045 2776 2263 2835 indiciis

695 2852 893 2907 multos
927 2854 1128 2924 corripi
1158 2864 1322 2927 atque
1367 2859 1596 2915 interﬁci
1620 2862 1809 2932 jussit.
1850 2864 1905 2918 In
1936 2869 2114 2937 captis
2136 2868 2259 2925 fue-

693 2953 821 2999 runt
859 2946 1024 3001 etiam
1066 2946 1315 3006 Justinus
1343 2961 1397 3007 et
1428 2949 1797 3011 Justinianus.
1827 2956 1977 3023 Quos
1998 2973 2125 3013 cum
2162 2975 2261 3015 ne-

690 3049 818 3092 care
845 3039 1146 3107 statuisset,
1174 3042 1438 3100 terribilis
1472 3046 1693 3116 quidam
1711 3048 1760 3103 ei
1796 3048 1851 3103 in
1883 3051 2092 3105 somnis
2123 3051 2259 3109 asti-

690 3129 778 3194 tit,
806 3128 880 3186 ita
905 3131 1094 3188 dicens
1129 3152 1142 3187 :
1175 3133 1293 3190 Tibi
1328 3137 1566 3206 quidem,
1602 3154 1636 3193 ο
1676 3140 1994 3210 imperator,
2026 3144 2258 3213 permis-
2289 3173 2332 3232 ϐ

689 3237 809 3276 sum
867 3232 951 3279 est
1002 3226 1245 3295 reliquos
1307 3229 1658 3286 insidiatores
1714 3233 1999 3289 tollereza
2043 3233 2261 3291 Iustino

689 3320 868 3367 autem
904 3322 958 3367 et
990 3313 1303 3372 Justiniano
1327 3319 1651 3375 maleﬁcium
1677 3337 1838 3378 omne
1867 3326 2102 3380 abstine.
2129 3326 2261 3380 Nam

688 3418 793 3456 non
853 3403 1038 3460 lic-obit
1081 3415 1134 3463 te
1192 3409 1295 3473 eis,
1332 3419 1611 3482 utcunque
1664 3415 1819 3481 velis,
1867 3418 2010 3472 male
2058 3417 2260 3475 facere.

687 3494 933 3564 Cumque
963 3496 1287 3555 Anastasius
1320 3501 1524 3558 diceret
1553 3519 1648 3561 eos
1673 3520 1793 3561 reos
1821 3522 1944 3564 esse
1990 3508 2128 3564 laesa:
2164 3510 2264 3564 im-

689 3586 977 3652 peratoriae
1008 3589 1333 3657 majestatis,
1369 3596 1653 3664 respondit
1697 3599 1784 3653 ille
1842 3615 1965 3656 esse
2002 3615 2097 3656 eos
2131 3617 2260 3656 vasa

688 3678 919 3732 consilio
979 3681 1336 3748 providentiae
1378 3684 1574 3741 divinae
1633 3690 1980 3758 exsequendo
2032 3700 2178 3761 apta,
2208 3705 2262 3747 et

691 3775 980 3837 utrumque
1028 3787 1129 3827 suo
1181 3781 1425 3845 tempore
1476 3776 1585 3833 Deo
1625 3794 1847 3850 operam
1909 3794 2256 3837 navaturum.

687 3858 863 3927 Atque
894 3859 994 3916 lios
1025 3863 1245 3929 quidem
1278 3865 1419 3921 duos
1447 3868 1780 3926 Anastasius
1815 3871 2046 3926 crimine
2079 3872 2257 3927 absol-

690 3951 801 4002 vit:
835 3950 1167 4009 insomnium
1201 3973 1328 4012 vero
1378 3974 1480 4015 suo
1514 3972 1760 4032 tempore
1798 3962 1977 4018 exitus
2008 3979 2259 4034 compro-

689 4043 853 4099 bavit.
886 4044 1123 4115 Uterque
1151 4049 1295 4103 enim
1325 4065 1512 4105 eorum
1545 4061 1670 4122 post
1712 4055 1988 4111 Anastasii
2026 4067 2254 4111 mortem

685 4132 914 4202 imperio
939 4136 1157 4193 functus
1182 4144 1285 4193 est.

756 4224 912 4279 Anno
938 4227 1006 4280 27
1040 4232 1292 4298 apparuit
1326 4233 1616 4289 Anastasio
1663 4253 1757 4302 per
1810 4239 2141 4295 insomnium
2175 4245 2255 4297 \ir

684 4318 967 4382 terribilis,
995 4321 1240 4375 codicem
1264 4334 1521 4393 gestans;
1554 4342 1716 4396 quem
1760 4329 1807 4385 is
1837 4346 1960 4384 cum
1994 4334 2252 4402 aperuis-

683 4415 763 4459 set
793 4415 846 4460 ct
874 4404 1069 4463 nomen
1111 4410 1463 4480 imperatoris
1516 4414 1569 4466 in
1614 4429 1679 4469 eo
1729 4417 2052 4482 invenisset,
2089 4418 2254 4489 636

2379 1972 2488 2019 σεν,
2514 1956 2571 2020 ὃς
2602 1958 2822 2023 σῦναξιν
2845 1960 3165 2023 ἐπιτελέσας
3187 1961 3283 2014 καὶ
3311 1961 3421 2013 τῶν
3451 1961 3613 2014 θείων
3638 1962 3957 2031 μυστηρίων

2378 2047 2722 2116 μεταλαϐὼν,
2752 2050 3071 2119 προσελθὼν
3088 2049 3165 2119 τῷ
3191 2048 3346 2122 τόπῳ
3379 2050 3507 2115 τοὺς
3531 2053 3710 2104 ἐκεῖσε
3763 2051 3849 2104 δαί
3858 2068 3957 2119 μο-

2375 2154 2471 2199 νας
2501 2137 2751 2205 ὲξεδίωξε
2783 2139 2879 2192 xui.
2930 2140 3008 2209 τῷ
3063 2140 3293 2211 Καϐάδῃ
3341 2139 3403 2192 τὸ
3459 2138 3695 2210 κάστρον
3736 2139 3952 2203 ἀπόνως

2371 2230 2709 2299 παρέδωκεν.
2739 2232 2830 2285 Ἐν
2856 2232 3028 2299 τούτῳ
3058 2232 3320 2303 Καϐάδης
3376 2233 3750 2300 καταπλαγεὶς
3801 2250 3955 2304 πρωο

2370 2321 2697 2393 τοκαθεδρίᾳ
2720 2323 2811 2377 τὸν
2846 2326 3147 2378 ἐπίσκοπον
3178 2324 3462 2395 ἐτίμησεν,
3487 2325 3594 2388 ἕως
3615 2326 3738 2378 τότε
3768 2325 3951 2378 Μανι-

2370 2414 2539 2481 χαέων
2571 2415 2664 2467 καὶ
2731 2415 3003 2470 Ἰουδαίων
3050 2416 3562 2489 προκαθεζομένων,
3616 2417 3711 2471 καὶ
3763 2416 3951 2470 ἄδειαν

2368 2506 2607 2576 παρέσχε
2637 2508 2751 2569 τοῖς
2771 2505 3116 2577 βουλομένοις
3153 2506 3537 2578 βαπτίζεσθαι.

2435 2683 2548 2753 Πρδ
2569 2682 2763 2753 μικροῦ
2784 2683 2840 2736 δὲ
2858 2683 2957 2752 τῆς
2972 2683 3228 2752 τελευτῆς
3255 2682 3629 2747 Ἀναστασίου,
3651 2682 3946 2752 ἐπιϐουλῆς

2364 2775 2514 2844 αὐτῴ
2571 2773 2928 2844 μηνυθείσης,
2964 2774 3189 2844 συνέσχε
3218 2774 3446 2836 πολλοὺς
3471 2776 3566 2828 καὶ
3598 2775 3886 2828 ἀπώλεσεν
3924 2791 3940 2805 ·

2363 2867 2422 2919 ἐν
2463 2861 2542 2930 οἷς
2572 2868 2664 2920 καὶ
2686 2868 2971 2929 ’Ῑουστῖνος
2985 2862 3052 2938 ἦν
3075 2867 3169 2919 καὶ
3189 2868 3586 2927 Ἰουστινιανός.
3601 2868 3828 2921 Μέλλων
3849 2867 3949 2922 οῦν

2362 2960 2704 3027 ὲξαιρανίζειν
2729 2961 2854 3023 τοὺς
2881 2959 3100 3031 ἄνδρας,
3122 2960 3369 3031 παρέστη
3402 2958 3945 3028 αὖτῷτις“κατ’ὃναρ

2361 3053 2490 3122 (ροϐε
2500 3052 2589 3122 ρος
2605 3052 2801 3121 λέγων’
2824 3052 2962 3114 Τοὺς
2996 3051 3093 3122 μὲν
3112 3050 3335 3114 λοιποὺς
3354 3051 3464 3105 τῶν
3488 3052 3596 3104 σῶν
3612 3050 3942 3113 ἐπιϐούλων,

2365 3139 2408 3198 ὦ
2432 3144 2670 3215 βασιλεῦ,
2690 3145 3039 3214 συνεχωρήθη
3065 3159 3146 3196 σοι
3171 3143 3454 3211 ἀφανίσαι,
3479 3145 3764 3197 Ἰουστίνον
3779 3143 3834 3195 δὲ
3850 3141 3945 3196 καὶ

2367 3236 2745 3290 Ἰουστινιανὸν
2780 3235 3045 3306 μηδαμῶς
3072 3235 3338 3308 ἀδικήσῃς
3373 3253 3385 3266 ’
3448 3235 3568 3287 οὖξὲ
3622 3234 3732 3305 γὰρ
3772 3234 3946 3287 θέλων

2366 3329 2589 3398 δυνήσῃ.
2619 3327 2725 3380 Τοῦ
2754 3327 2808 3379 δὲ
2841 3329 3113 3397 φήσαντος
3145 3328 3223 3380 ὅτι
3261 3327 3587 3380 καθοσιώσει
3615 3328 3755 3379 εἰσὶν
3804 3328 3942 3379 ὑπο-

2370 3421 2698 3492 ϐεϐλημένοι
2730 3420 3002 3490 βασιλικῇ,
3038 3422 3141 3490 ἔφη
3182 3420 3318 3490 πρὸς
3368 3419 3553 3473 αὐτόν’
3605 3419 3782 3489 Σκειίη
3833 3420 3944 3470 εἰσὶ

2363 3515 2646 3584 χωρητικά
2667 3514 2763 3582 τῆς
2791 3513 2884 3566 τοῦ
2911 3513 3046 3566 Θεοῦ
3073 3511 3268 3581 βουλῆς
3288 3529 3348 3565 τε
3383 3513 3477 3565 καὶ
3526 3512 3802 3580 προνοίας,
3846 3512 3940 3563 καὶ

2367 3605 2652 3675 μέλλουσιν
2678 3606 3024 3674 ὑπουργῆσαι
3045 3604 3121 3673 τῷ
3147 3606 3267 3674 Θεῷ
3292 3604 3522 3666 ἕκαστος
3546 3604 3605 3655 ὲν
3641 3604 3753 3666 τοῖς
3809 3619 3938 3655 1.2.:-

2364 3700 2477 3768 ροῖς
2502 3697 2700 3750 αὐτῶν.
2732 3698 2836 3749 Καὶ
2869 3696 2932 3766 δὴ
2964 3697 3176 3765 ἀφῆκεν
3208 3696 3398 3759 αὐτοῖς
3422 3695 3756 3766 ἀμφοτέροις
3780 3694 3941 3747 Ἄνα-

2364 3791 2584 3851 στάσιος
2627 3789 2687 3842 τδ
2741 3788 2839 3855 τῆς
2895 3787 3278 3849 καθοσιώσεως
3323 3787 3596 3855 ἔγκλημα.
3639 3785 3842 3853 Συνέϐη
3883 3786 3939 3837 δὲ

2361 3881 2543 3936 πάντα
2567 3880 2817 3949 γενέσθαι
2843 3878 3023 3940 καθὼς
3050 3881 3077 3931 ὁ
3113 3878 3300 3947 φανεὶς
3339 3876 3722 3945 ἀπεφθέγξατο
3753 3892 3766 3905 ·
3797 3878 3944 3944 μετα

2360 3975 2471 4043 γὰρ
2500 3974 2601 4045 τὴν
2627 3971 2886 4043 τελευτὴν
2926 3972 3279 4024 Ἀναστασίου
3303 3972 3395 4023 καὶ
3443 3969 3741 4043 ἀμιροτεροι
3794 3970 3939 4021 κατα

2359 4064 2587 4136 καιροὺς
2621 4062 2802 4116 αὐτῶν
2836 4060 3218 4115 ἐϐασίλευσαν.

2426 4242 2515 4311 Τῷ
2544 4237 3115 4305 κζ’ἕτειἈναστάσιος
3143 4232 3281 4290 εἶδεν
3304 4237 3361 4289 ὲν
3389 4236 3625 4306 ὁράματι
3656 4234 3825 4303 ἄνδρα
3839 4251 3939 4303 φο-

2354 4335 2414 4389 ϐε
2422 4333 2512 4405 ρδν
2533 4329 2869 4402 βαστάζοντα
2895 4329 3123 4392 κώδικα,
3142 4329 3201 4382 ὃν
3221 4326 3557 4390 ἀναπτύξας,
3572 4324 3860 4395 καὶέὑρὼν
3874 4325 3937 4375 τ’,

2354 4426 2524 4494 ὖνομα
2552 4421 2716 4476 αὑτοῦ
2742 4408 2836 4474 τοῦ
2855 4419 3140 4489 βασιλέως,
3167 4414 3320 4471 εἶπεν
3346 4416 3515 4487 αὐτῷ·
3544 4417 3678 4470 Ἰδοὺ
3703 4416 3793 4468 διὰ
3823 4415 3890 4481 τὴ
3909 4438 3926 4458 ,ι

681 4498 757 4559 ait
783 4499 856 4551 illi
884 4515 898 4551 :
930 4498 1068 4555 Ecce
1097 4503 1167 4555 ob
1196 4504 1606 4571 perversitatem
1646 4506 1767 4562 ﬁdei
1790 4517 1895 4562 tua:
1924 4510 1991 4563 tle
2025 4511 2131 4563 vita
2157 4519 2246 4564 tua
2274 4532 2328 4593 D

2363 4514 2715 4570 κακοπιστίαν
2740 4528 2833 4564 σου
2867 4509 3154 4578 ἀπαλείφω
3173 4508 3666 4578 τεσσαρεσκαίδεκα
3697 4506 3812 4577 ἐτη,
3838 4508 3931 4559 καὶ

681 4606 856 4647 annos
906 4593 971 4646 l4
1022 4594 1197 4648 deleo.
1248 4593 1532 4666 Simulque
1576 4613 1671 4654 eos
1715 4602 1998 4670 expunxit.
2042 4600 2247 4657 Somno

680 4683 893 4750 solutus
926 4686 1248 4740 Anastasius
1282 4687 1617 4743 insomnium
1655 4691 1706 4744 id
1737 4694 1992 4745 Amantio
2038 4709 2249 4762 praepo-

678 4776 785 4828 sito
818 4776 884 4829 ad
930 4792 989 4830 se
1030 4786 1226 4831 vocato
1278 4781 1549 4848 exposuit.
1585 4784 1764 4852 Atque
1807 4782 2031 4854 iszEgo
2057 4787 2245 4850 etiam,

679 4865 876 4932 inquit,
931 4866 1263 4934 imaginatus
1302 4883 1443 4930 sum,
1504 4883 1625 4921 cmn
1681 4877 1917 4923 astarcm
1976 4870 2248 4940 majestati

678 4967 803 5020 tnze,
838 4958 1056 5013 venisse
1085 4974 1339 5029 magnum
1373 4974 1619 5029 porcutn,
1664 4963 1757 5030 qui
1796 4977 1882 5017 me
1909 4970 2060 5017 veste
2095 4978 2248 5018 arre-

680 5056 828 5109 ptum
873 5050 926 5102 iu
993 5058 1193 5104 terram
1261 5053 1619 5120 prOSIraverit
1679 5062 1841 5123 atque
1884 5054 2247 5109 devoraverit.

677 5141 884 5198 Deinde
931 5142 1160 5197 Proclus
1210 5142 1611 5198 insomniorum
1667 5145 1950 5214 coniector
2002 5146 2242 5214 advenit,

682 5234 1168 5304 pronuntiavitque
1202 5243 1495 5305 utrumque
1532 5237 1691 5305 paulo
1726 5248 1850 5307 post
1903 5240 2010 5292 vita
2051 5239 2249 5294 dt-l'un-

678 5338 919 5380 «turum.
948 5327 1052 5382 Sed
1073 5327 1416 5390 Anastasius,
1447 5345 1568 5382 cum
1606 5332 1830 5386 oraculo
1853 5331 2079 5387 edoctus
2107 5342 2250 5387 esset

678 5419 801 5487 igne
844 5420 947 5474 sibi
1003 5421 1341 5489 pereundum
1388 5421 1526 5484 fore,
1582 5424 1877 5478 cisternam
1932 5426 1984 5478 in
2049 5426 2250 5493 talatio

674 5527 798 5580 quae
823 5510 1038 5582 Frigida
1062 5512 1290 5579 dicitur,
1328 5515 1511 5569 multis
1550 5517 1817 5571 meatibus
1842 5518 2075 5587 aperuit,
2103 5533 2245 5587 quo-

676 5619 797 5658 rum
848 5604 1049 5671 cuique
1091 5603 1265 5661 cadus
1317 5606 1598 5673 appositus
1662 5618 1831 5669 esset,
1890 5623 2098 5663 conans
2148 5609 2249 5664 hoc

677 5705 837 5763 pacto
872 5696 1153 5751 oraculum
1183 5697 1402 5753 irritum
1439 5697 1683 5756 reddere.
1710 5700 1909 5755 Verum
1944 5700 1995 5753 id
2037 5700 2136 5755 abs
2186 5715 2248 5754 re

677 5786 778 5840 t‘uit
801 5808 810 5841 :
836 5787 1061 5844 fulmine
1086 5788 1233 5844 cnim
1257 5789 1525 5846 divinitus
1556 5800 1637 5845 cst
1657 5792 1815 5846 ictus.
1849 5791 2100 5846 Cadaver
2128 5790 2247 5859 ejus

2349 4605 2647 4677 ἀπήλειψεν
2666 4604 2822 4658 αὐτά.
2850 4600 3191 4665 Διυπνισθεὶς
3215 4600 3268 4654 δὲ
3280 4597 3714 4670 προσεκαλέσατο
3729 4598 3931 4666 Ἀμάν-

2349 4716 2463 4752 τιον
2486 4697 2576 4748 τδν
2608 4696 2987 4766 πραιπόσιτον,
3009 4693 3102 4747 καὶ
3132 4687 3282 4745 εἶπεν
3299 4690 3445 4760 αὖτῷ
3460 4690 3735 4761 τδὸραμα.
3775 4692 3835 4743 Ὀ
3868 4691 3928 4744 δὲ

2350 4785 2504 4843 εἶπεν
2524 4790 2602 4841 ξτι
2628 4784 2797 4855 Κάγὼ
2826 4785 3137 4855 ἐθεασάμην
3164 4786 3245 4838 ὅτι
3266 4782 3669 4855 παρισταμένου
3684 4782 3761 4852 τῷ
3789 4783 3929 4853 κρα-

2350 4898 2431 4934 τει
2463 4897 2558 4933 σου
2582 4881 2762 4948 χοῖρος
2800 4878 2972 4947 μέγας
2993 4874 3163 4929 ἐλθὼν
3190 4875 3282 4927 καὶ
3308 4874 3641 4944 δραξάμενζς
3675 4891 3773 4943 μου
3822 4873 3892 4942 τῆ
3898 4891 3926 4936 ς

2352 4972 2576 5042 χλαίνης
2617 4969 2922 5041 κατέρραξὲ
2968 4985 3035 5038 με
3063 4968 3141 5029 είς
3180 4966 3277 5037 τὴν
3337 4967 3441 5035 γῆν
3486 4966 3580 5019 καὶ
3626 4965 3923 5017 ἀνάλωσεν.

2365 5061 2641 5123 Ἐλθόντος
2661 5060 2718 5113 δὲ
2748 5058 2840 5111 τοῦ
2872 5056 3241 5127 ὁνειροκρίτου
3278 5055 3544 5123 Πρόκλου,
3577 5056 3812 5122 ἥκουσαν
3842 5055 3922 5105 Et:

2353 5154 2448 5208 καὶ
2472 5154 2774 5223 ἀμφότεροι
2817 5150 2934 5219 μετ’
2971 5149 3032 5201 οὐ
3087 5147 3220 5201 πολὺ
3273 5145 3599 5199 τελειοῦσθε.
3658 5146 3809 5199 Ἐπεὶ
3865 5146 3921 5196 ξε

2352 5245 2764 5314 κεχρημάτιστο
2795 5243 2882 5295 διὰ
2900 5241 3069 5309 πυρὸς
3102 5240 3266 5292 αὐτὸν
3287 5239 3386 5305 τὴν
3412 5237 3727 5307 ἀμείλικτον
3757 5236 3919 5288 αἰτοῦ
3974 5320 3979 5323 ι

2350 5336 2528 5405 ψυχὴν
2550 5332 2887 5404 ἀπορρῆξαι,
2931 5330 3028 5399 τὴν
3063 5332 3119 5382 ὲν
3176 5329 3256 5397 τῷ
3311 5327 3559 5397 παλατίῳ
3602 5328 3921 5393 κινστέρναν

2349 5430 2448 5493 τὴν
2487 5425 2785 5494 λεγομένην
2814 5422 3042 5492 Ψυχράν
3089 5423 3166 5484 εἰς
3206 5420 3375 5473 πολλὰ
3427 5422 3621 5488 στόμια
3651 5420 3921 5483 διανοίξας

2351 5521 2446 5571 καὶ
2475 5518 2700 5579 κάδδους
2731 5519 2788 5567 ὲν
2823 5516 3038 5584 ἑκάστῳ
3060 5513 3148 5586 [Ρ.
3171 5512 3320 5583 565]
3369 5515 3633 5582 παραθεὶς
3691 5512 3917 5565 ἔσπευδε

2350 5610 2448 5681 τὴν
2474 5607 2733 5676 τοιαύτην
2763 5607 2891 5675 περὶ
2939 5603 3105 5659 αὐτοῦ
3170 5605 3506 5672 προφητείαν
3556 5602 3724 5670 ψευδῆ
3784 5604 3917 5654 am.

2348 5700 2538 5765 δεῖξαι.
2577 5698 2718 5751 Ἀλλ’
2752 5695 3068 5764 ὲματαιῶθη
3086 5693 3172 5747 διὰ
3202 5692 3362 5761 κενῆς
3410 5694 3438 5744 ὁ
3491 5692 3715 5755 δείλαιος
3747 5703 3765 5719 ⁸
3824 5692 3917 5742 καὶ

2349 5791 2457 5861 γὰρ
2484 5790 2613 5861 θείῳ
2636 5786 2863 5859 σκηπτῷ
2884 5784 3248 5858 κεραυνωθεὶς
3290 5783 3651 5856 ἐμϐροντητῑς
3673 5783 3912 5849 γέγονεν.
