4214 6450
301 450 411 516 893

1382 438 1929 503 HISTORIARUM
1973 439 2494 502 COMPENDIUM.

3455 443 3558 508 69$

297 561 486 629 Ἐτέθη
505 561 556 613 δὲ
575 558 633 612 τδ
656 557 811 627 σῶμα
836 556 1004 610 αὐτοῦ
1026 558 1083 609 ὲν
1109 573 1186 626 τῳ
1209 558 1323 624 ναῷ
1351 557 1457 608 τῶν
1478 555 1675 621 Ἀγίων
1712 555 1873 608 Ἀπο-

1980 553 2030 605 ἱιι
2058 553 2183 605 l‘ano
2215 554 2589 621 apostolorum
2621 552 2935 623 depositum
2968 560 3073 617 est,
3101 552 3154 606 in
3187 553 3323 607 cista
3350 557 3562 626 Aquin-

299 652 522 715 στόλων,
553 655 611 704 ὲν
637 650 865 718 λάρνακι
893 648 1221 717 Ἀκυντιανῇ
1265 646 1364 715 (6),
1406 647 1545 716 μετὰ
1584 646 1869 716 Ἀριάδνης

297 748 397 812 τῆς
431 743 688 811 γυναικὸς
716 738 883 794 αὑτοῦ
913 738 1444 810 προτελευτησάσης.
1495 730 1662 800 Οὗτος
1715 737 1869 806 λέγε-

295 851 385 885 ται
415 831 615 885 καῦσαι
633 831 727 885 καὶ
756 831 825 882 τὰ
848 828 1028 899 βιϐλία
1058 827 1154 881 τοῦ
1182 826 1587 898 χρυσαργύρου.
1857 812 1863 817 ’

366 922 655 983 Ἰουστῖνος
687 922 716 973 ό
763 919 936 989 μέγας
987 917 1245 989 βασιλεὺς
1321 915 1609 986 Ῥωμαίων
1663 916 1758 986 ἐτη
1805 916 1870 971 θ’.

295 1008 465 1075 Οὗτος
496 1007 564 1083 ἦν
594 1010 825 1081 εύσεδὴς
856 1011 1021 1081 ἀνὴρ,
1053 1008 1370 1079 πρεσϐύτης
1400 1008 1494 1062 καὶ
1516 1008 1870 1077 πολύπειρος,

294 1105 408 1158 ἀπὸ
429 1101 779 1173 στρατιωτῶν
812 1101 1122 1171 ἀρξάμενος
1145 1100 1241 1154 καὶ
1284 1099 1387 1162 ἕως
1444 1098 1534 1168 τῆς
1566 1099 1873 1168 συγκλήτου

297 1190 606 1261 προκόψας,
641 1189 901 1260 Ἰλλυριὸς
938 1186 1017 1259 τῷ
1037 1189 1187 1254 γένει
1211 1200 1226 1216 ο
1260 1188 1311 1240 οἱ
1376 1185 1434 1239 δὲ
1463 1184 1659 1256 Θρᾷκα
1690 1186 1876 1239 τοῦτον

293 1286 547 1352 λέγουσιν
567 1280 732 1336 εἶναι.
759 1277 870 1337 Ἦν
896 1280 955 1334 δὲ
997 1280 1077 1351 τῷ
1124 1278 1338 1350 σώματι
1395 1278 1646 1350 μεσῆλιξ,
1712 1278 1878 1347 εὐρὺς

295 1378 423 1439 τοὺς
450 1374 636 1445 ὤμους
664 1375 758 1428 καὶ
792 1373 862 1427 τά
898 1372 1121 1441 στέρνα,
1148 1371 1366 1434 πολιός·
1417 1370 1643 1441 ιπήνθει
1688 1367 1745 1421 δὲ
1797 1369 1876 1439 τῷ

300 1466 578 1536 προσώπῳ
610 1464 778 1519 αὑτοῦ
803 1463 1024 1537 ἔρευθος
1088 1462 1336 1534 βλοσυρῷ
1377 1462 1490 1515 ὅντι
1512 1461 1603 1515 καὶ
1662 1461 1871 1514 πλατεῖ.

298 1553 471 1622 Οὗτος
493 1560 657 1611 πᾶσιν
688 1557 913 1628 ἄριστος
942 1555 1179 1625 ἐδείχθη,
1218 1555 1464 1622 ζηλωτὴς
1520 1555 1619 1623 τῆς
1663 1551 1877 1623 όρθοδό-

296 1652 389 1712 ξου
429 1651 664 1712 πίστεως
690 1650 784 1703 καὶ
816 1652 874 1703 ἑν
908 1652 1019 1711 τοῖς
1055 1648 1316 1718 πολέμοις
1367 1646 1623 1716 μεγάλως
1658 1645 1876 1699 εύδοκι-

299 1743 441 1810 μῶν.
476 1741 713 1812 Σύμϐιον
736 1741 794 1794 δὲ
823 1739 965 1809 ἔχων
1001 1739 1348 1793 Λουππικίαν
1378 1737 1603 1807 ἔστεψεν
1636 1737 1713 1808 (7)
1763 1737 1872 1789 Αὐ-

294 1834 555 1901 γοῦσταν,
588 1832 656 1901 ἢν
704 1832 752 1884 οἱ
796 1829 958 1899 δῆμοι
991 1830 1072 1899 (8)
1102 1828 1559 1899 ἐστεφανωμένην
1586 1827 1876 1896 Εὐφημεαν

1975 646 2143 711 tiana,
2161 644 2314 714 juxta
2339 646 2588 699 Ariadna:
2620 646 2809 700 uxoris
2834 661 3055 715 corpus,
3082 660 3202 716 qua:
3227 655 3351 700 ante
3382 648 3558 716 ipsum

1972 738 2163 793 evivis
2205 747 2531 793 excesserat.
2599 739 2649 794 ls
2692 739 3017 796 Anastasius
3077 740 3251 795 fertur
3305 738 3558 810 chrysar-

1972 830 2090 900 gyri
2118 829 2304 883 tributi
2332 830 2545 884 tabulas
2564 829 2955 887 combussisse.

1993 918 2294 975 .Justinus
2350 920 2582 992 magnus
2645 922 2949 992 imperator
3002 918 3374 976 Romanorum
3442 920 3544 974 fuit

1976 1027 2151 1068 annos
2185 1011 2238 1078 9,
2266 1012 2349 1067 vir
2374 1014 2522 1084 pius,
2547 1028 2719 1070 senex
2755 1029 2817 1067 ac
2849 1012 3139 1084 multiplici
3169 1017 3364 1084 peritia
3416 1028 3556 1083 prae-

1975 1106 2145 1159 ditus.
2185 1104 2230 1159 A
2263 1105 2483 1159 militari
2516 1105 2713 1160 ordine
2778 1121 2952 1176 usque
2987 1106 3053 1159 ad
3088 1105 3424 1159 senatoriam
3475 1104 3558 1157 di-

1977 1189 2243 1258 gnitatem
2295 1200 2638 1259 pervenerat.
2690 1190 2877 1245 Patria
2936 1193 3035 1246 fuit
3086 1191 3558 1263 lllyricus,quan~

1976 1295 2139 1347 quam
2162 1282 2252 1335 alii
2271 1280 2538 1337 Thracem
2559 1284 2729 1340 fuisse
2748 1283 3039 1338 aﬂirmant.
3063 1282 3324 1353 Corporis
3347 1291 3556 1338 statm-a

1978 1372 2082 1427 fuit
2109 1373 2392 1439 mediocri,
2428 1375 2553 1430 latis
2579 1376 2825 1434 humeris
2856 1385 2909 1432 et
2946 1383 3167 1446 pectore
3187 1392 3382 1442 canus,
3413 1375 3554 1430 facie

1978 1467 2117 1519 truci
2155 1478 2219 1519 ac
2245 1468 2353 1520 lata
2382 1476 2438 1520 et
2479 1467 2680 1521 rubore
2721 1468 2944 1523 inlecta.
2984 1468 3261 1534 Optimum
3299 1482 3359 1522 se
3379 1468 3555 1520 omni-

1981 1554 2082 1610 bus
2112 1553 2534 1615 demonstravit,
2569 1572 2692 1609 cum
2718 1565 2772 1611 ct
2793 1558 3111 1611 orthodoxa:
3151 1557 3274 1609 ﬁdei
3310 1558 3554 1611 studeret

1979 1655 2031 1699 et
2061 1645 2201 1700 bello
2236 1661 2490 1716 magnam
2521 1647 2685 1718 637
2727 1648 2956 1717 gloriam
2987 1656 3222 1716 pararet.
3252 1646 3553 1717 Conjugem

1979 1748 2132 1789 suam
2182 1733 2500 1803 Luppiciam
2558 1736 2868 1791 diademate
2921 1745 3170 1790 ornatam
3252 1735 3553 1805 Augustam

1979 1826 2216 1891 creavit;
2281 1842 2445 1895 quam
2511 1835 2833 1882 coronatam
2909 1828 3142 1897 populus
3198 1826 3550 1897 Euphemiam

289 1895 577 1977 ἐκάλεσαν.
603 1895 788 1990 Τούτῳ
808 1895 1163 1989 τῷΊουστίνῳ
1183 1895 1441 1980 Εύλάλιός
1457 1895 1560 1981 τις,
1579 1917 1688 1970 ἀπὸ
1707 1895 1871 1969 πλου-

1977 1924 2187 1970 mutato
2227 1918 2450 1972 nomine
2501 1919 2813 1988 appellavit.
2848 1895 3005 1973 nunc
3060 1895 3338 1975 Justinum
3392 1916 3553 1974 Eula-

292 2014 426 2067 σίων
439 2012 727 2082 γενόμενος
747 2014 935 2078 πένης,
955 2011 1013 2062 ὲν
1030 2010 1109 2080 τῷ
1136 2010 1347 2080 μέλλειν
1374 2008 1538 2062 αὐτὸν
1572 2008 1873 2063 ἀποειῶναι

292 2104 537 2173 ἔγραψεν
558 2104 898 2171 ὲνδιαθήκως
930 2101 1267 2171 κληρονόμον
1299 2100 1603 2165 ’ἰουστίνον,
1622 2117 1869 2171 παρακε-

294 2194 638 2263 λευσάμενος
668 2192 809 2247 ὥστε
838 2193 935 2256 τὰς
964 2195 1117 2261 τρεῖς
1151 2191 1313 2245 αὐτοῦ
1343 2191 1647 2262 θυγατέρας
1673 2192 1875 2264 μικράς

293 2283 750 2351 καταλειφθείσας
783 2281 1087 2352 ἀναθρέψαι
1124 2282 1220 2336 καὶ
1250 2282 1600 2352 ὲκπροικίσαι
1654 2282 1745 2335 τὸν
1782 2281 1875 2350 βα-

297 2375 596 2439 σιλέα,κα“ι
649 2374 828 2428 πάντα
883 2373 1051 2427 αὐτοῦ
1114 2374 1181 2427 τά
1225 2374 1365 2443 χρέα
1419 2372 1710 2426 ἀποδοῦναι
1766 2373 1875 2433 τοῖς

295 2469 790 2539 χρεωστουμένοις,
815 2467 907 2521 καὶ
942 2467 1011 2519 τά
1037 2467 1393 2537 γραμματεῖα
1417 2463 1828 2535 ἀναρρύσασθαι
1858 2479 1872 2494 ’

297 2562 441 2630 άπερ
465 2560 762 2630 βασιλικῶς
789 2559 967 2613 πάντα
998 2557 1284 2621 Ἰουστίνος
1337 2556 1646 2627 ἐπλήρωσε,
1714 2571 1878 2610 κατα·

298 2656 504 2725 πλήξας
529 2656 587 2707 ὲν
608 2652 780 2722 τούτῳ
829 2652 1009 2705 πάντα
1065 2650 1352 2721 ἄνθρωπον
1403 2650 1491 2703 τὸν
1547 2648 1875 2702 ἀκούσαντα.

298 2748 607 2811 Βιταλιανίς
638 2747 738 2799 δὲὸ
777 2744 1113 2816 προρῤηθεὶς
1138 2743 1342 2813 σφόδρα
1370 2741 1621 2813 ᾡκειώθη
1668 2739 1746 2810 τῷ
1783 2740 1879 2808 βα·-

298 2838 754 2909 σιλεί,ὀρθόδοξος
786 2838 844 2891 δὶ
876 2838 954 2892 ὢν
982 2838 1224 2909 Σεδῆρον
1274 2836 1517 2907 ᾐτήσατο
1550 2833 1879 2903 καθαιρεθῆ-

298 2942 402 2979 ναι.
434 2926 617 2993 ’Ὅπερ
645 2923 833 2993 μαθὼν
858 2927 1065 2989 ἐκεῖνος
1097 2929 1288 2994 φεύγει
1330 2926 1426 2977 σὺν
1482 2922 1750 2988 Ὶουλιανῷ
1783 2922 1862 2992 τῷ

306 3015 705 3085 Ἀλικαρνασοῦ
741 3032 754 3045 ⁸
807 3017 900 3070 καὶ
960 3016 1042 3079 εἰς
1088 3016 1363 3082 Αἴγυπτον
1404 3013 1731 3076 ἀπελθόντες
1783 3014 1877 3066 καὶ

296 3104 386 3156 τὸν
412 3107 539 3174 περὶ
568 3104 810 3173 φθαρτοῦ
860 3108 952 3159 καὶ
986 3105 1270 3174 ἀφθάρτου
1311 3103 1386 3174 (9)
1416 3103 1574 3171 λόγον
1629 3104 1882 3171 κινήσαν-

1980 2010 2084 2065 lius
2114 2009 2440 2080 quidam,de
2464 2009 2633 2066 divite
2662 2026 2867 2081 pauper
2897 2010 3094 2075 factus,
3113 2013 3414 2066 moriturus
3446 2012 3555 2067 bte-

1979 2100 2164 2155 redem
2188 2108 2522 2157 testamento
2552 2102 2887 2171 nominavit;
2920 2103 3194 2174 iussitque
3234 2104 3415 2160 tribus
3434 2104 3553 2161 suis

1981 2190 2217 2258 ﬁliabus,
2265 2207 2403 2261 quas
2450 2194 2705 2263 parvulas
2746 2194 3126 2266 relinquebat,
3167 2195 3550 2252 educationem

1978 2296 2100 2335 eum
2132 2296 2195 2336 ae
2221 2282 2398 2336 dotem
2428 2283 2687 2352 praebere,
2723 2283 2906 2337 omnia
2955 2298 3053 2339 sua
3090 2284 3271 2338 debita
3314 2283 3553 2339 creditos

1981 2372 2132 2428 ribus
2173 2373 2505 2443 persolvere,
2535 2383 2588 2428 ct
2637 2373 2706 2427 ab
2754 2374 2822 2430 iis
2866 2377 3209 2446 syngraphas
3237 2391 3368 2431 suas
3404 2375 3553 2430 redi-

1979 2479 2145 2519 mere.
2177 2463 2307 2531 Quze
2333 2468 2517 2519 omnia
2562 2464 2816 2521 Justinus
2851 2466 2996 2537 regia
3026 2467 3398 2523 muniﬁcentia
3432 2483 3552 2537 per-

1982 2558 2128 2625 fecit,
2171 2573 2364 2629 magna
2413 2561 2657 2612 omnium
2698 2559 2791 2629 qui
2832 2561 2908 2614 rei
2943 2558 3139 2615 famam
3186 2559 3557 2631 percipiebant

1980 2651 2362 2705 admiratione.
2405 2649 2546 2706 Usus
2581 2661 2666 2706 est
2694 2651 2946 2708 Justinus
2997 2652 3291 2707 admodum
3322 2653 3558 2708 familia-

1983 2743 2115 2795 riter
2143 2742 2435 2804 Vitaliano,
2467 2745 2582 2811 qui,
2621 2753 2681 2797 ut
2728 2754 2847 2798 erat
2878 2745 3239 2806 orthodoxus,
3274 2745 3416 2814 apud
3453 2744 3559 2798 im-

1983 2842 2287 2899 peralorem
2341 2833 2582 2887 instabat
2638 2834 2718 2887 uti
2774 2832 3010 2888 Severus
3074 2834 3424 2904 dejiceretur.
3488 2836 3558 2887 At

1984 2924 2222 2978 Severus
2278 2925 2382 2978 hoc
2437 2924 2679 2979 sentiens
2738 2939 2860 2978 eum
2921 2924 3139 2980 Juliano
3180 2925 3559 2982 llalicarnassi

1983 3019 2241 3090 episcopo
2279 3018 2528 3089 aufugit;
2564 3020 2839 3088 delatique
2888 3022 2939 3074 in
2970 3019 3267 3090 Egyptum
3299 3020 3556 3089 disputa-

1985 3112 2133 3166 tione
2161 3112 2228 3166 de
2259 3113 2518 3168 interitus
2549 3121 2772 3182 erperte
2802 3121 2855 3167 ct
2892 3113 3137 3167 interitui
3164 3113 3406 3168 obnorio
3430 3126 3556 3180 pro.

299 3214 392 3257 τες
455 3196 665 3265 ταύτην
712 3196 1008 3265 ἐτάραξαν,
1090 3195 1385 3266 Διοσκόρου
1455 3193 1878 3255 ἐπισκοποῦντας

1988 3205 2095 3257 lata
2146 3203 2335 3257 turbas
2388 3203 2460 3257 ibi
2520 3201 2811 3259 dederunt.
2865 3202 2995 3257 Erat
3050 3214 3164 3256 tum
3216 3202 3561 3257 Alexandria:

300 3277 729 3352 Ἀλεξανδρείας.
755 3287 1104 3340 Ἐπισκόπων
1125 3286 1181 3340 δὲ
1212 3287 1320 3341 ἀπὸ
1347 3285 1570 3357 Ῥώμης
1610 3285 1874 3339 ἐλθόντων

298 3379 345 3431 δι
423 3377 716 3449 Ὀρμίσδου
780 3380 1081 3433 ἐπισκόπου
1161 3377 1380 3450 Ῥώμης
1430 3381 1497 3449 τῇ
1557 3376 1877 3430 Βιταλιανοῦ

302 3470 537 3538 σπουδῇ,
569 3469 650 3521 ἔτι
685 3469 886 3533 ζῶντος
913 3469 1160 3523 Ἰωάννου
1198 3469 1292 3521 τοῦ
1348 3468 1714 3522 Καππαδόκου
1755 3469 1878 3520 ἑπι-

302 3563 506 3613 σκόπου
538 3560 1189 3622 Κωνσταντινουπόλεως,
1223 3558 1323 3628 τὴν
1385 3559 1544 3626 ἁγίαν
1574 3562 1629 3611 ἐν
1662 3558 1876 3625 Χαλκηο

303 3656 410 3707 δόνι
448 3656 718 3725 τετάρτην
752 3654 969 3707 σύνοδον
1002 3655 1135 3723 πρὸς
1162 3657 1284 3715 ταῖς
1336 3654 1523 3715 ἄλλαις
1578 3654 1723 3721 τρισὶ
1766 3671 1880 3705 συν⁴

298 3746 437 3807 όῧοις
466 3748 577 3807 τοῖς
608 3745 883 3814 διπτύχοις
916 3744 1192 3815 συνέταξε.
1228 3744 1467 3813 Σεϐήρου
1493 3744 1546 3797 δὲ
1571 3743 1663 3797 τοῦ
1694 3745 1882 3796 δυσσε-

299 3838 429 3901 ϐοῦς
452 3836 699 3890 ἐκποδὼν
724 3836 1008 3905 γεγονότος
1067 3834 1278 3899 Παῦλος
1331 3835 1715 3905 ἐχειροτονήθη
1764 3836 1881 3887 ἐπί-

302 3944 505 3991 σκοπος
536 3927 893 3997 ’Δντιοχείας,
927 3928 954 3980 ό
976 3925 1253 3996 ξενοδόχος
1273 3925 1380 3978 τῶν
1406 3925 1702 3980 Εὐϐούλου.
1740 3926 1798 3978 ὐ
1826 3926 1881 3978 δὲ

306 4020 565 4089 βασιλεὺς
636 4020 867 4073 Ξεναῒαν
922 4019 1014 4072 τὸν
1072 4018 1167 4071 καὶ
1220 4018 1524 4082 Φιλόξενον,
1582 4019 1882 4070 ἐπίσκοπον

314 4111 698 4181 Ἰεραπό).εως,
771 4109 1217 4179 Μανιχαιόφρονα
1291 4109 1440 4171 ὄντα,
1514 4109 1606 4160 καὶ
1680 4108 1883 4178 Πέτρον

306 4206 616 4273 Ἀπαμείας
657 4202 886 4273 ἐξώρισε
938 4203 1035 4255 σὺν
1091 4203 1226 4253 πΞσι
1278 4203 1390 4262 τοῖς
1442 4202 1726 4271 μετέχουσι
1785 4204 1881 4269 τῆς

306 4294 490 4361 λώϐης
519 4292 722 4357 αὐτῶν,
768 4291 1057 4360 Ἀμάντιον
1108 4290 1162 4342 δὲ
1203 4289 1293 4341 τὸν
1352 4290 1708 4358 πραιπόσιτον
1749 4292 1885 4357 μετὰ

307 4385 403 4438 καὶ
428 4385 605 4439 ἄλλων
627 4383 791 4437 τινῶν
834 4382 1138 4453 τυραννίδα
1192 4382 1594 4450 μελετήσαντας
1652 4381 1880 4433 ἀνεῖλεν.

302 4478 702 4532 Ἀνεκαλέσατο
742 4477 798 4530 δὲ
821 4478 913 4530 καὶ
945 4477 1152 4539 πάντας
1185 4476 1313 4537 τοὺς
1360 4475 1558 4538 ἀδίκως
1590 4476 1694 4528 ὑπὸ
1725 4476 1883 4529 Ἀνα-

308 4571 531 4626 στασξου
550 4569 947 4634 ὲξορισθέντας.

378 4659 463 4733 ῙΡ.
518 4658 649 4729 564]
682 4659 773 4726 Τῷ
812 4659 856 4711 δ’
883 4660 1033 4728 αύτῷ
1074 4660 1183 4711 ἔτει
1230 4662 1408 4727 ἐφάνη
1454 4659 1631 4728 ἀστὴρ
1696 4661 1754 4711 ὲν
1813 4661 1877 4729 τῇ

318 4748 575 4818 ’Δνατολῇ
616 4748 885 4818 κοαήτης,
939 4748 996 4811 ὃς
1042 4743 1188 4816 εἶχεν
1222 4750 1443 4809 ἀκτῖνας
1492 4745 1881 4815 ἑκπεμπούσας

308 4845 400 4893 ἐπὶ
426 4842 493 4893 τά
528 4841 679 4893 κάτω
705 4840 901 4906 αὐγὰς,
929 4840 987 4891 ὃν
1020 4841 1205 4907 ἔλεγον
1240 4840 1528 4906 πωγωνίαν
1557 4834 1697 4891 εἶναι
1729 4853 1741 4866 ο
1767 4833 1880 4905 εἶχε

305 4933 359 4985 δὲ
388 4934 585 4987 ἀκτῖνα
615 4936 826 5000 ὁρῶσαν
848 4934 942 4988 ἐπὶ
963 4935 1137 4988 δύσιν.
1160 4935 1249 5005 Τῷ
1277 4935 1320 4989 δ’
1339 4937 1487 5005 αύτῷ
1535 4937 1645 4989 ἔτει
1682 4934 1880 5004 ἐδημο-

308 5024 502 5093 κράτει
526 5024 588 5078 τὸ
613 5025 837 5080 Βένετον
862 5027 1026 5095 μέρος
1054 5027 1191 5096 (10),
1218 5028 1273 5079 ὲν
1301 5027 1503 5089 πάσαις
1541 5029 1661 5089 ταῖς
1692 5026 1879 5077 πόλεσι

1985 3296 2279 3365 episcopus
2311 3294 2626 3350 Dioscorus.
2647 3296 2780 3350 Cum
2813 3311 2940 3349 vero
2972 3294 3143 3348 Roma
3176 3295 3245 3349 ab
3270 3292 3561 3349 llortnisda

1990 3387 2142 3440 missi
2179 3388 2421 3455 episcopi
2466 3387 2660 3456 Cpolin
2717 3386 3019 3446 venissent.
3058 3384 3317 3440 Vitaliani
3378 3384 3562 3440 studio

1987 3475 2234 3532 eﬂ'ectum
2265 3489 2344 3531 est
2376 3487 2433 3530 ut
2471 3492 2687 3531 sacrum
2714 3478 3003 3531 concilium
3036 3475 3384 3531 Chalcedone
3406 3475 3564 3529 habi-

1990 3576 2099 3621 tum
2126 3567 2356 3636 reliquis
2392 3568 2568 3622 tribus
2611 3568 2663 3620 in
2700 3568 3106 3622 ecclesiasticos
3137 3566 3564 3621 commentarios

1988 3659 2382 3718 ascriberetur,
2414 3656 2622 3711 Joanne
2669 3657 2990 3726 Cappadoce
3022 3658 3398 3726 episcopatum
3421 3657 3562 3727 Cpo-

1988 3747 2215 3801 litanum
2268 3747 2447 3801 adhuc
2480 3755 2721 3815 gerente.
2774 3748 2976 3802 Severo
3005 3756 3188 3801 amoto
3218 3746 3418 3801 Paulus
3454 3747 3564 3802 ele-

1991 3848 2115 3894 ctus
2146 3847 2230 3894 est
2261 3839 2328 3893 ad
2359 3839 2727 3911 episcopatmr
2760 3840 3073 3896 Antiochiae
3101 3844 3426 3912 gerendum,
3468 3843 3561 3911 qui

1992 3932 2143 4000 prius
2195 3930 2504 3987 Eubuliano
2554 3933 2907 3987 xenodochio
2958 3934 3272 4003 prmfuerat.
3309 3932 3561 3989 Justinus

1993 4038 2157 4090 porro
2187 4024 2475 4086 Xenaiam,
2509 4025 2602 4094 qui
2633 4033 2685 4080 et
2712 4023 3047 4079 Philoxenus
3085 4025 3315 4087 dicitur,
3339 4026 3558 4094 episco-

1997 4130 2119 4183 pum
2170 4112 2478 4184 liieropolis
2531 4114 2948 4171 Manieha'orum
2998 4116 3285 4183 opiniones
3340 4124 3556 4171 sectan-

1994 4215 2123 4269 tem,
2150 4215 2203 4260 et
2244 4203 2465 4260 Petrqu
2502 4207 2752 4274 Apamea:
2789 4206 3108 4275 cpiscOpum
3144 4220 3441 4274 omnesque
3469 4221 3561 4258 eo-

1995 4314 2113 4351 rum
2162 4305 2465 4352 sectatores
2513 4297 2791 4365 relegavit.
2846 4296 3158 4349 Amantium
3210 4297 3558 4365 praepositum

1992 4390 2238 4456 aliosque
2270 4387 2565 4442 nonnullos
2599 4388 2667 4440 ob
2699 4386 3003 4442 alfcetatam
3031 4386 3198 4458 638
3225 4387 3560 4456 tyrannidem

1995 4479 2226 4533 necavit.
2268 4478 2562 4533 Revocavit
2608 4478 2771 4533 etiam
2827 4492 3014 4533 omnes
3064 4492 3204 4546 quos
3238 4478 3562 4533 Anastasius

1991 4570 2191 4639 injuste
2227 4577 2474 4624 extorres
2504 4575 2708 4639 egerat.

2063 4661 2261 4715 Eodem
2300 4675 2444 4714 anno
2475 4669 2687 4714 cometa
2720 4659 2774 4713 in
2800 4642 3028 4713 Oriente
3052 4658 3205 4712 visus
3229 4665 3333 4722 est,
3376 4656 3560 4711 radios

1988 4755 2243 4807 deorsum
2271 4752 2546 4812 emittens,
2595 4766 2755 4818 quem
2787 4749 2960 4804 (ἔταδοί
2992 4751 3278 4818 pognniam
3318 4764 3345 4801 a
3379 4748 3561 4802 barbae

1989 4843 2349 4899 similitudine
2408 4841 2706 4910 appellant.
2779 4838 3023 4893 Habebat
3091 4846 3270 4892 autem
3345 4837 3558 4892 radium

1989 4948 2180 4989 versus
2214 4948 2492 4989 occasum.
2523 4932 2721 4987 Eodem
2756 4946 2901 4985 anno
2924 4946 3050 4999 pars
3079 4929 3282 4985 Veneta
3315 4937 3558 4999 potesta-

1991 5038 2097 5082 tem
2124 5025 2308 5097 populi
2359 5041 2454 5095 per
2484 5040 2677 5080 omnes
2729 5025 2895 5079 urbes
2928 5023 3208 5078 obtinebat
3253 5023 3558 5076 tumultua-

1454 5188 1808 5244 XYLANDRI
1838 5187 1924 5243 ET
1957 5187 2166 5243 GOARI
2190 5183 2417 5239 NOTAS.

379 5281 455 5348 (6)
495 5280 585 5354 Ex_
611 5285 941 5354 Aeyntiano
975 5299 1251 5339 marmore
1314 5285 1474 5351 ﬂavo.
1533 5301 1599 5338 ex
1642 5285 1873 5354 Acyntio

309 5361 496 5424 mque
521 5350 587 5402 ad
618 5350 979 5408 Chalcedonis
1006 5354 1161 5408 littus
1181 5350 1379 5408 delato.
1433 5355 1694 5424 Λάρνακα
1724 5350 1873 5424 '_vero

310 5423 639 5486 interpretor
675 5437 887 5490 capsum
919 5433 974 5476 et
1000 5424 1280 5487 tumulant,
1315 5440 1421 5477 non
1438 5426 1649 5477 cistam.

310 5491 1076 5561 stautinusinAporphgretico,
1108 5493 1158 5546 id
1191 5503 1274 5546 est
1305 5495 1491 5554 rubro,
1524 5493 1687 5545 hicin
1710 5493 1874 5560 ﬂavo,

311 5559 559 5613 Jusuiuus
588 5560 641 5613 in
667 5559 1102 5625 Prmoonesiaco,
1132 5563 1184 5616 id
1214 5571 1299 5617 est
1360 5564 1504 5625 albo,
1534 5559 1790 5618 Tiberius
1823 5564 1877 5616 in

310 5630 530 5700 prasino
559 5644 830 5684 marmore
863 5630 1013 5687 fuere
1047 5632 1293 5700 repositi.
1322 5632 1491 5688 Gesn.

392 5698 467 5772 t7!
502 5696 756 5772 Justinus
800 5714 1021 5772 uxorem
1078 5696 1279 5772 celebri
1339 5718 1532 5772 pompa
1585 5715 1878 5772 coronasse

317 5766 527 5831 primus
573 5768 790 5836 legitur.
848 5769 1234 5825 Coronatinnis
1290 5766 1482 5825 riium'
1518 5773 1686 5826 habes
1739 5771 1877 5835 apud

317 5836 585 5890 tiodinutu
607 5852 655 5889 c.
683 5848 879 5902 svu,et
900 5839 952 5893 in
985 5841 1319 5910 Eueholugiu
1347 5849 1533 5896 nostro
1555 5841 1722 5896 Gem.

1727 5422 1874 5475 Ctill-
1921 5452 1930 5465 -

2052 5283 2131 5352 (8)
2163 5279 2405 5335 Numero
2428 5276 2801 5352 multitudinis
2844 5292 2950 5331 non
2978 5276 3237 5352 populum
3259 5275 3552 5352 gregatim.

1980 5344 2076 5407 sed
2107 5344 2282 5405 varias
2315 5350 2494 5418 pupilli
2524 5350 2787 5401 factiones
2813 5359 3099 5420 partesque
3126 5346 3176 5396 in
3212 5344 3376 5408 ludis,
3402 5359 3554 5420 pom-

1982 5423 2085 5492 pis,
2139 5413 2501 5492 conventibus
2547 5419 2782 5492 publicis
2828 5416 2927 5492 sibi
2956 5416 3185 5492 invicem
3242 5429 3339 5481 pro
3397 5413 3558 5492 variis

1980 5486 2256 5547 coloribus
2286 5490 2487 5555 quibus
2516 5502 2575 5540 se
2608 5487 2881 5539 ornabant
2915 5486 2966 5537 in
3006 5486 3153 5537 varia
3183 5497 3401 5555 quoque
3427 5491 3547 5555 stu-

1982 5564 2068 5615 dia
2132 5552 2520 5625 nonnunquam
2573 5558 2857 5625 abeuntes.
2900 5556 3196 5625 signilirat.
3254 5553 3324 5606 De
3360 5552 3558 5621 quibus

1985 5631 2229 5685 nonnihil
2264 5623 2429 5694 supra
2493 5634 2546 5680 et
2578 5624 2716 5677 infra
2747 5626 3045 5694 copiosius.
3068 5623 3236 5677 Goan.

2055 5700 2130 5769 (9)
2157 5699 2287 5769 Vide
2319 5692 2543 5765 Sieeph.
2580 5710 2733 5769 τινα),
2770 5694 2848 5747 45.
2892 5692 3023 5745 Χιί..

2059 5761 2171 5833 illi)
2216 5767 2326 5818 Iloe
2357 5761 2466 5825 est.
2512 5779 2638 5834 pars
2687 5763 2887 5834 Veneta
2920 5778 3095 5834 supra
3158 5761 3395 5828 reliquas
3446 5769 3557 5814 tres

1988 5839 2261 5894 eminebat
2284 5833 2570 5905 potestate,
2602 5841 2653 5886 et
2681 5833 2962 5887 Prasiuam
2998 5833 3100 5887 sibi
3138 5846 3353 5898 semper
3376 5845 3545 5883 :Blllu-
