4214 6450
268 445 369 515 69]

1351 442 1894 504 lllSTtlillMlUM
1929 440 2460 503 COXIPENDIUM.

3411 446 3523 509 698

342 554 425 627 [Ρ.
747 552 790 617 ζ’
817 552 927 605 ἔτει
965 553 1293 622 Ἀνάξαρόος
1322 556 1653 624 μητρός-θὶς
1685 554 1727 619 β’
1756 555 1850 620 τῆς
1882 557 1923 611 Α

1882 557 1923 611 Α
2026 553 2268 622 S.-ptimo
2293 568 2437 608 anno
2457 558 2796 621 Anazarbus,
2828 557 3061 611 secunda
3093 557 3296 614 Cilicia:
3324 572 3521 618 metro-

271 646 526 705 Κιλικίας
559 642 780 713 ὲπτὼθη
822 643 927 697 ὑπὸ
970 644 1193 713 σεισμοῦ
1228 646 1625 716 φοϐερωτάτου.
1659 645 1748 713 Τῷ
1804 645 1847 697 δ’

272 736 423 806 αὐτῷ
454 736 565 789 ἔτει
588 734 987 805 κατεποντίσθη
1021 735 1275 802 Ἔδεσσα,
1322 738 1476 799 πόλις
1512 737 1721 806 μεγάλη
1760 737 1851 789 καὶ

274 832 620 902 περιϐόητος.
662 830 751 883 διά
793 830 887 883 τοῦ
916 829 1105 894 ὕδατος
1129 830 1221 883 τοῦ
1267 832 1428 899 μέσον
1450 834 1617 903 αὐτῆς
1645 834 1852 904 διερχο-

278 927 443 993 μένου
465 923 694 993 Σκίρτου
728 921 838 992 (l2)
863 921 1131 992 ποταμοῦ,
1165 922 1222 986 ὃς
1248 925 1660 996 πλημμυρήσας
1698 926 1853 995 δίκην

277 1015 554 1083 θαλάσσης
586 1013 712 1074 τοὺς
737 1014 919 1075 οῐκους
958 1012 1058 1065 σὺν
1082 1015 1195 1076 τοῖς
1227 1013 1434 1067 οἰκοῦσι
1482 1015 1661 1083 σύρων
1693 1015 1851 1067 ἐπόν-

277 1123 413 1157 τισε.
450 1105 624 1171 Λόγος
665 1104 722 1158 δέ
762 1106 907 1156 ἐστιν
972 1104 1053 1156 ὅτι
1114 1105 1208 1157 καὶ
1238 1104 1424 1159 ἄλλοτε
1456 1104 1611 1157 τοῦτο
1640 1105 1851 1171 γέγονε.

279 1196 426 1251 Μετὰ
459 1196 518 1249 δὲ
551 1196 613 1249 τὸ
649 1196 861 1250 παῦσαι
889 1195 958 1249 τὰ
992 1194 1163 1249 ὕδατα
1186 1196 1383 1266 εὑρέθη
1408 1196 1548 1262 πλάξ
1572 1196 1746 1265 λιθίνη
1797 1198 1854 1249 ἐν

276 1292 341 1359 τῇ
375 1288 510 1359 ὄχθῃ
556 1287 651 1341 τοῦ
709 1287 977 1356 ποταμοῦ,
1028 1289 1393 1359 γεγραμμένη
1458 1288 1855 1358 ίερογλυφικοῖς

276 1382 601 1451 γράμμασιν
620 1377 793 1441 οὕτως
812 1395 827 1411 ο
858 1379 1085 1450 Σκίρτος
1112 1379 1355 1449 ποταμὸς
1399 1380 1685 1447 σκιρτήσει
1709 1378 1856 1431 κακά

276 1472 631 1541 σκιρτήματα
662 1470 926 1533 πολίταις.
963 1471 1140 1524 Πολλά
1169 1471 1225 1524 δὲ
1262 1471 1533 1541 παρέσχεν
1557 1473 1582 1523 ὁ
1606 1469 1856 1540 βασιλεὺς

287 1563 574 1625 Ἰοῦστίνος
606 1562 689 1625 είς
737 1562 1039 1616 ἀνανέωσιν
1095 1566 1433 1633 ἀμφοτέραις
1490 1565 1610 1624 ταῖς
1648 1562 1854 1616 πόλεσι.

277 1651 371 1721 Τῷ
391 1652 437 1704 δ’
470 1650 620 1722 αὐτῷ
650 1651 758 1706 ἔτει
787 1652 965 1720 ὲςξάνη
986 1655 1119 1721 γυνή
1150 1670 1233 1717 τις
1262 1653 1326 1706 ὲκ
1354 1654 1452 1722 τῆς
1495 1653 1744 1715 Κιλικίας
1772 1670 1857 1720 γι-

275 1743 636 1813 γαντογενὴς,
672 1745 1017 1813 ὑπερέχουσα
1048 1746 1115 1815 τῇ
1143 1743 1327 1815 ἡλικία
1371 1745 1551 1798 πάντα
1576 1744 1859 1813 ἄνθρωπον

274 1836 483 1888 τέλειον
518 1839 698 1905 πῆχυν
722 1836 838 1898 ἕνα,
881 1837 975 1888 καὶ
1012 1834 1239 1888 πλατεῖα
1278 1836 1501 1906 σφόδρα.
1548 1836 1857 1905 Γυρεύουσα

276 1929 334 1980 δὲ
372 1930 465 1989 τάς
506 1928 691 1990 πόλεις
753 1926 1026 1997 ἐλάμϐανε
1084 1928 1224 1980 κατά
1266 1930 1626 1999 ἐργαστήριον
1674 1928 1856 1997 eam

281 2019 435 2089 μίαν.
468 2019 604 2074 Τότε
636 2020 732 2072 καὶ
761 2019 938 2089 ἀστὴρ
975 2020 1146 2089 ἐφάνη
1194 2021 1250 2072 ἐν
1287 2020 1499 2090 οὖρανῷ
1546 2021 1731 2074 ἐπάνω
1761 2021 1858 2088 τῆς

277 2112 490 2181 χαλκῆς
516 2111 693 2179 πύλης
721 2110 813 2163 τοῦ
841 2111 1126 2171 παλατίου,
1158 2111 1365 2177 φαίνων
1394 2114 1486 2164 ἐπὶ
1517 2111 1733 2182 ἡμέρας
1765 2110 1858 2164 καὶ

278 2200 487 2265 νύκτας
501 2200 612 2266 κς’.
650 2202 845 2269 Γέγονε
880 2201 941 2255 δὲ
971 2202 1065 2255 καὶ
1093 2204 1318 2272 σεισμὸς
1350 2201 1749 2271 φοϐερώτατος,
1768 2200 1857 2269 ὑφ’

279 2285 343 2345 οὗ
363 2295 431 2363 τῇ
471 2294 568 2362 μὲν
613 2294 1186 2348 Κωνσταντινουπόλει
1213 2296 1272 2347 ἐν
1323 2293 1602 2363 διαφόροις
1651 2293 1857 2359 τόποις,

281 2385 351 2451 τῆ
367 2383 426 2437 δὲ
465 2384 762 2455 Ἀντιοχείᾳ
785 2384 1041 2454 συμφορὰ
1064 2384 1459 2454 ἁνεκδιήγητος
1480 2384 1858 2454 προεμηνύθη.

283 2474 366 2543 Τῇ
387 2474 498 2543 γὰρ
533 2474 769 2547 τετάρτῃ
800 2473 893 2527 τοῦ
930 2473 1257 2545 Ὀκτωϐρίου
1291 2475 1457 2542 μηνὸς
1483 2475 1550 2527 τὰ
1596 2474 1862 2545 προοίμια

282 2562 385 2631 τῆς
406 2561 502 2615 τοῦ
526 2562 660 2616 Θεοῦ
681 2563 849 2633 ὀργῆς
877 2562 1112 2632 ἐπῆλθεν
1134 2562 1269 2632 αὐτῇ
1296 2562 1365 2615 δι’
1391 2561 1741 2633 ὲμπρησμῶν
1767 2562 1862 2614 καὶ

289 2657 555 2726 σεισμῶν,
600 2658 657 2720 ὃς
689 2657 1020 2727 ἐμπρησμὸς
1053 2660 1215 2728 μέσον
1238 2659 1338 2727 τῆς
1372 2659 1580 2721 πόλεως
1620 2658 1858 2727 ἐγένετο,

289 2750 385 2802 καὶ
412 2750 685 2819 ἐκράτησε
708 2751 803 2804 ἐπὶ
830 2750 1044 2821 ἡμέρας
1070 2748 1146 2815 ς’.
1170 2750 1279 2804 Καὶ
1306 2750 1547 2820 ὲκάησαν
1578 2746 1714 2803 οἶκοι
1736 2749 1865 2803 πολ-

287 2841 395 2904 λοὶ,
433 2843 528 2894 καὶ
550 2841 824 2895 ἀπέθανον
862 2841 984 2896 λαοὶ
1015 2842 1220 2907 πολλοὶ,
1258 2844 1352 2896 καὶ
1374 2841 1550 2905 οὐδεὶς
1602 2843 1742 2907 ἔγνω
1767 2840 1864 2894 πό-

289 2931 383 2983 θεν
413 2932 478 2983 τὸ
510 2931 623 3000 πῦρ
651 2934 956 2987 ἀνάπτεται
977 2948 990 2961 ·
1042 2933 1299 2986 τοσοῦτον
1352 2933 1459 3004 γάρ
1493 2935 1526 3004 ἡ
1581 2932 1720 3002 ὀργὴ
1770 2933 1863 2985 τοῦ

290 3021 429 3075 Θεοῦ
452 3022 687 3092 ἐπῆλθεν
723 3023 810 3076 ἐπ’
835 3024 972 3094 αὐτῇ
998 3022 1137 3075 ὥστε
1165 3023 1446 3093 πτωθῆναι
1470 3023 1658 3093 σχεδὸν
1686 3023 1865 3076 πᾶσαν

292 3112 391 3181 τὴν
424 3113 581 3178 πόλιν
618 3116 713 3180 καὶ
748 3113 918 3182 τάφον
949 3113 1057 3166 τῶν
1083 3115 1383 3183 οἰκητόρων
1407 3112 1680 3180 γενέσθαι.
1701 3112 1864 3174 Τινὲς

1955 651 2112 717 pulzs,
2146 661 2302 705 terrze
2324 658 2473 704 motu
2502 650 2806 705 smvissimo
2840 664 3130 719 pr05trata.
3161 652 3361 709 Eodem
3380 672 3524 711 anno

1958 742 2178 805 l-‘dessn
2222 758 2416 814 magna
2448 750 2614 812 atque
2648 742 2881 798 celebris
2912 747 3064 810 urbs,
3102 746 3312 801 diluvio
3355 747 3521 803 Seirti

1955 837 2156 900 amnis,
2193 836 2284 904 qui
2340 853 2436 905 per
2485 853 2606 892 eam
2658 836 2920 902 decurrit,
2971 836 3167 892 afﬂicta
3206 849 3311 895 est.
3356 840 3525 896 Maris

1953 924 2095 977 οηίηι
2131 926 2306 978 instar
2346 925 2510 996 640
2545 927 2635 981 ille
2682 927 2967 983 exundans
3009 927 3204 984 domos
3249 948 3354 985 una
3396 948 3521 986 cmn

1956 1016 2390 1073 inhabitantibus
2446 1018 2685 1089 abripuit
2758 1028 2923 1090 atque
2988 1020 3307 1076 submersit.
3373 1024 3525 1079 Alias

1956 1120 2172 1173 quoque
2200 1106 2342 1159 idem
2369 1107 2637 1163 accidisse
2674 1107 2867 1164 fertur.
2921 1109 3064 1165 Sane
3115 1112 3323 1167 diluvio
3372 1112 3526 1166 ﬁnito

1959 1197 2010 1249 in
2048 1196 2163 1265 ripa
2214 1197 2393 1253 amnis
2429 1198 2647 1252 inventa
2708 1207 2795 1253 est
2844 1199 3052 1268 lapidea
3108 1203 3314 1268 tabula,
3361 1204 3528 1274 inque

1957 1301 2075 1341 eam
2131 1286 2390 1356 inscripta
2422 1286 2535 1341 lucc
2582 1286 3008 1359 hieroglyphicis
3063 1290 3281 1357 litteris,
3312 1293 3527 1351 Scirtus

1960 1377 2138 1431 amnis
2183 1378 2403 1433 Saltabit
2452 1378 2595 1433 malo
2645 1378 2847 1434 civium
2882 1398 2896 1434 :
2932 1395 3057 1435 nam
3109 1384 3284 1440 amnis
3326 1400 3528 1443 nomen

1958 1466 2149 1520 Grzeco
2205 1483 2454 1523 sermone
2497 1468 2564 1521 ad
2618 1470 2967 1525 saltationem
3022 1472 3235 1528 alludit.
3276 1474 3530 1534 Justinus

1962 1554 2193 1608 multum
2235 1554 2455 1622 utrique
2489 1555 2611 1609 urbi
2646 1555 2712 1610 ad
2750 1556 3212 1615 instaurationem
3270 1563 3530 1618 contulit.

1960 1646 2162 1701 Eodem
2195 1661 2342 1700 anno
2397 1647 2513 1703 visa
2545 1655 2630 1703 est
2662 1648 2914 1718 quaedam
2962 1650 3160 1707 Cilissa
3198 1653 3416 1718 mulier,
3452 1642 3533 1724 gi.

1963 1746 2186 1805 pantum
2236 1740 2480 1806 generis,
2533 1739 2780 1807 cujusvis
2834 1740 3062 1810 perfecti
3107 1743 3209 1796 viri
3263 1753 3530 1799 staturam

1960 1829 2148 1883 cubito
2214 1830 2506 1893 excedens,
2556 1829 2958 1901 admodumque
3007 1832 3136 1888 lata.
3195 1831 3272 1888 Ea
3324 1833 3531 1889 circum

1963 1921 2125 1975 urbes
2169 1921 2530 1989 proﬁciscens
2582 1938 2647 1976 ex
2684 1922 2897 1977 ollicina
2931 1925 3127 1994 quavis
3166 1924 3347 1980 follem
3391 1924 3531 1997 (mo-

1959 2025 2095 2065 neta:
2117 2026 2292 2082 genus
2325 2012 2424 2066 hoc
2457 2013 2565 2080 est)
2594 2014 2923 2082 accipiebat.
2974 2015 3140 2070 Stella
3174 2031 3394 2088 quoque
3417 2024 3531 2071 tum

1963 2106 2014 2158 in
2068 2104 2211 2158 coelo
2244 2105 2522 2175 apparuit,
2585 2121 2750 2176 supra
2807 2122 3004 2163 aeream
3057 2108 3243 2178 palatii
3297 2116 3534 2178 portam,

1959 2195 2250 2249 continuas
2279 2195 2393 2250 dies
2420 2194 2716 2266 noctesque
2740 2198 2930 2266 viginti
2967 2213 3061 2254 sex
3094 2198 3327 2270 fulgens.
3350 2197 3536 2254 Terra:

1963 2298 2144 2341 motus
2169 2303 2381 2357 quoque
2402 2290 2648 2358 apprime
2676 2290 2988 2347 horrendus
3010 2292 3132 2356 fuit,
3160 2293 3250 2362 qui
3272 2299 3326 2348 et
3339 2291 3533 2362 Cpoliu

1961 2380 2194 2436 diversis
2226 2381 2362 2436 locis
2419 2381 2558 2435 laesit
2593 2388 2648 2435 et
2679 2381 2988 2438 Antiochia:
3025 2382 3354 2437 ineffabilem
3386 2383 3535 2438 cala-

1964 2473 2208 2528 mitatem
2243 2473 2608 2527 denuntiavit.
2664 2472 2874 2539 Quarto
2933 2476 3079 2529 enim
3132 2473 3222 2529 die
3276 2475 3534 2530 Octobris

1963 2564 2230 2632 principia
2290 2563 2384 2617 ira:
2431 2562 2631 2619 divina:
2701 2564 2890 2618 urbem
2949 2579 3068 2619 eam
3121 2565 3533 2635 corripuerunt,

1965 2668 2121 2710 terr-.e
2145 2665 2326 2712 motus
2357 2664 2520 2727 atque
2543 2656 2879 2711 incendium.
2914 2656 2973 2711 ld
3000 2655 3175 2712 media
3199 2658 3336 2712 urbe
3369 2673 3530 2712 exor-

1965 2755 2077 2800 tmn
2105 2747 2321 2802 duravit
2360 2747 2479 2803 dies
2500 2763 2593 2804 sex
2622 2747 2936 2818 multasque
2968 2746 3162 2804 domos
3194 2760 3248 2805 et
3284 2749 3536 2806 homines

1967 2838 2314 2905 absumpsit;
2370 2853 2548 2906 neque
2610 2839 2755 2893 scire
2813 2839 3107 2908 quisquam
3168 2840 3344 2910 potuit
3392 2841 3536 2896 unde

1965 2931 2083 3000 ejus
2111 2929 2307 2985 fuisset
2360 2931 2598 2985 initium.
2636 2931 2774 2985 Tum
2807 2932 2902 2985 Dei
2941 2931 3019 2984 ira
3061 2931 3136 2985 ita
3169 2932 3355 2986 urbem
3399 2946 3534 2986 cou-

1965 3022 2135 3077 cussit
2174 3030 2234 3077 ut
2269 3037 2405 3091 pene
2435 3030 2546 3078 tota
2577 3022 2847 3078 corruerit
2882 3036 2947 3077 ac
2974 3021 3176 3076 civium
3214 3023 3531 3091 sepulcrum

1969 3112 2107 3167 facta
2138 3114 2228 3168 sit.
2263 3112 2540 3179 Quosdam
2568 3114 2798 3168 obrutos
2840 3123 3013 3178 terra,
3045 3122 3101 3169 et
3128 3112 3309 3168 adhuc
3339 3113 3534 3167 viven-

291 3202 348 3256 δὲ
386 3203 838 3274 καταχωσθέντας
875 3205 968 3256 καὶ
1002 3203 1081 3257 ἔτι
1124 3204 1334 3267 ζῶντας
1365 3204 1469 3257 ὑπὸ
1492 3203 1591 3273 τὴν
1618 3204 1721 3271 γῆν
1752 3202 1864 3272 πῦρ
1892 3216 1935 3274 c

1892 3216 1935 3274 ρ
1972 3212 2077 3269 tes,
2118 3204 2259 3271 ignis
2290 3220 2357 3258 ex
2388 3214 2531 3258 terra
2558 3206 2747 3259 exiens
2775 3205 3064 3260 cremavit.
3100 3203 3258 3259 Alius
3298 3203 3442 3271 ignis
3468 3217 3533 3258 ex

293 3293 512 3357 ἐξελθὸν
548 3296 613 3348 ἐκ
661 3295 761 3365 τῆς
792 3294 898 3365 γῆς
938 3293 1258 3365 κατέφλεξε.
1310 3296 1418 3349 Καὶ
1448 3295 1635 3365 ἕτερον
1658 3294 1768 3365 πῦρ
1804 3296 1866 3347 ὲκ

292 3385 386 3439 τοῦ
428 3385 590 3454 ἀέρος
632 3386 708 3449 ὡς
760 3385 1056 3456 σπινθῆρες
1104 3384 1412 3456 κατήρχετο
1447 3386 1540 3439 καὶ
1579 3384 1868 3438 κατέκαιεν

296 3476 485 3546 ὥσπερ
535 3477 789 3547 ἀστραπὴ
836 3477 961 3541 τοὺς
989 3480 1437 3549 εὑρισκομένους.
1494 3478 1729 3530 Ἐσείετο
1750 3476 1865 3546 at;

293 3569 363 3637 γῆ
393 3571 480 3621 ἐπ’
511 3569 756 3621 ἐνιαυτὸν
778 3569 893 3623 ἕνα.

364 3659 456 3727 Τῷ
485 3657 528 3712 θ’
560 3658 668 3712 ἔτει
699 3659 790 3713 τοῦ
829 3661 1056 3729 σεισμοῦ
1105 3658 1527 3731 ἐπικρατοῦντος
1558 3660 1866 3733 Εὖςράσιος

294 3751 322 3802 ὁ
351 3749 650 3812 ἐπίσκοπος
688 3750 1014 3819 Ἀντιοχείας
1042 3749 1148 3803 ὑπὸ
1170 3751 1264 3804 τοῦ
1294 3749 1518 3819 σεισμοῦ
1548 3751 1862 3822 κατεχώσθη

297 3844 389 3893 καὶ
415 3839 676 3905 ἀπέθανε,
718 3840 813 3893 καὶ
843 3842 948 3902 πᾶς
979 3834 1125 3904 οἶκος
1152 3842 1250 3893 καὶ
1276 3840 1541 3909 ἐκκλησία
1571 3841 1862 3904 κατέπεσε,

297 3934 390 3985 καὶ
415 3933 476 3986 τὺ
503 3932 700 3996 κάλλος
731 3932 832 4001 τῆς
878 3933 1084 3995 πόλεως
1114 3931 1384 4002 ἠφανίσθη
1406 3950 1420 3964 ο
1450 3932 1510 3985 οὗ
1542 3933 1649 4000 γὰρ
1672 3933 1862 4000 γέγονε

294 4022 521 4092 τοιαύτη
550 4022 811 4092 θεομηνία
840 4025 897 4075 ἐν
926 4023 1058 4092 ἄλλῃ
1090 4022 1244 4074 πόλει
1280 4024 1337 4073 ἐν
1375 4022 1572 4083 πάσαις
1606 4023 1724 4084 ταῖς
1768 4037 1864 4088 γε·

295 4118 464 4176 νεαϊς.
496 4113 703 4175 [Ιολλάς
737 4113 835 4181 μὲν
860 4112 953 4165 οῦν
983 4112 1193 4183 ἀνδρῶν
1226 4112 1323 4165 καὶ
1354 4112 1629 4179 γυναικῶν
1670 4110 1866 4179 μυριά-

294 4209 411 4270 δας,
445 4204 645 4267 πολλάς
677 4205 733 4257 δὲ
760 4204 963 4257 παίδων
990 4205 1082 4257 καὶ
1113 4203 1345 4271 νεογνῶν
1373 4205 1429 4256 ἐν
1455 4203 1618 4270 λόιρου
1652 4200 1801 4266 τάξει
1831 4204 1864 4272 ἡ

296 4296 405 4348 τῶν
428 4296 863 4364 κατενεχθέντων
905 4295 1354 4364 οἰκοδομημάτων
1387 4292 1487 4362 ῦλη
1516 4294 1863 4345 καλύπτουσα

368 4426 383 4441 .
408 4429 421 4441 .
447 4427 465 4452 ,
498 4389 592 4441 καὶ
612 4388 762 4446 τέλος
789 4385 947 4439 τοῦτο
969 4384 1067 4454 τὴν
1093 4385 1264 4449 οὕτως
1312 4385 1745 4454 ὀνομαστοτάτην
1772 4385 1863 4436 καὶ

295 4479 521 4550 εῦχαριν
550 4478 711 4531 ἔλαϐε
743 4477 916 4543 πόλιν,
968 4477 1146 4547 ηνπερ
1176 4477 1269 4529 ἐπὶ
1297 4476 1648 4537 ὀκτακοσίους
1687 4477 1865 4528 ἐνιαυ-

1974 3310 2097 3350 aere
2124 3296 2298 3350 instar
2320 3295 2689 3351 scintillarum
2728 3295 2953 3363 decidit,
2985 3304 3040 3351 et
3066 3310 3205 3365 quos
3239 3294 3532 3364 attigisset,

1973 3390 2218 3447 fulminis
2263 3391 2320 3445 in
2361 3405 2565 3445 morem
2600 3389 2926 3446 combussit.
2989 3391 3207 3445 Annum
3247 3389 3339 3445 ille
3376 3395 3534 3444 terrre

1974 3495 2152 3538 motus
2184 3482 2423 3537 duravit.

2040 3660 2197 3713 Anno
2235 3673 2400 3722 nono,
2462 3668 2620 3713 terra:
2655 3668 2802 3712 motu
2852 3657 3151 3721 obtinente,
3193 3656 3529 3726 Euphrasius

1969 3751 2271 3807 Αιιιίοριιίιι·
2307 3751 2601 3819 episcopus
2648 3748 2807 3820 651
2843 3764 2909 3803 eo
2950 3749 3183 3804 obrutus
3210 3748 3370 3810 obiit,
3407 3762 3531 3802 om-

1968 3859 2175 3911 nesque
2198 3842 2341 3895 :edes
2371 3850 2423 3896 et
2460 3842 2661 3908 templa
2694 3849 3041 3907 corruerunt,
3078 3841 3340 3909 urbisque
3361 3840 3530 3894 decor

1967 3935 2147 4004 periit.
2190 3934 2273 3985 Ah
2317 3933 2466 3986 omni
2522 3932 2808 3985 hominum
2852 3934 3114 3987 memoria
3148 3948 3255 3986 non
3311 3934 3528 3987 exstitit

1969 4037 2117 4077 tanta
2144 4025 2239 4076 ira:
2280 4023 2372 4077 Dei
2404 4024 2456 4075 iu
2503 4024 2692 4076 urbem
2740 4024 2983 4092 aliquam
3036 4025 3325 4093 grassatio.
3363 4022 3528 4077 Multa

1971 4117 2231 4178 virorum,
2259 4112 2573 4175 mulierum,
2609 4127 2904 4181 puerorum
2950 4121 3005 4167 et
3043 4112 3313 4166 infantum
3358 4112 3526 4166 millia

1967 4206 2119 4259 collis
2139 4206 2311 4257 instar
2327 4210 2645 4256 coacervata
2669 4211 3062 4273 prostraturum
3097 4203 3381 4257 domorum
3413 4218 3528 4258 ma-

1971 4298 2134 4351 teries
2173 4296 2470 4363 operiebat.
2517 4293 2670 4347 Hunc
2694 4296 2901 4349 exitum
2939 4294 3280 4349 habuiturbs
3302 4295 3529 4350 nubilis-

1970 4389 2106 4442 sima
2156 4395 2322 4455 atque
2352 4386 2781 4454 elegantissima,
2827 4401 2949 4454 quae
2995 4385 3064 4440 ab
3096 4397 3220 4440 ortu
3252 4402 3373 4450 suo,
3403 4401 3526 4439 cum

1968 4494 2083 4530 eam
2110 4475 2375 4531 Seleucus
2410 4475 2618 4544 primus
2652 4476 2897 4530 condidit
2921 4492 2985 4533 ac
3012 4481 3075 4531 de
3099 4478 3276 4547 patris
3309 4477 3528 4533 nomine

294 4573 422 4634 τοὺς
463 4571 737 4624 συστᾶσαν
789 4570 846 4635 ἐξ
887 4562 1058 4638 οὗπερ
1106 4567 1275 4638 αὐτὴν
1304 4567 1560 4628 Σέλευκος
1589 4567 1619 4617 ὁ
1650 4565 1861 4636 πρῶτος
1889 4551 1941 4611 D

1889 4551 1941 4611 D
1970 4565 2309 4618 Antiochiam
2345 4564 2659 4632 appellavit,
2703 4564 2768 4617 ad
2796 4563 2897 4619 800
2933 4580 3108 4619 annos
3139 4573 3386 4621 steterat.
3415 4567 3526 4620 Au-

297 4663 534 4725 ἕκτισεν,
556 4663 652 4715 ἐπὶ
676 4662 740 4731 τῇ
768 4660 1113 4733 προσηγορία
1133 4657 1228 4712 τοῦ
1259 4659 1463 4728 πατρὸς
1483 4656 1647 4710 αὑτοῦ
1666 4658 1868 4711 Ἀντιο-

295 4768 447 4821 χειαν
498 4751 778 4805 ἐκάλεσεν.
845 4749 1227 4817 Ἀγγελθέντος
1251 4748 1306 4801 δὲ
1353 4747 1443 4800 τοῦ
1480 4747 1680 4808 πάθους
1709 4748 1736 4798 ὁ
1768 4746 1867 4814 μὲν

298 4841 554 4911 βασιλεὺς
586 4839 839 4909 μεγάλως
866 4838 1073 4910 ἤλγησε
1105 4837 1205 4906 τὴν
1231 4835 1431 4907 ψυχὴν,
1475 4838 1568 4890 καὶ⁵
1607 4837 1765 4905 ῥίψας
1808 4837 1868 4888 τὸ

292 4932 531 5001 διάδημα
570 4932 666 4983 καὶ
716 4930 813 5000 τὴν
866 4928 1155 4999 πορφύραν
1198 4926 1416 4981 ἐπένθει
1446 4929 1505 4980 ὲν
1558 4929 1747 4997 σάκκῳ
1776 4929 1865 4979 καὶ

296 5022 477 5091 σποδῷ
507 5020 720 5092 ἡμέρας
741 5020 964 5084 πολλὰς,
991 5020 1084 5072 καὶ
1112 5019 1172 5070 ἐν
1198 5018 1264 5086 τῇ
1295 5017 1458 5086 ἑορτῇ
1481 5016 1538 5069 δὲ
1567 5016 1728 5078 λιτῶς
1753 5018 1865 5069 εἰσ·

294 5115 455 5185 ἦλθεν
482 5114 564 5176 εἰς
583 5113 684 5183 τὴν
699 5111 1013 5181 ἐκκλησίαν,
1050 5108 1135 5182 [Ρ.
1159 5107 1285 5179 566]
1324 5108 1397 5178 μὴ
1431 5108 1864 5179 καταδεξάμενος

295 5204 525 5275 φορέσαι
556 5204 867 5273 σήμαντρον
902 5200 1182 5271 βασιλικὸν
1211 5200 1268 5251 τὸ
1299 5197 1527 5252 οἱονοῦν.
1576 5199 1738 5252 Ἀλλά
1770 5203 1863 5253 καὶ

296 5297 499 5359 πάντες
545 5296 596 5349 οἱ
647 5294 706 5347 ἐν
763 5294 831 5364 τῇ
862 5294 1016 5346 πόλει
1076 5291 1242 5360 φαιὰν
1294 5288 1483 5359 στολὴν
1515 5290 1863 5359 ἐνδυσάμενοι

294 5387 564 5456 πανδημεὶ
613 5386 694 5449 εἰς
728 5384 789 5438 τὸ
841 5383 946 5455 πρὸ
973 5383 1069 5451 τῆς
1111 5383 1319 5444 πόλεως
1368 5380 1546 5433 πεδίον
1601 5381 1739 5436 ἑπτὰ
1770 5399 1848 5434 σίν

1969 4656 2216 4710 tluttliuta
2251 4656 2351 4708 hac
2389 4654 2541 4708 clade
2575 4656 2869 4723 imperator
2904 4657 3229 4723 gravissime
3255 4657 3526 4723 indoluit;

1966 4745 2299 4814 abjeetisque
2326 4745 2635 4799 diademate
2663 4755 2715 4799 et
2741 4758 3005 4815 purpura,
3043 4760 3202 4800 sacco
3226 4747 3450 4799 indutus
3476 4757 3531 4799 ct

1967 4840 2150 4893 cinere
2186 4850 2521 4906 conspersus
2564 4852 2656 4904 per
2694 4836 2897 4892 multos
2928 4837 3045 4891 dies
3087 4838 3262 4901 luxit;
3298 4852 3362 4890 ac
3395 4838 3532 4891 festo

1969 4931 2130 4983 etiam
2172 4928 2261 4981 die
2306 4926 2396 4980 vili
2432 4926 2618 4979 habitu
2674 4928 2934 5002 templum
2988 4926 3129 4992 iniit,
3172 4927 3379 4981 nullum
3429 4927 3533 4981 im-

1970 5021 2106 5090 pcrii
2142 5020 2359 5089 signum
2389 5028 2603 5085 gestare
2642 5019 2942 5074 sustinens.
2984 5019 3164 5074 Sedet
3192 5020 3284 5087 qui
3316 5018 3370 5072 in
3402 5021 3534 5073 urbe

1966 5120 2126 5166 erant
2152 5109 2413 5173 universi,
2448 5108 2634 5176 pullati
2664 5124 2761 5177 per
2804 5121 3009 5180 septem
3047 5110 3163 5164 dies
3192 5110 3245 5163 iu
3278 5124 3530 5176 campum

1968 5204 2060 5271 qui
2113 5201 2181 5255 ad
2219 5200 2507 5268 septimum
2544 5200 2774 5268 lapidem
2823 5204 2891 5254 ab
2938 5204 3072 5255 urbe
3121 5201 3289 5255 distat
3326 5201 3535 5270 suppli-

1966 5294 2122 5348 candi
2158 5306 2321 5345 causa
2356 5291 2529 5361 jejuni
2575 5292 2883 5346 exiveruut.
2937 5292 3082 5347 Misit
3115 5293 3414 5361 imperator
3464 5293 3529 5347 ad

1971 5380 2369 5453 repurgantlam
2400 5382 2702 5436 Antiochia:
2744 5397 2924 5435 aream
2975 5392 3029 5436 et
3080 5382 3529 5437 instaurationem

1443 5541 1791 5596 XYLAXDRI
1823 5541 1861 5595 Ε
1882 5544 1906 5593 l‘
1930 5539 2136 5598 (.U.\lil
2172 5538 2401 5593 Νυτέὲ.

371 5660 482 5732 (12)
510 5661 666 5732 ᾼριιιι
696 5659 1057 5732 Nicephorum
1116 5674 1255 5732 xv”,
1273 5659 1325 5732 3,
1345 5660 1395 5712 iu
1421 5662 1674 5732 Itltt-‘giue
1693 5663 1850 5710 Ima-

302 5728 474 5787 metet;
498 5728 723 5785 Grmcus
763 5728 845 5784 est
869 5730 1144 5796 ascriptus
1173 5747 1184 5780 :
1220 5728 1445 5797 Σκίρτος
1487 5728 1771 5796 σκιρτήσει
1799 5743 1850 5779 τ;

301 5801 469 5859 κακὸν
495 5800 771 5872 σκίρτημα
801 5799 1063 5860 πολίταις.
1102 5797 1207 5867 ligo
1233 5814 1325 5867 pro
1361 5812 1414 5849 τε
1452 5798 1742 5854 scriberem
1781 5815 1846 5855 τι,

1967 5656 2070 5710 nisi
2102 5654 2349 5732 fortene
2386 5654 2567 5709 multis
2601 5655 2851 5732 vet-sibus
2908 5654 2993 5732 hic
3054 5670 3201 5732 unius
3259 5661 3530 5732 cst,_quo

1961 5725 2189 5847 tchttl;u\
2221 5726 2290 5778 sit
2340 5726 2536 5779 locus:
2591 5723 2790 5794 Aliliget
2854 5724 3066 5778 miseros
3114 5722 3279 5779 δεῖθ’ῑὶ
3316 5722 3532 5781 :aItduo

1961 5812 2107 5847 ures.
2151 5836 2163 5847 .
2199 5810 2255 5847 XL

1960 5812 2107 5849 t':t‘t;'5.
2151 5810 2255 5847 .‘nL
