  <div class='ocr_page' id='page_1' title='image "/cluster/home/n/w/nwhite01/storage/ocr_20150623/121/nnc1.0046980032/364.png"; bbox 0 0 4214 6450; ppageno 0'>
   <div class='ocr_carea' id='block_1_1' title="bbox 217 407 324 470">
    <p class='ocr_par' dir='ltr' id='par_1_1' title="bbox 217 407 324 470">
     <span class='ocr_line' id='line_1_1' title="bbox 217 407 324 470; baseline -0.009 -1"><span class='ocrx_word' id='word_1_1' title='bbox 217 407 324 470; x_wconf 76' lang='lat'><strong>713</strong></span> 
     </span>
    </p>
   </div>
   <div class='ocr_carea' id='block_1_2' title="bbox 1314 369 3477 457">
    <p class='ocr_par' dir='ltr' id='par_1_2' title="bbox 1314 369 3477 457">
     <span class='ocr_line' id='line_1_2' title="bbox 1314 369 3477 457; baseline -0.011 -1"><span class='ocrx_word' id='word_1_2' title='bbox 1314 393 1860 457; x_wconf 78' lang='lat' dir='ltr'><strong>lllSTORlARUM</strong></span> <span class='ocrx_word' id='word_1_3' title='bbox 1890 382 2425 447; x_wconf 75' lang='lat' dir='ltr'><strong>COMPENDIUM.</strong></span> <span class='ocrx_word' id='word_1_4' title='bbox 3373 369 3477 434; x_wconf 73' lang='lat' dir='ltr'><strong>7H</strong></span> 
     </span>
    </p>
   </div>
   <div class='ocr_carea' id='block_1_3' title="bbox 220 484 1807 583">
    <p class='ocr_par' dir='ltr' id='par_1_3' title="bbox 220 509 1798 583">
     <span class='ocr_line' id='line_1_3' title="bbox 220 509 1798 583; baseline -0.012 -7"><span class='ocrx_word' id='word_1_5' title='bbox 220 519 471 581; x_wconf 83' lang='grc' dir='ltr'>δικαίως.</span> <span class='ocrx_word' id='word_1_6' title='bbox 501 518 699 570; x_wconf 80' lang='grc' dir='ltr'>Ἥκετε</span> <span class='ocrx_word' id='word_1_7' title='bbox 753 514 847 569; x_wconf 78' lang='grc' dir='ltr'><strong>οὖν</strong></span> <span class='ocrx_word' id='word_1_8' title='bbox 900 512 1129 583; x_wconf 75' lang='grc' dir='ltr'>τάχιστα</span> <span class='ocrx_word' id='word_1_9' title='bbox 1157 512 1236 573; x_wconf 79' lang='grc' dir='ltr'>εἰς</span> <span class='ocrx_word' id='word_1_10' title='bbox 1283 509 1546 582; x_wconf 73' lang='grc' dir='ltr'>Εὔρωπον</span> <span class='ocrx_word' id='word_1_11' title='bbox 1590 509 1650 563; x_wconf 55' lang='lat' dir='ltr'><strong>ea</strong></span> <span class='ocrx_word' id='word_1_12' title='bbox 1688 527 1798 579; x_wconf 83' lang='grc' dir='ltr'>χω-</span> 
     </span>
    </p>
   </div>
   <div class='ocr_carea' id='block_1_4' title="bbox 1902 484 3480 583">
    <p class='ocr_par' dir='ltr' id='par_1_4' title="bbox 1903 484 3480 567">
     <span class='ocr_line' id='line_1_4' title="bbox 1903 484 3480 567; baseline -0.01 -10"><span class='ocrx_word' id='word_1_13' title='bbox 1903 502 1970 557; x_wconf 89' lang='lat' dir='ltr'><strong>ad</strong></span> <span class='ocrx_word' id='word_1_14' title='bbox 2000 499 2277 567; x_wconf 82' lang='lat' dir='ltr'><strong>Europum</strong></span> <span class='ocrx_word' id='word_1_15' title='bbox 2317 492 2601 547; x_wconf 81' lang='lat' dir='ltr'><strong>castellum</strong></span> <span class='ocrx_word' id='word_1_16' title='bbox 2648 491 2716 545; x_wconf 88' lang='lat' dir='ltr'><strong>ad</strong></span> <span class='ocrx_word' id='word_1_17' title='bbox 2772 505 2831 547; x_wconf 88' lang='lat' dir='ltr'><strong>se</strong></span> <span class='ocrx_word' id='word_1_18' title='bbox 2875 488 3256 546; x_wconf 79' lang='lat' dir='ltr'><strong>convenirent.</strong></span> <span class='ocrx_word' id='word_1_19' title='bbox 3295 484 3371 541; x_wconf 85' lang='lat' dir='ltr'><strong>lbi</strong></span> <span class='ocrx_word' id='word_1_20' title='bbox 3419 503 3480 542; x_wconf 89' lang='lat' dir='ltr'><strong>se</strong></span> 
     </span>
    </p>
   </div>
   <div class='ocr_carea' id='block_1_5' title="bbox 225 599 1798 683">
    <p class='ocr_par' dir='ltr' id='par_1_5' title="bbox 225 599 1798 683">
     <span class='ocr_line' id='line_1_5' title="bbox 225 599 1798 683; baseline -0.008 -19"><span class='ocrx_word' id='word_1_21' title='bbox 225 612 361 683; x_wconf 87' lang='grc' dir='ltr'>ρίον,</span> <span class='ocrx_word' id='word_1_22' title='bbox 411 604 472 663; x_wconf 72' lang='grc' dir='ltr'><strong>οὗ</strong></span> <span class='ocrx_word' id='word_1_23' title='bbox 504 609 569 679; x_wconf 73' lang='grc' dir='ltr'>δὴ</span> <span class='ocrx_word' id='word_1_24' title='bbox 625 605 888 668; x_wconf 79' lang='grc' dir='ltr'>συλλέξας</span> <span class='ocrx_word' id='word_1_25' title='bbox 935 603 995 655; x_wconf 83' lang='grc' dir='ltr'>τὸ</span> <span class='ocrx_word' id='word_1_26' title='bbox 1049 601 1365 671; x_wconf 76' lang='grc' dir='ltr'>στράτευμα</span> <span class='ocrx_word' id='word_1_27' title='bbox 1393 601 1534 666; x_wconf 83' lang='grc' dir='ltr'>ὅλον,</span> <span class='ocrx_word' id='word_1_28' title='bbox 1564 600 1641 662; x_wconf 83' lang='grc' dir='ltr'><strong>ὡς</strong></span> <span class='ocrx_word' id='word_1_29' title='bbox 1673 599 1739 652; x_wconf 84' lang='grc' dir='ltr'><strong>ἂν</strong></span> <span class='ocrx_word' id='word_1_30' title='bbox 1772 600 1798 651; x_wconf 87' lang='grc' dir='ltr'><strong>ὁ</strong></span> 
     </span>
    </p>
   </div>
   <div class='ocr_carea' id='block_1_6' title="bbox 221 690 1793 773">
    <p class='ocr_par' dir='ltr' id='par_1_6' title="bbox 221 690 1793 773">
     <span class='ocr_line' id='line_1_6' title="bbox 221 690 1793 773; baseline -0.007 -22"><span class='ocrx_word' id='word_1_31' title='bbox 221 702 354 765; x_wconf 71' lang='grc' dir='ltr'>Θεὸς</span> <span class='ocrx_word' id='word_1_32' title='bbox 382 701 532 773; x_wconf 81' lang='grc' dir='ltr'>Θέλῃ,</span> <span class='ocrx_word' id='word_1_33' title='bbox 565 697 756 752; x_wconf 73' lang='grc' dir='ltr'>ἐλπίδα</span> <span class='ocrx_word' id='word_1_34' title='bbox 811 696 923 767; x_wconf 78' lang='grc' dir='ltr'>ἔχω</span> <span class='ocrx_word' id='word_1_35' title='bbox 971 695 1099 756; x_wconf 77' lang='grc' dir='ltr'>τοὺς</span> <span class='ocrx_word' id='word_1_36' title='bbox 1133 691 1422 761; x_wconf 80' lang='grc' dir='ltr'>πολεμίους</span> <span class='ocrx_word' id='word_1_37' title='bbox 1445 690 1793 761; x_wconf 65' lang='grc' dir='ltr'>ἐργάζεσθαι.</span> 
     </span>
    </p>
   </div>
   <div class='ocr_carea' id='block_1_7' title="bbox 224 784 1799 859">
    <p class='ocr_par' dir='ltr' id='par_1_7' title="bbox 224 784 1799 859">
     <span class='ocr_line' id='line_1_7' title="bbox 224 784 1799 859; baseline -0.008 -11"><span class='ocrx_word' id='word_1_38' title='bbox 224 796 334 848; x_wconf 72' lang='grc' dir='ltr'><strong>Καὶ</strong></span> <span class='ocrx_word' id='word_1_39' title='bbox 360 793 554 845; x_wconf 86' lang='grc' dir='ltr'>τούτου</span> <span class='ocrx_word' id='word_1_40' title='bbox 598 789 895 859; x_wconf 74' lang='grc' dir='ltr'><strong>γενομένου</strong></span> <span class='ocrx_word' id='word_1_41' title='bbox 924 790 952 840; x_wconf 85' lang='grc' dir='ltr'><strong>ό</strong></span> <span class='ocrx_word' id='word_1_42' title='bbox 979 785 1227 854; x_wconf 72' lang='grc' dir='ltr'>Χοσρὸης</span> <span class='ocrx_word' id='word_1_43' title='bbox 1258 784 1318 837; x_wconf 76' lang='grc' dir='ltr'><strong>τὸ</strong></span> <span class='ocrx_word' id='word_1_44' title='bbox 1379 784 1644 855; x_wconf 77' lang='grc' dir='ltr'><strong>ἐξαίφνης</strong></span> <span class='ocrx_word' id='word_1_45' title='bbox 1701 786 1799 853; x_wconf 66' lang='grc' dir='ltr'><strong>τῆς</strong></span> 
     </span>
    </p>
   </div>
   <div class='ocr_carea' id='block_1_8' title="bbox 220 876 1800 951">
    <p class='ocr_par' dir='ltr' id='par_1_8' title="bbox 220 876 1800 951">
     <span class='ocr_line' id='line_1_8' title="bbox 220 876 1800 951; baseline -0.006 -12"><span class='ocrx_word' id='word_1_46' title='bbox 220 885 316 939; x_wconf 75' lang='grc' dir='ltr'><strong>τοῦ</strong></span> <span class='ocrx_word' id='word_1_47' title='bbox 368 881 688 951; x_wconf 79' lang='grc' dir='ltr'>Βελισσρίου</span> <span class='ocrx_word' id='word_1_48' title='bbox 745 879 1050 950; x_wconf 73' lang='grc' dir='ltr'><strong>παρουσίας</strong></span> <span class='ocrx_word' id='word_1_49' title='bbox 1111 877 1353 939; x_wconf 81' lang='grc' dir='ltr'>ἀκούσας</span> <span class='ocrx_word' id='word_1_50' title='bbox 1413 876 1648 944; x_wconf 79' lang='grc' dir='ltr'>ἐξέστη,</span> <span class='ocrx_word' id='word_1_51' title='bbox 1704 879 1800 929; x_wconf 69' lang='grc' dir='ltr'>καὶ</span> 
     </span>
    </p>
   </div>
   <div class='ocr_carea' id='block_1_9' title="bbox 224 966 1798 1044">
    <p class='ocr_par' dir='ltr' id='par_1_9' title="bbox 224 966 1798 1044">
     <span class='ocr_line' id='line_1_9' title="bbox 224 966 1798 1044; baseline -0.006 -18"><span class='ocrx_word' id='word_1_52' title='bbox 224 974 413 1044; x_wconf 74' lang='grc' dir='ltr'>πρόσω</span> <span class='ocrx_word' id='word_1_53' title='bbox 448 973 548 1043; x_wconf 83' lang='grc' dir='ltr'><strong>μὲν</strong></span> <span class='ocrx_word' id='word_1_54' title='bbox 583 971 829 1026; x_wconf 80' lang='grc' dir='ltr'>ὲλαύνειν</span> <span class='ocrx_word' id='word_1_55' title='bbox 875 968 975 1022; x_wconf 84' lang='grc' dir='ltr'><strong>οὐκ</strong></span> <span class='ocrx_word' id='word_1_56' title='bbox 1013 967 1175 1035; x_wconf 80' lang='grc' dir='ltr'>ἔγνω,</span> <span class='ocrx_word' id='word_1_57' title='bbox 1232 967 1573 1035; x_wconf 64' lang='grc' dir='ltr'>Ἀϐλ.δάζην</span> <span class='ocrx_word' id='word_1_58' title='bbox 1603 966 1658 1018; x_wconf 83' lang='grc' dir='ltr'>δὲ</span> <span class='ocrx_word' id='word_1_59' title='bbox 1708 966 1798 1019; x_wconf 73' lang='grc' dir='ltr'>τὸν</span> 
     </span>
    </p>
   </div>
   <div class='ocr_carea' id='block_1_10' title="bbox 221 1057 1794 1138">
    <p class='ocr_par' dir='ltr' id='par_1_10' title="bbox 221 1057 1794 1138">
     <span class='ocr_line' id='line_1_10' title="bbox 221 1057 1794 1138; baseline -0.001 -24"><span class='ocrx_word' id='word_1_60' title='bbox 221 1064 577 1138; x_wconf 73' lang='grc' dir='ltr'><strong>γραμματέα,</strong></span> <span class='ocrx_word' id='word_1_61' title='bbox 597 1064 765 1131; x_wconf 80' lang='grc' dir='ltr'>ἄνδρα</span> <span class='ocrx_word' id='word_1_62' title='bbox 786 1061 1027 1124; x_wconf 71' lang='grc' dir='ltr'>συσετδν,</span> <span class='ocrx_word' id='word_1_63' title='bbox 1053 1062 1187 1129; x_wconf 64' lang='grc' dir='ltr'>πρδς</span> <span class='ocrx_word' id='word_1_64' title='bbox 1217 1057 1536 1128; x_wconf 86' lang='grc' dir='ltr'>Βελισάριον</span> <span class='ocrx_word' id='word_1_65' title='bbox 1556 1057 1794 1128; x_wconf 57' lang='grc' dir='ltr'>ἔπεμψε,</span> 
     </span>
    </p>
   </div>
   <div class='ocr_carea' id='block_1_11' title="bbox 221 1151 1797 1223">
    <p class='ocr_par' dir='ltr' id='par_1_11' title="bbox 221 1151 1797 1223">
     <span class='ocr_line' id='line_1_11' title="bbox 221 1151 1797 1223; baseline -0.004 -14"><span class='ocrx_word' id='word_1_66' title='bbox 221 1159 315 1209; x_wconf 81' lang='grc' dir='ltr'><strong>τόν</strong></span> <span class='ocrx_word' id='word_1_67' title='bbox 346 1173 405 1209; x_wconf 87' lang='grc' dir='ltr'><strong>τε</strong></span> <span class='ocrx_word' id='word_1_68' title='bbox 432 1155 738 1223; x_wconf 79' lang='grc' dir='ltr'>στρατηγὸν</span> <span class='ocrx_word' id='word_1_69' title='bbox 765 1152 1249 1222; x_wconf 67' lang='grc' dir='ltr'>κατασκεψόμενον</span> <span class='ocrx_word' id='word_1_70' title='bbox 1285 1151 1380 1204; x_wconf 85' lang='grc' dir='ltr'>καί</span> <span class='ocrx_word' id='word_1_71' title='bbox 1407 1152 1467 1205; x_wconf 75' lang='grc' dir='ltr'>τὸ</span> <span class='ocrx_word' id='word_1_72' title='bbox 1496 1151 1797 1220; x_wconf 78' lang='grc' dir='ltr'>στρατόπε-</span> 
     </span>
    </p>
   </div>
   <div class='ocr_carea' id='block_1_12' title="bbox 221 1244 1797 1319">
    <p class='ocr_par' dir='ltr' id='par_1_12' title="bbox 221 1244 1797 1319">
     <span class='ocr_line' id='line_1_12' title="bbox 221 1244 1797 1319; baseline -0.005 -16"><span class='ocrx_word' id='word_1_73' title='bbox 221 1251 333 1311; x_wconf 86' lang='grc' dir='ltr'>δον,</span> <span class='ocrx_word' id='word_1_74' title='bbox 365 1249 461 1302; x_wconf 65' lang='grc' dir='ltr'>καὶ</span> <span class='ocrx_word' id='word_1_75' title='bbox 487 1249 566 1319; x_wconf 84' lang='grc' dir='ltr'>τῷ</span> <span class='ocrx_word' id='word_1_76' title='bbox 587 1248 730 1318; x_wconf 64' lang='grc' dir='ltr'>λόγῳ</span> <span class='ocrx_word' id='word_1_77' title='bbox 767 1248 927 1318; x_wconf 74' lang='grc' dir='ltr'>δῆθεν</span> <span class='ocrx_word' id='word_1_78' title='bbox 957 1246 1308 1317; x_wconf 61' lang='grc' dir='ltr'>μεμφόμενον</span> <span class='ocrx_word' id='word_1_79' title='bbox 1349 1245 1433 1298; x_wconf 81' lang='grc' dir='ltr'><strong>ὅτι</strong></span> <span class='ocrx_word' id='word_1_80' title='bbox 1488 1244 1797 1299; x_wconf 83' lang='grc' dir='ltr'>ἰουστινια-</span> 
     </span>
    </p>
   </div>
   <div class='ocr_carea' id='block_1_13' title="bbox 222 1334 1796 1410">
    <p class='ocr_par' dir='ltr' id='par_1_13' title="bbox 222 1334 1796 1410">
     <span class='ocr_line' id='line_1_13' title="bbox 222 1334 1796 1410; baseline -0.004 -18"><span class='ocrx_word' id='word_1_81' title='bbox 222 1341 311 1405; x_wconf 66' lang='lat' dir='ltr'><strong>vi);</strong></span> <span class='ocrx_word' id='word_1_82' title='bbox 332 1344 360 1395; x_wconf 86' lang='grc' dir='ltr'><strong>ὀ</strong></span> <span class='ocrx_word' id='word_1_83' title='bbox 396 1340 646 1410; x_wconf 69' lang='grc' dir='ltr'>βασιλεὺς</span> <span class='ocrx_word' id='word_1_84' title='bbox 669 1340 795 1402; x_wconf 71' lang='grc' dir='ltr'>τοὺς</span> <span class='ocrx_word' id='word_1_85' title='bbox 817 1337 1078 1409; x_wconf 81' lang='grc' dir='ltr'>πρέσϐεις</span> <span class='ocrx_word' id='word_1_86' title='bbox 1113 1339 1173 1389; x_wconf 80' lang='grc' dir='ltr'>ὲν</span> <span class='ocrx_word' id='word_1_87' title='bbox 1207 1334 1430 1405; x_wconf 83' lang='grc' dir='ltr'>Περσίδι</span> <span class='ocrx_word' id='word_1_88' title='bbox 1455 1336 1553 1388; x_wconf 71' lang='grc' dir='ltr'><strong>οὐκ</strong></span> <span class='ocrx_word' id='word_1_89' title='bbox 1580 1334 1796 1403; x_wconf 65' lang='grc' dir='ltr'>ἔπεμψε</span> 
     </span>
    </p>
   </div>
   <div class='ocr_carea' id='block_1_14' title="bbox 221 1426 1799 1503">
    <p class='ocr_par' dir='ltr' id='par_1_14' title="bbox 221 1426 1799 1503">
     <span class='ocr_line' id='line_1_14' title="bbox 221 1426 1799 1503; baseline -0.003 -19"><span class='ocrx_word' id='word_1_90' title='bbox 221 1432 323 1502; x_wconf 79' lang='grc' dir='ltr'>τὴν</span> <span class='ocrx_word' id='word_1_91' title='bbox 349 1433 573 1503; x_wconf 77' lang='grc' dir='ltr'><strong>εἰρήνην</strong></span> <span class='ocrx_word' id='word_1_92' title='bbox 608 1430 1100 1501; x_wconf 80' lang='grc' dir='ltr'>πρυτανεύσοντας.</span> <span class='ocrx_word' id='word_1_93' title='bbox 1145 1426 1204 1479; x_wconf 81' lang='grc' dir='ltr'>Ὀ</span> <span class='ocrx_word' id='word_1_94' title='bbox 1236 1427 1291 1479; x_wconf 82' lang='grc' dir='ltr'>δὲ</span> <span class='ocrx_word' id='word_1_95' title='bbox 1319 1427 1658 1498; x_wconf 77' lang='grc' dir='ltr'>Βελισάριος,</span> <span class='ocrx_word' id='word_1_96' title='bbox 1697 1442 1799 1495; x_wconf 85' lang='grc' dir='ltr'>μα-</span> 
     </span>
    </p>
   </div>
   <div class='ocr_carea' id='block_1_15' title="bbox 225 1517 1799 1595">
    <p class='ocr_par' dir='ltr' id='par_1_15' title="bbox 225 1517 1799 1595">
     <span class='ocr_line' id='line_1_15' title="bbox 225 1517 1799 1595; baseline -0.006 -18"><span class='ocrx_word' id='word_1_97' title='bbox 225 1524 334 1577; x_wconf 82' lang='grc' dir='ltr'>Θὼν</span> <span class='ocrx_word' id='word_1_98' title='bbox 357 1524 484 1585; x_wconf 69' lang='grc' dir='ltr'>τοὺς</span> <span class='ocrx_word' id='word_1_99' title='bbox 523 1523 779 1595; x_wconf 78' lang='grc' dir='ltr'>πρέσϐεις</span> <span class='ocrx_word' id='word_1_100' title='bbox 809 1522 967 1591; x_wconf 73' lang='grc' dir='ltr'>ἥκειν</span> <span class='ocrx_word' id='word_1_101' title='bbox 992 1560 1007 1582; x_wconf 88' lang='grc'><strong>,</strong></span> <span class='ocrx_word' id='word_1_102' title='bbox 1054 1519 1215 1583; x_wconf 78' lang='grc' dir='ltr'>αὐτὸς</span> <span class='ocrx_word' id='word_1_103' title='bbox 1269 1518 1369 1589; x_wconf 83' lang='grc' dir='ltr'>μὲν</span> <span class='ocrx_word' id='word_1_104' title='bbox 1402 1517 1799 1586; x_wconf 73' lang='grc' dir='ltr'>ἑξακισχιλίους</span> 
     </span>
    </p>
   </div>
   <div class='ocr_carea' id='block_1_16' title="bbox 223 1607 1799 1684">
    <p class='ocr_par' dir='ltr' id='par_1_16' title="bbox 223 1607 1799 1684">
     <span class='ocr_line' id='line_1_16' title="bbox 223 1607 1799 1684; baseline -0.005 -17"><span class='ocrx_word' id='word_1_105' title='bbox 223 1615 614 1684; x_wconf 80' lang='grc' dir='ltr'>ἐπιλεξάμενος</span> <span class='ocrx_word' id='word_1_106' title='bbox 658 1613 857 1681; x_wconf 79' lang='grc' dir='ltr'>ἄνδρας</span> <span class='ocrx_word' id='word_1_107' title='bbox 899 1611 1158 1681; x_wconf 75' lang='grc' dir='ltr'>εὐμήκεις</span> <span class='ocrx_word' id='word_1_108' title='bbox 1190 1628 1251 1663; x_wconf 86' lang='grc' dir='ltr'><strong>τε</strong></span> <span class='ocrx_word' id='word_1_109' title='bbox 1308 1609 1405 1663; x_wconf 67' lang='grc' dir='ltr'><strong>καὶ</strong></span> <span class='ocrx_word' id='word_1_110' title='bbox 1444 1610 1523 1678; x_wconf 78' lang='grc' dir='ltr'><strong>τῷ</strong></span> <span class='ocrx_word' id='word_1_111' title='bbox 1586 1607 1799 1677; x_wconf 80' lang='grc' dir='ltr'>σώματι</span> 
     </span>
    </p>
   </div>
   <div class='ocr_carea' id='block_1_17' title="bbox 225 1699 1795 1775">
    <p class='ocr_par' dir='ltr' id='par_1_17' title="bbox 225 1699 1795 1775">
     <span class='ocr_line' id='line_1_17' title="bbox 225 1699 1795 1775; baseline -0.006 -15"><span class='ocrx_word' id='word_1_112' title='bbox 225 1708 422 1769; x_wconf 67' lang='grc' dir='ltr'>καλοὺς</span> <span class='ocrx_word' id='word_1_113' title='bbox 452 1706 653 1761; x_wconf 75' lang='grc' dir='ltr'>ἄποθεν</span> <span class='ocrx_word' id='word_1_114' title='bbox 707 1702 802 1755; x_wconf 78' lang='grc' dir='ltr'>τοῦ</span> <span class='ocrx_word' id='word_1_115' title='bbox 837 1703 1199 1775; x_wconf 81' lang='grc' dir='ltr'>στρατοπέδου</span> <span class='ocrx_word' id='word_1_116' title='bbox 1241 1704 1569 1771; x_wconf 77' lang='grc' dir='ltr'>κυνηγήσων</span> <span class='ocrx_word' id='word_1_117' title='bbox 1625 1699 1795 1771; x_wconf 75' lang='grc' dir='ltr'>ἐξῄει,</span> 
     </span>
    </p>
   </div>
   <div class='ocr_carea' id='block_1_18' title="bbox 221 1792 1796 1866">
    <p class='ocr_par' dir='ltr' id='par_1_18' title="bbox 221 1792 1796 1866">
     <span class='ocr_line' id='line_1_18' title="bbox 221 1792 1796 1866; baseline -0.004 -14"><span class='ocrx_word' id='word_1_118' title='bbox 221 1800 480 1866; x_wconf 74' lang='grc' dir='ltr'><strong>Διογένην</strong></span> <span class='ocrx_word' id='word_1_119' title='bbox 513 1797 569 1850; x_wconf 77' lang='grc' dir='ltr'>δὲ</span> <span class='ocrx_word' id='word_1_120' title='bbox 599 1796 689 1849; x_wconf 74' lang='grc' dir='ltr'><strong>τὸν</strong></span> <span class='ocrx_word' id='word_1_121' title='bbox 725 1796 1021 1866; x_wconf 68' lang='grc' dir='ltr'>δορυφόρον</span> <span class='ocrx_word' id='word_1_122' title='bbox 1051 1796 1146 1847; x_wconf 76' lang='grc' dir='ltr'><strong>καὶ</strong></span> <span class='ocrx_word' id='word_1_123' title='bbox 1168 1792 1440 1846; x_wconf 85' lang='grc' dir='ltr'>Ἀδούλιον</span> <span class='ocrx_word' id='word_1_124' title='bbox 1470 1793 1640 1864; x_wconf 85' lang='grc' dir='ltr'>ἄνδρα</span> <span class='ocrx_word' id='word_1_125' title='bbox 1670 1793 1796 1863; x_wconf 75' lang='grc' dir='ltr'><strong>’Δρ-</strong></span> 
     </span>
    </p>
   </div>
   <div class='ocr_carea' id='block_1_19' title="bbox 1906 570 3480 649">
    <p class='ocr_par' dir='ltr' id='par_1_19' title="bbox 1906 570 3480 649">
     <span class='ocr_line' id='line_1_19' title="bbox 1906 570 3480 649; baseline -0.011 0"><span class='ocrx_word' id='word_1_126' title='bbox 1906 590 2208 649; x_wconf 72' lang='lat' dir='ltr'><strong>exercitum</strong></span> <span class='ocrx_word' id='word_1_127' title='bbox 2251 596 2426 642; x_wconf 86' lang='lat' dir='ltr'><strong>totum</strong></span> <span class='ocrx_word' id='word_1_128' title='bbox 2484 570 2875 648; x_wconf 79' lang='lat' dir='ltr'><strong>collecturum,</strong></span> <span class='ocrx_word' id='word_1_129' title='bbox 2935 591 2989 637; x_wconf 90' lang='lat' dir='ltr'><strong>et</strong></span> <span class='ocrx_word' id='word_1_130' title='bbox 3038 580 3150 635; x_wconf 86' lang='lat' dir='ltr'><strong>Deo</strong></span> <span class='ocrx_word' id='word_1_131' title='bbox 3200 578 3480 635; x_wconf 82' lang='lat' dir='ltr'><strong>conﬁdere</strong></span> 
     </span>
    </p>
   </div>
   <div class='ocr_carea' id='block_1_20' title="bbox 1903 669 3479 739">
    <p class='ocr_par' dir='ltr' id='par_1_20' title="bbox 1903 669 3479 739">
     <span class='ocr_line' id='line_1_20' title="bbox 1903 669 3479 739; baseline -0.01 0"><span class='ocrx_word' id='word_1_132' title='bbox 1903 683 2153 739; x_wconf 86' lang='lat' dir='ltr'><strong>hostibus</strong></span> <span class='ocrx_word' id='word_1_133' title='bbox 2187 694 2245 734; x_wconf 91' lang='lat' dir='ltr'><strong>se</strong></span> <span class='ocrx_word' id='word_1_134' title='bbox 2271 677 2828 731; x_wconf 87' lang='lat' dir='ltr'><strong>incommodaturum.</strong></span> <span class='ocrx_word' id='word_1_135' title='bbox 2850 673 2949 727; x_wconf 86' lang='lat' dir='ltr'><strong>His</strong></span> <span class='ocrx_word' id='word_1_136' title='bbox 2982 674 3056 727; x_wconf 82' lang='lat' dir='ltr'><strong>ita</strong></span> <span class='ocrx_word' id='word_1_137' title='bbox 3089 670 3271 734; x_wconf 80' lang='lat' dir='ltr'><strong>factis.</strong></span> <span class='ocrx_word' id='word_1_138' title='bbox 3303 669 3479 725; x_wconf 81' lang='lat' dir='ltr'><strong>Ches—</strong></span> 
     </span>
    </p>
   </div>
   <div class='ocr_carea' id='block_1_21' title="bbox 1904 762 3476 829">
    <p class='ocr_par' dir='ltr' id='par_1_21' title="bbox 1904 762 3476 829">
     <span class='ocr_line' id='line_1_21' title="bbox 1904 762 3476 829; baseline -0.01 0"><span class='ocrx_word' id='word_1_139' title='bbox 1904 790 2030 829; x_wconf 90' lang='lat' dir='ltr'><strong>roes</strong></span> <span class='ocrx_word' id='word_1_140' title='bbox 2081 772 2262 827; x_wconf 90' lang='lat' dir='ltr'><strong>subito</strong></span> <span class='ocrx_word' id='word_1_141' title='bbox 2296 766 2551 822; x_wconf 86' lang='lat' dir='ltr'><strong>Belisarii</strong></span> <span class='ocrx_word' id='word_1_142' title='bbox 2588 763 2823 819; x_wconf 89' lang='lat' dir='ltr'><strong>adventu</strong></span> <span class='ocrx_word' id='word_1_143' title='bbox 2873 763 3060 817; x_wconf 88' lang='lat' dir='ltr'><strong>audito</strong></span> <span class='ocrx_word' id='word_1_144' title='bbox 3076 762 3306 817; x_wconf 89' lang='lat' dir='ltr'><strong>territus</strong></span> <span class='ocrx_word' id='word_1_145' title='bbox 3337 769 3423 815; x_wconf 89' lang='lat' dir='ltr'><strong>est</strong></span> <span class='ocrx_word' id='word_1_146' title='bbox 3460 776 3476 823; x_wconf 91' lang='lat'><strong>;</strong></span> 
     </span>
    </p>
   </div>
   <div class='ocr_carea' id='block_1_22' title="bbox 1906 852 3477 929">
    <p class='ocr_par' dir='ltr' id='par_1_22' title="bbox 1906 852 3477 929">
     <span class='ocr_line' id='line_1_22' title="bbox 1906 852 3477 929; baseline -0.009 -9"><span class='ocrx_word' id='word_1_147' title='bbox 1906 882 1967 920; x_wconf 87' lang='lat' dir='ltr'><strong>ac</strong></span> <span class='ocrx_word' id='word_1_148' title='bbox 1999 864 2233 918; x_wconf 89' lang='lat' dir='ltr'><strong>ulterius</strong></span> <span class='ocrx_word' id='word_1_149' title='bbox 2264 858 2589 929; x_wconf 78' lang='lat' dir='ltr'><strong>procedendi</strong></span> <span class='ocrx_word' id='word_1_150' title='bbox 2626 856 2862 912; x_wconf 89' lang='lat' dir='ltr'><strong>consilio</strong></span> <span class='ocrx_word' id='word_1_151' title='bbox 2894 854 3184 925; x_wconf 73' lang='lat' dir='ltr'><strong>repudiato</strong></span> <span class='ocrx_word' id='word_1_152' title='bbox 3217 852 3477 907; x_wconf 81' lang='lat' dir='ltr'><strong>Ahanda-</strong></span> 
     </span>
    </p>
   </div>
   <div class='ocr_carea' id='block_1_23' title="bbox 1904 947 3468 1022">
    <p class='ocr_par' dir='ltr' id='par_1_23' title="bbox 1904 947 3468 1022">
     <span class='ocr_line' id='line_1_23' title="bbox 1904 947 3468 1022; baseline -0.01 -10"><span class='ocrx_word' id='word_1_153' title='bbox 1904 974 2020 1013; x_wconf 87' lang='lat' dir='ltr'><strong>zetn</strong></span> <span class='ocrx_word' id='word_1_154' title='bbox 2054 958 2312 1017; x_wconf 85' lang='lat' dir='ltr'><strong>scribam.</strong></span> <span class='ocrx_word' id='word_1_155' title='bbox 2346 954 2621 1009; x_wconf 87' lang='lat' dir='ltr'><strong>hominem</strong></span> <span class='ocrx_word' id='word_1_156' title='bbox 2655 952 3005 1022; x_wconf 77' lang='lat' dir='ltr'><strong>prudentem,</strong></span> <span class='ocrx_word' id='word_1_157' title='bbox 3040 949 3109 1004; x_wconf 85' lang='lat' dir='ltr'><strong>ad</strong></span> <span class='ocrx_word' id='word_1_158' title='bbox 3143 947 3468 1003; x_wconf 81' lang='lat' dir='ltr'><strong>Belisarium</strong></span> 
     </span>
    </p>
   </div>
   <div class='ocr_carea' id='block_1_24' title="bbox 1904 1040 3473 1118">
    <p class='ocr_par' dir='ltr' id='par_1_24' title="bbox 1904 1040 3473 1118">
     <span class='ocr_line' id='line_1_24' title="bbox 1904 1040 3473 1118; baseline -0.01 -14"><span class='ocrx_word' id='word_1_159' title='bbox 1904 1050 2089 1115; x_wconf 91' lang='lat' dir='ltr'><strong>mittit,</strong></span> <span class='ocrx_word' id='word_1_160' title='bbox 2120 1047 2428 1118; x_wconf 87' lang='lat' dir='ltr'><strong>quidueem</strong></span> <span class='ocrx_word' id='word_1_161' title='bbox 2456 1052 2511 1100; x_wconf 88' lang='lat' dir='ltr'><strong>et</strong></span> <span class='ocrx_word' id='word_1_162' title='bbox 2568 1044 2869 1098; x_wconf 83' lang='lat' dir='ltr'><strong>exercitum</strong></span> <span class='ocrx_word' id='word_1_163' title='bbox 2931 1041 3313 1113; x_wconf 76' lang='lat' dir='ltr'><strong>specularetur</strong></span> <span class='ocrx_word' id='word_1_164' title='bbox 3368 1040 3473 1094; x_wconf 92' lang='lat' dir='ltr'><strong>sub</strong></span> 
     </span>
    </p>
   </div>
   <div class='ocr_carea' id='block_1_25' title="bbox 1902 1132 3477 1210">
    <p class='ocr_par' dir='ltr' id='par_1_25' title="bbox 1902 1132 3477 1210">
     <span class='ocr_line' id='line_1_25' title="bbox 1902 1132 3477 1210; baseline -0.006 -17"><span class='ocrx_word' id='word_1_165' title='bbox 1902 1149 2166 1210; x_wconf 74' lang='lat' dir='ltr'><strong>praetextu</strong></span> <span class='ocrx_word' id='word_1_166' title='bbox 2201 1137 2489 1208; x_wconf 81' lang='lat' dir='ltr'><strong>legationis</strong></span> <span class='ocrx_word' id='word_1_167' title='bbox 2520 1133 2931 1205; x_wconf 76' lang='lat' dir='ltr'><strong>evpostulatutn</strong></span> <span class='ocrx_word' id='word_1_168' title='bbox 2964 1134 3167 1199; x_wconf 77' lang='lat' dir='ltr'><strong>missae,</strong></span> <span class='ocrx_word' id='word_1_169' title='bbox 3188 1132 3311 1188; x_wconf 91' lang='lat' dir='ltr'><strong>ideo</strong></span> <span class='ocrx_word' id='word_1_170' title='bbox 3332 1132 3477 1202; x_wconf 90' lang='lat' dir='ltr'><strong>quod</strong></span> 
     </span>
    </p>
   </div>
   <div class='ocr_carea' id='block_1_26' title="bbox 1901 1218 3479 1296">
    <p class='ocr_par' dir='ltr' id='par_1_26' title="bbox 1901 1218 3479 1296">
     <span class='ocr_line' id='line_1_26' title="bbox 1901 1218 3479 1296; baseline -0.01 -12"><span class='ocrx_word' id='word_1_171' title='bbox 1901 1229 2249 1284; x_wconf 78' lang='lat' dir='ltr'><strong>Justinianus</strong></span> <span class='ocrx_word' id='word_1_172' title='bbox 2310 1229 2517 1296; x_wconf 88' lang='lat' dir='ltr'><strong>legatos</strong></span> <span class='ocrx_word' id='word_1_173' title='bbox 2589 1224 2738 1294; x_wconf 83' lang='lat' dir='ltr'><strong>pacis</strong></span> <span class='ocrx_word' id='word_1_174' title='bbox 2816 1220 3127 1277; x_wconf 72' lang='lat' dir='ltr'><strong>sancienda:</strong></span> <span class='ocrx_word' id='word_1_175' title='bbox 3197 1232 3368 1274; x_wconf 84' lang='lat' dir='ltr'><strong>causa</strong></span> <span class='ocrx_word' id='word_1_176' title='bbox 3424 1218 3479 1270; x_wconf 89' lang='lat' dir='ltr'><strong>itt</strong></span> 
     </span>
    </p>
   </div>
   <div class='ocr_carea' id='block_1_27' title="bbox 1902 1311 3480 1381">
    <p class='ocr_par' dir='ltr' id='par_1_27' title="bbox 1902 1311 3480 1381">
     <span class='ocr_line' id='line_1_27' title="bbox 1902 1311 3480 1381; baseline -0.01 -3"><span class='ocrx_word' id='word_1_177' title='bbox 1902 1323 2179 1378; x_wconf 79' lang='lat' dir='ltr'><strong>Persidem</strong></span> <span class='ocrx_word' id='word_1_178' title='bbox 2216 1333 2324 1372; x_wconf 90' lang='lat' dir='ltr'><strong>non</strong></span> <span class='ocrx_word' id='word_1_179' title='bbox 2357 1316 2619 1371; x_wconf 76' lang='lat' dir='ltr'><strong>misisset.</strong></span> <span class='ocrx_word' id='word_1_180' title='bbox 2656 1313 2957 1369; x_wconf 85' lang='lat' dir='ltr'><strong>Belisarius</strong></span> <span class='ocrx_word' id='word_1_181' title='bbox 3010 1311 3231 1380; x_wconf 82' lang='lat' dir='ltr'><strong>cognito</strong></span> <span class='ocrx_word' id='word_1_182' title='bbox 3272 1312 3480 1381; x_wconf 88' lang='lat' dir='ltr'><strong>legatos</strong></span> 
     </span>
    </p>
   </div>
   <div class='ocr_carea' id='block_1_28' title="bbox 1905 1401 3478 1474">
    <p class='ocr_par' dir='ltr' id='par_1_28' title="bbox 1905 1401 3478 1474">
     <span class='ocr_line' id='line_1_28' title="bbox 1905 1401 3478 1474; baseline -0.008 -9"><span class='ocrx_word' id='word_1_183' title='bbox 1905 1412 2221 1474; x_wconf 75' lang='lat' dir='ltr'><strong>adventare,</strong></span> <span class='ocrx_word' id='word_1_184' title='bbox 2243 1424 2335 1463; x_wconf 75' lang='lat' dir='ltr'><strong>sex</strong></span> <span class='ocrx_word' id='word_1_185' title='bbox 2369 1408 2538 1461; x_wconf 82' lang='lat' dir='ltr'><strong>millia</strong></span> <span class='ocrx_word' id='word_1_186' title='bbox 2568 1408 2807 1460; x_wconf 86' lang='lat' dir='ltr'><strong>virorum</strong></span> <span class='ocrx_word' id='word_1_187' title='bbox 2842 1412 3055 1461; x_wconf 89' lang='lat' dir='ltr'><strong>statura</strong></span> <span class='ocrx_word' id='word_1_188' title='bbox 3086 1413 3140 1456; x_wconf 90' lang='lat' dir='ltr'><strong>et</strong></span> <span class='ocrx_word' id='word_1_189' title='bbox 3164 1401 3339 1458; x_wconf 82' lang='lat' dir='ltr'><strong>forma</strong></span> <span class='ocrx_word' id='word_1_190' title='bbox 3358 1417 3478 1455; x_wconf 88' lang='lat' dir='ltr'><strong>cor-</strong></span> 
     </span>
    </p>
   </div>
   <div class='ocr_carea' id='block_1_29' title="bbox 1906 1492 3476 1574">
    <p class='ocr_par' dir='ltr' id='par_1_29' title="bbox 1906 1492 3476 1574">
     <span class='ocr_line' id='line_1_29' title="bbox 1906 1492 3476 1574; baseline -0.006 -20"><span class='ocrx_word' id='word_1_191' title='bbox 1906 1505 2053 1574; x_wconf 74' lang='lat' dir='ltr'><strong>poris</strong></span> <span class='ocrx_word' id='word_1_192' title='bbox 2110 1502 2487 1572; x_wconf 72' lang='lat' dir='ltr'><strong>prmstantium</strong></span> <span class='ocrx_word' id='word_1_193' title='bbox 2532 1498 2751 1566; x_wconf 85' lang='lat' dir='ltr'><strong>delegit,</strong></span> <span class='ocrx_word' id='word_1_194' title='bbox 2805 1512 3040 1567; x_wconf 88' lang='lat' dir='ltr'><strong>cumque</strong></span> <span class='ocrx_word' id='word_1_195' title='bbox 3075 1496 3160 1550; x_wconf 86' lang='lat' dir='ltr'><strong>his</strong></span> <span class='ocrx_word' id='word_1_196' title='bbox 3212 1492 3404 1564; x_wconf 84' lang='lat' dir='ltr'><strong>procul</strong></span> <span class='ocrx_word' id='word_1_197' title='bbox 3448 1508 3476 1545; x_wconf 88' lang='lat' dir='ltr'><strong>a</strong></span> 
     </span>
    </p>
   </div>
   <div class='ocr_carea' id='block_1_30' title="bbox 1904 1592 3479 1665">
    <p class='ocr_par' dir='ltr' id='par_1_30' title="bbox 1904 1592 3479 1665">
     <span class='ocr_line' id='line_1_30' title="bbox 1904 1592 3479 1665; baseline -0.01 -8"><span class='ocrx_word' id='word_1_198' title='bbox 1904 1603 2106 1657; x_wconf 64' lang='lat' dir='ltr'><strong>castris</strong></span> <span class='ocrx_word' id='word_1_199' title='bbox 2133 1601 2300 1655; x_wconf 85' lang='lat' dir='ltr'><strong>veluti</strong></span> <span class='ocrx_word' id='word_1_200' title='bbox 2339 1610 2597 1654; x_wconf 78' lang='lat' dir='ltr'><strong>venatum</strong></span> <span class='ocrx_word' id='word_1_201' title='bbox 2629 1594 2922 1665; x_wconf 85' lang='lat' dir='ltr'><strong>processit.</strong></span> <span class='ocrx_word' id='word_1_202' title='bbox 2982 1592 3275 1663; x_wconf 77' lang='lat' dir='ltr'><strong>Diogenem</strong></span> <span class='ocrx_word' id='word_1_203' title='bbox 3309 1604 3479 1660; x_wconf 90' lang='lat' dir='ltr'><strong>porro</strong></span> 
     </span>
    </p>
   </div>
   <div class='ocr_carea' id='block_1_31' title="bbox 1903 1682 3478 1765">
    <p class='ocr_par' dir='ltr' id='par_1_31' title="bbox 1903 1682 3478 1765">
     <span class='ocr_line' id='line_1_31' title="bbox 1903 1682 3478 1765; baseline -0.007 -17"><span class='ocrx_word' id='word_1_204' title='bbox 1903 1696 2223 1765; x_wconf 88' lang='lat' dir='ltr'><strong>stipatorem</strong></span> <span class='ocrx_word' id='word_1_205' title='bbox 2260 1689 2583 1746; x_wconf 81' lang='lat' dir='ltr'><strong>etAdulium</strong></span> <span class='ocrx_word' id='word_1_206' title='bbox 2617 1686 2936 1742; x_wconf 87' lang='lat' dir='ltr'><strong>Armenium</strong></span> <span class='ocrx_word' id='word_1_207' title='bbox 2972 1698 3096 1739; x_wconf 90' lang='lat' dir='ltr'><strong>eum</strong></span> <span class='ocrx_word' id='word_1_208' title='bbox 3146 1683 3291 1738; x_wconf 90' lang='lat' dir='ltr'><strong>mille</strong></span> <span class='ocrx_word' id='word_1_209' title='bbox 3321 1682 3478 1751; x_wconf 88' lang='lat' dir='ltr'><strong>equis</strong></span> 
     </span>
    </p>
   </div>
   <div class='ocr_carea' id='block_1_32' title="bbox 1903 1773 3480 1849">
    <p class='ocr_par' dir='ltr' id='par_1_32' title="bbox 1903 1773 3480 1849">
     <span class='ocr_line' id='line_1_32' title="bbox 1903 1773 3480 1849; baseline -0.007 -9"><span class='ocrx_word' id='word_1_210' title='bbox 1903 1782 2375 1840; x_wconf 85' lang='lat' dir='ltr'><strong>amnemtransire</strong></span> <span class='ocrx_word' id='word_1_211' title='bbox 2405 1780 2701 1849; x_wconf 89' lang='lat' dir='ltr'><strong>jussit,qui</strong></span> <span class='ocrx_word' id='word_1_212' title='bbox 2725 1794 2784 1833; x_wconf 87' lang='lat' dir='ltr'><strong>se</strong></span> <span class='ocrx_word' id='word_1_213' title='bbox 2810 1778 3012 1831; x_wconf 85' lang='lat' dir='ltr'><strong>vadum</strong></span> <span class='ocrx_word' id='word_1_214' title='bbox 3041 1775 3163 1843; x_wconf 85' lang='lat' dir='ltr'><strong>ejus</strong></span> <span class='ocrx_word' id='word_1_215' title='bbox 3189 1773 3480 1844; x_wconf 81' lang='lat' dir='ltr'><strong>explorare</strong></span> 
     </span>
    </p>
   </div>
   <div class='ocr_carea' id='block_1_33' title="bbox 226 1861 1807 1957">
    <p class='ocr_par' dir='ltr' id='par_1_33' title="bbox 226 1884 1796 1957">
     <span class='ocr_line' id='line_1_33' title="bbox 226 1884 1796 1957; baseline -0.003 -17"><span class='ocrx_word' id='word_1_216' title='bbox 226 1891 411 1957; x_wconf 73' lang='grc' dir='ltr'>μένιον</span> <span class='ocrx_word' id='word_1_217' title='bbox 459 1888 550 1941; x_wconf 72' lang='grc' dir='ltr'>τὸν</span> <span class='ocrx_word' id='word_1_218' title='bbox 607 1888 853 1957; x_wconf 77' lang='grc' dir='ltr'>ποταμὸν</span> <span class='ocrx_word' id='word_1_219' title='bbox 896 1885 1152 1953; x_wconf 74' lang='grc' dir='ltr'>διαϐῆναι</span> <span class='ocrx_word' id='word_1_220' title='bbox 1187 1885 1284 1938; x_wconf 81' lang='grc' dir='ltr'><strong>σὺν</strong></span> <span class='ocrx_word' id='word_1_221' title='bbox 1337 1884 1566 1939; x_wconf 74' lang='grc' dir='ltr'>ἱππεῦσι</span> <span class='ocrx_word' id='word_1_222' title='bbox 1603 1884 1796 1954; x_wconf 85' lang='grc' dir='ltr'>χιλίοις</span> 
     </span>
    </p>
   </div>
   <div class='ocr_carea' id='block_1_34' title="bbox 1902 1861 3473 1957">
    <p class='ocr_par' dir='ltr' id='par_1_34' title="bbox 1905 1867 3473 1940">
     <span class='ocr_line' id='line_1_34' title="bbox 1905 1867 3473 1940; baseline -0.008 -9"><span class='ocrx_word' id='word_1_223' title='bbox 1905 1878 2251 1931; x_wconf 80' lang='lat' dir='ltr'><strong>simularent.</strong></span> <span class='ocrx_word' id='word_1_224' title='bbox 2298 1872 2596 1928; x_wconf 84' lang='lat' dir='ltr'><strong>Belisarius</strong></span> <span class='ocrx_word' id='word_1_225' title='bbox 2629 1880 2687 1925; x_wconf 91' lang='lat' dir='ltr'><strong>ut</strong></span> <span class='ocrx_word' id='word_1_226' title='bbox 2735 1868 3176 1940; x_wconf 80' lang='lat' dir='ltr'><strong>appropinquare</strong></span> <span class='ocrx_word' id='word_1_227' title='bbox 3237 1867 3473 1938; x_wconf 85' lang='lat' dir='ltr'><strong>legatum</strong></span> 
     </span>
    </p>
   </div>
   <div class='ocr_carea' id='block_1_35' title="bbox 224 1975 1794 2047">
    <p class='ocr_par' dir='ltr' id='par_1_35' title="bbox 224 1975 1794 2047">
     <span class='ocr_line' id='line_1_35' title="bbox 224 1975 1794 2047; baseline -0.004 -14"><span class='ocrx_word' id='word_1_228' title='bbox 224 1980 510 2033; x_wconf 74' lang='grc' dir='ltr'>ἐκέλευσεν</span> <span class='ocrx_word' id='word_1_229' title='bbox 536 1980 609 2043; x_wconf 84' lang='grc' dir='ltr'><strong>ὡς</strong></span> <span class='ocrx_word' id='word_1_230' title='bbox 639 1978 1063 2047; x_wconf 72' lang='grc' dir='ltr'>ψηλαφήσοντας</span> <span class='ocrx_word' id='word_1_231' title='bbox 1086 1978 1186 2047; x_wconf 82' lang='grc' dir='ltr'>τὴν</span> <span class='ocrx_word' id='word_1_232' title='bbox 1209 1975 1304 2029; x_wconf 78' lang='grc' dir='ltr'>τοῦ</span> <span class='ocrx_word' id='word_1_233' title='bbox 1332 1975 1581 2045; x_wconf 78' lang='grc' dir='ltr'><strong>ποταμοῦ</strong></span> <span class='ocrx_word' id='word_1_234' title='bbox 1602 1975 1794 2028; x_wconf 74' lang='grc' dir='ltr'>διάϐα-</span> 
     </span>
    </p>
   </div>
   <div class='ocr_carea' id='block_1_36' title="bbox 224 2065 1797 2138">
    <p class='ocr_par' dir='ltr' id='par_1_36' title="bbox 224 2065 1797 2138">
     <span class='ocr_line' id='line_1_36' title="bbox 224 2065 1797 2138; baseline -0.005 -14"><span class='ocrx_word' id='word_1_235' title='bbox 224 2089 328 2128; x_wconf 79' lang='grc' dir='ltr'>σιν.</span> <span class='ocrx_word' id='word_1_236' title='bbox 384 2071 700 2138; x_wconf 81' lang='grc' dir='ltr'>Βελισάριος</span> <span class='ocrx_word' id='word_1_237' title='bbox 755 2070 813 2122; x_wconf 86' lang='grc' dir='ltr'>δὲ</span> <span class='ocrx_word' id='word_1_238' title='bbox 894 2070 1017 2121; x_wconf 67' lang='grc' dir='ltr'>ἐπεὶ</span> <span class='ocrx_word' id='word_1_239' title='bbox 1093 2069 1184 2121; x_wconf 86' lang='grc' dir='ltr'><strong>τὸν</strong></span> <span class='ocrx_word' id='word_1_240' title='bbox 1232 2066 1573 2138; x_wconf 81' lang='grc' dir='ltr'>πρεσϐευτὴν</span> <span class='ocrx_word' id='word_1_241' title='bbox 1628 2065 1797 2134; x_wconf 73' lang='grc' dir='ltr'>ἐγγὺς</span> 
     </span>
    </p>
   </div>
   <div class='ocr_carea' id='block_1_37' title="bbox 222 2155 1795 2231">
    <p class='ocr_par' dir='ltr' id='par_1_37' title="bbox 222 2155 1795 2231">
     <span class='ocr_line' id='line_1_37' title="bbox 222 2155 1795 2231; baseline -0.005 -18"><span class='ocrx_word' id='word_1_242' title='bbox 222 2162 523 2231; x_wconf 72' lang='grc' dir='ltr'>ἐρχόμενον</span> <span class='ocrx_word' id='word_1_243' title='bbox 556 2161 719 2228; x_wconf 72' lang='grc' dir='ltr'>ἔγνω,</span> <span class='ocrx_word' id='word_1_244' title='bbox 746 2161 836 2213; x_wconf 80' lang='grc' dir='ltr'><strong>τὸν</strong></span> <span class='ocrx_word' id='word_1_245' title='bbox 876 2158 1209 2213; x_wconf 85' lang='grc' dir='ltr'>παπυλεῶνα</span> <span class='ocrx_word' id='word_1_246' title='bbox 1240 2157 1483 2227; x_wconf 81' lang='grc' dir='ltr'>ἐπήξατο</span> <span class='ocrx_word' id='word_1_247' title='bbox 1512 2158 1570 2209; x_wconf 78' lang='grc' dir='ltr'>ὲν</span> <span class='ocrx_word' id='word_1_248' title='bbox 1605 2155 1795 2226; x_wconf 82' lang='grc' dir='ltr'>χωρίῳ</span> 
     </span>
    </p>
   </div>
   <div class='ocr_carea' id='block_1_38' title="bbox 219 2249 1797 2323">
    <p class='ocr_par' dir='ltr' id='par_1_38' title="bbox 219 2249 1797 2323">
     <span class='ocr_line' id='line_1_38' title="bbox 219 2249 1797 2323; baseline -0.002 -20"><span class='ocrx_word' id='word_1_249' title='bbox 219 2254 440 2323; x_wconf 78' lang='grc' dir='ltr'>ἐρήμῳ,</span> <span class='ocrx_word' id='word_1_250' title='bbox 473 2252 801 2322; x_wconf 75' lang='grc' dir='ltr'><strong>παραδηλῶν</strong></span> <span class='ocrx_word' id='word_1_251' title='bbox 827 2249 914 2323; x_wconf 70' lang='grc' dir='ltr'><strong>[Ρ.</strong></span> <span class='ocrx_word' id='word_1_252' title='bbox 948 2250 1074 2321; x_wconf 78' lang='grc'><strong>57⁸5]</strong></span> <span class='ocrx_word' id='word_1_253' title='bbox 1116 2251 1200 2303; x_wconf 81' lang='grc' dir='ltr'><strong>δτι</strong></span> <span class='ocrx_word' id='word_1_254' title='bbox 1222 2249 1453 2319; x_wconf 78' lang='grc' dir='ltr'>οὐδεμιᾷ</span> <span class='ocrx_word' id='word_1_255' title='bbox 1472 2250 1797 2319; x_wconf 75' lang='grc' dir='ltr'>παρασκευῇ</span> 
     </span>
    </p>
   </div>
   <div class='ocr_carea' id='block_1_39' title="bbox 221 2341 1797 2417">
    <p class='ocr_par' dir='ltr' id='par_1_39' title="bbox 221 2341 1797 2417">
     <span class='ocr_line' id='line_1_39' title="bbox 221 2341 1797 2417; baseline -0.003 -20"><span class='ocrx_word' id='word_1_256' title='bbox 221 2346 459 2399; x_wconf 75' lang='grc' dir='ltr'>ἐνταῦθα</span> <span class='ocrx_word' id='word_1_257' title='bbox 490 2346 616 2417; x_wconf 77' lang='grc' dir='ltr'>ἥκει</span> <span class='ocrx_word' id='word_1_258' title='bbox 637 2361 653 2376; x_wconf 86' lang='grc'><strong>·</strong></span> <span class='ocrx_word' id='word_1_259' title='bbox 678 2345 792 2407; x_wconf 86' lang='grc' dir='ltr'>τοῖς</span> <span class='ocrx_word' id='word_1_260' title='bbox 824 2361 884 2396; x_wconf 84' lang='grc' dir='ltr'><strong>τε</strong></span> <span class='ocrx_word' id='word_1_261' title='bbox 919 2342 1281 2413; x_wconf 76' lang='grc' dir='ltr'>στρατιώταις</span> <span class='ocrx_word' id='word_1_262' title='bbox 1320 2341 1550 2407; x_wconf 78' lang='grc' dir='ltr'><strong>ἐπέταξε</strong></span> <span class='ocrx_word' id='word_1_263' title='bbox 1572 2343 1673 2406; x_wconf 82' lang='grc' dir='ltr'><strong>τῆς</strong></span> <span class='ocrx_word' id='word_1_264' title='bbox 1700 2342 1797 2410; x_wconf 82' lang='grc' dir='ltr'>μὲν</span> 
     </span>
    </p>
   </div>
   <div class='ocr_carea' id='block_1_40' title="bbox 219 2428 1797 2507">
    <p class='ocr_par' dir='ltr' id='par_1_40' title="bbox 219 2428 1797 2507">
     <span class='ocr_line' id='line_1_40' title="bbox 219 2428 1797 2507; baseline -0.004 -17"><span class='ocrx_word' id='word_1_265' title='bbox 219 2436 465 2507; x_wconf 84' lang='grc' dir='ltr'>καλύϐης</span> <span class='ocrx_word' id='word_1_266' title='bbox 518 2436 604 2504; x_wconf 67' lang='grc' dir='ltr'><strong>ἐφ’</strong></span> <span class='ocrx_word' id='word_1_267' title='bbox 642 2434 883 2502; x_wconf 80' lang='grc' dir='ltr'>ἑκάτερα</span> <span class='ocrx_word' id='word_1_268' title='bbox 924 2428 1088 2497; x_wconf 80' lang='grc' dir='ltr'>εἶναι,</span> <span class='ocrx_word' id='word_1_269' title='bbox 1123 2432 1344 2504; x_wconf 78' lang='grc' dir='ltr'>Θρᾷκάς</span> <span class='ocrx_word' id='word_1_270' title='bbox 1372 2449 1432 2484; x_wconf 89' lang='grc' dir='ltr'><strong>τε</strong></span> <span class='ocrx_word' id='word_1_271' title='bbox 1496 2433 1590 2484; x_wconf 79' lang='grc' dir='ltr'><strong>καὶ</strong></span> <span class='ocrx_word' id='word_1_272' title='bbox 1628 2431 1797 2484; x_wconf 79' lang='grc' dir='ltr'>Ἰλλυ-</span> 
     </span>
    </p>
   </div>
   <div class='ocr_carea' id='block_1_41' title="bbox 223 2524 1799 2601">
    <p class='ocr_par' dir='ltr' id='par_1_41' title="bbox 223 2524 1799 2601">
     <span class='ocr_line' id='line_1_41' title="bbox 223 2524 1799 2601; baseline -0.004 -19"><span class='ocrx_word' id='word_1_273' title='bbox 223 2531 408 2601; x_wconf 56' lang='lat' dir='ltr'><strong>probe,</strong></span> <span class='ocrx_word' id='word_1_274' title='bbox 444 2528 677 2592; x_wconf 79' lang='grc' dir='ltr'>Γότθους</span> <span class='ocrx_word' id='word_1_275' title='bbox 712 2544 774 2581; x_wconf 89' lang='grc' dir='ltr'><strong>τε</strong></span> <span class='ocrx_word' id='word_1_276' title='bbox 803 2528 898 2582; x_wconf 73' lang='grc' dir='ltr'><strong>καὶ</strong></span> <span class='ocrx_word' id='word_1_277' title='bbox 940 2525 1244 2596; x_wconf 86' lang='grc' dir='ltr'>Ἐλούρους,</span> <span class='ocrx_word' id='word_1_278' title='bbox 1286 2524 1404 2593; x_wconf 81' lang='grc' dir='ltr'>μεθ’</span> <span class='ocrx_word' id='word_1_279' title='bbox 1435 2524 1527 2588; x_wconf 78' lang='grc' dir='ltr'><strong>οὓς</strong></span> <span class='ocrx_word' id='word_1_280' title='bbox 1557 2524 1799 2590; x_wconf 75' lang='grc' dir='ltr'>Ούανδή-</span> 
     </span>
    </p>
   </div>
   <div class='ocr_carea' id='block_1_42' title="bbox 220 2615 1801 2691">
    <p class='ocr_par' dir='ltr' id='par_1_42' title="bbox 220 2615 1801 2691">
     <span class='ocr_line' id='line_1_42' title="bbox 220 2615 1801 2691; baseline -0.006 -16"><span class='ocrx_word' id='word_1_281' title='bbox 220 2623 349 2683; x_wconf 83' lang='grc' dir='ltr'>λους</span> <span class='ocrx_word' id='word_1_282' title='bbox 378 2638 439 2674; x_wconf 87' lang='grc' dir='ltr'><strong>τε</strong></span> <span class='ocrx_word' id='word_1_283' title='bbox 462 2622 557 2676; x_wconf 79' lang='grc' dir='ltr'>καὶ</span> <span class='ocrx_word' id='word_1_284' title='bbox 579 2621 983 2691; x_wconf 69' lang='grc' dir='ltr'>Μαυρουσίους.</span> <span class='ocrx_word' id='word_1_285' title='bbox 1020 2619 1093 2688; x_wconf 80' lang='grc' dir='ltr'>μὴ</span> <span class='ocrx_word' id='word_1_286' title='bbox 1116 2619 1194 2679; x_wconf 84' lang='grc' dir='ltr'><strong>είς</strong></span> <span class='ocrx_word' id='word_1_287' title='bbox 1221 2618 1283 2669; x_wconf 70' lang='grc' dir='ltr'><strong>τδ</strong></span> <span class='ocrx_word' id='word_1_288' title='bbox 1309 2616 1489 2669; x_wconf 82' lang='grc' dir='ltr'>πεδίον</span> <span class='ocrx_word' id='word_1_289' title='bbox 1523 2617 1618 2667; x_wconf 63' lang='grc' dir='ltr'><strong>ἐπὶ.</strong></span> <span class='ocrx_word' id='word_1_290' title='bbox 1650 2615 1801 2667; x_wconf 78' lang='grc' dir='ltr'>πλεῖ-</span> 
     </span>
    </p>
   </div>
   <div class='ocr_carea' id='block_1_43' title="bbox 223 2707 1796 2777">
    <p class='ocr_par' dir='ltr' id='par_1_43' title="bbox 223 2707 1796 2777">
     <span class='ocr_line' id='line_1_43' title="bbox 223 2707 1796 2777; baseline -0.007 -10"><span class='ocrx_word' id='word_1_291' title='bbox 223 2731 348 2767; x_wconf 77' lang='grc' dir='ltr'>στον</span> <span class='ocrx_word' id='word_1_292' title='bbox 378 2714 457 2777; x_wconf 79' lang='grc' dir='ltr'><strong>ὡς</strong></span> <span class='ocrx_word' id='word_1_293' title='bbox 496 2711 879 2774; x_wconf 81' lang='grc' dir='ltr'>διακονοῦντας</span> <span class='ocrx_word' id='word_1_294' title='bbox 905 2708 1189 2773; x_wconf 82' lang='grc' dir='ltr'>ῖστασθαι,</span> <span class='ocrx_word' id='word_1_295' title='bbox 1225 2707 1332 2760; x_wconf 74' lang='grc' dir='ltr'>οὐδ’</span> <span class='ocrx_word' id='word_1_296' title='bbox 1366 2710 1446 2771; x_wconf 84' lang='grc' dir='ltr'><strong>είς</strong></span> <span class='ocrx_word' id='word_1_297' title='bbox 1482 2707 1577 2759; x_wconf 71' lang='grc' dir='ltr'>ἕνα</span> <span class='ocrx_word' id='word_1_298' title='bbox 1614 2709 1796 2769; x_wconf 78' lang='grc' dir='ltr'>τόπον,</span> 
     </span>
    </p>
   </div>
   <div class='ocr_carea' id='block_1_44' title="bbox 223 2796 1801 2872">
    <p class='ocr_par' dir='ltr' id='par_1_44' title="bbox 223 2796 1801 2872">
     <span class='ocr_line' id='line_1_44' title="bbox 223 2796 1801 2872; baseline -0.006 -16"><span class='ocrx_word' id='word_1_299' title='bbox 223 2803 363 2858; x_wconf 78' lang='grc' dir='ltr'>ἀλλὰ</span> <span class='ocrx_word' id='word_1_300' title='bbox 396 2801 638 2872; x_wconf 76' lang='grc' dir='ltr'>βαδίζειν</span> <span class='ocrx_word' id='word_1_301' title='bbox 676 2799 1084 2868; x_wconf 80' lang='grc' dir='ltr'>είλισσομένους</span> <span class='ocrx_word' id='word_1_302' title='bbox 1105 2796 1181 2859; x_wconf 85' lang='grc' dir='ltr'>ὼς</span> <span class='ocrx_word' id='word_1_303' title='bbox 1220 2796 1674 2866; x_wconf 80' lang='grc' dir='ltr'>κυνηγετοῦντας,</span> <span class='ocrx_word' id='word_1_304' title='bbox 1707 2798 1801 2848; x_wconf 75' lang='grc' dir='ltr'><strong>καὶ</strong></span> 
     </span>
    </p>
   </div>
   <div class='ocr_carea' id='block_1_45' title="bbox 221 2886 1799 2963">
    <p class='ocr_par' dir='ltr' id='par_1_45' title="bbox 221 2886 1799 2963">
     <span class='ocr_line' id='line_1_45' title="bbox 221 2886 1799 2963; baseline -0.004 -17"><span class='ocrx_word' id='word_1_305' title='bbox 221 2893 522 2963; x_wconf 75' lang='grc' dir='ltr'>παρέργως</span> <span class='ocrx_word' id='word_1_306' title='bbox 558 2891 638 2961; x_wconf 83' lang='grc' dir='ltr'>τῷ</span> <span class='ocrx_word' id='word_1_307' title='bbox 658 2891 837 2944; x_wconf 80' lang='grc' dir='ltr'>δοκεῖν</span> <span class='ocrx_word' id='word_1_308' title='bbox 861 2890 952 2942; x_wconf 83' lang='grc' dir='ltr'><strong>τὸν</strong></span> <span class='ocrx_word' id='word_1_309' title='bbox 1000 2888 1241 2958; x_wconf 80' lang='grc' dir='ltr'>Χοσρόου</span> <span class='ocrx_word' id='word_1_310' title='bbox 1294 2887 1639 2957; x_wconf 81' lang='grc' dir='ltr'>πρεσϐευτὴν</span> <span class='ocrx_word' id='word_1_311' title='bbox 1676 2886 1799 2956; x_wconf 78' lang='grc' dir='ltr'>βλέ-</span> 
     </span>
    </p>
   </div>
   <div class='ocr_carea' id='block_1_46' title="bbox 220 2975 1797 3050">
    <p class='ocr_par' dir='ltr' id='par_1_46' title="bbox 220 2975 1797 3050">
     <span class='ocr_line' id='line_1_46' title="bbox 220 2975 1797 3050; baseline -0.006 -14"><span class='ocrx_word' id='word_1_312' title='bbox 220 3001 371 3036; x_wconf 87' lang='grc' dir='ltr'>πειν.</span> <span class='ocrx_word' id='word_1_313' title='bbox 404 2981 767 3050; x_wconf 75' lang='grc' dir='ltr'>Διεζωσμένοι</span> <span class='ocrx_word' id='word_1_314' title='bbox 793 2996 852 3032; x_wconf 89' lang='grc' dir='ltr'><strong>τε</strong></span> <span class='ocrx_word' id='word_1_315' title='bbox 874 2978 1118 3040; x_wconf 72' lang='grc' dir='ltr'>ἐϐάδιζον</span> <span class='ocrx_word' id='word_1_316' title='bbox 1152 2977 1246 3031; x_wconf 77' lang='grc' dir='ltr'>καὶ</span> <span class='ocrx_word' id='word_1_317' title='bbox 1271 2976 1489 3045; x_wconf 79' lang='grc' dir='ltr'>φαιδροὶ</span> <span class='ocrx_word' id='word_1_318' title='bbox 1513 2977 1582 3030; x_wconf 73' lang='grc' dir='ltr'><strong>τά</strong></span> <span class='ocrx_word' id='word_1_319' title='bbox 1631 2975 1797 3047; x_wconf 55' lang='grc' dir='ltr'>πρόσ.</span> 
     </span>
    </p>
   </div>
   <div class='ocr_carea' id='block_1_47' title="bbox 219 3068 1801 3139">
    <p class='ocr_par' dir='ltr' id='par_1_47' title="bbox 219 3068 1801 3139">
     <span class='ocr_line' id='line_1_47' title="bbox 219 3068 1801 3139; baseline -0.009 -9"><span class='ocrx_word' id='word_1_320' title='bbox 219 3092 369 3135; x_wconf 82' lang='grc' dir='ltr'>ωπα,</span> <span class='ocrx_word' id='word_1_321' title='bbox 421 3072 673 3135; x_wconf 78' lang='grc' dir='ltr'>πελέκεις</span> <span class='ocrx_word' id='word_1_322' title='bbox 715 3087 776 3125; x_wconf 83' lang='grc' dir='ltr'><strong>τε</strong></span> <span class='ocrx_word' id='word_1_323' title='bbox 827 3070 922 3123; x_wconf 76' lang='grc' dir='ltr'>καὶ</span> <span class='ocrx_word' id='word_1_324' title='bbox 963 3069 1267 3139; x_wconf 72' lang='grc' dir='ltr'>μοναύλους</span> <span class='ocrx_word' id='word_1_325' title='bbox 1324 3068 1706 3137; x_wconf 74' lang='grc' dir='ltr'>βαστάζοντες.</span> <span class='ocrx_word' id='word_1_326' title='bbox 1745 3068 1801 3119; x_wconf 89' lang='grc' dir='ltr'><strong>Ὀ</strong></span> 
     </span>
    </p>
   </div>
   <div class='ocr_carea' id='block_1_48' title="bbox 220 3157 1803 3233">
    <p class='ocr_par' dir='ltr' id='par_1_48' title="bbox 220 3157 1803 3233">
     <span class='ocr_line' id='line_1_48' title="bbox 220 3157 1803 3233; baseline -0.008 -12"><span class='ocrx_word' id='word_1_327' title='bbox 220 3168 278 3221; x_wconf 76' lang='grc' dir='ltr'>δὲ</span> <span class='ocrx_word' id='word_1_328' title='bbox 322 3162 662 3233; x_wconf 78' lang='grc' dir='ltr'>Ἀϐανδάζης</span> <span class='ocrx_word' id='word_1_329' title='bbox 698 3163 776 3225; x_wconf 81' lang='grc' dir='ltr'><strong>είς</strong></span> <span class='ocrx_word' id='word_1_330' title='bbox 806 3161 928 3230; x_wconf 72' lang='grc' dir='ltr'>δψιν</span> <span class='ocrx_word' id='word_1_331' title='bbox 957 3160 1264 3231; x_wconf 84' lang='grc' dir='ltr'>Βελισαρίῳ</span> <span class='ocrx_word' id='word_1_332' title='bbox 1300 3157 1470 3212; x_wconf 77' lang='grc' dir='ltr'>ἐλθὼν</span> <span class='ocrx_word' id='word_1_333' title='bbox 1513 3157 1803 3210; x_wconf 80' lang='grc' dir='ltr'>λυπεῖσθαι</span> 
     </span>
    </p>
   </div>
   <div class='ocr_carea' id='block_1_49' title="bbox 219 3251 1803 3329">
    <p class='ocr_par' dir='ltr' id='par_1_49' title="bbox 219 3251 1803 3329">
     <span class='ocr_line' id='line_1_49' title="bbox 219 3251 1803 3329; baseline -0.005 -18"><span class='ocrx_word' id='word_1_334' title='bbox 219 3259 313 3311; x_wconf 65' lang='grc' dir='ltr'>τὸν</span> <span class='ocrx_word' id='word_1_335' title='bbox 352 3257 604 3329; x_wconf 85' lang='grc' dir='ltr'>Χοσρόην</span> <span class='ocrx_word' id='word_1_336' title='bbox 655 3256 918 3325; x_wconf 69' lang='grc' dir='ltr'>ἔφασκεν,</span> <span class='ocrx_word' id='word_1_337' title='bbox 968 3255 1052 3307; x_wconf 85' lang='grc' dir='ltr'>ὅτι</span> <span class='ocrx_word' id='word_1_338' title='bbox 1094 3254 1160 3325; x_wconf 77' lang='grc' dir='ltr'>δὴ</span> <span class='ocrx_word' id='word_1_339' title='bbox 1184 3252 1330 3306; x_wconf 76' lang='grc' dir='ltr'>καθὰ</span> <span class='ocrx_word' id='word_1_340' title='bbox 1383 3251 1644 3305; x_wconf 80' lang='grc' dir='ltr'>συνέθετο</span> <span class='ocrx_word' id='word_1_341' title='bbox 1699 3252 1803 3304; x_wconf 81' lang='grc' dir='ltr'>οὐκ</span> 
     </span>
    </p>
   </div>
   <div class='ocr_carea' id='block_1_50' title="bbox 220 3344 1804 3419">
    <p class='ocr_par' dir='ltr' id='par_1_50' title="bbox 220 3344 1804 3419">
     <span class='ocr_line' id='line_1_50' title="bbox 220 3344 1804 3419; baseline -0.005 -16"><span class='ocrx_word' id='word_1_342' title='bbox 220 3350 443 3419; x_wconf 74' lang='grc' dir='ltr'>ἔπεμψε</span> <span class='ocrx_word' id='word_1_343' title='bbox 473 3347 854 3410; x_wconf 80' lang='grc' dir='ltr'>’1ουστινιανδς</span> <span class='ocrx_word' id='word_1_344' title='bbox 911 3345 1176 3416; x_wconf 78' lang='grc' dir='ltr'>πρέσϐεις</span> <span class='ocrx_word' id='word_1_345' title='bbox 1233 3346 1374 3416; x_wconf 73' lang='grc' dir='ltr'>πρὸς</span> <span class='ocrx_word' id='word_1_346' title='bbox 1410 3345 1659 3416; x_wconf 80' lang='grc' dir='ltr'>εἰρήνην,</span> <span class='ocrx_word' id='word_1_347' title='bbox 1708 3344 1804 3396; x_wconf 78' lang='grc' dir='ltr'>καὶ</span> 
     </span>
    </p>
   </div>
   <div class='ocr_carea' id='block_1_51' title="bbox 222 3436 1797 3513">
    <p class='ocr_par' dir='ltr' id='par_1_51' title="bbox 222 3436 1797 3513">
     <span class='ocr_line' id='line_1_51' title="bbox 222 3436 1797 3513; baseline -0.004 -18"><span class='ocrx_word' id='word_1_348' title='bbox 222 3444 511 3513; x_wconf 70' lang='grc' dir='ltr'>ἠνάγκασε</span> <span class='ocrx_word' id='word_1_349' title='bbox 540 3440 791 3510; x_wconf 74' lang='grc' dir='ltr'>Χοσρόην</span> <span class='ocrx_word' id='word_1_350' title='bbox 827 3438 974 3491; x_wconf 64' lang='grc' dir='ltr'>κατὰ</span> <span class='ocrx_word' id='word_1_351' title='bbox 1013 3437 1305 3507; x_wconf 83' lang='grc' dir='ltr'>Ῥωμαίων</span> <span class='ocrx_word' id='word_1_352' title='bbox 1338 3436 1797 3507; x_wconf 70' lang='grc' dir='ltr'>στρατεύσασθαι.</span> 
     </span>
    </p>
   </div>
   <div class='ocr_carea' id='block_1_52' title="bbox 226 3524 1797 3601">
    <p class='ocr_par' dir='ltr' id='par_1_52' title="bbox 226 3524 1797 3601">
     <span class='ocr_line' id='line_1_52' title="bbox 226 3524 1797 3601; baseline -0.006 -15"><span class='ocrx_word' id='word_1_353' title='bbox 226 3533 548 3601; x_wconf 72' lang='grc' dir='ltr'>Βελισάριος</span> <span class='ocrx_word' id='word_1_354' title='bbox 599 3530 657 3584; x_wconf 69' lang='grc' dir='ltr'>δὶ</span> <span class='ocrx_word' id='word_1_355' title='bbox 734 3529 851 3584; x_wconf 77' lang='grc' dir='ltr'>ἀντ’</span> <span class='ocrx_word' id='word_1_356' title='bbox 900 3526 1114 3591; x_wconf 72' lang='grc' dir='ltr'>οὐδενὸς</span> <span class='ocrx_word' id='word_1_357' title='bbox 1158 3526 1385 3589; x_wconf 81' lang='grc' dir='ltr'>τούτους</span> <span class='ocrx_word' id='word_1_358' title='bbox 1438 3526 1565 3589; x_wconf 67' lang='grc' dir='ltr'>τοὺς</span> <span class='ocrx_word' id='word_1_359' title='bbox 1609 3524 1797 3593; x_wconf 80' lang='grc' dir='ltr'>λόγους</span> 
     </span>
    </p>
   </div>
   <div class='ocr_carea' id='block_1_53' title="bbox 222 3611 1804 3687">
    <p class='ocr_par' dir='ltr' id='par_1_53' title="bbox 222 3611 1804 3687">
     <span class='ocr_line' id='line_1_53' title="bbox 222 3611 1804 3687; baseline -0.005 -11"><span class='ocrx_word' id='word_1_360' title='bbox 222 3623 488 3686; x_wconf 72' lang='grc' dir='ltr'>ἐποιεῖτο,</span> <span class='ocrx_word' id='word_1_361' title='bbox 536 3620 628 3673; x_wconf 79' lang='grc' dir='ltr'>τὸν</span> <span class='ocrx_word' id='word_1_362' title='bbox 651 3618 897 3687; x_wconf 77' lang='grc' dir='ltr'>Χοσρόην</span> <span class='ocrx_word' id='word_1_363' title='bbox 928 3616 1102 3683; x_wconf 87' lang='grc' dir='ltr'>λέγων</span> <span class='ocrx_word' id='word_1_364' title='bbox 1135 3617 1308 3669; x_wconf 71' lang='grc' dir='ltr'>αἴτιον</span> <span class='ocrx_word' id='word_1_365' title='bbox 1337 3611 1476 3668; x_wconf 84' lang='grc' dir='ltr'>εἶναι</span> <span class='ocrx_word' id='word_1_366' title='bbox 1515 3614 1612 3669; x_wconf 79' lang='grc' dir='ltr'>τοῦ</span> <span class='ocrx_word' id='word_1_367' title='bbox 1645 3615 1804 3668; x_wconf 81' lang='grc' dir='ltr'>πολέ-</span> 
     </span>
    </p>
   </div>
   <div class='ocr_carea' id='block_1_54' title="bbox 227 3708 1807 3785">
    <p class='ocr_par' dir='ltr' id='par_1_54' title="bbox 227 3708 1807 3785">
     <span class='ocr_line' id='line_1_54' title="bbox 227 3708 1807 3785; baseline -0.006 -17"><span class='ocrx_word' id='word_1_368' title='bbox 227 3729 369 3785; x_wconf 70' lang='grc' dir='ltr'>μτυ·</span> <span class='ocrx_word' id='word_1_369' title='bbox 405 3715 454 3765; x_wconf 86' lang='grc' dir='ltr'>εἰ</span> <span class='ocrx_word' id='word_1_370' title='bbox 504 3711 610 3781; x_wconf 71' lang='grc' dir='ltr'><strong>γὰρ</strong></span> <span class='ocrx_word' id='word_1_371' title='bbox 662 3710 889 3780; x_wconf 80' lang='grc' dir='ltr'>εἰρήνης</span> <span class='ocrx_word' id='word_1_372' title='bbox 917 3709 1120 3778; x_wconf 72' lang='grc' dir='ltr'>ἐφίετο,</span> <span class='ocrx_word' id='word_1_373' title='bbox 1148 3708 1250 3761; x_wconf 80' lang='grc' dir='ltr'><strong>οὐκ</strong></span> <span class='ocrx_word' id='word_1_374' title='bbox 1283 3708 1349 3761; x_wconf 78' lang='grc' dir='ltr'><strong>ἂν</strong></span> <span class='ocrx_word' id='word_1_375' title='bbox 1397 3709 1478 3771; x_wconf 88' lang='grc' dir='ltr'>εἰς</span> <span class='ocrx_word' id='word_1_376' title='bbox 1529 3709 1627 3778; x_wconf 78' lang='grc' dir='ltr'>τὴν</span> <span class='ocrx_word' id='word_1_377' title='bbox 1669 3708 1807 3760; x_wconf 83' lang='grc' dir='ltr'><strong>Ῥω-</strong></span> 
     </span>
    </p>
   </div>
   <div class='ocr_carea' id='block_1_55' title="bbox 225 3796 1804 3873">
    <p class='ocr_par' dir='ltr' id='par_1_55' title="bbox 225 3796 1804 3873">
     <span class='ocr_line' id='line_1_55' title="bbox 225 3796 1804 3873; baseline -0.005 -15"><span class='ocrx_word' id='word_1_378' title='bbox 225 3805 410 3873; x_wconf 80' lang='grc' dir='ltr'>μαίων</span> <span class='ocrx_word' id='word_1_379' title='bbox 444 3803 548 3871; x_wconf 77' lang='grc' dir='ltr'>γῆν</span> <span class='ocrx_word' id='word_1_380' title='bbox 573 3801 903 3871; x_wconf 75' lang='grc' dir='ltr'>ἀφικόμενος</span> <span class='ocrx_word' id='word_1_381' title='bbox 952 3798 1160 3867; x_wconf 86' lang='grc' dir='ltr'>ταύτην</span> <span class='ocrx_word' id='word_1_382' title='bbox 1187 3796 1393 3870; x_wconf 74' lang='grc' dir='ltr'>ἐζήτει,</span> <span class='ocrx_word' id='word_1_383' title='bbox 1424 3799 1540 3852; x_wconf 83' lang='grc' dir='ltr'>ἀλλ’</span> <span class='ocrx_word' id='word_1_384' title='bbox 1571 3802 1653 3863; x_wconf 80' lang='grc' dir='ltr'>εἰς</span> <span class='ocrx_word' id='word_1_385' title='bbox 1701 3799 1804 3870; x_wconf 77' lang='grc' dir='ltr'><strong>τὴν</strong></span> 
     </span>
    </p>
   </div>
   <div class='ocr_carea' id='block_1_56' title="bbox 224 3890 1805 3962">
    <p class='ocr_par' dir='ltr' id='par_1_56' title="bbox 224 3890 1805 3962">
     <span class='ocr_line' id='line_1_56' title="bbox 224 3890 1805 3962; baseline -0.003 -15"><span class='ocrx_word' id='word_1_386' title='bbox 224 3895 367 3948; x_wconf 78' lang='grc' dir='ltr'>ἰδίαν</span> <span class='ocrx_word' id='word_1_387' title='bbox 398 3892 583 3962; x_wconf 82' lang='grc' dir='ltr'>χώραν</span> <span class='ocrx_word' id='word_1_388' title='bbox 617 3890 795 3962; x_wconf 79' lang='grc' dir='ltr'>μένων</span> <span class='ocrx_word' id='word_1_389' title='bbox 840 3890 965 3952; x_wconf 83' lang='grc' dir='ltr'>τοὺς</span> <span class='ocrx_word' id='word_1_390' title='bbox 1018 3890 1277 3958; x_wconf 75' lang='grc' dir='ltr'>πρέσϐεις</span> <span class='ocrx_word' id='word_1_391' title='bbox 1335 3890 1630 3960; x_wconf 80' lang='grc' dir='ltr'>ἐξεδέχετο.</span> <span class='ocrx_word' id='word_1_392' title='bbox 1695 3891 1805 3943; x_wconf 70' lang='grc' dir='ltr'><strong>Καὶ</strong></span> 
     </span>
    </p>
   </div>
   <div class='ocr_carea' id='block_1_57' title="bbox 222 3980 1805 4053">
    <p class='ocr_par' dir='ltr' id='par_1_57' title="bbox 222 3980 1805 4053">
     <span class='ocr_line' id='line_1_57' title="bbox 222 3980 1805 4053; baseline -0.001 -16"><span class='ocrx_word' id='word_1_393' title='bbox 222 3985 397 4038; x_wconf 74' lang='grc' dir='ltr'>ταῦτα</span> <span class='ocrx_word' id='word_1_394' title='bbox 438 3984 609 4037; x_wconf 85' lang='grc' dir='ltr'>εἰπὼν</span> <span class='ocrx_word' id='word_1_395' title='bbox 666 3985 759 4036; x_wconf 80' lang='grc' dir='ltr'><strong>τὸν</strong></span> <span class='ocrx_word' id='word_1_396' title='bbox 812 3980 1156 4053; x_wconf 82' lang='grc' dir='ltr'>πρεσϐευτὴν</span> <span class='ocrx_word' id='word_1_397' title='bbox 1206 3982 1592 4049; x_wconf 70' lang='grc' dir='ltr'>ἀπεπέμψατο.</span> <span class='ocrx_word' id='word_1_398' title='bbox 1634 3983 1695 4034; x_wconf 85' lang='grc' dir='ltr'>Ὀ</span> <span class='ocrx_word' id='word_1_399' title='bbox 1747 3983 1805 4035; x_wconf 84' lang='grc' dir='ltr'><strong>δὲ</strong></span> 
     </span>
    </p>
   </div>
   <div class='ocr_carea' id='block_1_58' title="bbox 225 4073 1805 4147">
    <p class='ocr_par' dir='ltr' id='par_1_58' title="bbox 225 4073 1805 4147">
     <span class='ocr_line' id='line_1_58' title="bbox 225 4073 1805 4147; baseline -0.002 -17"><span class='ocrx_word' id='word_1_400' title='bbox 225 4077 368 4147; x_wconf 65' lang='grc' dir='ltr'>πρὸς</span> <span class='ocrx_word' id='word_1_401' title='bbox 399 4076 649 4146; x_wconf 82' lang='grc' dir='ltr'>Χοσρόην</span> <span class='ocrx_word' id='word_1_402' title='bbox 672 4075 1002 4144; x_wconf 64' lang='grc' dir='ltr'>ἀφικόμενος</span> <span class='ocrx_word' id='word_1_403' title='bbox 1042 4074 1144 4143; x_wconf 71' lang='grc' dir='ltr'><strong>ἔφη</strong></span> <span class='ocrx_word' id='word_1_404' title='bbox 1171 4073 1480 4142; x_wconf 75' lang='grc' dir='ltr'>στρατηγὸν</span> <span class='ocrx_word' id='word_1_405' title='bbox 1501 4074 1805 4143; x_wconf 77' lang='grc' dir='ltr'>ἑωρακέναι</span> 
     </span>
    </p>
   </div>
   <div class='ocr_carea' id='block_1_59' title="bbox 228 4164 1793 4236">
    <p class='ocr_par' dir='ltr' id='par_1_59' title="bbox 228 4164 1793 4236">
     <span class='ocr_line' id='line_1_59' title="bbox 228 4164 1793 4236; baseline -0.003 -14"><span class='ocrx_word' id='word_1_406' title='bbox 228 4170 554 4236; x_wconf 83' lang='grc' dir='ltr'>Βελισάριον</span> <span class='ocrx_word' id='word_1_407' title='bbox 589 4168 810 4220; x_wconf 73' lang='grc' dir='ltr'>συνετὸν</span> <span class='ocrx_word' id='word_1_408' title='bbox 854 4167 948 4219; x_wconf 76' lang='grc' dir='ltr'><strong>καὶ</strong></span> <span class='ocrx_word' id='word_1_409' title='bbox 997 4165 1242 4235; x_wconf 84' lang='grc' dir='ltr'>ἀνδρεῖον</span> <span class='ocrx_word' id='word_1_410' title='bbox 1277 4164 1584 4234; x_wconf 79' lang='grc' dir='ltr'>ὑπεράγαν,</span> <span class='ocrx_word' id='word_1_411' title='bbox 1642 4181 1793 4235; x_wconf 80' lang='grc' dir='ltr'>στραο</span> 
     </span>
    </p>
   </div>
   <div class='ocr_carea' id='block_1_60' title="bbox 223 4254 1802 4324">
    <p class='ocr_par' dir='ltr' id='par_1_60' title="bbox 223 4254 1802 4324">
     <span class='ocr_line' id='line_1_60' title="bbox 223 4254 1802 4324; baseline 0.001 -13"><span class='ocrx_word' id='word_1_412' title='bbox 223 4260 429 4322; x_wconf 82' lang='grc' dir='ltr'>τιὼτας</span> <span class='ocrx_word' id='word_1_413' title='bbox 462 4260 520 4312; x_wconf 73' lang='grc' dir='ltr'>δὲ</span> <span class='ocrx_word' id='word_1_414' title='bbox 563 4262 711 4322; x_wconf 80' lang='grc' dir='ltr'>οἴους</span> <span class='ocrx_word' id='word_1_415' title='bbox 742 4261 906 4324; x_wconf 80' lang='grc' dir='ltr'>αὐτὸς</span> <span class='ocrx_word' id='word_1_416' title='bbox 950 4261 1144 4323; x_wconf 79' lang='grc' dir='ltr'>ἄλλους</span> <span class='ocrx_word' id='word_1_417' title='bbox 1195 4258 1470 4313; x_wconf 75' lang='grc' dir='ltr'>οὐπώποτ’</span> <span class='ocrx_word' id='word_1_418' title='bbox 1508 4254 1670 4323; x_wconf 79' lang='grc' dir='ltr'>εἶδον,</span> <span class='ocrx_word' id='word_1_419' title='bbox 1725 4255 1802 4313; x_wconf 82' lang='grc' dir='ltr'>ὧν</span> 
     </span>
    </p>
   </div>
   <div class='ocr_carea' id='block_1_61' title="bbox 220 4349 1802 4422">
    <p class='ocr_par' dir='ltr' id='par_1_61' title="bbox 220 4349 1802 4422">
     <span class='ocr_line' id='line_1_61' title="bbox 220 4349 1802 4422; baseline 0 -19"><span class='ocrx_word' id='word_1_420' title='bbox 220 4351 320 4422; x_wconf 78' lang='grc' dir='ltr'><strong>τὴν</strong></span> <span class='ocrx_word' id='word_1_421' title='bbox 341 4349 646 4420; x_wconf 75' lang='grc' dir='ltr'>εὐκοσμίαν</span> <span class='ocrx_word' id='word_1_422' title='bbox 675 4349 983 4419; x_wconf 73' lang='grc' dir='ltr'>ἐθαύμασα.</span> <span class='ocrx_word' id='word_1_423' title='bbox 1007 4349 1118 4403; x_wconf 75' lang='grc' dir='ltr'><strong>Καὶ</strong></span> <span class='ocrx_word' id='word_1_424' title='bbox 1145 4349 1533 4402; x_wconf 84' lang='grc' dir='ltr'>συνεϐούλευσε</span> <span class='ocrx_word' id='word_1_425' title='bbox 1555 4351 1802 4421; x_wconf 80' lang='grc' dir='ltr'>Χοσρόην</span> 
     </span>
    </p>
   </div>
   <div class='ocr_carea' id='block_1_62' title="bbox 226 4440 1801 4512">
    <p class='ocr_par' dir='ltr' id='par_1_62' title="bbox 226 4440 1801 4512">
     <span class='ocr_line' id='line_1_62' title="bbox 226 4440 1801 4512; baseline 0.001 -19"><span class='ocrx_word' id='word_1_426' title='bbox 226 4442 306 4512; x_wconf 76' lang='grc' dir='ltr'>μὴ</span> <span class='ocrx_word' id='word_1_427' title='bbox 344 4440 762 4510; x_wconf 78' lang='grc' dir='ltr'>συμπλέκεσθαι</span> <span class='ocrx_word' id='word_1_428' title='bbox 808 4444 887 4503; x_wconf 87' lang='grc' dir='ltr'>εἰς</span> <span class='ocrx_word' id='word_1_429' title='bbox 926 4442 1108 4511; x_wconf 88' lang='grc' dir='ltr'>μάχην</span> <span class='ocrx_word' id='word_1_430' title='bbox 1141 4440 1259 4507; x_wconf 81' lang='grc' dir='ltr'>μετ’</span> <span class='ocrx_word' id='word_1_431' title='bbox 1304 4440 1491 4504; x_wconf 79' lang='grc' dir='ltr'>αὑτοῦ,</span> <span class='ocrx_word' id='word_1_432' title='bbox 1526 4441 1673 4504; x_wconf 79' lang='grc' dir='ltr'>ὅπως</span> <span class='ocrx_word' id='word_1_433' title='bbox 1726 4442 1801 4511; x_wconf 81' lang='grc' dir='ltr'>μὴ</span> 
     </span>
    </p>
   </div>
   <div class='ocr_carea' id='block_1_63' title="bbox 224 4531 1880 4614">
    <p class='ocr_par' dir='ltr' id='par_1_63' title="bbox 224 4531 1880 4614">
     <span class='ocr_line' id='line_1_63' title="bbox 224 4531 1880 4614; baseline -0.001 -26"><span class='ocrx_word' id='word_1_434' title='bbox 224 4534 555 4605; x_wconf 75' lang='grc' dir='ltr'>ἡττηθέντος</span> <span class='ocrx_word' id='word_1_435' title='bbox 586 4533 751 4587; x_wconf 76' lang='grc' dir='ltr'>αὐτοῦ</span> <span class='ocrx_word' id='word_1_436' title='bbox 790 4535 851 4587; x_wconf 76' lang='grc' dir='ltr'>τὸ</span> <span class='ocrx_word' id='word_1_437' title='bbox 880 4536 987 4586; x_wconf 80' lang='grc' dir='ltr'>πᾶν</span> <span class='ocrx_word' id='word_1_438' title='bbox 1023 4533 1258 4603; x_wconf 80' lang='grc' dir='ltr'>διαπέσῃ</span> <span class='ocrx_word' id='word_1_439' title='bbox 1285 4531 1385 4601; x_wconf 84' lang='grc' dir='ltr'>τῆς</span> <span class='ocrx_word' id='word_1_440' title='bbox 1414 4532 1524 4585; x_wconf 84' lang='grc' dir='ltr'><strong>τῶν</strong></span> <span class='ocrx_word' id='word_1_441' title='bbox 1575 4533 1800 4603; x_wconf 85' lang='grc' dir='ltr'>Περσῶν</span> <span class='ocrx_word' id='word_1_442' title='bbox 1836 4559 1880 4614; x_wconf 75' lang='grc' dir='ltr'><strong>ι)</strong></span> 
     </span>
    </p>
   </div>
   <div class='ocr_carea' id='block_1_64' title="bbox 224 4623 1800 4695">
    <p class='ocr_par' dir='ltr' id='par_1_64' title="bbox 224 4623 1800 4695">
     <span class='ocr_line' id='line_1_64' title="bbox 224 4623 1800 4695; baseline -0.001 -18"><span class='ocrx_word' id='word_1_443' title='bbox 224 4623 535 4693; x_wconf 81' lang='grc' dir='ltr'>βασιλείας,</span> <span class='ocrx_word' id='word_1_444' title='bbox 558 4624 617 4677; x_wconf 82' lang='grc' dir='ltr'>ἐν</span> <span class='ocrx_word' id='word_1_445' title='bbox 643 4627 714 4693; x_wconf 82' lang='grc' dir='ltr'>γῇ</span> <span class='ocrx_word' id='word_1_446' title='bbox 762 4624 1053 4693; x_wconf 86' lang='grc' dir='ltr'>Ῥωμαίων</span> <span class='ocrx_word' id='word_1_447' title='bbox 1096 4625 1434 4695; x_wconf 80' lang='grc' dir='ltr'>ὑπάρχοντος</span> <span class='ocrx_word' id='word_1_448' title='bbox 1469 4623 1563 4676; x_wconf 75' lang='grc' dir='ltr'><strong>καὶ</strong></span> <span class='ocrx_word' id='word_1_449' title='bbox 1618 4625 1800 4693; x_wconf 69' lang='grc' dir='ltr'>φυγῆς</span> 
     </span>
    </p>
   </div>
   <div class='ocr_carea' id='block_1_65' title="bbox 220 4714 1797 4786">
    <p class='ocr_par' dir='ltr' id='par_1_65' title="bbox 220 4714 1797 4786">
     <span class='ocr_line' id='line_1_65' title="bbox 220 4714 1797 4786; baseline -0.001 -18"><span class='ocrx_word' id='word_1_450' title='bbox 220 4717 393 4770; x_wconf 80' lang='grc' dir='ltr'>τόπον</span> <span class='ocrx_word' id='word_1_451' title='bbox 447 4716 523 4786; x_wconf 81' lang='grc' dir='ltr'>μὴ</span> <span class='ocrx_word' id='word_1_452' title='bbox 578 4714 817 4784; x_wconf 74' lang='grc' dir='ltr'>ἔχοντος.</span> <span class='ocrx_word' id='word_1_453' title='bbox 869 4714 979 4767; x_wconf 74' lang='grc' dir='ltr'><strong>Καὶ</strong></span> <span class='ocrx_word' id='word_1_454' title='bbox 1013 4715 1077 4767; x_wconf 83' lang='grc' dir='ltr'><strong>τδ</strong></span> <span class='ocrx_word' id='word_1_455' title='bbox 1100 4717 1258 4786; x_wconf 79' lang='grc' dir='ltr'>νικᾷν</span> <span class='ocrx_word' id='word_1_456' title='bbox 1309 4714 1471 4767; x_wconf 80' lang='grc' dir='ltr'>αὑτὸν</span> <span class='ocrx_word' id='word_1_457' title='bbox 1507 4714 1567 4768; x_wconf 85' lang='grc' dir='ltr'><strong>οὐ</strong></span> <span class='ocrx_word' id='word_1_458' title='bbox 1620 4716 1797 4785; x_wconf 79' lang='grc' dir='ltr'>μέγα⁶</span> 
     </span>
    </p>
   </div>
   <div class='ocr_carea' id='block_1_66' title="bbox 223 4806 1801 4878">
    <p class='ocr_par' dir='ltr' id='par_1_66' title="bbox 223 4806 1801 4878">
     <span class='ocr_line' id='line_1_66' title="bbox 223 4806 1801 4878; baseline 0.001 -20"><span class='ocrx_word' id='word_1_459' title='bbox 223 4806 539 4877; x_wconf 74' lang='grc' dir='ltr'>στρατηγὸν</span> <span class='ocrx_word' id='word_1_460' title='bbox 562 4806 669 4877; x_wconf 79' lang='grc' dir='ltr'><strong>γὰρ</strong></span> <span class='ocrx_word' id='word_1_461' title='bbox 716 4806 1008 4875; x_wconf 86' lang='grc' dir='ltr'>Ῥωμαίων</span> <span class='ocrx_word' id='word_1_462' title='bbox 1035 4806 1333 4875; x_wconf 88' lang='grc' dir='ltr'>νικήσειεν.</span> <span class='ocrx_word' id='word_1_463' title='bbox 1379 4807 1440 4860; x_wconf 88' lang='lat'><strong>&#39;0</strong></span> <span class='ocrx_word' id='word_1_464' title='bbox 1462 4808 1519 4861; x_wconf 75' lang='grc' dir='ltr'>δὶ</span> <span class='ocrx_word' id='word_1_465' title='bbox 1557 4808 1801 4878; x_wconf 82' lang='grc' dir='ltr'>Χοσρόης</span> 
     </span>
    </p>
   </div>
   <div class='ocr_carea' id='block_1_67' title="bbox 220 4897 1803 4970">
    <p class='ocr_par' dir='ltr' id='par_1_67' title="bbox 220 4897 1803 4970">
     <span class='ocr_line' id='line_1_67' title="bbox 220 4897 1803 4970; baseline 0.003 -21"><span class='ocrx_word' id='word_1_466' title='bbox 220 4902 289 4967; x_wconf 76' lang='grc' dir='ltr'><strong>τῇ</strong></span> <span class='ocrx_word' id='word_1_467' title='bbox 319 4897 522 4952; x_wconf 84' lang='grc' dir='ltr'>τούτου</span> <span class='ocrx_word' id='word_1_468' title='bbox 570 4898 896 4968; x_wconf 66' lang='grc' dir='ltr'>παραινέσει</span> <span class='ocrx_word' id='word_1_469' title='bbox 938 4897 1186 4962; x_wconf 77' lang='grc' dir='ltr'>πεισθεὶς</span> <span class='ocrx_word' id='word_1_470' title='bbox 1236 4900 1600 4970; x_wconf 78' lang='grc' dir='ltr'>ἀναστρέφειν</span> <span class='ocrx_word' id='word_1_471' title='bbox 1643 4900 1803 4962; x_wconf 76' lang='grc' dir='ltr'>εὐθὺς</span> 
     </span>
    </p>
   </div>
   <div class='ocr_carea' id='block_1_68' title="bbox 219 4989 1804 5062">
    <p class='ocr_par' dir='ltr' id='par_1_68' title="bbox 219 4989 1804 5062">
     <span class='ocr_line' id='line_1_68' title="bbox 219 4989 1804 5062; baseline -0.001 -19"><span class='ocrx_word' id='word_1_472' title='bbox 219 4993 316 5044; x_wconf 73' lang='grc' dir='ltr'>ἐπὶ</span> <span class='ocrx_word' id='word_1_473' title='bbox 348 4991 422 5045; x_wconf 79' lang='grc' dir='ltr'><strong>τά</strong></span> <span class='ocrx_word' id='word_1_474' title='bbox 473 4989 582 5043; x_wconf 84' lang='grc' dir='ltr'>ῖδια</span> <span class='ocrx_word' id='word_1_475' title='bbox 634 4990 915 5045; x_wconf 85' lang='grc' dir='ltr'>διενοεῖτο·</span> <span class='ocrx_word' id='word_1_476' title='bbox 956 4991 1210 5059; x_wconf 72' lang='grc' dir='ltr'>ἐφοϐεῖτο</span> <span class='ocrx_word' id='word_1_477' title='bbox 1246 4991 1356 5060; x_wconf 77' lang='grc' dir='ltr'>γάρ</span> <span class='ocrx_word' id='word_1_478' title='bbox 1387 4992 1489 5062; x_wconf 76' lang='grc' dir='ltr'>τὴν</span> <span class='ocrx_word' id='word_1_479' title='bbox 1554 4991 1804 5045; x_wconf 86' lang='grc' dir='ltr'>διάϐασιν</span> 
     </span>
    </p>
   </div>
   <div class='ocr_carea' id='block_1_69' title="bbox 218 5080 1797 5152">
    <p class='ocr_par' dir='ltr' id='par_1_69' title="bbox 218 5080 1797 5152">
     <span class='ocr_line' id='line_1_69' title="bbox 218 5080 1797 5152; baseline 0.001 -19"><span class='ocrx_word' id='word_1_480' title='bbox 218 5081 316 5135; x_wconf 85' lang='grc' dir='ltr'>τοῦ</span> <span class='ocrx_word' id='word_1_481' title='bbox 349 5080 606 5149; x_wconf 76' lang='grc' dir='ltr'>ποταμοῦ</span> <span class='ocrx_word' id='word_1_482' title='bbox 634 5081 968 5151; x_wconf 82' lang='grc' dir='ltr'>ποιήσασθαι</span> <span class='ocrx_word' id='word_1_483' title='bbox 996 5082 1071 5146; x_wconf 84' lang='grc' dir='ltr'><strong>ὡς</strong></span> <span class='ocrx_word' id='word_1_484' title='bbox 1104 5082 1212 5135; x_wconf 79' lang='grc' dir='ltr'>τῶν</span> <span class='ocrx_word' id='word_1_485' title='bbox 1250 5081 1541 5151; x_wconf 84' lang='grc' dir='ltr'>Ῥωμαίων</span> <span class='ocrx_word' id='word_1_486' title='bbox 1590 5083 1797 5152; x_wconf 75' lang='grc' dir='ltr'>ταύτην</span> 
     </span>
    </p>
   </div>
   <div class='ocr_carea' id='block_1_70' title="bbox 224 5172 1803 5244">
    <p class='ocr_par' dir='ltr' id='par_1_70' title="bbox 224 5172 1803 5244">
     <span class='ocr_line' id='line_1_70' title="bbox 224 5172 1803 5244; baseline 0.001 -19"><span class='ocrx_word' id='word_1_487' title='bbox 224 5172 598 5242; x_wconf 85' lang='grc' dir='ltr'>κατεχόντων.</span> <span class='ocrx_word' id='word_1_488' title='bbox 652 5173 761 5225; x_wconf 77' lang='grc' dir='ltr'><strong>Καὶ</strong></span> <span class='ocrx_word' id='word_1_489' title='bbox 817 5174 955 5244; x_wconf 86' lang='grc' dir='ltr'>πρὸς</span> <span class='ocrx_word' id='word_1_490' title='bbox 999 5173 1317 5242; x_wconf 78' lang='grc' dir='ltr'>Βελισάριον</span> <span class='ocrx_word' id='word_1_491' title='bbox 1357 5174 1567 5242; x_wconf 85' lang='grc' dir='ltr'>πέμπει</span> <span class='ocrx_word' id='word_1_492' title='bbox 1624 5191 1803 5243; x_wconf 81' lang='grc' dir='ltr'>παρα-</span> 
     </span>
    </p>
   </div>
   <div class='ocr_carea' id='block_1_71' title="bbox 223 5261 1807 5334">
    <p class='ocr_par' dir='ltr' id='par_1_71' title="bbox 223 5261 1807 5334">
     <span class='ocr_line' id='line_1_71' title="bbox 223 5261 1807 5334; baseline 0.001 -19"><span class='ocrx_word' id='word_1_493' title='bbox 223 5263 416 5316; x_wconf 80' lang='grc' dir='ltr'>καλῶν</span> <span class='ocrx_word' id='word_1_494' title='bbox 464 5263 595 5324; x_wconf 75' lang='grc' dir='ltr'>τοὺς</span> <span class='ocrx_word' id='word_1_495' title='bbox 627 5261 720 5314; x_wconf 77' lang='grc' dir='ltr'><strong>τὸν</strong></span> <span class='ocrx_word' id='word_1_496' title='bbox 750 5263 997 5334; x_wconf 82' lang='grc' dir='ltr'>ποταμὸν</span> <span class='ocrx_word' id='word_1_497' title='bbox 1025 5264 1319 5326; x_wconf 86' lang='grc' dir='ltr'>διαϐάντας</span> <span class='ocrx_word' id='word_1_498' title='bbox 1347 5264 1688 5330; x_wconf 79' lang='grc' dir='ltr'>ἀναστεῖλαι,</span> <span class='ocrx_word' id='word_1_499' title='bbox 1714 5264 1807 5316; x_wconf 74' lang='grc' dir='ltr'><strong>καὶ</strong></span> 
     </span>
    </p>
   </div>
   <div class='ocr_carea' id='block_1_72' title="bbox 219 5352 1805 5425">
    <p class='ocr_par' dir='ltr' id='par_1_72' title="bbox 219 5352 1805 5425">
     <span class='ocr_line' id='line_1_72' title="bbox 219 5352 1805 5425; baseline 0.003 -20"><span class='ocrx_word' id='word_1_500' title='bbox 219 5353 408 5423; x_wconf 82' lang='grc' dir='ltr'>τούτῳ</span> <span class='ocrx_word' id='word_1_501' title='bbox 428 5352 787 5422; x_wconf 72' lang='grc' dir='ltr'>τὴνπάροίον</span> <span class='ocrx_word' id='word_1_502' title='bbox 814 5353 1110 5418; x_wconf 79' lang='grc' dir='ltr'>ἀκωλύτως</span> <span class='ocrx_word' id='word_1_503' title='bbox 1154 5354 1439 5425; x_wconf 80' lang='grc' dir='ltr'>παρέξειν.</span> <span class='ocrx_word' id='word_1_504' title='bbox 1485 5354 1805 5425; x_wconf 86' lang='grc' dir='ltr'>Βελισάριος</span> 
     </span>
    </p>
   </div>
   <div class='ocr_carea' id='block_1_73' title="bbox 217 5444 1805 5516">
    <p class='ocr_par' dir='ltr' id='par_1_73' title="bbox 217 5444 1805 5516">
     <span class='ocr_line' id='line_1_73' title="bbox 217 5444 1805 5516; baseline -0.001 -16"><span class='ocrx_word' id='word_1_505' title='bbox 217 5445 274 5500; x_wconf 72' lang='grc' dir='ltr'>δὲ</span> <span class='ocrx_word' id='word_1_506' title='bbox 293 5450 436 5516; x_wconf 75' lang='grc' dir='ltr'>πρὸς</span> <span class='ocrx_word' id='word_1_507' title='bbox 457 5444 626 5498; x_wconf 73' lang='grc' dir='ltr'>αὑτὸν</span> <span class='ocrx_word' id='word_1_508' title='bbox 655 5446 817 5509; x_wconf 77' lang='grc' dir='ltr'>εὐθὺς</span> <span class='ocrx_word' id='word_1_509' title='bbox 844 5446 1105 5515; x_wconf 76' lang='grc' dir='ltr'>πρέσϐεις</span> <span class='ocrx_word' id='word_1_510' title='bbox 1124 5447 1360 5516; x_wconf 62' lang='grc' dir='ltr'>έπεμψε,</span> <span class='ocrx_word' id='word_1_511' title='bbox 1379 5447 1475 5500; x_wconf 74' lang='grc' dir='ltr'>καὶ</span> <span class='ocrx_word' id='word_1_512' title='bbox 1493 5446 1683 5500; x_wconf 74' lang='grc' dir='ltr'>τοῦτον</span> <span class='ocrx_word' id='word_1_513' title='bbox 1704 5448 1805 5513; x_wconf 76' lang='grc' dir='ltr'>τῆς</span> 
     </span>
    </p>
   </div>
   <div class='ocr_carea' id='block_1_74' title="bbox 221 5538 1805 5610">
    <p class='ocr_par' dir='ltr' id='par_1_74' title="bbox 221 5538 1805 5610">
     <span class='ocr_line' id='line_1_74' title="bbox 221 5538 1805 5610; baseline 0 -17"><span class='ocrx_word' id='word_1_514' title='bbox 221 5540 636 5609; x_wconf 81' lang='grc' dir='ltr'>ἀναχωρήσεως</span> <span class='ocrx_word' id='word_1_515' title='bbox 668 5538 925 5608; x_wconf 73' lang='grc' dir='ltr'>ἐπῄνεσε,</span> <span class='ocrx_word' id='word_1_516' title='bbox 965 5539 1061 5591; x_wconf 74' lang='grc' dir='ltr'>καὶ</span> <span class='ocrx_word' id='word_1_517' title='bbox 1089 5540 1349 5610; x_wconf 86' lang='grc' dir='ltr'>πρέσϐεις</span> <span class='ocrx_word' id='word_1_518' title='bbox 1407 5542 1471 5592; x_wconf 86' lang='grc' dir='ltr'>ὲκ</span> <span class='ocrx_word' id='word_1_519' title='bbox 1506 5539 1602 5592; x_wconf 83' lang='grc' dir='ltr'><strong>τοῦ</strong></span> <span class='ocrx_word' id='word_1_520' title='bbox 1652 5540 1805 5608; x_wconf 84' lang='grc' dir='ltr'>βασι-</span> 
     </span>
    </p>
   </div>
   <div class='ocr_carea' id='block_1_75' title="bbox 227 5630 1806 5703">
    <p class='ocr_par' dir='ltr' id='par_1_75' title="bbox 227 5630 1806 5703">
     <span class='ocr_line' id='line_1_75' title="bbox 227 5630 1806 5703; baseline 0.002 -21"><span class='ocrx_word' id='word_1_521' title='bbox 227 5631 365 5695; x_wconf 82' lang='grc' dir='ltr'>λέως</span> <span class='ocrx_word' id='word_1_522' title='bbox 384 5630 672 5701; x_wconf 80' lang='grc' dir='ltr'>συντόμως</span> <span class='ocrx_word' id='word_1_523' title='bbox 698 5630 856 5699; x_wconf 73' lang='grc' dir='ltr'>ἥκειν</span> <span class='ocrx_word' id='word_1_524' title='bbox 880 5631 1268 5693; x_wconf 79' lang='grc' dir='ltr'>διεϐεϐαιοῦτο.</span> <span class='ocrx_word' id='word_1_525' title='bbox 1289 5634 1435 5694; x_wconf 76' lang='grc' dir='ltr'>ὅπως</span> <span class='ocrx_word' id='word_1_526' title='bbox 1456 5632 1553 5703; x_wconf 75' lang='grc' dir='ltr'>τὴν</span> <span class='ocrx_word' id='word_1_527' title='bbox 1578 5634 1806 5703; x_wconf 80' lang='grc' dir='ltr'>εἰρήνην</span> 
     </span>
    </p>
   </div>
   <div class='ocr_carea' id='block_1_76' title="bbox 225 5720 1805 5794">
    <p class='ocr_par' dir='ltr' id='par_1_76' title="bbox 225 5720 1805 5794">
     <span class='ocr_line' id='line_1_76' title="bbox 225 5720 1805 5794; baseline 0 -17"><span class='ocrx_word' id='word_1_528' title='bbox 225 5722 631 5793; x_wconf 77' lang='grc' dir='ltr'>βραϐεύσωσιν.</span> <span class='ocrx_word' id='word_1_529' title='bbox 666 5720 819 5790; x_wconf 74' lang='grc' dir='ltr'>ἠξίου</span> <span class='ocrx_word' id='word_1_530' title='bbox 847 5721 906 5775; x_wconf 76' lang='grc' dir='ltr'><strong>δὲ</strong></span> <span class='ocrx_word' id='word_1_531' title='bbox 946 5722 1189 5793; x_wconf 79' lang='grc' dir='ltr'>Χοσρόης</span> <span class='ocrx_word' id='word_1_532' title='bbox 1231 5724 1553 5794; x_wconf 82' lang='grc' dir='ltr'>Βελισάριον</span> <span class='ocrx_word' id='word_1_533' title='bbox 1585 5724 1674 5779; x_wconf 77' lang='grc' dir='ltr'>διὰ</span> <span class='ocrx_word' id='word_1_534' title='bbox 1702 5726 1805 5789; x_wconf 66' lang='grc' dir='ltr'>τῆς</span> 
     </span>
    </p>
   </div>
   <div class='ocr_carea' id='block_1_77' title="bbox 225 5812 1807 5886">
    <p class='ocr_par' dir='ltr' id='par_1_77' title="bbox 225 5812 1807 5886">
     <span class='ocr_line' id='line_1_77' title="bbox 225 5812 1807 5886; baseline 0.002 -20"><span class='ocrx_word' id='word_1_535' title='bbox 225 5817 335 5868; x_wconf 78' lang='grc' dir='ltr'><strong>τῶν</strong></span> <span class='ocrx_word' id='word_1_536' title='bbox 382 5812 680 5883; x_wconf 85' lang='grc' dir='ltr'>Ῥωμαίων</span> <span class='ocrx_word' id='word_1_537' title='bbox 709 5813 810 5881; x_wconf 76' lang='grc' dir='ltr'><strong>γῆς</strong></span> <span class='ocrx_word' id='word_1_538' title='bbox 841 5813 940 5882; x_wconf 74' lang='grc' dir='ltr'><strong>τὴν</strong></span> <span class='ocrx_word' id='word_1_539' title='bbox 966 5814 1200 5883; x_wconf 80' lang='grc' dir='ltr'>πάροδον</span> <span class='ocrx_word' id='word_1_540' title='bbox 1232 5815 1565 5886; x_wconf 82' lang='grc' dir='ltr'>ποιήσασθαι</span> <span class='ocrx_word' id='word_1_541' title='bbox 1588 5816 1807 5869; x_wconf 82' lang='grc' dir='ltr'>ἀκινδύ-</span> 
     </span>
    </p>
   </div>
   <div class='ocr_carea' id='block_1_78' title="bbox 591 5912 1281 5974">
    <p class='ocr_par' dir='ltr' id='par_1_78' title="bbox 591 5912 1281 5974">
     <span class='ocr_line' id='line_1_78' title="bbox 591 5912 1281 5974; baseline 0.003 -2"><span class='ocrx_word' id='word_1_542' title='bbox 591 5913 855 5972; x_wconf 54' lang='lat' dir='ltr'><strong>Puncta.</strong></span> <span class='ocrx_word' id='word_1_543' title='bbox 902 5915 1017 5970; x_wconf 78' lang='lat' dir='ltr'><strong>Gn.</strong></span> <span class='ocrx_word' id='word_1_544' title='bbox 1065 5912 1281 5974; x_wconf 72' lang='lat' dir='ltr'><strong>CXXI.</strong></span> 
     </span>
    </p>
   </div>
   <div class='ocr_carea' id='block_1_79' title="bbox 1902 1959 3473 2038">
    <p class='ocr_par' dir='ltr' id='par_1_79' title="bbox 1902 1959 3473 2038">
     <span class='ocr_line' id='line_1_79' title="bbox 1902 1959 3473 2038; baseline -0.005 -16"><span class='ocrx_word' id='word_1_545' title='bbox 1902 1969 2061 2032; x_wconf 86' lang='lat' dir='ltr'><strong>vidit,</strong></span> <span class='ocrx_word' id='word_1_546' title='bbox 2097 1966 2430 2038; x_wconf 82' lang='lat' dir='ltr'><strong>papilionem</strong></span> <span class='ocrx_word' id='word_1_547' title='bbox 2484 1965 2537 2020; x_wconf 93' lang='lat' dir='ltr'><strong>in</strong></span> <span class='ocrx_word' id='word_1_548' title='bbox 2605 1963 2901 2017; x_wconf 85' lang='lat' dir='ltr'><strong>solitudine</strong></span> <span class='ocrx_word' id='word_1_549' title='bbox 2956 1962 3093 2024; x_wconf 79' lang='lat' dir='ltr'><strong>ﬁxit,</strong></span> <span class='ocrx_word' id='word_1_550' title='bbox 3150 1959 3473 2029; x_wconf 73' lang='lat' dir='ltr'><strong>signiﬁcans</strong></span> 
     </span>
    </p>
   </div>
   <div class='ocr_carea' id='block_1_80' title="bbox 1904 2052 3478 2128">
    <p class='ocr_par' dir='ltr' id='par_1_80' title="bbox 1904 2052 3478 2128">
     <span class='ocr_line' id='line_1_80' title="bbox 1904 2052 3478 2128; baseline -0.006 -12"><span class='ocrx_word' id='word_1_551' title='bbox 1904 2061 2055 2116; x_wconf 91' lang='lat' dir='ltr'><strong>nullo</strong></span> <span class='ocrx_word' id='word_1_552' title='bbox 2102 2075 2228 2114; x_wconf 86' lang='lat' dir='ltr'><strong>eum</strong></span> <span class='ocrx_word' id='word_1_553' title='bbox 2280 2066 2547 2128; x_wconf 87' lang='lat' dir='ltr'><strong>apparatu</strong></span> <span class='ocrx_word' id='word_1_554' title='bbox 2581 2072 2648 2113; x_wconf 91' lang='lat' dir='ltr'><strong>eo</strong></span> <span class='ocrx_word' id='word_1_555' title='bbox 2694 2070 2753 2110; x_wconf 88' lang='lat' dir='ltr'><strong>se</strong></span> <span class='ocrx_word' id='word_1_556' title='bbox 2800 2054 3051 2119; x_wconf 83' lang='lat' dir='ltr'><strong>venisse;</strong></span> <span class='ocrx_word' id='word_1_557' title='bbox 3105 2052 3478 2123; x_wconf 74' lang='lat' dir='ltr'><strong>militibusque</strong></span> 
     </span>
    </p>
   </div>
   <div class='ocr_carea' id='block_1_81' title="bbox 1905 2143 3479 2221">
    <p class='ocr_par' dir='ltr' id='par_1_81' title="bbox 1905 2143 3479 2221">
     <span class='ocr_line' id='line_1_81' title="bbox 1905 2143 3479 2221; baseline -0.004 -18"><span class='ocrx_word' id='word_1_558' title='bbox 1905 2150 2164 2221; x_wconf 65' lang='lat' dir='ltr'><strong>praecepit</strong></span> <span class='ocrx_word' id='word_1_559' title='bbox 2192 2156 2251 2203; x_wconf 89' lang='lat' dir='ltr'><strong>ut</strong></span> <span class='ocrx_word' id='word_1_560' title='bbox 2281 2147 2353 2203; x_wconf 82' lang='lat' dir='ltr'><strong>ab</strong></span> <span class='ocrx_word' id='word_1_561' title='bbox 2380 2154 2614 2216; x_wconf 86' lang='lat' dir='ltr'><strong>utraque</strong></span> <span class='ocrx_word' id='word_1_562' title='bbox 2657 2143 2881 2199; x_wconf 90' lang='lat' dir='ltr'><strong>tentorii</strong></span> <span class='ocrx_word' id='word_1_563' title='bbox 2912 2152 3064 2213; x_wconf 89' lang='lat' dir='ltr'><strong>parte</strong></span> <span class='ocrx_word' id='word_1_564' title='bbox 3085 2151 3276 2198; x_wconf 86' lang='lat' dir='ltr'><strong>essent</strong></span> <span class='ocrx_word' id='word_1_565' title='bbox 3298 2143 3479 2196; x_wconf 86' lang='lat' dir='ltr'><strong>Thra-</strong></span> 
     </span>
    </p>
   </div>
   <div class='ocr_carea' id='block_1_82' title="bbox 1902 2236 3476 2313">
    <p class='ocr_par' dir='ltr' id='par_1_82' title="bbox 1902 2236 3476 2313">
     <span class='ocr_line' id='line_1_82' title="bbox 1902 2236 3476 2313; baseline -0.004 -15"><span class='ocrx_word' id='word_1_566' title='bbox 1902 2260 1996 2300; x_wconf 87' lang='lat' dir='ltr'><strong>ces</strong></span> <span class='ocrx_word' id='word_1_567' title='bbox 2027 2253 2081 2298; x_wconf 86' lang='lat' dir='ltr'><strong>et</strong></span> <span class='ocrx_word' id='word_1_568' title='bbox 2100 2242 2292 2313; x_wconf 81' lang='lat' dir='ltr'><strong>illyrii,</strong></span> <span class='ocrx_word' id='word_1_569' title='bbox 2328 2241 2490 2297; x_wconf 86' lang='lat' dir='ltr'><strong>Gothi</strong></span> <span class='ocrx_word' id='word_1_570' title='bbox 2514 2247 2565 2294; x_wconf 93' lang='lat' dir='ltr'><strong>et</strong></span> <span class='ocrx_word' id='word_1_571' title='bbox 2588 2237 2774 2294; x_wconf 81' lang='lat' dir='ltr'><strong>Heruli</strong></span> <span class='ocrx_word' id='word_1_572' title='bbox 2800 2278 2814 2301; x_wconf 87' lang='lat'><strong>,</strong></span> <span class='ocrx_word' id='word_1_573' title='bbox 2843 2237 3067 2293; x_wconf 73' lang='lat' dir='ltr'><strong>Vandali</strong></span> <span class='ocrx_word' id='word_1_574' title='bbox 3094 2246 3147 2292; x_wconf 85' lang='lat' dir='ltr'><strong>et</strong></span> <span class='ocrx_word' id='word_1_575' title='bbox 3187 2236 3476 2301; x_wconf 84' lang='lat' dir='ltr'><strong>Maurusii,</strong></span> 
     </span>
    </p>
   </div>
   <div class='ocr_carea' id='block_1_83' title="bbox 1904 2327 3477 2403">
    <p class='ocr_par' dir='ltr' id='par_1_83' title="bbox 1904 2327 3477 2403">
     <span class='ocr_line' id='line_1_83' title="bbox 1904 2327 3477 2403; baseline -0.006 -16"><span class='ocrx_word' id='word_1_576' title='bbox 1904 2348 2082 2403; x_wconf 80' lang='lat' dir='ltr'><strong>neque</strong></span> <span class='ocrx_word' id='word_1_577' title='bbox 2118 2332 2173 2386; x_wconf 91' lang='lat' dir='ltr'><strong>in</strong></span> <span class='ocrx_word' id='word_1_578' title='bbox 2205 2345 2458 2400; x_wconf 83' lang='lat' dir='ltr'><strong>campum</strong></span> <span class='ocrx_word' id='word_1_579' title='bbox 2523 2329 2777 2398; x_wconf 88' lang='lat' dir='ltr'><strong>protinus</strong></span> <span class='ocrx_word' id='word_1_580' title='bbox 2813 2327 2983 2382; x_wconf 85' lang='lat' dir='ltr'><strong>veluti</strong></span> <span class='ocrx_word' id='word_1_581' title='bbox 3040 2328 3105 2381; x_wconf 84' lang='lat' dir='ltr'><strong>ad</strong></span> <span class='ocrx_word' id='word_1_582' title='bbox 3172 2328 3477 2384; x_wconf 71' lang='lat' dir='ltr'><strong>ministeria</strong></span> 
     </span>
    </p>
   </div>
   <div class='ocr_carea' id='block_1_84' title="bbox 1902 2419 3483 2492">
    <p class='ocr_par' dir='ltr' id='par_1_84' title="bbox 1902 2419 3483 2492">
     <span class='ocr_line' id='line_1_84' title="bbox 1902 2419 3483 2492; baseline -0.004 -13"><span class='ocrx_word' id='word_1_583' title='bbox 1902 2425 2318 2487; x_wconf 82' lang='lat' dir='ltr'><strong>descenderent,</strong></span> <span class='ocrx_word' id='word_1_584' title='bbox 2405 2435 2584 2491; x_wconf 90' lang='lat' dir='ltr'><strong>neque</strong></span> <span class='ocrx_word' id='word_1_585' title='bbox 2646 2419 2958 2481; x_wconf 79' lang='lat' dir='ltr'><strong>confertim,</strong></span> <span class='ocrx_word' id='word_1_586' title='bbox 3017 2419 3110 2474; x_wconf 86' lang='lat' dir='ltr'><strong>sed</strong></span> <span class='ocrx_word' id='word_1_587' title='bbox 3156 2430 3483 2492; x_wconf 71' lang='lat' dir='ltr'><strong>vagarentur</strong></span> 
     </span>
    </p>
   </div>
   <div class='ocr_carea' id='block_1_85' title="bbox 1909 2512 3480 2583">
    <p class='ocr_par' dir='ltr' id='par_1_85' title="bbox 1909 2512 3480 2583">
     <span class='ocr_line' id='line_1_85' title="bbox 1909 2512 3480 2583; baseline -0.003 -13"><span class='ocrx_word' id='word_1_588' title='bbox 1909 2517 2036 2571; x_wconf 90' lang='lat' dir='ltr'><strong>hinc</strong></span> <span class='ocrx_word' id='word_1_589' title='bbox 2060 2515 2187 2570; x_wconf 90' lang='lat' dir='ltr'><strong>inde</strong></span> <span class='ocrx_word' id='word_1_590' title='bbox 2221 2515 2371 2569; x_wconf 85' lang='lat' dir='ltr'><strong>velut</strong></span> <span class='ocrx_word' id='word_1_591' title='bbox 2398 2514 2582 2577; x_wconf 87' lang='lat' dir='ltr'><strong>otiosi,</strong></span> <span class='ocrx_word' id='word_1_592' title='bbox 2639 2522 2802 2582; x_wconf 90' lang='lat' dir='ltr'><strong>atque</strong></span> <span class='ocrx_word' id='word_1_593' title='bbox 2860 2513 3181 2567; x_wconf 80' lang='lat' dir='ltr'><strong>venantium</strong></span> <span class='ocrx_word' id='word_1_594' title='bbox 3240 2512 3480 2583; x_wconf 88' lang='lat' dir='ltr'><strong>speciem</strong></span> 
     </span>
    </p>
   </div>
   <div class='ocr_carea' id='block_1_86' title="bbox 1904 2607 3479 2683">
    <p class='ocr_par' dir='ltr' id='par_1_86' title="bbox 1904 2607 3479 2683">
     <span class='ocr_line' id='line_1_86' title="bbox 1904 2607 3479 2683; baseline -0.003 -20"><span class='ocrx_word' id='word_1_595' title='bbox 1904 2609 2071 2683; x_wconf 58' lang='lat'><strong>655</strong></span> <span class='ocrx_word' id='word_1_596' title='bbox 2094 2611 2272 2680; x_wconf 83' lang='lat' dir='ltr'><strong>legato</strong></span> <span class='ocrx_word' id='word_1_597' title='bbox 2307 2608 2659 2664; x_wconf 75' lang='lat' dir='ltr'><strong>exhiberent.</strong></span> <span class='ocrx_word' id='word_1_598' title='bbox 2698 2607 2877 2662; x_wconf 79' lang='lat' dir='ltr'><strong>Cincti</strong></span> <span class='ocrx_word' id='word_1_599' title='bbox 2929 2607 3284 2671; x_wconf 81' lang='lat' dir='ltr'><strong>incedebant,</strong></span> <span class='ocrx_word' id='word_1_600' title='bbox 3319 2607 3479 2661; x_wconf 84' lang='lat' dir='ltr'><strong>hilari</strong></span> 
     </span>
    </p>
   </div>
   <div class='ocr_carea' id='block_1_87' title="bbox 1905 2700 3482 2773">
    <p class='ocr_par' dir='ltr' id='par_1_87' title="bbox 1905 2700 3482 2773">
     <span class='ocr_line' id='line_1_87' title="bbox 1905 2700 3482 2773; baseline -0.001 -18"><span class='ocrx_word' id='word_1_601' title='bbox 1905 2706 2083 2765; x_wconf 87' lang='lat' dir='ltr'><strong>vultu,</strong></span> <span class='ocrx_word' id='word_1_602' title='bbox 2138 2703 2532 2773; x_wconf 85' lang='lat' dir='ltr'><strong>gestabantque</strong></span> <span class='ocrx_word' id='word_1_603' title='bbox 2573 2714 2799 2756; x_wconf 83' lang='lat' dir='ltr'><strong>secures</strong></span> <span class='ocrx_word' id='word_1_604' title='bbox 2844 2708 2898 2754; x_wconf 91' lang='lat' dir='ltr'><strong>et</strong></span> <span class='ocrx_word' id='word_1_605' title='bbox 2927 2702 3188 2755; x_wconf 86' lang='lat' dir='ltr'><strong>calamos.</strong></span> <span class='ocrx_word' id='word_1_606' title='bbox 3222 2700 3482 2755; x_wconf 85' lang='lat' dir='ltr'><strong>Abanda-</strong></span> 
     </span>
    </p>
   </div>
   <div class='ocr_carea' id='block_1_88' title="bbox 1906 2791 3480 2864">
    <p class='ocr_par' dir='ltr' id='par_1_88' title="bbox 1906 2791 3480 2864">
     <span class='ocr_line' id='line_1_88' title="bbox 1906 2791 3480 2864; baseline -0.001 -15"><span class='ocrx_word' id='word_1_607' title='bbox 1906 2812 1996 2852; x_wconf 72' lang='lat' dir='ltr'><strong>aes</strong></span> <span class='ocrx_word' id='word_1_608' title='bbox 2033 2804 2093 2850; x_wconf 90' lang='lat' dir='ltr'><strong>ut</strong></span> <span class='ocrx_word' id='word_1_609' title='bbox 2131 2798 2184 2849; x_wconf 90' lang='lat' dir='ltr'><strong>in</strong></span> <span class='ocrx_word' id='word_1_610' title='bbox 2236 2802 2594 2864; x_wconf 88' lang='lat' dir='ltr'><strong>conspectum</strong></span> <span class='ocrx_word' id='word_1_611' title='bbox 2679 2791 2927 2846; x_wconf 87' lang='lat' dir='ltr'><strong>Belisarii</strong></span> <span class='ocrx_word' id='word_1_612' title='bbox 2988 2793 3154 2857; x_wconf 81' lang='lat' dir='ltr'><strong>venit,</strong></span> <span class='ocrx_word' id='word_1_613' title='bbox 3199 2792 3480 2863; x_wconf 84' lang='lat' dir='ltr'><strong>indignari</strong></span> 
     </span>
    </p>
   </div>
   <div class='ocr_carea' id='block_1_89' title="bbox 1903 2882 3482 2955">
    <p class='ocr_par' dir='ltr' id='par_1_89' title="bbox 1903 2882 3482 2955">
     <span class='ocr_line' id='line_1_89' title="bbox 1903 2882 3482 2955; baseline -0.003 -14"><span class='ocrx_word' id='word_1_614' title='bbox 1903 2887 2203 2944; x_wconf 89' lang='lat' dir='ltr'><strong>Chosroem</strong></span> <span class='ocrx_word' id='word_1_615' title='bbox 2233 2882 3019 2954; x_wconf 80' lang='lat' dir='ltr'><strong>ostendit.quodJustinianus</strong></span> <span class='ocrx_word' id='word_1_616' title='bbox 3053 2884 3298 2955; x_wconf 89' lang='lat' dir='ltr'><strong>neglecto</strong></span> <span class='ocrx_word' id='word_1_617' title='bbox 3323 2893 3482 2955; x_wconf 75' lang='lat' dir='ltr'><strong>pacto</strong></span> 
     </span>
    </p>
   </div>
   <div class='ocr_carea' id='block_1_90' title="bbox 1906 2975 3442 3047">
    <p class='ocr_par' dir='ltr' id='par_1_90' title="bbox 1906 2975 3442 3047">
     <span class='ocr_line' id='line_1_90' title="bbox 1906 2975 3442 3047; baseline -0.002 -16"><span class='ocrx_word' id='word_1_618' title='bbox 1906 2978 2112 3047; x_wconf 82' lang='lat' dir='ltr'><strong>legatos</strong></span> <span class='ocrx_word' id='word_1_619' title='bbox 2141 2976 2210 3033; x_wconf 86' lang='lat' dir='ltr'><strong>de</strong></span> <span class='ocrx_word' id='word_1_620' title='bbox 2240 2991 2373 3047; x_wconf 88' lang='lat' dir='ltr'><strong>pace</strong></span> <span class='ocrx_word' id='word_1_621' title='bbox 2401 2976 2808 3039; x_wconf 81' lang='lat' dir='ltr'><strong>non~misisset,</strong></span> <span class='ocrx_word' id='word_1_622' title='bbox 2836 2975 3129 3045; x_wconf 85' lang='lat' dir='ltr'><strong>ipsumque</strong></span> <span class='ocrx_word' id='word_1_623' title='bbox 3185 2978 3260 3031; x_wconf 88' lang='lat' dir='ltr'><strong>ita</strong></span> <span class='ocrx_word' id='word_1_624' title='bbox 3283 2977 3350 3031; x_wconf 84' lang='lat' dir='ltr'><strong>ad</strong></span> <span class='ocrx_word' id='word_1_625' title='bbox 3390 2977 3442 3030; x_wconf 87' lang='lat' dir='ltr'><strong>in</strong></span> 
     </span>
    </p>
   </div>
   <div class='ocr_carea' id='block_1_91' title="bbox 1908 3068 3482 3141">
    <p class='ocr_par' dir='ltr' id='par_1_91' title="bbox 1908 3068 3482 3141">
     <span class='ocr_line' id='line_1_91' title="bbox 1908 3068 3482 3141; baseline -0.001 -16"><span class='ocrx_word' id='word_1_626' title='bbox 1908 3070 2193 3127; x_wconf 82' lang='lat' dir='ltr'><strong>ferendum</strong></span> <span class='ocrx_word' id='word_1_627' title='bbox 2257 3070 2520 3126; x_wconf 80' lang='lat' dir='ltr'><strong>Romanis</strong></span> <span class='ocrx_word' id='word_1_628' title='bbox 2578 3070 2783 3126; x_wconf 88' lang='lat' dir='ltr'><strong>bellum</strong></span> <span class='ocrx_word' id='word_1_629' title='bbox 2840 3069 3132 3141; x_wconf 80' lang='lat' dir='ltr'><strong>adegisset.</strong></span> <span class='ocrx_word' id='word_1_630' title='bbox 3183 3068 3482 3124; x_wconf 85' lang='lat' dir='ltr'><strong>Belisarius</strong></span> 
     </span>
    </p>
   </div>
   <div class='ocr_carea' id='block_1_92' title="bbox 1908 3160 3476 3223">
    <p class='ocr_par' dir='ltr' id='par_1_92' title="bbox 1908 3160 3476 3223">
     <span class='ocr_line' id='line_1_92' title="bbox 1908 3160 3476 3223; baseline -0.001 -6"><span class='ocrx_word' id='word_1_631' title='bbox 1908 3172 2096 3218; x_wconf 85' lang='lat' dir='ltr'><strong>contra</strong></span> <span class='ocrx_word' id='word_1_632' title='bbox 2126 3163 2282 3217; x_wconf 90' lang='lat' dir='ltr'><strong>nihili</strong></span> <span class='ocrx_word' id='word_1_633' title='bbox 2312 3163 2452 3217; x_wconf 85' lang='lat' dir='ltr'><strong>bane</strong></span> <span class='ocrx_word' id='word_1_634' title='bbox 2482 3162 2791 3217; x_wconf 89' lang='lat' dir='ltr'><strong>orationem</strong></span> <span class='ocrx_word' id='word_1_635' title='bbox 2818 3160 3042 3223; x_wconf 89' lang='lat' dir='ltr'><strong>dueere.</strong></span> <span class='ocrx_word' id='word_1_636' title='bbox 3085 3161 3138 3216; x_wconf 90' lang='lat' dir='ltr'><strong>in</strong></span> <span class='ocrx_word' id='word_1_637' title='bbox 3173 3162 3476 3218; x_wconf 81' lang='lat' dir='ltr'><strong>Cbosroem</strong></span> 
     </span>
    </p>
   </div>
   <div class='ocr_carea' id='block_1_93' title="bbox 1909 3254 3480 3327">
    <p class='ocr_par' dir='ltr' id='par_1_93' title="bbox 1909 3254 3480 3327">
     <span class='ocr_line' id='line_1_93' title="bbox 1909 3254 3480 3327; baseline -0.002 -16"><span class='ocrx_word' id='word_1_638' title='bbox 1909 3255 2032 3311; x_wconf 85' lang='lat' dir='ltr'><strong>belli</strong></span> <span class='ocrx_word' id='word_1_639' title='bbox 2064 3255 2282 3326; x_wconf 89' lang='lat' dir='ltr'><strong>culpam</strong></span> <span class='ocrx_word' id='word_1_640' title='bbox 2307 3254 2582 3319; x_wconf 78' lang='lat' dir='ltr'><strong>conferre,</strong></span> <span class='ocrx_word' id='word_1_641' title='bbox 2608 3255 2699 3327; x_wconf 86' lang='lat' dir='ltr'><strong>qui</strong></span> <span class='ocrx_word' id='word_1_642' title='bbox 2731 3254 2776 3308; x_wconf 90' lang='lat' dir='ltr'><strong>si</strong></span> <span class='ocrx_word' id='word_1_643' title='bbox 2827 3256 2944 3323; x_wconf 88' lang='lat' dir='ltr'><strong>paci</strong></span> <span class='ocrx_word' id='word_1_644' title='bbox 2982 3255 3306 3319; x_wconf 85' lang='lat' dir='ltr'><strong>studuisset,</strong></span> <span class='ocrx_word' id='word_1_645' title='bbox 3335 3256 3480 3311; x_wconf 87' lang='lat' dir='ltr'><strong>domi</strong></span> 
     </span>
    </p>
   </div>
   <div class='ocr_carea' id='block_1_94' title="bbox 1904 3346 3472 3417">
    <p class='ocr_par' dir='ltr' id='par_1_94' title="bbox 1904 3346 3472 3417">
     <span class='ocr_line' id='line_1_94' title="bbox 1904 3346 3472 3417; baseline -0.001 -15"><span class='ocrx_word' id='word_1_646' title='bbox 1904 3349 2087 3416; x_wconf 85' lang='lat' dir='ltr'><strong>petius</strong></span> <span class='ocrx_word' id='word_1_647' title='bbox 2116 3363 2229 3402; x_wconf 76' lang='lat' dir='ltr'><strong>sua:</strong></span> <span class='ocrx_word' id='word_1_648' title='bbox 2259 3348 2465 3417; x_wconf 80' lang='lat' dir='ltr'><strong>legatos</strong></span> <span class='ocrx_word' id='word_1_649' title='bbox 2488 3346 2730 3416; x_wconf 88' lang='lat' dir='ltr'><strong>opperiri</strong></span> <span class='ocrx_word' id='word_1_650' title='bbox 2772 3361 2938 3415; x_wconf 81' lang='lat' dir='ltr'><strong>quam</strong></span> <span class='ocrx_word' id='word_1_651' title='bbox 2983 3346 3036 3401; x_wconf 91' lang='lat' dir='ltr'><strong>in</strong></span> <span class='ocrx_word' id='word_1_652' title='bbox 3096 3346 3472 3402; x_wconf 82' lang='lat' dir='ltr'><strong>Romanorum</strong></span> 
     </span>
    </p>
   </div>
   <div class='ocr_carea' id='block_1_95' title="bbox 1904 3438 3478 3510">
    <p class='ocr_par' dir='ltr' id='par_1_95' title="bbox 1904 3438 3478 3510">
     <span class='ocr_line' id='line_1_95' title="bbox 1904 3438 3478 3510; baseline 0.001 -17"><span class='ocrx_word' id='word_1_653' title='bbox 1904 3438 2168 3494; x_wconf 91' lang='lat' dir='ltr'><strong>ditionem</strong></span> <span class='ocrx_word' id='word_1_654' title='bbox 2192 3438 2549 3509; x_wconf 86' lang='lat' dir='ltr'><strong>irrumpendo</strong></span> <span class='ocrx_word' id='word_1_655' title='bbox 2587 3452 2706 3493; x_wconf 81' lang='lat' dir='ltr'><strong>eam</strong></span> <span class='ocrx_word' id='word_1_656' title='bbox 2741 3453 2987 3507; x_wconf 66' lang='lat' dir='ltr'><strong>quaerere</strong></span> <span class='ocrx_word' id='word_1_657' title='bbox 3013 3438 3281 3493; x_wconf 88' lang='lat' dir='ltr'><strong>debuerit.</strong></span> <span class='ocrx_word' id='word_1_658' title='bbox 3298 3440 3478 3510; x_wconf 80' lang='lat' dir='ltr'><strong>Atque</strong></span> 
     </span>
    </p>
   </div>
   <div class='ocr_carea' id='block_1_96' title="bbox 1904 3526 3476 3598">
    <p class='ocr_par' dir='ltr' id='par_1_96' title="bbox 1904 3526 3476 3598">
     <span class='ocr_line' id='line_1_96' title="bbox 1904 3526 3476 3598; baseline -0.002 -14"><span class='ocrx_word' id='word_1_659' title='bbox 1904 3530 2007 3584; x_wconf 86' lang='lat' dir='ltr'><strong>hoc</strong></span> <span class='ocrx_word' id='word_1_660' title='bbox 2044 3544 2314 3597; x_wconf 88' lang='lat' dir='ltr'><strong>responso</strong></span> <span class='ocrx_word' id='word_1_661' title='bbox 2339 3528 2574 3598; x_wconf 87' lang='lat' dir='ltr'><strong>legatum</strong></span> <span class='ocrx_word' id='word_1_662' title='bbox 2624 3528 2855 3582; x_wconf 86' lang='lat' dir='ltr'><strong>dimisit.</strong></span> <span class='ocrx_word' id='word_1_663' title='bbox 2894 3526 2946 3581; x_wconf 87' lang='lat' dir='ltr'><strong>Is</strong></span> <span class='ocrx_word' id='word_1_664' title='bbox 2964 3526 3029 3581; x_wconf 89' lang='lat' dir='ltr'><strong>ad</strong></span> <span class='ocrx_word' id='word_1_665' title='bbox 3060 3527 3361 3583; x_wconf 87' lang='lat' dir='ltr'><strong>Chosroem</strong></span> <span class='ocrx_word' id='word_1_666' title='bbox 3391 3542 3476 3581; x_wconf 82' lang='lat' dir='ltr'><strong>re-</strong></span> 
     </span>
    </p>
   </div>
   <div class='ocr_carea' id='block_1_97' title="bbox 1903 3617 3479 3689">
    <p class='ocr_par' dir='ltr' id='par_1_97' title="bbox 1903 3617 3479 3689">
     <span class='ocr_line' id='line_1_97' title="bbox 1903 3617 3479 3689; baseline -0.001 -17"><span class='ocrx_word' id='word_1_667' title='bbox 1903 3636 2096 3676; x_wconf 76' lang='lat' dir='ltr'><strong>versus</strong></span> <span class='ocrx_word' id='word_1_668' title='bbox 2130 3619 2299 3674; x_wconf 83' lang='lat' dir='ltr'><strong>refert</strong></span> <span class='ocrx_word' id='word_1_669' title='bbox 2326 3620 2501 3673; x_wconf 89' lang='lat' dir='ltr'><strong>visum</strong></span> <span class='ocrx_word' id='word_1_670' title='bbox 2550 3617 2653 3673; x_wconf 87' lang='lat' dir='ltr'><strong>sibi</strong></span> <span class='ocrx_word' id='word_1_671' title='bbox 2703 3618 3047 3683; x_wconf 89' lang='lat' dir='ltr'><strong>Belisarium,</strong></span> <span class='ocrx_word' id='word_1_672' title='bbox 3095 3618 3287 3673; x_wconf 89' lang='lat' dir='ltr'><strong>ducem</strong></span> <span class='ocrx_word' id='word_1_673' title='bbox 3349 3634 3479 3689; x_wconf 80' lang='lat' dir='ltr'><strong>pru-</strong></span> 
     </span>
    </p>
   </div>
   <div class='ocr_carea' id='block_1_98' title="bbox 1903 3710 3480 3782">
    <p class='ocr_par' dir='ltr' id='par_1_98' title="bbox 1903 3710 3480 3782">
     <span class='ocr_line' id='line_1_98' title="bbox 1903 3710 3480 3782; baseline 0 -16"><span class='ocrx_word' id='word_1_674' title='bbox 1903 3711 2090 3768; x_wconf 90' lang='lat' dir='ltr'><strong>dentia</strong></span> <span class='ocrx_word' id='word_1_675' title='bbox 2154 3726 2218 3767; x_wconf 90' lang='lat' dir='ltr'><strong>ac</strong></span> <span class='ocrx_word' id='word_1_676' title='bbox 2264 3711 2588 3766; x_wconf 79' lang='lat' dir='ltr'><strong>fortitudine</strong></span> <span class='ocrx_word' id='word_1_677' title='bbox 2632 3711 2941 3782; x_wconf 83' lang='lat' dir='ltr'><strong>singulari;</strong></span> <span class='ocrx_word' id='word_1_678' title='bbox 2996 3710 3199 3766; x_wconf 82' lang='lat' dir='ltr'><strong>milites</strong></span> <span class='ocrx_word' id='word_1_679' title='bbox 3262 3727 3480 3781; x_wconf 91' lang='lat' dir='ltr'><strong>quoque</strong></span> 
     </span>
    </p>
   </div>
   <div class='ocr_carea' id='block_1_99' title="bbox 1908 3801 3482 3873">
    <p class='ocr_par' dir='ltr' id='par_1_99' title="bbox 1908 3801 3482 3873">
     <span class='ocr_line' id='line_1_99' title="bbox 1908 3801 3482 3873; baseline -0.001 -17"><span class='ocrx_word' id='word_1_680' title='bbox 1908 3803 2361 3858; x_wconf 88' lang='lat' dir='ltr'><strong>miral:ilidecore</strong></span> <span class='ocrx_word' id='word_1_681' title='bbox 2382 3803 2587 3858; x_wconf 87' lang='lat' dir='ltr'><strong>vidisse</strong></span> <span class='ocrx_word' id='word_1_682' title='bbox 2623 3811 2676 3856; x_wconf 88' lang='lat' dir='ltr'><strong>et</strong></span> <span class='ocrx_word' id='word_1_683' title='bbox 2732 3801 3153 3871; x_wconf 82' lang='lat' dir='ltr'><strong>compositione.</strong></span> <span class='ocrx_word' id='word_1_684' title='bbox 3188 3801 3482 3873; x_wconf 81' lang='lat' dir='ltr'><strong>Suasitque</strong></span> 
     </span>
    </p>
   </div>
   <div class='ocr_carea' id='block_1_100' title="bbox 1906 3892 3477 3963">
    <p class='ocr_par' dir='ltr' id='par_1_100' title="bbox 1906 3892 3477 3963">
     <span class='ocr_line' id='line_1_100' title="bbox 1906 3892 3477 3963; baseline 0.002 -18"><span class='ocrx_word' id='word_1_685' title='bbox 1906 3893 2117 3960; x_wconf 85' lang='lat' dir='ltr'><strong>regine</strong></span> <span class='ocrx_word' id='word_1_686' title='bbox 2154 3907 2367 3948; x_wconf 91' lang='lat' dir='ltr'><strong>cumeo</strong></span> <span class='ocrx_word' id='word_1_687' title='bbox 2403 3894 2523 3948; x_wconf 88' lang='lat' dir='ltr'><strong>acie</strong></span> <span class='ocrx_word' id='word_1_688' title='bbox 2577 3892 3026 3963; x_wconf 83' lang='lat' dir='ltr'><strong>congrederetur,</strong></span> <span class='ocrx_word' id='word_1_689' title='bbox 3082 3908 3151 3946; x_wconf 91' lang='lat' dir='ltr'><strong>ne</strong></span> <span class='ocrx_word' id='word_1_690' title='bbox 3197 3895 3373 3948; x_wconf 88' lang='lat' dir='ltr'><strong>victus</strong></span> <span class='ocrx_word' id='word_1_691' title='bbox 3422 3896 3477 3948; x_wconf 93' lang='lat' dir='ltr'><strong>in</strong></span> 
     </span>
    </p>
   </div>
   <div class='ocr_carea' id='block_1_101' title="bbox 1908 3980 3478 4053">
    <p class='ocr_par' dir='ltr' id='par_1_101' title="bbox 1908 3980 3478 4053">
     <span class='ocr_line' id='line_1_101' title="bbox 1908 3980 3478 4053; baseline 0.001 -18"><span class='ocrx_word' id='word_1_692' title='bbox 1908 3980 2283 4036; x_wconf 82' lang='lat' dir='ltr'><strong>Romanorum</strong></span> <span class='ocrx_word' id='word_1_693' title='bbox 2304 3983 2533 4047; x_wconf 91' lang='lat' dir='ltr'><strong>ditione,</strong></span> <span class='ocrx_word' id='word_1_694' title='bbox 2576 3997 2700 4038; x_wconf 91' lang='lat' dir='ltr'><strong>eum</strong></span> <span class='ocrx_word' id='word_1_695' title='bbox 2735 3983 2873 4053; x_wconf 60' lang='lat' dir='ltr'><strong>fugae</strong></span> <span class='ocrx_word' id='word_1_696' title='bbox 2934 3982 3090 4037; x_wconf 92' lang='lat' dir='ltr'><strong>locus</strong></span> <span class='ocrx_word' id='word_1_697' title='bbox 3146 3998 3256 4039; x_wconf 89' lang='lat' dir='ltr'><strong>non</strong></span> <span class='ocrx_word' id='word_1_698' title='bbox 3312 3995 3478 4045; x_wconf 82' lang='lat' dir='ltr'><strong>esset,</strong></span> 
     </span>
    </p>
   </div>
   <div class='ocr_carea' id='block_1_102' title="bbox 1909 4072 3481 4145">
    <p class='ocr_par' dir='ltr' id='par_1_102' title="bbox 1909 4072 3481 4145">
     <span class='ocr_line' id='line_1_102' title="bbox 1909 4072 3481 4145; baseline 0.001 -17"><span class='ocrx_word' id='word_1_699' title='bbox 1909 4087 2137 4144; x_wconf 82' lang='lat' dir='ltr'><strong>regnum</strong></span> <span class='ocrx_word' id='word_1_700' title='bbox 2167 4072 2451 4129; x_wconf 86' lang='lat' dir='ltr'><strong>Persicum</strong></span> <span class='ocrx_word' id='word_1_701' title='bbox 2483 4082 2780 4138; x_wconf 77' lang='lat' dir='ltr'><strong>everteret,</strong></span> <span class='ocrx_word' id='word_1_702' title='bbox 2817 4077 3129 4145; x_wconf 63' lang='lat' dir='ltr'><strong>praesertim</strong></span> <span class='ocrx_word' id='word_1_703' title='bbox 3155 4091 3282 4130; x_wconf 89' lang='lat' dir='ltr'><strong>cum</strong></span> <span class='ocrx_word' id='word_1_704' title='bbox 3316 4077 3481 4131; x_wconf 88' lang='lat' dir='ltr'><strong>etiam</strong></span> 
     </span>
    </p>
   </div>
   <div class='ocr_carea' id='block_1_103' title="bbox 1906 4166 3480 4240">
    <p class='ocr_par' dir='ltr' id='par_1_103' title="bbox 1906 4166 3480 4240">
     <span class='ocr_line' id='line_1_103' title="bbox 1906 4166 3480 4240; baseline 0.004 -23"><span class='ocrx_word' id='word_1_705' title='bbox 1906 4166 2137 4220; x_wconf 75' lang='lat' dir='ltr'><strong>victoria</strong></span> <span class='ocrx_word' id='word_1_706' title='bbox 2181 4167 2247 4221; x_wconf 87' lang='lat' dir='ltr'><strong>de</strong></span> <span class='ocrx_word' id='word_1_707' title='bbox 2282 4167 2420 4221; x_wconf 90' lang='lat' dir='ltr'><strong>duce</strong></span> <span class='ocrx_word' id='word_1_708' title='bbox 2462 4166 2708 4221; x_wconf 82' lang='lat' dir='ltr'><strong>Romano</strong></span> <span class='ocrx_word' id='word_1_709' title='bbox 2738 4182 2847 4221; x_wconf 91' lang='lat' dir='ltr'><strong>non</strong></span> <span class='ocrx_word' id='word_1_710' title='bbox 2902 4169 2973 4223; x_wconf 89' lang='lat' dir='ltr'><strong>sit</strong></span> <span class='ocrx_word' id='word_1_711' title='bbox 3031 4171 3188 4225; x_wconf 89' lang='lat' dir='ltr'><strong>valde</strong></span> <span class='ocrx_word' id='word_1_712' title='bbox 3242 4169 3480 4240; x_wconf 82' lang='lat' dir='ltr'><strong>gloriosa</strong></span> 
     </span>
    </p>
   </div>
   <div class='ocr_carea' id='block_1_104' title="bbox 1910 4255 3477 4328">
    <p class='ocr_par' dir='ltr' id='par_1_104' title="bbox 1910 4255 3477 4328">
     <span class='ocr_line' id='line_1_104' title="bbox 1910 4255 3477 4328; baseline 0.003 -19"><span class='ocrx_word' id='word_1_713' title='bbox 1910 4255 2117 4311; x_wconf 84' lang='lat' dir='ltr'><strong>futura.</strong></span> <span class='ocrx_word' id='word_1_714' title='bbox 2151 4256 2325 4326; x_wconf 84' lang='lat' dir='ltr'><strong>Hujus</strong></span> <span class='ocrx_word' id='word_1_715' title='bbox 2360 4259 2572 4313; x_wconf 90' lang='lat' dir='ltr'><strong>monitu</strong></span> <span class='ocrx_word' id='word_1_716' title='bbox 2634 4274 2934 4328; x_wconf 87' lang='lat' dir='ltr'><strong>persuasus</strong></span> <span class='ocrx_word' id='word_1_717' title='bbox 2991 4258 3265 4316; x_wconf 87' lang='lat' dir='ltr'><strong>Chosroes</strong></span> <span class='ocrx_word' id='word_1_718' title='bbox 3296 4263 3477 4317; x_wconf 90' lang='lat' dir='ltr'><strong>statim</strong></span> 
     </span>
    </p>
   </div>
   <div class='ocr_carea' id='block_1_105' title="bbox 1907 4345 3475 4418">
    <p class='ocr_par' dir='ltr' id='par_1_105' title="bbox 1907 4345 3475 4418">
     <span class='ocr_line' id='line_1_105' title="bbox 1907 4345 3475 4418; baseline 0.006 -19"><span class='ocrx_word' id='word_1_719' title='bbox 1907 4345 1974 4400; x_wconf 87' lang='lat' dir='ltr'><strong>ad</strong></span> <span class='ocrx_word' id='word_1_720' title='bbox 2020 4362 2119 4402; x_wconf 89' lang='lat' dir='ltr'><strong>sua</strong></span> <span class='ocrx_word' id='word_1_721' title='bbox 2159 4346 2340 4403; x_wconf 87' lang='lat' dir='ltr'><strong>redire</strong></span> <span class='ocrx_word' id='word_1_722' title='bbox 2377 4349 2659 4418; x_wconf 74' lang='lat' dir='ltr'><strong>cogitavit.</strong></span> <span class='ocrx_word' id='word_1_723' title='bbox 2697 4348 2974 4405; x_wconf 80' lang='lat' dir='ltr'><strong>Metuebat</strong></span> <span class='ocrx_word' id='word_1_724' title='bbox 3017 4361 3198 4405; x_wconf 89' lang='lat' dir='ltr'><strong>autem</strong></span> <span class='ocrx_word' id='word_1_725' title='bbox 3237 4355 3475 4409; x_wconf 90' lang='lat' dir='ltr'><strong>transire</strong></span> 
     </span>
    </p>
   </div>
   <div class='ocr_carea' id='block_1_106' title="bbox 1908 4436 3478 4516">
    <p class='ocr_par' dir='ltr' id='par_1_106' title="bbox 1908 4436 3478 4516">
     <span class='ocr_line' id='line_1_106' title="bbox 1908 4436 3478 4516; baseline 0.003 -24"><span class='ocrx_word' id='word_1_726' title='bbox 1908 4436 2151 4504; x_wconf 78' lang='lat' dir='ltr'><strong>ﬂuvium,</strong></span> <span class='ocrx_word' id='word_1_727' title='bbox 2179 4439 2339 4509; x_wconf 90' lang='lat' dir='ltr'><strong>cujus</strong></span> <span class='ocrx_word' id='word_1_728' title='bbox 2368 4441 2568 4494; x_wconf 82' lang='lat' dir='ltr'><strong>vadum</strong></span> <span class='ocrx_word' id='word_1_729' title='bbox 2593 4438 2824 4495; x_wconf 79' lang='lat' dir='ltr'><strong>Romani</strong></span> <span class='ocrx_word' id='word_1_730' title='bbox 2853 4440 3134 4496; x_wconf 85' lang='lat' dir='ltr'><strong>tenebant.</strong></span> <span class='ocrx_word' id='word_1_731' title='bbox 3164 4442 3328 4497; x_wconf 74' lang='lat' dir='ltr'><strong>Mittit</strong></span> <span class='ocrx_word' id='word_1_732' title='bbox 3349 4460 3478 4516; x_wconf 81' lang='lat' dir='ltr'><strong>ergo</strong></span> 
     </span>
    </p>
   </div>
   <div class='ocr_carea' id='block_1_107' title="bbox 1910 4528 3477 4601">
    <p class='ocr_par' dir='ltr' id='par_1_107' title="bbox 1910 4528 3477 4601">
     <span class='ocr_line' id='line_1_107' title="bbox 1910 4528 3477 4601; baseline 0.004 -18"><span class='ocrx_word' id='word_1_733' title='bbox 1910 4528 1977 4583; x_wconf 86' lang='lat' dir='ltr'><strong>ad</strong></span> <span class='ocrx_word' id='word_1_734' title='bbox 2001 4528 2345 4596; x_wconf 86' lang='lat' dir='ltr'><strong>Belisarium,</strong></span> <span class='ocrx_word' id='word_1_735' title='bbox 2365 4530 2651 4599; x_wconf 88' lang='lat' dir='ltr'><strong>postulans</strong></span> <span class='ocrx_word' id='word_1_736' title='bbox 2679 4538 2738 4584; x_wconf 89' lang='lat' dir='ltr'><strong>ttt</strong></span> <span class='ocrx_word' id='word_1_737' title='bbox 2759 4546 2853 4586; x_wconf 91' lang='lat' dir='ltr'><strong>eos</strong></span> <span class='ocrx_word' id='word_1_738' title='bbox 2881 4534 2973 4601; x_wconf 88' lang='lat' dir='ltr'><strong>qui</strong></span> <span class='ocrx_word' id='word_1_739' title='bbox 3003 4546 3220 4587; x_wconf 89' lang='lat' dir='ltr'><strong>amnem</strong></span> <span class='ocrx_word' id='word_1_740' title='bbox 3241 4538 3477 4591; x_wconf 85' lang='lat' dir='ltr'><strong>transie-</strong></span> 
     </span>
    </p>
   </div>
   <div class='ocr_carea' id='block_1_108' title="bbox 1912 4606 3473 4695">
    <p class='ocr_par' dir='ltr' id='par_1_108' title="bbox 1912 4606 3473 4695">
     <span class='ocr_line' id='line_1_108' title="bbox 1912 4606 3473 4695; baseline 0.006 -22"><span class='ocrx_word' id='word_1_741' title='bbox 1912 4628 2036 4674; x_wconf 91' lang='lat' dir='ltr'><strong>rant</strong></span> <span class='ocrx_word' id='word_1_742' title='bbox 2066 4627 2349 4675; x_wconf 87' lang='lat' dir='ltr'><strong>revocaret</strong></span> <span class='ocrx_word' id='word_1_743' title='bbox 2384 4621 2604 4692; x_wconf 82' lang='lat' dir='ltr'><strong>sibique</strong></span> <span class='ocrx_word' id='word_1_744' title='bbox 2635 4629 2811 4677; x_wconf 90' lang='lat' dir='ltr'><strong>tutum</strong></span> <span class='ocrx_word' id='word_1_745' title='bbox 2875 4606 3183 4679; x_wconf 86' lang='lat' dir='ltr'><strong>discessum</strong></span> <span class='ocrx_word' id='word_1_746' title='bbox 3233 4637 3473 4695; x_wconf 88' lang='lat' dir='ltr'><strong>pararet.</strong></span> 
     </span>
    </p>
   </div>
   <div class='ocr_carea' id='block_1_109' title="bbox 1911 4708 3474 4784">
    <p class='ocr_par' dir='ltr' id='par_1_109' title="bbox 1911 4708 3474 4784">
     <span class='ocr_line' id='line_1_109' title="bbox 1911 4708 3474 4784; baseline 0.008 -22"><span class='ocrx_word' id='word_1_747' title='bbox 1911 4708 2161 4764; x_wconf 77' lang='lat' dir='ltr'><strong>Vicissim</strong></span> <span class='ocrx_word' id='word_1_748' title='bbox 2185 4712 2479 4769; x_wconf 83' lang='lat' dir='ltr'><strong>Belisarius</strong></span> <span class='ocrx_word' id='word_1_749' title='bbox 2515 4713 2707 4769; x_wconf 84' lang='lat' dir='ltr'><strong>missis</strong></span> <span class='ocrx_word' id='word_1_750' title='bbox 2759 4715 2953 4784; x_wconf 80' lang='lat' dir='ltr'><strong>legatis</strong></span> <span class='ocrx_word' id='word_1_751' title='bbox 3000 4716 3123 4783; x_wconf 93' lang='lat' dir='ltr'><strong>ejus</strong></span> <span class='ocrx_word' id='word_1_752' title='bbox 3168 4718 3474 4774; x_wconf 88' lang='lat' dir='ltr'><strong>discessum</strong></span> 
     </span>
    </p>
   </div>
   <div class='ocr_carea' id='block_1_110' title="bbox 1911 4802 3480 4880">
    <p class='ocr_par' dir='ltr' id='par_1_110' title="bbox 1911 4802 3480 4880">
     <span class='ocr_line' id='line_1_110' title="bbox 1911 4802 3480 4880; baseline 0.006 -25"><span class='ocrx_word' id='word_1_753' title='bbox 1911 4802 2248 4868; x_wconf 86' lang='lat' dir='ltr'><strong>collaudare,</strong></span> <span class='ocrx_word' id='word_1_754' title='bbox 2272 4820 2336 4859; x_wconf 90' lang='lat' dir='ltr'><strong>ac</strong></span> <span class='ocrx_word' id='word_1_755' title='bbox 2354 4804 2625 4860; x_wconf 78' lang='lat' dir='ltr'><strong>allirmare</strong></span> <span class='ocrx_word' id='word_1_756' title='bbox 2665 4820 2790 4859; x_wconf 79' lang='lat' dir='ltr'><strong>mox</strong></span> <span class='ocrx_word' id='word_1_757' title='bbox 2822 4806 2890 4860; x_wconf 90' lang='lat' dir='ltr'><strong>ab</strong></span> <span class='ocrx_word' id='word_1_758' title='bbox 2916 4806 3480 4880; x_wconf 82' lang='lat' dir='ltr'><strong>imperatorelegates</strong></span> 
     </span>
    </p>
   </div>
   <div class='ocr_carea' id='block_1_111' title="bbox 1910 4892 3479 4971">
    <p class='ocr_par' dir='ltr' id='par_1_111' title="bbox 1910 4892 3479 4971">
     <span class='ocr_line' id='line_1_111' title="bbox 1910 4892 3479 4971; baseline 0.005 -24"><span class='ocrx_word' id='word_1_759' title='bbox 1910 4892 2119 4960; x_wconf 79' lang='lat' dir='ltr'><strong>adfore,</strong></span> <span class='ocrx_word' id='word_1_760' title='bbox 2143 4897 2236 4965; x_wconf 91' lang='lat' dir='ltr'><strong>qui</strong></span> <span class='ocrx_word' id='word_1_761' title='bbox 2268 4910 2453 4964; x_wconf 88' lang='lat' dir='ltr'><strong>pacem</strong></span> <span class='ocrx_word' id='word_1_762' title='bbox 2488 4905 2845 4966; x_wconf 88' lang='lat' dir='ltr'><strong>componant.</strong></span> <span class='ocrx_word' id='word_1_763' title='bbox 2882 4898 3038 4966; x_wconf 84' lang='lat' dir='ltr'><strong>Quod</strong></span> <span class='ocrx_word' id='word_1_764' title='bbox 3085 4900 3251 4971; x_wconf 72' lang='lat'><strong>355</strong></span> <span class='ocrx_word' id='word_1_765' title='bbox 3296 4911 3479 4957; x_wconf 89' lang='lat' dir='ltr'><strong>autem</strong></span> 
     </span>
    </p>
   </div>
   <div class='ocr_carea' id='block_1_112' title="bbox 1909 4986 3483 5059">
    <p class='ocr_par' dir='ltr' id='par_1_112' title="bbox 1909 4986 3483 5059">
     <span class='ocr_line' id='line_1_112' title="bbox 1909 4986 3483 5059; baseline 0.004 -17"><span class='ocrx_word' id='word_1_766' title='bbox 1909 4986 2185 5044; x_wconf 87' lang='lat' dir='ltr'><strong>Chosroes</strong></span> <span class='ocrx_word' id='word_1_767' title='bbox 2209 4988 2425 5057; x_wconf 86' lang='lat' dir='ltr'><strong>petebat</strong></span> <span class='ocrx_word' id='word_1_768' title='bbox 2460 5000 2516 5042; x_wconf 91' lang='lat' dir='ltr'><strong>ut</strong></span> <span class='ocrx_word' id='word_1_769' title='bbox 2549 4990 2653 5044; x_wconf 87' lang='lat' dir='ltr'><strong>sibi</strong></span> <span class='ocrx_word' id='word_1_770' title='bbox 2685 5005 2780 5059; x_wconf 89' lang='lat' dir='ltr'><strong>per</strong></span> <span class='ocrx_word' id='word_1_771' title='bbox 2812 4990 3190 5049; x_wconf 83' lang='lat' dir='ltr'><strong>Romanorum</strong></span> <span class='ocrx_word' id='word_1_772' title='bbox 3215 4994 3483 5050; x_wconf 90' lang='lat' dir='ltr'><strong>ditionem</strong></span> 
     </span>
    </p>
   </div>
   <div class='ocr_carea' id='block_1_113' title="bbox 1909 5081 3484 5153">
    <p class='ocr_par' dir='ltr' id='par_1_113' title="bbox 1909 5081 3484 5153">
     <span class='ocr_line' id='line_1_113' title="bbox 1909 5081 3484 5153; baseline 0.002 -18"><span class='ocrx_word' id='word_1_773' title='bbox 1909 5081 1963 5135; x_wconf 92' lang='lat' dir='ltr'><strong>in</strong></span> <span class='ocrx_word' id='word_1_774' title='bbox 1997 5094 2153 5135; x_wconf 89' lang='lat' dir='ltr'><strong>suam</strong></span> <span class='ocrx_word' id='word_1_775' title='bbox 2185 5088 2364 5134; x_wconf 89' lang='lat' dir='ltr'><strong>tutum</strong></span> <span class='ocrx_word' id='word_1_776' title='bbox 2393 5081 2631 5136; x_wconf 84' lang='lat' dir='ltr'><strong>reditum</strong></span> <span class='ocrx_word' id='word_1_777' title='bbox 2665 5091 2970 5153; x_wconf 82' lang='lat' dir='ltr'><strong>praestaret,</strong></span> <span class='ocrx_word' id='word_1_778' title='bbox 3012 5085 3309 5141; x_wconf 86' lang='lat' dir='ltr'><strong>Belisarius</strong></span> <span class='ocrx_word' id='word_1_779' title='bbox 3336 5085 3484 5139; x_wconf 85' lang='lat' dir='ltr'><strong>obsi-</strong></span> 
     </span>
    </p>
   </div>
   <div class='ocr_carea' id='block_1_114' title="bbox 1908 5171 3476 5244">
    <p class='ocr_par' dir='ltr' id='par_1_114' title="bbox 1908 5171 3476 5244">
     <span class='ocr_line' id='line_1_114' title="bbox 1908 5171 3476 5244; baseline 0.002 -17"><span class='ocrx_word' id='word_1_780' title='bbox 1908 5171 2031 5227; x_wconf 88' lang='lat' dir='ltr'><strong>dem</strong></span> <span class='ocrx_word' id='word_1_781' title='bbox 2067 5173 2188 5243; x_wconf 89' lang='lat' dir='ltr'><strong>ejus</strong></span> <span class='ocrx_word' id='word_1_782' title='bbox 2230 5173 2305 5228; x_wconf 90' lang='lat' dir='ltr'><strong>rei</strong></span> <span class='ocrx_word' id='word_1_783' title='bbox 2338 5174 2509 5244; x_wconf 87' lang='lat' dir='ltr'><strong>gralia</strong></span> <span class='ocrx_word' id='word_1_784' title='bbox 2548 5172 2814 5231; x_wconf 81' lang='lat' dir='ltr'><strong>Joannem</strong></span> <span class='ocrx_word' id='word_1_785' title='bbox 2880 5177 3239 5242; x_wconf 86' lang='lat' dir='ltr'><strong>Edessenutn,</strong></span> <span class='ocrx_word' id='word_1_786' title='bbox 3300 5178 3476 5232; x_wconf 87' lang='lat' dir='ltr'><strong>virum</strong></span> 
     </span>
    </p>
   </div>
   <div class='ocr_carea' id='block_1_115' title="bbox 1910 5261 3480 5327">
    <p class='ocr_par' dir='ltr' id='par_1_115' title="bbox 1910 5261 3480 5327">
     <span class='ocr_line' id='line_1_115' title="bbox 1910 5261 3480 5327; baseline 0.004 -12"><span class='ocrx_word' id='word_1_787' title='bbox 1910 5262 2368 5327; x_wconf 87' lang='lat' dir='ltr'><strong>illustrissimum,</strong></span> <span class='ocrx_word' id='word_1_788' title='bbox 2408 5263 2596 5315; x_wconf 90' lang='lat' dir='ltr'><strong>mittit.</strong></span> <span class='ocrx_word' id='word_1_789' title='bbox 2633 5261 2715 5318; x_wconf 87' lang='lat' dir='ltr'><strong>Ob</strong></span> <span class='ocrx_word' id='word_1_790' title='bbox 2740 5265 2852 5319; x_wconf 76' lang='lat' dir='ltr'><strong>haec</strong></span> <span class='ocrx_word' id='word_1_791' title='bbox 2886 5265 3121 5320; x_wconf 80' lang='lat' dir='ltr'><strong>Romani</strong></span> <span class='ocrx_word' id='word_1_792' title='bbox 3155 5265 3346 5322; x_wconf 87' lang='lat' dir='ltr'><strong>laudes</strong></span> <span class='ocrx_word' id='word_1_793' title='bbox 3372 5266 3480 5322; x_wconf 81' lang='lat' dir='ltr'><strong>Be-</strong></span> 
     </span>
    </p>
   </div>
   <div class='ocr_carea' id='block_1_116' title="bbox 1910 5353 3481 5429">
    <p class='ocr_par' dir='ltr' id='par_1_116' title="bbox 1910 5353 3481 5429">
     <span class='ocr_line' id='line_1_116' title="bbox 1910 5353 3481 5429; baseline 0.005 -23"><span class='ocrx_word' id='word_1_794' title='bbox 1910 5354 2080 5409; x_wconf 91' lang='lat' dir='ltr'><strong>lisarii</strong></span> <span class='ocrx_word' id='word_1_795' title='bbox 2111 5353 2266 5407; x_wconf 85' lang='lat' dir='ltr'><strong>valde</strong></span> <span class='ocrx_word' id='word_1_796' title='bbox 2300 5353 2692 5422; x_wconf 84' lang='lat' dir='ltr'><strong>praedicarunt,</strong></span> <span class='ocrx_word' id='word_1_797' title='bbox 2741 5355 3003 5424; x_wconf 88' lang='lat' dir='ltr'><strong>majorem</strong></span> <span class='ocrx_word' id='word_1_798' title='bbox 3053 5371 3121 5411; x_wconf 91' lang='lat' dir='ltr'><strong>eo</strong></span> <span class='ocrx_word' id='word_1_799' title='bbox 3189 5357 3333 5413; x_wconf 83' lang='lat' dir='ltr'><strong>facto</strong></span> <span class='ocrx_word' id='word_1_800' title='bbox 3364 5360 3481 5429; x_wconf 61' lang='lat' dir='ltr'><strong>gloo</strong></span> 
     </span>
    </p>
   </div>
   <div class='ocr_carea' id='block_1_117' title="bbox 1910 5445 3479 5519">
    <p class='ocr_par' dir='ltr' id='par_1_117' title="bbox 1910 5445 3479 5519">
     <span class='ocr_line' id='line_1_117' title="bbox 1910 5445 3479 5519; baseline 0.001 -20"><span class='ocrx_word' id='word_1_801' title='bbox 1910 5446 2047 5501; x_wconf 87' lang='lat' dir='ltr'><strong>riam</strong></span> <span class='ocrx_word' id='word_1_802' title='bbox 2093 5453 2456 5500; x_wconf 78' lang='lat' dir='ltr'><strong>consecutum</strong></span> <span class='ocrx_word' id='word_1_803' title='bbox 2502 5460 2665 5513; x_wconf 69' lang='lat' dir='ltr'><strong>quam</strong></span> <span class='ocrx_word' id='word_1_804' title='bbox 2694 5460 2817 5499; x_wconf 88' lang='lat' dir='ltr'><strong>cum</strong></span> <span class='ocrx_word' id='word_1_805' title='bbox 2844 5445 3171 5502; x_wconf 84' lang='lat' dir='ltr'><strong>Gilimerum</strong></span> <span class='ocrx_word' id='word_1_806' title='bbox 3204 5449 3347 5503; x_wconf 87' lang='lat' dir='ltr'><strong>bello</strong></span> <span class='ocrx_word' id='word_1_807' title='bbox 3378 5465 3479 5519; x_wconf 82' lang='lat' dir='ltr'><strong>pa-</strong></span> 
     </span>
    </p>
   </div>
   <div class='ocr_carea' id='block_1_118' title="bbox 1909 5533 3485 5608">
    <p class='ocr_par' dir='ltr' id='par_1_118' title="bbox 1909 5533 3485 5608">
     <span class='ocr_line' id='line_1_118' title="bbox 1909 5533 3485 5608; baseline 0.003 -17"><span class='ocrx_word' id='word_1_808' title='bbox 1909 5543 2058 5591; x_wconf 90' lang='lat' dir='ltr'><strong>ctum</strong></span> <span class='ocrx_word' id='word_1_809' title='bbox 2096 5547 2146 5589; x_wconf 86' lang='lat' dir='ltr'><strong>et</strong></span> <span class='ocrx_word' id='word_1_810' title='bbox 2176 5533 2431 5603; x_wconf 77' lang='lat' dir='ltr'><strong>Vtttigetn</strong></span> <span class='ocrx_word' id='word_1_811' title='bbox 2466 5533 2606 5589; x_wconf 87' lang='lat' dir='ltr'><strong>duos</strong></span> <span class='ocrx_word' id='word_1_812' title='bbox 2628 5551 2783 5605; x_wconf 86' lang='lat' dir='ltr'><strong>reges</strong></span> <span class='ocrx_word' id='word_1_813' title='bbox 2846 5537 3037 5607; x_wconf 90' lang='lat' dir='ltr'><strong>Cpolin</strong></span> <span class='ocrx_word' id='word_1_814' title='bbox 3080 5539 3354 5608; x_wconf 80' lang='lat' dir='ltr'><strong>perduxit.</strong></span> <span class='ocrx_word' id='word_1_815' title='bbox 3409 5542 3485 5595; x_wconf 77' lang='lat' dir='ltr'><strong>Ac</strong></span> 
     </span>
    </p>
   </div>
   <div class='ocr_carea' id='block_1_119' title="bbox 1912 5629 3484 5700">
    <p class='ocr_par' dir='ltr' id='par_1_119' title="bbox 1912 5629 3484 5700">
     <span class='ocr_line' id='line_1_119' title="bbox 1912 5629 3484 5700; baseline 0.002 -17"><span class='ocrx_word' id='word_1_816' title='bbox 1912 5630 2013 5689; x_wconf 80' lang='lat' dir='ltr'><strong>fuit</strong></span> <span class='ocrx_word' id='word_1_817' title='bbox 2048 5643 2230 5683; x_wconf 85' lang='lat' dir='ltr'><strong>revera</strong></span> <span class='ocrx_word' id='word_1_818' title='bbox 2261 5640 2561 5685; x_wconf 86' lang='lat' dir='ltr'><strong>memoratu</strong></span> <span class='ocrx_word' id='word_1_819' title='bbox 2603 5639 2657 5685; x_wconf 88' lang='lat' dir='ltr'><strong>ct</strong></span> <span class='ocrx_word' id='word_1_820' title='bbox 2694 5632 2851 5684; x_wconf 87' lang='lat' dir='ltr'><strong>laude</strong></span> <span class='ocrx_word' id='word_1_821' title='bbox 2890 5629 3117 5700; x_wconf 84' lang='lat' dir='ltr'><strong>(lignum</strong></span> <span class='ocrx_word' id='word_1_822' title='bbox 3168 5633 3300 5688; x_wconf 88' lang='lat' dir='ltr'><strong>illttd</strong></span> <span class='ocrx_word' id='word_1_823' title='bbox 3354 5635 3484 5687; x_wconf 80' lang='lat' dir='ltr'><strong>laci-</strong></span> 
     </span>
    </p>
   </div>
   <div class='ocr_carea' id='block_1_120' title="bbox 1912 5722 3477 5793">
    <p class='ocr_par' dir='ltr' id='par_1_120' title="bbox 1912 5722 3477 5793">
     <span class='ocr_line' id='line_1_120' title="bbox 1912 5722 3477 5793; baseline 0.001 -17"><span class='ocrx_word' id='word_1_824' title='bbox 1912 5738 2037 5786; x_wconf 82' lang='lat' dir='ltr'><strong>nus,</strong></span> <span class='ocrx_word' id='word_1_825' title='bbox 2086 5722 2230 5787; x_wconf 82' lang='lat' dir='ltr'><strong>quod</strong></span> <span class='ocrx_word' id='word_1_826' title='bbox 2257 5737 2384 5776; x_wconf 90' lang='lat' dir='ltr'><strong>eum</strong></span> <span class='ocrx_word' id='word_1_827' title='bbox 2423 5722 2649 5776; x_wconf 78' lang='lat' dir='ltr'><strong>Romani</strong></span> <span class='ocrx_word' id='word_1_828' title='bbox 2686 5728 2742 5775; x_wconf 88' lang='lat' dir='ltr'><strong>et</strong></span> <span class='ocrx_word' id='word_1_829' title='bbox 2777 5722 3020 5778; x_wconf 83' lang='lat' dir='ltr'><strong>universi</strong></span> <span class='ocrx_word' id='word_1_830' title='bbox 3080 5733 3228 5778; x_wconf 86' lang='lat' dir='ltr'><strong>metu</strong></span> <span class='ocrx_word' id='word_1_831' title='bbox 3257 5728 3400 5793; x_wconf 88' lang='lat' dir='ltr'><strong>capti</strong></span> <span class='ocrx_word' id='word_1_832' title='bbox 3425 5725 3477 5778; x_wconf 91' lang='lat' dir='ltr'><strong>iu</strong></span> 
     </span>
    </p>
   </div>
   <div class='ocr_carea' id='block_1_121' title="bbox 1913 5816 3482 5881">
    <p class='ocr_par' dir='ltr' id='par_1_121' title="bbox 1913 5816 3482 5881">
     <span class='ocr_line' id='line_1_121' title="bbox 1913 5816 3482 5881; baseline 0.003 -11"><span class='ocrx_word' id='word_1_833' title='bbox 1913 5816 2250 5872; x_wconf 79' lang='lat' dir='ltr'><strong>munitiones</strong></span> <span class='ocrx_word' id='word_1_834' title='bbox 2300 5831 2358 5871; x_wconf 89' lang='lat' dir='ltr'><strong>sc</strong></span> <span class='ocrx_word' id='word_1_835' title='bbox 2389 5816 2749 5881; x_wconf 80' lang='lat' dir='ltr'><strong>abdidisscnt,</strong></span> <span class='ocrx_word' id='word_1_836' title='bbox 2798 5825 2851 5870; x_wconf 90' lang='lat' dir='ltr'><strong>et</strong></span> <span class='ocrx_word' id='word_1_837' title='bbox 2899 5816 3175 5875; x_wconf 77' lang='lat' dir='ltr'><strong>Cbosroes</strong></span> <span class='ocrx_word' id='word_1_838' title='bbox 3206 5817 3261 5872; x_wconf 89' lang='lat' dir='ltr'><strong>in</strong></span> <span class='ocrx_word' id='word_1_839' title='bbox 3301 5817 3482 5874; x_wconf 86' lang='lat' dir='ltr'><strong>medio</strong></span> 
     </span>
    </p>
   </div>
   <div class='ocr_carea' id='block_1_122' title="bbox 3028 5910 3100 5971">
    <p class='ocr_par' dir='ltr' id='par_1_122' title="bbox 3028 5910 3100 5971">
     <span class='ocr_line' id='line_1_122' title="bbox 3028 5910 3100 5971; baseline -0.028 0"><span class='ocrx_word' id='word_1_840' title='bbox 3028 5910 3100 5971; x_wconf 70' lang='lat' dir='ltr'><strong>Q3</strong></span> 
     </span>
    </p>
   </div>
  </div>
