4214 6450
245 419 350 483 717

1346 421 1886 484 HISTORIARUM
1926 419 2457 480 COMPENDIUM.

3409 421 3515 486 718

319 537 416 607 Τῷ
446 537 515 602 ιζθ
532 537 642 591 ἔτει
672 538 916 611 ἀνεφάνη
935 556 1015 604 τις
1042 540 1275 612 χαλκεὺς
1301 539 1558 611 Ἀνδρέας
1589 539 1832 611 ὀνόματι,

2009 537 2168 592 Αιιιιο
2196 536 2258 590 Π
2282 535 2505 607 quidam
2529 534 2654 590 aeris
2691 535 2844 591 faber
2883 535 3115 602 exstitit,
3144 536 3394 594 Andreas
3421 554 3518 595 no-

247 627 391 697 ἔχων
433 627 564 699 μεθ’
584 628 776 682 ἐαυτοῦ
807 627 942 683 κύνα
964 629 1154 694 ξανθὸν
1186 631 1282 684 καὶ
1303 631 1528 700 τυφλὸν,
1555 631 1614 693 ὃς
1640 630 1809 682 ἐποίεε

246 722 474 790 τέρατα.
515 723 874 793 Παρεστῶτος
929 725 1038 795 γὰρ
1091 724 1241 795 αύτῷ
1285 724 1467 803 ὄχλου,
1495 724 1672 796 λάθρα
1723 724 1818 779 τοῦ

247 815 410 883 κυνὸς
441 814 732 885 ἐκομίζετο
763 816 830 869 τὰ
854 816 964 868 τῶν
1003 816 1255 870 ἑστώτων
1285 815 1624 881 δακτύλίδια,
1655 817 1835 887 χρυσᾶ

247 923 306 959 τε
343 908 440 960 καὶ
473 907 696 978 ἀργυρᾶ
721 908 818 961 καὶ
847 908 1066 979 σιδηρᾶ.
1118 909 1213 963 καὶ
1249 909 1399 963 mea
1435 910 1514 973 είς
1562 907 1834 979 τοῦδαφος

251 999 604 1069 περισκέπων
635 999 776 1054 αὑτά
804 997 1042 1070 χώματι,
1085 1002 1179 1056 καὶ
1233 1002 1504 1073 ἐπέτρεπε
1538 1001 1629 1056 τὸν
1675 1001 1836 1065 κύνα,

250 1091 346 1142 καὶ
380 1089 466 1161 [Ρ.
497 1088 628 1154 575]
662 1091 942 1161 ἐλάμϐανε
976 1093 1072 1145 καὶ
1104 1092 1276 1147 ἐδίδου
1309 1092 1528 1165 ἑκάστῳ
1587 1093 1649 1146 τὸ
1681 1093 1835 1145 ίδιον.

262 1180 502 1250 Ὁμοίως
540 1182 634 1234 καὶ
663 1181 940 1252 διαφόρων
986 1181 1253 1253 βασιλέων
1279 1184 1591 1255 νομίσματα
1638 1184 1833 1255 μιγνύ-

257 1289 398 1341 μενα
427 1271 684 1326 ἀπεδίδου
717 1273 838 1327 κατ’
868 1273 1064 1344 δνομα.
1097 1275 1262 1330 Ἀλλά
1279 1275 1374 1329 καὶ
1400 1275 1507 1330 τῶν
1537 1275 1830 1346 παρεστῶ-

251 1381 364 1416 των
394 1363 606 1434 ἀνδρῶν
643 1381 703 1417 τε
726 1365 821 1418 καὶ
849 1367 1124 1433 γυναικῶν
1151 1367 1472 1421 ἀπεδείκνυε
1511 1371 1611 1432 τὰς
1646 1369 1704 1421 ἐν
1732 1384 1834 1435 γα-

254 1455 379 1526 στρὶ
418 1454 653 1526 ἐχούσας
689 1457 783 1510 καὶ
817 1459 1050 1528 πόρνους
1084 1459 1180 1512 καὶ
1217 1461 1440 1529 μοιχοὺς
1475 1460 1572 1514 καὶ
1606 1459 1835 1530 ἐλεήμο-

255 1563 355 1610 νας
386 1549 480 1601 καὶ
510 1548 735 1612 κνιπούς
759 1566 772 1580 ο
799 1550 1008 1614 πάντας
1043 1551 1185 1621 μετά
1235 1552 1494 1623 ἀληθείας
1541 1552 1832 1605 ἐδείκνυεν.

257 1639 422 1694 Ὅθεν
452 1639 638 1709 ἔλεγον
674 1641 764 1694 τὸν
786 1641 919 1696 κύνα
950 1641 1165 1711 πνεῦμα
1206 1643 1461 1705 Πύθωνος
1487 1641 1656 1713 ἔχειν.

331 1731 424 1794 Τῷ
458 1730 528 1802 ιη’
554 1732 665 1784 ἔτει
719 1731 990 1804 ἐπανέστη
1037 1734 1342 1805 ήθάλασσα
1391 1738 1457 1806 τῇ
1511 1736 1702 1806 Θρᾴκῃ
1746 1733 1839 1786 ἐπὶ

258 1821 416 1890 μίλια
439 1820 504 1887 δ’,
537 1821 629 1875 καὶ
665 1822 932 1894 ἐκάλυψεν
975 1825 1147 1897 αὐτὴν
1169 1825 1263 1878 ἐπὶ
1315 1825 1384 1879 τὰ
1417 1827 1558 1896 μέρη
1602 1824 1825 1895 Ὀδησοῦ

1936 627 2119 682 mine..
2155 627 2207 681 ls
2240 641 2431 682 canem
2467 626 2700 682 habebat
2735 627 2945 682 fulvum
3012 642 3076 683 ac
3135 643 3366 696 caecum,
3423 634 3515 699 qui

1937 716 2184 787 prodigia
2205 718 2419 771 edebat.
2457 716 2726 771 Adstante
2756 719 2901 772 enim
2939 718 3117 781 turba.
3158 719 3313 775 faber
3369 720 3512 775 clam

1936 823 2071 863 cane
2091 808 2391 863 astantimn
2418 808 2655 863 annulos
2684 823 2901 875 aureos,
2930 821 3217 881 argenteos
3230 827 3294 868 ac
3311 813 3518 868 ferreos

1938 900 2264 971 accipiebat,
2287 901 2454 970 inque
2478 907 2597 955 solo
2611 899 2939 970 depouebat,
2962 910 3016 958 et
3040 902 3247 974 ingesta
3286 907 3512 961 materia

1940 993 2190 1063 tegebat:
2231 991 2357 1047 inde
2401 993 2559 1047 canis
2591 994 2780 1062 jussus
2805 994 3123 1050 uuicuilibet
3142 1012 3300 1051 suum
3324 997 3518 1053 redde-

1939 1082 2154 1150 bat.Sic
2177 1082 2344 1137 etiam
2373 1083 2717 1138 diversorum
2753 1084 3145 1154 imperatorum
3187 1087 3518 1143 uumismata

1939 1175 2201 1244 permista
2254 1175 2571 1244 singulatim
2594 1175 2962 1231 discernebat.
2993 1174 3134 1242 Quin
3165 1178 3329 1233 etiam
3358 1179 3517 1233 turba

1937 1267 2185 1319 virorum
2215 1276 2269 1321 et
2300 1266 2591 1320 mulierum
2615 1276 2848 1333 astante,
2879 1267 2946 1323 de
2977 1282 3040 1323 ea
3063 1269 3339 1339 gravidas,
3366 1285 3521 1325 scor-

1942 1366 2166 1422 tatores,
2220 1356 2522 1420 adulteros,
2553 1357 2964 1426 misericordes,
3005 1359 3370 1428 sordidosque
3400 1361 3518 1415 sine

1941 1448 2178 1504 falsitate
2200 1449 2633 1506 demonstrabat.
2658 1449 2848 1522 itaque
2876 1450 3128 1530 dicebant
3159 1469 3284 1508 eum
3317 1451 3518 1524 Pytho-

1941 1543 2027 1597 nis
2054 1543 2249 1613 spiritu
2284 1543 2564 1613 praeditum
2603 1560 2744 1600 esse.

2010 1725 2168 1779 Anno
2215 1724 2274 1780 IS
2301 1741 2450 1781 mare
2479 1723 2767 1780 Thraciam
2793 1725 3044 1780 eluvione
3101 1725 3322 1796 operuit
3348 1743 3519 1797 usque

1942 1818 2008 1870 ad
2033 1825 2268 1886 quatuor
2296 1817 2573 1882 milliaria,
2598 1820 2756 1872 tectis
2788 1832 2927 1889 aqua
2957 1817 3191 1885 Odesso,
3223 1818 3520 1890 Dionysio-

259 1916 356 1965 καὶ
382 1915 826 1969 Διονυσιούπολιν
862 1917 954 1970 καὶ
982 1917 1042 1970 τὸ
1095 1917 1452 1987 Ἀφροδίσιον,
1497 1919 1593 1972 καὶ
1650 1917 1833 1971 πολλοὶ

1942 1908 2051 1977 poli
2091 1917 2144 1962 et
2168 1907 2528 1978 Aphrodisia.
2562 1907 2828 1978 Multique
2864 1919 2994 1964 sunt
3043 1910 3204 1980 aquis
3242 1909 3516 1966 suﬂ‘ocati.

256 2006 564 2074 ἐπνίγησαν
603 2008 662 2059 ἐν
700 2009 809 2071 τοῖς
860 2008 1016 2064 ὕδασι
1047 2025 1060 2038 ·
1087 2009 1186 2063 καὶ
1238 2009 1402 2063 πάλιν
1433 2009 1510 2080 τῷ
1547 2007 1644 2063 τοῦ
1697 2009 1832 2062 Θεοῦ

256 2096 646 2166 προστάγματι
675 2098 1023 2168 ἀποκατέστη
1052 2099 1085 2169 ἡ
1117 2098 1364 2154 θάλασσα
1393 2099 1472 2163 είς
1497 2099 1626 2164 τοὺς
1670 2099 1833 2162 ἰδίους

254 2187 483 2249 τόπους.

342 2283 435 2351 Τῷ
468 2282 660 2338 ιθ’ἔτει
691 2285 881 2352 γέγονε
912 2285 1086 2355 λεῖψις
1115 2285 1262 2340 σίτου
1285 2287 1380 2341 καὶ
1397 2288 1562 2354 οίνου,
1593 2289 1687 2344 καὶ
1719 2305 1833 2360 χει-

259 2372 374 2442 μὼν
392 2375 557 2438 πολὺς
581 2376 731 2447 ἐντῷ
758 2375 1058 2449 Βυζαντίῳ,
1089 2377 1185 2430 καὶ
1205 2377 1508 2451 διαστροφὴ
1543 2379 1637 2433 τοῦ
1676 2379 1836 2447 ἀγίου

256 2466 471 2537 Ιίάσχα,
501 2468 596 2522 καὶ
621 2469 888 2540 ἐποίησαν
949 2472 999 2523 οἱ
1030 2470 1195 2540 δῆμοι
1240 2470 1338 2544 τὴν
1383 2473 1674 2544 ἀπόκρεων
1708 2472 1838 2542 μηνὶ

252 2559 610 2633 Φεϐρουαρίῳ
641 2563 706 2618 δ’.
747 2564 804 2617 Ὀ
853 2563 910 2617 δέ
976 2565 1230 2636 βασιλεὺς
1281 2566 1613 2636 προσέταξεν
1645 2566 1835 2637 ἑτέραν

253 2650 529 2720 ἑϐδομάδα
560 2653 886 2722 παραθεῖναι
910 2655 1098 2726 κρέας,
1155 2656 1250 2710 καὶ
1281 2656 1634 2711 πάντωνητῶν
1663 2673 1838 2727 κρεω⁹

254 2741 452 2798 πώλων
485 2745 890 2816 προϐαλόντων,
933 2747 1108 2810 οὐδεὶς
1140 2747 1414 2818 ἠγόρασεν
1461 2749 1580 2803 οὺδέ
1631 2748 1837 2818 ἢσθιον.

255 2833 330 2887 Τὸ
381 2834 439 2888 δὲ
469 2835 663 2906 Πάσχα
699 2840 892 2906 γέγονε
925 2838 1064 2893 κατά
1087 2839 1148 2892 τὸ
1175 2838 1454 2909 βασιλικδν
1486 2841 1838 2911 πρόσταγμα,

255 2927 350 2980 καὶ
390 2927 587 3000 εὑρέθτ·
624 2931 652 2983 ό
689 2930 816 2994 λαὸς
855 2931 1156 3002 νηστεύσας
1179 2931 1450 3001 ἑϐδομάδα
1480 2932 1767 3003 περισσὴν.

322 3103 416 3176 Τῷ
441 3111 488 3158 κ’
513 3111 623 3159 ετει
655 3106 1040 3180 παρελήφθηή
1079 3109 1267 3180 Ῥώμη
1298 3110 1403 3163 ὑπὸ
1435 3109 1545 3164 τῶν
1591 3109 1829 3176 Γότθων,

253 3197 282 3248 ό
306 3195 364 3248 δὲ
396 3196 585 3260 πάπας
607 3195 846 3266 Βιγίλιος
873 3196 1104 3268 ἀνῆλθεν
1132 3200 1190 3251 ἐν
1228 3198 1824 3253 Κωνσταντινουπόλει.

264 3285 357 3357 Τῷ
414 3287 463 3340 δ’
492 3287 641 3357 αὐτῷ
665 3288 799 3354 ἐτει,
854 3288 931 3360 τῷ
979 3289 1244 3360 Σαϐϐάτῳ
1290 3290 1389 3361 τῆς
1431 3289 1833 3361 Πεντηκοστῆς,

259 3378 489 3432 ἱππικοῦ
535 3380 831 3449 γενομένου
879 3379 1073 3448 γέγονε
1135 3383 1286 3451 μάχη
1337 3381 1444 3434 τῶν
1477 3382 1572 3435 δύο
1623 3381 1828 3454 μερῶν,

251 3470 349 3521 καὶ
385 3468 713 3532 ἀποστείλας
741 3470 769 3523 ό
813 3469 1069 3540 βασιλεὺς
1117 3471 1297 3525 ἀνεῖλε
1345 3471 1578 3536 πολλοὺς
1612 3472 1672 3539 ἐξ
1725 3472 1825 3525 αὐ-

247 3575 385 3613 των.

321 3646 413 3719 Τῷ
449 3657 537 3702 κα⁹
563 3649 674 3704 ἔτει
701 3651 959 3720 γεγόνασι
990 3653 1206 3722 σεισμοὶ
1238 3651 1460 3723 φοϐεροὶ
1493 3653 1586 3705 καὶ
1639 3653 1833 3724 βρςχαὶ

251 3739 508 3808 μεγάλαι.
540 3741 692 3810 Μηνὶ
733 3742 936 3813 Ἰουλίῳ
972 3741 1040 3796 ια’
1079 3744 1410 3815 ἐκοιμήθηή
1464 3743 1677 3813 βασιλὶς
1705 3746 1833 3799 Θεοο

247 3829 401 3897 δῶρα
429 3831 697 3896 εὐσεϐῶς.

320 3920 413 3992 Τῷ
443 3920 524 3992 κβ’
556 3924 667 3976 ἔτει
697 3925 957 3992 γεγόνασι
988 3925 1214 3996 βρονταὶ
1245 3926 1340 3979 καὶ
1369 3926 1656 3997 ἀστραπαὶ
1690 3929 1832 3999 ὑπὲρ

247 4011 433 4082 φύσιν,
475 4013 614 4068 ὥστε
641 4016 872 4080 πολλοὺς
919 4017 1283 4082 καθεύδοντας
1327 4018 1433 4070 ὑπὸ
1464 4018 1572 4071 τῶν
1627 4020 1833 4089 ἀστραο

248 4105 369 4158 πῶν
411 4106 695 4178 βλαϐῆναι.
726 4108 817 4178 Τῷ
845 4109 1053 4180 Ἰουλίῳ
1087 4111 1221 4181 μηνὶ
1263 4109 1457 4178 γέγονε
1494 4110 1656 4163 πάλιν
1688 4126 1827 4180 συμο

250 4184 387 4270 ϐολῆ
413 4199 476 4264 ἐξ
503 4199 834 4270 ἀμφοτέρων
857 4201 968 4256 τῶν
999 4201 1092 4255 τοῦ
1131 4203 1305 4272 δήμου
1339 4200 1547 4272 μερῶν,
1591 4204 1686 4255 καὶ
1727 4203 1825 4273 ἐμο

249 4292 535 4362 πρησμὸς,
571 4291 629 4355 ὃς
654 4293 884 4362 ἠφάνισε
933 4295 1002 4348 τὰ
1031 4295 1326 4367 ἐντυχόντα
1368 4293 1478 4349 ἀπὸ
1503 4294 1597 4348 τοῦ
1631 4295 1831 4366 χαλκοῦ

250 4382 602 4451 τετραπύλου
631 4383 738 4446 ἕως
796 4383 896 4453 τῆς
931 4383 1249 4455 ἐκκλησίας,
1282 4384 1382 4440 καὶ
1412 4385 1631 4454 ἐγένετο
1674 4385 1836 4455 φόνος

249 4473 441 4536 πολύς.
471 4475 581 4528 Καὶ
619 4473 924 4544 προκένσου
956 4476 1066 4546 (40)
1095 4477 1394 4546 γενομένου
1434 4479 1494 4530 ἐν
1522 4477 1600 4547 τῷ
1643 4477 1831 4532 Ἑϐδό-

1939 2001 2070 2054 lmle
2104 1998 2193 2054 Dei
2222 2001 2381 2070 jussu
2410 2017 2546 2071 aqua
2579 2001 2631 2054 in
2654 2016 2814 2056 suum
2850 2001 3010 2056 rediit
3043 2002 3244 2057 locum.

2013 2266 2170 2321 Anno
2207 2267 2274 2322 19
2306 2268 2414 2320 vini
2448 2278 2500 2322 et
2538 2266 2800 2324 frumenti
2842 2269 2946 2324 fuit
3000 2270 3250 2338 penuria,
3287 2279 3340 2324 et
3371 2272 3520 2327 acris
3612 2275 3617 2282 '

1940 2360 2116 2416 hiems
2149 2361 2419 2432 Byzantii,
2443 2377 2508 2416 ac
2542 2361 2719 2417 sancti
2754 2361 3042 2420 Paschatis
3067 2363 3366 2434 perversio.
3398 2363 3522 2421 Coe-

1941 2452 2126 2523 pitque
2155 2453 2390 2524 p0pulus
2421 2453 2702 2509 abstinere
2722 2454 2998 2521 carnibus,
3034 2455 3121 2510 die
3147 2452 3434 2510 Februarii
3464 2455 3518 2510 4.

1941 2545 2244 2616 Imperator
2297 2553 2482 2601 autem
2543 2546 2711 2616 jussit
2754 2547 2926 2602 altera
2977 2548 3279 2616 septimana
3323 2561 3522 2600 carnes

1939 2641 2169 2710 proponi
2197 2657 2213 2706 ;
2247 2653 2370 2710 qua
2403 2655 2526 2694 cum
2555 2640 2609 2693 in
2635 2639 2892 2696 omnibus
2914 2648 3228 2710 prostarent
3249 2640 3518 2702 macellis,

1943 2746 2104 2786 nemo
2131 2742 2308 2787 tamen
2332 2732 2467 2787 emit
2492 2739 2586 2786 aut
2607 2732 2865 2803 gustavit.
2897 2730 3066 2804 658
3099 2731 3520 2802 Cumquejuxta

1940 2825 2181 2880 edictum
2233 2825 2592 2896 imperatoris
2654 2827 3022 2882 celebraretur
3060 2827 3291 2892 Pascha,
3322 2826 3521 2896 depre-

1943 2916 2172 2972 hensum
2200 2927 2282 2973 est
2339 2919 2599 2988 populum
2640 2933 2746 2972 una
2784 2917 3021 2989 amplius
3073 2933 3238 2989 quam
3288 2917 3523 2974 debebat

1938 3007 2222 3078 jejunasse
2252 3009 2578 3079 septimana.

2011 3103 2170 3153 Anno
2191 3101 2262 3156 20
2288 3101 2516 3155 Romam
2548 3101 2733 3155 Gotthi
2777 3111 3067 3172 ceperunt.
3092 3102 3322 3172 Vigilius
3340 3113 3520 3158 autem

1944 3203 2082 3260 papa
2110 3191 2303 3262 Cpolin
2329 3205 2388 3246 se
2408 3191 2662 3247 contulit.
2689 3191 2890 3248 Eodem
2926 3207 3072 3248 anno
3101 3192 3344 3249 Sabbato
3388 3193 3524 3248 Peu-

1946 3288 2192 3347 tecostae,
2226 3283 2469 3352 equestri
2491 3284 2788 3339 commisso
2803 3285 3107 3341 certamine
3138 3287 3282 3341 serio
3314 3302 3522 3357 pugna-

1941 3381 2053 3426 tum
2080 3379 2163 3426 est
2189 3373 2330 3429 inter
2359 3383 2566 3444 partes,
2590 3384 2643 3432 et
2664 3377 2960 3448 imperator
2981 3379 3096 3434 suis
3121 3379 3304 3436 missis
3319 3381 3520 3434 multos

1940 3478 2133 3520 eorum
2169 3466 2396 3521 occidit.

2014 3643 2174 3698 Anno
2201 3643 2267 3698 21
2305 3643 2704 3699 concussiones
2757 3646 3090 3701 exstiterunt
3153 3647 3428 3702 terribiles
3467 3655 3523 3701 et

1942 3734 2152 3791 imbres
2173 3737 2381 3806 magni,
2403 3736 2463 3790 11
2487 3733 2612 3791 Julii
2639 3736 2926 3793 Theodora
2957 3739 3200 3809 Augusta
3228 3741 3315 3810 pie
3328 3739 3524 3794 defun-

1941 3839 2026 3883 cta
2062 3837 2166 3885 est.

2011 3923 2171 3978 Anno
2199 3922 2270 3976 22
2301 3923 2549 3978 tonitrua
2589 3931 2642 3978 et
2663 3923 2876 3994 fulgura
2903 3939 3072 3994 supra
3103 3926 3324 3981 modum
3356 3935 3522 3980 natu-

1939 4015 2110 4070 ralem
2129 4015 2377 4084 fucrunt,
2410 4017 2545 4071 adeo
2577 4026 2635 4070 ut
2668 4017 2824 4070 multi
2845 4017 2898 4071 in
2925 4018 3134 4072 somnis
3163 4032 3191 4070 a
3213 4017 3520 4088 fulguribus

1941 4105 2054 4163 laesi
2088 4105 2394 4162 sintJulio
2435 4124 2624 4162 mense
2663 4123 2858 4164 rursus
2915 4111 3035 4164 duae
3089 4110 3273 4180 populi
3339 4123 3523 4179 partes

1942 4201 2336 4266 conflixerunt,
2372 4201 2738 4272 incendioque
2759 4200 2962 4255 abolita
3003 4213 3135 4256 sunt
3183 4201 3414 4257 aediﬁcia
3455 4204 3523 4257 ab

1940 4308 2084 4348 aereo
2111 4294 2381 4364 tetrapylo
2433 4309 2605 4362 usque.
2636 4294 2702 4348 ad
2739 4293 3027 4364 templum,
3076 4310 3382 4367 magnaque
3413 4312 3521 4352 ca:-

1939 4388 2036 4443 des
2063 4386 2226 4441 facta.
2262 4387 2512 4454 Cumque
2553 4399 2860 4454 procensus
2913 4386 2968 4439 in
3026 4386 3300 4441 hebdomo
3338 4387 3515 4450 fieret,

1939 4481 2185 4538 vestiarii
2202 4494 2466 4535 coronam
2487 4479 2838 4549 imperatoris
2861 4480 3190 4534 amiserunt.
3217 4479 3348 4536 Post
3366 4497 3516 4535 men~

251 4581 339 4635 μῳ
369 4565 661 4620 ἀπώλεσαν
687 4569 737 4620 οἰ
789 4568 1127 4639 βεστιαρῖται
1161 4569 1221 4622 τὸ
1275 4573 1494 4641 στέμμα
1519 4569 1615 4622 τοῦ
1671 4570 1826 4639 βασι-

1942 4588 2028 4628 ses
2051 4571 2085 4625 8
2127 4571 2350 4626 inventa
2390 4584 2456 4626 ea
2473 4580 2558 4626 est
2583 4568 2784 4624 alicubi
2819 4583 2942 4623 cum
2990 4585 3098 4624 uno
3125 4585 3293 4640 parvo
3315 4573 3521 4626 unione

249 4659 406 4720 λέὶυς.
442 4659 555 4712 Καὶ
586 4659 726 4730 μετά
766 4660 944 4730 μῆνας
975 4657 1022 4731 η’
1055 4660 1282 4732 εὑρέθη,
1314 4662 1448 4716 ὅπου
1481 4663 1576 4715 καὶ
1597 4661 1654 4714 ἓν
1685 4679 1828 4733 μαρ-

248 4752 593 4822 γαριτάριον.
621 4753 719 4805 καὶ
758 4755 792 4821 ἡ
821 4753 969 4816 λίθος
1000 4751 1166 4806 αὐτοῦ
1195 4755 1368 4809 πᾶσα.

319 4844 412 4914 Τῷ
439 4850 527 4914 κγ’
557 4843 667 4898 {ut
700 4843 959 4914 ἀχθέντος
995 4845 1224 4898 ἱππικοῦ
1270 4845 1609 4916 πρεσϐευτὴς
1653 4842 1830 4898 Ἰνδῶν

246 4931 413 5007 ἦλθεν
448 4938 509 4988 ἐν
557 4934 1133 4988 Κωνσταντινουπόλει
1185 4935 1371 5004 φέρων
1425 4935 1717 5003 ἐλέφαντα,
1771 4933 1832 4997 δς

247 5025 486 5091 ἐξελθὼν
508 5024 705 5088 νυκτὸς
727 5025 836 5078 ἀπὸ
865 5025 961 5079 τοῦ
995 5024 1229 5080 στάϐλου
1289 5025 1518 5088 πολλοὺς
1571 5024 1832 5093 ἐφόνευσε

246 5115 340 5168 καὶ
377 5115 574 5177 ἀλλους
607 5113 903 5168 ἐκύλλωσε.
938 5113 1031 5184 Τῷ
1052 5114 1111 5167 δέ
1179 5112 1473 5184 Ἀπριλλίῳ
1515 5113 1650 5183 μηνὶ
1680 5114 1830 5165 ίππι-

246 5202 342 5256 κοῦ
376 5203 675 5271 γενομένου
713 5201 961 5272 συμϐολὴ
984 5202 1092 5255 τῶν
1138 5203 1326 5272 δήμων
1377 5202 1546 5256 πάλιν
1583 5202 1827 5276 ἐγένετο,

248 5295 340 5346 καὶ
409 5292 603 5346 πολλοὶ
655 5292 953 5358 ἀπέθανον,
1005 5293 1100 5346 καὶ
1153 5287 1295 5346 οἶκοι
1342 5291 1438 5347 καὶ
1490 5293 1832 5363 ἐργαστήρια

246 5387 656 5457 διηρπάγησαν.
690 5385 781 5454 Τῷ
807 5385 865 5440 δὲ
888 5384 1094 5457 Ἰουνίῳ
1120 5384 1253 5456 μηνὶ
1284 5382 1372 5455 κη’
1409 5384 1602 5454 γέγονε
1633 5385 1701 5438 τὰ
1733 5385 1828 5450 ἐγ-

1933 4673 1986 4718 et
2009 4663 2268 4718 omnibus
2297 4662 2552 4733 gemmis.

2006 4839 2169 4890 Anno
2207 4835 2300 4901 Ξῖ),
2333 4848 2456 4890 cum
2475 4843 2732 4904 equestre
2756 4841 3039 4890 certamen
3101 4840 3383 4905 ageretur,
3435 4833 3516 4888 le-

1935 4923 2296 4995 gatus'ludus
2335 4922 2530 4993 Cpolin
2555 4925 2726 4989 venit,
2789 4924 3126 4993 adduxitque
3162 4938 3349 4978 secum
3403 4922 3517 4976 ele-

1936 5019 2246 5087 phantum;
2283 5015 2374 5085 qui
2406 5016 2555 5070 nocti
2588 5015 2806 5070 stabulo
2840 5029 3097 5084 egressus
3144 5015 3349 5069 multos
3373 5015 3491 5068 orci
3530 5025 3532 5027 ’

1931 5107 2013 5162 dit
2060 5107 2312 5176 aliosque
2363 5105 2656 5159 mutilavit.
2735 5103 2921 5158 Mense
2980 5104 3157 5173 Aprili
3209 5105 3509 5160 commisso

1933 5201 2178 5271 equestri
2216 5200 2518 5254 certamine
2546 5213 2770 5253 rursum
2797 5200 3112 5254 civesiuter
3138 5214 3197 5253 se
3241 5200 3494 5270 depugna

1933 5302 2153 5355 verunt,
2188 5291 2448 5360 multique
2479 5299 2610 5346 sunt
2645 5292 2795 5354 caesi,
2829 5289 3140 5360 domusque
3167 5290 3406 5362 et659
3432 5301 3515 5345 ta-

1935 5383 2119 5438 berna:
2151 5383 2401 5452 direptae.
2433 5397 2600 5436 xxvnt
2633 5384 2722 5439 die
2754 5383 2902 5438 Junii
2930 5382 3243 5438 dedicatum
3275 5391 3513 5438 esttem-

1399 5541 1754 5597 XYLANDRI
1786 5540 1873 5595 ET
1899 5539 2113 5597 GOAI’J
2146 5539 2383 5595 ΝΟΤᾹΞ.

315 5663 429 5730 (40)
462 5662 642 5717 Credo
678 5661 954 5732 publicum
989 5660 1158 5719 fuisse
1197 5668 1553 5732 conventum,
1607 5657 1817 5732 quo_ad
1920 5660 2038 5732 sius
2064 5656 2510 5732 erudite._A_l_ia_m_
2542 5669 2704 5723 porro
2731 5656 3141 5732 prperssionem
3187 5647 3508 5732 hujusmocli

246 5727 509 5802 populum
544 5727 786 5802 prodiret
827 5732 1278 5801 imperator.~Sic
1335 5743 1388 5784 et
1442 5731 1582 5783 infra
1619 5731 1671 5781 in
1718 5727 1819 5779 .lu-

1918 5731 2220 5782 Solemuem
2261 5729 2325 5778 ad
2365 5721 2808 5786 llebtlomum,'id
2829 5736 2908 5778 est
2941 5727 3231 5791 septimum
3254 5721 3510 5790 lapidem,

247 5794 394 5856 sti'uo
433 5794 784 5874 Curopalata.
813 5794 946 5856 Χγί.
974 5832 1044 5874 -έ
1066 5805 1370 5874 Πρόκενσος
1399 5815 1689 5874 processus
1709 5802 1824 5850 sive
1926 5800 2167 5853 habitam
2199 5797 2400 5854 Justini
2437 5812 2582 5850 anno
2619 5797 2651 5851 9
2683 5796 2936 5864 legimus.
2975 5794 3146 5846 Goan.

249 5875 516 5930 uroreuio
539 5868 645 5942 est,
667 5872 787 5943 λιτὴ
816 5874 980 5928 etiam
1021 5868 1190 5928 dicta.
1236 5873 1310 5926 De
1334 5872 1600 5926 vocabulo
1645 5868 1825 5923 Meur-
