4214 6450
682 397 789 457 7'23

1954 396 2274 456 omne“
2320 384 2655 457 CEDRENI

3846 395 3955 458 724

689 524 943 583 promptu
988 513 1153 582 hujus
1177 514 1464 567 sententia
1496 515 1895 569 absurditatem
1921 516 2255 585 perspicere.

2390 514 2529 583 τήρια
2561 510 2813 564 ἐλθοῦσαι
2836 509 2993 580 δίκην
3023 511 3141 581 ἅμα
3173 510 3266 564 καὶ
3305 510 3464 577 λόγον
3503 508 3768 573 τίσουσιν,
3795 511 3850 564 αί
3899 511 3955 564 δὲ

681 606 818 673 Quis
843 607 990 661 enim
1019 620 1141 661 eum
1172 606 1360 661 docuit
1406 607 1741 663 millenarias
1795 608 1929 663 istas
1988 622 2261 663 annorum

682 703 1105 766 conversiones,
1133 706 1185 755 et
1218 700 1365 770 quod
1415 701 1556 756 1000
1589 703 1750 756 annis
1802 701 2006 773 elapsis
2054 703 2262 773 quavis

683 794 863 847 anima
926 792 991 846 ad
1049 808 1209 848 suum
1260 796 1544 862 perveniat
1594 794 1810 849 locum?
1844 781 1977 848 Nam
2031 810 2151 865 qua
2206 795 2261 850 in

684 886 864 939 medio
900 894 1032 939 sunt
1089 886 1308 951 horum,
1369 887 1434 941 de
1496 886 1582 941 his
1648 902 1717 942 ne
1780 885 2263 943 libidinosissimos

682 979 903 1048 quidem
963 979 1148 1034 decuit
1208 980 1282 1032 ita
1351 980 1736 1049 pronuntiare,
1787 980 1989 1035 nedum
2049 986 2262 1033 tantum

684 1070 1095 1141 philosophum.
1127 1070 1344 1142 Quippe
1374 1089 1469 1127 eos
1495 1075 1588 1142 qui
1628 1074 1795 1127 vitam
1846 1073 2264 1143 perfectissimis

687 1163 858 1216 functi
910 1162 1106 1221 olliciis
1156 1172 1427 1234 egerunt,
1488 1180 1614 1219 cum
1661 1165 2158 1234 intemperantibus
2211 1175 2265 1221 et

690 1256 1063 1311 masculorum
1148 1256 1489 1310 amatoribus
1560 1256 1890 1326 composuit,
1963 1257 2268 1326 eademque

689 1353 956 1415 utrosque
980 1361 1201 1400 manere
1222 1346 1379 1401 dixit.
1405 1346 1741 1417 Pythagoras
1770 1361 1924 1417 ergo,
1944 1346 2120 1412 Plato,
2143 1347 2269 1403 Plo-

690 1439 837 1491 tinus
861 1438 1061 1502 aliique
1083 1438 1280 1493 horum
1310 1438 1556 1505 tribules,
1577 1440 2045 1494 immortalitatem
2072 1441 2269 1495 anima

688 1544 797 1582 uno
828 1544 1107 1584 consensu
1136 1531 1500 1595 ascribentes,
1528 1544 1622 1585 eas
1664 1530 1997 1600 corporibus
2049 1530 2266 1600 priores

687 1620 982 1687 allirmant,
1007 1632 1061 1676 et
1084 1637 1205 1677 esse
1240 1623 1535 1691 quamdam
1568 1622 1878 1677 animarum
1920 1632 2163 1691 gentem,
2205 1636 2270 1677 ac

687 1726 784 1766 eas
810 1726 931 1781 qua
957 1721 1189 1783 peccant
1214 1712 1338 1767 ideo
1371 1715 1423 1766 in
1449 1727 1684 1783 corpora
1717 1712 1922 1779 delabi,
1957 1714 2271 1784 pigrorum-

688 1818 797 1873 que
828 1804 1044 1858 animas
1070 1804 1226 1859 abire
1271 1806 1327 1859 in
1385 1806 1595 1870 asinos,
1638 1806 1923 1877 rapacium
1978 1808 2030 1861 in
2086 1807 2269 1877 lupos,

690 1896 1010 1950 dolosorum
1045 1897 1098 1950 in
1139 1898 1352 1967 vulpes,
1387 1897 1681 1952 mulierum
1735 1913 1925 1953 amore
1971 1897 2270 1954 furentium

691 1988 744 2041 in
782 2003 973 2058 equos.
1008 1987 1111 2045 Sed
1155 1990 1402 2046 Ecclesia
1433 1992 1633 2048 divinis
1666 1994 1972 2063 astipulans
2019 1992 2271 2065 Scriptuo

695 2081 771 2134 ris
803 2083 1041 2135 animam
1079 2098 1183 2137 una
1209 2098 1330 2137 cmn
1368 2098 1599 2153 corpore
1626 2085 1788 2139 condi
1819 2085 2071 2151 allirmat,
2100 2102 2276 2154 neque

695 2173 929 2225 alterum
966 2174 1142 2228 altero
1170 2175 1322 2243 prius
1358 2191 1501 2239 esse,
1550 2185 1608 2229 ut
1670 2177 1891 2232 vecordi
1958 2178 2134 2233 visum
2193 2186 2278 2233 est

693 2262 937 2333 Origeni.
974 2262 1208 2335 Propter
1240 2267 1340 2322 has
1374 2268 1541 2338 igitur
1600 2269 1771 2323 malas
1819 2276 1874 2323 et
1934 2270 2276 2341 perniciosas

695 2355 1007 2423 Opiniones,
1064 2365 1157 2411 aut
1210 2358 1402 2413 deliria
1466 2361 1669 2429 potius,
1731 2374 1826 2414 vos
1884 2360 2191 2425 hortamur,
2246 2377 2279 2416 o

696 2447 1031 2503 sanctissimi
1062 2449 1277 2518 Patres,
1307 2465 1364 2509 ut
1407 2456 1459 2509 in
1498 2472 1667 2509 unum
1721 2456 1937 2523 collecti
1974 2457 2277 2528 subjectam

698 2540 1099 2607 expositionem
1152 2554 1207 2599 et
1249 2546 1467 2616 singula
1510 2547 1632 2616 ejus
1695 2550 1876 2618 capita
1929 2549 2277 2612 examinetis,

699 2630 1085 2704 damnetisque
1136 2652 1245 2691 una
1291 2654 1417 2692 cum
1451 2639 1685 2710 Origene
1742 2656 1936 2697 omnes
1993 2643 2086 2712 qui
2134 2642 2277 2698 idem

698 2726 946 2782 sentiunt
977 2737 1072 2783 aut
1103 2744 1439 2802 quocunque
1470 2742 1715 2803 tempore
1746 2735 2007 2789 sentient.

699 2820 813 2885 χεῖν
859 2822 924 2890 τῇ
980 2821 1394 2897 ύποτεταγμένῃ
1443 2826 1697 2889 ἐκθέσει,

2308 1872 2347 1927 Β
2377 1870 2410 1939 Ii

2370 607 2450 668 εἰς
2470 602 2724 675 οὐράνιόν
2762 619 2884 656 τινα
2913 601 3076 655 τόπον
3096 602 3477 671 κουφισθεῖσαι
3502 601 3605 655 ὑπὸ
3645 605 3746 671 τῆς
3798 602 3955 671 δίκης

2365 697 2640 764 διάξουσιν
2684 696 2872 761 ἀξίως,
2908 694 3090 759 καθὼς
3147 694 3404 750 ἐϐίωσαν.
3466 687 3543 749 Οῦ
3590 695 3692 765 τὴν
3721 695 3958 749 ἀτοπίαν

2364 791 2459 846 τοῦ
2493 790 2653 858 λόγου
2685 788 3027 859 καταμαθεῖν
3061 788 3246 863 ῥᾴδιον
3268 789 3373 855 ’τίς
3405 791 3515 860 γὰρ
3552 790 3714 842 αὑτὸν
3742 788 3958 855 ἐδίδαξε

2372 885 2470 948 τὰς
2504 884 2615 936 τῶν
2656 883 2791 936 ἐτῶν
2820 882 3102 953 περιόδους
3153 882 3247 937 καὶ
3300 882 3543 953 χιλιάδας
3571 900 3587 949 ;
3617 883 3711 937 xui.
3763 884 3847 935 ὅτι
3879 900 3961 950 χι-

2366 977 2496 1030 λίων
2542 975 2937 1045 διεληλυθότων
2980 975 3140 1041 ἐτῶν,
3195 974 3319 1029 τότε
3362 976 3473 1028 τῶν
3514 975 3704 1045 ψυχῶν
3749 975 3957 1043 ἑκάστη

2366 1072 2446 1133 είς
2467 1070 2557 1122 τὸν
2586 1068 2716 1122 ίδιον
2748 1068 3049 1139 ἀπέρχεται
3077 1067 3293 1139 χῶρονς
3319 1068 3399 1121 Τὰ
3424 1068 3479 1120 δὲ
3521 1067 3726 1138 μεταξὺ
3747 1066 3958 1119 τούτων

2367 1165 2489 1218 οὐδὲ
2518 1165 2629 1225 τοῖς
2656 1162 2799 1230 ἄγαν
2834 1160 3256 1229 ἁσελγεστάτοις
3278 1162 3523 1231 ἥρμοττε
3552 1158 3756 1227 λέγειν,
3789 1161 3955 1227 μήτοι

2368 1275 2433 1325 γε
2463 1256 2740 1326 φιλοσόφῳ
2780 1253 3009 1325 τοιούτῳ
3034 1269 3048 1282 ·
3085 1256 3199 1317 τοῖς
3224 1253 3332 1325 γὰρ
3360 1253 3459 1323 τὴν
3487 1251 3767 1321 ἀκραιφνῆ
3798 1249 3956 1302 πολι-

2369 1353 2524 1405 τείαν
2558 1348 2957 1419 κατωρθωκόσι
2995 1351 3127 1412 τοῦς
3173 1347 3518 1409 ἀκολάστους
3545 1344 3642 1398 κα)⁸
3681 1342 3953 1412 παιδερά-

2370 1461 2502 1507 στας
2538 1441 2856 1507 συνέζευξε,
2882 1441 2976 1496 καὶ
3004 1441 3230 1504 τούτους
3278 1439 3571 1498 κάκείνους
3612 1435 3723 1489 τῶν
3776 1434 3962 1487 αὐτῶν

2369 1536 2570 1605 ἔφησεν
2586 1534 3011 1588 ἀπολαύσεσθαι.
3026 1532 3353 1602 Πυθαγόρας
3368 1531 3569 1595 τοίνυν,
3588 1528 3686 1583 καὶ
3706 1527 3961 1590 Πλάτων,

2369 1629 2464 1681 καὶ
2488 1630 2776 1696 [ιλωτῖνος,
2803 1628 2897 1682 καὶ
2925 1628 2975 1681 oi
3005 1627 3107 1697 τῆς
3151 1624 3377 1680 ἐκείνων
3397 1623 3731 1695 συμμορίας,
3755 1620 3963 1675 ἀθανὰ-

2371 1735 2497 1781 τους
2527 1713 2667 1771 εἵναι
2702 1719 2802 1780 τὰς
2849 1716 3028 1787 ψυχὰς
3084 1715 3625 1785 συνομολογήσαντες
3672 1710 3962 1781 πρῦῧπάρ“

2378 1827 2494 1879 χειν
2524 1808 2730 1872 ταύτας
2747 1808 2961 1879 ἔφησαν
2989 1807 3101 1860 τῶν
3149 1806 3443 1877 σωμάτων,
3476 1804 3569 1857 καὶ
3597 1803 3770 1873 δῆμον
3818 1797 3961 1855 εἶναι

2377 1902 2588 1970 ψυχῶν,
2617 1901 2712 1954 καὶ
2752 1901 2851 1963 τὰς
2878 1899 3308 1971 πλημμελούσας
3333 1900 3412 1961 είς
3448 1895 3677 1966 σώματα
3726 1893 3966 1948 καταπί-

2388 2011 2569 2058 πτειν,
2602 1993 2677 2056 ὡς
2706 1992 2867 2064 ἔφην,
2899 1993 3143 2056 καὶτοὺς
3172 1992 3267 2062 μὲν
3296 1993 3529 2061 πικροὺς
3558 1991 3639 2053 είς
3669 1990 3967 2057 πονηροὺς,

2379 2089 2503 2150 τοὺς
2529 2086 2587 2140 δὲ
2612 2088 2992 2158 ἁρπακτικοὺς
3045 2086 3126 2149 εἰς
3157 2084 3388 2149 λύκους,
3428 2083 3558 2146 τοῦς
3610 2081 3666 2135 δὲ
3712 2080 3968 2151 δολεροὺς

2380 2183 2462 2242 εἰς
2500 2178 2813 2244 ἀλώπεκας,
2854 2178 2980 2240 τοὺς
3004 2178 3059 2231 δὲ
3108 2176 3441 2248 θηλυμανεῖς
3478 2176 3558 2237 είς
3584 2173 3807 2236 ἵππους.
3826 2171 3890 2223 Ἦ
3913 2170 3971 2222 δὲ

2398 2272 2697 2345 Ἐκκλησία
2739 2274 2854 2335 τοῖς
2908 2269 3073 2332 θείοις
3110 2269 3353 2339 ἑπομένη
3394 2267 3579 2337 λόγοις
3612 2266 3811 2335 φάσκει
3869 2264 3975 2329 τὴν

2381 2367 2564 2437 ψυχὴν
2594 2363 3169 2436 συνδημιουργηθῆναι
3199 2360 3280 2432 τῷ
3302 2361 3535 2431 σώματι,
3563 2358 3658 2413 καὶ
3691 2358 3752 2412 ού
3786 2357 3847 2410 τὸ
3873 2356 3975 2425 μὲν

2386 2461 2675 2530 πρότερον,
2706 2461 2767 2512 τὸ
2790 2457 2847 2511 δὲ
2891 2456 3143 2529 ὕστερον,
3172 2456 3315 2510 κατὰ
3344 2453 3444 2525 τὴν
3482 2452 3797 2522 Ὠριγένους
3842 2466 3979 2517 epe-

2384 2552 2727 2612 νοδλὰϐειαν.
2758 2552 2859 2606 Διὰ
2912 2551 3085 2606 ταῦτα
3130 2549 3265 2620 γοῦν
3287 2550 3355 2603 τὰ
3386 2548 3599 2618 πονηρὰ
3628 2546 3724 2600 καὶ
3752 2543 3976 2612 ὀλέθρια

2384 2646 2656 2715 δόγματα,
2696 2643 2897 2715 μᾶλλον
2924 2643 2981 2697 δὲ
3031 2643 3351 2714 ληρήματα,
3418 2639 3805 2711 προτρέπομεν
3847 2635 3980 2697 τοὶς

2386 2738 2719 2801 ὁσιωτάτους
2748 2737 2893 2806 ὑμᾶς
2920 2737 2999 2798 είς
3028 2736 3085 2791 ’ἐν
3108 2734 3480 2807 συνηγμένους
3516 2730 3792 2798 ἐπιμελῶς
3820 2729 3981 2781 ἔντυ-

1752 2828 1848 2878 καὶ
1895 2826 2128 2880 ἕκαστον
2183 2827 2291 2879 τῶν
2341 2826 2508 2880 αὐτοῦ
2550 2826 2867 2895 κεφαλαίων
2906 2825 3237 2897 κατακρῖναί
3289 2840 3349 2879 τε
3420 2824 3516 2877 καὶ
3574 2819 3981 2891 ἁναθεματίσσι

702 2916 841 2984 μετᾶ
885 2916 980 2967 τοῦ
1010 2916 1305 2980 δυσσεὸοῦς
1360 2919 1671 2987 Ὠιτιγένους
1709 2921 1803 2973 καὶ
1833 2920 2052 2975 πάντων
2078 2921 2185 2974 τῶν
2214 2920 2283 2973 τὰ
2323 2920 2551 2975 τοιαῦτα
2566 2921 2910 2991 φρονούντων
2944 2920 2978 2991 ἦ
3004 2918 3384 2990 φρονησόντων
3409 2916 3488 2978 είς
3516 2914 3692 2977 τέλος.

768 3005 936 3077 664
983 3006 1201 3073 Patres,
1258 3009 1342 3063 his
1372 3012 1618 3080 acceptis
1667 3011 1886 3078 litteris,
1920 3012 2287 3081 omnibusque

704 3098 1012 3167 perpensis,
1041 3102 1491 3157 exclamaverunt
1518 3121 1531 3156 :
1569 3102 1905 3160 Damnamus
1932 3107 2047 3159 hac
2075 3105 2283 3171 omnia,

605 3196 621 3212 ⁶
701 3200 757 3245 et
790 3206 982 3249 omnes
1007 3193 1099 3263 qui
1125 3193 1197 3249 ita
1236 3196 1484 3250 sentiunt
1510 3206 1607 3251 aut
1633 3198 1891 3252 sentient.

779 3374 1049 3429 Similiter
1111 3377 1279 3429 etiam
1314 3376 1382 3431 de
1429 3375 1719 3431 Theodoro
1775 3376 2120 3447 Mopsuestia
2171 3377 2287 3450 epi-

716 3482 890 3537 s«opo
917 3477 970 3522 et
1003 3468 1233 3538 reliquis
1290 3470 1363 3523 ita
1398 3470 1603 3525 habent
1656 3471 2006 3540 imperatoris
2044 3471 2237 3527 littera
2276 3495 2285 3527 ε

709 3559 947 3628 Majorcs
974 3561 1151 3615 nostri
1192 3576 1332 3617 vera
1388 3562 1512 3617 fidei
1569 3563 1835 3629 cultores,
1892 3563 1986 3633 qui
2029 3574 2151 3618 ante
2192 3577 2291 3618 nos

708 3652 999 3722 imperium
1029 3654 1116 3723 pie
1152 3652 1707 3719 administraverunt,
1740 3670 1967 3726 operam
2023 3654 2293 3710 dederunt

712 3752 768 3796 ut
804 3745 1003 3814 quovis
1029 3752 1277 3816 tempore
1336 3757 1668 3805 enascentes
1730 3751 1968 3805 hareses
2036 3749 2295 3804 conciliis

712 3837 1197 3893 sanetissimorum
1241 3841 1562 3910 pontificqu
1594 3843 2004 3905 exscinderent,
2044 3857 2296 3911 veraque

715 3930 837 3983 tidei
861 3944 998 3999 puro
1021 3934 1300 4001 praconio
1330 3935 1554 4003 vulgato
1575 3946 1825 3990 sanctam
1861 3934 1953 3989 Dei
1988 3934 2293 3991 Ecclesiam

719 4032 968 4090 pacatam
1006 4033 1425 4080 eonservarent.
1448 4024 1575 4081 Ideo
1602 4027 2005 4084 Constantinus
2040 4028 2295 4098 Magnus,

714 4114 846 4169 Ario
878 4114 1044 4184 impie
1071 4115 1374 4171 aflirmaute
1397 4116 1597 4171 Fiiium
1627 4134 1735 4174 non
1760 4134 1883 4174 esse
1903 4118 2150 4189 ejusdem
2171 4132 2297 4172 cum

717 4208 837 4262 Deo
869 4207 1031 4264 Patre
1089 4212 1437 4278 substantia,
1501 4212 1595 4268 sed
1651 4229 1717 4268 ex
1771 4214 1945 4268 nihilo
1991 4212 2296 4278 conditum,

716 4300 953 4356 Nicaam
991 4304 1096 4358 518
1117 4303 1311 4359 Patres
1331 4305 1680 4370 convocavit,
1714 4315 1884 4374 atque
1918 4307 2036 4374 ipse
2059 4306 2299 4359 concilio

716 4392 763 4444 ei
798 4391 1087 4459 interfuit;
1128 4393 1218 4448 ubi
1248 4394 1380 4447 Ario
1421 4393 1683 4448 damnato
1717 4404 1771 4449 et
1815 4394 2132 4463 proscripto
2160 4407 2301 4446 vera

719 4484 844 4538 lidei
878 4484 1278 4539 confirmanda
1314 4485 1565 4541 intentus
1605 4485 1730 4551 fuit,
1796 4501 1961 4556 quam
1995 4485 2166 4540 divini
2222 4483 2299 4537 illi

722 4576 913 4629 Patres
949 4575 1186 4645 professi
1236 4585 1367 4631 sunt
1411 4586 1467 4631 et
1518 4593 1643 4647 qua
1705 4577 1981 4647 hodieque
2021 4584 2299 4638 cantatur,

2460 3013 2642 3083 Ἂπερ
2663 3014 2728 3085 δὴ
2755 3013 2944 3066 λοιπὸν
2978 3014 3011 3084 ἡ
3051 3010 3271 3073 σύνοδος
3299 3006 3601 3072 ἀκούσασα,
3647 3005 3739 3059 καὶ
3797 3004 3981 3059 πάντα

2392 3104 2787 3175 βασανίσαντες
2842 3106 2892 3157 oi
2920 3104 3052 3157 θεῖοι
3087 3102 3328 3171 Πατέρες
3361 3098 3656 3169 ἐξεϐόησαν
3692 3110 3707 3125 ·
3756 3095 3982 3149 Ἀναθε-

2396 3197 2697 3268 ματίζομεν
2714 3198 2857 3261 ὅλοις
2886 3196 3098 3259 τούτοις
3125 3194 3261 3266 μετὰ
3282 3193 3499 3246 πάντων
3528 3192 3638 3245 τῶν
3667 3188 3735 3244 τὰ
3754 3189 3984 3243 τοιαῦτα

2318 3327 2360 3382 C
2394 3288 2738 3361 φρονούντων
2768 3288 2802 3359 ἢ
2832 3290 3211 3358 φρονησὼτων
3238 3287 3403 3357 μέχρι
3429 3284 3637 3344 τέλους.

2474 3383 2750 3445 Ὡσαύτως
2780 3381 2837 3434 δὲ
2861 3382 2958 3436 καὶ
2998 3380 3130 3452 περὶ
3154 3378 3432 3450 Θεοδώρου
3474 3376 3568 3431 τοῦ
3602 3373 3987 3444 Μοῴυεστίσς

2392 3478 2490 3532 καὶ
2527 3477 2639 3531 τῶν
2665 3476 2869 3530 λοιπῶν
2886 3474 3032 3529 οὕτω
3056 3474 3221 3528 πάλιν
3244 3472 3413 3545 φησὶν
3434 3473 3464 3526 δ
3489 3470 3768 3542 βασιλικὸς
3787 3469 3982 3531 τύπος.

2396 3568 2611 3639 Σπουδὴ
2643 3568 2835 3637 γέγονε
2867 3568 2983 3629 τοῖς
3016 3563 3322 3636 ὀρθοδὸξοις
3370 3566 3467 3617 καὶ
3501 3561 3741 3624 εὐσεϐῶς
3784 3558 3990 3629 προδε-

2397 3661 2747 3715 6ασιλευκόσι
2775 3662 2886 3723 τοῖς
2930 3660 3226 3730 ἡμετέροις
3253 3656 3492 3727 πατράσι
3535 3654 3633 3718 τὰς
3673 3653 3815 3708 κατὰ
3860 3670 3989 3705 και-

2399 3754 2491 3826 ρὸν
2549 3751 2934 3823 ἁναφυομένας
2985 3751 3230 3821 αἱρέσεις
3291 3749 3378 3802 διὰ
3415 3747 3649 3801 συνόδων
3674 3744 3989 3798 ὁσιωτάτων

2402 3846 2593 3917 ἱερέων
2624 3846 2942 3909 ἐκκόπτειν,
2985 3843 3081 3898 καὶ
3109 3844 3207 3913 τῆς
3239 3842 3407 3913 ὀρθῆς
3460 3841 3697 3901 πίστεως
3730 3835 3990 3903 καθαρῶς

2400 3936 2813 4009 κηρυττομένης
2839 3938 2895 3989 ὲν
2927 3937 3118 4006 εἰρήνῃ
3154 3934 3253 4004 τὴν
3308 3934 3472 4001 ἁγίαν
3524 3930 3618 3984 τοῦ
3675 3928 3809 3981 Θεοῦ
3856 3927 3989 3981 Ἐκ-

2400 4029 2631 4101 κλησίαν
2665 4029 3071 4096 διαφυλάττειν.
3117 4027 3315 4096 Διόπερ
3370 4026 3463 4077 καὶ
3503 4022 3912 4082 Κωνσταντῑνος
3958 4021 3988 4071 δ

2400 4124 2590 4192 Μέγας
2626 4124 2837 4192 Ἀρείου
2866 4120 3312 4191 βλασφημοῦντος
3341 4119 3434 4173 καὶ
3466 4117 3553 4189 [Ρ.
3581 4114 3715 4187 579]
3735 4114 3990 4182 λέγοντος

2404 4216 2484 4287 μὴ
2511 4212 2649 4268 εἶναι
2680 4215 2770 4268 τὸν
2794 4214 2922 4267 Υίδν
2948 4212 3230 4283 δμοούσιον
3252 4210 3329 4281 τῷ
3360 4210 3479 4279 Θεῷ
3504 4208 3597 4262 καὶ
3616 4206 3813 4277 Πατρὶ,
3850 4204 3991 4257 (iiii

2403 4308 2610 4378 κτίσμα
2643 4307 2738 4360 καὶ
2768 4307 2828 4371 ἔξ
2861 4308 2960 4359 οὐκ
2991 4306 3159 4359 ὄντων
3196 4303 3504 4373 γεγονέναι,
3563 4298 3884 4367 συναγαγὼν
3930 4300 3992 4349 ἐν

2403 4400 2611 4472 Νικαία
2642 4401 2767 4462 τοῦς
2803 4406 2909 4469 τιη¹
2951 4397 3205 4470 Πατέρας
3249 4398 3345 4449 καὶ
3373 4396 3535 4457 αὐτὸς
3563 4394 3681 4446 ἐκεῖ
3739 4407 3991 4460 παραγε-

2404 4491 2651 4559 νόμενος,
2685 4490 2781 4542 καὶ
2809 4489 2904 4543 τοῦ
2943 4488 3158 4556 Ἀρείου
3192 4483 3683 4543 καταδικασθέντος
3729 4482 3822 4534 καὶ
3853 4482 3993 4529 ἀνα-

2405 4576 3185 4650 θεματισθέντος,ἐσπούδασε
3233 4575 3333 4645 τὴν
3383 4571 3663 4644 ὀρθόδοξον
3723 4568 3993 4637 κρατῦναι

724 4665 919 4720 Filium
958 4668 1210 4737 ejusdem
1247 4683 1372 4723 esse
1396 4685 1519 4722 cum
1556 4669 1663 4725 Deo
1700 4667 1862 4724 Patre
1888 4670 2161 4734 essentia,
2190 4683 2285 4722 nor

2411 4674 2638 4736 πίστιν,
2684 4671 2751 4725 δι’
2810 4664 2876 4741 ἦς
2921 4668 3360 4738 ὁμολογήσαντες
3431 4666 3480 4717 oi
3547 4663 3680 4715 θεῖοι
3746 4661 3993 4729 Πατέρες

721 4776 786 4812 ex
828 4760 1003 4814 nihilo
1036 4770 1307 4815 creatum.
1343 4761 1422 4815 Ac
1478 4762 1824 4815 Theodosius
1869 4761 2069 4816 deinde
2100 4759 2300 4829 major,

723 4851 1044 4905 Macedonio
1089 4851 1353 4905 deitatem
1419 4852 1658 4921 Spiritus
1709 4853 1883 4907 sancti
1942 4862 2196 4922 negante,
2250 4862 2304 4908 et

725 4945 1078 5013 Apollinario
1106 4944 1383 5014 discipulo
1417 4946 1538 5014 ejus
1557 4942 1721 4998 Verbi
1752 4945 1805 4998 in
1838 4955 2032 4999 natura
2064 4945 2303 4999 humana

724 5036 1263 5091 administrationem
1295 5035 1695 5102 calumniante,
1731 5044 1787 5090 et
1828 5036 2133 5091 allirmante
2172 5034 2307 5090 Ver-

727 5134 853 5183 hutn
890 5140 1128 5184 mentem
1159 5130 1454 5183 humanam
1492 5130 1597 5184 sibi
1647 5144 1755 5183 non
1807 5130 2076 5189 sociasse,
2112 5144 2304 5184 verum

727 5222 879 5275 carni
907 5223 1121 5275 unitum
1156 5220 1332 5277 fuisse
1388 5221 1622 5276 rationis
1673 5231 1899 5290 experte
1951 5221 2131 5275 anima
2169 5236 2309 5291 pra-

726 5316 878 5377 dita,
906 5314 1101 5384 Cpolin
1131 5313 1324 5369 Patres
1364 5314 1467 5369 150
1506 5315 1853 5377 convocavit,
1893 5315 2121 5385 ipsoque
2165 5331 2304 5385 pra-

728 5415 885 5462 sente
917 5424 1041 5461 cum
1072 5408 1203 5463 dicti
1229 5408 1471 5463 haretici
1499 5423 1608 5462 una
1637 5424 1760 5462 cum
1792 5409 1909 5464 suis
1931 5406 2094 5478 665
2126 5406 2309 5477 impiis

727 5500 1091 5571 opinionibus
1125 5510 1179 5555 et
1209 5501 1579 5556 sectatoribus
1612 5500 1854 5555 damnati
1888 5498 2308 5555 communione-

729 5608 835 5662 que
878 5593 1144 5648 Ecclesia
1190 5594 1398 5648 exclusi
1450 5600 1659 5656 essent,
1691 5608 1883 5647 curam
1940 5591 2195 5645 adhibuit
2250 5598 2309 5644 ut

730 5703 870 5743 vera
899 5687 1021 5742 fidei
1055 5687 1309 5741 doctrina
1337 5686 1750 5756 pradicaretur.
1811 5683 1919 5740 Sed
1946 5693 2000 5738 et
2051 5682 2307 5739 Theodo-

730 5782 849 5834 sius
886 5780 1085 5844 minor,
1116 5794 1239 5833 cum
1295 5779 1495 5849 impius
1539 5777 1829 5833 Nestorius
1889 5777 2098 5832 diceret
2138 5776 2303 5829 alium

732 5870 900 5927 Deum
922 5887 1043 5928 csse
1065 5872 1155 5927 Dei
1182 5872 1440 5928 Verbum.
1463 5870 1628 5927 alium
1644 5870 1950 5937 Christum,
1982 5886 2043 5925 ac
2066 5868 2304 5926 Vetbum

2407 4763 2692 4827 ὀμοούσιον
2715 4757 2857 4815 εἶναι
2880 4761 2970 4813 τὸν
3004 4760 3131 4813 Υίὸν
3164 4760 3238 4827 τῷ
3273 4756 3391 4826 Θεῷ
3426 4758 3519 4808 καὶ
3538 4755 3732 4824 Πατρὶ,
3762 4752 3995 4820 diligi;

2411 4856 2619 4925 κτίσμα
2669 4854 2767 4907 καὶ
2825 4853 2885 4916 ὲξ
2940 4853 3038 4905 ούκ
3082 4851 3251 4904 ὅντων
3309 4847 3615 4916 γεγονέναι,
3683 4848 3844 4917 μέχρι
3898 4844 3994 4895 νῦν

2414 4948 2621 5019 ᾄδεται.
2657 4945 2768 4999 Καὶ
2800 4944 3079 5005 Θεοδόσιος
3110 4943 3166 4995 δὲ
3194 4942 3221 4993 ὀ
3256 4940 3626 5010 πρεσϐύτερος
3662 4936 3995 4991 Μακεδονέιυ

2412 5041 2751 5113 ἀρνουμένου
2792 5038 2889 5109 τὴν
2914 5038 3143 5106 θεότητα
3170 5037 3264 5090 τοῦ
3299 5036 3459 5103 ἁγίου
3492 5032 3833 5101 Πνεύματος,
3901 5031 3997 5081 καὶ

2426 5130 2807 5200 Ἀπολιναρίου
2861 5128 2955 5181 τοῦ
3027 5127 3272 5198 μαθητοῦ
3318 5124 3486 5179 αὐτοῦ
3547 5121 3999 5195 βλασφημοῦντος

2414 5224 2494 5285 είς
2524 5221 2622 5292 τὴν
2648 5220 2961 5290 οἰκονομίαν
2995 5219 3091 5272 τοῦ
3119 5219 3255 5272 Θεοῦ
3287 5218 3485 5285 Λόγου,
3540 5217 3636 5270 καὶ
3692 5215 3999 5284 φάσκοντος

2413 5312 2540 5365 νοῦν
2575 5311 2919 5381 ἀνθρώπινον
2971 5312 3045 5379 μὴ
3082 5308 3361 5379 εἰληφέναι
3408 5308 3498 5359 τὸν
3524 5304 3617 5358 τοῦ
3659 5303 3793 5357 Θεοῦ
3824 5306 3999 5370 Λόγον

2412 5405 2548 5458 ἀλλὰ
2579 5404 2747 5473 σαρκὶ
2801 5402 3068 5471 ἑνωθῆναι
3122 5401 3299 5470 ψυχὴν
3353 5399 3547 5466 ἄλογον
3592 5396 3812 5469 ἐχούσῃ,
3871 5413 3998 5448 συν-

2414 5493 2642 5563 αγαγὼν
2673 5496 2730 5546 ὲν
2762 5490 3332 5547 Κωνσταντινουπόλει
3362 5490 3487 5551 τοῦς
3519 5495 3592 5557 ρι’
3618 5488 3867 5557 Πατέρας
3902 5486 4001 5539 καὶ

2420 5583 2709 5656 μετασχὼν
2733 5584 2829 5636 καὶ
2854 5583 3019 5645 αὐτὸς
3058 5582 3159 5649 τῆς
3202 5580 3441 5645 συνόδου,
3490 5581 3585 5633 καὶ
3612 5578 3720 5631 τῶν
3772 5578 4002 5648 εἰρημὲο

2416 5694 2523 5730 νων
2552 5673 2991 5745 καθαιρεθέντων
3012 5675 3107 5725 καὶ
3136 5672 3682 5739 ἀναθεματισθέντων
3704 5668 4001 5738 αἱρετικῶν

2421 5773 2556 5841 μετὰ
2580 5771 2675 5825 καὶ
2697 5770 2804 5823 τῶν
2828 5769 3041 5823 ἀσεϐῶν
3074 5768 3253 5821 αὐτῶν
3286 5767 3573 5835 δογμάτων
3618 5764 3710 5817 καὶ
3759 5763 3999 5832 ὁμοτρό-

2419 5884 2545 5931 νων,
2580 5862 2961 5936 παρεσκεύασε
3011 5863 3108 5933 τὴν
3143 5859 3424 5932 ὀρθόδοξον
3485 5858 3667 5911 πίστιν
3734 5857 3997 5925 angi-.1;-
