4214 6450
197 401 294 458 7‘25)

1284 394 1826 458 ΙΗῌΓΟΙΗΑῈΗἯ
1869 394 2401 457 ΕΟΜΡΕΝΠΙΗΜ.

3344 396 3457 459 ’126

194 511 341 565 σθαι.
381 510 490 563 Καὶ
507 507 787 576 Θεοδόσ.ος
812 512 867 565 δὲ
899 514 924 564 ό
949 512 1068 576 νέος
1104 511 1200 566 τοῦ
1227 511 1456 576 ἀσεϐοῦς
1476 512 1769 582 Νεστορίου

1874 512 2095 583 quidem
2126 522 2325 568 natura
2368 526 2491 568 esse
2522 513 2718 567 Filium
2763 513 3196 578 Dei,.Cliristum
3242 521 3457 568 tantum

193 602 445 669 λέγοντος
478 601 638 658 ἄλλον
668 599 809 657 εἶναι
832 604 922 659 τὸν
946 605 1081 659 Θεὸν
1122 605 1294 673 Λόγον
1329 606 1423 661 καὶ
1472 605 1632 661 ἄλλον
1684 608 1773 658 τὸν

194 693 455 763 Χριστὸν,
491 696 584 749 καὶ
614 696 706 749 τὸν
733 697 831 767 μὲν
858 696 1021 767 φύσει
1070 698 1197 753 Υἱδν
1240 696 1336 751 τοῦ
1374 698 1510 752 Θεοῦ
1545 696 1636 751 καὶ
1666 700 1763 752 Ποι-

192 787 343 857 τρὸξ,
376 788 469 841 τὸν
496 787 552 840 δὲ
576 788 906 859 χάριτιΥίὸν
941 791 1155 855 ἀσεϐῶς
1185 792 1522 856 εἰσάγοντος,
1549 795 1640 846 καὶ
1677 809 1773 860 την

189 880 352 946 ἁγίαν
372 881 594 953 Μαρίαν
604 879 747 938 εῖναι
771 882 1037 939 Θεοτόκον
1059 886 1416 956 ἀρνουμένου,
1447 886 1774 952 συναγαγὼν

190 974 289 1044 τὴν
307 971 581 1043 προτέραν
611 976 670 1027 έν
704 973 917 1046 Ἐφέσῳ
942 976 1051 1029 τῶν
1072 976 1363 1030 διακοσίωι
1402 976 1567 1045 ιγίων
1601 974 1776 1029 Πατέ-

192 1081 302 1135 ρων
330 1064 549 1118 σύνοδον
580 1066 677 1119 καὶ
737 1067 1069 1130 ἀποστείλας
1128 1068 1400 1139 ἄρχοντας
1462 1067 1774 1136 ὀφείλοντας

193 1158 453 1225 παρεῖναι
483 1158 548 1228 τῇ
584 1157 810 1229 συνόδῳ,
858 1158 1160 1230 προσέταξε
1195 1159 1291 1212 καὶ
1345 1158 1438 1211 τὸν
1478 1158 1774 1227 Νεστόριον

188 1249 601 1318 παραγενέσθαι
631 1252 932 1321 καὶκρίσιν
979 1251 1069 1305 ἐπ’
1100 1251 1262 1304 αὐτὸν
1282 1251 1556 1319 γενέσθαι,
1589 1253 1684 1303 καὶ
1710 1251 1770 1311 δὴ

188 1341 493 1411 γενομένης
516 1340 781 1411 ἀκριϐοῦς
828 1341 1126 1408 ἐξετάσεως
1159 1340 1525 1395 κατεδίκασαν
1568 1341 1773 1395 Νεστό-

190 1448 310 1501 ριον
362 1432 459 1485 καὶ
511 1433 911 1503 ἀνεθεμάτισαν
956 1434 1054 1487 σὺν
1083 1435 1196 1494 τοῖς
1243 1433 1545 1502 όμόφροσιν
1583 1430 1766 1486 αὑτοῦ.

190 1528 418 1579 Τούτων
454 1527 512 1580 δὲ
561 1525 706 1581 οὕτω
760 1526 1158 1597 προελθόντων,
1208 1526 1616 1589 ἐπαναστάντες
1669 1528 1772 1580 Κυ-

1878 620 1942 658 ex
1986 605 2162 673 gratia
2211 606 2376 675 impie
2441 612 2780 670 autumaret,
2836 616 3178 677 negaretque
3239 606 3456 661 beatam

1878 696 2106 751 Mariam
2160 714 2286 753 esse
2339 700 2433 754 Dei
2484 699 2843 770 genitricem,
2904 700 3144 769 priorem
3207 708 3457 754 sanctam

1878 787 2210 857 Ephesinam
2242 792 2508 862 synodum
2538 792 2648 848 200
2674 790 2898 847 Patrum
2948 793 3295 859 convocavit,
3321 793 3456 849 inis-

1877 897 1956 936 διε
1990 883 2084 952 qui
2119 883 2169 937 ei
2218 882 2553 940 interessent
2609 884 2905 954 praefectis,
2959 885 3132 941 citato
3178 885 3341 940 etiam
3388 887 3456 938 ad

1876 971 2166 1027 dicendam
2237 988 2463 1029 causam
2526 973 2803 1032 Nestorio.
2879 974 2960 1030 Re
3028 975 3461 1046 diligentissime

1875 1064 2120 1134 cognita,
2163 1063 2452 1120 Nestorius
2478 1073 2531 1120 et
2553 1068 2673 1135 ejus
2701 1075 3004 1124 sectatores
3033 1067 3277 1121 damnati
3305 1075 3453 1123 sunt.

1875 1151 1956 1209 Re
2007 1155 2109 1211 hoc
2164 1156 2333 1211 modo
2393 1157 2746 1227 procedente.
2798 1165 2991 1214 contra
3038 1159 3456 1215 sanctissimum

1874 1246 2140 1318 Cyrillum
2172 1249 2599 1305 insurrexerunt
2627 1249 2722 1321 qui
2754 1258 2914 1305 erant
2944 1265 2973 1304 a
3006 1259 3161 1319 parte
3213 1249 3455 1305 detesta-

1876 1339 2005 1395 bilis
2035 1336 2300 1407 Nestorii,
2336 1341 2635 1412 conatique
2679 1350 2812 1398 sunt
2850 1347 3144 1413 (quantum
3204 1343 3261 1398 in
3318 1343 3460 1414 ipsis

1875 1434 2019 1497 erat)
2050 1432 2372 1489 rescindere
2396 1435 2727 1490 sententiam
2760 1450 2881 1505 qua:
2905 1444 3025 1491 erat
3050 1436 3104 1489 in
3134 1435 3452 1491 Nestorium

1878 1524 2003 1577 lata.
2044 1524 2121 1579 Ibi
2149 1522 2499 1581 Theodosius
2541 1525 2846 1584 defendens
2894 1528 3237 1583 orthodoxos
3264 1536 3455 1582 contra

195 1617 363 1687 ρίλλῳ
390 1616 468 1688 τῷ
496 1618 893 1689 πανοσιωτάτῳ
924 1619 976 1671 οἱ
999 1618 1099 1686 τῆς
1130 1616 1417 1686 ἑξαγίστου
1474 1617 1769 1687 Νεστορίπυ

1885 1616 2125 1673 Ncstorli
2158 1618 2478 1683 factionem,
2511 1617 2921 1675 damnationem
2970 1619 3143 1690 ipsius
3183 1629 3238 1675 et
3262 1621 3453 1690 impia—

190 1710 413 1780 μερίδος
442 1711 785 1766 ἐσπούδασαν
814 1712 878 1765 τό
908 1727 973 1780 γε
1006 1712 1095 1764 ἐπ’
1125 1711 1308 1771 αὐτοῖς
1329 1709 1635 1780 ἀνατρέψαι
1674 1711 1769 1780 τὴν

1876 1723 1997 1763 rum
2032 1709 2352 1776 opinionum
2381 1724 2520 1780 quas
2547 1710 2829 1764 asserebat
2863 1720 3039 1764 ratam
3065 1709 3256 1763 haberi
3292 1723 3455 1763 cura-

192 1804 340 1858 κατὰ
379 1804 676 1875 Νεστορίου
724 1804 1105 1874 γεγενημένην
1144 1803 1347 1872 κρίσιν.
1393 1804 1533 1856 ’Δλϊ
1565 1803 1661 1858 οὖν
1708 1820 1771 1872 γε

184 1895 517 1958 Θεοδόσιοςό
555 1895 808 1965 βασιλεὺς
848 1893 1389 1967 ἀντιλαμϐανόμενος
1435 1896 1548 1948 τῶν
1603 1896 1772 1960 ὅντως

185 1986 371 2056 ὀρθῶν
439 1985 583 2041 κατὰ
652 1986 948 2058 Νιστορίου
1003 1986 1249 2042 καὶτῶν
1305 1987 1559 2057 πονηρῶν
1608 1986 1770 2042 αὐτοῦ

181 2080 478 2148 δογμάτων
500 2080 821 2151 κριθέντων,
853 2081 1236 2152 παρεσκεύασε
1263 2082 1487 2149 κρατεῖν
1511 2081 1773 2149 γενναίως

183 2170 286 2239 τὴν
324 2169 413 2224 ἐπ’
444 2168 595 2240 αῦτῷ
618 2172 996 2240 γεγενημένην
1058 2170 1259 2240 κρίσιν.
1319 2171 1431 2224 Καὶ
1481 2171 1592 2242 γὰρ
1636 2175 1773 2241 πρὸς

182 2261 402 2326 τούτοις
428 2263 523 2317 καὶ
550 2261 687 2317 ἄλλα
710 2262 835 2317 τινα
874 2263 1016 2316 κατὰ
1042 2262 1139 2317 τοῦ
1168 2262 1314 2317 θείου
1341 2262 1614 2333 Κυρίλλου
1635 2263 1773 2333 πρὸς

183 2352 541 2423 τὸνβασιλέα
573 2353 1177 2425 καταφλυαρησάντων,
1226 2353 1429 2423 γράφει
1485 2341 1622 2421 τιρδς
1680 2355 1771 2407 τὸν

185 2450 413 2518 βασιλέα
432 2450 702 2523 Κύριλλος
724 2450 951 2505 τοιαῦτα
983 2467 1001 2485 ο
1043 2450 1376 2521 Ἐπειδὴπερ
1398 2448 1706 2519 ἐπυθόμην,
1725 2440 1772 2500 ὦ

181 2542 546 2598 ιύσεϐέστατε
569 2541 815 2613 βασιλεῦ,
833 2541 945 2596 τῶν
979 2542 1288 2611 φιλολογεῖν
1328 2540 1602 2595 εἰωθότων
1618 2540 1771 2603 τινὰς

182 2634 400 2703 ἀγρίων
442 2635 669 2708 σφηκῶν
718 2635 879 2706 δίκην
939 2616 1302 2706 τῖεριϐομϐεῖν
1331 2632 1429 2687 καὶ
1463 2631 1772 2703 μοχθηροὺς

184 2726 515 2795 ὲρεύγεσθαι
542 2727 668 2782 κατ’
696 2727 833 2797 ἐμοῦ
863 2726 1077 2795 λόγους,
1103 2727 1181 2789 ὡς
1231 2725 1293 2791 ἐξ
1336 2725 1571 2795 οὐρανοῦ
1601 2741 1772 2778 κατα-

183 2818 453 2887 κομισθὲν
476 2820 571 2874 καὶ
602 2820 705 2875 οὐκ
731 2821 795 2873 lx
820 2818 920 2889 τῆς
970 2817 1133 2886 ἁγίας
1176 2818 1462 2888 Παρθένου
1521 2817 1771 2884 λέγοντος

1877 1800 1974 1855 vit.
2008 1798 2144 1855 Nam
2169 1814 2293 1856 cum
2322 1800 2636 1858 Nestoriani
2671 1813 2937 1871 praeterea
2966 1802 3137 1856 etiam
3173 1801 3277 1855 alia
3301 1815 3456 1871 quae-

1876 1893 2003 1948 dam
2028 1893 2261 1948 crimina
2285 1891 2495 1963 Cyrillo
2531 1892 2676 1963 apud
2728 1893 3119 1964 imperatorem
3164 1895 3455 1962 nugaciter

1876 1986 2264 2056 impingerent,
2297 1984 2364 2040 ad
2399 2000 2524 2041 eum
2558 1985 2797 2057 Cyrillus
2828 1986 2879 2040 iu
2919 1987 3061 2041 lianc
3114 1989 3450 2042 sententiam

1873 2079 2126 2151 scripsit:
2157 2078 2459 2149 Postquam
2481 2080 2634 2145 mihi,
2655 2081 2896 2151 piissime
2918 2081 3232 2149 imperator.
3255 2095 3450 2134 renun-

1873 2171 2068 2226 tiatum
2124 2180 2230 2235 est,
2291 2172 2557 2240 quosdam
2625 2174 2878 2240 garrulas
2924 2172 3102 2226 instar
3157 2186 3451 2242 vesparum

1877 2261 2123 2318 ferarum
2175 2262 2426 2319 susurris
2477 2263 2596 2317 suis
2648 2277 2810 2317 aures
2840 2272 2963 2318 tuas
3020 2277 3340 2334 personare,
3397 2272 3454 2317 et

1875 2355 2164 2413 maledicta
2197 2357 2253 2412 in
2297 2370 2384 2412 me
2432 2365 2708 2419 eructare,
2746 2364 3015 2425 nugantes
3063 2368 3149 2407 me
3201 2367 3457 2410 asserere

1873 2447 2078 2504 Christi
2105 2449 2357 2506 divinum
2392 2464 2594 2520 corpus
2621 2450 2763 2504 cmlo
2823 2448 3069 2503 delatum
3112 2455 3167 2502 et
3219 2462 3330 2502 non
3382 2445 3452 2502 de

1874 2551 2063 2596 sancta
2088 2539 2313 2609 Virgine
2345 2548 2710 2610 assumptum,
2744 2541 2984 2609 itemque
3013 2539 3154 2594 duos
3182 2537 3350 2594 Filios
3382 2538 3452 2593 de

1873 2634 2150 2689 sententia
2185 2634 2427 2689 Nestorii
2459 2632 2734 2694 conﬁteri,
2772 2630 3086 2687 existimavi
3133 2630 3333 2685 debere
3362 2644 3450 2685 me

1869 2726 2038 2800 666
2090 2725 2358 2783 adversus
2411 2728 2562 2795 ipsos
2597 2739 2767 2795 pauca
2812 2725 2867 2780 in
2930 2727 3072 2781 hanc
3118 2724 3447 2780 sententiam

1873 2818 2077 2873 dicere.
2109 2817 2154 2873 Ο
2213 2817 2352 2872 l'atui
2406 2827 2460 2872 et
2499 2817 2711 2872 nullius
2772 2815 2848 2871 rei
2901 2816 3009 2871 nisi
3073 2816 3450 2872 calumniandi

177 2909 245 2964 ςδ
290 2908 436 2962 θεῖον
493 2909 653 2980 σῶμα
681 2909 947 2980 Χριστοῦ,
983 2908 1080 2963 καὶ
1110 2909 1297 2978 μέντοι
1343 2909 1438 2963 καὶ
1484 2906 1581 2963 δύο
1610 2908 1769 2972 Υίοὺς

1874 2908 2058 2979 gnari,
2105 2910 2384 2979 quomodo
2443 2926 2493 2961 ιιι
2560 2908 2701 2963 hanc
2759 2908 3061 2963 devenistis
3114 2908 3449 2965 sententiam

187 3000 336 3055 κατὰ
380 3001 678 3072 Νεστόριον
732 3001 1018 3073 όμολογεῖν
1064 3002 1215 3073 ἡμᾶς
1263 3000 1763 3074 κατεφλυάρησαν,

1873 3008 2198 3069 tantumque
2250 3000 2482 3054 insania:
2545 2998 2931 3067 concepistis?
2968 2998 3238 3054 V'Omnino
3301 3000 3452 3053 enim

179 3093 289 3146 δεῖε.
314 3093 579 3165 ᾠήθημεν
600 3093 757 3163 ὀλίγα
791 3095 919 3167 περὶ
950 3092 1142 3149 τούτου
1182 3094 1326 3164 πρὸς
1355 3093 1555 3157 αὐτοὺς
1594 3094 1769 3147 είπεῖν

1874 3092 2168 3159 oportebat
2201 3091 2306 3147 hoc
2339 3106 2437 3148 vos
2468 3092 2760 3162 perspicue
2815 3093 3041 3157 sentire,
3099 3100 3268 3145 totam
3306 3091 3447 3145 haue

180 3184 383 3250 οὕτως’
414 3180 487 3241 Ὦ
525 3184 744 3258 ἀνόητοι
786 3187 880 3239 atat
916 3187 1078 3256 μόνον
1128 3186 1336 3249 εἰδότες
1386 3187 1765 3255 συκοφαντεῖν,

1874 3193 2118 3237 nostram
2152 3183 2221 3238 de
2248 3182 2355 3238 ﬁde
2412 3184 2845 3253 disputationem
2895 3182 3024 3238 inde
3075 3192 3251 3237 ortam
3303 3185 3457 3253 quod:

181 3278 307 3341 πῶς
362 3279 445 3342 εἰς
499 3279 660 3332 τοῦτο
718 3277 1044 3352 παρήχθητε
1098 3277 1329 3348 γνώμης
1376 3278 1475 3333 καὶ
1498 3277 1770 3349 τοσαύτην

180 3371 514 3441 νενοσηκατε
571 3371 804 3441 μανίαν;
870 3371 1021 3426 Ἔδει
1064 3371 1174 3439 γὰρ
1221 3370 1409 3440 σαφῶς
1438 3373 1641 3425 ιννοεῖν
1686 3371 1768 3425 ὅτι

183 3462 375 3532 σχεδὸν
400 3463 546 3527 ἄπας
573 3464 706 3534 ἡμῖν
735 3464 765 3517 ό
788 3462 931 3535 ὑπὲρ
959 3462 1059 3533 τῆς
1093 3461 1331 3527 πίστεως
1363 3462 1513 3529 ἀγὼν
1563 3479 1771 3531 συγκε-

180 3554 425 3624 κρότητο
448 3553 757 3607 διαϐεϐαιου
767 3552 947 3622 μένοις
976 3551 1062 3624 [Ρ.
1086 3550 1318 3623 3801611.
1340 3550 1604 3615 Θεοτόκος
1621 3551 1771 3607 ἐστὶν

180 3644 215 3711 ἠ
251 3643 391 3711 ἁγία
418 3642 631 3713 Μαρία.
682 3642 829 3696 Ἀλλ’
858 3643 1093 3713 ἐπείπερ
1115 3642 1173 3708 ιξ
1203 3642 1437 3713 οὐρανοῦ
1462 3644 1557 3696 καὶ
1589 3644 1692 3697 οὐκ
1712 3643 1772 3709 ἐξ

178 3735 359 3806 αὐτῆς
387 3735 752 3806 γεγεννῆσθαι
779 3734 842 3790 τδ
861 3735 1008 3789 θεῖον
1034 3735 1194 3804 σῶμα
1244 3734 1341 3788 τοῦ
1390 3736 1630 3806 Χριστοῦ
1681 3736 1770 3789 λέ-

179 3842 379 3894 γομεν.
409 3825 486 3889 ὥς
510 3842 667 3895 φασι,
692 3826 810 3890 πῶς
839 3826 908 3881 ἂν
935 3828 1110 3880 νοοῖτο
1153 3826 1453 3893 Θεοτόκος;
1475 3825 1609 3879 Τίνα
1661 3825 1773 3896 γὰρ

176 3918 322 3982 ὅλως
385 3918 629 3985 τέτοκεν,
658 3921 709 3974 εί
772 3918 848 3989 μή
898 3919 1052 3972 ἔστιν
1090 3918 1293 3988 ἀληθὲς
1340 3919 1424 3972 ὅτι
1473 3918 1771 3990 γεγέννηκε

178 4010 329 4063 κατᾶ
358 4009 541 4081 σάρκα
607 4010 700 4064 τὸν
750 4010 1134 4080 Ἐμμανουήλς
1177 4009 1538 4065 Γελάσθωσαν
1591 4011 1772 4064 τοίνυν

177 4101 230 4153 oi
264 4100 449 4154 ταῦτα
470 4100 566 4155 καὶ
593 4100 664 4155 τὰ
684 4100 912 4155 τοιαῦτα
966 4100 1032 4155 τὰ
1063 4101 1186 4155 κατ’
1221 4102 1355 4172 ἐμοῦ
1386 4101 1771 4172 πεφλυαρηκό-

174 4207 290 4254 τες.
327 4191 410 4245 06
452 4191 562 4262 γὰρ
612 4191 865 4262 ψεύδεται
910 4192 1085 4262 λέγων
1125 4196 1153 4248 6
1185 4195 1457 4267 μακάριος
1519 4196 1767 4259 Ἡσαΐαςο

186 4282 327 4336 Ἰδοὺ
354 4283 388 4351 ἡ
429 4282 706 4351 Παρθένος
734 4285 794 4338 ὲν
827 4284 1027 4354 γαστρὶ
1049 4284 1162 4351 ἕξοι
1194 4286 1287 4338 καὶ
1341 4284 1556 4349 τέξεται
1620 4287 1769 4351 Υίὸν,

173 4374 270 4426 καὶ
301 4372 600 4427 καλέσουσι
625 4374 686 4427 τὺ
732 4375 904 4443 θνομα
932 4373 1100 4429 αὐτοῦ
1149 4374 1523 4446 Ἐμμανουήλ,
1557 4376 1585 4430 ὅ
1628 4379 1770 4442 ἐστι,

173 4465 315 4518 Μεθ’
351 4467 382 4535 η
393 4465 512 4533 μῶν
531 4466 559 4517 6
587 4464 741 4528 Θεός.
773 4465 1055 4536 Ἀληθεύει
1075 4464 1134 4520 δὲ
1160 4467 1376 4529 πάντως
1390 4468 1483 4520 καὶ
1510 4467 1769 4541 όὰρχάγ-

172 4556 338 4620 γελος
406 4553 653 4625 Γαϐριὴλ
703 4555 841 4625 πρὸς
895 4556 996 4625 τὴν
1033 4555 1312 4627 Παρθένον
1380 4557 1553 4611 εἰπών
1588 4572 1602 4587 ·
1674 4560 1767 4629 Μὴ

171 4644 376 4713 φοϐοῦ,
413 4646 650 4716 Μαριάμ
683 4661 699 4676 ·
722 4639 882 4717 εὗρες
903 4646 1011 4717 γὰρ
1037 4646 1195 4717 χάριν
1223 4650 1373 4719 παρὰ
1399 4648 1476 4719 τῷ
1495 4649 1635 4721 Θεῷ,
1672 4652 1768 4704 καὶ

175 4737 286 4789 ἰδοὺ
316 4737 574 4808 συλλήψῃ
596 4739 655 4792 ὲν
686 4738 907 4809 γαστρὶ,
939 4738 1034 4791 καὶ
1067 4740 1197 4811 τέξῃ
1230 4741 1378 4805 Υἱὸν,
1406 4740 1501 4795 καὶ
1517 4742 1766 4807 καλέσεις

168 4831 232 4883 τὺ
265 4830 455 4899 ὄνομα
490 4830 659 4885 αὑτοῦ
695 4829 903 4898 Ἰησοῦν
930 4846 947 4865 ο
989 4831 1156 4896 αὐτὸς
1185 4834 1293 4903 γὰρ
1330 4834 1493 4888 σώσει
1526 4836 1618 4889 τὸν
1639 4836 1765 4890 λαὸν

169 4922 345 4976 αὐτοῦ
371 4921 487 4976 ἀπὸ
518 4921 630 4975 τῶν
660 4922 944 4992 ἁμαρτιῶν
996 4921 1198 4977 αὐτῶν.
1233 4924 1406 4979 Ὅταν
1431 4926 1487 4979 δὲ
1513 4925 1765 4997 λέγωμεν

169 5015 388 5070 ἄνωθεν
416 5015 477 5082 ἐξ
496 5014 730 5086 οὐρανοῦ
749 5015 840 5069 τὸν
869 5015 1075 5086 Κύριον
1091 5017 1248 5088 ἡμῶν
1279 5018 1486 5089 Ἰησοῦν
1504 5019 1761 5091 Χριστὸν,

168 5106 269 5178 οὐχ
334 5107 415 5170 ὡς
494 5106 703 5160 ἄνωθεν
771 5106 832 5172 ἐξ
893 5106 1123 5177 οὐρανοῦ
1200 5110 1617 5181 κατενεχθείσης
1662 5113 1761 5183 τῆς

168 5196 336 5264 ἁγίας
373 5196 548 5250 αὑτοῦ
574 5197 777 5267 σαρκὸς
807 5195 981 5252 ταῦτᾶ
1013 5215 1215 5268 φαμεν,
1243 5198 1358 5252 ἀλλ’
1388 5199 1464 5263 ὡς
1506 5201 1762 5271 ἑπόμενοι

167 5289 245 5357 τῷ
263 5292 310 5343 ιε
318 5288 407 5360 ρῷ
432 5287 629 5357 Παύλῳ
645 5288 929 5356 φάσκοντιο
964 5289 1024 5341 ’0
1038 5290 1249 5361 πρῶτος
1263 5289 1361 5343 ἄνθ
1370 5307 1554 5362 ρωπος
1570 5293 1636 5345 ἐκ
1659 5295 1759 5362 γῆς

171 5380 380 5446 χοῖκδς,
438 5380 469 5432 ὀ
521 5378 774 5448 δεύτερος
819 5379 848 5429 6
883 5378 1086 5451 Κύριος
1119 5381 1179 5446 ἐξ
1212 5380 1464 5450 οὐρανοῦ.
1534 5383 1763 5453 Μεμνή-

170 5471 312 5539 μεθα
345 5470 411 5523 δὲ
451 5469 551 5522 καὶ
582 5468 744 5522 αὐτοῦ
763 5468 854 5521 τοῦ
882 5469 1083 5540 Κυρίου
1102 5470 1356 5538 λέγοντος
1374 5476 1390 5492 ⁸
1420 5471 1612 5537 Οὐδεὶς
1633 5475 1764 5529 ἀνα-

168 5562 420 5630 ϐέϐηκεν
462 5564 543 5625 εἰς
582 5562 675 5614 τὸν
722 5562 975 5631 οὐρανὸν,
1024 5565 1075 5616 εἰ
1138 5563 1212 5635 μὴ
1255 5566 1284 5617 6
1313 5566 1378 5617 ὲκ
1405 5563 1497 5617 τοῦ
1533 5566 1762 5636 οὐρανοῦ

1875 3291 1976 3331 nos
2016 3274 2242 3331 Mariam
2280 3275 2565 3344 Deiparam
2590 3292 2713 3333 esse
2746 3275 3154 3332 contendimus.
3181 3277 3343 3347 Atqui
3376 3278 3446 3342 si,

1875 3375 1937 3421 ut
1961 3366 2038 3421 illi
2068 3365 2284 3432 dicunt,
2319 3382 2421 3422 nos
2448 3381 2650 3438 corpus
2695 3367 2903 3423 Christi
2939 3367 3188 3423 divinum
3233 3367 3455 3423 cmlitus

1872 3459 2112 3526 venisse,
2148 3473 2260 3513 non
2285 3474 2350 3513 ex
2393 3459 2511 3528 ipsa
2549 3469 2738 3514 natum
2774 3459 3035 3526 dicimus,
3062 3458 3155 3530 qui
3189 3475 3250 3516 ea
3276 3460 3451 3530 possit

1875 3546 2101 3617 deipara
2140 3548 2294 3603 dici?
2323 3547 2496 3613 Quem
2529 3549 2677 3602 enim
2723 3548 2948 3605 tandem
2983 3550 3215 3619 peperit,
3269 3551 3313 3606 si
3345 3551 3450 3604 hoc

1847 3648 2068 3694 'verum
2102 3654 2212 3695 non
2243 3649 2349 3701 est,
2383 3639 2531 3709 quod
2563 3640 2867 3696 secundum
2900 3655 3126 3696 carnem
3177 3642 3451 3712 pepererit

1807 4522 1849 4577 ι)

1875 3729 2340 3786 Emmanuelum?
2369 3730 2671 3786 uideantur
2705 3746 2835 3803 ergo
2856 3732 2944 3802 qui
2976 3731 3092 3787 haec
3116 3741 3171 3787 et
3224 3733 3353 3786 talia
3385 3732 3457 3787 de

1874 3838 1961 3879 me
1995 3823 2285 3880 blaterant.
2316 3824 2435 3880 Non
2466 3825 2614 3879 enim
2684 3827 2946 3880 mentitur
2979 3826 3166 3893 Isaias,
3215 3843 3338 3881 eum
3377 3828 3451 3882 ita

1874 3917 2242 3971 vaticinatur:
2268 3918 2404 3973 Ecce
2439 3916 2600 3989 Virgo
2618 3918 2915 3987 concipiet,
2946 3927 2997 3973 et
3026 3918 3203 3987 pariet
3226 3917 3446 3979 Filium.

1873 4016 1928 4062 et
1966 4008 2015 4062 ei
2085 4024 2284 4063 nomen
2364 4008 2567 4063 facient
2622 4009 3076 4073 Emmanuelo";
3133 4011 3280 4079 quod
3343 4019 3448 4072 est,

1873 4100 2167 4156 Nobiscum
2200 4104 2360 4156 Deus.
2393 4101 2459 4155 Et
2480 4104 2624 4157 haud
2654 4102 3031 4157 duliie‘verum
3066 4104 3200 4158 dixit
3227 4103 3452 4159 Gabrie-

1876 4194 1982 4256 lus,
2007 4194 2323 4263 angelorum
2349 4194 2626 4263 princeps,
2658 4193 2882 4247 Mariam
2911 4194 2982 4247 ita
3005 4194 3294 4265 alloquens
3327 4211 3340 4248 :
3373 4195 3454 4251 Ne

1874 4292 2089 4339 metuas
2110 4285 2231 4347 tibi,
2254 4283 2459 4338 Maria:
2494 4301 2619 4339 nam
2655 4286 2885 4354 gratiam
2910 4287 3051 4356 apud
3087 4286 3253 4341 Deum
3292 4288 3447 4341 inve-

1875 4377 2029 4431 nisti.
2062 4376 2201 4431 Ecee
2225 4375 2446 4446 gravida
2488 4376 2619 4434 eris.
2671 4388 2722 4431 et
2777 4378 2959 4445 paries
3012 4375 3236 4442 Filium,
3290 4380 3451 4448 eique

1876 4481 2073 4521 nomen
2116 4463 2250 4521 Jesu
2310 4466 2555 4535 impom-s
2637 4481 2765 4532 quia
2817 4469 3080 4536 populum
3138 4469 3239 4524 iste
3287 4485 3446 4524 suum

1876 4559 2114 4630 peccatis
2147 4560 2405 4614 solvet".
2445 4558 2582 4615 Cum
2623 4567 2801 4613 antem
2855 4559 3146 4614 Dominum
3196 4569 3445 4616 nostrum

1872 4649 2060 4705 Jesum
2099 4650 2381 4707 Christum
2406 4652 2638 4706 dicimus
2670 4652 2911 4720 desuper
2943 4652 3010 4705 de.
3038 4652 3180 4707 ecelo
3205 4654 3441 4711 venisse.

1873 4756 1980 4796 ιιοιι
2008 4756 2074 4796 eo
2096 4758 2262 4799 sensu
2301 4744 2352 4798 id
2383 4743 2616 4798 dicimus
2657 4746 2813 4811 quasi
2852 4750 3106 4810 putemus
3144 4759 3268 4798 cum
3320 4760 3444 4798 san-

1870 4842 2009 4888 ctam
2035 4849 2190 4888 suam
2222 4848 2441 4889 carnem
2463 4834 2529 4889 de
2550 4834 2691 4889 cmlo
2712 4833 3004 4889 detulisse:
3040 4834 3134 4889 sed
3164 4835 3441 4905 sequimu:

1870 4926 1928 4978 ὃ.
1969 4923 2219 4989 Paulum,
2243 4924 2336 4995 qui
2368 4925 2440 4979 ita
2473 4925 2585 4979 ait:
2611 4925 2829 4981 Primus
2860 4926 3023 4979 homo
3050 4942 3113 4978 ex
3141 4934 3284 4979 terra
3312 4940 3439 4996 pul-

1866 5032 2082 5082 vereus,
2117 5018 2413 5081 secundus,
2459 5016 2722 5072 Dominus
2763 5033 2794 5071 e
2819 5016 3036 5069 caelo".
3070 5006 3440 5072 Recordamur

1864 5109 2031 5164 etiam
2065 5111 2244 5180 ipsum
2276 5109 2563 5165 Dominum
2593 5108 2801 5163 dixisse
2849 5124 2862 5161 :
2899 5107 3074 5162 Nemo
3107 5108 3355 5162 ascendit
3386 5109 3438 5162 in

1865 5201 2088 5265 coelum,
2108 5202 2216 5257 nisi
2243 5200 2634 5272 quidescendit
2654 5201 2796 5259 inde.
2821 5199 2991 5253 Filius
3018 5200 3254 5255 hominis
3276 5200 3340 5256 ".
3372 5204 3438 5253 At

1867 5309 1998 5347 vero
2056 5295 2202 5364 quod
2257 5296 2321 5347 ad
2373 5309 2593 5347 carnem
2658 5300 2874 5353 alr-net,
2925 5306 3089 5349 natus
3146 5303 3251 5359 est,
3295 5298 3436 5350 sicut

1862 5386 2129 5447 diximus,
2166 5402 2230 5441 ex
2266 5385 2428 5455 667
2488 5385 2644 5439 beata
2697 5383 2938 5453 Virgine.
3011 5384 3117 5438 Sed
3178 5386 3434 5452 quoniam

1869 5476 2102 5531 Verbum
2132 5477 2221 5529 llci
2250 5478 2392 5531 cmlo
2420 5476 2742 5546 degressum
2777 5492 2833 5528 se.
2892 5478 3067 5545 ipsum
3131 5476 3432 5529 cxiuanivit

1864 5569 2093 5624 fortnam
2113 5570 2256 5624 servi
2286 5568 2638 5632 assumendo,
2673 5568 2923 5635 ﬁliusque
2959 5566 3198 5620 hominis
3244 5570 3432 5635 appel-

172 5654 456 5719 καταϐὰς,
483 5655 512 5706 6
548 5652 675 5715 Υἱὸς
705 5652 800 5706 τοῦ
837 5652 1149 5724 ἀνθρώπου.
1190 5654 1379 5708 Καίτοι
1440 5658 1762 5727 γεγέννηται

1871 5661 2012 5718 latus
2038 5669 2142 5727 est,
2175 5676 2299 5717 cum
2326 5660 2543 5732 quidem
2573 5659 2715 5717 idem
2748 5666 3092 5729 permaneret
3129 5657 3219 5726 qui
3274 5666 3431 5710 antea

242 5837 288 5870 “
316 5837 431 5893 lsa.
468 5851 564 5898 vn,
595 5835 677 5893 li.
757 5838 797 5870 “
835 5836 970 5896 Luc.
995 5855 1031 5906 l,
1070 5837 1160 5901 50.
1193 5839 1279 5895 51.
1364 5842 1403 5872 ¹²
1432 5838 1449 5893 ι
1483 5841 1613 5898 Cor.
1647 5859 1734 5908 xv,

1941 5841 1981 5873 ¹³
2011 5838 2168 5895 Joan.
2201 5855 2282 5894 ιιι.
