4214 6450
671 380 774 447 731

1966 373 2288 434 GEORGII
2333 373 2672 433 CEDRENI

3842 366 3955 428 732

672 501 959 549 caritatum
994 490 1269 546 hominem
1321 502 1445 544 esse
1493 487 1722 552 factum,
1767 492 1823 542 et
1867 485 2052 540 divum
2082 484 2256 556 Cyril—

2386 485 2665 553 ιατίζομεν
2691 484 2780 536 καὶ
2817 485 2918 554 τὴν
2950 481 3123 552 ἀσεϐῆ
3185 480 3476 552 ἐπιστολὴν
3518 480 3616 552 τὴν
3647 479 3959 552 λεγομένην

671 589 784 642 lum
823 601 922 656 pro
954 582 1215 638 brcr‘etico
1278 581 1569 646 traducit;
1629 594 1692 634 ac
1749 579 1980 650 primam
2035 577 2256 647 quidem

672 678 1000 749 Epliesinam
1035 690 1247 731 sacram
1281 674 1548 746 synodum
1589 672 1968 744 reprehendit,
2004 681 2065 727 ut
2113 687 2256 740 qum,

674 769 948 840 incognita
980 782 1166 830 causa,
1221 765 1529 820 Nestorium
1562 765 1925 822 damnaverit.
1971 762 2260 818 duodecim

673 872 854 916 autem
891 861 1132 930 capitula
1165 859 1335 913 sancti
1363 858 1552 930 Cyrilli
1577 857 1853 926 conspuit,
1902 855 2155 911 Nestorio
2207 865 2264 910 et

673 952 970 1006 Theodoro
1003 966 1306 1018 eorumque
1339 949 1523 1019 impiis
1562 947 1792 1018 scriptis
1823 957 1878 1002 ct
1910 947 2262 1017 opinionibus

675 1045 1079 1115 patrocinatur.
1160 1043 1508 1112 Quapropter
1567 1040 1806 1110 etii-cnes
1879 1041 2259 1094 haereticorum

673 1139 901 1192 istorum
967 1135 1184 1204 linguas
1236 1133 1673 1203 iiupiissimaque
1723 1133 1946 1201 scripta,
2001 1133 2262 1201 ipsosque

676 1228 741 1282 ad
770 1236 1076 1282 extremum
1109 1227 1160 1280 in
1192 1225 1346 1280 falsis
1381 1226 1500 1280 suis
1525 1226 1884 1295 opinionibus
1935 1239 1999 1277 ac
2051 1225 2259 1278 malitia

677 1325 1144 1387 perseverantes,
1200 1319 1407 1385 optimo
1461 1316 1586 1386 jure
1645 1317 1786 1385 patri
1843 1315 2260 1369 mendaciorum

675 1414 894 1466 diabolo
929 1421 1356 1465 annumerantes
1381 1409 1672 1465 dicemus:
1723 1409 1916 1465 Vadite
1963 1412 2016 1464 in
2059 1410 2263 1464 lumine

677 1507 819 1569 ignis
849 1505 1040 1570 vestri,
1072 1516 1123 1558 ct
1154 1507 1206 1558 in
1239 1503 1456 1556 flamma
1492 1519 1654 1574 quam
1695 1504 2054 1572 conccpistis.

2370 578 2520 648 παρὰ
2558 577 2674 630 Ἵεα
2711 577 3020 645 γεγράφθαι
3054 577 3189 646 πρὸς
3231 577 3412 646 tum
3445 576 3534 628 τὸν
3588 577 3830 647 Πέρσην,
3858 577 3958 647 τὴν

2369 670 2711 738 ἀρνουμένην
2736 669 2826 722 τὸν
2864 669 2998 721 Θεὸν
3021 669 3193 736 Λόγον
3231 671 3292 722 ἐκ
3324 671 3424 739 τῆς
3478 671 3639 738 ἁγιας
3673 669 3959 740 Παρθένου

2372 763 2468 832 τῆς
2501 761 2769 815 Θεοτὸκου
2808 761 3029 831 Μαρίας
3071 760 3426 831 σαρκωθέντα
3462 761 3749 832 ἄνθρωπον
3791 778 3959 829 γεγε-

2372 853 2592 922 νῆσθαι,
2633 854 2839 907 καὶτὸν
2874 853 3160 907 θεσπέσιον
3219 854 3489 924 Κύριλλον
3549 855 3623 917 ὡς
3679 855 3962 923 αἱρετικὸν

2371 946 2786 1011 διαΰάλλουσαν,
2858 947 2949 998 xui
2993 946 3353 1016 μεμφομένην
3393 948 3488 1015 μὲν
3518 946 3617 1018 τὴν
3641 948 3699 999 ἐν
3746 947 3962 1016 Ἐψέσῳ

2372 1035 2596 1107 πρώτην
2636 1036 2800 1105 ἁγίαν
2834 1035 3050 1092 σύνοδον
3083 1039 3158 1100 ὡς
3191 1039 3358 1108 χωρὶς
3387 1039 3620 1108 κρίσεως
3658 1041 3752 1092 καὶ
3787 1038 3962 1108 ζητή-

2373 1146 2510 1190 σεως
2540 1128 2630 1180 τὸν
2664 1127 3333 1198 Νεστόριονκαθελοῦσαν,
3365 1129 3459 1182 xui
3492 1129 3560 1183 τὰ
3594 1128 3660 1198 ιβ’
3690 1131 3964 1199 κεφαλαια

2369 1221 2464 1272 τοῦ
2510 1220 2784 1291 μακαρίου
2821 1220 3091 1292 Κυρίλλου
3123 1221 3513 1286 διαπτύονσαν,
3542 1222 3866 1276 ἐκδικοῦσαν
3905 1222 3961 1275 δέ

2370 1315 2666 1384 Νεστόριον
2727 1313 2824 1368 xui
2868 1314 3146 1385 Θεόδωρον
3198 1315 3294 1367 xui
3345 1315 3414 1368 τὰ
3470 1315 3738 1382 θεοστυγῆ
3779 1315 3966 1367 αὐτῶν

2374 1408 2790 1478 συγγράμματά
2836 1425 2896 1462 τε
2951 1409 3046 1463 xui
3093 1409 3364 1479 δόγματα.
3428 1410 3518 1462 Διὸ
3577 1408 3662 1482 [Ρ.
3721 1408 3852 1480 385]
3901 1409 3967 1478 δὴ

2374 1502 2556 1555 τοίνυν
2591 1501 2688 1565 τὰς
2716 1502 2814 1572 μέν
2865 1503 2976 1556 τῶν
3037 1503 3334 1572 αἱρετικῶν
3361 1507 3568 1557 τούτων
3606 1507 3701 1556 καὶ
3741 1506 3966 1558 πάντων

675 1597 1086 1670 ἀθυροστόμους
1120 1594 1371 1666 γλώσσας
1403 1596 1624 1660 καὶτὰς
1657 1597 1862 1648 τούτων
1885 1594 2257 1656 ἁσεϐεστάτας
2299 1593 2647 1666 συγγραφὰς,
2690 1593 2889 1658 αὐτούς
2954 1612 3013 1648 τε
3086 1595 3210 1658 τοὺς
3260 1597 3570 1666 αίρετικοὺς
3614 1597 3741 1658 τοὺς
3800 1596 3968 1665 μέχρι

676 1692 864 1752 τέλους
891 1689 1252 1758 ἐμμείναντας
1282 1691 1348 1759 τῇ
1403 1687 1581 1758 οἰκείᾳ
1654 1687 1947 1757 κακοδοξίᾳ
2018 1688 2112 1739 xui
2162 1689 2416 1758 πονηρία,
2479 1685 2616 1754 μετὰ
2675 1686 2886 1756 πατρὸς
2941 1685 3034 1740 τοῦ
3087 1685 3316 1755 ψεύδους
3407 1689 3636 1751 είκότως
3711 1687 3964 1741 διαῦἑλου

677 1782 1158 1852 συναριθμοῦντες,
1195 1781 1426 1852 ἐροῦμεν
1458 1797 1472 1811 ·
1515 1781 1822 1851 Πορεύεσθε
1856 1780 1932 1851 τῷ
1967 1781 2109 1849 φωτὶ
2159 1781 2254 1832 τοῦ
2295 1781 2464 1852 πυρὸς
2497 1778 2649 1850 ὑμῶν
2691 1780 2784 1834 xui
2821 1781 2888 1850 τῇ
2926 1780 3087 1849 φλογὶ
3195 1779 3549 1846 ὲξεκαύσατε.

749 1875 826 1929 Ea
856 1883 1184 1946 tempestate
1205 1875 1684 1946 Constantinopoli
1708 1875 1862 1931 dives
1891 1875 2262 1946 quidam'cum
2298 1883 2338 1937 Β

680 1979 974 2040 aegrotaret
1007 1978 1063 2026 et
1095 1979 1328 2025 mortem
1365 1971 1605 2036 timeret,
1656 1969 1724 2025 30
1749 1970 1918 2025 libras
1946 1968 2154 2038 argenti
2219 1965 2274 2020 in

679 2075 956 2132 pauperes
985 2060 1257 2130 erogavit.
1303 2059 1608 2114 Restitutus
1656 2068 1839 2114 autem
1895 2069 2090 2130 praeter
2123 2072 2275 2127 spem

679 2169 834 2208 suam
891 2155 1043 2208 bona:
1089 2153 1407 2217 valetudini,
1460 2152 1654 2207 fraude
1688 2153 1889 2207 diaboli
1941 2167 2006 2207 eo
2060 2160 2141 2206 est
2190 2151 2276 2204 in-

681 2249 888 2301 ductus
953 2255 1011 2300 ut
1072 2247 1200 2301 lacti
1261 2247 1382 2316 ejus
1446 2249 1626 2315 ipsum
1693 2247 2002 2316 paeniteret,
2063 2244 2277 2313 hocque

683 2339 901 2393 cuidam
941 2339 1085 2393 fideli
1119 2355 1180 2392 ac
1208 2339 1364 2392 diviti
1418 2353 1520 2392 SttO
1571 2339 1751 2391 amico
1797 2340 2055 2408 aperiret.
2094 2335 2277 2391 Monet

685 2436 795 2490 iste
820 2435 1102 2488 hominem
1134 2448 1201 2487 ne
1231 2433 1359 2486 huic
1383 2433 1539 2486 mala:
1565 2433 1905 2487 assentiatur
1933 2431 2274 2502 cogitationi,

689 2527 970 2597 Deumque
1002 2526 1202 2587 irritet,
1237 2525 1327 2593 qui
1373 2541 1498 2579 eum
1547 2533 1771 2595 propter
1822 2526 1982 2580 istam
2028 2524 2281 2594 largitio-

687 2635 808 2674 nem
839 2620 1135 2672 miseratus
1182 2619 1420 2673 sanitate
1447 2618 1736 2672 donaverit
1775 2635 1788 2672 :
1826 2618 2028 2688 alioqui
2068 2616 2184 2672 fore
2223 2625 2280 2670 ut

682 2713 863 2766 subita
890 2719 1064 2765 morte
1087 2711 1330 2764 nondum
1365 2719 1572 2764 mutato
1604 2710 1748 2764 facto
1781 2719 1986 2779 pereat.
2009 2709 2145 2764 Cum
2169 2724 2280 2764 non

685 2811 1000 2859 moveretur
1032 2803 1142 2869 illc,
1188 2807 1282 2859 scd
1354 2805 1528 2874 magis
1576 2801 2280 2872 magisquelquiritaretur,

685 2898 945 2952 amicus:
994 2895 1249 2963 Quando,
1281 2889 1476 2965 inquit,
1527 2897 1769 2950 salutare
1827 2895 2117 2950 consilium
2172 2910 2281 2949 non

691 2991 962 3056 admittis,
993 2991 1140 3044 aliud
1172 2992 1268 3043 tibi
1297 2991 1612 3058 subjiciam.
1642 2988 1897 3044 Poscenti
1944 2989 2068 3050 hoc,
2115 2989 2280 3058 672

684 3099 814 3138 vere
846 3083 1161 3137 misericors
1183 3083 1273 3136 ille
1316 3101 1328 3135 :
1364 3081 1630 3151 Agedum,
1664 3082 1758 3145 ait,
1795 3082 1846 3135 in
1875 3080 2134 3148 templum
2170 3081 2280 3142 abi,

685 3181 742 3228 et
778 3188 885 3226 non
922 3180 996 3234 te,
1035 3188 1224 3226 verum
1257 3187 1344 3226 me
1377 3173 1535 3225 istam
1575 3172 1628 3224 in
1687 3185 1960 3240 pauperes
1987 3171 2277 3240 elargilum

687 3266 866 3320 fuisse
897 3266 1186 3335 pecuniam
1247 3264 1440 3318 dicito.
1503 3265 1624 3334 Ipse
1675 3264 1771 3318 tibi
1819 3265 2004 3318 statim
2060 3264 2128 3318 30
2158 3264 2280 3319 illas

689 3356 860 3411 libras
884 3356 1128 3410 reddam.
1165 3353 1539 3409 Conscntiens
1583 3353 1772 3408 infelix
1804 3356 1892 3408 ille
1919 3355 1984 3408 ad
2016 3355 2279 3425 templum

690 3448 849 3513 abiit,
911 3461 1158 3516 auraque
1221 3456 1451 3516 accepto
1507 3446 1581 3500 ita
1621 3447 1697 3499 uti
1755 3447 1893 3500 alter
1951 3456 2284 3516 prascepcrat

690 3544 907 3595 locutus
936 3547 1051 3603 est;
1085 3538 1213 3592 inde
1239 3538 1524 3606 egrediens
1553 3537 1617 3591 ad
1647 3539 1822 3606 ipsam
1855 3539 2038 3606 templi
2073 3548 2282 3607 portam

696 3644 950 3687 mortuus
1001 3633 1263 3686 concidit.
1296 3632 1529 3686 Clericis
1591 3632 1657 3687 ad
1714 3634 1790 3685 rei
1827 3632 2127 3686 novitatem
2167 3641 2283 3687 stu-

693 3725 958 3795 pentibus
995 3725 1371 3794 omnibusque
1405 3724 1528 3777 aliis
1562 3724 1656 3794 qui
1693 3732 1807 3778 tum
1847 3724 1987 3779 forte
2029 3725 2284 3789 aderant,

689 3817 1017 3885 jubentibus
1079 3816 1310 3870 alterum
1354 3816 1640 3885 pecuniam
1684 3816 1926 3885 recipere
1969 3830 2145 3879 suam,
2197 3817 2288 3872 ille

694 3922 805 3960 non
838 3907 1261 3976 obtemperavit,
1296 3907 1392 3963 sed
1427 3921 1643 3961 omnem
1670 3907 1811 3962 inter
1840 3920 2044 3975 egenos
2078 3905 2285 3972 divisit,

695 3997 842 4068 quod
900 3998 1111 4053 diceret
1169 3999 1338 4053 Deum
1400 4014 1508 4052 non
1570 3997 1680 4068 pati
1741 4013 1968 4052 sannas.
2008 3997 2290 4054 Promissa

695 4093 842 4147 enim
887 4091 999 4146 Deo
1033 4083 1138 4146 non
1190 4100 1404 4146 tantum
1451 4093 1766 4162 pecuniam,
1793 4090 1889 4146 sed
1921 4090 2088 4145 verba
2123 4094 2288 4146 etiam

699 4185 1150 4253 voluntatemque
1199 4184 1496 4254 obligant;
1560 4193 1614 4237 et.
1646 4182 1917 4254 quidquid
1957 4183 2120 4238 homo
2181 4182 2291 4240 Deo

697 4275 980 4346 pollicitus
1021 4275 1210 4340 fuerit,
1280 4275 1330 4328 id
1390 4284 1653 4343 praestare
1707 4289 1846 4340 opus
1892 4275 2073 4340 habet,
2138 4276 2291 4346 virgo

699 4369 1090 4438 virginitatem,
1124 4367 1415 4420 continens
1469 4366 1889 4432 continentiam,
1927 4369 2020 4436 qui
2075 4368 2128 4421 in
2175 4382 2288 4420 ma-

700 4469 964 4523 trimonio
993 4468 1208 4531 vivunt,
1249 4466 1569 4534 pudicitiam
1623 4477 1990 4535 mutuumque
2048 4481 2291 4522 amorem

2452 1875 2541 1928 Ἐν
2564 1874 2778 1938 τούτοις
2809 1877 2922 1937 τοῖς
2956 1874 3102 1928 ἔτεσι
3135 1873 3398 1938 πλούσιός
3454 1892 3539 1939 τις
3579 1876 3637 1928 ἐν
3686 1875 3974 1928 Κωνσταν-

2378 1969 2684 2023 τινουπὸλει
2750 1971 2989 2040 νοσήσας
3055 1972 3150 2023 xui
3217 1967 3310 2022 τὸν
3395 1968 3629 2022 θάνατον
3691 1966 3974 2031 δειλιάσας

2379 2062 2546 2115 ἔδωκε
2573 2063 2685 2125 τοῖς
2717 2061 2912 2131 πένησι
2969 2061 3197 2131 χρυσίου
3258 2061 3452 2132 λίτρας
3487 2061 3808 2130 τριάκοντα.
3860 2061 3974 2112 Καὶ

2379 2155 2534 2224 παρὰ
2563 2153 2891 2226 προσδοκίαν
2922 2153 3153 2221 ὑγιάνας
3187 2153 3282 2205 xui
3317 2150 3724 2223 μεταμεληθεὶς
3758 2153 3822 2203 ἐκ
3849 2150 3973 2202 δια·

2381 2247 2606 2316 ϐολικῆς
2637 2248 2856 2317 ἀπάτης
2887 2248 3086 2319 θαρρεῖ
3115 2245 3274 2299 τοῦτο
3305 2246 3515 2316 γνησίῳ
3573 2246 3664 2298 xui
3729 2243 3973 2313 πλουσίῳ

2380 2342 2519 2412 φίλῳ
2537 2341 2724 2394 αὑτοῦ.
2743 2339 2803 2394 Ὀ
2819 2341 2871 2393 δὲ
2893 2341 3042 2409 λέγει
3068 2337 3236 2408 αὐτῷ·
3271 2338 3576 2408 Μηδαμῶς,
3611 2331 3656 2390 ὦ
3681 2337 3969 2408 ἄνθρωπε,

2381 2433 2663 2504 παραδέξῃ
2690 2434 2781 2487 τὸν
2811 2433 3046 2504 πονηρὸν
3089 2433 3280 2487 τοῦτον
3339 2431 3622 2502 λογισμὸν,
3663 2432 3756 2484 xui
3795 2430 3977 2499 λυπὴ-

2383 2543 2498 2589 σεις
2539 2525 2674 2579 Θεὸν
2735 2525 2826 2578 τὸν
2869 2526 3175 2596 ἐλεήσαντα
3229 2544 3288 2579 σε
3325 2527 3417 2580 καὶ
3457 2525 3839 2592 ἀναστήσαντα
3888 2521 3979 2575 διὰ

2380 2619 2478 2688 τὴν
2500 2618 2878 2690 ἐλεημοσύνην
2907 2637 3022 2681 σου,
3061 2620 3158 2673 xui
3192 2619 3384 2684 ἐπάξει
3417 2636 3498 2672 σοι
3533 2618 3762 2672 θάνατον
3792 2615 3977 2683 αἱφνέ-

2383 2712 2518 2775 διον,
2561 2713 2658 2764 xui
2686 2711 2932 2783 ἀπέλθῃς
2990 2712 3384 2781 ἀμετανόητος.
3423 2709 3530 2764 Τοῦ
3593 2711 3649 2763 δέ
3691 2709 3764 2778 μὴ
3795 2707 3982 2759 πειθο-

2386 2805 2574 2874 μένου,
2606 2805 2743 2858 ἀλλὰ
2773 2804 2869 2857 xui
2907 2803 3110 2873 μᾶλλον
3148 2803 3675 2865 ἀποδυσπετοῦντος,
3698 2801 3801 2870 ἐςςη
3836 2799 3980 2868 πρὸς

2383 2897 2546 2950 αὐτὸν
2574 2899 2602 2949 ὁ
2635 2896 2790 2965 φίλος
2831 2911 2850 2931 ο
2903 2895 3061 2948 Ἐπεὶ
3091 2894 3553 2964 συμϐουλεύοντος
3595 2911 3694 2964 μου
3730 2891 3803 2944 τὰ
3841 2890 3983 2958 πρὸς

2387 2989 2659 3058 σωτηρίαν
2697 2990 2759 3042 οὐ
2787 2989 3081 3060 καταδέχῂ,
3123 2990 3267 3043 εἴπω
3303 3004 3386 3040 σοι
3418 2987 3614 3058 ἑτέραν
3646 2984 3867 3054 βουλήν.
3913 2983 3973 3035 ’0

2383 3080 2440 3134 δέ
2496 3097 2652 3152 φησι,
2711 3080 2878 3132 Ποὲαν
2939 3081 3182 3148 ταύτην;
3233 3081 3342 3134 Καὶ
3383 3082 3410 3133 δ
3462 3077 3668 3148 ἀληθὴς
3719 3076 3978 3144 ἐλεήμων

2387 3169 2743 3240 ἀπεκρίνατο·
2781 3169 2950 3242 Δεῦρο
2978 3173 3057 3233 είς
3087 3170 3185 3240 τὴν
3212 3170 3535 3240 ἐκκλησίαν,
3565 3169 3659 3222 xui
3686 3167 3807 3220 είπέ
3826 3182 3841 3195 ·
3868 3166 3985 3220 Οὐκ

2335 3266 2352 3288 ⁸
2386 3263 2503 3330 είμὶ
2534 3261 2664 3329 ἐγὼ,
2700 3262 2895 3332 Κύριε,
2941 3265 2968 3316 ὀ
3026 3263 3262 3334 ποιήσας
3293 3264 3390 3332 τὴν
3423 3258 3797 3331 ἐλεημοσύνην
3839 3260 3987 3311 ἐκει-

2386 3373 2503 3425 νην,
2533 3355 2648 3409 ἀλλ’
2681 3349 2836 3419 οὗτός
2861 3357 2998 3420 ἐστι,
3034 3358 3129 3409 xui.
3160 3354 3388 3426 παρέξω
3428 3372 3510 3407 σοι
3541 3353 3639 3417 τὰς
3679 3353 3983 3421 τριάκοντα

2384 3448 2575 3518 λίτρας
2613 3447 2835 3512 εὐθέως.
2891 3448 2950 3502 Ὀ
2981 3448 3037 3501 δὲ
3065 3447 3412 3516 ταλαίπωρος
3447 3448 3652 3508 ἐκεῖνος
3691 3444 3986 3514 ἄνθρωπος

2390 3541 2719 3610 συνθέμενος
2748 3539 2909 3593 τοῦτο
2929 3541 3024 3593 καὶ
3066 3539 3202 3609 πρὸς
3229 3538 3326 3610 τὴν
3355 3537 3658 3607 ἐκκλησίαν
3695 3535 3980 3598 ἀπελθὼν,

2388 3632 2447 3684 τὸ
2485 3632 2708 3702 χρυσίον
2735 3633 2792 3685 ἐν
2823 3633 2980 3704 χερσὶ
3016 3631 3194 3684 λαϐὼν
3236 3629 3334 3683 καὶ
3379 3631 3471 3682 τὸν
3493 3631 3650 3698 λόγον
3688 3629 3884 3692 εἰπὼν,
3925 3631 3986 3680 ἐν

2389 3723 2466 3794 τῷ
2507 3723 2834 3795 ἐξέρχεσθαι
2894 3724 3060 3778 αὑτὸν
3116 3722 3300 3776 πεσὼν
3365 3723 3517 3793 παρὰ
3548 3723 3648 3792 τὴν
3678 3721 3858 3792 πύλην
3882 3722 3985 3790 τῆς

2392 3819 2694 3890 ἐκκλησίας
2723 3819 2988 3872 ἀπέθανε.
3025 3818 3147 3872 Τῶν
3196 3817 3478 3890 κληρικῶν
3499 3818 3555 3870 δὲ
3592 3817 3988 3885 ἐκπλαγέντων

2391 3913 2488 3964 xui.
2513 3910 2734 3965 πάντων
2760 3911 2870 3964 τῶν
2896 3911 3250 3983 εὑρεθέντων,
3284 3911 3688 3982 προετρέποντο
3743 3909 3836 3961 τὸν
3884 3907 3956 3960 κύ

2396 4019 2510 4070 ριον
2542 4002 2650 4055 τῶν
2681 4002 3040 4072 νομισμάτων
3062 3998 3252 4056 λαϐεῖν
3280 4001 3443 4055 αὐτά.
3487 4001 3547 4054 '0
3593 4000 3649 4053 δέ
3679 4001 3780 4052 οὐκ
3835 4000 3991 4050 sne-I-

2396 4093 2522 4164 σθη,
2548 4094 2684 4148 ἀλλὰ
2715 4096 2827 4158 τοῖς
2867 4097 3104 4163 πτωχοῖς
3134 4091 3311 4148 ταῦτα
3361 4093 3635 4161 διένειμεν
3664 4092 3836 4143 εἰπών
3865 4107 3881 4122 ⁸
3926 4091 3991 4144 Ὀ

2393 4186 2527 4249 Θεὸς
2577 4186 2640 4240 οὐ
2718 4185 3140 4257 μυκτηρίζεται.
3224 4185 3288 4238 'H
3329 4185 3441 4255 γὰρ
3498 4184 3637 4256 πρὸς
3705 4185 3795 4236 τὸν
3853 4183 3991 4236 Θεὸν

2396 4278 2698 4346 ἐπαγγελία
2738 4278 2800 4330 οὐ
2831 4280 2992 4347 μόνον
3027 4278 3154 4349 ἄχρι
3194 4278 3495 4348 χρημάτων
3519 4277 3655 4329 ἀλλὰ
3694 4278 3790 4328 xu‘:
3824 4277 3994 4347 μέχρι

2394 4371 2554 4439 λόγου
2586 4370 2776 4438 φθάνει
2808 4372 2900 4423 καὶ
2932 4372 3330 4441 προαιρέσεως.
3383 4372 3625 4439 Ἀνάγκη
3657 4371 3837 4422 τοίνυν
3854 4387 3997 4422 απο-

2397 4463 2596 4515 διδόναι
2626 4463 2835 4524 πάντας
2860 4462 2929 4514 τὰ
2965 4463 3355 4532 ἐπηγγελμένα
3380 4463 3515 4532 πρὸς
3545 4460 3699 4525 Θεὸν,
3729 4461 3828 4530 τὴν
3889 4461 3992 4530 μὲν

697 4569 753 4614 et
776 4560 1064 4621 honorem,
1124 4557 1362 4625 denique
1415 4571 1609 4611 omnes
1650 4557 1810 4612 fidem
1841 4555 1953 4611 Deo
1980 4568 2036 4611 ct
2076 4559 2281 4628 religio-

2399 4554 2670 4626 παρθένον
2736 4555 2836 4626 τὴν
2897 4554 3226 4626 παρθενίαν,
3286 4554 3386 4625 τὴν
3431 4554 3487 4608 δὲ
3564 4553 3811 4622 ἐγκρατῆ
3891 4553 3996 4621 τὴν

701 4666 824 4703 nem
858 4657 911 4702 et
941 4647 1212 4714 justitiam
1257 4655 1312 4700 et
1349 4646 1753 4700 fortitudinem.

2397 4648 2751 4718 ἐγκράτειαν,
2795 4649 2922 4705 τοὺς
2959 4649 3014 4700 ἐν
3047 4647 3209 4717 γάμῳ
3236 4647 3333 4716 τὴν
3401 4647 3756 4717 σωφροσύνην
3775 4651 3868 4696 καὶ
3893 4647 3994 4714 τὴν

701 4739 839 4807 πρὸς
871 4737 1134 4805 ἀλλήλους
1163 4735 1332 4804 τιμὴν
1366 4739 1459 4788 καὶ
1497 4737 1744 4807 ἀγάπην,
1779 4738 1872 4788 καὶ
1910 4736 2061 4800 τέλος
2079 4736 2284 4800 πάντας
2321 4736 2420 4808 τὴν
2461 4739 2538 4801 είς
2569 4738 2700 4791 Θεὸν
2733 4737 2936 4803 πίστιν,
2965 4739 3058 4791 καὶ
3115 4737 3424 4803 εὐλάϐειαν,
3458 4739 3552 4792 καὶ
3611 4737 3992 4806 δικαιοσύνην.

703 4835 794 4886 καὶ
827 4831 1073 4901 ἀνδρίαν.

775 4925 1118 4978 Alexan-trise
1164 4939 1332 4994 porro
1387 4923 1512 4988 talis
1571 4937 1661 4976 res
1710 4922 1932 4977 accidit.
1992 4922 2293 4993 Episcopus

702 5013 932 5082 quidam
958 5012 1249 5065 admodum
1273 5013 1564 5082 religiosus
1585 5012 1824 5067 vicinum
1849 5013 2083 5067 habebat
2105 5030 2295 5081 quem-

707 5105 834 5160 dam
875 5105 1288 5172 philosophum,
1338 5103 1627 5169 Evagrium
1671 5105 1908 5168 nomine,
1952 5103 2155 5159 Gl‘tBCtB
2200 5121 2299 5160 su-

708 5197 1014 5266 perstitioni
1048 5195 1349 5260 addictum,
1383 5197 1472 5264 qui
1507 5195 1559 5248 in
1590 5197 1778 5250 schola
1807 5197 2010 5253 sodalis
2039 5199 2299 5267 cpisc0po

710 5290 909 5341 fuerat.
968 5286 1122 5340 llnnc
1169 5290 1464 5357 episcopus
1537 5303 1565 5339 a
1621 5303 1824 5343 vesano
1875 5287 2133 5343 falsorum
2200 5306 2304 5342 nn-

711 5383 917 5436 minum
950 5381 1099 5432 cultu
1130 5380 1196 5433 ad
1229 5380 1385 5435 fidem
1434 5380 1806 5435 Christianam
1855 5382 2144 5443 traducere
2204 5397 2302 5437 cu-

713 5473 870 5544 piens
893 5472 1189 5535 identidem
1221 5473 1573 5541 provocabat,
1611 5489 1846 5542 cumque
1868 5489 1933 5526 eo
1965 5474 2297 5543 disputabat.

717 5563 825 5619 Sed
873 5563 1235 5631 philosophus
1288 5579 1467 5632 neque
1497 5563 1837 5619 concedebat
1863 5574 1917 5617 ct
1968 5569 2142 5635 magis
2196 5581 2298 5618 ma-

719 5659 911 5726 gisqne
967 5670 1109 5709 vera:
1164 5656 1411 5725 religioni
1463 5655 1712 5712 infensus
1764 5656 2119 5711 reddebatur.
2150 5656 2299 5722 Quo-

722 5745 846 5796 dam
885 5743 972 5797 die
999 5743 1172 5798 fertur
1203 5745 1516 5815 episcopum
1553 5745 1604 5799 in
1639 5745 1751 5799 haec
1793 5746 1958 5800 verba
1988 5747 2296 5802 allocutus;

725 5833 892 5905 673
925 5834 1196 5902 Profecto,
1223 5835 1500 5907 cpiscope,
1549 5846 1747 5907 praeter
1776 5837 1879 5893 alia
1913 5845 1967 5894 et
2017 5837 2118 5895 hoc
2166 5838 2296 5894 mihi

2475 4923 2586 4976 Kui
2622 4924 2678 4976 ἐν
2721 4922 3100 4995 Ἀλεξανδρεία
3121 4923 3176 4975 δέ
3206 4922 3422 4989 ἐγένετό
3451 4938 3503 4974 τι
3524 4921 3790 4974 τοιοῦτον.
3842 4921 3995 4974 Ἐπῖ-

2409 5015 2610 5077 σκοπός
2637 5031 2716 5077 τις
2740 5013 2975 5086 εὐλαϐὴς
3009 5014 3150 5066 πάνυ
3188 5013 3416 5084 πλησίον
3459 5014 3598 5083 ἔχων
3628 5015 3746 5066 τινα
3777 5014 3994 5080 9:51.630-

2409 5125 2508 5176 φον
2536 5106 2804 5175 Εὐάγριον
2837 5107 3196 5177 καλούμενον,
3235 5109 3450 5178 ἐταῖρον
3504 5108 3606 5176 μὲν
3640 5105 3804 5159 αὐτοῦ
3835 5108 3998 5174 γενό-

2410 5215 2570 5267 μενον
2591 5202 2648 5251 ἐν
2678 5202 2793 5262 τοῖς
2834 5200 3260 5268 παιδευτηρὶοις,
3302 5199 3543 5268 Ἕλληνα
3580 5197 3637 5250 δὲ
3699 5198 3797 5264 τὴν
3858 5199 3994 5266 θρη-

2407 5291 2617 5352 σκείαν,
2670 5291 2729 5343 ὃν
2765 5293 2792 5343 ὁ
2853 5291 3151 5354 ἐπίσκοπος
3216 5290 3528 5360 μεταθεῖναι
3566 5291 3888 5360 βουλόμενος
3932 5295 3997 5343 ἐκ

2402 5382 2502 5450 τῆς
2543 5381 2932 5452 εἰδωλομανξας
2958 5383 3092 5452 πρὸς
3119 5383 3216 5452 τὴν
3249 5382 3342 5435 τοῦ
3377 5383 3614 5452 Χριστοῦ
3646 5385 3828 5434 πῖπτεν
3861 5400 3991 5436 συν-

2407 5473 2547 5541 εχῶς
2597 5473 2990 5545 προσεκαλεῖτο
3033 5477 3129 5527 καὶ
3184 5475 3478 5542 δ;ελέγετο.
3506 5475 3612 5528 Τοῦ
3643 5475 3702 5526 δὲ
3745 5477 3820 5544 μὴ
3878 5492 3991 5527 πετ-

2408 5563 2663 5634 οομένου,
2709 5566 2845 5619 ἀλλὰ
2882 5568 2978 5619 καὶ
3009 5567 3256 5638 σφοδρῶς
3288 5569 3755 5638 δυσχεραίνοντος.

2405 5654 2623 5721 λέγεται
2657 5657 2713 5707 έν
2750 5659 2848 5727 μιᾷ
2874 5657 3012 5728 πρὸς
3040 5659 3131 5711 τὸν
3165 5659 3464 5711 ἐπίσκοπον
3497 5674 3512 5688 ·
3561 5661 3792 5719 Ὄντως,
3836 5661 3992 5727 κὺρτε

2408 5748 2806 5818 ἐπίσκοπε,[ῐ⁷.
2851 5749 2980 5821 58η
3018 5752 3106 5802 καί
3139 5750 3296 5803 τοῦτο
3360 5752 3498 5820 μετᾶ
3537 5751 3756 5804 πάντων
3787 5754 3994 5817 inpi-

2409 5857 2527 5893 σκει
2563 5858 2674 5911 μοι,
2705 5841 2732 5894 ὃ
2766 5841 2950 5912 λέγετε
2982 5845 3029 5898 οί
3055 5844 3396 5914 Χριστιανοὶ,
3451 5845 3534 5897 ὃτι
3569 5847 3851 5900 συντέλεια
3901 5845 3992 5898 τοὶ

3814 5586 3838 5620 ε
3853 5572 3994 5620 Ξπεῖν
