4214 6450
217 418 323 481 733

1286 434 1836 505 HISTORIARUM
1879 447 2407 517 COMPENDIUM.

3367 476 3470 538 73ι

222 532 429 600 κόσμου
470 535 703 603 γίνεται,
750 540 846 594 καὶ
897 542 1008 599 τῶν
1043 549 1312 619 σωμάτων
1356 554 1673 623 ἀνάστασις,
1708 563 1794 614 καὶ

1908 565 2274 636 improbatur,
2304 574 2451 641 quod
2488 578 2673 631 mundi
2715 578 2876 634 linem
2910 578 3025 637 fore
3055 599 3149 638 vos
3176 585 3477 643 Christiani

219 624 576 690 άνταπόδοσις
611 629 720 683 τῶν
760 630 1133 705 βεϐιωμένων,
1165 643 1259 695 καὶ
1283 644 1365 699 ὅτι
1389 649 1418 700 ὁ
1448 648 1614 701 ἐλεῶν
1646 668 1794 706 πτω-

218 716 313 781 χον
342 716 461 786 Θεῷ
488 718 725 783 δανείζει
778 727 871 779 καὶ
911 727 1447 790 ἑκατονταπλασίονα
1480 741 1617 806 μετά
1648 742 1795 813 ζωῆς

218 809 443 862 αίωνίου
467 812 827 883 ἀπολήψεται.
857 818 967 872 Καὶ
998 822 1094 874 τοῦ
1125 826 1430 881 ἐπισκόπου
1452 809 1795 888 διαϐεϐαιου-

220 899 403 995 μένου.
419 901 585 968 μηδὲν
608 902 803 972 ψεῦδος
845 908 876 977 ἢ
916 910 1115 984 χλεύην
1150 915 1207 967 ἐν
1233 919 1344 980 τοῖς
1398 919 1508 972 τῶν
1540 924 1797 995 Χριστια-

216 991 323 1043 νῶν
353 986 489 1047 εἶναι
517 995 803 1066 δόγμασιν,
862 1000 1213 1074 ἀνεχώρησεν
1278 1010 1381 1065 Εὺξ
1398 1030 1412 1073 ι
1446 1030 1548 1077 )ιος
1593 1017 1796 1089 πολλὴν

215 1079 358 1150 ἔχων
422 1086 720 1157 συζήτησιν
776 1092 835 1144 ἐν
892 1095 1094 1164 ἐαυτῷ.
1127 1098 1282 1152 Μετά
1319 1101 1376 1153 δέ
1428 1121 1550 1163 τινα
1579 1079 1792 1178 χρόνον,

214 1176 356 1229 Θεοῦ
401 1183 793 1252 συνεργοῦντος
831 1189 898 1257 τῇ
938 1187 1031 1241 τοῦ
1096 1191 1397 1247 ἐπισκόπου
1449 1197 1791 1272 διδασκαλίᾳ,

214 1270 516 1334 πιστεύσας
542 1274 571 1326 ό
595 1273 1201 1353 φιλόσοφοςέϐαπτίσθη
1234 1299 1251 1315 ο
1286 1285 1344 1348 ὃς
1368 1288 1566 1342 αὐτίκα
1616 1270 1796 1362 παρα-

216 1363 364 1431 σχὼν
388 1365 467 1435 τῷ
499 1367 787 1439 ἐπισκόπῳ
848 1374 1074 1441 χρυσίου
1135 1375 1325 1447 λίτρας
1352 1383 1673 1450 τριακοσίας
1705 1381 1794 1457 (ἦν

212 1456 322 1525 γάρ
340 1455 596 1522 πλούσιος
614 1461 838 1531 σφόδρα)
855 1463 1022 1532 λέγει·
1050 1466 1207 1531 Δέξαι
1230 1469 1422 1535 ταῦτα,
1442 1466 1486 1525 ὦ
1503 1455 1791 1540 ἐπίσκοπε,

213 1546 310 1597 καὶ
371 1546 585 1611 διαδοὺς
636 1555 870 1621 πτωχοῖς
935 1556 1163 1626 ποίησόν
1228 1577 1318 1628 μοι
1376 1562 1665 1632 ίδιόχειρον
1711 1568 1793 1621 ὅτι

212 1635 456 1707 λήψομαι
482 1640 621 1693 αὐτὰ
656 1642 807 1713 παρά
841 1643 935 1696 τοῦ
976 1645 1132 1701 Θεοῦ.
1181 1648 1286 1702 Τοῦ
1317 1649 1375 1702 δὲ
1408 1651 1584 1705 ταῦτα
1639 1654 1795 1717 δεξα-

215 1728 382 1795 μένου
415 1730 709 1801 προθύμως
738 1737 832 1788 καὶ
859 1737 919 1788 τὸ
941 1740 1176 1808 γράμμα
1206 1743 1555 1811 ποιήσαντος,
1585 1746 1791 1818 διεδόθη

213 1823 348 1891 παρ’
377 1822 549 1877 αὑτοῦ
582 1829 694 1889 τοῖς
722 1828 921 1899 πένησι
950 1831 1149 1886 πάντα.
1189 1834 1491 1905 Ἐπιζήσας
1520 1837 1613 1892 οὖν
1662 1841 1788 1910 χρό-

210 1929 338 1978 νους
370 1915 522 1977 τινάς
548 1918 577 1969 ὁ
598 1916 888 1986 φιλόσοφος
916 1920 974 1974 ἐν
1020 1921 1273 1994 εὐσεϐείᾳ
1318 1926 1413 1978 καὶ
1447 1927 1545 1997 ἀρε

209 2098 445 2151 ἐνθεῖναι
506 2099 598 2152 τὸν
654 2102 861 2173 χάρτην
911 2104 967 2157 ἐν
1020 2106 1086 2175 τῇ
1148 2106 1293 2176 χειρὶ
1325 2108 1493 2162 αὐτοῦ
1525 2111 1621 2163 καὶ

209 2190 477 2259 ταφῆναι.
520 2193 632 2246 Καὶ
668 2194 861 2249 τούτου
901 2196 1220 2266 γενομένου,
1270 2200 1409 2269 μετά
1437 2201 1627 2271 τρίτην
1656 2204 1795 2273 ἠμέ-

214 2299 316 2350 ραν
352 2284 691 2351 ἐπιφαίνεται
717 2288 836 2340 κατ’
864 2287 997 2357 ὄναρ
1032 2291 1060 2341 ὁ
1098 2288 1383 2359 φιλόσοφος
1408 2292 1487 2362 τῷ
1514 2295 1795 2366 ὲπισκόπῳ

209 2378 387 2445 λέγων
407 2398 420 2410 ·
468 2380 618 2435 Ἐλθὲ
679 2385 755 2446 είς
787 2382 877 2435 τὸν
905 2383 1075 2452 τάφον
1108 2402 1232 2455 μου,
1264 2379 1310 2441 ὧ
1358 2388 1645 2451 ἐπίσκοπε,
1699 2392 1795 2446 καὶ

211 2473 347 2527 λάϐε
376 2474 436 2525 τὸ
469 2473 751 2545 ίϐιόχειρόν
781 2492 875 2529 σου
911 2491 925 2506 °
962 2476 1236 2531 ἀπέλαϐον
1264 2478 1375 2550 γάρ
1403 2481 1462 2533 τὸ
1482 2481 1642 2551 χρέος
1667 2484 1795 2536 ἐκα-

211 2567 625 2630 τονταπλάσιον,
658 2569 752 2623 καὶ
785 2569 974 2623 οὐδένα
1028 2570 1135 2640 ἔχω
1168 2570 1325 2640 λόγον
1354 2575 1491 2644 πρὸς
1518 2575 1601 2640 σέ,
1656 2576 1793 2629 ἀλλὰ

215 2662 351 2731 πρὸς
376 2662 591 2715 τελείαν
627 2662 1009 2736 πληροφορίαν
1067 2683 1161 2719 σου
1206 2668 1508 2740 ίδιοχείρως
1541 2672 1599 2722 ἐν
1643 2673 1793 2743 αὑτῷ

214 2755 641 2826 καθυπέγραψα.
678 2757 784 2810 Τοῦ
834 2758 890 2811 δέ
925 2760 1229 2814 ἐπισκόπου
1279 2762 1425 2832 πρωῒ.
1444 2768 1792 2831 μεταστειλα-

217 2848 383 2915 μένου
410 2848 538 2911 τοὺς
574 2850 723 2912 υἱοὺς
749 2849 843 2902 τοῦ
879 2850 1199 2918 φιλοσόφου,
1233 2853 1327 2906 καὶ
1360 2855 1629 2924 μαθόντος
1661 2861 1790 2928 παρ’

215 2940 395 2992 αὐτῶν
420 2941 495 3003 ὠς
536 2943 810 3008 συνετάἌ
837 2940 987 3011 αὑτῴ
1019 2942 1080 2995 τὸ
1132 2942 1438 3015 ίδιόχειρον,
1491 2948 1790 3018 ἀπέρχεται

217 3030 355 3098 μετὰ
379 3030 488 3083 τῶν
504 3033 784 3103 κληρικῶν
808 3032 908 3103 τῆς
950 3033 1179 3097 πόλεως,
1220 3038 1315 3088 καὶ
1364 3038 1674 3104 ἀνοίξαντες
1700 3042 1791 3095 τὸν

211 3122 382 3191 τάφον
408 3123 721 3194 εὑρίσκουσι
752 3123 842 3176 τὸν
872 3124 1163 3193 φιλόσοφον
1212 3126 1524 3197 καθήμενον
1547 3132 1642 3185 καὶ
1691 3133 1789 3203 τὴν

1900 658 2103 726 dicitis,
2134 678 2365 734 corpora
2401 680 2778 725 resurrectura
2813 674 2878 728 de
2903 676 3133 730 mortuis
3152 686 3205 729 et
3226 693 3327 747 pro
3357 689 3478 733 aeta

1898 753 2008 806 vita
2037 754 2235 822 cuique
2268 760 2573 814 mercedem
2611 762 2878 817 redditqu
2908 765 2995 818 iri.
3024 765 3163 820 Tum
3214 769 3308 836 qui
3346 786 3485 839 pau-

1898 845 2015 913 peri
2055 846 2435 902 misericordia
2471 859 2652 908 motus
2697 853 2983 924 largiatur,
3030 873 3152 910 eum
3199 873 3298 912 sua
3338 861 3477 929 apud

1899 934 2067 989 Deum
2100 940 2153 992 in
2182 939 2368 993 lavore
2405 957 2627 1010 ponere,
2661 954 3123 1017 recepturumque
3162 953 3477 1020 centuplum

1899 1040 2023 1080 cum
2047 1029 2152 1083 vita
2193 1039 2417 1086 aeterna.
2457 1032 2731 1107 Episcoiio
2762 1039 2896 1092 nihil
2934 1040 3194 1095 vanitatis
3221 1056 3311 1095 aut
3334 1044 3477 1097 ludi-

1899 1118 2004 1171 brii
2053 1120 2231 1177 inesse
2264 1125 2591 1180 Christiana:
2623 1130 2884 1184 doctrinae
2930 1146 3283 1203 summepcre
3332 1134 3479 1188 aﬁir-

1898 1219 2103 1275 manle,
2142 1214 2214 1267 ita
2262 1215 2517 1269 discessit
2548 1216 2811 1287 Evagrius
2861 1229 2918 1275 ut
2962 1222 3055 1291 qui
3100 1225 3263 1276 animi
3324 1227 3481 1279 valde

1898 1300 2100 1357 dubius
2122 1314 2287 1359 esset.
2318 1307 2616 1376 Aliquanto
2654 1322 2773 1379 post
2801 1321 3067 1381 tempore,
3102 1313 3210 1367 Deo
3236 1317 3477 1385 episcopi

1897 1393 2205 1450 doctrinam
2235 1399 2550 1467 adiuvante,
2610 1403 2847 1457 credidit
2893 1414 2946 1459 et
2990 1405 3298 1474 baptizatus
3349 1416 3474 1471 est;

1901 1499 2069 1557 utque
2101 1497 2219 1545 erat
2256 1493 2543 1559 prmdives,
2576 1498 2757 1550 attulit
2787 1497 2853 1550 ad
2883 1499 3200 1566 episcopum
3225 1500 3332 1554 300
3358 1502 3477 1553 auri

1900 1577 2089 1642 libras,
2114 1594 2253 1647 quas
2287 1580 2377 1635 ille
2412 1585 2744 1650 pauperibus
2784 1586 3161 1653 distribuerct,
3207 1587 3334 1643 data
3372 1590 3476 1643 sibi

1896 1670 2153 1724 cautione
2181 1687 2342 1725 manu
2394 1674 2615 1743 propria
2654 1678 2858 1746 scripta
2894 1677 3061 1733 Deum
3101 1681 3203 1735 ista
3235 1682 3481 1736 redditu-

1898 1774 2042 1813 rum.
2097 1761 2401 1833 Episcopus
2450 1768 2741 1836 pecuniam
2797 1772 3027 1840 accepit,
3082 1788 3313 1843 eamque
3350 1774 3476 1828 data

1900 1856 2209 1924 syngrapha
2240 1858 2384 1911 inter
2412 1875 2613 1927 egenos
2646 1862 2852 1917 divisit.
2897 1863 3266 1935 Philosophus
3293 1876 3475 1921 autem

1550 1931 1670 2030 τξιῖς
1703 1946 1800 2030 μ-ε-
1828 1920 1874 1980 Β
1902 1920 2119 2015 aliquot
2142 1949 2323 2005 adhuc
2354 1966 2528 2007 annos
2580 1968 2703 2008 cum
2763 1957 2851 2026 pie
2896 1920 3141 2013 vixisset.
3170 1975 3478 2030 magnaque

209 2006 426 2073 γάλαις,
468 2009 809 2081 παρήγγειλε
839 2013 954 2075 τοῖς
1013 2012 1209 2067 ἑαυτοῦ
1261 2015 1474 2079 τέκνοις
1530 2021 1798 2075 τελευτῶν

1902 2042 2168 2096 virtutum
2211 2058 2374 2112 opera
2420 2046 2705 2111 edidisset,
2764 2054 3066 2104 moriturus
3112 2052 3231 2107 suis
3289 2053 3476 2107 liberis

1652 2110 1798 2215 ίξῦτξι)
1900 2135 2159 2204 praecepit
2193 2145 2251 2189 ut
2283 2136 2385 2191 sihi
2427 2140 2476 2191 in
2512 2154 2733 2195 manum
2762 2142 3067 2196 insererent
3108 2146 3475 2215 syngrapham

1905 2224 2063 2277 istam
2117 2232 2285 2293 atque
2332 2227 2410 2281 sic
2467 2230 2787 2297 sepelirent.
2842 2231 2937 2285 His
2989 2232 3059 2285 ita
3102 2231 3262 2289 factis
3314 2238 3476 2289 tertio

1900 2323 2022 2383 post
2074 2317 2164 2371 die
2218 2319 2474 2388 episcopo
2531 2323 2583 2375 in
2628 2325 2837 2378 somnis
2866 2325 3018 2380 visus
3051 2335 3137 2381 est
3187 2327 3473 2397 Evagrius.

1897 2404 1969 2457 ita
1998 2407 2284 2477 alloquens
2315 2428 2328 2463 :
2362 2412 2575 2466 Accede
2629 2413 2696 2467 ad
2758 2415 3069 2483 sepulcrum
3118 2432 3320 2483 meum,
3356 2419 3472 2486 epi-

1898 2512 2080 2566 scope.
2108 2507 2161 2554 et
2192 2502 2376 2569 recipe
2422 2507 2790 2575 syngrapham
2830 2517 3001 2560 tuam.
3070 2506 3362 2563 Redditum
3393 2518 3476 2565 est

1895 2591 2039 2644 enim
2096 2592 2227 2645 mihi
2276 2594 2442 2647 debiti
2496 2597 2846 2665 centuplum,
2876 2614 3057 2667 neque
3108 2599 3284 2654 habeo
3328 2603 3474 2669 quod

1895 2698 1923 2735 a
1974 2693 2025 2736 te
2072 2685 2308 2754 exigam.
2347 2685 2449 2741 Sed
2482 2696 2538 2741 et
2584 2704 2693 2757 quo
2733 2690 2947 2758 plenius
3002 2691 3101 2746 tibi
3165 2702 3471 2752 caveretur.

1894 2792 2057 2831 manu
2097 2794 2215 2833 mea
2248 2779 2575 2849 subscripsi.
2607 2780 2858 2835 Diluculo
2901 2782 3194 2853 episcopus
3234 2786 3477 2853 philoso-

1893 2870 1984 2939 phi
2025 2869 2166 2925 ﬁlios
2202 2870 2267 2924 ad
2304 2886 2363 2926 se
2392 2873 2624 2937 vocavit,
2667 2889 2903 2942 cumque
2942 2890 3007 2928 ex
3055 2875 3121 2930 iis
3154 2876 3473 2930 rescivisset

1893 2962 2321 3031 chirographum
2366 2979 2490 3017 cum
2536 2965 2769 3034 Evagrio
2817 2965 2990 3021 fuisse
3022 2967 3321 3034 sepultum,
3346 2982 3472 3021 eum

1891 3053 2039 3108 clero
2061 3054 2210 3108 urbis
2237 3054 2303 3107 ad
2328 3054 2495 3126 674
2517 3059 2829 3125 sepulcrum
2856 3058 3112 3113 accessit.
3138 3058 3258 3124 Quo
3283 3069 3472 3130 aperto

1894 3146 2217 3200 invenerunt
2238 3148 2620 3216 philosophum
2656 3151 2959 3213 sedentem,
2992 3166 3324 3220 manumque
3347 3166 3471 3205 cum

214 3218 373 3286 χεῖρα
424 3217 564 3286 μετὰ
616 3217 711 3270 τοῦ
760 3218 1091 3287 γράμματος
1152 3221 1530 3289 προτείνοντα.
1566 3224 1685 3278 Τῶν
1730 3227 1787 3279 δὲ

1894 3238 2083 3291 charta
2138 3240 2573 3306 protendentem.
2636 3240 2811 3305 Quam
2860 3257 2984 3297 cum
3041 3244 3241 3298 vellent
3289 3244 3467 3299 clerici

216 3310 492 3378 κληρικῶν
546 3310 904 3379 πειρωμένων
971 3310 1157 3364 λαϐεῖν
1204 3314 1298 3367 τὸν
1352 3314 1564 3386 χάρτην
1611 3317 1786 3371 οὐδενὶ

1894 3330 2150 3394 eximere,
2181 3332 2382 3385 nemini
2408 3348 2595 3385 eormn
2624 3335 2899 3389 concessit
2927 3354 2940 3389 :
2979 3337 3239 3405 episcopo
3290 3345 3467 3391 autem

211 3404 399 3455 τοῦτον
425 3401 614 3455 ἔδωκε.
639 3402 747 3455 Τοῦ
780 3404 837 3456 δὲ
862 3402 1162 3458 ἐπισκόπου
1197 3404 1297 3474 τὴν
1318 3409 1476 3476 χεῖρα
1495 3408 1785 3462 ἀπλὼσιν-

210 3508 302 3555 τος
332 3494 679 3564 παραχρῆμα
701 3495 791 3547 τὸν
819 3493 1031 3566 χάρτην
1076 3495 1296 3559 ἐπιδοὺς
1320 3500 1551 3552 ἀνέπεσε
1582 3501 1744 3554 πάλιν
1767 3519 1781 3533 ·

211 3586 377 3654 δνπερ
412 3585 631 3653 ἀνοίξας
658 3586 752 3640 ἐπὶ
783 3588 1024 3655 πάντων,
1056 3582 1183 3657 εὗρε
1206 3592 1405 3645 νεωστὶ
1430 3592 1786 3661 ὑπογεγραμ-

212 3678 371 3745 μένον
401 3680 467 3745 τῇ
495 3680 640 3747 χειρὶ
671 3677 765 3731 τοῦ
789 3679 1079 3748 φιλοσόφου
1100 3681 1273 3746 οὕτως
1291 3697 1308 3711 ⁶
1355 3683 1497 3751 Ἐγὼ
1514 3685 1783 3755 Εὑάγριος

209 3768 499 3837 φιλόσοφός
557 3784 638 3821 σοι
690 3769 770 3839 τῷ
813 3771 1095 3841 ὁσιωτάτῳ
1134 3773 1423 3843 ἐπισκόπῳ
1454 3776 1630 3846 κυρίῳ
1684 3795 1784 3844 μου

212 3861 448 3926 Συνεσὶῳ
472 3860 705 3930 χαίρειν.
744 3860 908 3924 Ἰσθι,
939 3861 1143 3933 Πάτερ,
1175 3863 1251 3927 ὡς
1276 3863 1469 3917 ἔλαϐον
1522 3868 1583 3919 τὸ
1629 3869 1787 3938 χρέος

205 3951 723 4017 έκατονταπλάσιον,
785 3953 879 4005 καὶ
918 3954 1111 4007 οὐδένα
1156 3955 1295 4025 πρὸς
1356 3958 1415 4009 σὲ
1470 3958 1627 4026 λόγον
1680 3961 1787 4031 ἔχω

210 4061 269 4096 πε
280 4045 337 4114 ρὶ
368 4043 580 4096 τούτου.
619 4044 843 4097 Πάντων
867 4040 959 4098 οῦν
983 4046 1093 4098 τῶν
1120 4047 1475 4102 ἀκουσάντων
1502 4052 1786 4105 καταπλα-

207 4138 412 4202 γέντων
451 4135 676 4205 σφόδρα,
708 4135 805 4189 καὶ
858 4138 950 4190 ἐπὶ
987 4138 1122 4191 πολὺ
1166 4139 1478 4208 κραζόντων
1502 4143 1577 4209 τὸ,
1615 4144 1785 4215 Κύριε

206 4228 429 4297 ἐλέησον
458 4228 593 4299 (45),
616 4229 907 4284 ἐκέλευσεν
935 4232 963 4283 ό
990 4231 1285 4295 ἐπίσκοπος
1314 4233 1375 4286 τὸ
1422 4235 1516 4287 τοῦ
1572 4238 1785 4305 φιλοσό-

207 4337 307 4388 φου
336 4320 623 4389 ιδιόχειρον
648 4321 934 4391 τηρεῖσθαι
971 4323 1028 4373 ἐν
1058 4321 1136 4391 τῷ
1170 4327 1605 4397 σκευοφυλακίῳ.

278 4410 369 4479 Τῷ
402 4407 481 4473 κζ’
513 4409 645 4474 ἔτει,
684 4412 813 4479 μηνὶ
839 4412 1137 4482 Αὐγούστῳ
1178 4412 1259 4477 ιε’,
1316 4416 1508 4482 γέγονε
1567 4419 1788 4487 σεισμὸς

210 4508 405 4574 μέγας,
443 4506 519 4569 ὼς
545 4510 732 4559 πεσεῖν
759 4506 990 4569 πολλοὺς
1020 4507 1203 4569 οἴκους
1239 4507 1333 4561 καὶ
1358 4509 1656 4574 ἐκκλησίας
1691 4510 1787 4561 καὶ

1888 3438 2112 3476 manum
2139 3424 2449 3491 explicante
2468 3440 2588 3478 eam
2631 3426 2816 3479 statim
2848 3426 3081 3491 dimisit,
3105 3443 3168 3481 ac
3194 3429 3465 3482 recubuit.

1890 3512 2166 3585 EpicOpus
2231 3516 2421 3571 charta
2476 3519 2531 3571 in
2589 3530 2889 3588 conspectu
2954 3522 3201 3574 omnium
3261 3532 3466 3591 aperta.

1891 3607 2102 3662 invenit
2131 3624 2325 3665 recens
2373 3625 2537 3665 manu
2587 3611 2896 3681 philosophi
2928 3613 3300 3683 subscriptum
3338 3615 3410 3668 ita
3450 3633 3464 3669 :

1892 3699 2160 3767 Evagrius
2228 3702 2593 3771 philosophus
2643 3703 2994 3758 sanctissimo
3052 3704 3307 3773 episcopo
3366 3706 3469 3759 do—

1890 3792 2043 3845 mino
2096 3806 2217 3847 meo
2269 3792 2501 3863 Syuesio
2564 3794 2820 3849 salutem.
2888 3794 3065 3859 Scias,
3125 3793 3315 3861 Pater,
3384 3811 3469 3852 me

1889 3882 2205 3950 centuplum
2251 3883 2418 3937 debiti
2464 3886 2765 3954 recepisse,
2815 3901 2992 3949 neque
3024 3901 3090 3939 eo
3120 3890 3337 3942 nomine
3369 3889 3469 3941 ha-

1890 3974 2018 4028 bere
2060 3974 2204 4043 quod
2240 3975 2337 4028 abs
2366 3983 2417 4028 to
2443 3975 2669 4043 exigam.
2714 3976 2826 4031 Hoc
2855 3978 3066 4037 audito,
3102 3994 3225 4033 cum
3276 3995 3466 4035 omnes

1888 4066 2237 4120 vehementer
2296 4067 2511 4120 attoniti
2566 4069 2881 4136 aliquandiu
2912 4070 3187 4124 vociferati
3220 4080 3405 4125 essent
3446 4090 3463 4127 :

1889 4159 2171 4223 Miserere,
2236 4160 2483 4223 Domine.
2543 4163 2708 4231 jussit
2772 4165 3087 4235 episCOpus,
3154 4166 3463 4236 philosophi

1890 4266 2055 4306 manu
2082 4252 2343 4322 scriptam
2381 4254 2639 4309 schedam
2672 4255 2726 4310 in
2759 4257 2998 4311 armario
3032 4259 3322 4313 asservari.

1959 4428 2118 4482 Anno
2181 4432 2445 4485 vicesimo
2492 4432 2767 4500 septimo,
2827 4434 3031 4489 mensis
3090 4435 3321 4505 Augusti
3376 4437 3463 4491 die

1890 4519 2102 4575 decimo
2129 4524 2342 4591 quinto,
2381 4541 2610 4594 magnus
2645 4526 2746 4579 fuit
2777 4534 2937 4580 terra:
2966 4536 3167 4588 motus,
3200 4529 3291 4596 qui
3323 4530 3463 4582 mul-

204 4598 400 4669 λοετρά
434 4598 529 4650 καὶ
548 4600 615 4651 τὰ
642 4598 799 4668 τείχη
844 4597 1080 4669 μάλιστα
1121 4598 1219 4666 τῆς
1250 4599 1475 4667 Χρυσῆς
1528 4598 1734 4668 πόρτης
1767 4616 1780 4629 ·

1894 4620 1975 4666 tas
2008 4614 2223 4679 domos,
2259 4617 2425 4669 multa
2468 4619 2669 4687 templa
2699 4629 2751 4672 et
2791 4620 2982 4673 balnea
3015 4620 3231 4688 dejerit,
3266 4629 3319 4674 et
3347 4636 3464 4673 ma-

204 4693 297 4744 καὶ
346 4691 531 4743 πολλοὶ
569 4691 864 4743 ἀπέθανον.
926 4684 1093 4753 Οὗτος
1133 4690 1161 4742 ὁ
1189 4691 1410 4758 σεισμὸς
1442 4692 1782 4759 παγκόσμιος

203 4783 451 4848 γέγονεν,
484 4783 625 4835 ὥστε
660 4783 842 4835 πᾶσαν
870 4780 969 4851 τὴν
1002 4781 1330 4851 οἰκουμένην
1350 4782 1534 4849 σχεδον
1559 4784 1780 4851 πτωθῆ-

204 4892 312 4939 ναι,
346 4874 443 4926 καὶ
472 4873 871 4943 τὴνθάλασσαν
917 4875 1284 4945 άναρῤιχᾶναι
1320 4874 1471 4942 μίλια
1511 4874 1623 4934 δύο,
1691 4876 1782 4927 καὶ

204 4968 374 5021 πολλὰ
405 4968 565 5020 πλοῖα
612 4968 910 5021 ἀπολέσθαι
961 4966 1047 5039 [Ρ.
1083 4968 1210 5022 5831
1266 4969 1324 5020 ἐν
1355 4970 1418 5037 τῇ
1467 4967 1560 5019 τοῦ
1594 4968 1782 5032 ὓδατος

203 5059 567 5128 ἀναχαιτίσει.
594 5058 701 5110 Καὶ
719 5061 775 5110 ἐν
801 5059 897 5127 μὲν
928 5060 992 5126 τῇ
1019 5057 1270 5127 Ἀραϐίᾳ,
1300 5058 1395 5111 καὶ
1425 5058 1779 5129 Παλαιστίνῃ,

203 5152 297 5203 καὶ
341 5149 761 5218 Μεσοποταμίᾳ,
831 5148 925 5201 καὶ
985 5149 1284 5218 Ἀντιοχείᾳ
1351 5148 1781 5221 κατεπτώθησαν

204 5242 385 5303 πόλεις
429 5239 625 5292 πολλαὶ
672 5240 762 5292 καὶ
818 5240 1026 5308 κῶμαι,
1082 5239 1177 5292 καὶ⁸
1227 5239 1641 5310 συνελήφθησαν
1688 5242 1782 5292 άν-

206 5330 440 5400 θρὼττων
472 5329 653 5400 πλήθη
684 5330 777 5383 καὶ
826 5330 1066 5398 ἀλόγων,
1113 5331 1371 5384 πέπτωκε
1426 5331 1481 5382 δὲ
1535 5332 1630 5384 καὶ
1686 5332 1783 5400 τῆς

208 5422 573 5493 Νικομηδείας
609 5424 773 5491 μέρος
792 5421 951 5485 πολὺ,
985 5423 1083 5475 καὶ
1114 5423 1491 5491 ἐπεκράτησεν
1513 5424 1540 5474 ό
1563 5423 1785 5492 σεισμὸς

211 5516 422 5586 ἡμέρας
447 5513 520 5585 μ’.
542 5515 756 5569 Γίνεται
790 5516 897 5585 δὲὴ
935 5516 1124 5585 μνήμη
1166 5514 1258 5567 τοῦ
1321 5515 1545 5584 σεισμοῦ
1589 5518 1777 5568 τούτου

210 5606 328 5658 κατ’
352 5606 471 5667 ἔτος
504 5608 563 5658 ἐν
592 5606 668 5675 τῷ
706 5608 924 5678 Κάμπῳ
948 5607 1319 5670 λιτανεύοντος
1343 5607 1435 5659 τοῦ
1462 5607 1611 5661 λαοῦ.

1887 4704 2031 4757 xime
2072 4721 2259 4759 muros
2293 4707 2357 4761 ad
2403 4708 2635 4762 Auream
2676 4718 2911 4778 portam,
2961 4712 3274 4780 multosque
3318 4728 3465 4766 mor-

1886 4796 2021 4849 tales
2066 4799 2323 4865 perdidit.
2377 4798 2479 4851 Per
2510 4807 2682 4852 totum
2712 4801 2977 4855 mundum
3014 4802 3117 4856 ista
3172 4805 3463 4859 concussio

1892 4889 2086 4940 damna
2126 4890 2293 4953 dedit,
2319 4902 2369 4943 et
2404 4906 2552 4945 mare
2574 4892 2639 4945 ad
2675 4891 2783 4946 duo
2814 4894 3067 4949 milliaria
3091 4903 3255 4949 aestus
3278 4910 3460 4949 resor-

1891 4979 2019 5048 psit,
2064 4979 2227 5045 inque
2281 4995 2345 5034 eo
2402 4983 2584 5035 multa).
2636 4990 2761 5037 sunt
2828 4999 2993 5038 naves
3045 4983 3356 5039 contractae.
3402 4985 3464 5039 In

1890 5070 2111 5135 Arabia,
2159 5070 2469 5139 Palaestina,
2524 5073 3024 5143 Mesopotamiaque
3072 5083 3126 5129 et
3168 5076 3460 5130 Antiochia

1892 5163 2055 5216 urbes
2109 5164 2292 5217 multa:
2351 5164 2582 5232 pagique
2640 5173 2771 5218 sunt
2825 5166 3109 5234 prostrati,
3154 5167 3462 5235 obrutaque

1892 5248 2174 5303 hominum
2232 5260 2285 5306 et
2344 5255 2630 5305 brutorum
2690 5254 3002 5307 multitudo.
3039 5254 3260 5307 Corruit
3292 5257 3463 5309 etiamu

1886 5337 2218 5396 Nicomedia:
2248 5358 2439 5410 magna
2477 5358 2624 5411 pars.
2689 5342 2934 5398 Obtinuit
2990 5355 3170 5400 motus
3213 5345 3314 5399 iste
3343 5344 3464 5400 dies

1887 5433 2273 5501 quadraginta.
2307 5432 2617 5498 Quotannis
2662 5436 2781 5503 ejus
2822 5438 3085 5491 memoria
3132 5436 3465 5501 celebratur,

1888 5526 2087 5593 papulo
2117 5526 2170 5578 in
2206 5524 2412 5597 Campo
2457 5528 2820 5597 supplicante.

1356 5722 1706 5778 XYLANDRI
1747 5724 1836 5780 ET
1877 5725 2081 5783 GOAlil
2110 5728 2337 5785 NOTAE).

279 5815 387 5883 (55)
414 5812 529 5895 Vox
562 5829 587 5867 a
619 5811 821 5895 ﬁrmis
853 5830 958 5870 non
996 5814 1132 5870 adeo
1172 5814 1559 5873 misericordiae
1594 5820 1941 5889 exquirendze
2004 5838 2166 5893 quam
2205 5822 2410 5879 insoliti
2462 5835 2625 5878 casus
2682 5821 2991 5877 admirandi
3071 5822 3243 5892 gratia
3291 5823 3464 5895 vulgo

212 5887 580 5956 pronuntiata.
621 5885 795 5941 Goau.
