4214 6450
233 439 335 497 73"

232 639 299 706 δὴ
355 636 639 707 Αντιοχείᾳ
665 636 825 689 πάλιν
850 636 1041 703 γέγονε
1081 634 1308 704 σεισμὸς
1345 636 1540 705 μέγας.
1580 636 1736 689 Μετὰ
1760 637 1818 689 δὲ

233 744 428 799 χρονον
465 729 586 781 τινὰ
616 728 840 795 γέγονεν
890 727 1138 796 ἀστέρων
1190 727 1392 797 δρόμος
1441 730 1534 798 ἀφ’
1580 728 1818 797 ἑσπέρας

232 822 340 886 ἕως
380 819 546 890 πρωῒ,
583 818 725 872 ὥστε
759 819 967 881 πάντας
999 818 1543 889 ὑπερεκπλήττεσθαι
1577 820 1675 873 καὶ
1723 818 1817 870 λέ,

245 935 354 987 (tu
388 919 469 969 ὅτι
494 916 788 967 πίπτουσιν
817 916 864 967 οί
890 913 1139 984 ἀστέρες.
1170 913 1432 981 Γεγόνασι
1466 913 1523 966 δὲ
1554 912 1821 982 κοσμικαὶ

234 1009 605 1079 δημοκρατὲαι
641 1010 754 1075 (47)
795 1007 890 1061 κει)¹
918 1007 1071 1075 φόνοι
1098 1006 1284 1059 πολλοὶ
1320 1008 1415 1061 κε)
1456 1006 1699 1074 πόλεμοι,
1726 1005 1822 1057 καὶ

236 1101 409 1164 νόσοι,
448 1101 543 1151 καὶ
570 1099 789 1152 θάνατοι
818 1100 930 1161 τοῖς
962 1095 1266 1168 ἀνθρώποις
1289 1098 1391 1150 οὐκ
1417 1096 1694 1149 ἐπέλιπον.
1736 1095 1823 1149 Ἐν

236 1194 293 1246 δὲ
338 1192 642 1261 Ἀντιοχείᾳ.
675 1190 815 1260 μετὰ
841 1192 902 1243 τὸ
940 1189 1195 1258 γενέσθαι
1235 1190 1326 1243 τὸν
1362 1189 1587 1258 σεισμὸν
1630 1188 1822 1255 γέγονε

239 1286 489 1356 βρυγμὸς
519 1288 582 1338 ὲκ
612 1285 705 1337 τοῦ
736 1283 967 1351 ούρανοῦ
996 1282 1391 1355 φοϐερώτατος,
1423 1284 1519 1336 καὶ
1551 1282 1734 1336 πολλοὶ
1757 1283 1825 1335 ἐκ

240 1378 340 1431 τοῦ
368 1379 537 1446 φόϐου
578 1377 872 1431 ἀπέθανον.

311 1469 404 1540 Τῷ
429 1469 483 1522 δὲ
521 1468 598 1539 ιβ’
634 1469 743 1522 ἔτει
792 1469 891 1539 τῆς
940 1467 1219 1537 βασιλείας
1260 1466 1638 1521 ἰουστινιανοῦ
1675 1466 1827 1536 φιλο-

243 1562 583 1631 καλουμένου
611 1560 718 1612 τῶν
747 1559 975 1632 τρούλου
1016 1560 1129 1630 (48)
1163 1560 1264 1629 τῆς
1295 1558 1553 1627 Μεγάλης
1598 1556 1828 1629 Ἐκκλη-

244 1654 368 1715 σίας
398 1648 489 1722 (ἦν
540 1651 649 1722 γὰρ
696 1651 1094 1721 διερῤηγμένος
1146 1652 1211 1704 ὲκ
1259 1650 1367 1703 τῶν
1424 1649 1827 1719 ἐπιγενομένων

244 1744 670 1815 ἀλλεπαλλήλων
696 1744 984 1813 σεισμῶν),
1026 1743 1189 1797 ἔπεσε
1210 1743 1272 1797 τὸ
1315 1742 1632 1796 ἀνατολικὸν
1665 1742 1828 1812 μέρος

241 1837 343 1907 τῆς
368 1838 779 1908 προῦποστολῆς
808 1838 902 1890 τοῦ
936 1839 1093 1906 ἁγίου
1127 1837 1541 1908 θυσιαστηρίου,
1575 1839 1671 1890 καὶ
1702 1853 1828 1888 συν-

1270 431 1817 495 HISTORIARUM
1856 432 2393 497 COMPENDIUM.

234 553 415 599 πᾶσαν
444 544 544 615 τὴν
576 542 729 597 πόλιν
759 542 856 596 καὶ
882 542 952 595 τὰ
987 543 1174 615 πόρρω
1212 541 1433 612 ταύτης.
1462 541 1527 613 (Ρ
1558 542 1685 615 386]
1725 544 1814 597 Ἐν
1841 552 1889 609 Α

3389 437 3499 500 733

1917 554 2151 616 stragem
2193 548 2246 600 in
2300 545 2435 599 urbe
2488 554 2543 601 et
2598 547 2827 605 remotis
2885 546 3051 603 etiam
3111 547 3250 605 locis
3304 547 3498 607 edidit.

1919 635 2215 689 Antiochia
2263 651 2485 691 rursum
2534 645 2694 691 terra:
2729 646 2878 693 motu
2931 645 3017 695 est
3067 653 3359 695 concussa.
3387 638 3493 694 Ali»

1920 733 2128 795 quanto
2160 735 2279 792 post
2308 725 2593 780 stellarum
2636 726 2922 782 discursus
2954 726 3060 784 fuit
3086 743 3116 782 a
3147 744 3373 800 vespera
3409 746 3499 785 us-

1920 831 2026 885 que
2059 816 2125 869 ad
2151 830 2429 883 auroram,
2458 819 2530 871 ita
2571 826 2631 873 ut
2680 835 2875 875 omnes
2929 823 3206 890 perterriti
3258 822 3505 878 dicereut

1923 908 2112 962 stellas
2143 908 2421 965 decidere.
2456 909 2698 965 Fuerunt
2732 914 2898 968 etiam
2933 915 3137 983 passim
3197 916 3250 968 in
3298 914 3506 970 mundo

1924 1001 2107 1069 populi
2139 1000 2457 1065 seditiones,
2485 1003 2681 1069 caedes,
2706 1005 2867 1071 bella,
2908 1005 3194 1075 morbique
3223 1015 3278 1060 et
3300 1016 3505 1062 mortes

1926 1091 2176 1148 homines
2238 1108 2352 1147 non
2407 1095 2678 1148 faciebant
2733 1098 2955 1151 missos.
3011 1096 3314 1152 Antiochiae
3374 1106 3501 1168 post

1926 1190 2087 1239 terra:
2126 1192 2334 1240 motum
2360 1185 2565 1240 stridor
2588 1186 2713 1241 εωιι
2754 1187 3062 1243 horrendus
3091 1205 3256 1257 supra
3287 1189 3507 1245 modum

1926 1276 2156 1343 exstitit,
2190 1276 2349 1346 cujus
2388 1286 2539 1333 metu
2570 1278 2727 1333 multi
2768 1279 3024 1335 exstincti
3063 1291 3215 1336 sunt.

1994 1455 2154 1508 Anno
2181 1455 2457 1510 tricesimo
2486 1458 2728 1513 secundo
2758 1459 2922 1514 trulla
2952 1460 3129 1529 magni
3158 1460 3341 1529 templi
3375 1473 3510 1516 c0n-

1928 1545 2231 1601 tiuentibus
2266 1555 2422 1602 terrae
2456 1549 2696 1603 motibus
2719 1562 2973 1620 perrupta
2993 1551 3269 1615 concidit,
3299 1559 3354 1607 et
3385 1567 3510 1621 pars

1930 1640 2216 1694 orientalis
2259 1640 2495 1695 fornicis
2524 1654 2731 1696 sanctae
2761 1658 2888 1707 arm,
2941 1646 3312 1713 contrivitque
3356 1647 3510 1699 cibo-

1928 1738 2070 1790 rium
2100 1746 2154 1791 et
2194 1750 2411 1791 sacram
2454 1750 2698 1791 mensam
2739 1747 2794 1789 et
2830 1746 3171 1805 suggestum.
3209 1740 3266 1793 ld
3316 1740 3509 1793 videns

1932 1828 2228 1899 imperator
2270 1829 2375 1882 alia
2434 1830 2728 1897 pinnacula
2782 1831 2981 1898 erexit,
3021 1830 3228 1901 quibus
3286 1816 3510 1886 trullam

244 1896 436 2003 ἔτριψὲ
488 1931 549 1984 τὸ
590 1896 849 2002 κιϐώριον
893 1896 1004 1999 (49)
1054 1932 1148 1984 uati.
1198 1933 1299 2003 τὴν
1350 1896 1826 2002 ἁγίανίτράπεζαν

1932 1896 2230 1990 exciperet.
2291 1896 2480 1989 Itaque
2536 1922 2843 1976 instaurata
2896 1896 3278 1995 est,-riginti
3346 1925 3511 1995 pedes

244 2024 341 2074 καὶ
383 2023 475 2076 τὸν
526 2022 776 2093 ἄμϐωνα.
826 2023 1058 2077 Συνιδὼν
1101 2023 1194 2077 οὖν
1236 2026 1267 2077 ὀ
1319 2023 1573 2092 βασιλεὺς
1607 2024 1828 2093 ἤγειρεν

249 2112 444 2176 ἄλλους
476 2115 700 2177 πινσοὺς
728 2115 824 2168 καὶ
856 2115 1073 2179 ἐδέξατο
1112 2115 1202 2167 τὸν
1231 2114 1480 2183 τροῦλον,
1525 2115 1621 2168 καὶ
1659 2113 1829 2175 οὕτως

246 2206 472 2276 ἐκτίσθη
502 2207 737 2276 ὑψωθεὶς
773 2208 934 2262 πλέον
976 2206 1153 2262 εἴκοσι
1205 2207 1382 2261 ποδῶν
1426 2208 1506 2271 είς
1556 2207 1691 2276 ὕψος
1732 2204 1828 2259 τοῦ

248 2297 471 2368 πρώτου
503 2299 823 2369 κτίσματος.
868 2298 1123 2368 Ἐποίησε
1163 2297 1231 2351 ’δὲ
1281 2298 1373 2352 καὶ
1414 2298 1542 2359 τοὺς
1594 2294 1700 2361 ἔξω
1734 2295 1828 2349 τοῦ

248 2388 381 2443 ναοῦ
437 2389 550 2461 (50)
579 2389 865 2444 κατέναντι
894 2391 1003 2444 τῶν
1044 2389 1152 2443 ἔσω
1178 2389 1386 2442 πινσῶν
1415 2388 1525 2460 (51)
1552 2388 1830 2457 τέσσαρας

250 2480 472 2551 κοχλίας
512 2481 652 2553 (52),
684 2483 778 2548 οὓς
802 2482 910 2536 ἀπὸ
932 2482 1036 2552 γῆς
1060 2480 1334 2550 φυτεύσας
1361 2480 1523 2551 μέχρι
1551 2478 1646 2532 τοῦ
1674 2478 1831 2549 τρού-

248 2570 343 2625 λου
398 2571 745 2640 ἀνεϐίδασεν,
778 2573 1012 2642 Ερεισμα
1058 2569 1282 2635 τούτους
1320 2570 1430 2624 τῶν
1477 2569 1681 2637 ἀψίδων
1717 2568 1826 2638 (53)

251 2660 759 2731 κατεργασάμενος.
793 2662 927 2714 Τότε
980 2662 1123 2715 ποιεί
1154 2662 1247 2714 καὶ
1282 2660 1382 2731 τὴν
1418 2660 1580 2727 ἁγίαν
1624 2659 1832 2729 τράπε-

252 2753 374 2819 ζαν,
395 2754 555 2824 ἔργον
577 2755 885 2824 ἀμίμητον·
911 2752 1019 2806 ἀπό
1048 2770 1106 2806 τε
1135 2752 1244 2822 γὰρ
1274 2751 1500 2823 χρυσοῦ,
1528 2752 1624 2805 καὶ
1653 2752 1821 2824 ἀργύ-

253 2847 483 2915 postumi.
510 2845 659 2898 λίθου
675 2848 954 2910 παντοίου,
983 2844 1079 2898 κα).
1097 2843 1279 2909 ξύλου,
1311 2846 1406 2898 καὶ
1427 2842 1711 2914 μετάλλου,
1739 2846 1835 2897 καὶ

253 2937 430 2999 εἴδους
460 2937 643 3002 ἀλλον,
676 2938 778 2991 ὅσα
807 2937 954 3007 τετῆ
994 2938 1151 3009 φέρει
1180 2939 1274 2991 καὶ
1297 2936 1562 3000 θάλασσα,
1595 2937 1691 2990 καὶ
1723 2940 1832 2999 πᾶς

253 3030 283 3081 ὁ
311 3031 538 3100 κόσμος,
572 3033 637 3084 ὲκ
664 3031 884 3084 πάντων
923 3030 1155 3094 συνάξας
1182 3028 1252 3082 τὰ
1284 3029 1383 3098 μὲν
1417 3030 1703 3098 κρείττονα
1741 3030 1834 3081 καὶ

254 3120 556 3191 τιμιώτερα
587 3123 831 3184 πλείονα,
905 3122 973 3175 τὰ
1026 3122 1081 3175 δὲ
1133 3120 1339 3174 ἐλάττω
1384 3120 1715 3192 ἐνδεέστερα,
1766 3120 1836 3174 τὰ

1930 2015 2090 2068 altior
2114 2015 2278 2086 677
2308 2029 2473 2084 quam
2498 2013 2682 2069 fuerat
2712 2027 2861 2070 ante.
2897 2017 3095 2070 Eduxit
3125 2018 3289 2071 etiam
3322 2032 3352 2069 a
3391 2018 3512 2072 solo

1933 2122 2107 2177 usque
2152 2109 2220 2161 ad
2273 2109 2493 2161 trullam
2536 2116 2776 2176 quatuor
2822 2107 3079 2164 cochleas
3138 2109 3193 2161 in
3238 2109 3513 2163 exteriore

1932 2199 2116 2268 templi
2150 2207 2323 2267 parte,
2360 2213 2391 2253 e
2435 2202 2655 2267 regione
2684 2200 3030 2254 internarum
3069 2200 3509 2269 piunaculorum,

1930 2307 2054 2361 qua:
2103 2291 2339 2346 cochlea:
2387 2290 2648 2345 l‘ulcireut
2700 2292 2992 2347 fornicem.
3025 2292 3254 2348 Sacram
3288 2307 3512 2363 quoque

1933 2399 2174 2438 mensam
2197 2393 2305 2438 tum
2328 2384 2477 2451 fecit,
2505 2400 2644 2453 opus
2668 2384 2967 2440 imitatione
2987 2386 3137 2441 nulla
3157 2386 3512 2456 aequandum.

1932 2475 2227 2531 Constabat
2284 2491 2440 2539 auro,
2503 2487 2749 2549 argento,
2810 2479 2992 2535 omnis
3040 2481 3256 2549 generis
3314 2481 3513 2551 lapidi-

1933 2567 2061 2631 bus,
2106 2568 2286 2637 lignis,
2320 2568 2581 2633 metallis,
2627 2571 2993 2637 omnibusque
3019 2572 3179 2627 rebus
3201 2588 3339 2643 quas
3369 2583 3515 2628 terra

1935 2657 2041 2712 fert
2093 2668 2148 2713 et
2186 2674 2336 2714 mare
2381 2667 2436 2714 et
2481 2668 2629 2715 totus
2663 2662 2922 2719 mundus.
2958 2664 3037 2719 Ex
3076 2666 3227 2720 omni
3283 2668 3514 2723 materia

1936 2750 2262 2819 pretiosiora
2326 2750 2483 2818 plura
2516 2792 2531 2817 ,
2594 2752 2789 2808 viliora
2858 2754 3120 2823 pauciora
3178 2756 3514 2825 collegerat;

1935 2842 2270 2912 liquatisque
2298 2843 2368 2896 iis
2409 2858 2531 2911 quae
2570 2841 2771 2908 fluunt,
2828 2845 2976 2899 sicca
3026 2847 3135 2901 illis
3180 2848 3509 2911 immiserat,

1941 2944 2108 3004 atque
2138 2937 2210 2987 ita
2243 2933 2472 2988 formam
2498 2949 2702 2990 mensae
2728 2935 3054 2990 absolverat.
3084 2936 3275 3006 Itaque
3303 2939 3518 2992 varium
3608 2944 3613 2949 '

1938 3024 2073 3080 illud
2112 3038 2253 3094 opus
2312 3025 2707 3080 contuentibus
2766 3034 3048 3095 stuporem
3097 3028 3400 3095 injiciebat.
3454 3029 3516 3081 In

1936 3121 2123 3175 orbem
2185 3118 2323 3172 hanc
2372 3117 2563 3171 habuit
2621 3119 3036 3189 inscriptionem
3070 3137 3082 3171 :
3117 3119 3233 3174 Tua
3278 3121 3347 3175 de
3404 3121 3514 3175 tuis

252 3210 431 3278 τηκτὰ
462 3211 630 3280 τήξας
657 3212 726 3265 τὰ
756 3210 899 3281 ξηρὰ
928 3211 1182 3273 ὲπέὗαλε,
1216 3211 1311 3265 καὶ
1338 3210 1512 3275 οὕτως
1547 3213 1625 3275 είς
1663 3212 1833 3264 τύπον

1939 3212 2035 3266 tibi
2083 3208 2367 3265 oﬁ‘eritttus
2420 3210 2565 3263 servi
2624 3211 2725 3275 tu’i,
2778 3211 3016 3275 Christe,
3073 3210 3421 3269 Justiuiauus
3465 3221 3521 3268 et

253 3300 484 3371 ἐπιχέας
510 3302 900 3372 ἀνεπλήρωσεν
933 3303 1125 3372 αὐτὴν,
1162 3303 1284 3356 ὅθεν
1331 3304 1424 3356 καὶ
1455 3304 1676 3372 ποικίλη
1708 3321 1836 3371 φαι-

254 3394 457 3460 νομένη
483 3392 694 3463 θάμϐος
728 3394 959 3465 παρέχει
990 3397 1103 3456 τοῖς
1151 3396 1230 3457 είς
1276 3395 1446 3466 αὐτὴν
1479 3397 1837 3460 ἁτενίζουσιν,

256 3482 568 3553 ἔπιγράψας
613 3485 863 3555 γύρωθεν
893 3486 1085 3538 ταῦτα·
1111 3486 1191 3537 Τὰ
1238 3485 1308 3538 σὰ
1361 3487 1427 3539 ἐκ
1475 3486 1584 3539 τῶν
1615 3487 1723 3539 σῶν
1757 3504 1838 3539 σοι

258 3575 645 3648 προσφέρομεν
691 3579 743 3631 oi.
795 3576 971 3631 δοῦλοί
1025 3593 1141 3643 σου,
1192 3576 1415 3647 Χριστὲ,
1460 3577 1832 3642 Ἰουστινιανὸς

1935 3304 2219 3359 Theodma
2250 3319 2264 3355 :
2295 3318 2359 3356 ea
2388 3312 2442 3357 tu
2477 3304 2745 3372 propitius
2771 3305 2980 3373 accipe,
3000 3304 3099 3358 Fili
3137 3306 3225 3360 Dei
3259 3304 3517 3371 Verbum,

1938 3393 2033 3464 qui
2061 3393 2235 3448 nostri
2263 3406 2432 3447 causa
2463 3406 2684 3445 carnem
2719 3392 3069 3458 assutnpsisti
3102 3401 3155 3447 et
3202 3394 3355 3447 cruci
3402 3392 3517 3446 alli-

1946 3502 2048 3541 xus
2078 3485 2230 3540 fuisti
2259 3500 2277 3549 ;
2308 3500 2369 3538 ac
2419 3500 2520 3538 nos
2552 3485 2603 3537 in
2650 3494 2795 3538 recta
2848 3484 2923 3537 tui
2967 3483 3072 3538 fide
3112 3498 3415 3546 conserva;
3462 3493 3517 3536 et

1940 3593 2102 3647 quam
2177 3578 2335 3631 nobis
2404 3576 2730 3630 commisisti
2810 3576 3227 3646 rempublicam,
3280 3590 3399 3629 eam
3448 3574 3515 3629 ad

1407 3780 1760 3838 XYLANDRI
1800 3782 1890 3840 ET
1927 3780 2137 3839 GOARI
2168 3780 2398 3837 ΝΟΤἉΕ.

332 3921 446 3992 (47)
476 3919 619 3976 Puto
647 3936 773 3992 eum
807 3936 1025 3992 vocare,
1067 3936 1190 3977 cum
1228 3921 1462 3991 populus
1493 3931 1694 3992 contra
1723 3938 1839 3976 ma-

256 3990 546 4063 gistratum
568 3991 823 4063 insurgit.
854 3991 1065 4063 Notum
1090 4002 1174 4063 est
1206 3990 1406 4063 dictum
1456 3990 1573 4059 ejus
1617 3993 1709 4060 qui
1742 3992 1838 4046 de-

264 4054 582 4117 inocratiam
616 4054 862 4114 suadenti
893 4062 1192 4129 reSpondit.
1225 4061 1371 4114 domi
1410 4054 1521 4114 sufe
1560 4054 1683 4115 cuin
1739 4063 1834 4115 de.-

258 4132 391 4185 bere
430 4145 547 4200 eam
580 4130 891 4192 instituere,
946 4134 991 4200 si
1014 4146 1132 4184 eant
1161 4130 1389 4183 formant
1439 4146 1566 4184 vere
1613 4132 1830 4200 probet.

257 4200 472 4256 Xrt..-—
510 4198 754 4254 Portium
815 4213 871 4254 et
928 4199 1237 4268 factionum,
1281 4201 1347 4253 de
1391 4198 1831 4269 quibns’supra,

261 4286 385 4327 sese
422 4280 611 4325 mutuo
643 4273 1041 4325 incursantium
1070 4279 1123 4325 ct
1152 4270 1603 4324 tumultuantium
1640 4272 1830 4325 cwdes.

260 4341 437 4396 Cosa.

335 4411 449 4479 (48)
481 4407 665 4469 Forte.
694 4424 819 4479 cum
844 4407 1188 4479 Jttstinianus
1220 4409 1273 4462 in
1309 4424 1375 4465 eo
1417 4417 1562 4465 esset
1593 4420 1652 4464 ut
1703 4412 1839 4465 trul-

257 4480 371 4535 lnm
414 4482 683 4534 reticeret.
708 4478 916 4532 th..—
946 4478 1198 4549 Absoluta
1233 4479 1350 4547 jam
1389 4489 1543 4549 atque
1592 4482 1837 4547 picturis,

258 4551 534 4604 striaturis
573 4558 623 4602 et
668 4565 820 4614 opere
845 4548 1087 4602 tesselato
1109 4549 1331 4617 perfecte
1356 4548 1608 4603 exornato
1641 4552 1823 4616 trulla,

256 4598 1615 4692 3.1.;'aiiigraes'auati:mea;{parasiti
1641 4598 1823 4692 ’έὲίιὶἷὶ
1858 4598 1902 4652 ι)

259 4688 414 4747 naut.
445 4688 615 4743 Gesn.

332 4760 445 4832 (49)
476 4759 957 4832 Trullusguatuor
986 4756 1258 4813 columnis
1306 4759 1373 4813 ad
1403 4760 1592 4832 altaris
1618 4761 1844 4832 angulos

258 4826 383 4885 sitis
421 4827 625 4895 fultus,
682 4826 927 4895 illudque
973 4835 1267 4900 tegens_et
1307 4831 1553 4885 ambiens
1580 4872 1595 4895 ,
1649 4826 1843 4900 quales

259 4894 851 4970 plerumque'veteres
885 4894 1130 4970 ecclesiae
1173 4894 1431 4970 Romana:
1486 4894 1680 4955 adhuc
1723 4917 1843 4955 ser-

264 4965 413 5034 i—aut,
447 4965 709 5041 κιϐώριον
759 4975 864 5041 es}.
896 4965 1203 5041 germanus
1231 4965 1282 5020 in
1316 4966 1675 5041 Mystagogia,
1734 4969 1839 5025 Co-

258 5040 428 5092 dinus
452 5038 519 5107 de
546 5035 750 5107 templo
796 5035 855 5092 S.
898 5037 1136 5105 Sophim,
1194 5047 1249 5107 et
1283 5035 1383 5091 nos
1438 5035 1515 5092 ex
1554 5035 1636 5094 eis
1683 5042 1838 5107 plura

260 5058 428 5092 IIIIIIIS
452 5058 519 5092 ue
546 5058 750 5107 lelllplo
796 5058 855 5092 δ.
899 5058 1136 5105 copulae,
1194 5058 1249 5090 ΕΙ.
1283 5058 1382 5091 nos
1438 5058 1503 5092 CX
1554 5058 1636 5094 CIS
1722 5058 1831 5094 1111⁸3

260 5109 406 5164 circa
437 5105 749 5161 Graecarum
777 5107 1138 5161 ecclesiarum
1181 5106 1629 5176 descriptionem.
1656 5058 1831 5164 Gpom.

334 5176 448 5250 (5‘0)
489 5176 717 5247 Reliqua
754 5176 918 5250 etiam
957 5177 1175 5250 reliqui,
1200 5192 1268 5231 ne
1291 5178 1424 5250 mihi
1450 5189 1502 5232 et
1530 5180 1656 5232 aliis
1686 5184 1838 5236 nullo

262 5246 656 5317 fru'ctuessetu
711 5247 992 5317 molestus.
1057 5246 1301 5317 ιιίνσους
1339 5248 1635 5317 piunacula
1681 5252 1837 5305 verti.

263 5319 417 5384 Apud
448 5316 674 5388 Suidam
706 5324 811 5388 est,
844 5316 1005 5377 πισὸς
1035 5317 1129 5369 καὶ
1159 5316 1369 5388 πινσὸς,
1402 5318 1569 5380 πεσδς
1593 5319 1649 5371 δὲ
1686 5322 1837 5388 παρὰ

264 5387 686 5459 ΠροκοπίῳαΕι
744 5386 955 5439 Zunara
1012 5401 1145 5441 sane
1174 5387 1365 5459 liquet,
1416 5403 1540 5443 cum
1580 5386 1834 5459 magnum

265 5458 526 5526 templum
552 5458 622 5511 ab
669 5458 995 5528 imperatore
1028 5467 1172 5528 esset
1212 5458 1323 5527 jatu
1354 5459 1664 5512 absolutum
1705 5461 1832 5528 (huc

266 5527 484 5597 respicit
547 5542 652 5582 vox
699 5525 1223 5596 φιλοκαλουμένοσῇξ
1259 5541 1446 5581 casum
1512 5530 1656 5583 hunc
1708 5525 1834 5584 eve-

265 5596 430 5651 nisSe.
456 5596 591 5651 XrL.

334 5668 448 5736 (51)
498 5670 544 5720 Α
586 5666 717 5736 pisis
765 5677 819 5721 et
871 5666 1238 5734 leguminibus
1301 5667 1531 5723 ridicule
1600 5668 1833 5724 lectores

266 5751 416 5791 arcet
443 5737 732 5802 Meursius,
768 5739 858 5790 ubi
895 5752 991 5806 pro
1020 5752 1153 5791 voce
1208 5738 1396 5799 πινσός
1425 5741 1635 5805 pinsum
1670 5749 1723 5791 et
1751 5742 1831 5807 pi-

270 5823 380 5859 sum
432 5808 665 5877 reponit.
727 5807 936 5861 lnsulse
982 5822 1198 5875 quoque
1250 5810 1537 5877 pinnacula
1595 5810 1831 5863 reddidit

272 5877 558 5940 Xrlander.
593 5892 714 5947 quae
741 5879 1113 5933 sustentacula
1149 5889 1297 5943 sunt,
1339 5878 1458 5944 pila:
1488 5880 1742 5935 nimirum
1775 5888 1828 5933 et

1946 3923 2095 3978 stcta:
2163 3923 2381 3991 quadra:
2438 3922 2755 3989 grandiores
2812 3929 3257 3977 concameralum
3310 3931 3513 3979 tectum

1946 3994 2342 4047 suliulcientes.
2401 3994 2564 4046 (las-ui
2637 4009 2741 4045 non
2791 3994 3025 4047 absimili
3069 3994 3415 4061 impediendo
3458 3996 3512 4048 iu

1947 4063 2004 4117 S.
2036 4063 2197 4116 dumo
2236 4063 2558 4120 Lauretana.
2597 4078 2757 4131 quant
2794 4064 3095 4131 reparando
3124 4064 3197 4115 illi
3233 4065 3325 4130 qui
3361 4065 3515 4132 Cpoli

1939 4134 2156 4200 obtigit,
2186 4149 2370 4187 curant
2405 4133 2699 4186 adhibitam
2716 4133 2977 4185 describit
3015 4132 3336 4188 Turseltnus
3374 4136 3517 4187 Lau-

1936 4212 2135 4256 retana!
2164 4204 2405 4257 IllSlOfliB
2448 4205 2481 4255 Ι.
2517 4220 2592 4257 ιιι,
2620 4220 2668 4256 ι·.
2708 4203 2736 4255 7
2774 4217 2786 4253 :
2822 4202 3074 4256 Basilica:
3105 4206 3312 4256 testudo
3349 4205 3513 4273 (trul-

1937 4273 2042 4335 Ius)
2074 4273 2249 4325 stubat
2284 4284 2397 4325 octo
2440 4272 2695 4325 latericiis
2726 4274 2911 4325 innixa
2952 4275 3102 4339 pilis.
3138 4273 3385 4328 Attamen
3412 4277 3518 4329 sive

1937 4353 2415 4409 superstructornm
2455 4346 2713 4408 parietum
2768 4344 3075 4405 altitudine,
3098 4345 3380 4398 sivenimio
3413 4347 3518 4397 int-

1938 4415 2095 4480 positi
2126 4414 2327 4479 plumbi
2350 4413 2574 4479 pondere
2604 4418 2939 4480 degravante,
2992 4420 3327 4467 succumbere
3373 4414 3519 4467 oneri

1940 4492 1989 4536 et
2020 4484 2181 4535 rimas
2215 4500 2365 4551 agere
2423 4493 2627 4550 repente
2658 4487 2832 4551 cwpit,
2866 4500 2994 4537 novo
3035 4484 3181 4536 cella:
3211 4496 3520 4538 ornamento

1930 4552 2171 4621 cellwque
2192 4553 2593 4605 cuiimminebat
2618 4554 2810 4624 [tenam
2836 4556 3047 4606 ruinam
3070 4554 3322 4608 minitans
3340 4560 3521 4624 (sacra

1948 4624 2081 4676 cella
2114 4632 2216 4675 sub
2278 4624 2446 4687 tholo,
2486 4624 2574 4677 tibi
2610 4622 2715 4676 (ΣΡ.
2766 4624 3227 4693 ciboriumeique
3262 4622 3518 4693 supposi—

1952 4700 2064 4763 tum
2090 4694 2261 4745 altare
2294 4705 2538 4747 erectum
2571 4703 2711 4750 erat.
2750 4693 2924 4763 locata
2963 4692 3087 4763 est).
3123 4694 3261 4748 lline
3299 4692 3521 4762 quibus.

1949 4762 2073 4815 dam
2098 4763 2401 4832 interjectis
2436 4779 2448 4813 :
2490 4763 2762 4829 confestim
2812 4762 2877 4815 de
2928 4765 3195 4817 communi
3261 4768 3519 4818 sententia

1950 4832 2262 4904 (Saugallus
2312 4834 2643 4904 architectus
2686 4848 2810 4887 cum
2875 4833 3132 4902 Nerucio)
3178 4834 3315 4896 pilas
3372 4845 3519 4887 tanta

1948 4903 2092 4955 atteri
2140 4905 2363 4972 impares
2419 4903 2698 4955 intentiore
2752 4920 2882 4955 cura
2920 4905 3128 4956 munire
3179 4919 3243 4957 ac
3304 4905 3522 4972 ﬁrmare

1947 4974 2270 5042 aggreditur.
2312 4970 2484 5040 Igitur
2516 4974 2706 5024 validis
2734 4974 2969 5026 trabibus
3002 4970 3315 5026 testudinem
3351 4977 3521 5041 proti-

1946 5057 2043 5095 nus
2099 5044 2274 5110 fulcit,
2306 5052 2351 5095 et
2390 5047 2588 5095 circum
2639 5044 2847 5111 effossis
2896 5054 3110 5095 strenue
3160 5042 3520 5112 fundamentis

1942 5112 2081 5179 pilas
2134 5113 2352 5185 impigre
2388 5114 2637 5165 convestit
2698 5112 3208 5185 quadratorlapide,
3239 5115 3519 5185 firmatque

1942 5191 2171 5249 quatuor
2235 5184 2370 5235 inter
2412 5185 2642 5235 alternas
2668 5184 2805 5250 pilas
2839 5184 3067 5235 arcubus
3101 5185 3391 5237 mitioribus
3423 5184 3523 5236 ex.-

1940 5254 2177 5318 structis,
2212 5256 2299 5321 qui
2349 5254 2749 5320 superimposito
2786 5255 2931 5307 oneri
2989 5255 3158 5319 forent
3203 5254 3357 5306 satis.
3398 5251 3523 5308 Uno

1943 5325 2111 5393 verbo
2146 5333 2338 5375 auctor
2387 5332 2574 5375 noster
2630 5323 2855 5393 ἡγειρεν
2882 5323 3077 5386 ἄλλους
3134 5325 3364 5385 πινσοὺς
3424 5326 3522 5377 καὶ

1941 5390 2159 5455 ἐδέξατο
2197 5394 2287 5444 τὸν
2320 5393 2562 5459 τροῦὶον.
2599 5390 2771 5447 Cum.

2019 5462 2133 5531 (59.)
2163 5463 2375 5517 Gradus
2411 5466 2631 5516 rotundi
2666 5481 2760 5533 per
2787 5478 2977 5532 gyrum
3011 5463 3064 5515 in
3094 5464 3262 5516 altum
3291 5462 3521 5518 tenden-

1938 5542 2042 5595 tes,
2073 5548 2301 5600 quorum
2329 5534 2563 5586 exterior
2594 5546 2866 5587 Slt‘uclllt':t
2902 5537 3036 5603 pilas
3061 5535 3347 5589 interiores
3366 5550 3519 5589 com-

1937 5604 2214 5656 muniebat
2237 5612 2289 5656 et
2323 5605 2543 5655 trullutu
2576 5605 2963 5663 subl‘uleiebnt.
2999 5603 3165 5659 Cum.

2008 5673 2119 5744 (55)
2157 5671 2404 5737 Quatuor
2444 5676 2700 5726 nimirum
2736 5691 2960 5728 arcuum
2996 5683 3237 5741 quatuor
3264 5674 3402 5744 pilas
3438 5674 3517 5727 si-

1936 5743 2050 5795 mul
2099 5746 2539 5796 connecteutium
2611 5757 2664 5795 et
2740 5755 3120 5797 ιόιιιτμιιιυιαιυ
3197 5743 3344 5798 thelo
3401 5746 3519 5799 sive

1935 5813 2121 5883 trullo,
2159 5813 2224 5866 ad
2249 5829 2373 5868 eum
2410 5815 2793 5883 excipiendum
2821 5855 2834 5878 ,
2874 5816 3299 5883 sllpliOSllOI‘um.
3339 5813 3517 5871 Goss.
