4214 6450
703 345 808 407 739

2004 330 2329 393 GEORGII
2355 329 2691 391 CEDRENI

3859 329 3970 389 740

703 471 852 514 tuam
887 455 1118 528 gloriam
1166 467 1303 523 auge
1348 464 1411 506 ac
1451 457 1625 515 tuere,
1671 445 2042 503 intercedente
2089 453 2279 501 sancta
2306 445 2359 507 Α

2386 446 2480 498 κα).
2509 444 2783 516 Θεοδώρα,
2835 441 2871 496 ἃ
2921 441 3164 512 εὐμενῶς
3217 440 3529 510 πρόσδεξαι,
3560 441 3659 497 Υίέ
3695 442 3792 497 καὶ
3823 446 3969 514 Λὸγε

703 553 933 622 Deipara
965 547 1184 617 Virgine
1206 544 1396 599 Maria.

2385 537 2482 591 τοῦ
2513 537 2672 602 Θεοῦ,
2703 537 2732 588 ὁ
2759 535 3065 610 σαρκωθεὶς
3101 535 3246 604 ὑπὲρ
3272 537 3455 607 ἡμῶν,
3497 537 3593 590 καὶ
3629 537 3971 611 παιὸρωθεῖς

702 645 842 714 ὑπὲρ
895 643 1071 713 ἡμῶν,
1121 638 1210 692 καὶ
1241 639 1391 708 ἡμᾶς
1433 638 1490 690 ἐν
1527 637 1594 706 τῇ
1643 633 1922 706 -όρθοόόξῳ
1955 633 2136 686 πίστει
2177 649 2271 686 σου
2309 630 2656 704 διατήρησον,
2688 634 2784 686 κα).
2817 635 2914 702 τὴν
2953 631 3227 686 πολιτείαν
3266 633 3334 704 ἢν
3399 635 3536 703 ἡμῖν
3605 633 3965 697 ἐπίστευσας,

702 737 781 798 είς
818 738 916 805 τὴν
962 735 1098 787 ίδῐαν
1147 749 1241 785 σου
1288 730 1444 795 δόξαν
1471 729 1708 800 αὔξησον
1777 728 1868 782 καὶ
1909 726 2144 798 φύλαξον
2207 725 2531 794 πρεσϐείαις
2578 726 2680 796 τῆς
2728 726 2890 794 ἁγίας
2933 725 3196 779 Θεοτόκου
3247 727 3342 781 καὶ
3376 727 3769 800 Ἀειπαρθένου
3843 729 3972 785 Μα-

744 843 849 887 ιας.
2112 881 2115 883 .

744 847 849 887 ιεις.
2112 881 2115 883 .

703 847 734 898 ρ
774 916 978 971 Eodem
1034 930 1177 968 anno
1218 912 1424 977 Hunni,
1485 912 1667 983 quiet
1723 911 1930 967 Slavini
1993 913 2277 978 dicuntur,

702 1009 988 1063 Thraciam
1043 1008 1464 1071 infestaverunt,
1504 1007 1816 1076 multosque
1875 1006 2123 1076 captivos
2170 1006 2272 1061 ab-

703 1107 999 1166 duxerunt,
1031 1103 1232 1156 multos
1262 1102 1610 1165 occiderunt,
1637 1109 1796 1170 capto
1827 1101 1991 1156 etiam
2017 1100 2279 1171 praefecto

702 1196 823 1265 ejus
877 1195 1192 1264 provinciae.
1252 1192 1502 1262 Cumque
1558 1199 1740 1259 partes
1811 1191 2075 1260 quasdam
2133 1189 2278 1245 muri

706 1286 1054 1340 Anastasiaui
1103 1294 1263 1337 terra:
1296 1283 1538 1336 motibus
1567 1290 1870 1350 prostratas
1919 1280 2280 1345 invenissent,

709 1380 944 1448 ingressi
983 1385 1132 1438 sunt,
1168 1385 1221 1429 et
1264 1376 1316 1426 in
1361 1380 1682 1442 potestatem
1714 1387 1870 1426 suam
1906 1371 2091 1425 omnia
2126 1370 2284 1426 rede-

706 1481 898 1542 gerunt
927 1484 1102 1536 usque
1131 1468 1193 1518 ad
1233 1465 1488 1533 Dripcam
1533 1472 1587 1517 et
1618 1460 1898 1534 Nymphas
1932 1473 1988 1518 et
2013 1463 2159 1518 Chiti
2190 1478 2285 1532 pa-

709 1577 854 1632 gum.
896 1561 1064 1630 678
1097 1557 1172 1611 Eo
1203 1558 1450 1627 cognito,
1491 1555 1788 1623 imperator
1816 1555 2018 1609 multos
2060 1555 2126 1608 de
2151 1553 2285 1608 civi-

707 1657 809 1707 bus
838 1653 904 1706 ad
938 1651 1182 1721 Longum
1218 1664 1431 1702 murum
1461 1649 1628 1700 misit.
1659 1645 1734 1700 lbi
1759 1646 2050 1700 commissa
2101 1658 2282 1715 pugna

2457 909 2551 980 Τῷ
2582 908 2628 962 δ’
2667 907 2816 978 αὐτῷ
2845 908 2957 962 ἐτει
3001 907 3382 980 ἐπανέστησαν
3431 910 3482 963 οί
3531 903 3718 964 Οὗννοι
3749 911 3862 983 (54)
3915 906 3970 964 οἱ

2385 1002 2482 1057 καὶ
2533 1001 2817 1055 Σθλαϐῖνοι
2865 1005 2933 1072 τῇ
2985 1001 3200 1074 Θρᾴκῃ.
3249 1003 3344 1056 καὶ
3400 1003 3832 1074 ᾐχμαλώτευσαν
3872 1008 3970 1058 καὶ

2385 1095 2684 1165 ἐφόνευσαν
2712 1093 2960 1161 πολλοὺς,
2989 1094 3300 1164 ἐκράτησαν
3322 1093 3380 1148 δέ
3407 1096 3504 1148 καὶ
3534 1095 3627 1149 τὸν
3655 1097 3969 1168 στρατηλά-

2384 1204 2486 1254 την
2525 1186 2619 1240 καὶ
2651 1187 2744 1239 τὸν
2790 1185 3114 1256 στρατηγόν.
3149 1186 3415 1256 Εὐρόντες
3451 1186 3510 1240 δέ
3549 1189 3642 1240 καὶ
3675 1189 3770 1241 τοῦ
3808 1189 3971 1242 Ἀνα-

2388 1276 2687 1332 στασιακοῦ
2722 1278 2935 1346 τείχους
2967 1278 3080 1346 (55)
3126 1279 3323 1341 τόπους
3357 1278 3718 1339 πεπτωκότας
3763 1281 3827 1332 ἐκ
3858 1281 3972 1332 τῶν

2389 1366 2633 1435 σεισμῶν
2668 1366 2918 1436 εἰσῆλθον
2951 1368 3043 1419 καὶ
3073 1367 3505 1437 ᾐχμαλώτευσαν
3553 1370 3658 1431 ἕως
3703 1371 3970 1439 Δριπείας

2386 1457 2484 1510 καὶ
2514 1457 2762 1526 Νυμφῶν
2784 1457 2878 1510 καὶ
2908 1455 3074 1509 Χίτου
3105 1457 3320 1526 κώμης.
3349 1457 3523 1511 Τοῦτο
3549 1459 3710 1526 γνοὺς
3748 1462 3776 1512 ὁ
3806 1459 3969 1529 βασι-

2385 1550 2512 1614 λεὺς
2539 1550 2872 1619 ἐδημότευσε
2921 1549 3167 1613 πολλοὺς,
3203 1550 3300 1603 καὶ
3335 1550 3583 1621 ἐπεμψεν
3617 1552 3694 1612 είς
3740 1551 3802 1604 τὸ
3857 1570 3967 1620 μα-

2390 1641 2520 1714 κρὸν
2550 1644 2748 1713 τεῖχος.
2779 1642 2888 1695 Καὶ
2910 1641 3350 1711 συγκρούσαντες
3380 1642 3507 1694 πόλε
3517 1659 3616 1712 μον
3640 1642 3828 1694 πολλοὶ
3854 1643 3966 1694 τῶν

707 1743 867 1798 multi
929 1741 1297 1795 Romanorum
1355 1737 1696 1793 ceciderunt.
1754 1736 2078 1793 Belisarium
2151 1745 2356 1808 ergoB

2395 1735 2681 1806 Ῥωμαίων
2715 1734 3010 1789 ἀπέθανον.
3055 1734 3375 1787 Ἀπέστειλε
3401 1735 3458 1788 δὲ
3485 1735 3513 1787 ὁ
3557 1734 3808 1804 βασιλεὺς
3841 1736 3964 1788 κατ’

706 1835 1050 1889 Justinianus
1082 1841 1271 1888 contra
1321 1831 1552 1885 Hunnos
1586 1830 1770 1884 mittit.
1805 1829 1858 1884 Is
1887 1831 2046 1900 equis
2077 1830 2279 1884 civium

710 1925 967 1994 Sillllplis,
997 1930 1206 1974 armata
1240 1919 1593 1974 multitudine
1611 1919 1763 1973 venit
1783 1918 1848 1972 ad
1876 1917 2022 1973 Chiti
2050 1932 2278 1988 pagum;

711 2014 969 2083 fossaque
1009 2021 1156 2076 acta,
1219 2020 1490 2082 quotquot
1546 2011 1912 2064 Barbarorum
1965 2012 2131 2079 cepit,
2186 2023 2282 2064 eos

711 2108 949 2162 necavit.
982 2104 1153 2160 Jussit
1183 2104 1348 2158 etiam
1383 2103 1612 2157 arbores
1642 2102 1775 2157 cmdi
1809 2108 1864 2157 et
1913 2112 2037 2172 post
2064 2100 2281 2155 exerci-

711 2205 826 2251 tum
861 2212 1020 2251 suum
1048 2210 1142 2250 eas
1177 2194 1318 2249 trahi
1347 2210 1360 2246 :
1385 2195 1460 2248 ita
1491 2203 1688 2248 ventus
1718 2206 1973 2262 magnum
2005 2192 2283 2262 pulverem

711 2291 1006 2344 excitatum
1043 2302 1207 2358 supra
1242 2286 1469 2342 Hunnos
1499 2285 1698 2347 evexit,
1735 2285 1830 2355 qui
1859 2291 2114 2354 putantes
2165 2299 2286 2338 ma-

714 2397 848 2452 gnos
887 2381 1081 2436 adesse
1102 2381 1417 2444 exercitus,
1456 2393 1630 2448 usque
1665 2377 2054 2447 Arcadiopolin
2099 2375 2288 2448 profu-

713 2484 930 2543 gerunt.
961 2471 1126 2528 Jubet
1185 2487 1316 2543 ergo
1347 2473 1646 2542 imperator
1677 2484 1844 2524 naves
1894 2469 2161 2540 bipuppes
2195 2483 2288 2538 pa-

713 2565 847 2630 rari,
884 2567 1060 2636 iisque
1110 2566 1162 2619 iu
1189 2563 1441 2619 Danubio
1472 2573 1663 2618 contra
1698 2561 1928 2618 Hunuos
1977 2562 2080 2616 uti.
2129 2560 2286 2626 Quod

715 2655 805 2710 ubi
832 2657 1177 2711 resciverunt
1215 2655 1444 2710 Barbari
1472 2695 1487 2720 ,
1521 2655 1706 2710 missis
1749 2653 1940 2725 legatis
1974 2653 2290 2723 petiverunt

717 2757 778 2802 ut
833 2749 937 2803 sibi
998 2757 1117 2802 tuto
1146 2749 1355 2803 reditus
1387 2762 1482 2815 per
1517 2747 1569 2801 id
1618 2745 1819 2800 ﬂumen
1870 2742 2286 2799 concederetur.

719 2841 866 2896 Misit
894 2857 1026 2912 ergo
1054 2841 1349 2912 imperator
1373 2831 1651 2894 Iustinum
1677 2838 2075 2910 curopalatam,
2099 2852 2291 2894 sorore

716 2950 814 2990 sua
843 2942 1051 2998 natum,
1077 2933 1170 3003 qui
1201 2948 1299 2989 eos
1327 2932 1662 2988 traduceret.

791 3212 952 3266 Anno
981 3213 1050 3268 55
1101 3223 1322 3283 pontem
1387 3213 1442 3267 in
1477 3209 1746 3283 Sangario
1800 3209 2028 3266 ﬂumine
2077 3209 2293 3278 condit,

715 3307 959 3376 quinque
994 3306 1320 3362 fornicibus.
1353 3306 1513 3361 Prius
1550 3306 1731 3377 ligneo
1764 3313 1931 3374 ponte
1959 3311 2282 3360 constratu:

716 3401 918 3454 fuerat.
943 3399 1143 3455 Condit
1178 3400 1343 3456 etiam
1377 3399 1639 3469 templum
1675 3397 1922 3468 Deiparae
1954 3397 2011 3452 in
2039 3395 2207 3452 fonte.

787 3663 946 3717 Anno
970 3663 1058 3729 '54,
1091 3677 1216 3717 cum
1249 3662 1318 3716 ob
1349 3661 1591 3717 dolorem
1621 3659 1819 3731 capitis
1854 3658 2205 3718 Justinianus
2231 3659 2289 3716 in

2386 1828 2567 1882 αὐτῶν
2603 1826 2695 1881 τδν
2739 1827 3077 1897 Βελισάριον,
3110 1826 3170 1890 ὃς
3218 1825 3399 1880 λαϐὼν
3439 1827 3566 1889 τοὺς
3613 1827 3813 1889 ἵππους
3852 1826 3966 1878 τῶν

2387 1920 2622 1975 πολιτῶν
2653 1921 2750 1974 καὶ
2776 1919 3060 1984 ἐξοπλίσας
3091 1917 3219 1972 λαδν
3246 1913 3409 1988 ἦλθεν
3439 1919 3520 1982 είς
3550 1919 3716 1976 Χίτου
3743 1919 3964 1988 κώμην,

2388 2013 2483 2066 καὶ
2509 2012 2740 2082 ποιήσας
2761 2010 3030 2079 φοσσάτον
3063 2008 3175 2080 (56)
3207 2009 3366 2071 ὅσους
3394 2007 3481 2080 [Ρ.
3501 2007 3632 2080 587]
3658 2009 3969 2078 ἐκράτησεν

2389 2105 2448 2170 ἐξ
2481 2104 2660 2159 αὐτῶν
2702 2103 3047 2157 ἀπέκτεινεν.
3089 2101 3378 2155 Ἐκέλευσε
3423 2100 3479 2153 δὲ
3507 2100 3743 2170 κοπῆναι
3768 2099 3969 2170 δένδρα

2390 2196 2483 2250 καὶ
2507 2194 2771 2266 σύρεσθαι
2796 2195 2972 2248 ὀπίσω
2987 2193 3082 2247 τοῦ
3102 2193 3390 2263 ἐξερκέτου
3414 2191 3604 2258 αὐτοῦ,
3629 2192 3722 2246 καὶ
3747 2190 3968 2260 ἐγένετο

2389 2288 2454 2340 ἐκ
2482 2285 2578 2340 τοῦ
2614 2287 2817 2357 ἀνέμου
2857 2286 3135 2356 κονιορτὸς
3173 2285 3369 2356 μέγας,
3401 2284 3498 2338 καὶ
3545 2284 3836 2354 ἀπήγαγεν
3865 2284 3966 2336 αὐ·

2389 2379 2480 2432 τὸν
2533 2380 2718 2433 ἐπάνω
2753 2379 2863 2434 τῶν
2908 2377 3146 2434 Οὕννων.
3178 2380 3245 2432 Οί
3295 2378 3351 2432 δὲ
3407 2377 3728 2448 νομίσαντες
3785 2375 3968 2446 πλήθη

2394 2471 2563 2526 πολλὰ
2597 2468 2736 2526 εἶναι
2784 2471 2986 2540 ἔφυγον
3016 2471 3121 2536 ἕως
3173 2472 3692 2543 Ἀρκαδιουπόλεως.
3735 2469 3972 2524 Κελεύει

2392 2559 2487 2617 οὖν
2538 2565 2568 2617 ὁ
2608 2563 2860 2634 βασιλεὺς
2889 2563 3145 2632 γενέσθαι
3189 2563 3350 2618 πλοῖα
3395 2563 3672 2633 δίπρυμνα
3716 2563 3827 2632 (57)
3872 2563 3972 2615 κα)⁵

2393 2653 2650 2707 ἀπελθεῖν
2689 2655 2769 2717 είς
2803 2654 2896 2707 τὸν
2941 2653 3205 2708 Δάνουϐιν
3252 2655 3348 2708 καὶ
3399 2654 3710 2724 πολεμῆσαι
3759 2654 3969 2716 αὐτοῖς.

2397 2747 2574 2818 Ὅπερ
2611 2747 2834 2816 γνόντες
2885 2748 2936 2801 οί
2978 2745 3260 2818 Βάρϐαροι
3285 2748 3668 2818 παρεκάλεσαν
3713 2747 3800 2802 διὰ
3831 2763 3972 2816 πρε-

2399 2838 2626 2892 σϐευτοῦ
2647 2840 2928 2894 ἀκίνδυνον
2957 2839 3357 2910 παραχωρῆσαι
3384 2841 3570 2902 αὐτοῖς
3605 2838 3706 2908 τὴν
3734 2838 3832 2892 τοῦ
3868 2855 3972 2891 πο-

2395 2929 2572 3001 ταμοῦ
2591 2931 2864 2986 διάϐασιν.
2896 2933 3009 2986 Καὶ
3035 2932 3358 2986 ἀπέστειλεν
3381 2935 3409 2986 ό
3443 2931 3698 3002 βασιλεὺς
3749 2929 3974 2984 Ἰουστῑ-

2398 3038 2489 3075 νον
2523 3021 2616 3075 τὸν
2643 3021 2865 3091 ἀνεψιὸν
2895 3021 3058 3076 αὐτοῦ
3092 3023 3184 3077 τὸν
3211 3022 3626 3094 κουροπαλάτην
3649 3021 3764 3092 (58)
3792 3021 3972 3076 διαϐι-

2323 3107 2366 3170 C
2398 3113 2563 3167 ϐᾶσαι
2591 3113 2808 3177 αὐτούς.

2463 3207 2554 3276 Τῷ
2583 3205 2663 3274 λγ⁰
2682 3207 2792 3259 ἐτει
2821 3206 2996 3269 κτίζει
3015 3206 3114 3270 τὴν
3134 3207 3374 3277 γέφυραν
3396 3203 3490 3260 τοῦ
3505 3207 3834 3277 Σαγγάρεως
3857 3206 3972 3276 (59)

2392 3295 2662 3366 ποταμοῦ,
2693 3295 2794 3366 την
2821 3295 3128 3366 λεγομένην
3175 3297 3612 3367 πενταγέφυρον,
3651 3296 3742 3351 διὰ
3792 3313 3968 3366 καμε-

2393 3385 2504 3452 ρῶν
2543 3386 2657 3457 (60)
2680 3385 2867 3453 πέντε,
2901 3386 3123 3457 ξυλίνην
3164 3387 3430 3458 πρότερον
3471 3386 3658 3441 οὖσαν.
3698 3387 3887 3451 κτίζει
3910 3387 3966 3440 δὲ

2388 3476 2618 3529 καὶτὸν
2657 3478 2718 3529 ἐν
2769 3479 2835 3547 τῇ
2890 3480 3042 3548 πηγῇ
3097 3477 3224 3530 ναὸν
3273 3478 3370 3549 τῆς
3403 3477 3712 3548 ύπεραγίας
3777 3479 3970 3531 Θεοτό-

2392 3584 2490 3620 κου
2499 3605 2514 3622 ο

2470 3661 2561 3732 Τῷ
2592 3661 2667 3716 λό’
2697 3663 2809 3716 ἐτει
2839 3665 3120 3736 ἐφημίσθη
3170 3667 3228 3719 ἐν
3262 3667 3328 3736 τῇ
3362 3665 3515 3719 πόλει
3548 3667 3629 3720 ὅτι
3658 3666 3687 3720 ό
3718 3665 3968 3738 βασιλεὺς

1868 3816 2226 3874 XYLANDRI
2253 3817 2342 3873 ET
2383 3818 2598 3877 GOARI
2635 3819 2871 3876 NOTAE.

792 3940 904 4007 (54)
953 3937 1182 3994 Ηιιηηοε
1229 3935 1552 4005 Cotriguros
1607 3946 1761 3992 vocat
1829 3937 2110 4004 Agatliias.
2157 3953 2296 4005 quos

721 4013 824 4134 :ub
879 4012 1122 4134 ἕψει-εει
1167 4007 1306 4063 duce
1359 4009 1415 4062 iu
1481 4007 1748 4077 Europam
1803 4007 2073 4076 irrupisse
2127 4010 2296 4064 refert

743 4121 756 4134 .
793 4098 844 4134 ν.
924 4097 1048 4134 on.

721 4086 756 4138 ι.
793 4098 844 4136 ν.
879 4086 1048 4134 Con.

793 4152 903 4220 (55)
932 4150 981 4205 is
1009 4151 1123 4219 ipse
1151 4163 1276 4220 mox
1302 4145 1524 4220 Longus
1569 4161 1760 4220 murus
1784 4145 2004 4220 dicitur.
2032 4146 2157 4201 Fuit
2191 4163 2292 4203 au-

722 4234 830 4277 tem
865 4216 1176 4274 exstructus
1233 4219 1301 4271 ab
1350 4217 1642 4271 Anastasio
1692 4216 1887 4271 Dicoro
1941 4218 2288 4287 imperatore.

725 4293 855 4359 Iijus
887 4291 1309 4359 descriptionem
1355 4289 1448 4357 qui
1492 4289 1671 4359 volet,
1701 4298 1846 4359 petat
1891 4303 1957 4341 ex
1998 4290 2293 4359 Anastasio

726 4356 1042 4416 Silentiario
1069 4356 1270 4412 'Suida:
1309 4356 1382 4411 et
1402 4372 1465 4411 ex
1491 4356 1782 4425 Nicephori
1812 4373 1922 4420 xvn,
1949 4359 2037 4413 39.
2068 4357 2202 4412 XrL.
2223 4390 2293 4399 —

731 4431 814 4486 Ad
843 4429 1205 4483 Barbarorum
1230 4442 1498 4482 excursus
1520 4427 1896 4498 reprimendas
1913 4428 1980 4481 ab
2001 4429 2292 4485 Anastasio

725 4484 989 4555 exstructi
1012 4498 1074 4550 ad
1109 4498 1436 4552 Cherronesi
1457 4484 1739 4551 isthmum.
1767 4498 2026 4566 Agathias
2053 4484 2291 4566 citatus:
2328 4484 2372 4540 D

727 4570 795 4624 In
821 4573 916 4621 hoc
943 4568 1132 4622 ist/uno
1171 4567 1461 4635 porrectior
1498 4561 1850 4633 inedi/iectu}
1894 4577 1973 4620 est
2005 4561 2210 4632 muris,
2238 4569 2294 4632 in

730 4651 1008 4708 utrumque
1053 4653 1197 4690 mare
1237 4637 1547 4708 productus.
1589 4636 1815 4707 Μακρὸν
1851 4640 2028 4707 τεῖχος
2059 4639 2293 4708 sparsim

728 4714 782 4763 in
821 4705 933 4761 hac
959 4709 1184 4761 historia
1227 4718 1476 4760 vocatur.
1499 4705 1669 4760 Com.

797 4781 908 4848 (56)
942 4777 1083 4830 Nihil
1125 4776 1306 4848 minus
1343 4786 1426 4848 est
1479 4791 1641 4843 quam
1692 4775 1890 4842 {ossam
1933 4791 2106 4844 agere,
2138 4776 2294 4846 juxta

725 4846 1087 4934 Xylandrum,
1139 4846 1234 4899 sed
1256 4846 1682 4934 lcapiqsﬂcpgere,
1697 4858 1894 4934 [castra
1923 4863 2134 4934 ponere.
2162 4850 2297 4934 Φοσ-

727 4913 888 4972 σάτον
928 4925 1014 4970 est
1077 4913 1341 4984 στρατός,
1366 4924 1423 4968 ut
1457 4913 1664 4968 Gldssa:
1695 4913 2172 4970 Graeco-Barbara:
2202 4924 2296 4972 d0-

725 4998 876 5052 cent;
916 4987 1122 5040 dicitur
1147 5001 1363 5054 quoque
1398 4987 1464 5040 de
1491 4989 1679 5038 castris
1702 4985 1842 5038 vallo
1861 4988 2094 5039 munitis.
2122 4985 2296 5043 Goan.

799 5057 912 5128 (57)
939 5057 1221 5109 Actuarias
1268 5071 1441 5128 naves
1474 5055 1757 5128 multiplici
1793 5056 2030 5124 remigio,
2071 5065 2120 5108 et
2154 5058 2298 5125 ipsas

726 5124 1115 5194 amphiproras,
1171 5125 1377 5196 scribit
1416 5126 1696 5194 Agathias.
1730 5124 1996 5178 Attuarios
2025 5137 2151 5179 sunt
2176 5124 2300 5196 qua:

728 5201 895 5252 remis
923 5209 1178 5267 aguntur,
1203 5195 1578 5267 arnpliiproraz,
1618 5211 1740 5263 qua:
1777 5197 2033 5267 utrinque
2079 5195 2297 5263 proram

731 5265 1132 5336 habent,'sicut
1157 5273 1212 5318 et
1238 5266 1559 5335 δίπρυμναι,
1599 5280 1719 5333 quae
1753 5265 2009 5334 utrinque
2037 5268 2294 5336 puppim;

729 5352 852 5406 qua:
881 5335 1205 5405 quandoque
1260 5336 1380 5389 sine
1425 5344 1641 5406 temone
1689 5344 1836 5394 sunt,
1870 5343 1924 5388 et
1977 5351 2082 5406 non
2129 5335 2299 5406 versa:

733 5403 862 5460 liine
900 5403 1035 5460 inde
1082 5406 1166 5472 agi
1222 5415 1472 5473 possunt.
1539 5405 1932 5472 Amphiproras
1984 5403 2298 5474 hujusmodi

733 5477 977 5530 Zonaras
1005 5485 1262 5528 accurate
1294 5475 1558 5529 describit
1588 5475 1640 5526 in
1693 5475 2052 5528 Constantino
2084 5491 2096 5526 :
2138 5475 2300 5527 Πλοῖα

731 5547 776 5600 δ’
805 5541 943 5616 ἦσαν
979 5549 1066 5616 τὰν
1105 5547 1204 5612 μὲν
1245 5544 1472 5616 πλεῖστα
1534 5545 1769 5615 μονήρη,
1815 5544 1929 5596 ἐστι
1956 5545 2002 5616 δ’
2044 5546 2080 5597 ἃ
2111 5547 2206 5600 κα),
2233 5545 2304 5597 δί-

734 5614 927 5684 κροτα.
963 5615 1068 5668 Καί
1097 5629 1235 5666 τισιν
1288 5615 1466 5668 αὐτῶν
1494 5617 1586 5667 καὶ
1613 5614 1686 5667 ἐκ
1724 5617 1823 5684 τῆς
1858 5614 2085 5684 πρώρας
2114 5618 2209 5668 καὶ
2239 5617 2304 5668 ἐκ

739 5686 991 5754 πρύμνης
1031 5685 1262 5753 πηδάλια
1299 5687 1528 5754 ἤσκητο,
1584 5687 1678 5736 καὶ
1713 5684 2051 5754 κυϐερνήτας
2101 5686 2303 5747 ναύτας

740 5769 796 5806 τε
819 5754 1036 5820 διπλοῦς
1069 5754 1232 5824 εἶχον,
1270 5757 1414 5818 ὅπως
1445 5759 1539 5807 καὶ
1575 5755 1699 5807 ἐπεὶ
1731 5756 1936 5808 πλέωσι
1967 5757 2058 5808 καὶ
2093 5755 2304 5824 ἀναχωο

2405 3939 2565 4024 ρῶσι,
2589 3941 2675 4030 μὴ
2701 3941 3190 4030 ἀναστρεφόμενοι,
3223 3944 3482 4030 nat-1:05;
3501 3945 3782 4030 ,ἐναντίους
3813 3948 3874 4000 ἐν
3896 3949 3973 4019 τῷ

2401 4010 2671 4081 πρόσπλω
2701 4014 2798 4064 καὶ
2826 4010 2905 4082 τῷ
2944 4010 3174 4083 ἀπόπλῳ
3206 4015 3384 4066 αὐτῶν
3409 4017 3676 4083 σφάλωσι.
3711 4016 3886 4070 Goan.
3943 4010 3956 4019 ’

2401 4150 2414 4156 _
2474 4080 2587 4151 (58)
2627 4061 2740 4156 Vo;
2767 4084 3094 4156 cotuposita.
3129 4083 3220 4138 list
3251 4093 3431 4156 autem
3470 4086 3753 4156 dignitatis
3786 4087 3976 4156 app-l-

2400 4150 2720 4226 ia_tio,_quod
2751 4153 2831 4226 vel
2861 4150 2928 4207 ex
2991 4151 3205 4208 Zonara
3251 4153 3453 4226 discas.
3498 4150 3764 4226 E'vagrius
3812 4150 3975 4212 initio

2401 4220 2498 4276 lib.
2552 4219 2602 4274 ν
2646 4236 2765 4275 eam
2805 4223 3220 4292 interpretatur,
3251 4239 3375 4280 cum
3395 4219 3768 4281 Justino'dicit
3803 4227 3976 4283 [uisae

2397 4292 2536 4344 aulae
2554 4292 3000 4362 custodiam,hoc
3029 4303 3115 4349 est
3151 4294 3334 4362 palatii
3354 4310 3568 4360 curam,
3594 4298 3975 4361 commissam,

2399 4375 2509 4436 quo
2527 4360 3088 4436 munerelungentem
3109 4360 3337 4436 Romani
3365 4367 3735 4436 europalatam
3753 4360 3972 4422 vocant.

2401 4431 2492 4504 _Sie
2512 4439 2568 4484 et
2593 4430 2933 4504 Nicephoer
2990 4433 3255 4504 xvn,__55.
3295 4432 3401 4488 Sed
3433 4443 3487 4489 et
3502 4430 3706 4490 'Iberia:
3733 4450 3973 4504 europa-

2404 4501 2542 4575 lates
2565 4501 2692 4575 alibi
2724 4501 3079 4575 memoratur.
3111 4501 3244 4557 Χγι..
3272 4533 3343 4544 -
3374 4505 3420 4558 A
3445 4515 3699 4575 suscepta
3726 4521 3856 4558 cura
3878 4501 3977 4572 pa-

2408 4570 2549 4631 (alii.
2587 4582 2643 4624 ut
2667 4571 2906 4639 loquitur
2937 4572 3299 4628 Cassiodorus
3351 4575 3405 4628 in
3458 4573 3582 4627 Var.
3610 4570 3674 4629 ἐι
3703 4570 3977 4630 Marcelli—

2407 4655 2511 4695 nus
2545 4643 2579 4694 l.
2612 4651 2829 4714 x‘xvtet
2871 4658 3018 4714 _xxxr.
3056 4642 3194 4714 Quia
3227 4656 3386 4698 curat
3423 4647 3706 4714 palatium,
3766 4642 3979 4702 Latinis

2405 4727 2535 4764 cura
2569 4709 2760 4778 palatii
2782 4711 3003 4766 dicitur.
3031 4713 3203 4767 Cosa.

2450 4781 2590 4858 (ὅθ)
2627 4780 2823 4858 Sanun
2851 4793 3008 4837 vocat
3037 4781 3337 4858 Proc0pius
3368 4783 3406 4837 l.
3433 4783 3572 4858 τοι
3597 4780 3772 4858 Αῖάὶί,
3803 4783 3979 4838 Justi-

2407 4851 2575 4915 ninni,
2601 4860 2744 4923 orat.
2781 4851 2836 4923 5_,
2868 4867 3118 4923 eumque
3146 4851 3229 4906 ex'
3263 4856 3536 4909 Armenia:
3572 4857 3849 4907 montibus
3877 4870 3976 4909 sua

2405 4921 2724 4993 narratione
2780 4920 3043 4976 deducitf
3080 4924 3312 4992 Agoreos
3382 4924 3454 4977 illi
3500 4938 3699 4977 nomen
3745 4923 3978 4993 imponit

2403 4987 2620 5062 Paulus)
2642 4988 2936 5062 Diaconus,
2967 5007 3029 5045 ac
3057 4987 3298 5047 breviter
3343 4994 3410 5049 de
3442 4995 3536 5048 illo
3562 5010 3576 5044 :
3612 4993 3781 5060 Carpit
3812 4987 3980 5062 {uipe-

2406 5068 2573 5123 rator,
2609 5059 2809 5129 inquit,
2875 5062 3140 5131 wdiﬁcare
3185 5073 3396 5130 ponunt
3443 5065 3673 5133 Agor-cos
3706 5059 3976 5130 fluminis,

2405 5139 2704 5182 convertens
2739 5133 2976 5184 eumdem
3011 5147 3214 5184 amnem
3249 5135 3302 5187 in
3332 5134 3494 5186 alium
3522 5135 3751 5188 alveum.
3786 5133 3980 5185 coluit-

2404 5213 2502 5266 quc
2534 5215 2688 5253 arcus
2713 5201 2979 5255 mirabiles
3001 5203 3249 5270 quinque,
3278 5213 3326 5255 et
3357 5203 3479 5270 fecit
3523 5218 3638 5256 eum
3680 5201 3978 5266 meabilem,

2406 5283 2524 5318 cum
2563 5281 2717 5340 antea
2763 5270 2966 5340 ligneus
3009 5273 3190 5336 luerit.
3226 5272 3330 5326 Alii
3381 5271 3626 5326 Zacarim
3657 5280 3874 5337 vocant,
3913 5277 3981 5326 ad

2407 5353 2568 5410 quem
2624 5337 2857 5410 Βεροιίά
2898 5341 3146 5410 Phrygia:
3203 5342 3400 5397 civitas
3441 5345 3547 5396 sita
3597 5340 3981 5398 est.Zacarini

2409 5407 2570 5462 hodie
2605 5409 2794 5463 dicunt
2819 5407 3102 5466 Turczeex
3133 5413 3484 5467 Leunelavio.
3505 5412 3677 5466 Cum.

2480 5478 2591 5547 (60)
2620 5479 2693 5532 Ea
2724 5495 2824 5533 vox
2860 5496 3087 5535 curvum
3125 5494 3177 5538 et
3203 5483 3402 5537 ﬂexum
3429 5495 3610 5547 notat;
3648 5490 3805 5552 poeta
3846 5496 3863 5534 :

2548 5570 2721 5626 Hirlw
2743 5574 2974 5626 carnari:
2995 5574 3089 5628 sub
3108 5574 3355 5627 cornibus
3376 5589 3552 5626 aures.
3595 5571 3728 5627 Χῑι..

2407 5643 2649 5712 Καμάρα
2679 5645 2758 5697 vel
2785 5643 2910 5717 aliis
2941 5647 3162 5717 καμέρα
3201 5643 3382 5713 fornix
3431 5655 3536 5709 est,
3577 5659 3757 5708 arcus,
3802 5645 3983 5699 tholus

2409 5725 2827 5767 concameratus.
2851 5713 3024 5768 Com.
