4214 6450
245 447 347 510 τιι

1277 433 1822 498 HISTORIARUM
1849 431 2380 495 COMPENDIUM.

3408 449 3514 513 742

245 560 563 629 ἐτελεύτησε
593 556 682 612 διὰ
712 555 774 610 τὺ
801 554 1168 624 κεφαλαλγεῖν
1194 553 1289 607 καὶ
1323 551 1532 623 μηδένα
1576 551 1824 620 θεωρεῖν.

1932 558 2288 618 conspectum
2342 551 2526 620 populi
2593 567 2699 608 non
2753 555 3040 625 prodiret,
3093 556 3304 616 diditus
3335 574 3419 618 est
3461 566 3514 619 in

248 659 362 711 Καὶ
380 652 447 724 ἦν
477 651 690 722 ταραχὴ
713 650 806 702 καὶ
835 648 1088 720 ἁρπαγαὶ
1111 646 1192 708 εἷς
1219 662 1275 698 τε
1301 647 1398 709 τὰς
1425 644 1698 716 προὸολὰς
1721 643 1830 713 (61)

251 751 348 802 καὶ
384 746 454 799 τὰ
486 744 814 814 μαγκιπεῖα.
849 741 959 795 Καὶ
991 739 1123 809 περὶ
1149 738 1298 810 ὤραν
1332 738 1377 792 θ’
1413 735 1719 806 προσέταξε
1753 735 1830 806 τῷ

251 837 499 906 ἐπάρχῳ,
535 833 630 886 καὶ
675 830 849 901 ἀνῆψε
899 829 1056 899 φῶτα
1110 831 1192 893 εἰς
1239 828 1369 899 ὅλην
1411 827 1508 898 τὴν
1545 827 1722 890 πόλιν,
1753 827 1834 880 ὅτι

253 928 475 996 ὑγίανεν
504 927 531 976 6
560 923 836 993 βασιλεὺς,
865 923 961 976 κοιλ⁵
993 921 1298 990 συνεστάλη
1331 920 1401 974 τὰ
1431 920 1532 990 τῆς
1561 919 1832 990 ταραχῆς.

251 1019 342 1088 Τῷ
380 1015 705 1086 Δεκεμϐρίῳ
742 1015 873 1084 μηνὶ
918 1013 1138 1082 γέγονεν
1161 1015 1488 1082 ἐμπρησμες
1517 1011 1691 1082 μέγας
1725 1013 1835 1066 ἀπό

250 1125 310 1160 τε
363 1108 472 1159 τῶν
508 1107 719 1174 Σοφιῶν
765 1105 860 1158 καὶ
911 1103 1016 1166 ἕως
1059 1104 1170 1156 τῶν
1224 1103 1460 1172 Πρόϐου.
1511 1104 1708 1172 Γέγονε
1740 1103 1835 1157 καὶ

251 1200 582 1269 θανατήριον
638 1198 780 1268 μέγα
831 1201 886 1251 ἐν
938 1196 1161 1267 Κιλικίᾳ.
1219 1199 1314 1249 καὶ
1360 1195 1682 1268 Ἀναζαρὸῳ
1740 1197 1834 1248 καὶ

261 1291 565 1360 ’Δντιοχεὶᾳ
594 1292 658 1359 τῇ
709 1289 946 1360 μεγάλῃ,
979 1290 1075 1341 καὶ
1121 1287 1359 1358 σεισμοί.
1409 1288 1742 1341 Συνέὸαλλον
1777 1287 1833 1340 δὲ

248 1383 372 1438 κατ’
400 1383 644 1452 ἀλλήλων
667 1384 717 1436 οἱ
748 1381 1023 1452 ὀρθόδοξοι
1067 1382 1162 1435 καλ⁸
1196 1381 1540 1454 Σεϐηριανοὶ,
1583 1381 1674 1434 καὶ
1705 1383 1832 1434 πολ-

248 1477 331 1529 λοὶ
360 1477 511 1545 φόνοι
541 1479 820 1544 γεγόνασι.
865 1476 972 1528 Καὶ
1009 1474 1333 1536 ἀποστείλας
1361 1475 1387 1526 ὁ
1421 1472 1676 1543 βασιλεὺς
1705 1477 1830 1537 τοῦς

250 1570 525 1631 ἀτάκτους
563 1567 810 1620 ἐκόλασε.

323 1658 414 1727 Τῷ
437 1659 509 1710 λε’
532 1658 752 1726 γέγονεν
784 1658 1110 1728 ἐμπρησμὸς
1132 1657 1370 1728 ἑσπέρας
1394 1657 1614 1728 βαθείας
1640 1659 1698 1710 ἐν
1719 1659 1832 1719 τοῖς

253 1749 560 1818 Καισαρίου
591 1749 696 1814 ἕως
728 1751 827 1820 τῆς
870 1750 1243 1819 Ὀμφακερᾶς,
1288 1751 1381 1803 καὶ
1414 1749 1620 1818 ἐκαύθη
1653 1748 1832 1801 πάντα

1939 639 2077 693 urbe
2119 653 2310 692 rumor
2343 640 2410 694 tle
2469 649 2645 696 morte
2696 644 2837 712 ejus.
2876 645 3069 716 Itaque
3119 651 3512 707 tumultuatum

1936 741 2043 795 est,
2075 731 2411 800 direptaeque
2444 734 2690 788 taberna:
2723 745 2780 790 et
2813 741 3107 808 mancipia.
3140 741 3294 797 Circa
3321 743 3512 800 horam

1937 838 2141 878 nonam
2171 826 2467 895 prefectus
2499 827 2761 883 mandato
2801 829 3151 899 imperatoris
3176 835 3382 891 lumina
3417 852 3519 908 per

1936 924 2109 971 totam
2129 915 2320 971 urbem
2341 921 2648 983 succendit,
2673 922 2877 991 quibus
2897 921 3282 991 imperatorem
3300 931 3514 984 salvum

1935 1023 2058 1063 esse
2092 1008 2460 1066 indicabatur.
2505 1013 2577 1064 Ea
2616 1027 2703 1067 res
2733 1015 3028 1070 tumultum
3059 1017 3291 1074 sedavit.
3333 1020 3518 1078 Mense

1938 1097 2222 1154 Decembri
2255 1117 2509 1168 magnum
2534 1101 2637 1157 fuit
2672 1106 3002 1170 incendium,
3033 1121 3064 1161 a
3091 1106 3312 1179 Sophia:
3341 1127 3518 1180 usque

1936 1191 2003 1244 ad
2034 1190 2220 1244 Probi.
2281 1191 2406 1245 Fuit
2437 1200 2491 1246 et
2520 1193 2687 1263 679
2720 1211 2913 1264 magna
2948 1200 3116 1266 pestis
3147 1199 3201 1254 in
3227 1200 3420 1256 Cilicia
3460 1211 3515 1255 ct

1933 1282 2208 1338 Anazarbi
2262 1291 2316 1338 et
2358 1284 2667 1339 Antiochiae
2729 1301 2960 1358 magnae,
3012 1300 3066 1343 et
3112 1299 3274 1346 terra:
3306 1303 3514 1349 motus.

1938 1374 2397 1446 Depugnaverunt
2441 1377 2606 1431 etiam
2642 1377 2783 1433 inter
2813 1394 2873 1433 se
2935 1380 3226 1435 orthodoxi
3255 1399 3309 1438 et
3345 1385 3513 1438 Seve-

1934 1469 2098 1534 riani,
2131 1479 2185 1522 et
2216 1470 2401 1524 multae
2432 1480 2563 1525 sunt
2595 1472 2772 1528 ctedes
2803 1471 2980 1528 factm.
3008 1473 3312 1544 Imperator
3333 1486 3514 1532 autem

1935 1565 2207 1619 ministris
2236 1566 2424 1619 missis
2449 1565 2761 1619 turbatores
2785 1567 2986 1634 puniit.

2005 1657 2167 1708 Anno
2199 1655 2266 1710 55
2295 1670 2554 1726 magnum
2583 1656 2693 1710 alta
2729 1671 2955 1725 vespera
2987 1656 3087 1710 fuit
3119 1659 3429 1714 incendium
3457 1661 3511 1714 in

1931 1744 2200 1810 Caesar-io,
2234 1747 2379 1815 quod
2427 1758 2737 1816 grassatum
2783 1755 2868 1801 cst
2905 1763 3080 1817 usque
3110 1749 3176 1803 ad
3207 1747 3512 1818 Omphacc-

248 1843 316 1894 τὰ
347 1842 690 1914 ἐργαστήρια
721 1844 814 1895 καὶ
857 1841 907 1893 οἱ
948 1841 1221 1906 πυλεῶνες
1265 1842 1360 1895 τοῦ
1392 1842 1542 1904 Βοός.
1581 1842 1825 1895 Ἱππικοῦ

1932 1852 2070 1892 ram.
2134 1835 2375 1891 Ollicine
2414 1851 2606 1891 omnes
2653 1836 3080 1908 conﬂagrarunt,
3136 1850 3189 1894 et
3242 1841 3510 1895 vestibula

246 1930 304 1983 δὲ
334 1900 612 2000 ἁὲομένοξ
642 1933 834 1999 γέγονε
881 1932 1148 2002 δημοτικὴ
1197 1900 1434 2003 ταραχὴ,
1474 1900 1565 1986 κάξ
1597 1932 1825 2002 ἐπῆλθον

1935 1929 2120 1984 Bovis.
2151 1927 2469 1984 Certatnine
2507 1943 2672 1997 porro
2702 1932 2946 1997 equestri
2972 1933 3276 1988 commisso
3298 1933 3512 1988 Prasini

246 2022 298 2073 οἱ
334 2023 597 2093 Πρὰσινοι
625 2027 738 2087 τοίς
785 2024 1055 2089 Βενέτοις,
1101 2026 1196 2076 καὶ
1227 2023 1458 2088 πολλοὺς
1501 2025 1694 2092 φόνους
1735 2041 1832 2076 πε-

246 2118 546 2184 ποιήκασιν
568 2133 582 2146 ο
614 2115 708 2180 οὓς
749 2118 1034 2188 κρατήσας
1061 2118 1090 2170 6
1136 2115 1391 2186 βασιλεὺς
1419 2117 1640 2181 πολλαῖς
1665 2115 1832 2186 βασά-

246 2223 362 2263 νοις
393 2207 642 2261 ἐκόλασε.

318 2298 410 2368 Τῷ
450 2300 536 2363 λς’
565 2299 674 2352 ἐτει
703 2297 897 2368 γέγονε
925 2299 1086 2353 πάλιν
1114 2299 1306 2362 στάσις
1334 2297 1605 2370 δημοτικὴ
1637 2299 1693 2352 ἐν
1719 2301 1830 2363 τοῖς

247 2391 583 2453 πιττακέοις,
609 2389 704 2443 καὶ
745 2390 974 2453 πολλοὺς
1007 2389 1187 2442 αὐτῶν
1217 2391 1244 2442 6
1271 2388 1525 2459 βασιλεὺς
1555 2389 1830 2459 ἐτιμωρή-

249 2496 404 2532 σατο.
438 2479 636 2549 Γέγονε
693 2481 750 2536 δέ
798 2481 1030 2552 ἁδροχία
1076 2481 1170 2535 καὶ
1221 2480 1395 2551 λεῖψις
1447 2480 1658 2542 ὓδατος.
1695 2481 1828 2534 Τότε

243 2571 492 2625 ἐπινίκια
517 2569 680 2643 ἦλθον
704 2575 811 2628 ἀπὸ
843 2574 1082 2644 Ῥώμης,
1115 2575 1190 2638 ὡς
1220 2575 1445 2645 Ναρσῆς
1476 2577 1504 2627 ὁ
1538 2575 1826 2644 πατρίκιος

242 2663 337 2716 δύο
376 2665 557 2730 πόλεις
609 2667 811 2738 ὀχυρᾶς
865 2668 974 2720 τῶν
1023 2667 1235 2720 Γότθων
1275 2666 1580 2736 παρέλαὸε,
1636 2668 1826 2737 Βιρέαν

243 2758 339 2808 καὶ
372 2757 614 2828 Βρίγκας
643 2761 776 2830 (62).
822 2758 1150 2828 Ἐπιὸουλῆς
1178 2758 1236 2812 δὲ
1287 2758 1672 2830 μελετηθείσης
1727 2761 1827 2812 ὑπ-

239 2844 451 2916 εϐλήθη
495 2848 706 2916 ψευδῶς
741 2850 893 2917 παρὰ
914 2851 1022 2902 τῶν
1057 2850 1442 2921 κρατηθέντων
1481 2851 1574 2904 καὶ
1604 2853 1828 2906 Βελισά-

241 2951 386 3001 ριος,
448 2937 543 2992 καὶ
585 2939 796 3011 ὡρίσθη
847 2941 1176 3004 καθέζεσθαι
1219 2945 1278 2996 ἐν
1334 2942 1413 3012 τῷ
1464 2944 1600 3015 οῐκῳ
1655 2945 1822 2998 αὐτοῦ

239 3030 521 3099 ἀπρόῖτος.
551 3033 660 3085 Καὶ
686 3037 750 3103 τῇ
805 3033 872 3086 ιθ¹
905 3033 1000 3087 τοῦ
1045 3035 1263 3088 Ἰουλίου
1295 3035 1470 3100 ἀθὼος
1499 3039 1688 3105 φανεὶς
1718 3039 1823 3092 πά-

238 3123 323 3176 λιν
355 3123 425 3176 τὰ
449 3125 814 3195 ἀφαιρεθέντα
843 3126 1009 3180 αὑτοῦ
1031 3129 1299 3182 ἀπέλαϐε.

1934 2021 2177 2076 Venetos
2209 2021 2387 2075 adorti
2419 2031 2547 2076 sunt
2574 2037 2672 2090 per
2708 2023 2997 2076 tumultum
3033 2025 3241 2094 p0pnli,
3277 2027 3510 2080 multas-

1932 2129 2039 2185 que
2070 2113 2363 2168 ediderunt
2401 2115 2608 2177 caedes;
2644 2129 2874 2184 quarunt
2921 2123 3176 2172 auctores
3207 2116 3511 2186 imperator

1930 2205 2120 2260 multis
2155 2204 2450 2274 suppliciis
2489 2203 2693 2262 aﬂecit.

2001 2297 2163 2352 Anno
2190 2297 2260 2351 56
2293 2313 2512 2352 rursum
2547 2298 2730 2368 populi
2768 2298 2966 2355 seditio
3001 2298 3103 2353 fuit
3137 2300 3191 2354 in
3243 2298 3508 2356 Pittaciis.

1929 2386 2065 2458 Ejus
2111 2403 2282 2443 causa
2325 2391 2526 2446 multos
2561 2391 2862 2460 imperator
2895 2393 3093 2460 puniit.
3125 2391 3263 2446 Cum
3323 2399 3506 2447 autem

1929 2481 2024 2536 diu
2061 2497 2168 2536 non
2212 2481 2469 2553 pluisset,
2525 2497 2681 2554 aqua:
2712 2483 2940 2552 penuria
2996 2483 3220 2554 ingruit.
3253 2481 3510 2540 Victoria:

1928 2579 2046 2626 tum
2094 2572 2327 2628 nuntius
2380 2569 2553 2626 Roma
2609 2573 2832 2637 allatus,
2885 2571 3168 2629 Narsetem
3217 2575 3507 2645 patricium

1927 2663 2066 2719 duas
2097 2665 2340 2719 munitas
2370 2666 2534 2719 urbes
2565 2665 2632 2719 de
2663 2664 2855 2720 Gothis
2886 2668 3186 2736 recepisse,
3214 2666 3418 2724 Virian.
3450 2676 3506 2724 et

1927 2755 2176 2810 Brincas.
2207 2755 2430 2810 lnsidiis
2486 2765 2666 2811 autem
2718 2756 2899 2822 factis,
2937 2767 2992 2812 et
3032 2774 3220 2814 earum
3254 2776 3507 2832 compre-

1930 2846 2118 2902 hensis
2140 2848 2484 2910 auctoribus.
2509 2847 2647 2903 falso
2676 2848 2745 2902 ab
2778 2849 2844 2904 iis
2867 2850 3108 2904 delatum
3141 2858 3226 2907 est
3256 2853 3504 2909 Belisarii

1926 2955 2141 3008 quoque
2175 2955 2374 2994 nomen
2401 2979 2417 3005 ,
2451 2939 2609 3008 isque
2657 2940 2849 3009 jussus
2895 2941 3043 2996 domi
3095 2957 3156 2998 se
3199 2945 3502 3001 continere.

1926 3029 2030 3095 Qui
2072 3031 2138 3084 19
2165 3029 2293 3084 Julii
2358 3030 2671 3085 innocentia
2705 3046 2803 3085 sua
2834 3031 3071 3099 detecta,
3115 3034 3169 3089 itt
3221 3037 3503 3106 publicum

1924 3121 2128 3194 prodiit
2164 3131 2218 3178 et
2249 3137 2350 3178 sua
2380 3123 2748 3191 recuperavit.

310 3216 403 3286 Τῷ
447 3216 525 3282 λς’
564 3217 674 3272 ἔτει
707 3219 932 3286 γέγονεν
972 3220 1327 3290 ἐμπρησμὸς,
1371 3222 1465 3274 καὶ
1495 3222 1701 3294 ἐκαύθη
1732 3240 1813 3278 τε·

1994 3213 2153 3267 Anno
2184 3214 2250 3267 '57
2280 3213 2535 3269 incendio
2585 3213 2942 3286 conﬂagravit
2976 3216 3266 3288 hospitalis
3305 3219 3502 3276 domus

236 3305 398 3369 λείως
422 3307 452 3358 6
483 3306 652 3373 ξενὼν
693 3307 801 3362 τῶν
834 3307 1075 3378 Σαμψὼν
1124 3311 1218 3362 καὶ
1257 3310 1324 3362 τὰ
1375 3310 1687 3380 ἔμπροσθεν
1724 3312 1820 3366 τοῦ

249 3394 478 3466 Ῥούφου
510 3400 788 3470 οἰκήματα
821 3401 916 3452 καὶ
951 3401 1012 3452 τὸ
1046 3401 1337 3469 μεσαύλιον
1365 3402 1479 3471 (65)
1509 3403 1604 3472 τῆς
1632 3404 1821 3472 Μεγά-

235 3491 334 3560 λης
367 3492 663 3560 ἐκκλησίας
693 3493 756 3545 τὸ
785 3492 1076 3562 λεγόμενον
1096 3494 1554 3564 Γαρσονοστάσιον
1586 3496 1694 3566 (64)
1727 3499 1820 3551 καὶ

235 3583 305 3634 τὰ
321 3582 416 3634 δύο
439 3583 746 3654 ἀσκητήρια
764 3585 833 3638 τὰ
856 3584 1082 3654 πλησίον
1104 3585 1206 3655 τῆς
1229 3581 1419 3654 ’Δγίας
1442 3586 1698 3658 Εἰρήνης,
1727 3591 1818 3642 καὶ

235 3673 298 3726 τὸ
329 3673 499 3743 μέρος
527 3677 620 3727 τοῦ
651 3677 921 3747 νάρθηκος
957 3677 1152 3747 αὐτῆς.

311 3763 471 3837 [388]
514 3765 604 3835 Τῷ
634 3766 714 3836 λη’
765 3767 1117 3841 ἐτειτεὶευτᾷ
1142 3771 1456 3844 Βελισάριος
1480 3776 1506 3826 6
1530 3773 1820 3843 πατρίκιος

238 3858 299 3912 ἒν
339 3856 645 3926 Βυζαντίῳ.
697 3858 884 3925 Τούτῳ
927 3859 1004 3929 τῷ
1031 3861 1138 3912 ἔτει
1169 3862 1428 3933 Εύτύχιος
1473 3864 1817 3933 πατριάρχης

237 3949 866 4014 Κωνσταντινουπόλεως
935 3951 1219 4023 καθῃρέθη
1276 3956 1369 4006 καὶ
1436 3952 1705 4021 ἐξωρίσθη
1757 3955 1816 4005 ἐν

247 4041 489 4110 Ἀμασίᾳ
523 4040 626 4092 ὑπὸ
669 4039 1078 4106 Ἰουστινιανοῦ,
1115 4045 1207 4095 καὶ
1246 4043 1470 4111 γέγονεν
1501 4043 1616 4096 ἀντ’
1648 4043 1814 4096 αὑτοῦ

245 4131 529 4200 Ἰωάννης⁹
550 4131 659 4184 ἀπὸ
701 4131 1097 4202 ηολαστικῶν.
1130 4135 1223 4197 Εἰς
1268 4135 1326 4187 δὲ
1369 4135 1437 4187 τὰ
1483 4135 1613 4204 τέλη
1647 4134 1812 4188 αὑτοῦ

243 4222 621 4285 Ἰουστινιανὸς
645 4223 706 4276 τὺ
736 4241 802 4278 πε
813 4226 866 4294 pl.
887 4224 1129 4295 φθαρτοῦ
1156 4227 1249 4280 καὶ
1282 4225 1567 4298 ἀφθάρτου
1589 4227 1814 4297 κινήσας

232 4312 434 4382 δόγμα,
462 4314 557 4366 καὶ
583 4313 783 4367 ῑδικτον
807 4315 1080 4386 πανταχοῦ
1113 4317 1506 4387 καταπέμψας,
1536 4316 1814 4388 ἀλλότριος

229 4404 328 4472 τῆς
365 4404 647 4468 εὐσεϐείας
675 4405 808 4457 Θεοῦ
841 4408 1181 4474 ἐτελεύτησε,
1216 4408 1543 4478 βασιλεύσας
1579 4411 1676 4481 ἐτη
1707 4411 1812 4482 λη’,

235 4498 412 4565 μῆνας
441 4497 509 4562 ζ’,
543 4499 755 4570 ἡμέρας
793 4499 883 4568 ιγ’.
914 4502 1023 4552 Καὶ
1063 4501 1269 4569 γίνεται
1295 4501 1483 4554 τούτου
1511 4503 1753 4572 διάδοχος
1785 4505 1813 4557 6

1927 3301 2231 3367 Samsonia,
2267 3311 2321 3356 et
2367 3319 2489 3373 qua:
2541 3313 2670 3358 sunt
2717 3313 2843 3358 ante
2902 3304 3103 3360 Rufum
3139 3310 3393 3376 aedilicia,
3433 3326 3500 3368 ac

1923 3393 2102 3448 media
2146 3395 2269 3447 aula
2327 3395 2508 3464 magni
2567 3395 2780 3465 templi,
2837 3411 2958 3464 qua:
3017 3396 3498 3456 Garsonostasium

1920 3488 2142 3552 dicitur,
2176 3488 2304 3540 item
2332 3487 2438 3540 duo
2466 3489 2735 3544 asceteria
2768 3490 3077 3562 propinqua
3113 3490 3330 3550 Sancta:
3345 3491 3498 3561 Paci,

1919 3593 2157 3649 parsque
2187 3579 2471 3635 nar-thecis
2497 3581 2639 3649 ejus.

1985 3775 2155 3846 680
2183 3777 2341 3831 Anno
2379 3776 2448 3831 38
2498 3778 2734 3832 moritur
2761 3779 3060 3836 Belisarius
3088 3782 3352 3850 patricius
3393 3783 3499 3856 By-

1918 3867 2108 3918 zanlli.
2144 3863 2346 3920 Eodem
2400 3881 2545 3920 anno
2573 3865 2918 3926 Justinianus
2950 3869 3279 3942 Entychinm
3328 3877 3501 3945 patri-

1917 3955 2142 4008 arcbam
2183 3955 2531 4026 Cpolitanum
2561 3973 2662 4015 sua
2700 3961 2994 4030 spoliatum
3029 3963 3296 4033 dignitate
3329 3967 3495 4020 Ama-

1915 4060 2067 4101 seam
2101 4049 2340 4119 relegat;
2372 4051 2532 4120 eique
2554 4051 3078 4110 suﬂiciturJoannes
3107 4056 3494 4113 scholasticus.

1913 4134 1996 4191 Ad
2036 4149 2340 4192 extremum
2393 4137 2798 4195 Justininianus
2849 4141 3162 4210 Opinionem
3199 4143 3266 4197 de
3297 4159 3494 4198 corru-

1913 4229 2092 4298 ptibili
2124 4236 2177 4283 et
2204 4229 2608 4300 incorruptibili
2648 4233 2699 4285 in
2726 4231 2963 4287 medium
3004 4234 3250 4303 protulit,
3277 4235 3490 4290 edit-to-

1914 4336 2022 4390 que
2050 4336 2112 4376 ea
2145 4321 2212 4377 de
2245 4338 2304 4378 re
2339 4323 2724 4380 circummisso
2758 4327 2972 4381 alienus
3013 4341 3044 4380 a
3070 4343 3196 4382 vera
3227 4328 3490 4400 religione

1913 4415 2026 4467 vita
2059 4415 2314 4478 excessit,
2349 4430 2473 4470 cum
2504 4417 2834 4486 imperasset
2861 4433 3036 4474 annos
3073 4419 3300 4487 triginta
3342 4430 3489 4485 octo,

1916 4521 2134 4561 menses
2158 4517 2386 4576 septem,
2407 4507 2523 4561 dies
2548 4509 2832 4564 tredecim.
2855 4508 3134 4566 Successit
3165 4513 3212 4566 ei
3236 4509 3492 4567 Justinus

228 4588 458 4654 ἀνεψιὸς
514 4590 681 4643 αὑτοῦ
737 4592 1020 4656 ’1ουστίνος
1073 4594 1102 4646 6
1148 4593 1579 4663 κουροπαλάτης.
1635 4595 1700 4649 Ἦ
1753 4597 1808 4652 δέ

1929 4599 2262 4666 ευιοραιειιιε
2314 4613 2503 4653 sorore
2553 4597 2850 4656 Iustiniani
2885 4613 3069 4668 natus,
3105 4612 3320 4660 mortua
3373 4603 3489 4674 jam

229 4679 272 4730 Δ
285 4681 522 4746 ὒγουστα
551 4683 803 4752 Θεοδώρα
833 4685 1296 4756 προετελεύτησεν

1920 4698 2046 4746 ante
2076 4689 2362 4745 Theodora
2388 4691 2651 4762 Augusta.

1384 4885 1741 4944 XYLANDRI
1765 4886 1855 4943 ET
1883 4888 2098 4944 GOARI
2129 4889 2363 4947 NOTAE.

304 5016 422 5087 (6|)
483 5013 758 5093 fortassis
809 5019 1180 5093 scribendum,
1209 5025 1528 5093 προπωλάς.
1574 5025 1709 5081 XrL.
1742 5056 1810 5069 —

231 5089 556 5164 Μαγκιπεῖα
600 5089 757 5164 longe
784 5102 905 5144 esse
951 5105 979 5143 a
1013 5089 1274 5164 "concipio
1307 5096 1667 5163 signiﬁcando
1694 5098 1807 5164 jam

230 5158 493 5226 superius
519 5158 858 5212 insinuatum
893 5169 1000 5214 est.
1051 5158 1532 5218 l’istrittunt'enitn
1560 5176 1664 5229 est,
1692 5158 1807 5220 sive

228 5243 384 5306 prius
420 5241 615 5306 venum
645 5230 875 5306 expositi
923 5229 1148 5298 ofﬁcina.
1182 5234 1423 5303 Προδολή
1450 5251 1581 5306 vero
1606 5239 1808 5306 o/Iicina

229 5298 451 5368 ηειίιιριιι
485 5305 586 5357 est,
615 5300 706 5350 sed
740 5313 802 5350 ea
833 5315 935 5366 qua
955 5318 1146 5354 merces
1161 5298 1508 5368 exponuntur,
1533 5305 1606 5357 nil
1629 5298 1807 5361 tamen

230 5364 284 5419 in
320 5364 700 5440 ealit_0peris.
738 5364 1130 5440 "Epjaatﬁptov
1155 5364 1371 5427 tandem
1401 5375 1669 5428 artilicum
1699 5385 1806 5438 est,

232 5451 338 5514 qua
390 5434 660 5514 industria
746 5434 1165 5514 humana'ouus
1209 5443 1576 5514 quodcunque
1628 5434 1810 5514 potest

227 5505 526 5629 Elaborari.
578 5505 782 5562 AuCtor
846 5509 987 5562 intra
1058 5505 1251 5567 ultimo
1295 5505 1593 5569 Justiniani
1629 5505 1806 5572 'anno.

274 5588 402 5629 out.

274 5588 402 5629 0A3.

309 5645 422 5710 (δὲ)
458 5641 689 5722 Nomina
730 5647 946 5722 viti_osa.
997 5647 1062 5702 Et
1114 5649 1329 5722 diﬂicile
1375 5654 1624 5722 conjectu
1674 5656 1802 5722 quid

232 5715 304 5786 sit
339 5716 762 5786 restituendum.
813 5716 919 5772 Res
971 5729 1135 5786 gestae
1163 5721 1407 5779 Narsetis
1449 5715 1637 5778 contra
1668 5715 1800 5779 Got-

232 5785 358 5906 ιιιὲιξ
381 5794 515 5908 Slxtl‘l;
535 5787 678 5854 apud
736 5785 1059 5858 Procopium
1110 5792 1250 5847 libro
1297 5795 1486 5850 ultimo
1517 5793 1654 5851 Belli
1679 5796 1808 5851 Got-

255 5871 282 5904 ,ι
311 5871 377 5907 ει.
523 5893 536 5908 .

255 5871 377 5907 λιιι.
409 5871 536 5908 λη..

1990 5029 2105 5103 (657),
2128 5030 2487 5103 Allusionem,
2508 5046 2612 5085 non
2635 5047 2854 5086 sensum
2877 5041 3030 5086 notat
3052 5031 3327 5103 Xylander
3342 5034 3487 5090 circa

1921 5102 2230 5184 μεσαύλιον,
2265 5101 2412 5184 quod
2446 5118 2644 5166 arcam,
2681 5103 2900 5184 atrium,
2948 5101 3222 5184 patentem
3263 5106 3366 5184 sub
3394 5107 3489 5160 dio

1917 5169 2095 5244 locum
2125 5173 2605 5244 ntwnibtts_tantett
2658 5171 2908 5226 clausum
2949 5169 3230 5243 indigitat;
3267 5176 3335 5230 de
3375 5191 3486 5244 quo

1910 5238 2022 5307 jam
2054 5244 2324 5312 superius.
2377 5241 2476 5296 Hic
2530 5257 2658 5296 vero
2689 5253 2887 5296 tectum
2922 5238 3140 5313 aliquod
3170 5238 3482 5313 aedilicium,

1916 5319 1968 5364 et
1997 5315 2170 5365 media
2197 5313 2247 5364 in
2269 5328 2393 5366 arca
2429 5315 2664 5364 locatum
2697 5313 3024 5367 subintlicat.
3065 5312 3236 5366 Gosn.

1986 5381 2097 5450 (64)
2134 5384 2214 5435 Ad
2244 5397 2428 5436 vocem
2477 5382 2938 5450 Γαρσονοστάσιον
2968 5382 3288 5437 adnotatum
3317 5392 3400 5438 est
3424 5386 3479 5438 in

1910 5455 2204 5524 margine:
2246 5453 2404 5524 ,Ἐμοὶ
2449 5451 2598 5524 δοκεῖ
2651 5452 3064 5524 παιδοστάσιον·
3119 5453 3482 5524 γαρτζούνιον

1911 5522 2022 5591 γὰρ
2046 5522 2198 5591 παρὰ
2227 5523 2475 5585 Λατίνοις
2509 5521 2568 5574 τὸ
2622 5523 2854 5575 παιδίον.
2903 5523 3169 5576 Caeterum
3201 5521 3330 5577 haec
3375 5540 3478 5578 vox

1913 5591 2103 5644 Latina
2128 5607 2234 5644 non
2265 5603 2372 5648 est.
2408 5594 2500 5646 sed
2528 5592 2784 5645 Francica
2825 5594 3092 5661 hodieque
3125 5604 3230 5646 est.
3260 5594 3480 5646 X11..—

1914 5663 2116 5715 Scribit
2153 5661 2291 5714 idem
2322 5661 2723 5728 TheOphanes;
2756 5664 3090 5730 verbumque
3110 5675 3273 5717 estex
3299 5664 3482 5717 Italico

1912 5732 2207 5800 Grmcoque
2231 5732 2546 5794 conﬂatum,
2571 5741 2623 5785 et
2653 5741 2738 5786 est
2767 5733 3188 5799 pertinentium»:
3217 5733 3402 5799 statio,
3431 5735 3482 5790 lo

1911 5805 2094 5872 parvis
2118 5802 2214 5856 des
2243 5816 2477 5874 garcons
2503 5818 2572 5857 ou
2605 5803 2836 5873 laquais.
2893 5801 3060 5857 Cosa.
