4214 6450
702 374 807 435 ’743

703 593 879 634 annos
909 573 1193 630 tredecim.
1232 570 1453 625 Statura
1492 568 1595 623 fuit
1633 567 1805 638 justa,
1836 566 2002 628 latus.
2030 564 2279 635 grandis,

704 669 1028 731 subcassius,
1068 661 1381 728 subfulvus,
1407 674 1537 714 rara
1570 658 1763 722 barba,
1802 656 2183 720 meticulosus,
2214 653 2282 708 ad

704 765 843 816 iram
874 758 1151 829 proclivis.
1186 754 1354 809 Paulo
1378 763 1498 823 post
1529 751 1705 806 factus
1732 758 1815 805 est
1861 750 2059 804 elatior
2090 748 2282 812 auiini,

706 852 959 917 stolidus,
995 852 1255 919 pleraque
1301 846 1452 901 nullo
1503 843 1740 898 consilio
1775 856 1969 910 agens,
2011 837 2284 896 condendi

705 946 1014 1009 studiosas,
1051 941 1374 1013 magnificus
1406 939 1460 992 in
1508 934 1787 990 donando.
1821 934 1973 990 Uxor
2017 934 2142 1004 ejus
2183 932 2285 987 fuit

707 1037 933 1104 SOpbia.
958 1036 1268 1090 Curunatus
1308 1040 1392 1085 est
1439 1028 1506 1082 ab
1541 1027 1756 1082 Joanne
1809 1025 2144 1080 scholastico
2186 1038 2285 1093 pa-

704 1128 972 1182 triarcha.
997 1126 1128 1180 Cum
1157 1131 1339 1177 autent
1357 1121 1479 1190 pius
1502 1118 1894 1188 esset,templa
1921 1132 1950 1171 a
1969 1115 2285 1171 Justiuiano

705 1221 928 1276 condita
981 1216 1264 1273 exornavit
1292 1256 1307 1280 ,
1357 1223 1418 1269 ut
1466 1228 1724 1283 magnum
1771 1211 2178 1281 Apostolorum,
2232 1218 2288 1264 et

705 1315 941 1383 reliqua,
988 1310 1235 1367 donariis
1268 1319 1322 1363 et
1346 1307 1736 1363 instrumentis
1762 1320 1826 1360 ea
1868 1303 2162 1371 redituque
2200 1300 2287 1355 itt-

706 1417 922 1463 struens
958 1406 1129 1474 largo.
1170 1402 1314 1457 Misit
1345 1401 1511 1457 etiam
1544 1398 1837 1453 Photinqu
1871 1396 2152 1461 abbatem,
2187 1394 2287 1447 Be-

706 1499 874 1554 lisarii
926 1499 1257 1569 privignum,
1315 1510 1438 1549 eum
1500 1493 1656 1562 plena
1692 1498 1963 1560 potestate
1999 1502 2189 1558 pacem
2230 1487 2284 1541 iri

708 1593 974 1647 l‘lcclesiis
1009 1591 1225 1662 Egypti
1258 1598 1306 1643 et
1335 1585 1683 1641 Alexandriae
1730 1581 2082 1639 conciliandi.
2115 1580 2288 1635 Justi-

709 1703 813 1741 nus
841 1685 928 1739 hic
965 1701 1087 1739 cum
1132 1684 1326 1738 crebro
1352 1687 1643 1751 aegrotaret
1670 1693 1732 1732 ac
1756 1677 2022 1745 vertigine
2054 1689 2287 1730 vexare-

707 1790 800 1833 tur
831 1793 1007 1849 neque
1064 1776 1117 1829 in
1168 1775 1450 1846 publicum
1510 1770 1731 1841 prodire
1782 1776 1990 1838 posset,
2033 1775 2285 1836 potentes

710 1876 958 1945 quidam,
1020 1873 1147 1943 quia
1194 1870 1260 1925 ad
1308 1871 1692 1937 imperatorem
1732 1866 1969 1936 querelae
2007 1864 2074 1919 de
2110 1864 2178 1919 iis
2207 1864 2284 1918 af-
2319 1836 2361 1896 Β

710 1970 840 2025 ferri
869 1986 974 2023 non
1009 1976 1253 2039 possent,
1285 1964 1491 2020 nemini
1523 1970 1813 2033 parcentes
1838 1959 2085 2014 omnium
2121 1956 2289 2011 facul-

712 2072 849 2116 tates
877 2060 1039 2130 681
1072 2059 1436 2125 diripuerunt.
1492 2053 1626 2109 Cum
1660 2068 1791 2108 vero
1841 2053 2139 2119 imperator
2184 2047 2288 2100 ali-

712 2156 932 2223 quando
996 2169 1054 2208 se
1108 2150 1485 2219 τοσοιιιιςίεεοι
1534 2154 1699 2217 atque
1742 2142 1809 2197 ad
1854 2142 2114 2212 templum
2156 2153 2285 2209 pro-

710 2246 921 2310 diisset,
952 2245 984 2297 ii
1021 2246 1112 2314 qui
1141 2242 1340 2310 injuria
1370 2240 1585 2294 fuerant
1620 2237 1819 2301 affecti,
1855 2231 2285 2289 miscricordiam

713 2339 884 2408 ipsius
910 2351 1105 2406 magna
1133 2349 1266 2389 voce
1300 2333 1750 2402 imploravernnt.
1775 2322 2044 2384 Omnibus
2074 2340 2203 2394 ergo
2233 2323 2286 2377 in

711 2432 918 2487 curiam
943 2429 1277 2493 convocatis,
1312 2426 1565 2482 Justinus
1596 2443 1608 2478 :
1642 2423 2056 2486 Existimabam,
2090 2418 2287 2489 inquit,

711 2539 810 2577 vos
843 2537 1034 2576 omnes
1091 2519 1347 2591 pietatem
1407 2521 1614 2579 colere,
1647 2516 1959 2584 vestrisque
1998 2519 2292 2567 contentos

712 2614 919 2670 nemini
951 2627 1246 2683 egenorum
1286 2609 1545 2678 injuriam
1573 2607 1798 2662 inferre.
1851 2608 1920 2661 At
1958 2620 2054 2660 vos
2089 2612 2143 2659 et
2182 2602 2292 2658 Deo

712 2718 765 2763 et
788 2707 1017 2774 imperio
1040 2716 1234 2759 nostro
1268 2703 1496 2757 adversa
1528 2701 1765 2772 patratis
1793 2699 2063 2754 facinora.
2088 2695 2293 2751 liortor

712 2814 842 2869 ergo
876 2812 971 2851 vos
997 2804 1053 2849 ut
1077 2793 1408 2864 pauperibus
1432 2806 1530 2869 sua
1564 2790 1709 2844 ultro
1736 2787 1999 2852 reddatis,
2020 2802 2087 2841 ne
2109 2795 2292 2841 vestra

715 2866 960 2960 ipsorum
997 2890 1136 2942 bona
1182 2866 1469 2940 an'iittatis‘.
1520 2883 1779 2938 Potentes
1809 2880 1899 2935 bis
1945 2879 2167 2942 auditis,
2208 2886 2294 2930 ta-

717 3000 839 3036 men
872 2979 1273 3037 consuetudine
1300 2977 1473 3041 ducti,
1511 2975 1790 3030 deteriora
1822 2972 1985 3027 etiam
2015 2970 2296 3040 prioribus

715 3075 1036 3143 adjecerunt
1070 3089 1083 3126 :
1117 3071 1262 3125 acris
1293 3071 1439 3125 enim
1487 3083 1577 3123 res
1615 3075 1701 3122 est
1748 3062 2132 3129 consuetudo,
2173 3074 2296 3132 qua:

715 3170 884 3223 ctiam
919 3167 1087 3220 altera
1126 3174 1320 3218 natura
1348 3161 1652 3232 judicatur.
1688 3157 1876 3230 Itaque
1902 3171 2026 3212 cum
2060 3156 2296 3223 impera—

717 3269 805 3314 tor
835 3274 1030 3313 rursus
1059 3256 1124 3310 ad
1159 3269 1486 3325 proccnsum
1519 3252 1785 3323 prodiret,
1819 3250 2005 3319 plures
2051 3262 2176 3302 eum
2211 3247 2299 3299 in-

718 3352 1010 3407 vocabant.
1051 3350 1266 3404 Rursus
1300 3346 1467 3416 igitur
1530 3345 1583 3398 in
1646 3357 1944 3413 progressu
1994 3345 2302 3394 convocato

718 3452 912 3498 senatu
936 3441 1101 3494 dicit:
1139 3438 1197 3493 Si
1224 3454 1309 3493 me
1359 3452 1387 3491 a
1422 3436 1532 3491 Deo
1560 3437 1763 3504 putatis
1790 3435 2179 3503 imperatorem
2220 3428 2303 3483 fa-

718 3546 894 3594 ctum,
951 3533 1074 3601 ejus
1120 3532 1325 3584 auxilio
1380 3530 1672 3598 imperare,
1720 3533 1910 3595 parete
1952 3523 2118 3592 justis
2165 3523 2302 3578 meis

720 3623 995 3677 mandatis
1025 3631 1079 3675 et
1105 3620 1308 3689 injuria
1346 3617 1560 3671 aﬂicere
1593 3630 1860 3686 pauperes
1901 3613 2136 3668 desinite
2169 3628 2182 3664 :
2215 3627 2301 3667 so-

718 3718 788 3770 lis
814 3728 1051 3784 namque
1083 3711 1327 3781 piscibus
1365 3708 1534 3762 moris
1567 3716 1649 3761 est
1685 3713 1743 3759 ut
1776 3704 2011 3759 validior
2042 3712 2097 3759 et
2129 3703 2305 3773 major

719 3807 945 3860 tifVOh'l
978 3806 1266 3857 minorem.
1304 3801 1456 3866 Quod
1490 3799 1536 3854 si
1578 3799 1714 3854 meis
1752 3798 2037 3867 praeceptis
2063 3812 2171 3850 non
2207 3810 2302 3864 pa-

719 3914 861 3964 rcre,
898 3898 990 3953 sed
1029 3897 1084 3950 in
1144 3895 1408 3964 rapiendo
1442 3892 1617 3945 aliena
1645 3892 1844 3946 vestris
1874 3889 2103 3958 obsequi
2132 3887 2303 3943 vultis

718 3989 1139 4061 cupiditatibus,
1161 3987 1328 4040 alium
1361 3984 1516 4039 vobis
1548 3992 1734 4037 vestro
1767 3983 2038 4036 arbitratu
2082 3981 2322 4051 deligite.

722 4085 1150 4154 imperatorem:
1188 4093 1288 4148 ego
1331 4076 1477 4132 enim
1503 4074 1945 4136 contumacibus,
1979 4071 2205 4141 injustis
2244 4084 2307 4124 ac

726 4174 902 4228 aliena
928 4169 1306 4225 iuvolantibus
1328 4167 1602 4235 imperare
1632 4165 1779 4219 uolo.
1810 4164 1886 4217 Ibi
1917 4163 2137 4232 quidam
2182 4175 2307 4231 pro-

726 4281 936 4327 ρει-ηιμ,
973 4263 1227 4315 libertate
1262 4258 1474 4312 dicendi
1529 4264 1767 4325 sumpta,
1806 4256 1880 4309 ita
1911 4256 2300 4324 imperatorem

726 4357 1065 4424 alloquitur:
1101 4351 1393 4407 Constitue
1453 4364 1538 4403 me
1584 4362 1770 4402 coram
1821 4348 2079 4401 onmibus
2111 4342 2306 4415 praefe-

728 4460 875 4500 ctum
930 4446 1103 4508 urbis,
1171 4444 1483 4512 mamlaque
1545 4455 1613 4495 ne
1656 4440 1981 4509 cujusquam
2035 4439 2307 4493 rationem

1968 357 2292 420 GEORGII
2325 356 2661 421 CEDRENI

771 483 1025 542 Justinus
1084 479 1260 552 patria
1304 475 1513 542 Thrax,
1570 472 1932 539 ortbodoxus,
1988 472 2353 543 imperavitA

3865 371 3973 431 7H

2467 473 2756 538 Ἰουστῖνος
2790 474 2819 527 ὁ
2856 473 3158 546 ὀρθόδξος,
3203 478 3231 529 ὁ
3268 475 3439 550 Θρᾲξ,
3490 477 3848 534 ἐϐασίλευσεν
3877 485 3974 555 ἐτη

2396 564 2484 636 ιγ’.
2517 560 2685 630 Οὗτος
2721 562 2792 637 ἦν
2817 571 2882 638 τῇ
2916 570 3031 643 ίδέᾳ
3058 569 3267 641 εύῆλιξ,
3299 572 3527 640 πλατὺς,
3566 572 3815 641 εὓογκος,
3842 577 3967 630 ὑπὸ·

2391 659 2645 728 γλαυκος,
2673 660 2996 727 ύπόξανθος,
3040 662 3315 729 σπανίζων
3343 664 3443 735 τὴν
3475 666 3749 734 γενειάδι,
3778 670 3976 732 δειλὸς,

2391 751 2680 822 ὀξύθυμοςο
2725 754 2841 822 μετ’
2871 753 3051 823 ὀλίγον
3079 755 3135 809 δὲ
3171 757 3568 826 μεγαλόψυχος,
3598 762 3976 832 ἀπονενοημέ-

2393 859 2503 908 νος,
2533 842 2879 913 ἀσύμϐουλος
2911 845 2981 898 τὰ
3013 845 3188 899 πλείω
3236 848 3613 918 φιλοκτίστης,
3658 851 3974 919 μεγαλόδω-

2396 950 2507 1002 ρος.
2552 935 2754 989 Τούτου
2780 936 2919 1008 γυνὴ
2949 938 3140 1007 Σοφία.
3179 938 3448 1009 Ἐστέφθη
3480 940 3534 993 δὲ
3575 941 3681 993 ὑπὸ
3722 943 3976 995 Ἰωάννου

2392 1031 2732 1101 πατριάρχου
2765 1031 2861 1084 τοῦ
2895 1033 3003 1085 ἀπὸ
3050 1033 3447 1103 σχολαστικῶν.
3505 1036 3750 1107 Εὐσεϐὴς
3789 1038 3847 1091 δὲ
3900 1037 3977 1091 ὣν

2393 1123 2743 1195 ἐπεκόσμησε
2807 1124 2906 1189 τὰς
2971 1125 3270 1196 ἐκκλησίας
3327 1127 3426 1191 τὰς
3497 1130 3813 1192 κτισθείσας
3868 1132 3974 1184 ὑπὸ

2407 1214 2821 1282 Ἰουστινιανοῦ,
2875 1217 2977 1286 τήν
3029 1232 3089 1268 τε
3142 1214 3404 1285 Μεγάλην
3469 1219 3788 1290 ἐκκλησίαν,
3851 1224 3979 1287 τοὺς

2407 1303 2621 1374 Ἀγίους
2662 1307 3044 1372 Ἀποστόλους,
3084 1310 3180 1362 καὶ
3225 1310 3323 1373 τὰς
3345 1311 3558 1374 λοιπὰς,
3607 1313 3979 1383 χαρισάμενος

2393 1398 2586 1463 αὑταῖς
2620 1399 2883 1470 κειμήλια
2911 1401 3004 1454 καὶ
3057 1402 3261 1455 ἔπιπλα
3309 1403 3421 1474 (65)
3458 1406 3549 1457 καὶ
3580 1407 3761 1458 πᾶσαν
3797 1407 3973 1476 πρόσ-

2392 1491 2531 1544 οδον.
2573 1492 2886 1545 Ἀπέστειλε
2918 1493 2975 1547 δὲ
3014 1495 3107 1548 τὸν
3139 1496 3312 1549 ἀ66ᾶν
3345 1497 3613 1551 Φωτεινὸν
3642 1500 3732 1551 τὸν
3769 1502 3976 1570 πρόγο-

2394 1602 2483 1637 νον
2535 1584 2885 1653 Βελισαρίου,
2942 1586 3067 1650 δοὺς
3127 1588 3275 1659 αὐτῷ
3328 1591 3512 1643 πᾶσαν
3572 1592 3819 1659 ἐξουσίαν
3877 1594 3974 1646 τοῦ

2394 1677 2708 1747 εἰρηνεῦσαι
2742 1681 2839 1743 τὰς
2893 1681 3221 1751 Ἐκκλησίας
3259 1686 3538 1753 Αἰγύπτου
3583 1690 3677 1740 καὶ
3720 1687 3977 1752 Ἀλεξα-ι-

2393 1769 2598 1840 δρείας.
2639 1767 2804 1836 Οὗτος
2844 1775 2871 1827 ὁ
2926 1776 3211 1837 ’1ουστῖνος
3264 1779 3503 1849 συνεχῶς
3549 1780 3979 1849 νοσηλευέμενος

2393 1862 2490 1915 καὶ
2513 1865 2856 1921 σκοτοδινιῶν
2883 1868 2977 1922 καὶ
3004 1869 3077 1938 μὴ
3098 1869 3399 1940 δυνάμενος
3438 1874 3827 1943 προέρχεσθαι.
3855 1876 3982 1926 ἐπεί

2395 1971 2538 2017 τινες
2598 1958 2741 2009 κατά
2786 1961 2896 2013 τῶν
2945 1961 3224 2018 δυναστῶν
3274 1966 3525 2034 ἐγκαλεῖν
3573 1969 3672 2021 οὒκ
3726 1962 3894 2037 εἶχον,
3930 1970 3982 2022 οἱ

2396 2045 2655 2101 δυνάσται
2685 2051 2830 2113 τινὸς
2872 2053 2947 2123 μὴ
2979 2056 3287 2126 φειδόμενοι
3310 2058 3379 2111 τὰ
3404 2059 3624 2112 πάντων
3652 2061 3981 2132 διήρπαζον.

2396 2138 2465 2190 Et
2491 2157 2619 2194 ποτε
2651 2141 2837 2212 ἴσχυσε
2872 2145 3155 2216 προελθεῖν
3192 2151 3271 2212 είς
3316 2150 3415 2221 τὴν
3445 2151 3768 2219 ἐκκλησίαν,
3800 2154 3983 2224 τούτῳ

2396 2229 2640 2284 ἑπεδόων
2666 2234 2715 2285 oi
2744 2235 3090 2307 ἀδικούμενοι
3120 2240 3302 2305 ἐλέους
3326 2248 3529 2313 τυχεῖν.
3556 2244 3772 2307 Πάντας
3799 2245 3985 2298 τοίνυν

2395 2321 2851 2396 ἰπὶ,συγκ).ήτου
2917 2332 3434 2403 προσκαλεσάμενος
3485 2336 3623 2406 ἔφη·
3680 2335 3822 2405 Ἐγὼ
3884 2337 3986 2405 μὲν

2396 2412 2556 2484 ᾤμην
2606 2417 2848 2483 ἃπαντας
2896 2421 3040 2490 ὑμᾶς
3084 2424 3329 2489 εὐσεϐεῖς
3374 2422 3514 2481 εἶναι
3558 2428 3654 2482 καὶ
3689 2430 3987 2500 ἀρκεῖσθαι

2397 2506 2505 2568 τοῖς
2541 2506 2712 2570 ἰδίοις,
2746 2510 2841 2562 καὶ
2875 2510 3078 2579 μηδένα
3111 2511 3222 2565 τῶν
3255 2516 3487 2584 πτωχῶν
3531 2516 3738 2569 ἀδικεῖν
3771 2531 3786 2545 ·
3820 2516 3986 2585 ὑμεῖς

2398 2595 2453 2648 δὲ
2476 2596 2734 2651 τάναντία
2762 2599 2858 2652 τοῦ
2886 2599 3021 2653 Θεοῦ
3067 2604 3335 2671 πράττετε
3371 2604 3465 2659 καὶ
3496 2605 3597 2675 τῆς
3639 2605 3779 2675 ἐμῆς
3823 2605 3990 2675 βασι-

2398 2685 2568 2749 λείας.
2614 2687 2777 2743 Ἀλλά
2813 2693 3119 2761 παρακαλῶ
3145 2696 3309 2765 ὑμᾶς,
3342 2697 3410 2749 τά
3448 2697 3558 2751 τῶν
3581 2699 3813 2770 πτωχῶν
3848 2701 3992 2752 ἀπό-

2399 2776 2516 2831 δοτε
2545 2780 2784 2845 ἑκόντες,
2821 2784 3018 2853 μήπως
3048 2783 3144 2837 καὶ
3185 2786 3251 2838 τὰ
3279 2786 3436 2854 ὑμῶν
3471 2788 3795 2856 ἀπολέσητε.
3828 2791 3894 2843 Οἱ
3928 2790 3990 2843 δὲ

2401 2872 2558 2926 τοῦτο
2588 2874 2923 2938 ἀκούσαντες
2951 2878 3172 2947 χείρονα
3205 2878 3461 2949 μᾶλλονῆ
3494 2881 3759 2950 πρότερον
3782 2882 3993 2951 ἐπρατ-

2401 2982 2511 3029 τον,
2552 2967 2657 3020 ὑπὸ
2710 2967 3000 3037 συνηθείας
3052 2970 3371 3039 ἑλκόμενον
3423 2970 3597 3023 δεινὸν
3637 2971 3743 3043 γὰρ
3780 2972 3813 3040 ἡ
3858 2988 3993 3024 συν-

2402 3058 2580 3127 ήθεια,
2616 3058 2758 3112 ὥστε
2792 3061 2888 3113 καὶ
2913 3060 3145 3131 δευτάρα
3172 3060 3335 3128 φύσις
3365 3061 3691 3130 λελόγισται.
3737 3062 3901 3127 Αὖθις
3929 3064 3992 3117 δὲ

2326 3200 2371 3259 c
2526 3150 2792 3259 βασιλέῗς
2816 3152 2909 3204 ἐπὶ
2937 3153 3243 3222 «pomum
3270 3154 3555 3222 προϊόντος
3610 3154 3860 3217 πλείονες
3890 3158 3994 3207 ἑπ-

2403 3242 2594 3297 εϐὁων.
2614 3242 2672 3297 '0
2704 3243 2760 3297 δὲ
2792 3244 2956 3298 πάλιν
2989 3247 3047 3297 ὲν
3080 3247 3146 3316 τῇ
3190 3246 3511 3316 προελεύσει
3544 3246 3644 3316 τὴν
3680 3248 3995 3318 σύγκλητον

2404 3336 2922 3407 προσκαλεσάμενος
2981 3336 3114 3407 ἔφη·
3162 3339 3226 3391 Ei
3266 3340 3365 3408 μὲν
3410 3343 3473 3393 ὲκ
3524 3340 3659 3393 Θεοῦ
3704 3359 3770 3410 με
3804 3343 3901 3395 καὶ
3933 3345 3996 3395 ἂν

2405 3427 2527 3497 Θεῷ
2555 3429 2832 3498 βασιλείαν
2857 3428 3002 3498 ἔχειν
3036 3430 3238 3495 οἴεσθε,
3285 3432 3353 3484 τά
3402 3434 3529 3502 παρ’
3578 3434 3712 3502 tim;
3761 3435 3995 3499 δίκπίωῖ

2401 3518 2671 3589 λεγόμενα
2725 3524 2994 3592 πράττετε
3033 3523 3257 3575 καὶτοῦ
3308 3524 3514 3577 ἀδικεῖν
3563 3528 3692 3589 τοὺς
3737 3529 3996 3597 πτωχοὺς

2403 3610 2716 3664 παύσασθε’
2760 3612 2945 3682 μόνοις
2996 3612 3104 3683 γὰρ
3158 3611 3335 3681 ίχθύσι
3375 3611 3533 3666 τοῦτο
3559 3615 3893 3684 νενόμισται,
3932 3617 3997 3670 τὺ

2403 3704 2495 3757 τὸν
2546 3705 2916 3776 δυνατώτερον
2968 3706 3063 3757 καὶ
3104 3705 3326 3775 μείζονα
3363 3706 3674 3761 κατεσθίειν
3706 3708 3798 3761 τὸν
3834 3709 3992 3763 ἐλάσ-

2407 3812 2557 3850 σονα.
2594 3797 2658 3849 Ei
2707 3796 2763 3849 δὲ
2811 3799 2924 3859 τοῖς
2952 3798 3101 3866 ἐμοῖς
3146 3798 3567 3867 προστάγμασιν
3595 3799 3680 3872 [Ρ.
3727 3799 3855 3872 589}
3893 3803 3998 3871 οὐχ

2406 3887 2685 3954 ὑπείκετε,
2724 3889 2863 3944 ἀλλὰ
2900 3892 3020 3954 ταῖς
3070 3888 3225 3952 ἰδίαις
3276 3890 3594 3960 ἐπιθυμίαις
3643 3894 3997 3962 ἁλισκόμενοι

2406 3980 2802 4048 πλεονεκτεῖτε,
2832 3982 3255 4053 προχειρίσασθε
3306 3984 3496 4053 ἕτερον
3529 3984 3589 4038 ὃν
3619 3986 3683 4038 ἂν
3726 3984 3999 4054 βούλησθε

2407 4070 2536 4140 ὑμῖν
2565 4071 2818 4140 βασιλέα·
2876 4071 2989 4139 ἐγὼ
3037 4071 3146 4141 γὰρ
3196 4073 3437 4127 ἀπειθῶν
3490 4077 3586 4127 καὶ
3641 4073 3841 4126 ἀδὲκων
3896 4075 3998 4127 καὶ

2407 4161 2750 4215 πλεονεκτῶν
2784 4160 3091 4230 βασιλεύειν
3124 4164 3183 4215 οὐ
3212 4163 3474 4233 δύναμαι.
3499 4158 3593 4225 Εἷς
3619 4164 3673 4215 δέ
3702 4182 3781 4225 τις
3807 4165 3917 4215 τῶν
3938 4166 4002 4217 ἐν

2405 4252 2550 4306 τέλει
2575 4254 3099 4325 παρρησιασάμενος
3132 4273 3266 4326 φησι
3300 4256 3380 4326 τῷ
3420 4256 3663 4326 βασιλεῖ·
3706 4256 4000 4325 Προχειρι-

2409 4345 2559 4398 σάτω
2592 4362 2660 4413 με
2709 4349 2742 4410 ἠ
2793 4346 3043 4416 βασιλεία
3079 4365 3173 4400 σου
3208 4347 3441 4401 ἐνώπιον
3476 4343 4002 4415 πάντωνἝπαρχον,

2410 4435 2507 4488 καὶ
2535 4435 2828 4505 διορισάτω
2865 4437 3092 4507 μηδενὸς
3128 4438 3407 4505 φείδεσθαι
3439 4438 3535 4490 τοῦ
3559 4439 3771 4490 δικαίου
3805 4440 3999 4501 ἕνεκα,

732 4537 993 4608 potiorem
1029 4534 1245 4603 justitia
1289 4532 1520 4585 habeam
1552 4570 1565 4591 ,
1602 4538 1771 4598 utque
1802 4529 1936 4581 mihi
1970 4536 2020 4581 te
2045 4526 2114 4581 de
2140 4527 2303 4582 rebus

2415 4526 2767 4597 συγχωρείτω
2789 4526 2850 4580 δέ
2876 4544 2943 4597 με
2966 4525 3311 4597 εἰσέρχεσθαι
3334 4528 3469 4597 πρός
3498 4543 3555 4579 σε
3583 4522 3878 4590 ἀκωλύτως
3903 4528 4003 4580 τοῦ

733 4627 1064 4682 necessariis
1091 4624 1370 4679 mouituro
1401 4636 1614 4690 semper
1645 4620 1829 4675 aditus
1859 4627 2075 4688 pateat:
2100 4619 2311 4688 recipio

732 4722 784 4775 in
816 4735 900 4774 me
926 4718 1243 4774 eﬂ‘ecturum
1278 4732 1361 4770 me
1392 4716 1534 4769 intra
1570 4728 1836 4776 mensem,
1885 4727 1955 4767 ne
1981 4712 2093 4767 ulla
2130 4714 2202 4767 sit
2226 4711 2311 4767 vel

730 4814 896 4885 682
926 4813 1075 4866 illata
1128 4813 1182 4864 in
1236 4809 1369 4863 urbe
1412 4808 1496 4861 vel
1556 4814 1779 4876 accepta
1830 4804 2054 4872 injuria.
2102 4802 2350 4869 Quodsi'

735 4911 858 4975 quis
885 4905 1124 4975 proferet
1150 4904 1367 4973 culpam
1403 4914 1564 4970 quam
1588 4914 1689 4966 ego
1721 4897 1853 4951 mihi
1880 4895 2176 4951 indicatam
2200 4910 2309 4949 non

739 4998 1070 5068 puniverim,
1105 4997 1281 5063 capite
1319 5010 1404 5048 me
1431 4993 1588 5061 plecti
1617 4991 1806 5058 jubeo.
1839 4988 2160 5059 Pergratum
2207 4988 2313 5043 lioc

739 5088 1055 5160 imperatori
1114 5086 1237 5151 fuit,
1275 5099 1515 5155 eumque
1567 5083 1885 5153 praefectum
1914 5081 2068 5137 urbis
2100 5079 2310 5135 consti-

742 5183 864 5236 tuit.
926 5179 972 5233 Is
999 5195 1128 5249 ergo
1165 5194 1289 5232 cum
1326 5194 1484 5232 mane
1516 5193 1616 5248 pro
1667 5175 1929 5230 tribunali
1980 5173 2218 5237 sederet,
2257 5182 2313 5228 et

743 5274 985 5344 quaedam
1021 5274 1183 5327 vidua
1211 5281 1531 5341 quereretur
1577 5285 1636 5324 se
1689 5284 1719 5322 a
1780 5268 2045 5339 magistro
2068 5266 2306 5336 quodam

744 5366 996 5421 Omnibus
1031 5365 1147 5420 suis
1197 5362 1548 5417 facultatibus
1600 5359 1916 5429 spoliatam,
1973 5360 2141 5412 mittit
2190 5372 2309 5412 eam

746 5473 871 5512 cum
902 5456 1079 5526 sigillo
1114 5456 1179 5511 ad
1208 5455 1527 5525 magistrum
1564 5452 1741 5517 illum,
1788 5452 2053 5521 jubetque
2085 5466 2207 5505 eum
2245 5450 2312 5504 ad

2412 4619 2481 4673 τὰ
2544 4620 2820 4690 ἀνήκοντα
2878 4619 3323 4690 ὑπομιμνήσκειν
3376 4618 3436 4673 τδ
3497 4620 3699 4689 κράτος
3733 4636 3862 4672 σου·
3906 4624 4002 4673 καὶ

2418 4710 2623 4781 βεϐαιῶ
2658 4712 2819 4780 μέχρι
2843 4712 3139 4781 τριάκοντα
3165 4712 3389 4781 ἡμερῶν
3426 4712 3499 4781 μὴ
3528 4712 3879 4780 εὑρίσκεσθαι
3910 4713 4003 4765 τοι.

2418 4800 2713 4857 ἀδικοῦντα
2749 4802 2782 4872 ἦ
2816 4802 3195 4873 ἀδικούμενον.
3242 4803 3303 4855 Εί
3327 4802 3384 4855 δέ
3420 4820 3504 4865 τις
3532 4802 3841 4871 ὑπομνήσει
3873 4807 4003 4874 περί

2419 4915 2567 4962 τινος
2593 4897 2903 4963 ὑποθέσεως
2925 4896 2991 4972 ἧς
3018 4900 3257 4970 ηκουσα,
3298 4898 3408 4968 ἐγὼ
3441 4900 3537 4952 καὶ
3563 4900 3662 4951 οὐκ
3689 4898 4004 4969 ἐξεδίκησε,

2417 4990 2730 5060 κεφαλικῶς
2784 4991 3265 5063 τιμωρηθήσομαι.
3344 4991 3517 5044 Τοῦτο
3585 4990 3678 5043 τοῦ
3737 4991 4005 5061 βασιλέως

2419 5085 2671 5154 ἀσμένως
2687 5084 3114 5153 ἀποδεξαμένου,
3148 5083 3536 5153 προεχειρίσθη
3564 5082 3825 5151 ἔπαρχος.
3860 5083 4004 5135 "Em.

2420 5178 2513 5230 θεν
2538 5176 2595 5230 δὲ
2624 5179 2714 5230 ἐπὶ
2748 5176 2827 5247 τῷ
2854 5177 3141 5249 ὲπαρχικῷ
3174 5179 3378 5248 βήματι
3415 5175 3874 5245 προκαθίσαντος,
3912 5178 4005 5226 καί

2419 5287 2563 5333 τινος
2590 5267 2740 5338 αύτῷ
2770 5270 3029 5338 γυναικὸς
3060 5272 3235 5340 χήρας
3268 5266 3676 5338 προσελθούσης
3709 5267 3805 5319 καὶ
3837 5267 4004 5335 φησά-

2423 5377 2524 5431 σης
2548 5360 2624 5424 ὡς
2655 5361 2954 5432 μαγιστρός
2976 5379 3060 5425 τις
3095 5362 3453 5431 καθήρπασεν
3490 5361 3661 5431 αὐτῆς
3686 5359 3785 5427 τὴν
3814 5360 4002 5413 obsim

2421 5454 2666 5519 ἃπασαν,
2683 5454 2997 5508 ἀπέστειλεν
3022 5455 3192 5525 αὐτὴν
3223 5456 3362 5527 μετά
3397 5455 3693 5525 σφραγῖδος
3717 5455 3900 5507 εἰπεῖν
3926 5454 4005 5523 τῷ

1902 5609 2255 5667 XYLANDRI
2290 5612 2379 5667 ΕΤ
2412 5613 2620 5671 GOABI
2667 5615 2907 5674 NOTAE.

756 5818 924 5877 Cum.

827 5752 934 5817 (ὓὸ)
963 5750 1227 5815 Ἔπιπλα.
1262 5748 1453 5811 dum“:
1486 5748 1760 5818 stragulw.
1800 5746 1909 5802 υεια
1935 5762 2155 5818 proprie
2224 5759 2351 5805 sunt
2388 5754 2541 5822 ρρρία
2569 5795 2583 5822 ,
2632 5770 2740 5811 non
2788 5757 3143 5811 instrumenta
3170 5794 3185 5820 ,
3249 5762 3307 5809 ut
3374 5764 3633 5825 corrupte
3712 5756 3989 5827 interpres
