4214 6450
191 464 292 492 ἰτ

204 483 300 521 ιὶιὶ

1255 451 1792 510 ΙΙΙΞΤΟΒΙΑΒΠΜ
1838 451 2360 513 COMPENDIUM.

3362 451 3469 515 7i6

193 574 484 646 μαγίστρῳ
529 569 939 644 παραγενέσθαι
979 565 1625 638 δικαιολογηθησὸμενον.
1665 568 1776 639 Τῆς

1883 571 2169 625 dicendam
2206 583 2430 626 causam
2458 569 2668 624 venire.
2717 571 2856 626 Cum
2889 585 3010 626 eam
3047 573 3314 643 magister
3344 588 3467 628 ver-

190 670 247 722 δὲ
269 667 612 736 ἀπελθούσης
640 665 738 718 καὶ
769 662 970 734 μᾶλλον
1001 659 1318 732 τυφθείσης,
1351 660 1449 713 ἕνα
1471 659 1580 714 τῶν
1608 662 1775 716 αὑτοῦ

192 761 531 834 κουρσὼρων
564 761 591 812 6
615 758 856 828 ἔπαρχος
887 753 1024 826 πρὸς
1068 753 1160 807 τὸν
1197 753 1499 824 μάγιστρον
1528 752 1742 824 ἔπεμψε
1762 773 1778 789 ο

192 857 452 910 κάκεῖνον
504 848 1020 922 παραλογισάμενος
1083 845 1472 915 ἀπεπέμψατο.
1543 845 1652 899 Τοῦ
1722 845 1780 898 δὲ

190 948 437 1018 ἐπάρχου
477 947 534 998 έν
562 945 639 1016 τῷ
677 940 889 1012 ἱππικῷ
926 941 1018 995 τὸν
1065 939 1368 1011 μάγιστρον
1399 939 1780 1010 ἐκδεχομένου,

189 1037 358 1092 αὑτοῦ
393 1055 454 1090 τε
484 1035 580 1089 τοῦ
611 1034 915 1106 μαγίστρου
941 1031 1233 1112 κληθέντος
1261 1031 1341 1095 εἰς
1365 1045 1464 1103 την
1493 1031 1781 1102 βασιλικὴν

191 1129 460 1194 ἑστίασιν,
489 1125 620 1198 ἦλθε
658 1129 753 1180 καὶ
777 1130 804 1180 6
833 1127 1077 1194 ἔπαρχος
1104 1122 1243 1194 πρὸς
1276 1123 1367 1177 τον
1403 1123 1650 1194 βασιλέα,
1685 1121 1780 1174 καί

189 1240 330 1294 φησι
363 1223 500 1291 πρὸς
531 1220 695 1274 αὑτόν
723 1238 735 1251 ·
790 1220 849 1271 Εἰ
892 1218 990 1287 μὲν
1015 1215 1049 1270 ἀ
1079 1216 1418 1286 προσέταξὰς
1451 1234 1562 1286 μοι,
1608 1209 1652 1268 ὦ
1681 1214 1780 1284 βα-

192 1314 370 1377 σιλεῦ,
416 1313 728 1381 φυλάττεις,
762 1309 856 1364 τοῦ
891 1309 966 1379 μὴ
1004 1307 1281 1378 φείδεσθαι
1314 1307 1424 1360 τῶν
1458 1308 1585 1369 τοὺς
1634 1323 1782 1358 πτω-

192 1408 324 1474 χοῦς
388 1402 738 1465 ἀδικούντων,
791 1399 962 1468 γνῶθι
1021 1416 1089 1470 με
1138 1399 1447 1451 τελειοῦντα
1499 1397 1595 1466 τὴν
1643 1398 1780 1468 ἐμὴν

189 1497 514 1567 ὑπόσχεσιν.
571 1496 634 1548 Ei
706 1494 762 1547 δὲ
828 1493 1272 1563 μεταμελόμενος
1331 1491 1519 1560 φίλους
1581 1491 1779 1560 μᾶλλον

190 1590 406 1656 σεαυτῷ
438 1589 612 1650 ποιεῖς
639 1588 737 1640 καὶ
767 1587 1072 1657 συνεστιᾷς,
1104 1585 1276 1654 γνῶθι
1307 1583 1453 1652 κάμὲ
1487 1583 1780 1652 παραιτού-

189 1697 378 1747 μενον.
423 1679 533 1730 Καὶ
569 1679 596 1730 6
629 1680 923 1748 βασιλεύς·
960 1680 1022 1731 Εἰ
1054 1677 1164 1744 ἐγώ
1199 1676 1315 1745 εἰμι
1361 1679 1386 1729 6
1439 1676 1660 1737 ἀδικῶν,
1694 1675 1780 1738 ἐξ·

188 1771 504 1839 ανάστησόν
543 1788 611 1840 με
641 1770 737 1824 τοῦ
772 1771 988 1842 θρόνου.
1035 1771 1092 1821 '0
1132 1768 1187 1820 δὲ
1230 1768 1428 1820 αὐτίκα
1475 1768 1567 1819 τὸν
1616 1767 1782 1836 μαγι-

188 1879 354 1933 στρον
388 1862 577 1934 βιαίως
608 1863 745 1934 ἄρας
797 1865 855 1915 ὲν
893 1865 958 1931 τῇ
991 1862 1263 1931 λεγομένῃ
1312 1859 1502 1928 Χαλκῇ
1532 1858 1769 1929 παρεγέ·

1890 664 2118 719 berihus
2150 663 2289 717 male
2357 662 2647 716 multatam
2683 663 3006 729 remisisset,
3059 666 3225 718 mittit
3276 665 3468 735 prmfe-

1889 768 2011 810 etus
2038 758 2102 808 ad
2140 771 2262 807 eum
2294 755 2360 809 de
2393 755 2721 811 cursoribus
2757 756 2874 810 suis
2896 772 3063 810 unum
3091 773 3104 812 :
3148 759 3292 813 hunc
3329 775 3470 829 quo—

1886 861 1993 913 que
2023 845 2069 898 is
2103 844 2283 899 verbis
2316 844 2566 900 delusum
2614 844 2845 900 dimisit.
2905 844 3125 899 Interim
3168 847 3299 902 dum
3331 863 3467 919 prte-

1888 940 2066 992 ίυριιις
2095 939 2146 991 in
2186 936 2348 993 Circo
2380 939 2532 993 sedet
2557 939 2996 1010 magistrumque
3025 943 3334 1010 opperitur,
3379 943 3469 998 hic

1890 1033 1953 1082 a-l
1987 1032 2300 1086 convivium
2357 1033 2424 1085 ah
2483 1032 2818 1102 imperatore
2856 1045 3105 1089 vocatur.
3166 1034 3365 1089 Eodem
3409 1052 3467 1090 se

1890 1121 2181 1192 prmfectus
2217 1138 2437 1192 quoque
2467 1123 2703 1188 confert,
2727 1125 2911 1193 aitque
2934 1127 3285 1196 imperatori:
3315 1125 3371 1181 Si
3410 1129 3464 1181 in

1887 1232 1973 1280 eo,
2011 1217 2330 1286 imperator,
2362 1217 2649 1285 persisris,
2689 1215 2836 1286 quod
2893 1217 3024 1271 mihi
3060 1219 3353 1285 mandasti,
3401 1236 3469 1274 ne

1887 1309 2210 1378 cuieurum
2245 1310 2336 1379 qui
2367 1325 2636 1378 pauperes
2676 1311 3002 1365 concutiunt
3038 1327 3284 1380 paream,
3326 1315 3467 1370 scito

1888 1416 1972 1453 me
2006 1401 2294 1468 promissis
2337 1401 2474 1455 meis
2517 1402 2960 1456 satisfacturum.
2997 1401 3091 1456 Sin
3122 1418 3217 1458 eos
3253 1412 3310 1458 tu
3351 1422 3467 1474 pce-

1888 1491 2120 1545 nitentia
2154 1491 2354 1548 ductus
2390 1495 2598 1548 amicos
2630 1495 2813 1563 potius
2869 1496 3036 1552 habes
3085 1505 3140 1551 et
3196 1497 3468 1554 conviviis

1887 1583 2137 1647 adhibes,
2168 1586 2314 1641 scias
2341 1601 2429 1641 me
2458 1603 2680 1658 quoque
2712 1588 3018 1644 detrectare
3057 1605 3116 1644 ea
3147 1605 3269 1659 quae
3291 1590 3346 1645 in
3383 1606 3468 1645 me

1888 1677 2087 1747 recepi.
2119 1677 2455 1748 Imperatore
2501 1681 2870 1749 reSpondente
2899 1683 2974 1736 uti
3008 1683 3250 1751 seipsqu
3286 1685 3468 1754 potius

1885 1766 2027 1820 solio
2073 1767 2407 1836 detraheret,
2467 1771 2510 1824 si
2547 1782 2758 1826 sontem
2815 1772 2938 1826 talis
2984 1773 3235 1826 criminis
3277 1775 3466 1838 sciret,

1887 1855 2178 1926 przefectus
2207 1858 2355 1913 illico
2386 1862 2708 1930 magistrum
2735 1863 2782 1914 vi
2811 1863 3076 1930 abripuit,
3097 1873 3150 1918 et
3179 1867 3230 1918 in
3258 1868 3469 1920 curiam

189 1971 336 2020 νετο,
392 1956 488 2009 καὶ
541 1954 1115 2024 ἀκριϐολογησάμενος
1158 1953 1227 2007 τὰ
1273 1955 1403 2022 παρ’
1455 1951 1776 2021 ἀμφοτέρων

1887 1963 2008 2017 quae
2057 1949 2222 2003 Erea
2277 1949 2482 2004 dicitur
2538 1968 2661 2004 cum
2715 1968 2780 2006 eo
2847 1955 3000 2010 abiit.
3061 1955 3135 2011 lhi
3180 1957 3469 2030 diligenter

188 2048 483 2118 λεγόμενα,
537 2048 634 2100 καὶ
687 2047 851 2114 γνοὺς
882 2046 957 2110 ὡς
1008 2047 1069 2099 ού
1113 2045 1327 2115 μικρῶς
1375 2043 1609 2114 ⁴ίίδικήθη
1650 2044 1783 2114 παρ’

191 2139 362 2193 αὑτοῦ
386 2141 418 2208 ἡ
453 2138 614 2208 γυνὴ,
634 2138 808 2206 τύψας
837 2138 1033 2201 αὑτὸν,
1062 2137 1155 2189 καὶ
1174 2137 1274 2206 τὴν
1294 2135 1537 2206 κεφαλὴν
1571 2136 1780 2206 κείρας,

192 2230 306 2292 καὶ,
335 2232 544 2300 γυμνὸν
578 2232 683 2300 ὄνῳ
732 2228 1060 2291 ἐπικαθίσας
1098 2228 1187 2281 διὰ
1219 2228 1392 2298 μέσης
1432 2229 1528 2298 τῆς
1571 2228 1781 2291 πόλεως

191 2323 585 2392 ἐθριάμϐευσε,
625 2321 747 2384 δοὺς
775 2325 842 2392 τῇ
874 2322 1095 2389 γυναικὶ
1124 2323 1304 2374 πᾶσαν
1330 2321 1429 2390 τὴν
1463 2318 1781 2390 περιουσίαν

194 2413 430 2468 ἐκείνου.
457 2416 568 2468 Καὶ
597 2415 661 2466 ἐκ
699 2412 891 2466 τούτου
921 2413 1123 2476 πάντες
1169 2412 1654 2482 ὲσωφρονίσθησαν
1687 2411 1782 2464 καὶ

191 2507 332 2572 πρὸς
369 2506 632 2576 ἀλλήλους
663 2505 1017 2576 πολυτρόπως
1057 2506 1400 2577 εἰρήνευσαν,
1434 2506 1508 2568 ὡς
1541 2506 1702 2575 μέχρι
1735 2501 1780 2556 λ’

191 2598 426 2670 ἡμερῶν
455 2598 529 2670 μὴ
555 2599 908 2670 εὑρίσκεσθαι
938 2598 1274 2668 ἐγκαλοῦντα
1297 2598 1328 2668 ἢ
1356 2595 1776 2666 ἐγκαλούμενον.

195 2692 303 2744 Καὶ
338 2692 367 2742 6
399 2691 637 2762 ἔπαρχος
665 2691 766 2759 ἔφη
798 2691 873 2760 τῷ
908 2690 1144 2759 βασιλεῖ·
1181 2691 1318 2754 Νῦν,
1347 2689 1604 2751 δέσποτα,
1643 2687 1781 2756 ὅπερ

197 2781 518 2850 ὑπεσχόμην
544 2779 859 2833 ἐτελείωσα.
887 2779 994 2832 Τοῦ
1024 2780 1079 2830 δὲ
1116 2779 1380 2848 βασιλέως
1403 2776 1779 2848 προελθόντος,

193 2872 266 2932 ὠς
297 2872 473 2931 οὐδεὶς
515 2867 584 2940 ἦν
610 2872 638 2920 6
661 2867 933 2937 ἐγκαλῶν,
970 2869 1319 2940 ὑποστρέψας
1360 2869 1646 2939 πατρίκιον
1678 2869 1779 2920 αὑ-

191 2959 283 3011 τὸν
325 2959 550 3026 ἐποίησε
601 2957 694 3012 καὶ
731 2957 978 3028 ὕπαρχον
1025 2958 1188 3012 αὑτὸν
1239 2959 1403 3029 μέχρι
1443 2958 1633 3019 τέλους
1680 2955 1780 3022 τῆς

193 3051 338 3116 fari;
371 3049 561 3104 αὑτοῦ.

273 3232 401 3284 Ἐπὶ
435 3232 534 3302 τῆς
580 3233 860 3303 βασιλείας
904 3235 1095 3290 τούτου
1138 3236 1432 3308 Ὀρμίσδας
1474 3240 1772 3306 ἐπίσκοπος

205 3322 430 3393 Ῥώμης
471 3325 796 3378 καταλαϐὼν
851 3326 951 3397 τὴν
997 3328 1602 3396 Κωνσταντινούπολιν,
1660 3335 1775 3404 ἅμα

192 3412 472 3474 πλείστοις
496 3415 840 3479 ἐπισκόποις,
865 3419 992 3480 τοὺς
1021 3417 1447 3490 ἀνθισταμένους
1478 3424 1542 3494 τῇ
1575 3427 1777 3493 συνόδῳ

191 3505 539 3573 Χαλκηδόνος
593 3506 838 3576 καθῆρεν
893 3508 1136 3580 Σεϐῆρον
1190 3511 1280 3565 τὸν
1325 3512 1654 3582 Ἀντιοχείας
1687 3515 1774 3588 [Ρ.

190 3592 320 3666 590]
353 3595 448 3648 καὶ
495 3596 798 3663 Φιλόξενον,
839 3599 1241 3667 βεϐαιώσαντες
1283 3603 1381 3670 τὴν
1438 3603 1606 3674 αὐτὴν
1645 3605 1773 3658 σύν-

189 3685 332 3746 οδον,
357 3687 453 3739 καὶ
483 3687 742 3754 περὶτῶν
777 3687 869 3742 δύο
897 3687 1115 3756 φύσεων
1149 3690 1242 3744 τοῦ
1289 3694 1527 3762 Χριστοῦ
1555 3697 1625 3749 τά
1661 3698 1773 3749 Κυ-

191 3775 376 3844 ρὲλλου
410 3774 818 3850 Ἀλεξανδρείας
845 3779 1173 3847 προσθέντες
1202 3783 1441 3854 ῥήματα·
1483 3786 1541 3839 '0
1570 3788 1774 3860 στατὴρ

185 3867 214 3918 ὁ
247 3867 468 3935 νοητὸς,
528 3867 588 3920 τὸ
632 3867 876 3939 νόμισμα
916 3869 975 3923 τὸ
1020 3871 1323 3942 βασιλικὸν,
1376 3876 1406 3926 6
1452 3879 1509 3949 ἔν
1562 3879 1772 3947 ένότητι

181 3954 396 4035 βπλοῦς
412 3958 700 4028 χαρακτὴρ
728 3961 962 4030 Χριστὸς
987 3963 1179 4016 ἑαυτὸν
1197 3965 1337 4034 ὑπὲρ
1357 3967 1574 4020 πάντων
1601 3986 1769 4039 προσ-

185 4046 488 4114 κεκόμικεν
536 4049 617 4111 είς
671 4050 928 4104 ἁπάντων
982 4051 1130 4122 ζωῆς
1175 4054 1512 4127 ἀντίλυτρον.
1563 4059 1668 4112 Δύο
1715 4061 1770 4114 δὲ

188 4137 383 4204 φύσεις
421 4138 672 4207 λέγοντες
701 4142 801 4211 τὴν
835 4143 1101 4214 διαφορὰν
1128 4146 1468 4218 σημαίνομεν
1502 4151 1603 4220 τῆς
1636 4170 1771 4224 σαρ-

184 4231 280 4291 κὸς
309 4230 407 4283 καὶ
433 4231 526 4284 τοῦ
550 4233 725 4300 Λόγου
749 4235 838 4288 διὰ
858 4237 917 4288 τδ
941 4235 1267 4308 ἀσύγχυτον.
1312 4240 1375 4292 Ἦ
1407 4243 1514 4314 γὰρ
1536 4243 1774 4314 σύγκρα-

185 4335 269 4380 σις
305 4322 615 4390 ἀφανισμὸν
647 4323 757 4376 τῶν
795 4326 890 4378 δύο
931 4328 1148 4395 φύσεων
1176 4333 1575 4404 ἀπεργάζεται.
1627 4337 1687 4389 Ἠ
1716 4339 1771 4390 δὲ

184 4410 430 4480 ᾰῤῥητος
471 4410 666 4475 ἔνωσις
695 4414 1104 4488 ὁμολογουμένη
1154 4420 1249 4472 καὶ
1296 4423 1636 4494 ἀσυγχύτους
1674 4446 1774 4496 φυ-

182 4499 368 4551 λάττει
399 4499 499 4563 τὰς
538 4502 754 4570 φύσεις.
802 4507 897 4560 καὶ
932 4508 1028 4561 ἕνα
1057 4509 1311 4563 ἀποτελεῖ
1355 4513 1415 4576 ἐξ
1448 4515 1654 4584 ἀμφοῖν
1684 4520 1774 4585 οφ-

184 4588 349 4642 θέντα
381 4591 641 4661 Χριστὸν,
673 4593 807 4648 Θεὸν
843 4596 978 4666 ὁμοῦ
1015 4615 1073 4652 τε
1103 4599 1198 4653 καὶ
1224 4599 1510 4672 ἄνθρωπον
1539 4606 1769 4675 γενόμε-

179 4696 271 4732 νον
305 4681 399 4733 τὸν
433 4683 620 4737 αὑτὸν.

249 4769 341 4839 Τῷ
379 4769 424 4840 β’
448 4771 558 4825 ἔτει
589 4775 835 4845 Αίθέριος
876 4779 974 4831 καὶ
1008 4780 1199 4846 Αῦδιος
1228 4784 1321 4837 καὶ
1352 4787 1402 4838 oi
1449 4787 1547 4841 σὺν
1576 4788 1759 4853 αὑτοῖς

182 4861 363 4933 ἰατροὶ
417 4861 821 4920 ἐπεϐούλευσαν
869 4868 947 4937 τῷ
997 4868 1227 4939 βασιλεῖ,
1280 4875 1376 4929 καὶ
1429 4877 1764 4946 γνωσθέντες

179 4952 456 5007 ἀπέθανον
487 4953 658 5024 ξίφει.

249 5044 340 5113 Τῷ
383 5052 434 5112 γ’
478 5045 590 5100 ἔτει
645 5051 1116 5124 μεταστειλαμένη
1183 5055 1350 5122 Σοφία
1397 5058 1430 5129 ἠ
1479 5061 1763 5128 Αὑγοῦστα

181 5133 395 5197 πάντας
422 5137 549 5199 τοὺς
571 5140 982 5208 χρεωστοῦντας
1017 5144 1266 5198 ἀπέδωκε
1290 5150 1401 5210 τοῖς
1425 5165 1764 5223 κεχρεωστη-

184 5222 368 5291 μένοις
400 5225 580 5279 πάντα
621 5230 691 5280 τὰ
738 5230 1088 5301 ὀφειλόμενα,
1134 5222 1612 5309 ἀντιστραφέντων
1653 5222 1762 5297 τῶν

180 5315 456 5386 ἐνεχύρων
485 5320 596 5381 τοῖς
631 5319 783 5386 ἰδίοις
816 5324 1125 5391 αὑθένταις.

252 5405 343 5473 Τῷ
371 5405 414 5459 δ’
451 5408 562 5461 ἔτει
614 5410 786 5474 κτίζει
818 5413 880 5466 τὸ
926 5417 1184 5471 παλάτιον
1225 5417 1334 5472 τῶν
1377 5421 1653 5493 Σοφιανῶν
1681 5429 1760 5492 είς

177 5497 351 5568 δνομα
383 5500 485 5570 τῆς
516 5505 775 5572 γυναικὸς
807 5508 971 5561 αὑτοῦ
1007 5511 1229 5580 Σοφίας.

247 5589 338 5659 Τῷ
363 5598 405 5643 ε’
440 5591 550 5645 ἔτει
579 5595 753 5661 κτίζει
787 5599 886 5670 τὴν
922 5602 1090 5674 μονὴν
1118 5606 1216 5677 τῆς
1246 5607 1588 5681 Πρίγκηπος,
1624 5631 1758 5685 προ-

175 5680 394 5736 άστειον
425 5683 597 5752 αὐτὴν
623 5687 810 5746 οὖσαν.

245 5773 336 5842 Τῷ
367 5781 422 5838 ς’
453 5775 562 5829 ἔτει
591 5778 818 5852 Ναρσῆς
860 5785 888 5836 6
931 5784 1210 5858 ἀγαπητὸς
1241 5792 1334 5846 τοῦ
1379 5792 1644 5864 βασιλέως
1672 5799 1758 5855 ἔκ-

173 5881 226 5918 τι
238 5879 290 5917 σε
321 5864 420 5933 τὴν
445 5867 625 5920 οἰκίαν
653 5869 873 5936 Ναρσοῦ
897 5878 989 5928 καὶ
1016 5879 1114 5948 τὴν
1139 5884 1307 5953 μονὴν
1333 5885 1439 5938 τῶν
1470 5887 1752 5958 καθαρῶν.

371 5959 645 6024 Parnm.
682 5965 797 6025 (in.
832 5966 1052 6031 CXXI.

1889 2041 2173 2112 utriusque
2208 2059 2465 2098 sermone
2495 2046 2864 2110 considerato,
2901 2064 3026 2103 cum
3057 2051 3202 2107 haud
3252 2054 3466 2110 levibus

1886 2133 2105 2202 injuriis
2161 2136 2228 2190 ab
2286 2151 2352 2190 eo
2410 2134 2659 2191 affectam
2719 2140 3004 2196 mulierem
3074 2147 3464 2216 comperisset,

1890 2225 2208 2278 verberibus
2245 2227 2521 2293 impositis
2554 2229 2759 2282 homini
2786 2242 2950 2300 caput
2988 2236 3144 2297 rasit,
3197 2237 3467 2309 asinoquc

1887 2314 2092 2369 nudum
2144 2315 2460 2387 impositum
2517 2335 2614 2388 per
2671 2323 2905 2377 mediam
2959 2327 3144 2381 urbem
3184 2331 3347 2384 veluti
3409 2332 3464 2386 in

1885 2407 2170 2477 triumpho
2203 2409 2379 2474 duxit,
2432 2417 2485 2464 et
2521 2427 2712 2467 omnes
2767 2416 2886 2485 ejus
2919 2433 3052 2488 opes
3101 2421 3319 2476 mulieri
3364 2421 3464 2478 adv

1885 2498 2044 2553 dixit.
2080 2498 2194 2556 Hoc
2226 2506 2536 2572 exemplum
2583 2507 2825 2577 reliquos
2868 2511 2939 2563 ita
2973 2512 3025 2564 in
3056 2513 3198 2567 viam
3232 2514 3463 2586 redegit,

1886 2605 1947 2644 ut
1995 2592 2201 2663 ubique
2253 2596 2417 2666 683
2451 2614 2664 2651 summa
2702 2605 2753 2653 in
2787 2617 2919 2670 pace
2952 2605 3249 2670 viveretur,
3300 2622 3465 2679 atque

1888 2683 2032 2737 intra
2063 2685 2133 2739 50
2161 2686 2302 2741 diem
2348 2703 2525 2758 neque
2561 2699 2713 2745 actor
2752 2693 2897 2748 ullus
2933 2704 3078 2750 esset
3120 2713 3296 2767 neque
3339 2715 3465 2772 rens

1887 2775 2234 2845 iujuriarum.
2268 2778 2404 2834 Tum
2434 2784 2724 2851 praefectus
2756 2786 3075 2855 imperatori
3108 2791 3380 2858 significat
3404 2809 3465 2848 se

1887 2871 2158 2937 promissa
2213 2872 2560 2943 implevisse;
2625 2890 2678 2932 et
2731 2878 3030 2948 imperator
3083 2883 3138 2938 in
3186 2885 3462 2956 publicum

1882 2977 2232 3030 progressus,
2272 2981 2396 3020 cum
2433 2969 2585 3023 nulla
2619 2973 2842 3040 querela
2867 2973 3172 3041 audiretur,
3205 2994 3463 3037 reversus

1849 3055 2110 3122 ,patricia
2139 3058 2405 3127 dignitate
2432 3075 2556 3114 eum
2592 3073 2754 3116 ornat
2798 3075 2852 3120 et
2893 3083 2988 3136 per
3033 3084 3253 3126 onmem
3291 3073 3457 3128 vitam

1881 3151 2196 3215 pra‘fectum
2230 3150 2379 3206 urbis
2402 3168 2522 3208 esse
2542 3154 2712 3220 jubet.

1950 3237 2170 3294 Justino
2205 3243 2528 3312 imperante,
2569 3247 2892 3308 ilormisdas
2944 3251 3130 3310 Romae
3165 3258 3456 3330 episcopus

1883 3331 2076 3402 Cpolin
2110 3350 2232 3388 cum
2272 3336 2525 3405 plurimis
2570 3342 3171 3416 episcopis'prol’ectus
3198 3350 3460 3409 adversa-

1882 3424 1992 3478 rios
2023 3423 2490 3484 Chalcedonensis
2516 3434 2733 3488 concilii
2765 3437 3007 3504 damnat,
3043 3439 3307 3498 Severum
3343 3445 3460 3500 An-

1881 3515 2217 3572 tiochensem
2242 3528 2297 3575 et
2325 3519 2722 3593 Philoxenum;
2777 3533 3065 3600 ratumque
3105 3550 3229 3590 esse
3257 3538 3457 3606 jubent

1880 3609 2012 3662 illud
2059 3611 2354 3665 concilium
2377 3654 2391 3679 ,
2443 3628 2504 3668 ac
2538 3614 2606 3669 de
2640 3617 2854 3674 duabus
2889 3620 2941 3675 in
2978 3622 3204 3680 Christo
3240 3631 3455 3686 naturis

1878 3700 1992 3754 haec
2026 3699 2210 3771 Cyrilli
2262 3703 2617 3764 Alexandrea:
2673 3710 2915 3783 episcopi
2974 3715 3183 3772 addunt
3244 3722 3449 3777 verba:

1879 3791 2058 3847 Stater
2112 3795 2208 3863 qui
2267 3807 2449 3853 mente
2505 3801 2846 3871 intelligitur,
2899 3807 3170 3864 nomisma
3217 3815 3448 3884 regium,

1876 3883 2103 3953 simplex
2158 3887 2214 3940 in
2262 3889 2469 3944 unitate
2502 3892 2810 3956 character,
2885 3897 3141 3958 Christus
3206 3883 3448 3974 seipsum

1877 3985 1974 4038 pro
2004 3975 2262 4030 omnibus
2300 3980 2520 4044 obtulit,
2565 3990 2620 4034 ut
2647 3985 2813 4038 vitam
2847 3990 3091 4044 omnium
3135 3992 3446 4052 redimeret.

1873 4062 2011 4114 Cum
2054 4078 2232 4120 autem
2282 4064 2420 4127 duas
2471 4086 2698 4128 naturas
2749 4077 3026 4145 dicimus,
3081 4084 3445 4144 diderentiatn

1875 4154 2252 4225 significamus
2277 4165 2461 4218 carnis
2502 4175 2554 4219 et
2586 4167 2676 4222 Dei
2711 4167 2895 4238 Verbi,
2931 4175 3057 4244 quia
3093 4177 3182 4231 illa
3218 4181 3446 4239 confusa

1876 4265 1983 4304 non
2035 4262 2188 4309 sunt.
2251 4258 2468 4314 Etenim
2523 4265 2837 4322 commistio
2891 4271 3179 4343 utriusque
3236 4288 3446 4334 natura:

1877 4345 2230 4404 abolitionem
2265 4367 2451 4407 secum
2491 4356 2753 4416 traheret.
2814 4362 2920 4416 Sed
3002 4363 3292 4425 ineffabilis
3355 4370 3446 4426 illa

1875 4450 2035 4504 quam
2076 4441 2404 4498 confitemur
2444 4446 2640 4512 unitio,
2671 4465 2847 4518 neque
2878 4466 3104 4511 naturas
3133 4457 3443 4528 confundit,

1877 4535 1930 4580 et
1959 4542 2022 4581 ex
2053 4529 2265 4586 duabus
2303 4550 2470 4588 unum
2509 4535 2788 4594 Christum
2825 4544 3086 4614 conﬁcit,
3122 4552 3215 4620 qui
3247 4566 3309 4608 se
3349 4567 3446 4608 ex-

1795 4616 1847 4675 D
1875 4619 2090 4688 hibuit;
2133 4623 2385 4696 idemque
2415 4639 2469 4682 et
2502 4627 2645 4686 Deus
2677 4643 2759 4687 est
2781 4643 2836 4690 et
2867 4636 3052 4693 homo.

1939 4799 2098 4856 Anno
2153 4807 2397 4864 secundo
2446 4809 2730 4868 Aitherius
2761 4817 3072 4886 etAudius,
3133 4824 3444 4898 medicique

1867 4891 1960 4960 qui
1997 4892 2105 4948 illis
2133 4896 2384 4962 aderant,
2443 4901 2685 4958 insidiati
2743 4916 2873 4962 sunt
2913 4909 3265 4981 imperatoris
3295 4891 3440 4986 vitae,

1868 4989 1922 5036 et
1949 4999 2007 5038 re
2033 4985 2242 5041 detecta
2273 4990 2453 5058 gladio
2482 4993 2816 5067 interempti.

1940 5073 2126 5129 Tertio
2149 5091 2294 5132 anno
2326 5077 2529 5150 Sophia
2556 5085 2825 5156 Augusta,
2850 5092 3042 5148 accitis
3064 5097 3322 5155 omnibus
3349 5104 3442 5170 qui

1865 5177 1974 5218 aere
2030 5166 2210 5222 alieno
2271 5170 2522 5226 obstricti
2576 5176 2952 5249 684erant,
3007 5185 3190 5244 debita
3249 5166 3440 5250 eorum

1866 5254 2231 5314 creditoribus
2292 5264 2547 5330 persolvit
2611 5276 2667 5322 et
2730 5271 2960 5340 pignora
3026 5278 3144 5335 suis
3198 5281 3442 5342 dominis

1867 5346 2126 5402 reddidit.

1941 5435 2151 5538 Quarto
2193 5455 2337 5496 anno
2369 5442 2620 5504 Justinus
2673 5453 2862 5508 condit
2896 5457 3160 5527 palatium
3197 5462 3439 5538 Sophia-

1867 5540 2086 5590 norum,
2109 5529 2176 5584 de
2206 5534 2427 5589 nomine
2456 5535 2673 5606 Sophiae
2703 5544 2954 5617 conjugis
2985 5564 3118 5607 suae.

1937 5618 2139 5683 Quinto
2187 5634 2330 5676 anno
2375 5625 2608 5683 aedificat
2665 5639 3004 5694 mansionem
3045 5641 3317 5716 Principis
3356 5649 3441 5707 fe-

1867 5711 2031 5765 mina:
2050 5711 2100 5764 iu
2138 5713 2424 5772 suburbio.

1933 5801 2097 5856 Sexto
2151 5818 2295 5858 anno
2334 5805 2536 5866 Narses
2583 5816 2944 5877 charissimus
2975 5825 3296 5898 imperatori
3337 5835 3437 5893 do-

1864 5907 2009 5948 mum
2037 5892 2190 5951 Narst
2211 5897 2280 5953 tis
2307 5907 2579 5960 exstruxit
2602 5917 2656 5964 et
2676 5892 3428 5992 Catharorum-mansionem.

3122 6012 3198 6079 24
