4214 6450
225 426 337 491 7&9

1328 416 1867 486 lllSl'OIlIARUM
1908 423 2436 485 COMPENDIUM.

3391 418 3499 480 750

223 534 474 591 ἀπέλαϐε
526 532 621 588 τὸν
668 531 858 604 θρόνον
921 533 1572 596 Κωνσταντινουπόλεως.
1645 532 1702 585 '0
1755 532 1811 585 δὲ

1932 534 2218 602 {.nperator
2253 542 2433 590 autem
2462 546 2584 585 ctnn
2621 529 2819 585 amicta
2870 528 3184 587 valetudine
3224 538 3499 601 utcunque

226 628 489 701 βασιλεὺς
517 626 827 698 ἀσθενήσας
870 628 966 680 καὶ
997 624 1193 697 μικρὸν
1232 625 1446 689 ἀνεθεὶς
1476 624 1801 697 προσεκαλέι

148 717 152 721 ’
228 738 361 775 σατο
395 722 487 774 τόν
513 737 572 773 τε
609 718 872 791 ἀρχιερέα
910 720 1006 772 καὶ
1038 717 1138 791 τὴν
1186 717 1491 788 σύγκλητον
1532 722 1625 772 καὶ
1681 718 1814 770 πάν-

224 831 347 876 τας.
397 813 492 866 καὶ
539 810 765 880 ἀγαγὼν
808 811 900 864 τὸν
946 810 1203 882 Καίσαρα
1237 811 1494 882 Τιϐέριον
1545 809 1816 879 παρουσία

227 906 453 958 πάντων
487 904 823 976 προεϐάλετο
850 903 1015 957 αὑτὸν
1055 903 1303 974 βασιλέα,
1343 905 1513 957 εἰπών
1534 921 1545 933 θ
1593 903 1653 956 '0
1685 902 1817 963 Θεὸς

229 1000 438 1070 ἀγαθόν
471 1015 531 1052 σε
579 999 811 1069 ποιήσας
845 998 1031 1063 αὐτὸς,
1062 999 1165 1053 οὐκ
1213 998 1347 1067 ἐγὼ,
1414 997 1455 1045 ³»
1488 999 1670 1068 σχῆμα
1718 997 1819 1066 τῆς

232 1091 514 1161 βασιλείας
549 1108 633 1145 σοι
684 1091 889 1145 δίδωσι.
939 1092 1187 1162 Τίμησον
1237 1091 1392 1156 αὐτὸ,
1451 1092 1537 1144 ἵνα
1578 1090 1819 1159 τιμηθῇς

230 1183 327 1237 ὑπ’
344 1182 531 1236 αὑτοῦ.
551 1182 643 1253 Μὴ
663 1183 958 1254 ἑπιχαίρῃς
994 1183 1215 1253 αἵμασι,
1241 1183 1315 1253 μὴ
1335 1180 1580 1234 κοινώνει
1614 1183 1818 1249 φόνοις..

229 1276 323 1346 Μὴ
371 1275 541 1329 κακὸν
571 1275 694 1327 ἀντὶ
738 1274 911 1327 κακοῦ
943 1274 1252 1346 ἀποδώςῃς.
1293 1272 1387 1345 Μὴ
1428 1276 1628 1344 μηνιῇς
1692 1270 1819 1337 τινί,

228 1365 306 1428 ὼς
355 1365 544 1433 κάγώ·
588 1364 743 1433 κάγὼ
765 1367 874 1437 γάρ
931 1364 1138 1436 μηνιῶν
1185 1365 1441 1428 ἐπταισα,
1473 1367 1566 1417 καὶ
1599 1366 1821 1431 σςαλεὶς

231 1457 510 1510 ἀπέλαϐον
540 1457 684 1511 κατὰ
706 1458 805 1519 τὰς
837 1458 1070 1527 ἀνομίας
1102 1473 1237 1528 μου’
1268 1457 1407 1511 ἀλλά
1440 1456 1734 1524 δικάσομαι
1765 1458 1821 1508 ἐν

229 1550 311 1620 τῷ
346 1548 467 1619 Θεῷ
497 1551 611 1612 τοῖς
667 1549 1033 1602 ὑποϐάλλουσί
1081 1566 1170 1619 μοι
1216 1547 1408 1603 ταῦτα.
1444 1549 1535 1618 Μὴ
1576 1547 1822 1615 ἐπαρθῇς

233 1645 329 1695 ἐπὶ
360 1645 491 1714 τιμῇ
522 1646 622 1715 τῆς
657 1642 939 1713 βασιλείας
972 1659 1088 1697 σου.
1122 1642 1308 1705 Οὕτως
1339 1642 1427 1711 ἔχε
1455 1641 1580 1704 τοὺς
1616 1643 1823 1701 πάντας

232 1736 311 1798 ὡς
341 1737 556 1791 ἑαυτόν.
593 1734 770 1787 Γνῶθι
796 1734 879 1797 τίς
913 1729 979 1805 ἧς
1010 1734 1106 1787 καὶ
1137 1734 1224 1798 τίς
1256 1730 1310 1786 εἴ
1341 1732 1458 1785 νῦν.
1492 1733 1582 1804 Μὴ
1614 1733 1714 1783 {me
1728 1734 1823 1801 ρη-

234 1845 406 1895 φανος
430 1823 496 1900 ᾗς
520 1829 633 1890 τοῖς
656 1827 973 1896 ὁμοφύλοις,
1002 1828 1098 1880 καὶ
1122 1827 1220 1896 οὐχ
1248 1826 1525 1896 ἁμάρτῃς.
1558 1822 1719 1887 Οἶδας
1741 1826 1823 1885 τίς

234 1922 387 1991 ἢμην
422 1922 517 1974 καὶ
563 1921 647 1984 τίς
685 1924 801 1990 είμι
845 1921 964 1985 νῦν,
1001 1921 1094 1973 τὸν
1141 1918 1371 1972 θάνατον
1417 1920 1474 1970 ὲν
1525 1917 1823 1987 ὀφθαλμοῖς

232 2017 401 2087 ὁρῶν.
439 2016 646 2080 Πάντες
681 2013 827 2071 οὗτοι
869 2017 917 2069 οἱ
957 2016 1357 2089 παριστᾶμενοι
1386 2013 1560 2066 δοῦλοί
1591 2012 1697 2065 εἱσι
1730 2016 1823 2065 καὶ

232 2109 407 2160 τέκνα
452 2123 566 2162 σου.
619 2106 709 2176 Τῷ
763 2105 979 2175 στρατῴ
1034 2105 1292 2175 πρόσεχε.
1350 2103 1673 2172 ’Λνάνδρους
1733 2105 1827 2156 καὶ

235 2199 538 2263 ἀσυνέτους
567 2201 644 2270 μὴ
692 2197 1065 2270 προχειρίζου.
1116 2199 1206 2267 Μή
1243 2215 1303 2250 σε
1355 2197 1707 2251 πεισάτωσαν
1744 2197 1825 2248 ὅτι

237 2291 337 2343 καὶ
365 2290 417 2341 οί
456 2288 566 2359 πρὸ
605 2288 699 2342 σοῦ
730 2289 901 2352 οὕτως
936 2289 1260 2356 διεγένοντο.
1305 2287 1491 2340 Ταῦτα
1528 2285 1828 2357 παρεγγυῶ

238 2399 325 2436 σοι
355 2383 453 2437 καὶ
491 2382 746 2454 παραινῶ
772 2383 866 2452 ἀφ’
891 2377 965 2435 ὧν
993 2382 1214 2434 ἔπαθον.
1242 2379 1569 2451 Περιουσίας
1601 2380 1650 2429 οἱ
1676 2378 1825 2448 ἔχονο

236 2490 331 2536 τες
368 2471 797 2527 ἀπολαυέτωσαν
824 2471 1005 2526 αὐτῶν
1045 2470 1356 2540 χρησίμως.
1386 2468 1509 2537 Τοῖς
1537 2468 1611 2539 μὴ
1642 2466 1827 2538 ἔχουσί

242 2582 307 2617 σε
373 2567 739 2634 προετίμησα.
789 2564 903 2635 Τὴν
962 2563 1175 2634 μητέρα
1223 2579 1336 2620 σου,
1392 2561 1489 2632 τήν
1547 2561 1678 2615 ποτέ
1735 2578 1826 2614 σου

239 2655 529 2707 δέςποιναν
561 2653 884 2724 γενομένην,
933 2651 1095 2705 σέϐου
1147 2652 1242 2704 καὶ
1286 2652 1455 2720 τίμα·
1496 2648 1682 2711 δοῦλος
1721 2648 1832 2721 γὰρ

245 2745 390 2817 ἠαθα
428 2746 717 2817 πρότερον.
757 2746 852 2801 νῦν
888 2747 945 2798 δὲ
974 2745 1134 2813 γενοῦ
1170 2745 1283 2805 υίὸς
1307 2745 1498 2813 αὐτῆς.
1536 2744 1724 2796 Ταῦτα
1752 2748 1831 2796 εἰς

246 2840 443 2895 πόντος
469 2838 564 2890 τοῦ
595 2836 880 2907 βασιλέως.
925 2838 1021 2890 καὶ
1056 2834 1152 2889 τοῦ
1193 2836 1467 2906 Καίσαρος
1500 2838 1558 2888 ὲν
1587 2836 1699 2896 τοῖς
1735 2852 1829 2889 πο-

243 2931 333 2980 σὶν
360 2926 532 2980 αὑτοῦ
558 2928 817 2990 πεσόντος
850 2927 987 2996 (77),
1013 2926 1119 2995 ἔφη
1164 2927 1193 2979 ὁ
1225 2924 1507 2996 βασιλεύς·
1542 2926 1605 2979 Εἰ
1634 2925 1830 2991 θέλεις,

244 3021 387 3088 εἰμὶ,
416 3019 465 3071 εί
492 3019 553 3072 οὐ
581 3017 784 3084 θέλεις,
814 3019 875 3071 οὐ
902 3016 1002 3082 ζῶ.
1050 3017 1109 3071 '0
1137 3015 1270 3079 Θεὸς
1298 3017 1327 3068 ὁ
1360 3017 1453 3069 τὸν
1481 3014 1712 3086 οὐρανὸν
1738 3015 1831 3068 καὶ

242 3111 348 3181 τὴν
376 3114 484 3179 γῆν
524 3114 783 3182 ποιήσας,
822 3110 1035 3180 ὲμϐἀλῃ
1066 3109 1146 3173 εἰς
1192 3108 1292 3179 τὴν
1336 3108 1564 3177 καρδίαν
1599 3124 1695 3161 σου
1740 3107 1833 3159 καὶ

1921 641 1980 679 se
2022 627 2360 695 collegisset,
2418 623 2786 694 patriarchant
2846 631 3097 678 senatum
3152 632 3209 679 et
3242 623 3500 694 populum

1921 716 2282 785 convocavit;
2326 717 2709 786 productoque
2757 715 2813 770 in
2860 723 3216 786 conspectum
3255 713 3502 770 omnium

1922 808 2142 863 Tiberio
2189 807 2403 865 Caesare
2439 809 2731 881 imperium
2760 808 2808 863 ei
2855 806 3158 872 commisit,
3184 807 3502 879 hujusmodi

1921 901 2170 958 oratione
2201 902 2384 958 habita
2428 920 2442 957 :
2480 902 2642 967 Deus,
2672 900 2767 971 qui
2805 909 2859 956 te
2891 902 3094 957 bonum
3124 899 3270 967 fecit,
3302 900 3373 968 is,
3395 913 3503 954 non

1922 1008 2044 1065 egO,
2076 995 2182 1051 hoc
2213 1005 2266 1050 te
2294 1004 2454 1049 ornat
2486 995 2698 1052 habitu.
2736 992 2891 1049 Hunc
2915 994 3162 1050 habitum
3188 1002 3505 1048 reverenter

1925 1090 2083 1149 habe.
2151 1097 2211 1143 ut
2260 1091 2330 1146 ab
2390 1088 2508 1159 ipso
2547 1088 2716 1159 686
2773 1087 2980 1142 honore
3052 1085 3332 1140 alliciaris.
3384 1082 3504 1138 Noli

1923 1182 2161 1255 gaudere
2214 1180 2338 1235 fuso
2370 1180 2657 1250 sanguine,
2693 1193 2872 1249 neque
2917 1178 3344 1232 bomicidiornm
3377 1190 3508 1247 par-

1925 1278 2098 1341 tieeps
2151 1280 2294 1326 esto.
2357 1271 2558 1324 Malum
2611 1272 2754 1323 malo
2810 1269 3111 1340 rependere
3144 1269 3281 1333 noli,
3326 1282 3508 1338 neque

1927 1364 2151 1433 gravius
2204 1363 2458 1434 cuiquam
2520 1375 2892 1424 succensere;
2950 1358 3003 1413 id
3055 1359 3201 1429 quod
3242 1372 3343 1429 ego
3380 1373 3506 1413 eum

1928 1456 2205 1521 fecissem,
2262 1455 2441 1509 erravi
2497 1468 2562 1507 ac
2616 1462 2967 1522 peccatorum
3017 1466 3267 1506 meorum
3318 1452 3507 1521 accepi

1928 1548 2256 1615 mercedem,
2317 1562 2629 1619 quanquam
2666 1547 2808 1600 Deus
2842 1546 2946 1599 mei
2994 1558 3163 1598 causa
3211 1544 3510 1599 ttlciscetnr

1926 1658 2023 1698 cos
2093 1645 2183 1712 qui
2247 1644 2350 1698 ista
2411 1642 2543 1695 mihi
2589 1648 2907 1696 suaserunt.
2969 1638 3049 1695 Ne
3107 1637 3396 1709 superbias
3440 1636 3511 1690 ob

1930 1735 2141 1803 imperii
2179 1736 2256 1789 tui
2291 1734 2658 1804 maiestatem.
2690 1734 2895 1788 Omnes
2918 1732 3113 1787 eodem
3151 1747 3260 1801 quo
3301 1742 3353 1786 te
3388 1730 3512 1784 loco

1933 1825 2090 1879 habe.
2144 1823 2337 1893 Cogita
2398 1824 2522 1892 quis
2566 1822 2737 1878 fueris
2790 1831 2845 1879 et
2893 1825 3020 1894 quis
3059 1838 3209 1879 nunc
3259 1824 3359 1880 sis.
3387 1821 3512 1877 Noli

1931 1917 2166 1987 superbe
2219 1926 2410 1971 contra
2446 1916 2677 1987 gentiles
2735 1925 2862 1972 tuos
2914 1915 3122 1980 eﬂ'erri,
3174 1931 3242 1972 ne
3294 1930 3508 1986 pecces.

1931 2009 2051 2067 Scis
2100 2011 2191 2081 qui
2254 2010 2447 2064 fuerim
2495 2017 2549 2064 ct
2600 2008 2724 2079 quis
2770 2025 2915 2065 nunc
2950 2011 3076 2076 sim,
3112 2019 3340 2067 mortem
3386 2018 3513 2065 ante

1929 2105 2122 2159 oculos
2156 2104 2388 2160 habens.
2448 2101 2663 2159 Omnes
2722 2104 2773 2157 hi
2809 2104 2903 2174 qui
2938 2103 3323 2168 circumstant,
3367 2105 3513 2158 servi

1931 2197 2006 2251 tui
2044 2205 2174 2251 sunt
2204 2204 2256 2251 ct
2291 2195 2370 2249 tui
2406 2195 2523 2251 lilii.
2582 2196 2870 2253 Exercitus
2913 2210 3103 2252 curam
3137 2212 3286 2268 gere.
3323 2195 3514 2252 Molles

1929 2298 1983 2344 et
2020 2290 2395 2359 imprudentes
2437 2304 2505 2344 ne
2545 2288 2836 2359 prmﬁcias.
2889 2288 3074 2360 Neque
3125 2304 3193 2345 eo
3245 2289 3345 2345 tibi
3391 2303 3517 2359 pcr-

1930 2382 2218 2439 suadeant.
2250 2380 2395 2451 quod
2430 2381 2638 2450 priores
2674 2391 2725 2433 te
2765 2382 3128 2450 imperatores
3168 2384 3307 2437 tales
3342 2381 3517 2438 fuisse

1931 2476 2136 2528 dicent.
2196 2473 2322 2527 llaec
2383 2473 2477 2526 tibi
2525 2473 2801 2542 prter-ipio,
2844 2488 3074 2545 incoque
3112 2472 3341 2529 edoctus
3377 2474 3520 2529 malo

1932 2568 2124 2621 hortor
2163 2577 2225 2619 .ut
2267 2566 2333 2621 iis
2388 2574 2520 2620 stes.
2583 2567 2684 2631 Qui
2728 2567 3032 2636 locupletes
3092 2574 3257 2630 sunt,
3320 2567 3517 2637 opibus

1933 2658 2141 2711 utiliter
2200 2656 2477 2709 frttantur.
2545 2655 2764 2709 Praetuli
2809 2665 2860 2710 te
2901 2656 2967 2711 iis
3019 2658 3112 2726 qui
3147 2673 3254 2711 non
3292 2658 3515 2713 habent.

1934 2750 2164 2804 Matrem
2229 2758 2397 2813 tuam,
2450 2764 2572 2816 quae
2624 2749 2847 2802 duiniua
2906 2748 3203 2818 aliquando
3259 2758 3351 2802 tua
3395 2749 3521 2823 fuit,

1934 2842 2052 2896 cole
2084 2855 2149 2895 ac
2193 2855 2485 2896 reverere:
2533 2855 2726 2895 servus
2771 2840 2916 2895 enim
2963 2848 3113 2903 ante,
3174 2857 3320 2896 nunc
3367 2842 3522 2899 ﬁlius

1934 2931 2055 3002 ejus
2094 2931 2272 2986 factus
2305 2946 2387 2987 es.
2466 2931 2593 2985 Haec
2637 2930 2857 2986 locutus
2913 2932 3237 3001 imperator,
3288 2947 3415 2989 cum
3453 2933 3524 2988 ad

1936 3025 2101 3096 pedes
2134 3025 2251 3093 ejus
2280 3039 2340 3080 se
2388 3026 2784 3095 prostravisset
2805 3024 3011 3089 Caesar,
3044 3026 3251 3081 addidit
3282 3048 3295 3082 :
3329 3026 3386 3082 Si
3416 3027 3522 3092 vis,

1937 3133 2057 3173 sunt
2093 3134 2107 3169 :
2146 3117 2200 3172 Si
2244 3133 2350 3171 non
2386 3119 2488 3181 vis,
2541 3133 2648 3172 non
2676 3118 2879 3173 vivam.
2948 3118 3092 3176 Deus
3119 3122 3210 3189 qui
3247 3121 3443 3176 coelum
3469 3128 3526 3175 et

246 3203 407 3268 ἄλλα,
438 3202 476 3257 ἃ
506 3203 852 3273 ιτελαθόμην
911 3204 1086 3255 είπεῖν
1133 3218 1238 3255 σοι.
1274 3201 1386 3271 Τῆς
1438 3198 1594 3254 νόσου
1645 3199 1702 3253 δὲ
1756 3200 1832 3270 τῷ

1942 3217 2144 3263 terram
2168 3208 2433 3270 condidit,
2465 3209 2519 3261 in
2548 3224 2643 3261 cor
2676 3219 2826 3263 tuum
2862 3209 3018 3264 indat
3050 3212 3157 3265 alia
3181 3212 3370 3277 etiam,
3398 3226 3524 3283 qum

248 3294 468 3366 βασιλεῖ
491 3294 702 3365 βαρέως
725 3293 1083 3362 ιπικειμένης
1105 3291 1223 3362 μετ’
1246 3293 1307 3345 οὺ
1332 3289 1468 3343 πολὺ
1489 3288 1835 3361 ἐτελεύτησε.

249 3389 363 3443 Καὶ
389 3386 548 3457 ἐτέθη
576 3386 637 3442 τὸ
665 3386 827 3454 σῶμα
852 3386 1019 3439 αὑτοῦ
1043 3386 1101 3439 ὲν
1126 3384 1206 3454 τῷ
1232 3382 1399 3454 ἡρῴῳ
1430 3381 1837 3446 Ἰουστινιανοῦ,

246 3483 313 3536 ὲν
342 3482 577 3551 λάρνακι
637 3478 1046 3550 Προικοννησίῳ
1104 3477 1220 3548 (78)
1279 3474 1421 3546 μετά
1480 3475 1681 3542 Σοφίας
1741 3476 1841 3545 τῆς

248 3572 517 3646 γυναικὸς
547 3571 735 3627 αὐτοῦ.

339 3758 466 3812 Ἐπὶ
489 3756 576 3830 [Ρ.
632 3755 760 3829 592]
793 3755 986 3811 τούτου
1034 3754 1129 3809 τοῦ
1166 3751 1563 3809 εὐσεϐεστάτου
1619 3750 1841 3805 ’ίουστί-

251 3869 346 3905 νου
400 3849 655 3914 Ἰουδαῖός
690 3867 773 3913 τις
806 3851 866 3903 ὲν
915 3851 980 3920 τῇ
1030 3848 1185 3903 πόλει
1216 3848 1446 3917 ὑελοψὸς
1480 3846 1691 3899 παιδίον
1720 3844 1844 3898 ἐκέ-

253 3959 427 4015 κτητο
462 3944 772 4013 μονογενὲς,
821 3942 849 3995 ὃ
879 3944 1165 4013 παρέδωκε
1200 3940 1495 4013 μανθάνειν
1537 3939 1843 4010 γράμματα

253 4036 490 4107 πλησίον
512 4036 613 4106 τῆς
649 4035 911 4106 Μεγάλης
931 4035 1286 4107 Ἐκκλησίας,
1335 4029 1404 4106 ἧς
1450 4034 1479 4087 ὁ
1500 4029 1846 4100 σκευοφύλαξ

255 4131 398 4201 ἔχων
444 4128 673 4199 λείψανα
720 4128 894 4181 πολλὰ
947 4126 1049 4197 τῆς
1103 4127 1267 4196 ἁγίας
1317 4124 1602 4196 τραπέζης
1643 4123 1844 4178 δέδωκε

254 4225 372 4287 τοῖς
404 4223 564 4276 παισὶ
594 4223 732 4292 πρὸς
774 4220 836 4274 τὸ
878 4221 1187 4286 δαπανῆσαι
1242 4219 1403 4275 αὐτά.
1438 4217 1577 4272 Μεθ’
1611 4210 1685 4271 ὧν
1726 4233 1847 4270 συν-

256 4314 393 4385 ἦλθε
453 4313 547 4368 καὶ⁵
593 4315 654 4367 τὸ
710 4313 1001 4366 Ἰουδαϊκὸν
1053 4313 1301 4367 παιδίον*
1357 4312 1495 4382 ὅπερ
1553 4309 1844 4374 ἀπολυθὲν,

259 4406 398 4474 πρὸς
429 4405 554 4466 τοὺς
576 4406 750 4472 γονεῖς
781 4402 947 4457 αὑτοῦ
977 4403 1210 4474 ἀπῆλθε.
1243 4400 1355 4456 Καί
1388 4417 1554 4470 φησιν
1591 4401 1619 4453 ὀ
1662 4399 1848 4468 πατὴρ

259 4492 426 4547 αὑτοῦ
448 4511 462 4523 ·
497 4494 618 4547 ἰνα
652 4494 705 4545 τί
749 4492 1071 4563 ἐϐράδυνας,
1123 4492 1349 4556 τὲκνον;
1393 4489 1452 4542 '0
1482 4489 1537 4542 δὲ
1568 4490 1697 4549 παῖς
1736 4489 1846 4541 ἀπ-

1942 3299 2242 3355 tibidicere
2278 3298 2488 3354 oblitus
2518 3316 2661 3355 sum.
2698 3299 2969 3355 Ca-terum
3005 3301 3302 3372 imperator
3330 3302 3521 3357 morbo

1942 3393 2362 3464 ingravescente
2408 3392 2555 3446 haud
2598 3394 2771 3447 multo
2835 3402 2961 3463 post
3012 3394 3177 3449 vitam
3228 3395 3523 3450 conclusit.

1939 3486 2153 3555 Corpus
2198 3486 2319 3552 ejus
2377 3485 2431 3538 in
2481 3485 2653 3539 heroo
2705 3483 3002 3541 Iustiniani
3052 3487 3362 3558 depositum
3414 3496 3522 3551 est,

1941 3579 1997 3633 in
2065 3593 2193 3632 arca
2246 3577 2664 3644 Proconnesia;
2731 3576 2997 3648 juxtaque
3052 3578 3256 3651 Sophia
3293 3621 3309 3646 ,
3383 3596 3525 3637 uxor

1940 3670 2082 3742 ejus.
2120 3668 2123 3671 ’

2014 3762 2129 3820 Hoc
2157 3761 2378 3820 Iustino
2405 3764 2711 3834 imperante
2749 3764 2970 3833 quidam
3006 3766 3059 3820 in
3094 3766 3226 3822 urbe
3257 3769 3521 3825 vitrorum

1941 3855 2211 3912 conﬂatur
2263 3855 2485 3911 ludens
2523 3857 2691 3927 687
2750 3859 2973 3912 unicum
3031 3860 3222 3915 habuit
3273 3860 3523 3927 filiolum,

1943 3962 2106 4020 quem
2137 3947 2190 4000 in
2222 3946 2467 4002 scholam
2495 3961 2695 4017 magno
2731 3929 2934 4018 tiamplo
2958 3950 3192 4004 vicinam
3220 3951 3525 4008 litterarum

1944 4037 2331 4095 discendarum
2392 4052 2559 4091 causa
2617 4037 2834 4092 mittere
2866 4039 3095 4093 solebat.
3154 4038 3288 4111 Ejus
3339 4044 3525 4113 templi

1946 4127 2185 4184 aedituus
2210 4141 2332 4182 cum
2368 4126 2591 4181 haberet
2612 4125 2814 4182 multas
2850 4141 3020 4182 sacra:
3049 4143 3219 4184 coenae
3241 4130 3525 4200 reliquias,

1948 4220 2137 4291 pueris
2186 4220 2311 4275 illas
2374 4220 2780 4273 consumendas
2839 4220 3023 4275 dabat.
3093 4220 3166 4276 lis
3220 4221 3361 4278 forte
3411 4232 3527 4279 tum

1947 4313 2127 4368 adfuit
2153 4311 2399 4377 Iudaeus,
2435 4327 2596 4380 quem
2627 4313 2762 4376 dixi,
2792 4312 3080 4379 puerulus.
3134 4313 3235 4370 Hic
3265 4315 3530 4372 dimissus

1948 4420 2076 4459 cum
2111 4403 2335 4459 domum
2379 4403 2656 4468 rcdiissct,
2698 4417 2727 4455 a
2782 4412 2934 4473 patre
2992 4420 3218 4460 causam
3268 4409 3528 4463 tardioris

1948 4497 2172 4551 domum
2226 4494 2508 4549 reditionis
2556 4494 2870 4563 postulatus
2930 4498 3218 4565 respondit
3283 4512 3343 4552 se
3396 4514 3519 4553 cum

260 4581 478 4650 εκρίθη·
503 4582 658 4635 Μετὰ
684 4582 790 4634 τῶν
813 4580 1157 4651 Χριστιανῶν
1180 4579 1408 4633 παιδίων
1439 4580 1518 4642 είς
1538 4577 1636 4648 τὴν
1658 4577 1832 4645 Merci-

1954 4587 2394 4643 Christianorum
2455 4585 2641 4654 pueris
2706 4588 2758 4638 in
2810 4599 3011 4656 magno
3083 4589 3286 4658 templo
3342 4590 3525 4644 cibum

261 4674 362 4742 λην
389 4673 721 4743 Ἐκκλησίαν
760 4671 963 4739 ἔφαγον
1016 4669 1192 4739 κάγὼ,
1227 4669 1423 4739 πάτερ.
1467 4669 1527 4721 '0
1576 4667 1634 4721 δὲ
1676 4666 1847 4730 δόλιος

263 4766 469 4827 ἐκεῖνος
514 4764 621 4834 θὴρ
649 4764 855 4833 σφόδρα
887 4766 1100 4831 μανεὶς,
1138 4764 1278 4833 μετά
1319 4762 1382 4814 τὸ
1412 4758 1711 4832 ἀριστῆσαι
1754 4759 1847 4811 λα-

265 4848 377 4903 ϐὼν
405 4850 468 4903 τὸ
495 4850 708 4903 παιδίον
730 4850 827 4903 καὶ
864 4847 1120 4903 ἀπελθὼν
1144 4852 1225 4913 είς
1252 4850 1314 4901 τὸ
1353 4849 1717 4920 ἐργαστήριον
1750 4847 1849 4900 αὺ-

262 4940 361 4993 τοῦ
392 4939 619 5012 ἔρριψεν
651 4940 783 4992 αὐτὸ
818 4941 899 5003 είς
944 4939 1043 5011 τὴν
1082 4940 1313 5010 κάμινον
1344 4939 1441 4993 καὶ
1483 4940 1705 5002 κλείσας
1748 4938 1847 5009 τὴν

265 5030 439 5102 θύραν
470 5030 838 5102 ἀνεχώρησεν.
883 5032 947 5084 Ἦ
980 5031 1037 5085 δὲ
1078 5033 1215 5103 γυνὴ
1249 5031 1415 5085 αὐτοῦ
1448 5030 1547 5103 τὴν
1577 5033 1718 5084 κατά
1751 5027 1846 5083 τοῦ

265 5122 459 5184 παιδὸς
497 5122 694 5192 μανίαν
724 5121 818 5176 τοῦ
844 5122 1035 5193 ἀνδρὸς
1060 5121 1261 5192 ,αὐτῆς
1304 5122 1499 5186 είδυία,
1537 5122 1848 5176 ἀπελθοῦσα

264 5216 325 5267 ἐν
370 5213 449 5285 τῷ
499 5215 847 5285 ἐργαστηρίῳ
899 5217 993 5268 καὶ
1021 5214 1111 5268 διὰ
1157 5215 1256 5285 τῆς
1289 5214 1428 5282 ὀπῆς
1471 5214 1847 5284 παρακύψασα

266 5314 470 5384 ﬁxo-J33
513 5312 610 5383 τῆς
646 5313 827 5381 φωνῆς
858 5312 953 5365 τοῦ
1004 5313 1191 5377 παιδὸς
1230 5314 1321 5367 καὶ
1361 5312 1681 5367 εἰσελθοῦσα
1720 5310 1844 5383 εὗρε

1952 4677 2275 4746 sumpsisse.
2332 4674 2401 4727 At
2457 4674 2680 4729 Judaeus
2737 4683 2912 4743 pater,
2964 4676 3155 4730 dolosa
3207 4678 3296 4731 illa
3328 4679 3524 4743 bestia,

1950 4768 2159 4839 ingenti
2190 4766 2375 4821 furore
2407 4766 2667 4833 percitus,
2714 4780 2743 4818 a
2775 4767 3006 4834 prandio
3043 4782 3273 4837 puerum
3314 4770 3369 4823 in
3410 4769 3528 4825 olli-

1949 4860 2129 4915 cinatn
2162 4858 2387 4914 abducit
2424 4859 2589 4926 inque
2619 4857 2895 4911 caminum
2940 4858 3147 4929 abjicit,
3196 4875 3262 4917 ac
3317 4863 3526 4932 opertis

1952 4951 2163 5006 foribus
2194 4950 2419 5005 recedit.
2447 4946 2598 5002 Uxor
2626 4960 2829 5014 autem,
2861 4965 2983 5019 quae
3005 4951 3188 5006 mariti
3216 4952 3269 5007 in
3296 4953 3523 5009 filiolum

1949 5044 2191 5101 furorem
2222 5042 2500 5112 cognitum
2527 5043 2774 5106 haberet,
2804 5041 2871 5096 ad
2897 5041 3172 5099 otIicinam
3197 5062 3320 5101 cum
3345 5062 3528 5105 acces-

1951 5138 2136 5200 sisset,
2176 5150 2273 5205 per
2312 5134 2506 5187 rimam
2536 5133 2920 5203 introspiciens
2962 5137 3116 5205 pueri
3141 5151 3329 5192 vocem
3353 5153 3525 5194 exau-

1949 5227 2109 5282 divit.
2171 5224 2235 5278 Et
2283 5226 2531 5293 ingressa
2572 5223 2778 5277 invenit
2802 5238 2927 5278 eum
2956 5223 3010 5277 in
3045 5224 3205 5281 furno
3236 5226 3510 5298 integrum

1951 5318 2089 5375 nihil
2131 5318 2199 5372 ab
2227 5316 2350 5387 igne
2403 5330 2649 5386 passum.
2691 5312 2793 5379 Qui
2828 5330 2857 5368 a
2888 5324 3062 5371 matre
3091 5317 3344 5386 eductus,
3397 5336 3522 5377 cunt

1352 5473 1710 5533 XYLANDRI
1770 5476 1859 5531 ET
1912 5474 2124 5533 GOARI
2182 5471 2417 5531 ΝΟΤιΕ.

344 5594 459 5665 (77)
483 5594 789 5663 Adoptatos
836 5594 903 5648 ad
952 5594 1118 5666 pedes
1147 5594 1522 5666 adoptantium
1557 5597 1842 5666 procidere

271 5663 603 5721 docct’ritus
630 5665 1038 5735 euchologicus.
1072 5663 1302 5719 Praestat
1355 5665 1407 5718 id
1428 5663 1648 5721 Justino
1679 5669 1842 5723 Tibe—

270 5740 410 5796 rius,
441 5744 494 5790 et
520 5735 780 5804 Sophiatn
818 5732 1022 5790 Matini
1074 5749 1298 5789 uxorem
1339 5751 1446 5789 non
1476 5737 1587 5804 jam
1630 5737 1845 5790 δέσποι-

269 5822 391 5869 ναν,
416 5807 830 5875 imperatrt'cem,
863 5805 1213 5875 sedAmalrem
1262 5807 1362 5859 sibi
1406 5809 1841 5861 commendatam

267 5873 540 5948 agnoscit.
581 5877 766 5932 Refert
804 5877 943 5933 idem
957 5873 1606 5943 Siutocattalococitato;
1639 5878 1844 5947 ipsum-

1946 5613 2056 5670 que
2131 5595 2495 5670 patriarchasu
2548 5596 2860 5665 adoptionis
2910 5605 3032 5651 vota
3075 5612 3137 5652 et
3185 5597 3523 5670 Euchologio

1949 5668 2151 5749 legisse
2179 5675 2393 5748 narrat,
2428 5668 2492 5749 and
2534 5673 2693 5736 cujus
2712 5683 2903 5738 preces
2930 5670 3091 5724 etiam
3118 5677 3363 5722 astantes
3385 5668 3523 5731 bene

1950 5747 2063 5792 sint.
2095 5752 2161 5806 ap

2203 5737 2392 5791 recati.
2435 5736 2607 5791 GOAB.

2025 5807 2137 5878 (78)
2169 5806 2390 5878 Lapidis
2445 5808 2553 5862 albi
2621 5823 2649 5861 a
2702 5809 2972 5864 Strabone
3021 5808 3061 5861 l.
3094 5808 3456 5878 xntilaudati,
3496 5823 3526 5861 ο

1954 5875 2327 5934 Ρταιεοηηεεο
2348 5875 2714 5946 Propontidos
2749 5879 2923 5932 insula
2974 5880 3138 5933 eruti.
3187 5877 3357 5933 Gout.
