4214 6450
210 437 316 504 753

1290 433 1819 493 tilﬁ'i‘UlllMlUM
1870 433 2405 499 (ΣΟΜΡΕΝΒΗῘΜ.

3368 437 3478 507 75$

208 555 418 626 φορεῖν.
454 552 702 621 Ἀγαγὼν
731 551 786 605 δὲ
831 550 1190 605 ’Λναστασίαν
1214 568 1313 621 την
1341 553 1575 619 γυναῖκα
1610 549 1797 612 αὐτοῦ,

1907 550 2171 607 Prodttxit
2203 553 2367 606 etiam
2396 551 2747 607 Anastasiam
2779 567 3004 607 uxorem
3056 568 3234 619 suam,
3268 570 3334 611 ex
3365 575 3463 626 qua

206 647 442 717 ἔχουσαν
465 644 526 709 ἐξ
554 644 725 714 αὐτῆς
784 644 878 697 καὶ
943 642 1252 713 θυγατέρας
1310 643 1404 696 δύο
1446 643 1669 714 Χαριτὼ
1700 645 1794 698 καὶ

210 740 654 803 Κωνσταντῖναν,
683 735 906 806 ἔστεψεν
952 735 1123 806 αὐτὴν
1173 735 1513 803 Αὐγοῦσταν,
1570 738 1666 789 καὶ
1700 735 1791 809 ερ-

212 828 372 898 ριψεν
432 828 700 883 ὑπατείαν
760 828 874 899 (84)
937 827 1160 899 πολλήν.
1207 827 1397 898 Τούτῳ
1453 828 1532 899 τῷ
1591 828 1800 898 βασιλεί

207 921 403 987 γέγονε
425 918 547 974 θεία
575 919 749 990 ὀμφὴ,
781 917 1015 987 ἀγγέλου
1050 919 1168 972 κατ’
1192 918 1323 987 ὅναρ
1349 917 1595 980 εἰπόντος
1614 934 1630 949 ⁸
1658 917 1798 971 Τάδε

212 1028 294 1064 σοι
325 1012 476 1081 λέγει
500 1014 563 1065 τὸ
591 1010 912 1083 Τρισάγιον,
945 1028 960 1044 ·
989 1012 1051 1064 Ol.
1088 1008 1339 1082 τύραννον
1402 1030 1410 1059 :
1445 1027 1490 1081 λς
1519 1008 1799 1079 βασιλείας

208 1103 307 1157 ἐπὶ
336 1105 446 1158 σῶν
483 1105 545 1159 οὐ
576 1105 896 1175 φοιτήσουσι
949 1104 1160 1174 χρόνον.

281 1195 375 1266 Τῷ
413 1196 457 1267 β’
498 1196 607 1250 ἔτει
658 1194 944 1250 ἀπέστειλε
975 1194 1234 1264 πρέσϐεις
1267 1195 1404 1266 πρὸς
1438 1194 1527 1250 τὸν
1576 1194 1800 1266 βασιλέα

213 1290 445 1358 Περσῶν
500 1288 639 1342 κατά
694 1289 757 1342 τδ
801 1286 944 1354 ἔθος,
1018 1292 1239 1359 μηνύων
1292 1291 1389 1360 τὴν
1437 1289 1799 1358 ἀναγόρευσιν

210 1379 381 1434 αὐτοῦ
411 1395 428 1411 ⁸
458 1379 552 1433 καὶ
583 1380 643 1433 οὐ
670 1381 990 1451 προσήκατο
1016 1381 1114 1449 τὴν
1161 1381 1389 1451 εἰρήνην
1437 1383 1465 1435 ὁ
1508 1380 1618 1431 τῶν
1655 1382 1797 1451 Περ-

212 1472 325 1524 σῶν
356 1471 632 1540 βασιλεύς.
672 1471 731 1525 ’0
768 1471 824 1525 δὲ
854 1470 1108 1541 Τιϐέριος
1135 1471 1458 1541 διασπείρας
1484 1471 1611 1532 τοὺς
1641 1470 1794 1538 βασι-

211 1563 404 1625 λικοὺς
440 1563 751 1633 θησαυροὺς
808 1563 981 1616 πολλὰ
1010 1563 1348 1633 στρατόπεδα
1379 1564 1629 1631 ἐποίησε,
1681 1580 1794 1631 χειο

212 1654 513 1727 ροτονὴσας
543 1653 918 1708 Ίουστινιανόν
965 1671 1089 1707 τινα
1133 1654 1440 1724 στρατηγὸν
1483 1654 1799 1722 Ἀνατολῆς,

209 1747 270 1809 ὃς
301 1746 589 1800 ἀναλαϐὼν
612 1746 712 1809 τὰς
744 1746 999 1818 δυνάμεις
1028 1746 1122 1800 ὲπὶ
1148 1748 1212 1800 τὸ
1238 1748 1420 1818 Δαράς
1462 1746 1573 1816 (85)
1617 1762 1798 1815 παρα-

210 1839 442 1906 γίνεται.
476 1838 586 1891 Καὶ
607 1840 707 1908 τῆς
733 1837 1089 1909 παρατάξεως
1109 1839 1407 1909 γενομένης
1426 1838 1538 1891 τῶν
1570 1839 1801 1908 Περσῶν

210 1929 308 1983 καὶ
349 1927 668 2000 Ῥωμαίων,
706 1931 788 1993 είς
821 1928 1016 1998 λόγους
1044 1926 1209 2002 ἦλθον
1240 1929 1335 1983 καὶ
1366 1930 1501 2001 πρὸς
1536 1930 1802 2001 ἀλλήλους

216 2023 537 2077 σπένδονται
576 2023 765 2093 χρόνον
787 2024 1075 2095 τετραετῆ.

283 2114 378 2183 Τῷ
407 2113 456 2184 γ’
477 2115 609 2182 ἔτει,
642 2113 740 2169 τοῦ
791 2115 902 2168 τῶν
940 2115 1169 2188 Περσῶν
1204 2116 1467 2187 βασιλέως
1519 2116 1805 2187 μέλλοντος

213 2208 305 2260 τὸν
334 2207 572 2276 πόλεμον
601 2208 943 2280 αὐτουργεῖν,
974 2208 1003 2261 ὀ
1025 2208 1136 2262 τῶν
1159 2210 1465 2280 ’Ῥωμαίων
1498 2210 1805 2279 στρατηγὸς

213 2298 356 2369 πρὸς
401 2299 532 2363 τοὺς
583 2300 802 2371 Πέρσας
848 2302 1038 2372 χωρεῖ.
1094 2301 1204 2355 Καὶ
1246 2303 1346 2372 τῆς
1389 2301 1805 2373 κατασυστάδην

215 2391 397 2462 μάχης
434 2391 773 2468 γενομένης,⁸
804 2392 1024 2464 βαθείας
1055 2394 1155 2465 τῆς
1201 2394 1309 2448 τῶν
1360 2393 1645 2465 Ῥωμαίων
1698 2393 1805 2462 φά-

211 2484 419 2551 λαγγος
452 2482 622 2554 οὔσης
654 2486 686 2556 ἡ
715 2484 824 2544 τῶν
851 2484 1078 2556 Περσῶν
1133 2486 1231 2540 καὶ
1270 2485 1630 2540 Βαϐυλωνίων
1678 2485 1804 2556 τρέ-

216 2588 380 2627 πεται
419 2573 650 2642 πληθὺς,
686 2576 781 2627 καὶ
809 2576 1161 2646 ἀναιροῦνται
1185 2575 1365 2646 πλήθη
1399 2576 1588 2631 πολλά.
1647 2578 1806 2647 Δαμ-

215 2664 441 2718 6άνουσι
478 2666 535 2719 δὲ
588 2667 637 2720 οἱ
680 2664 938 2737 Ῥωμαῖοι
970 2667 1065 2721 καὶ
1106 2669 1167 2721 τὸ
1219 2668 1329 2721 τῶν
1372 2669 1600 2740 Περσῶν
1649 2668 1805 2722 τοῦλ-

214 2758 303 2811 δον
330 2758 466 2830 (86),
493 2759 586 2812 καὶ
619 2757 680 2811 τὸ
728 2758 1008 2829 βασιλικὸν
1070 2759 1459 2832 σκηνοπήγιον,
1495 2761 1591 2814 καὶ
1624 2762 1806 2815 πᾶσαν

213 2854 315 2922 τὴν
340 2852 655 2922 ἀποσκευὴν
684 2852 928 2918 ἐπίδοξον
965 2850 1154 2921 οὖσαν,
1193 2856 1290 2908 καὶ
1320 2854 1448 2915 τοὺς
1485 2855 1804 2924 ἐλέφαντας,

216 2941 275 3010 ἐξ
323 2935 400 2997 ὧν
438 2943 508 2997 τὰ
533 2943 785 3014 ἐπίσημα
814 2945 950 3016 πρὸς
971 2946 1064 2999 τὸν
1096 2944 1324 3017 βασιλέα
1356 2945 1655 3017 πέμπουσι.
1693 2946 1809 3018 Τὴν

217 3032 483 3103 αἰσχύνην
516 3035 696 3089 τοίνυν
734 3037 760 3090 ὁ
791 3036 902 3089 τῶν
946 3036 1175 3109 Περσῶν
1205 3036 1462 3108 βασιλεὺς
1505 3037 1580 3108 μὴ
1626 3036 1807 3107 φέρων

220 3125 504 3194 νομοθετεί
534 3127 733 3197 μηκέτι
775 3128 1001 3200 βασιλέα
1030 3127 1254 3202 Περσῶν
1289 3131 1369 3192 εἰς
1390 3128 1626 3202 πόλεμον
1656 3131 1808 3202 ἐξέρ-

1904 642 2043 699 duas
2063 643 2299 699 habebat
2338 642 2500 709 ﬁlias,
2536 643 2886 699 Charitonem
2932 659 2995 698 ac
3034 647 3481 715 Constantinam,

1902 751 2135 804 eamque
2184 735 2458 807 augustali
2511 751 2712 791 corona
2776 739 3083 805 exornavit,
3142 741 3485 811 multumque

1903 829 2177 883 nomisma
2239 829 2292 883 iu
2360 829 2618 898 populum
2685 832 2909 899 sparsit.
2970 829 3106 884 "uie
3158 833 3210 885 in
3271 833 3483 889 somnis

1903 922 2128 991 angelus
2151 920 2400 991 praedixit
2424 922 2644 976 nomine
2674 931 2878 978 sancta:
2900 922 3190 979 Trinitatis
3221 934 3483 996 tyrannos

1903 1010 2020 1082 ipso
2051 1013 2353 1083 imperante
2387 1013 2672 1084 imperium
2704 1029 2811 1068 non
2844 1015 3158 1070 invasuros.

1973 1193 2135 1267 Anno
2171 1192 2384 1262 imperii
2434 1194 2518 1249 sui
2567 1192 2811 1249 secundo
2860 1192 3120 1250 Tiberius
3158 1195 3368 1265 legatos
3412 1193 3481 1250 de

1904 1301 2056 1341 more
2096 1285 2160 1339 ad
2194 1284 2488 1341 Persarum
2524 1301 2705 1356 regem
2742 1285 2913 1352 misit,
2964 1288 3227 1342 nuntians
3258 1302 3318 1343 se
3360 1301 3488 1343 esse

1906 1378 2291 1448 imperatorem
2357 1389 2628 1433 creatum.
2710 1377 2984 1434 Caeterum
3051 1376 3223 1434 Persa
3291 1394 3482 1449 pacem

1906 1469 2235 1540 repudiavit.
2302 1470 2558 1525 Tiberius
2605 1486 2735 1541 ergo
2786 1472 3161 1540 imperatoriis
3205 1472 3484 1527 thesauris

1906 1562 2111 1618 multos
2148 1564 2408 1617 conduxit
2441 1565 2719 1620 exercitus
2756 1572 2812 1618 et
2865 1564 3238 1619 Iustinianum
3287 1578 3447 1633 quem

1906 1652 2030 1707 dam
2077 1650 2285 1707 Orienti
2316 1653 2559 1724 prml‘ccit
2587 1672 2601 1722 ;
2635 1656 2728 1726 qui
2759 1670 2883 1710 cum
2919 1656 3166 1711 exercitu
3196 1655 3264 1710 ad
3312 1655 3485 1709 Daras

1907 1743 2187 1816 profectus
2210 1753 2315 1802 est.
2356 1747 2461 1804 Ubi
2493 1763 2616 1803 cum
2649 1748 2892 1803 adversm
2919 1747 3031 1818 jam
3065 1751 3211 1805 acies
3245 1750 3482 1810 coirent,

1906 1839 2240 1909 colloquium
2272 1840 2340 1895 de
2380 1856 2513 1912 pace
2546 1842 2864 1909 intervenit,
2893 1856 3070 1913 eaque
3097 1841 3151 1898 in
3184 1842 3484 1914 quadrien-

1908 1931 2059 1986 nium
2096 1940 2251 2002 pacta
2298 1932 2420 1988 fuit.

1978 2111 2164 2167 Tertio
2215 2126 2383 2178 anno,
2448 2126 2575 2167 cum
2640 2127 2733 2167 rex
2793 2111 3086 2170 Persarum
3130 2114 3247 2184 ipse
3278 2112 3487 2171 bellum

1906 2213 2162 2276 gesturus
2208 2213 2376 2269 esset,
2437 2202 2547 2259 de
2582 2203 2955 2261 Romanarum
2982 2206 3265 2279 copiarum
3296 2205 3489 2262 Persis

1906 2298 2125 2352 obviam
2166 2295 2475 2352 contendit.
2526 2295 2835 2352 Commissa
2882 2306 3064 2353 autem
3097 2299 3350 2356 cominus
3382 2314 3485 2368 pu-

1905 2405 2035 2462 gna,
2096 2388 2471 2446 Romanorum
2511 2390 2744 2460 phalanx
2775 2390 3065 2446 ordinibus
3110 2392 3310 2460 stipata
3348 2390 3486 2445 Per-

1906 2497 2092 2537 sarum
2126 2491 2181 2537 et
2206 2482 2634 2554 Babyloniorum
2662 2482 2836 2537 aciem
2866 2482 3097 2552 pepulit,
3121 2498 3499 2553 magnamque

1904 2590 2096 2631 corum
2152 2585 2388 2646 stragem
2458 2573 2647 2629 edidit.
2714 2573 2990 2643 Ceperunt
3042 2574 3273 2629 Ποικιιηί
3318 2573 3486 2630 etiam

1909 2665 2196 2723 Persarum
2253 2666 2462 2720 tuldum
2522 2674 2576 2720 et
2630 2665 2775 2736 regis
2840 2667 3138 2721 tentorium
3193 2667 3489 2735 omniaque

1910 2759 2299 2828 impedimenta
2337 2774 2536 2824 magno
2571 2760 2841 2814 aestimata
2872 2759 3330 2831 elephantosque.
3366 2758 3488 2826 Qua

1908 2854 1975 2908 de
2011 2854 2191 2923 prteda
2230 2868 2293 2908 ea
2329 2868 2451 2923 quae
2474 2860 2634 2908 erant
2670 2852 2906 2907 maxime
2944 2853 3175 2923 insignia
3213 2853 3281 2908 ad
3315 2852 3490 2923 impe-

1909 2954 2147 3001 ratorem
2202 2947 2489 3000 miserunt.
2556 2945 2664 3000 Sed
2708 2946 3000 3001 Persarum
3053 2961 3145 2999 rex
3196 2944 3490 3001 dedecoris

1910 3038 2220 3110 impatiens,
2250 3038 2416 3111 690
2450 3038 2621 3111 legem
2657 3037 2758 3092 fert
2795 3054 2860 3091 ne
2896 3053 2988 3093 rex
3019 3036 3310 3094 Persarum
3344 3037 3489 3093 ullus

1911 3132 2137 3202 posthac
2188 3132 2243 3186 in
2305 3132 2507 3187 bellum
2570 3131 2973 3202 proﬁciscatur.
3039 3130 3321 3187 Romanus
3356 3146 3487 3186 vero

218 3216 437 3287 χεσθαι.
519 3217 579 3273 ’0
618 3221 677 3275 δὲ
720 3222 1033 3291 Ῥωμαῖκδς
1069 3222 1301 3293 στρατὸς
1354 3223 1637 3276 ἐπετίθετο
1684 3225 1803 3287 ταῖς

1909 3225 2188 3280 exercitus
2257 3225 2423 3280 rebus
2476 3224 2772 3280 Persarum
2830 3223 3048 3280 afﬂictis
3100 3223 3377 3280 insultans
3433 3222 3495 3276 in

221 3313 520 3384 Περσικαῖς
576 3317 907 3385 συμφοραῖς,
945 3317 1042 3367 καὶ
1083 3317 1222 3385 πρὶς
1273 3315 1343 3369 τά
1400 3316 1658 3369 ὲνδότατα
1705 3315 1804 3387 τῆς

221 3405 485 3475 Περσίδος
525 3406 794 3478 ἐχώρησε,
858 3409 950 3461 καὶ
1018 3406 1216 3478 πολλὴν
1274 3408 1652 3477 αἰχμαλωσίαν
1712 3408 1807 3461 καλ⁵

222 3498 426 3552 ἅλωσιν
457 3499 515 3552 ἐν
554 3499 780 3570 Περσίδι
814 3500 1105 3569 πεποίηκε,
1141 3501 1350 3569 φθάσας
1389 3500 1483 3553 καὶ
1521 3500 1682 3569 μέσον
1707 3500 1808 3569 τῆς

231 3590 573 3661 ’Υρκανικῆς
627 3591 924 3663 θαλάσσης.
979 3592 1260 3663 Χειμῶνος
1299 3592 1356 3645 δὲ
1399 3594 1715 3664 γενομένου,
1749 3596 1808 3648 ὲν

222 3682 447 3753 Περσίδι
486 3683 888 3755 παρεχείμασε.
992 3689 998 3697 ’

296 3773 389 3844 Τῷ
417 3772 461 3827 δ’
483 3774 650 3829 αὑτοῦ
680 3774 790 3828 ἔτει
826 3775 1000 3839 κτίζει
1038 3775 1292 3846 Τιϐέριος
1314 3776 1376 3829 τὸ
1413 3776 1673 3847 δημόσιον
1699 3777 1809 3832 τῶν

224 3866 548 3937 Βλαχερνῶν
580 3866 825 3936 λουτρὸν,
862 3868 1081 3922 ἀνανεοῖ
1116 3868 1171 3921 δὲ
1213 3868 1305 3921 καὶ
1345 3869 1645 3939 ἐκκλησίας
1681 3871 1810 3923 πολ-

222 3957 324 4019 λὰς
360 3956 456 4010 καὶ
500 3956 733 4024 ξενῶνας
772 3959 867 4011 καὶ
915 3961 1297 4030 γηρωκομεϊα,
1356 3964 1702 4029 κατακοσμεῖ
1732 3946 1806 4015 ’δὲ

222 4048 321 4100 καὶ
364 4046 457 4100 τὸν
481 4047 921 4118 χρυσοτρίκλινον
948 4046 1042 4100 τοῦ
1072 4047 1358 4104 παλατὶου.
1399 4046 1487 4118 [Ρ.
1511 4046 1639 4118 394]
1672 4048 1807 4102 Τότε

223 4136 440 4189 κελεύει
475 4136 782 4207 γράφεσθαι
841 4138 1004 4191 αὑτὸν
1037 4139 1095 4191 ὲν
1141 4140 1254 4201 τοῖς
1289 4137 1636 4209 συμϐολαίοις
1692 4139 1807 4206 (87ὶ

223 4230 482 4300 Τιϐέριον
521 4231 950 4285 Κωνσταντϊνον.
999 4231 1089 4302 Τῷ
1139 4231 1186 4285 δ’
1265 4231 1375 4285 ἔτει
1410 4232 1638 4302 τελευτᾷ
1709 4233 1812 4285 Εὐ-

225 4322 417 4391 τύχιος
462 4324 492 4375 ὁ
523 4322 886 4394 πατριάρχης,
917 4325 1010 4376 καὶ
1051 4324 1188 4390 μετὰ
1223 4323 1283 4391 ἓξ
1320 4325 1533 4396 ἡμέρας
1568 4341 1811 4394 χειροτο-

226 4415 403 4467 νεῖται
447 4413 697 4483 Ἰωάννης
717 4415 959 4477 διάκονος
990 4413 1088 4483 τῆς
1123 4416 1382 4485 Μεγάλης
1423 4415 1748 4487 Ἐκκλησίας
1782 4418 1811 4469 ὁ

225 4504 569 4574 Νηστευτής.
606 4504 664 4557 Ὀ
692 4503 748 4558 δὲ
779 4504 1029 4575 βασιλεὺς
1078 4505 1355 4574 ἀγοράσας
1391 4505 1622 4575 σώματα
1666 4507 1812 4560 ὲθνι-

1913 3316 2163 3372 intimatn
2204 3331 2381 3385 usque
2417 3314 2701 3371 Persidem
2734 3317 3023 3386 pervenit,
3060 3315 3375 3383 multosque
3411 3315 3485 3368 ibi

1911 3405 2194 3469 mortales,
2253 3404 2426 3459 multa
2455 3404 2656 3475 oppida
2698 3406 2750 3458 in
2784 3412 3107 3475 potestatem
3137 3420 3295 3462 suam
3326 3404 3488 3459 rede-

1910 3500 2007 3570 git,
2048 3505 2103 3554 et
2155 3514 2332 3567 usque
2373 3497 2439 3553 ad
2471 3498 2712 3554 medium
2741 3499 2913 3552 maris
2940 3496 3179 3569 Hyrcani
3210 3498 3486 3570 perrexit;

1912 3606 1976 3647 ac
2007 3590 2185 3646 hieme
2213 3588 2381 3654 facta,
2409 3590 2463 3644 in
2489 3589 2715 3647 Perside
2744 3590 2975 3647 hiberna
3005 3590 3221 3645 habuit.

1983 3772 2191 3838 Quarto
2240 3785 2386 3826 anno
2438 3769 2696 3826 Tiberius
2743 3770 3025 3840 publicum
3067 3769 3122 3824 in
3168 3768 3490 3825 Blachernis

1916 3865 2170 3921 balneum
2205 3865 2455 3928 mdilicat,
2503 3866 2885 3933 instauratque
2929 3865 3100 3919 multa
3136 3864 3357 3934 templa,
3392 3863 3490 3919 do-

1912 3972 2033 4013 mos
2080 3957 2377 4025 hospitales
2400 3968 2453 4013 et
2481 3958 2704 4014 senibus
2737 3957 2986 4014 fovendis
3019 3956 3210 4013 factas.
3248 3956 3491 4012 Exornat

1911 4047 2075 4103 etiam
2109 4063 2333 4103 aureum
2363 4048 2548 4118 palatii
2586 4048 2907 4103 triclinium.
2959 4047 3115 4103 Tunc
3146 4049 3311 4104 etiam
3340 4063 3400 4103 se
3427 4047 3497 4102 in.

1913 4149 2295 4195 contractuum
2344 4140 2593 4196 formulis
2643 4141 2812 4195 scribi
2837 4140 3004 4208 jussit
3033 4140 3316 4195 Tiberium
3343 4139 3489 4195 Con-

1915 4236 2241 4291 stantinum.
2285 4236 2487 4292 Eodem
2518 4251 2664 4292 anno
2699 4236 2934 4291 moritur
2982 4236 3291 4307 Eutychius
3321 4237 3493 4308 patri-

1916 4329 2104 4392 archa.
2138 4342 2201 4382 ac
2233 4337 2358 4398 post
2390 4344 2484 4384 sex
2518 4328 2638 4384 dies
2676 4329 2732 4383 in
2760 4329 2939 4385 locum
2970 4329 3088 4397 ejus
3116 4328 3377 4386 suﬂ‘ectus
3406 4338 3491 4386 est

1913 4415 2152 4473 Joannes
2186 4427 2547 4488 cognomento
2574 4415 2878 4486 Jejunator,
2913 4417 3095 4488 magni
3148 4418 3333 4487 templi
3373 4417 3494 4471 dia-

1919 4524 2117 4564 conus.
2171 4508 2348 4563 Porro
2397 4509 2652 4565 Tiberius
2704 4509 2836 4564 emit
2878 4509 3166 4563 barbarica
3216 4506 3492 4579 mancipia

229 4596 343 4649 κῶν
391 4595 695 4666 κατέστησε
732 4595 1050 4666 στράτευμα
1096 4596 1178 4659 είς
1220 4594 1391 4665 ὄνομα
1428 4594 1578 4658 [διον.
1606 4597 1803 4665 ἀμφιά-

1922 4601 1989 4656 ad
2038 4602 2208 4657 millia
2266 4602 2606 4671 quindecim,
2637 4616 2813 4673 exque
2859 4601 2927 4656 iis
2976 4601 3190 4657 vestitis
3236 4615 3267 4655 a
3332 4614 3393 4656 se
3438 4609 3494 4654 et

232 4703 331 4750 σας
367 4685 462 4739 καὶ
500 4686 836 4750 καθοπλίσας
881 4686 1083 4749 αὐτοὺς
1133 4686 1375 4755 χιλιάδας
1429 4692 1511 4748 ιε’,
1561 4686 1809 4753 δεδωκὼς

227 4782 415 4842 αὐτοῖς
460 4781 558 4833 καὶ
613 4780 921 4851 στρατηγὸν
962 4780 1271 4852 Μαυρίκιον
1302 4780 1393 4833 τὸν
1436 4781 1652 4850 κόμητα
1700 4781 1811 4834 τῶν

1918 4693 2146 4747 armatis
2204 4693 2505 4748 exercitum
2577 4693 2911 4763 composuit.
2986 4694 3055 4747 de
3104 4707 3206 4747 suo
3272 4690 3493 4746 nomine

1919 4782 2275 4838 Tiberianum
2317 4785 2633 4852 appellans;
2665 4782 2969 4853 ducemque
3015 4783 3083 4838 iis
3113 4781 3263 4837 dedit
3292 4780 3498 4835 Mauri-

1380 4874 1734 4930 XYLANDRI
1772 4876 1859 4931 ET
1895 4876 2107 4934 GOARI
2156 4875 2384 4932 NOTAE.

274 4984 353 5019 ιον
389 4964 593 5037 dicitur
649 4964 792 5037 apud
849 4964 1262 5032 Theophanem,
1317 4982 1381 5021 ac
1424 4968 1810 5037 imperatorem

280 5036 602 5107 ltilippicunt
626 5038 703 5107 είς
735 5035 798 5089 τὸ
826 5037 1174 5106 ὀρνατούριον
1202 5038 1310 5089 τῶν
1340 5035 1628 5107 Πρασίνων
1649 5038 1813 5091 refert

235 5104 536 5177 adduxisse
571 5104 787 5177 liuﬂ‘um
818 5104 1320 5177 quemdaut;quetu
1351 5104 1528 5161 locum
1562 5109 1810 5177 eumdem

234 5175 570 5232 amatorium
598 5175 969 5241 Prasinorum,
1003 5176 1092 5231 ubi
1126 5176 1380 5230 nimirum
1426 5179 1533 5232 oris
1564 5189 1615 5231 ct
1637 5176 1811 5231 limbis

235 5247 487 5303 vestibus
518 5247 739 5300 attextis
771 5263 894 5302 sese
918 5247 1284 5307 adornabant,
1307 5247 1441 5300 dit-it
1468 5246 1672 5302 Paulus
1691 5247 1810 5301 dia-

233 5331 449 5381 conus;
477 5330 637 5384 quem
669 5316 918 5371 eumdem
965 5316 1316 5386 ἁρματώριον
1366 5317 1674 5372 Cedreuunt
1713 5333 1809 5372 vo-

236 5401 393 5443 casse
431 5387 944 5455 contortiplabimur.
976 5387 1147 5441 Goxn.

311 5455 692 5528 (84)lntelligo
745 5465 1017 5510 monetam
1051 5456 1395 5528 consularem
1434 5473 1447 5509 :
1487 5473 1611 5511 nam
1650 5457 1814 5528 imper

236 5536 454 5582 ratores
482 5527 826 5581 consulatum
866 5542 1085 5597 quoque
1129 5527 1365 5597 gessisse.
1424 5537 1476 5582 et
1529 5528 1581 5581 in
1638 5527 1812 5584 titulis

240 5598 359 5667 suis
423 5594 897 5667 commemorasse
946 5594 1155 5651 uotum'
1183 5604 1287 5650 est.
1320 5594 1464 5651 Infra
1504 5613 1721 5667 quoque
1757 5602 1810 5652 in

238 5666 423 5721 Phoca
456 5663 658 5738 ὑπάτια
724 5682 824 5737 pro
859 5668 1017 5738 donis
1049 5667 1349 5738 missilibus
1378 5678 1429 5738 ct
1462 5663 1809 5738 iu'populum

238 5736 875 5808 sparsis_ponitur,’cum
905 5737 1068 5791 verbo
1096 5737 1328 5808 ῥίπτειν.
1365 5737 1493 5791 XrL.

314 5808 432 5878 (85)
461 5806 862 5878 Mesopotamiae
884 5809 1071 5878 urbem
1094 5807 1162 5863 ab
1182 5807 1474 5867 Anastasio
1495 5808 1768 5865 conditam
1798 5825 1810 5862 :

180 5906 198 5925 ο
244 5878 311 5933 de
341 5895 448 5949 qua
480 5880 535 5934 in
558 5877 871 5936 Anastasio.
906 5877 1078 5933 Cosa.

1988 4968 2099 5036 (86)
2133 4965 2224 5022 Sic
2249 4977 2303 5020 et
2337 4968 2498 5021 infra.
2532 4967 2710 5022 Credo
2744 4968 2914 5022 fuisse
2944 4969 3158 5038 signum
3194 4977 3289 5023 aut
3318 4969 3493 5022 vexil-

1914 5038 2023 5093 lum
2055 5038 2410 5106 praecipuutn.
2450 5040 2587 5092 sicut
2624 5039 2766 5092 iul’ra
2809 5041 2861 5092 in
2899 5039 3150 5093 Heraclio
3185 5053 3284 5107 pro
3315 5049 3490 5091 turma

1913 5108 2157 5177 punitur,
2189 5108 2274 5161 eiu
2304 5108 2485 5173 [οηεη.
2515 5109 2649 5163 ΧΠ..
2676 5140 2745 5149 --
2777 5110 3025 5164 Somniat
3057 5110 3143 5162 hic
3188 5110 3337 5162 circa
3384 5108 3488 5161 lul-

1909 5178 2037 5231 dum
2087 5177 2384 5248 Xylander,
2444 5188 2497 5233 et
2545 5180 2790 5233 vexillum
2864 5180 3064 5233 referre
3115 5180 3283 5248 lingit,
3326 5192 3353 5230 a
3385 5194 3493 5247 quo

1910 5259 2179 5303 semotum
2211 5261 2328 5302 erat
2349 5265 2511 5303 omne
2550 5251 2838 5313 vexillum;
2881 5250 2946 5302 ad
2980 5249 3290 5302 conﬂictum
3323 5248 3493 5316 siqui-

1914 5321 2036 5371 dem
2060 5317 2405 5373 deferebatur
2424 5320 2700 5381 vexillum,
2743 5336 2863 5373 cum
2907 5320 3161 5379 sarcinis,
3202 5319 3490 5386 iumentis,

1914 5388 2346 5458 impedimentis,
2369 5391 2709 5458 pueris,qu:e
2732 5389 2947 5441 τοίλόον
2970 5389 3262 5455 signiﬁcat,
3282 5391 3489 5440 nullum

1916 5469 2009 5531 aut
2054 5457 2411 5531 superﬂuunt.
2467 5457 2663 5531 Suidas
2711 5475 2724 5513 :
2762 5461 3053 5527 Σαγμάρια
3085 5458 3147 5509 τὸ
3198 5460 3329 5531 παρ’
3356 5461 3493 5531 ημιν

1915 5528 2205 5597 λεγόμενον
2246 5528 2481 5600 τοῑξλδον,
2528 5531 2596 5580 τὰ
2642 5528 3000 5598 βαστάζοντα,
3026 5527 3499 5600 ἀποσκευὴν,’καὶ

1914 5600 2014 5668 τὴν
2048 5599 2417 5667 μετακομιδὴν
2444 5601 2554 5651 τῶν
2584 5600 2923 5667 ἐπιτηδείων.
2961 5599 3135 5651 (ὶοΑιι.

1990 5669 2102 5738 (87)
2134 5668 2450 5737 Diplomatr‘s
2481 5680 2528 5721 et
2561 5670 2753 5722 litteris
2782 5670 3082 5722 corrcctius
3113 5669 3200 5723 hic
3224 5670 3497 5737 interpre-

1917 5739 2102 5862 :aberc
2131 5754 2294 5809 qutun
2323 5756 2444 5793 cum
2481 5738 2779 5811 Xylaudro,
2822 5747 3187 5793 contraditum
3221 5738 3491 5808 (annalis.

1943 5824 2087 5862 IOAR.

1943 5824 2087 5864 IOAR.
