4214 6450
742 356 844 416 ’ῖῦζί

2001 359 2324 422 GEORGII
2356 362 2687 423 CEDRENI

3899 361 4006 425 ’760

744 464 963 534 oppida,
996 479 1061 518 ea
1090 465 1354 529 incendit,
1395 477 1556 536 atque
1587 473 1661 522 lla
1698 469 1761 523 ad
1809 469 2174 539 Philippicnm
2230 483 2314 526 est

2427 475 2510 538 Ξαι
2543 476 2645 527 οὐκ
2680 476 3007 543 ἐτόλμησαν.
3071 472 3390 540 Ἡράκλειος
3424 471 3479 524 δὲ
3526 468 3866 541 διαπεράσας
3915 471 4008 521 τὸν

743 569 936 624 magna
963 569 1085 609 cum
1119 557 1294 626 prmda
1328 572 1600 612 reversus.
1631 558 1868 612 Rursum
1899 562 2024 617 inde
2058 564 2124 618 ad
2172 565 2315 617 Mar-

743 647 1033 716 terpulim
1096 647 1396 702 commisso
1457 648 1600 704 inter
1659 649 1858 707 Persas
1917 668 1981 707 ac
2038 652 2314 710 Romanos

743 740 951 808 prazlio,
989 738 1239 792 vicerunt
1276 738 1529 794 Romani.
1567 741 1776 797 Cccidit
1811 760 1876 798 eo
1903 745 1957 798 itt
1991 745 2173 814 praelio
2209 746 2312 800 Ba-

743 845 900 884 ruzas
935 829 1227 884 Persarum
1263 830 1397 894 dux,
1426 841 1696 902 captaque
1731 844 1860 889 sunt
1893 837 1998 889 tria
2036 837 2225 902 millia,
2252 853 2315 890 ac

739 917 948 972 Persici
979 919 1253 975 exercitus
1286 920 1565 976 ductores.
1600 922 1746 977 Mille
1782 937 1995 978 tantum
2035 926 2102 979 de
2130 925 2315 980 Persi-

741 1011 821 1063 cis
865 1013 1039 1080 c0piis
1077 1011 1324 1066 homines
1356 1013 1512 1067 clade
1563 1015 1763 1068 evitata
1813 1031 1923 1070 non
1951 1017 2161 1086 absque
2221 1033 2316 1086 pe-

739 1104 931 1157 riculis
981 1104 1034 1157 in
1067 1103 1342 1158 Persidem
1378 1105 1678 1159 redierunt.
1715 1106 1942 1160 Romani
1978 1109 2042 1162 ad
2077 1109 2318 1178 impera-

740 1207 914 1250 torem
945 1197 1180 1265 praedam
1218 1197 1442 1250 mittunt
1469 1199 1764 1263 Persicam,
1813 1216 2114 1272 omnesque
2143 1204 2318 1274 capti-

739 1305 839 1341 vos
881 1305 986 1340 una
1019 1303 1142 1342 cum
1176 1287 1393 1343 bandis.
1438 1288 1734 1346 Mauricius
1769 1307 1934 1362 porro
1959 1293 2190 1348 Cariana
2226 1310 2316 1348 ro-

742 1388 855 1434 stra
888 1379 942 1432 in
980 1378 1304 1432 Blachcrnis
1345 1379 1553 1443 condit,
1601 1383 1767 1450 inque
1799 1400 1865 1437 eo
1910 1400 2124 1439 omnem
2161 1401 2317 1438 suam

743 1485 770 1524 a
802 1473 1034 1540 pueritia
1064 1486 1235 1539 usque
1260 1470 1327 1524 ad
1401 1471 1805 1542 imperatoriam
1847 1475 2165 1546 dignitatem
2193 1479 2319 1532 vitae

744 1563 1026 1618 historiam
1059 1562 1320 1634 depingit.
1379 1564 1629 1619 Absolvit
1689 1566 1851 1619 etiam
1905 1566 2183 1636 publicum
2243 1567 2318 1621 ibi

744 1653 1023 1707 balneum.
1056 1653 1122 1707 Et
1146 1653 1431 1707 constituit
1469 1662 1526 1707 ut
1559 1654 1775 1723 publica
1801 1655 2138 1724 deprecatio.
2207 1659 2320 1712 sive

745 1745 1064 1799 intercessio
1111 1745 1328 1807 dicitur,
1373 1743 1426 1798 in
1464 1745 1764 1799 Parasceva
1821 1761 1849 1799 a
1902 1746 2220 1802 Blachernis
2253 1749 2316 1802 ad

745 1836 1126 1906 Chalcopratia
1151 1836 1467 1891 duceretur.

2421 566 2654 636 Τίγρην,
2689 568 2788 618 ὅσα
2817 565 2915 634 τῆς
2963 564 3215 632 Μηδικῆς
3245 562 3428 633 χώρας
3454 557 3595 632 ἦσαν
3621 561 3870 631 ἐπίσημα
3899 579 4008 629 χω·

2424 658 2513 728 ρία
2544 657 2826 728 παρεδίδου
2860 657 3013 724 πυρὶ,
3047 657 3138 708 καὶ
3168 654 3342 717 οὕτως
3368 653 3520 724 πρὸς
3546 653 3877 706 Φιλιππικὸν
3914 653 4009 704 ἁν-

2421 747 2648 818 έστρεψε
2684 749 2821 815 μετὰ
2868 747 3079 800 σκύλων
3131 746 3363 802 πολλῶν.
3422 748 3535 800 Καὶ
3578 745 3788 813 γίνεται
3842 745 4008 797 πάλιν

2420 838 2565 892 κατά
2595 838 2693 909 τὴν
2728 839 3184 910 Μαρτυρούπολιν
3229 837 3338 907 (92)
3366 837 3634 908 Περσικὸς
3690 836 3831 905 μετὰ
3867 837 4002 888 Ῥω-

2423 931 2598 1001 μαίων
2624 929 2881 998 πόλεμος,
2899 932 2992 984 καὶ
3014 930 3276 1000 κρατοῦσι
3313 929 3594 999 Ῥωμαῖοι,
3633 930 3725 982 καὶ
3752 929 4004 998 ἀναιρεῖν

2418 1038 2508 1074 ται
2544 1021 2572 1074 6
2609 1019 2719 1073 τῶν
2747 1021 2972 1090 Περσῶν
3005 1019 3310 1090 στρατηγὸς
3352 1020 3659 1090 Βαρουζᾶς,
3701 1016 4012 1087 συλλαμϐά-

2419 1128 2600 1165 νονται
2623 1111 2680 1164 δὲ
2711 1113 2806 1164 καὶ
2828 1113 3028 1174 ζῶντες
3050 1111 3339 1182 τρισχίλιοι
3369 1112 3464 1164 καὶ
3490 1112 3540 1162 οἰ
3569 1110 3679 1162 τῶν
3717 1108 4009 1180 Περσικῶν

2418 1203 2716 1272 ταγμάτων
2759 1203 3082 1274 ταξίαρχοι.
3132 1203 3307 1256 Χίλιοι
3351 1204 3408 1255 δὲ
3449 1202 3600 1270 μόνοι
3646 1200 3740 1254 τὸν
3771 1198 4011 1268 ἀριθμὸν

2420 1290 2726 1360 ἐσώθησαν,
2759 1292 2807 1344 οἳ
2851 1293 2942 1345 καὶ
2977 1293 3116 1362 μετὰ
3171 1291 3432 1346 κινδύνων
3471 1290 3562 1344 ἐπὶ
3610 1292 3710 1342 τὴν
3769 1289 4012 1358 Περσίδα

2419 1384 2773 1453 ἀνέστρεψαν.
2807 1384 2941 1438 Οἰδὲ
2986 1386 3246 1456 Ῥωμαῖοι
3271 1386 3550 1453 πέμπουσι
3572 1382 3705 1453 πρὸς
3735 1381 3826 1434 τὸν
3854 1380 4010 1451 βασι·

2419 1474 2515 1528 λέα
2545 1477 2612 1530 τά
2636 1475 2879 1547 Περσικὰ
2901 1477 3123 1547 λάφυρα
3150 1480 3244 1532 καί
3270 1478 3401 1540 τοὺς
3426 1475 3813 1545 ζωγρηθέντας
3838 1475 4015 1527 an».

2421 1585 2517 1631 τας
2565 1570 2662 1622 σὺν
2691 1573 2802 1632 τοῖς
2843 1569 3052 1638 βάνδοις
3082 1570 3218 1640 (95).
3268 1569 3327 1623 '0
3384 1568 3440 1622 δὲ
3470 1567 3781 1638 Μαυρίκιος
3826 1566 4014 1619 ἔκτισε

2421 1657 2511 1710 τὸν
2554 1659 2829 1726 Καριανδν
2877 1659 3106 1727 ἔμϐολον
3147 1662 3204 1712 ὲν
3249 1657 3609 1726 Βλαχέρναις,
3667 1656 3892 1725 γράψας
3954 1656 4013 1705 ἐν

2423 1747 2570 1818 αὑτῷ
2595 1749 2683 1801 διά
2700 1749 3018 1820 ζωγραφίας
3046 1750 3145 1813 τὰς
3174 1747 3373 1803 ἑαυτοῦ
3401 1745 3631 1818 πράξεις
3661 1745 3760 1808 τὰς
3793 1747 3860 1798 ὲκ
3884 1763 4013 1797 παι-

2356 1837 2396 1891 Β
2425 1841 2574 1894 δόθεν
2631 1843 2794 1912 μέχρι
2839 1843 2941 1910 τῆς
2975 1841 3138 1894 αὑτοῦ
3190 1841 3492 1911 βασιλείας.
3539 1839 3927 1908 Ἀνεπλήρωσε
3959 1838 4014 1890 δὲ

744 1929 839 1981 καὶ
861 1929 920 1981 τὸ
941 1929 998 1981 ὲν
1037 1930 1184 2000 αύτῷ
1211 1931 1470 2002 δημόσιον
1499 1931 1740 2002 λουτρόν.
1793 1930 1966 1983 Τυποῖ
2006 1930 2062 1982 δὲ
2092 1933 2187 1984 καὶ
2215 1933 2316 2000 τὴν
2355 1933 2507 2002 λιτὴν
2541 1934 2882 2003 καλουμένην
2930 1934 3228 2004 πρεσϐείαν
3295 1934 3411 2006 (94)
3469 1936 3612 1990 κατὰ
3693 1931 4072 2004 παρασκευ-,ῢ

744 2021 809 2089 ὴν
841 2021 954 2092 (95)
987 2023 1042 2074 ὲν
1078 2023 1406 2091 Βλαχέρναις
1445 2022 1713 2075 τελεῖσθαι
1751 2024 1844 2076 καὶ
1873 2025 1930 2075 ὲν
1956 2026 2067 2086 τοῖς
2099 2025 2566 2097 Χαλκοπρατείοις
2600 2027 2941 2100 πληροῦσθαι

817 2115 975 2168 Anno
1011 2114 1185 2178 sext'o,
1223 2114 1566 2183 Longobardi
1601 2115 1800 2168 bellum
1834 2114 2321 2171 Romanisintule-

748 2216 898 2269 runt,
931 2215 984 2260 et
1022 2206 1289 2260 Maurusii
1325 2205 1558 2277 in695
1593 2207 1773 2262 Africa
1800 2224 2026 2278 magnos
2055 2211 2320 2263 tumultus

747 2298 1080 2352 excitarunt.
1121 2297 1175 2350 In
1210 2298 1431 2353 Perside
1480 2300 1633 2354 locus
1679 2301 1945 2354 custodiae
2004 2301 2316 2356 destinatus

747 2401 852 2454 est,
879 2405 1073 2444 nomen
1107 2389 1288 2444 Lcthzc
1315 2391 1381 2444 ab
1413 2391 1683 2445 oblivione
1709 2393 1940 2452 habens,
1985 2394 2037 2447 in
2091 2408 2157 2448 eo
2197 2392 2327 2448 Per-

749 2496 934 2535 sarum
978 2498 1071 2536 rcx
1106 2483 1304 2535 multos
1334 2483 1397 2536 de
1423 2483 1591 2537 variis
1619 2484 1838 2552 populis
1863 2493 2055 2553 captos
2086 2485 2327 2540 incluse-

747 2580 855 2636 rat,
891 2588 995 2627 una
1047 2587 1169 2627 cum
1222 2574 1288 2627 iis
1330 2588 1466 2642 quos
1492 2574 1544 2628 in
1576 2574 1800 2629 castello
1850 2575 2020 2630 Daras
2077 2586 2322 2646 ceperat.

749 2661 816 2716 Hi
842 2663 908 2718 de
941 2665 1113 2718 salute
1144 2679 1241 2717 sna
1269 2665 1671 2733 desperabundi
1695 2667 1954 2722 custodes
1973 2666 2146 2721 adorti
2176 2675 2323 2732 sunt,

747 2754 928 2823 iisque
967 2755 1124 2808 caesis
1161 2754 1479 2825 Bysantium
1543 2766 1933 2826 pervenerunt,
1973 2769 2208 2827 suntque
2258 2760 2325 2812 ab

753 2847 1083 2915 imperatore
1116 2863 1315 2916 magno
1333 2863 1458 2901 cum
1493 2847 1693 2917 gaudio
1732 2851 1955 2918 recepti.
1989 2851 2066 2902 Ac
2103 2865 2323 2904 rursum

751 2937 1264 2993 Cmnmcntiolusin
1307 2939 1584 2994 Persidem
1607 2940 1898 3010 ingressus
1939 2941 2116 2996 victor
2151 2943 2324 2995 multa

753 3030 924 3102 Spolia
953 3031 1271 3102 Byzantium
1309 3031 1475 3089 misit.

821 3213 980 3265 Anno
1033 3213 1286 3281 septimo,
1346 3212 1640 3273 Cltosroes,
1705 3226 1829 3265 cum
1891 3211 2156 3266 adversus
2205 3226 2328 3263 eum

2492 2117 2582 2189 Τῷ
2624 2117 2678 2182 ς’
2722 2118 2834 2172 ἔτει
2872 2121 2920 2171 οἰ
2955 2119 3320 2189 Λογγίϐαρδοι
3351 2118 3586 2189 πόλεμον
3617 2119 3822 2188 ἧραντο
3855 2117 4012 2171 κατὰ

2435 2210 2745 2281 Ῥωμαίων,
2784 2211 2879 2265 καὶ
2916 2211 2986 2264 τά
3034 2213 3143 2265 τῶν
3172 2213 3537 2283 Μαυρουσίων
3587 2211 3714 2280 ἔθνη
3743 2209 3889 2263 κατὰ
3919 2210 4020 2276 τὴν

2441 2302 2705 2372 Ἀφρικὴν
2757 2304 3000 2373 μεγάλας
3037 2304 3284 2374 ταραχὰς
3330 2305 3680 2373 ἐποιήσαντο.
3734 2303 3824 2354 Ἐν
3854 2301 3908 2354 δὲ
3941 2305 4007 2368 τῇ

2427 2394 2651 2465 Περσίδι
2687 2395 2902 2466 φυλακὴ
2931 2396 3215 2466 ὑπάρχειὴ
3244 2395 3510 2466 λεγομένη
3536 2394 3710 2465 Λήθη,
3742 2388 3857 2467 ὲνῇ
3885 2394 4020 2445 πολ-

2427 2489 2553 2552 λοὺς
2582 2490 2612 2541 ὁ
2639 2490 2748 2543 τῶν
2785 2488 3010 2556 Περσῶν
3069 2487 3321 2558 βασιλεὺς
3369 2488 3478 2541 ἀπὸ
3517 2487 3794 2557 διαφόρων
3845 2485 4021 2538 ἐθνῶν

2429 2583 2486 2634 ὲν
2507 2582 2678 2652 ταύτῃ
2713 2581 3029 2634 κατέκλεισε
3067 2583 3166 2633 σὺν
3221 2582 3334 2643 τοῖς
3381 2579 3751 2650 αἰχμαλώτοις
3779 2577 3882 2647 τῆς
3915 2577 4020 2630 πό·

2431 2671 2569 2735 λεως
2596 2671 2797 2741 Δαράς.
2844 2664 3003 2724 Οὗτοι
3045 2667 3139 2724 οὖν
3184 2670 3512 2738 ἀπογνόντες
3577 2669 3788 2724 ἑαυτῶν
3837 2671 4014 2722 ἔπαν-

2432 2764 2675 2818 ίστανται
2703 2765 2844 2817 κατά
2867 2763 2978 2816 τῶν
3008 2763 3389 2833 φυλασσόντων
3415 2762 3633 2826 αὐτούς·
3665 2762 3760 2826 οὓς
3798 2763 3894 2815 καὶ
3925 2763 4020 2814 ἁν-

2429 2856 2642 2918 ελόντες
2671 2858 2751 2918 εἰς
2767 2857 2829 2906 τὸ
2845 2856 3138 2919 Βυζάντιον
3155 2856 3344 2926 ἥκασι,
3375 2857 3468 2909 καὶ
3494 2855 3792 2920 ὑπεδέξατο
3819 2856 4019 2917 αὐτοὺς

2434 2949 2462 3001 6
2491 2947 2742 3016 βασιλεὺς
2771 2946 2907 3017 μετὰ
2937 2949 3112 3016 χαράς
3134 2948 3398 3016 μεγάλης.
3432 2949 3543 3001 Καὶ
3569 2947 3732 3000 πάλιν
3755 2947 4019 3014 Κομμεν-

2433 3041 2606 3104 τίολος
2644 3042 2724 3103 εἰς
2751 3039 2842 3092 τὸν
2873 3041 3015 3093 κατὰ
3044 3038 3153 3092 τῶν
3184 3039 3410 3110 Περσῶν
3443 3039 3682 3106 πόλεμον
3710 3040 3899 3107 χωρεῖ,
3923 3036 4018 3089 καὶ

2437 3134 2664 3201 νικήσας
2693 3132 2860 3184 πολλὰ
2885 3133 3102 3201 λάφυρα
3141 3136 3196 3185 ἐν
3232 3132 3514 3202 Βυζαντίῳ
3543 3133 3771 3200 πέμπει.

2510 3223 2600 3291 Τῷ
2633 3223 2676 3288 ζ’
2708 3225 2838 3287 ἔτει,
2873 3223 3067 3294 Βαρὰμ
3111 3224 3252 3276 κατὰ
3284 3224 3527 3292 Χοσρὸου
3564 3225 3858 3290 γενόμενος
3888 3219 4017 3272 τοῦθ

758 3304 1028 3357 llaramus
1062 3303 1390 3373 insurgeret,
1426 3311 1649 3357 coactus
1685 3313 1769 3358 est
1799 3303 1863 3356 ad
1890 3303 2167 3357 Romanos
2197 3319 2329 3357 con-

2435 3333 2526 3369 τον
2558 3318 2670 3378 τοῖς
2719 3315 3019 3384 Ῥωμαίοις
3060 3315 3407 3384 προσρυῆναι
3440 3315 3784 3384 ἠνάγκασεν·
3810 3306 3857 3379 ᾧ
3893 3313 4018 3373 δοὺς

757 3397 981 3464 fugere;
1014 3404 1067 3448 et
1101 3395 1392 3463 impetrato
1425 3395 1492 3448 ab
1517 3395 1853 3464 imperatore
1892 3397 2098 3449 auxilio
2167 3396 2334 3449 Bara-

758 3501 905 3540 mum
934 3485 1134 3540 occidit
1169 3485 1562 3554 Persidemque
1604 3488 1862 3542 obtinuit.
1929 3488 2181 3542 Metuens
2232 3505 2334 3541 an—

761 3590 865 3630 tem
903 3577 1009 3631 sibi
1042 3578 1110 3629 ab
1137 3578 1375 3642 insidiis,
1420 3578 1569 3634 mille
1592 3578 1871 3634 Romanos
1925 3580 2164 3649 przesidii
2217 3581 2336 3634 loco

760 3670 876 3722 dari
908 3685 935 3722 ο
969 3669 1233 3723 Mauricio
1269 3670 1370 3723 sibi
1432 3670 1606 3738 petiit.
1673 3670 1830 3735 Quod
1891 3671 2072 3742 ipsum
2120 3688 2337 3742 quoque

763 3763 1061 3832 imperator
1093 3764 1388 3828 Concessit,
1445 3763 1628 3833 itaque
1680 3763 1954 3819 Cltosroes
2011 3763 2195 3820 fassus
2253 3773 2340 3819 est

762 3869 990 3923 regnum
1034 3851 1219 3907 Persis
1291 3852 1554 3907 beneﬁcio
1578 3853 1947 3908 Romanorum
1986 3870 2335 3910 concessum.

836 3951 995 4000 Anno
1034 3955 1249 4006 octavo,
1282 3947 1333 3998 in
1366 3944 1634 4000 Paschate
1660 3946 2025 4001 Theodosium
2090 3945 2338 4001 Mauricii

760 4037 933 4090 ﬁlium
971 4035 1211 4089 Joannes
1251 4037 1563 4104 patriarcha
1605 4037 1927 4107 Cpolitanus
1959 4047 2208 4101 coronat,
2244 4053 2338 4090 au-

761 4147 863 4184 ttos
901 4144 1081 4184 natum
1115 4132 1145 4183 4
1176 4147 1221 4185 ε.
1277 4131 1476 4185 Eodem
1542 4147 1686 4185 anno
1729 4131 2026 4186 Mauricius
2074 4133 2242 4186 aedem
2272 4133 2340 4187 40

759 4223 1085 4277 Sanctorum
1125 4225 1378 4288 absolvit,
1417 4240 1446 4277 a
1491 4222 1711 4278 Tiberio
1731 4225 2065 4278 inchoatam.
2098 4226 2341 4291 Cumque

762 4317 814 4369 in
840 4314 1059 4369 Oriente
1091 4317 1196 4368 alta
1237 4330 1381 4370 esset
1439 4332 1563 4387 pax,
1620 4319 1894 4372 exercitus
1943 4319 1996 4372 in
2050 4317 2336 4371 Thraciam

761 4409 1058 4463 transtulit.

831 4587 986 4643 Nono
1016 4603 1180 4650 anno,
1203 4604 1328 4642 cum
1362 4588 1659 4657 imperator
1696 4588 1884 4658 ecpias
1908 4588 1959 4641 in
1985 4586 2335 4643 Occidentem

2435 3409 2464 3460 6
2505 3407 2760 3477 βασιλεὺς
2791 3406 3112 3476 συμμαχίαν
3146 3406 3239 3458 τόν
3273 3423 3332 3458 τε
3367 3407 3565 3474 Βαρὰμ
3595 3405 3886 3460 ἀπέκτεινε
3922 3405 4019 3455 καὶ

2436 3500 2536 3570 τὴν
2577 3499 2815 3570 Περσίδα
2859 3499 3154 3568 ἐκράτησε.
3202 3496 3468 3560 Δεδοικὼς
3502 3497 3559 3550 δὲ
3598 3495 3688 3568 ἷΡ.
3734 3493 3862 3567 597]
3918 3495 4019 3565 τὴν

2437 3593 2783 3660 δολοφονίαν,
2843 3591 2995 3659 ζητεί
3042 3591 3349 3658 Μαυρίκιον
3406 3591 3486 3650 εἰς
3538 3589 3788 3657 φυλακὴν
3850 3587 4019 3640 αὐτοῦ

2437 3683 2644 3754 χιλίους
2684 3681 3016 3749 Ῥωμαίους.
3061 3680 3119 3731 Ὀ
3162 3678 3219 3731 δὲ
3257 3678 3511 3747 βασιλεὺς
3547 3681 3692 3730 ποιεῖ
3716 3677 3810 3729 καὶ
3835 3676 4018 3738 τοῦτο,

2439 3773 2515 3836 ὡς
2548 3772 2728 3839 λέγειν
2766 3772 2856 3824 τὸν
2908 3770 3154 3839 Χοσρόην
3183 3771 3264 3823 δτι
3319 3770 3584 3838 Ῥωμαῖοι
3637 3768 3876 3839 Πέρσαις
3917 3771 4018 3839 τὴν

2442 3862 2722 3934 βασιλείαν
2753 3861 3088 3931 χαρίζονται.

2511 3954 2602 4024 Τῷ
2641 3951 2692 4023 η’
2739 3953 2872 4016 ἔτει,
2907 3952 2968 4004 τὸ
3013 3952 3206 4022 Πάσχα
3237 3951 3518 4014 Θεοδόσιος
3560 3951 3675 4014 υἱὸς
3700 3950 4020 4021 Μαυρικίου

2443 4045 2701 4113 στέφεται
2753 4043 2857 4096 ὑπὸ
2887 4043 3134 4097 Ἰωάννου
3174 4043 3518 4112 πατριάρχου
3565 4043 4020 4095 Κωνσταντινου-

2441 4133 2668 4196 πόλεως,
2702 4135 2908 4202 χρόνων
2962 4133 3222 4202 ὑπάρχων
3261 4135 3546 4197 τεσσάρων
3593 4132 3785 4200 ἥμισυ.
3840 4130 3932 4199 Τῷ
3975 4131 4021 4183 δ’

2441 4225 2588 4295 αὐτῷ
2619 4225 2728 4276 ἔτει
2773 4223 3072 4293 Μαυρίκιος
3105 4224 3196 4275 τὸν
3223 4225 3349 4275 ναζν
3375 4225 3481 4274 τῶν
3514 4223 3707 4289 Ἀγίων
3737 4222 4026 4291 Τεσσαρά-

2442 4333 2631 4378 κοντα,
2657 4299 2716 4368 ὃν
2753 4314 3040 4384 ἀπήρξατο
3073 4313 3346 4383 Τιϐέριος.
3378 4313 3760 4381 ἀνεπλήρωσε,
3795 4310 3894 4364 καὶ
3920 4311 4023 4381 τῆς

2454 4408 2747 4478 Ἀνατολῆς
2797 4409 3023 4477 εἰρήνην
3064 4405 3286 4474 βαθεῖαν
3329 4404 3559 4474 ἐχούσης
3614 4404 3710 4464 τὰς
3763 4403 4021 4471 δυνάμεκ

2440 4500 2549 4554 τῶν
2581 4498 3006 4570 στρατευμάτων
3029 4499 3120 4549 ἐπὶ
3153 4499 3251 4566 τὴν
3278 4496 3499 4566 Θρᾴκην
3529 4493 3822 4547 διεϐίϐασε.

2511 4595 2603 4666 Τῷ
2641 4595 2684 4647 θ’
2704 4595 2835 4662 ἔτει,
2865 4593 2958 4646 τοῦ
2985 4592 3252 4662 βασιλέως
3289 4592 3427 4661 μετά
3454 4591 3562 4643 τῶν
3591 4589 4022 4659 στρατευμάτων

761 4681 1041 4746 educeret,
1105 4683 1174 4735 ab
1225 4683 1482 4735 omnibus
1543 4680 1744 4735 vetitus
1790 4691 1876 4735 est
1931 4681 2074 4734 bello
2115 4695 2333 4748 operam

2442 4688 2538 4742 ἐπὶ
2567 4687 2666 4756 τὴν
2704 4685 2869 4738 Δύσιν
2898 4684 3279 4754 ὲξερχομένου,
3311 4681 3584 4736 ἐκωλύετο
3612 4681 3760 4750 παρὰ
3801 4683 4022 4733 πάντων

761 4773 1096 4844 impendere.
1140 4771 1328 4825 Daonii
1361 4772 1555 4825 mulier
1583 4770 1845 4825 infantem
1891 4771 2100 4840 peperit
2135 4773 2333 4836 oculis,

761 4864 1060 4934 palpebris,
1088 4865 1342 4917 manibus
1359 4862 1697 4931 pedibusque
1722 4871 1996 4916 carentem
2024 4879 2039 4914 :
2071 4863 2137 4917 ad
2167 4878 2335 4918 coxas

763 4964 943 5009 autem
982 4955 1148 5026 696
1177 4954 1350 5008 cauda
1384 4956 1550 5024 piscis
1604 4965 1740 5011 teSta
1785 4955 1970 5008 intecti
2003 4963 2161 5010 enata
2195 4967 2331 5010 erat.

767 5047 965 5102 Eodem
1004 5049 1091 5102 die
1121 5049 1273 5103 canis
1307 5063 1527 5117 quoque
1561 5063 1654 5102 sex
1685 5047 1848 5117 pedes
1881 5047 2086 5102 habens
2120 5057 2174 5102 et
2240 5065 2334 5102 ca-

767 5150 860 5209 put
892 5139 1167 5193 leoninnnt
1194 5151 1357 5194 natus
1385 5155 1448 5194 ac
1483 5140 1638 5192 valde
1704 5153 1937 5208 magnus
1993 5137 2172 5192 factus
2228 5152 2334 5194 εει.

2440 4777 2792 4849 ὑπουργῆσαι
2819 4775 2896 4846 τῷ
2926 4775 3172 4845 πολέμῳ.
3197 4776 3286 4827 Ἑν
3311 4774 3368 4827 δὲ
3392 4773 3468 4844 τῷ
3496 4773 3698 4842 Δαονίῳ
3725 4772 3834 4842 (96)
3868 4772 4024 4825 ἔτεκε

2438 4871 2576 4941 γυνὴ
2611 4869 2822 4922 παιδίον
2861 4870 2999 4938 μήτε
3043 4865 3358 4936 ὀφθαλμοὺς
3402 4869 3538 4934 μήτε
3588 4864 3832 4934 βλέφαρα
3883 4865 4022 4934 μήτε

2438 4964 2628 5034 χεῖρας
2663 4963 2802 5031 μήτε
2843 4959 3008 5021 πόδας
3043 4958 3203 5027 ἔχων,
3239 4959 3377 5026 πρὸς
3423 4957 3481 5009 δὲ
3514 4957 3591 5027 τῷ
3643 4956 3798 5025 ἰσχίῳ
3839 4956 4023 5025 ἰχθύος

2438 5053 2579 5125 οὐρὰ
2609 5052 2907 5122 προσφυῶς
2954 5052 3202 5120 ὑπῆρχεν
3247 5049 3398 5119 αὐτῷ
3432 5049 3894 5120 ὸστρακὸδερμος.
3940 5048 4021 5116 Τῇ

2439 5148 2576 5217 αὐτῇ
2605 5146 2790 5216 ἡμέρᾳ
2817 5145 2910 5198 καὶ
2942 5143 3092 5198 κύων
3125 5141 3382 5208 ἑξάπους,
3416 5141 3658 5212 κεφαλὴν
3695 5141 3838 5212 ἔχων
3867 5141 4021 5193 λεον-

1817 5272 2168 5328 XYLANDRI
2229 5277 2318 5331 ET
2381 5278 2857 5336 GOARINOTA‘I.

839 5365 952 5440 (92)
985 5365 1249 5440 Armeniae
1270 5367 1458 5421 urbem
1483 5367 1836 5436 quadraginta
1869 5365 2098 5420 militum
2129 5376 2336 5440 marty-

765 5436 850 5490 rio
884 5438 1172 5490 itlustrem.
1204 5436 1378 5491 Goan.

841 5506 948 5572 (95)
987 5503 1232 5571 Vexillis,
1263 5517 1392 5575 puto
1437 5507 1784 5570 militaribus,
1816 5521 1938 5574 qua:
1964 5506 2129 5575 (nobis
2173 5509 2334 5563 bauer

769 5574 1278 5649 tlicuntur._Siuidas
1300 5578 1353 5631 in
1385 5577 1581 5649 Βάνδον
1609 5595 1622 5608 ·
1647 5577 1803 5630 Οὕτω
1819 5574 2045 5628 καλοῦσι
2074 5577 2336 5649 Ῥωμαῖοι

773 5649 996 5717 σημεῖον
1028 5645 1087 5696 τὸ
1115 5648 1171 5696 ὲν
1213 5649 1450 5717 πολέμῳ.
1480 5647 1614 5702 Χῖι..

842 5717 952 5790 (ibi)
977 5714 1474 5790 Litania_ttit_nirutn
1500 5720 1586 5772 hic
1614 5719 1734 5790 λιτὴ
1755 5719 2021 5789 πρεσϐεία
2040 5720 2260 5776 dicitur.
2285 5731 2336 5773 et

770 5784 1312 5858 ἓιιίιιαιτιιιοίιυθλιτή
1342 5799 1420 5844 cst
1444 5784 1951 5860 παράκλησιςξΕςιιιι
1969 5805 2098 5861 ergo
2125 5791 2339 5845 videtur

2444 5373 2684 5426 litaniam
2723 5372 3046 5435 instituisse,
3079 5386 3200 5442 qua:
3229 5371 3461 5426 ﬁeretab
3483 5385 3596 5426 uno
3624 5368 3750 5442 fano
3784 5371 4022 5442 ad‘alte-

2445 5458 2587 5504 rum,
2610 5450 2824 5496 caterva
2855 5443 3036 5510 populi
3056 5439 3108 5496 et
3132 5442 3449 5512 pontiﬁcum
3477 5440 3823 5512 procedente.
3842 5439 4019 5510 Supra

2443 5512 2578 5582 λητή
2650 5512 2952 5581 legebatur,
3007 5513 3188 5582 minus
3252 5523 3419 5568 recte.
3487 5512 3628 5565 λιταί
3686 5522 3876 5582 nutum
3937 5523 4024 5566 est

2446 5579 2764 5653 vocabuluin
2796 5585 2878 5636 vel
2909 5598 2973 5635 ex
3011 5581 3268 5647 Homero,
3304 5583 3434 5653 quid
3465 5584 3706 5653 denotet.
3737 5579 3874 5653 Χῖι..

2443 5653 2628 5776 ϐ(95)
2691 5652 2998 5706 Parascevis
3056 5651 3336 5722 singulis,
3389 5655 3550 5707 sextis
3615 5651 3781 5708 dictis
3848 5651 4017 5721 feriis.

2492 5739 2616 5776 om.

2492 5739 2616 5777 ΟΑΒ.

2515 5794 2623 5863 (96)
2658 5794 2905 5849 Thracia:
2939 5794 3074 5850 loco.
3106 5792 3278 5848 Goan.
