4214 6450
257 453 358 516 761

1319 461 1857 525 HISTORIARUM
1895 467 2424 532 COMPENDIUM.

3403 469 3514 539 762

255 565 426 636 τώδη,
483 566 766 636 γεννηθεὶς
812 567 1030 636 ἐγένετο
1080 566 1255 637 μέγας
1306 569 1535 640 σφόδρα.
1569 571 1649 642 Τῇ
1698 574 1836 645 αὐτῇ

1943 579 2144 634 Eodem
2198 581 2287 636 die
2335 595 2513 651 equus
2558 581 2722 636 etiam
2776 580 3146 652 imperatoris,
3195 579 3290 651 qui
3331 584 3514 639 aureis

258 662 445 732 ἡμέρα
477 663 569 714 καλ⁵
611 663 641 715 ὁ
689 663 856 728 ἵππος
890 663 986 716 τοῦ
1037 662 1327 734 βασιλέως,
1393 665 1423 718 ὁ
1474 666 1566 720 τὸν
1606 668 1842 738 χρυσοῦν

258 753 646 824 περικείμενος
667 754 894 824 κόσμον,
929 755 1143 824 ἁθρόως
1169 758 1435 829 διερῤάγη
1470 759 1672 813 πεσών.
1707 760 1843 814 Τού-

259 861 374 908 τοις
407 847 576 898 πᾶσιν
618 849 1014 918 οἰωνισάμενος
1049 852 1078 904 ὁ
1109 850 1364 921 βασιλεὺς
1412 854 1714 924 περίλυπος
1752 850 1838 924 ἦν.

260 935 471 989 Μαθὼν
495 937 552 991 δὲ
587 938 668 992 ὅτι
709 941 970 1010 πρέσϐεις
1005 945 1086 1005 εἰς
1113 942 1175 996 τὸ
1201 943 1496 1008 Βυζάντιον
1527 944 1750 1015 Περσῶν
1780 962 1841 998 τε

261 1027 357 1080 καὶ
383 1027 651 1098 Φράγγων
692 1031 1080 1100 παρεγένοντο,
1122 1032 1457 1104 ὑπέστρεψε.
1491 1035 1570 1098 είς
1596 1033 1664 1086 τὰ
1693 1033 1844 1104 βασί-

257 1118 404 1174 λεια.

346 1213 482 1269 Ἀπὸ
526 1213 638 1289 τῶν
692 1217 1004 1286 Ἱστορικῶν
1064 1218 1155 1271 τοῦ
1189 1219 1495 1288 Σιμοκάτου
1543 1219 1655 1289 (97)
1685 1218 1841 1286 λόγος

258 1303 505 1374 Χοσρόου
531 1304 794 1375 βασιλέως
832 1307 1058 1376 Περσῶν
1089 1309 1226 1378 πρὸς
1265 1310 1518 1376 Ἰωάννην
1542 1309 1842 1380 στρατηγὸν

267 1396 563 1466 Ῥωμαίων
590 1441 605 1462 ,
642 1398 1055 1466 άποσκώψαντα
1106 1402 1187 1463 είς
1222 1401 1386 1454 αὐτὸν
1424 1402 1513 1456 ὅτε
1560 1402 1840 1472 ἀπεστάλη

257 1489 414 1558 παρὰ
439 1489 535 1542 τοῦ
574 1492 882 1560 Μαυρικίου
911 1494 987 1554 είς
1010 1491 1267 1562 βοήθειαν
1303 1493 1497 1548 αὐτοῦ’
1531 1496 1594 1549 Εἰ
1627 1497 1701 1566 μή
1735 1513 1842 1568 περ

256 1579 368 1632 ἀπὸ
411 1580 505 1633 τοῦ
532 1581 724 1650 καιροῦ
767 1583 1230 1654 ἐτυραννούμεθα,
1261 1587 1361 1641 οὐκ
1403 1587 1471 1642 ἂν
1504 1588 1838 1660 ἐθάρῤησας,

260 1671 558 1740 πρατηγέ,
594 1672 688 1726 τὸν
727 1673 898 1742 μέγαν
927 1676 983 1728 ἐν
1017 1675 1327 1744 ἀνθρώποις
1356 1676 1580 1746 βασιλέα
1624 1677 1841 1746 βάλλειν

256 1767 373 1828 τοῖς
393 1767 744 1835 σκώμμασιν.
778 1766 932 1820 Ἐπεὶ
954 1768 1011 1822 δέ
1032 1771 1146 1831 τοῖς
1175 1769 1408 1840 παροῦσι
1433 1770 1576 1838 μέγα
1601 1775 1838 1840 φρονεῖς,

256 1856 471 1928 ἀκούσῃ
510 1857 561 1909 τί
594 1857 731 1927 δῆτα
777 1861 888 1922 τοῖς
938 1858 1080 1923 Θεοῖς
1113 1861 1410 1929 ἐσύστερον
1443 1862 1834 1932 μεμελέτηται.

268 1947 804 2020 Ἀντικαταρῤεύσει,
837 1950 898 2004 εὖ
929 1951 1060 2016 ίσθι,
1093 1954 1175 2016 είς
1206 1953 1331 2015 τοὺς
1364 1954 1672 2024 Ῥωμαίους
1693 1955 1837 2024 ὑμᾶς

253 2039 425 2103 δεινὰ,
454 2039 605 2104 ἕξετε
634 2040 692 2094 δὲ
719 2041 780 2095 τὺ
818 2042 1161 2097 Βαϐυλώνιον
1192 2044 1360 2112 φῦλον
1383 2045 1483 2114 τῆς
1517 2043 1840 2115 Ῥωμαῖκῆς

255 2133 536 2196 πολιτείας
581 2133 819 2201 κρατοῦν
867 2135 1090 2204 τριττὴν
1122 2136 1526 2207 κυκλοφορικὴν
1566 2137 1838 2206 ἑϐδομάδα

254 2223 413 2279 ἐτῶν.
444 2226 600 2278 Μετὰ
628 2226 686 2279 δὲ
733 2226 893 2280 τοῦτο
923 2228 1240 2298 πεμπταίαν
1274 2229 1546 2299 ἑϐδομάδα
1575 2230 1838 2284 ἐνιαυτῶν

265 2314 526 2385 Ῥωμαῖοι
551 2317 766 2388 Πέρσας
797 2317 1268 2389 δουλαγωγήσετε.
1295 2321 1516 2374 Τούτων
1556 2320 1620 2392 δὴ
1655 2322 1838 2391 διηνυ-

255 2409 474 2479 σμένων
501 2412 603 2483 τὴν
626 2413 826 2467 άνέσπε
837 2430 927 2484 ρον
951 2415 1165 2484 ἡμέραν
1190 2414 1448 2483 ἐνδημεῖν
1474 2419 1586 2479 τοῖς
1625 2416 1724 2470 ἀνθ
1735 2416 1840 2487 ρώ-

253 2519 402 2568 ποις.
433 2503 530 2557 καὶ
560 2505 660 2576 τὴν
705 2507 1172 2577 προσδοκωμένην
1206 2507 1360 2578 λῆξιν
1395 2508 1711 2562 ἀποϐαίνειν
1741 2509 1836 2561 τοῦ

255 2596 515 2666 κράτους,
555 2599 644 2651 ὅτε
676 2599 746 2652 τὰ
791 2599 890 2668 τῆς
920 2599 1126 2671 φθορᾶς
1156 2600 1506 2672 παραδίδοται
1548 2603 1697 2656 λύσει
1747 2606 1838 2655 καὶ

252 2686 322 2742 τὰ
352 2690 453 2758 τῆς
479 2690 790 2761 κρείττονος
805 2692 1084 2762 διαγωγῆς
1113 2693 1480 2748 πολιτεύεται.

324 2782 416 2853 Τῷ
445 2791 473 2834 ι’
503 2783 635 2846 ἔτει,
661 2783 755 2836 τοῦ
782 2785 1035 2851 Χαγάνου
1066 2785 1388 2844 ἐπελθόντος
1421 2787 1564 2840 κατὰ
1597 2787 1660 2840 τδ
1705 2787 1834 2857 Σίρ-

257 2893 404 2945 μιον,
437 2877 468 2930 ὁ
512 2875 764 2944 βασιλεὺς
799 2875 1105 2945 στρατηγὸν
1153 2877 1424 2947 Εὐρώπης
1472 2878 1565 2930 τὸν
1600 2879 1837 2949 Πρίσκον

254 2969 576 3037 χειροτονεῖ.
602 2968 662 3019 ’0
691 2967 749 3021 δὲ
771 2967 1012 3038 Πρίσκος
1036 2967 1398 3021 Σαλϐανιανόν
1425 2969 1836 3038 ὑποστράτηγον

253 3060 492 3129 ποιήσας
539 3059 860 3131 προτρέχειν
891 3061 1166 3123 ἐκέλευσε,
1203 3061 1299 3114 καὶ
1339 3062 1482 3114 κατὰ
1536 3061 1646 3114 τῶν
1691 3063 1834 3131 Βαρ-

257 3148 445 3218 ϐάρων
475 3151 830 3218 χωρήσαντες
865 3150 1227 3218 συγκροτοῦσι
1257 3150 1494 3220 πόλεμον
1519 3151 1613 3203 καὶ
1644 3151 1838 3204 νικῶσι

1941 674 2182 744 phaleris
2209 684 2329 731 erat
2353 681 2605 739 ornatus,
2647 676 2884 730 concidit
2913 677 3094 731 subito
3123 684 3288 746 atque
3316 681 3515 744 ruptus

1939 774 2045 820 est.
2071 764 2197 821 Haec
2223 768 2407 822 omnia
2424 768 2719 838 imperator
2745 767 2944 822 ominis
2967 769 3086 822 loco
3109 769 3319 824 ducens
3340 769 3513 824 animi

1941 857 2277 928 angebatur;
2309 868 2362 912 et
2381 860 2597 931 cognito
2624 861 2831 930 legatos
2871 859 3156 914 Persarum
3175 875 3240 916 ac
3272 859 3514 917 Franco-

1942 966 2064 1006 rum
2120 950 2440 1023 Byzantium
2499 953 2794 1022 appulisse,
2836 953 2891 1008 in
2941 953 3145 1023 regiam
3191 954 3370 1008 rediit.

2015 1213 2275 1283 Sequitur
2321 1228 2384 1268 ex
2419 1213 2677 1269 Historiis
2710 1211 2968 1269 Simocati
3038 1215 3215 1270 oratio
3253 1213 3516 1270 Chosroa'.

1945 1304 2232 1360 Persarum
2265 1307 2409 1376 regis
2438 1306 2502 1360 ad
2551 1304 2814 1360 Joannem
2863 1305 3058 1360 ducem
3118 1305 3511 1369 Romanorum,

1943 1398 2035 1467 qui
2070 1400 2273 1454 missus
2311 1399 2360 1454 ei
2398 1399 2722 1466 opitulatum
2791 1412 2820 1450 a
2876 1398 3146 1452 Mauricio
3187 1398 3514 1466 imperatore

1943 1507 2142 1546 sannas
2173 1492 2226 1546 in
2256 1506 2435 1562 regem
2477 1491 2707 1559 jecerat.
2741 1491 2886 1555 Nisi,
2921 1491 3117 1559 inquit,
3159 1491 3276 1561 ipsa
3305 1500 3515 1560 tempo-

1942 1587 2020 1641 ris
2053 1586 2195 1640 ratio
2225 1585 2278 1640 in
2303 1601 2402 1640 nos
2468 1583 2845 1655 tyrannidem.
2883 1592 3179 1649 exerceret,
3234 1599 3514 1652 nunquam

1944 1676 2184 1746 profecto
2223 1685 2304 1740 tu,
2341 1690 2374 1731 ο
2418 1676 2553 1736 dux,
2579 1674 2812 1728 auderes
2845 1688 3102 1740 magnum
3152 1674 3296 1728 inter
3342 1672 3518 1727 homi-

1943 1783 2041 1822 nes
2081 1783 2263 1838 regem
2309 1767 2665 1821 subsannare.
2705 1763 3002 1834 Nuncquia
3037 1779 3278 1835 praesens
3332 1778 3514 1832 rerum

1944 1869 2118 1916 status
2149 1870 2203 1916 te
2251 1859 2549 1930 superbum
2605 1857 2804 1924 reddit,
2862 1859 2988 1913 audi
3035 1859 3166 1927 quid
3222 1858 3290 1912 de
3333 1856 3517 1912 futuro

1943 1955 2018 2010 dii
2042 1955 2350 2009 statuerint.
2376 1952 2468 2007 Sic
2501 1951 2661 2018 habe,
2696 1951 3036 2006 calamitates
3057 1950 3112 2004 in
3169 1965 3264 2005 vos
3315 1948 3514 2004 Roma-

1944 2063 2045 2103 nos
2062 2047 2466 2112 redundabunt,
2511 2060 2575 2101 ac
2602 2061 2698 2116 per
2731 2055 2840 2099 tres
2894 2044 3190 2098 circulares
3219 2051 3514 2112 septenus-

1943 2140 2019 2196 Irs
2057 2154 2326 2194 annorum
2375 2138 2761 2194 conversiones
2823 2135 3156 2207 Babylonica
3216 2149 3348 2204 gens
3403 2131 3514 2186 Ro-

1943 2249 2116 2291 manae
2171 2231 2478 2302 reipublicze
2529 2227 2918 2284 dominabitur.
2961 2227 3091 2282 Inde
3137 2240 3232 2295 per
3273 2225 3515 2295 quinque

1941 2339 2210 2380 annorqu
2261 2321 2602 2394 septenarios
2635 2319 2868 2373 Romani
2903 2318 3094 2374 Persas
3145 2318 3367 2374 servitio
3385 2332 3513 2386 pre-

1943 2419 2120 2474 metis.
2151 2417 2250 2472 His
2291 2415 2640 2472 circumactis
2670 2415 2785 2469 dies
2823 2428 3062 2483 vespera:
3091 2426 3288 2481 expers
3336 2409 3518 2465 homi-

1942 2512 2104 2566 nibus
2155 2509 2435 2564 illucescet
2484 2513 2970 2576 exspectatumqne
3026 2519 3254 2576 regnum
3315 2502 3511 2558 inibit:

1943 2615 2072 2657 tunc
2110 2601 2368 2656 interitus
2395 2600 2544 2654 nulla
2575 2599 2678 2654 erit
2709 2599 2993 2661 memoria,
3041 2605 3097 2652 et
3122 2595 3232 2650 vita
3277 2595 3516 2649 meliori-

1943 2696 2093 2750 ribus
2136 2693 2402 2748 institutis
2431 2700 2642 2762 agetur.

2009 2789 2168 2840 Anno
2199 2785 2436 2844 decimo.
2502 2798 2626 2838 cum
2711 2781 3006 2852 Chaganus
3060 2778 3202 2850 apud
3251 2777 3514 2833 Sirmium

1939 2878 2192 2943 irrueret,
2226 2875 2522 2944 imperator
2553 2873 2717 2944 697
2772 2873 3089 2942 praefectum
3139 2870 3370 2940 Europa!
3391 2869 3513 2923 Pri-

1939 2983 2093 3025 scum
2135 2976 2304 3022 creat.
2340 2967 2394 3021 Is
2439 2964 2827 3020 Salvanianum
2879 2965 3113 3034 legatum
3136 2963 3239 3018 sibi
3276 2962 3515 3020 asciscit.

1937 3073 2171 3128 eumque
2197 3057 2587 3128 praeirejubet.
2627 3055 2900 3110 Barbaros
2930 3070 3061 3124 ergo
3101 3054 3342 3126 aggressi
3383 3068 3515 3109 con-

1939 3158 2089 3206 serta
2124 3164 2304 3219 pugna
2366 3163 2461 3204 eos
2519 3148 2770 3204 vincunt.
2814 3146 3108 3216 Chaganus
3174 3161 3234 3201 re
3298 3145 3514 3218 cognita

265 3243 548 3311 Ῥωμαῖοι.
589 3243 649 3296 '0
677 3241 733 3294 δέ
766 3241 1018 3312 Χαγάνος
1039 3241 1199 3295 τοῦτο
1230 3242 1511 3312 ἀκηκοὼς,
1538 3243 1836 3297 ἀναλαϐὼν

1941 3241 2116 3311 copiis
2165 3241 2408 3297 collectis
2439 3240 2507 3294 ad
2569 3239 2780 3294 bellum
2830 3239 3220 3309 proficiscitur.
3273 3238 3516 3308 Cumque

252 3335 351 3399 τὰς
385 3335 647 3404 δυνάμεις
670 3335 869 3405 ἐχώρει
909 3335 1043 3407 πρὸς
1073 3335 1335 3405 πόλεμον,
1371 3335 1466 3388 καὶ
1506 3337 1587 3398 είς
1621 3335 1837 3406 Ἀγχία-

252 3422 342 3474 λον
375 3421 548 3474 ἐλθὼν
579 3422 784 3492 ταύτην
811 3423 1172 3478 κατέκαυσεν.
1205 3423 1294 3496 [Ρ.
1329 3424 1456 3496 398]
1495 3421 1630 3478 Εἶτα
1665 3425 1748 3488 είς
1774 3425 1837 3478 τὸ

251 3512 437 3579 Δριζὶν
485 3513 646 3582 περᾷ.
695 3514 754 3564 '0
810 3513 867 3568 δὲ
895 3515 1153 3584 Πρίσκος,
1193 3516 1266 3584 μὴ
1301 3515 1472 3569 θέλων
1508 3515 1738 3586 θεωρεῖν
1766 3516 1836 3571 τὰ

250 3602 430 3674 πλήθη
455 3603 562 3656 τῶν
575 3604 900 3675 Βαρϐάρων,
921 3606 997 3668 εἰς
1019 3605 1354 3675 Τζουρουλὸν
1377 3605 1636 3660 είσελθὼν
1663 3607 1840 3675 ἠσφα-

250 3694 460 3748 λίσατο.
493 3696 553 3749 Ὀ
578 3696 636 3749 δὲ
665 3695 948 3766 Βάρϐαρος
978 3697 1070 3749 τὸν
1103 3697 1346 3766 Πρίσκον
1401 3699 1712 3770 πολιορκεῖν
1743 3699 1840 3751 ἐπ-

249 3787 475 3857 εχείρει.
517 3787 702 3841 Ταῦτα
732 3787 790 3842 δέ
819 3787 1074 3859 ἀκηκοὼς
1125 3789 1437 3861 Μαυρίκιος
1482 3790 1730 3861 διηπόρει
1783 3790 1836 3844 τί

250 3879 478 3951 δράσει·
538 3879 793 3949 εὐϐουλία
848 3880 904 3932 δὲ
952 3882 1403 3950 καταστρατηγεῖ
1448 3883 1549 3950 τῆς
1599 3880 1834 3950 ἀπείρου

247 3971 556 4042 δυνάμεως,
579 3971 675 4024 καὶ
705 3971 802 4024 ἕνα
834 3971 943 4023 τῶν
983 3971 1404 4042 ἐξκουϐιτώρων
1436 3972 1701 4042 μεγάλαις
1729 3973 1835 4025 δω·

253 4065 403 4136 ρεαῖς
428 4064 523 4117 καὶ
557 4062 883 4135 ὑποσχέσεσι
930 4062 1107 4116 πείθει
1139 4063 1321 4117 ἐκοντ).
1364 4065 1689 4135 περιπεσεῖν
1723 4065 1834 4127 τοῖς

252 4156 582 4226 Βαρϐάροις,
611 4157 706 4207 καὶ
736 4154 950 4207 δίδωσιν
992 4155 1141 4224 αύτῷ
1175 4153 1312 4224 πρὸς
1346 4155 1588 4228 Πρίσκον
1617 4156 1835 4227 γραφὴν

253 4246 616 4318 περιέχουσαν
652 4246 779 4300 τάδε
802 4262 814 4275 ο
863 4245 954 4314 Τῷ
986 4244 1315 4315 ἐνδοξοτάτῳ
1370 4245 1663 4316 στρατηγῷ
1701 4247 1835 4317 Πρί-

250 4357 386 4409 σκῳ.
432 4339 543 4410 Τὴν
576 4337 862 4408 ἀλιτηρίαν
903 4338 1012 4390 τῶν
1060 4338 1356 4408 Βαρϐάρων
1399 4339 1716 4410 ἐγχείρησιν
1759 4339 1834 4411 μὴ

249 4431 527 4501 δειλιάσῃς
554 4446 568 4460 ο
601 4429 738 4500 πρὸς
767 4432 874 4500 γὰρ
907 4429 1184 4482 ἀπώλειαν
1219 4429 1399 4482 αὐτῶν
1433 4429 1592 4484 τοῦτο
1615 4431 1834 4499 γέγονε.

249 4525 289 4577 Γ
296 4526 494 4577 ἱνωσκε
525 4523 634 4592 γὰρ
659 4524 737 4574 ὅτι
773 4522 910 4591 μετὰ
939 4521 1142 4584 πολλῆς
1163 4521 1424 4592 αἰσχύνης
1457 4521 1570 4591 ἔχει
1599 4523 1627 4574 ὁ
1647 4523 1833 4591 Χαγά·

1938 3333 2260 3388 Anchialum
2311 3333 2575 3397 venisset,
2621 3331 2810 3386 urbem
2861 3345 2982 3386 eam
3052 3330 3332 3386 incendit:
3390 3331 3516 3384 inde

1938 3421 2209 3475 Drizinem
2241 3421 2458 3490 trajicit.
2494 3418 2716 3474 Priscus
2746 3435 2877 3474 vero
2910 3419 3246 3474 multitudini
3306 3419 3513 3473 Barba-

1937 3526 2123 3566 rorum
2160 3509 2557 3565 occurrendum
2616 3525 2722 3564 non
2788 3518 2940 3563 ratus
2987 3507 3286 3563 Tzurulum
3339 3509 3513 3579 petiit.

1938 3603 2122 3671 ibique
2152 3600 2256 3655 loci
2289 3601 2704 3672 opportunitate
2731 3616 2790 3655 se
2824 3607 3031 3655 lutatus
3051 3609 3155 3655 est.
3187 3599 3357 3666 Quem
3391 3615 3512 3655 mos

1939 3694 2229 3764 Chaganus
2251 3692 2488 3748 obsedit.
2521 3691 2578 3747 ld
2631 3707 2754 3746 cum
2782 3691 3081 3746 Mauricius
3134 3691 3512 3754 intellexisset,

1937 3788 2067 3858 quid
2094 3786 2300 3842 faceret
2329 3785 2550 3850 dubius,
2586 3785 2882 3840 calliditate
2931 3785 3038 3838 vim
3065 3784 3261 3839 inﬁniti
3307 3785 3516 3839 exerci-

1938 3887 2027 3934 tus
2060 3879 2161 3934 hoc
2192 3887 2351 3946 pacto
2373 3877 2566 3932 eludit.
2603 3875 2996 3932 Excubitorum
3048 3876 3339 3947 quemdam
3397 3891 3514 3929 nia-

1937 3974 2061 4046 gnis
2087 3982 2140 4028 et
2164 3972 2490 4027 muneribus
2517 3979 2570 4025 et
2601 3969 3092 4040 pollicitationibus
3126 3979 3510 4041 eo-permovet.

1937 4067 2015 4124 uti
2056 4082 2180 4125 cum
2207 4067 2428 4132 litteris,
2461 4082 2597 4138 quas
2635 4069 2752 4136 ipse
2797 4067 2862 4120 ad
2891 4066 3137 4123 Priscum
3203 4066 3390 4132 dabat,
3418 4065 3516 4120 de-

1937 4161 2050 4216 dita
2087 4175 2254 4230 opera
2292 4161 2344 4215 in
2375 4158 2746 4214 Barbarorum
2806 4173 3003 4213 manus
3065 4175 3126 4214 se
3191 4159 3513 4228 conjicerel.

1935 4251 2267 4308 Litterarum
2294 4252 2409 4307 haec
2437 4263 2552 4306 erat
2577 4252 2847 4306 sententia
2881 4267 2895 4305 :
2929 4249 3121 4305 Prisco
3151 4250 3274 4305 duci
3309 4252 3513 4322 glorio-

1937 4345 2159 4400 sissimo
2183 4343 2242 4400 S.
2269 4343 2592 4399 Formidare
2605 4344 2928 4398 sceleratum
2963 4343 3324 4398 Barbarorum
3347 4359 3520 4397 cona-

1938 4447 2051 4491 tum
2083 4437 2217 4500 noli,
2267 4436 2406 4506 ipsis
2433 4436 2604 4490 exitio
2627 4450 2729 4491 suo
2759 4445 3032 4490 staturum
3059 4452 3075 4490 :
3139 4450 3338 4506 magno
3367 4437 3513 4492 enim

1939 4545 2040 4584 suo
2065 4543 2188 4583 cum
2217 4528 2487 4582 dedecore
2516 4528 2812 4597 Chaganus
2851 4527 2903 4580 in
2944 4536 3148 4581 terram
3198 4527 3301 4583 sibi
3342 4543 3372 4581 a
3407 4527 3517 4582 Ro-

253 4633 339 4678 νος
372 4614 711 4683 ὑποστρέψαι
745 4616 826 4676 εἰς
873 4613 970 4680 τὴν
1022 4611 1422 4682 άφιερωθεῖσαν
1481 4611 1630 4683 αύτῷ
1679 4613 1834 4684 παρὰ

1941 4621 2116 4676 manis
2141 4635 2461 4676 concessam
2506 4628 2830 4675 revertetur.
2878 4617 2997 4674 Tua
3031 4635 3160 4690 ergo
3194 4621 3514 4690 praestantia

264 4705 556 4772 Ῥωμαίων
616 4703 824 4774 χώραν.
877 4705 974 4755 Διὰ
1023 4702 1184 4755 τοῦτο
1243 4704 1641 4773 καρτερησάτω
1688 4705 1723 4772 ἡ
1766 4703 1833 4776 σὴ

249 4797 532 4868 ἐνδοξὸτης
577 4799 635 4847 ἐν
681 4798 748 4864 τῇ
799 4794 1121 4864 Τζουρουλῷ
1155 4795 1571 4866 περιρέμϐουσα
1612 4797 1830 4860 αὐτούς.

253 4891 462 4958 Πὲμπω
491 4888 603 4956 γὰρ
637 4886 726 4938 διὰ
764 4885 1040 4955 θαλάσσης
1069 4886 1248 4946 πλοῖα,
1293 4886 1387 4939 καὶ
1433 4887 1834 4958 αἰχμαλωτίζο-

249 4999 347 5049 μαι
379 4982 478 5042 τὰς
507 4978 771 5047 φαμιλίας
797 4975 1001 5041 αὐτῶν,
1029 4977 1124 5029 καὶ
1167 4975 1548 5043 ἀναγκάζεται
1585 4977 1703 5047 μετ’
1741 4980 1830 5031 al-

248 5073 446 5141 σχύνης
489 5071 585 5122 καὶ
626 5067 832 5140 ζημίας
867 5071 948 5132 εἱς
995 5067 1064 5120 τὰ
1106 5067 1212 5120 ίδια
1255 5067 1622 5138 ὑποστρέψαι.
1668 5069 1726 5123 Ὀ
1773 5070 1830 5123 δὲ

245 5165 499 5232 Χαγάνος
532 5167 816 5232 κρατήσας
861 5163 928 5215 τά
965 5163 1270 5232 γράμματα
1299 5161 1393 5214 καὶ
1434 5163 1704 5230 ἀναγνοὺς
1748 5164 1830 5232 γί-

246 5277 397 5312 νεται
426 5257 706 5327 περιδεὴς,
731 5257 826 5309 καὶ
859 5257 1136 5325 συνθήκας
1164 5254 1300 5326 πρὸς
1321 5255 1412 5308 τὸν
1444 5253 1682 5324 Πρίσκον
1707 5256 1828 5309 δια-

247 5352 476 5420 θέμενος
515 5351 610 5403 καὶ
642 5348 968 5422 εἰρηνεύσας
999 5349 1089 5400 ἐπὶ
1121 5347 1316 5416 δώροις
1341 5347 1542 5416 ὀλίγοις
1568 5348 1664 5400 καὶ⁵
1697 5349 1829 5402 άνα-

247 5443 510 5511 ξιολόγοις
533 5444 614 5508 είς
637 5445 738 5515 τὴν
767 5440 964 5495 ἑαυτοῦ
991 5439 1322 5504 ἐπανέζευξε
1348 5439 1451 5510 γῆν
1481 5439 1619 5510 μετά
1649 5441 1830 5511 φυγῆς

245 5535 540 5605 κραταιᾶς.

1933 4729 2028 4770 cos
2057 4714 2235 4768 otioso
2262 4712 2446 4767 animo
2487 4712 2757 4768 sustineat
2797 4712 2851 4766 in
2881 4709 3147 4767 Tzurulo.
3192 4713 3307 4781 Ego
3367 4713 3514 4768 enim

1931 4823 2028 4877 per
2065 4822 2215 4862 mare
2248 4805 2433 4860 missis
2473 4804 2709 4875 navigiis
2746 4819 2939 4860 eorum
2969 4803 3209 4860 familias
3269 4805 3517 4874 captivas

1929 4895 2163 4963 abduco,
2191 4905 2251 4949 ut
2279 4909 2403 4950 cum
2461 4893 2730 4948 dedecore
2768 4901 2823 4948 et
2873 4892 3084 4947 damno
3143 4907 3246 4948 suo
3292 4893 3513 4948 domum

1929 4988 2106 5041 redire
2157 5001 2296 5055 Opus
2327 4985 2546 5040 habeat.
2574 4982 2870 5054 Chaganus
2905 5000 3030 5039 cum
3071 4984 3126 5038 in
3181 4985 3392 5040 litteras
3421 4984 3508 5038 in-

1939 5080 2162 5134 cidisset
2189 5094 2394 5148 easque
2451 5079 2696 5150 legisset,
2724 5080 2778 5132 in
2811 5094 3068 5149 magnum
3093 5080 3242 5145 venit
3272 5086 3512 5143 metum;

1937 5186 2002 5226 ac
2041 5170 2227 5239 paucis
2255 5171 2585 5240 quibusdam
2629 5177 2684 5224 et
2717 5169 2924 5224 nullius
2966 5168 3125 5240 pretii
3151 5167 3312 5224 donis
3355 5182 3512 5222 acce-

1937 5262 2065 5330 ptis,
2106 5275 2240 5329 pace
2270 5259 2573 5330 composita
2617 5259 2844 5314 domum
2884 5273 3072 5314 versus
3101 5257 3284 5330 fugam
3338 5271 3516 5328 quan-

1936 5361 2049 5406 tum
2085 5352 2259 5422 potuit
2300 5350 2442 5406 fecit.

1328 5713 1685 5772 XYLANDRl
1737 5712 1826 5768 ET
1855 5711 2068 5770 COARI
2135 5710 2371 5767 ΝΟΤᾸῧ.

319 5825 433 5896 (97)
479 5823 816 5896 Σιμοκάῃου
859 5825 1000 5896 apud
1033 5822 1258 5878 Suidam
1306 5825 1509 5892 duplici
1552 5843 1604 5892 τ,
1636 5835 1828 5894 estque

249 5889 670 5968 cognomentum
699 5889 1090 5964 Theophylacti
1120 5889 1398 5966 SOphisltc.
1425 5889 1691 5951 Caeterum
1717 5889 1826 5950 haec

1935 5825 2194 5881 Citosroa:
2217 5823 2500 5895 μειδιάει-ῆι)
2527 5819 2907 5895 lucidiorj'ere
2935 5829 3021 5878 est
3057 5819 3200 5893 apud
3243 5819 3512 5876 Zonaram

1936 5907 1990 5952 et
2022 5891 2383 5966 Nicephorum
2418 5912 2429 5954 ;
2460 5909 2609 5959 xvm,
2633 5892 2720 5948 Ξῖ.
2755 5891 2890 5949 Χιι..
