4214 6450
741 410 844 470 767

1998 409 2310 468 GEORGII
2356 405 2685 463 (lEDllENl

3909 401 4018 464 7’58

741 528 930 572 venter
966 525 1051 571 est
1096 516 1284 582 albus;
1332 516 1496 585 pedes
1548 517 1711 571 habet
1767 527 2026 587 quatuor,
2074 520 2344 579 caudam,

2436 516 2622 585 τλῆθος
2652 513 2917 584 ἀνεφάνη.
2948 515 3005 566 ’0
3031 515 3087 568 δὲ
3121 513 3461 583 κροκόδειλος
3482 513 3670 582 θηρίον
3695 513 3846 566 ἐστὶν
3869 515 4016 584 ὁμοῦ

743 621 996 676 magnam
1032 614 1195 676 atque
1230 621 1480 676 asperam
1523 625 1538 661 ι
1569 610 1772 679 quippe
1799 625 1860 663 ea
1892 610 2015 664 ﬁuis
2039 618 2122 664 est
2145 611 2316 678 Spinaa

743 699 894 753 dorsi
938 700 1102 754 unico
1129 713 1255 754 osse
1285 701 1613 763 constantis,
1651 716 1712 754 ac
1751 715 1987 770 superne
2013 701 2067 754 in
2097 701 2315 754 modum

746 786 986 840 dentium
1010 801 1174 841 serrae
1204 786 1398 842 incisa.
1421 786 1753 844 Feritautcm
1772 791 1943 844 cauda
1972 800 2024 845 et
2044 791 2314 844 vulnerat.

743 877 914 944 Caput
946 877 1189 933 humeris
1241 881 1559 949 contiguum
1593 891 1697 942 est,
1753 883 1927 950 iisque
1959 890 2232 950 :equatur,
2263 893 2318 935 et

745 968 942 1035 capitis
961 968 1188 1023 formam
1210 979 1373 1030 tenet,
1391 972 1647 1039 quamdiu
1665 988 1772 1025 nou
1803 974 1908 1027 hiat
1939 990 1952 1026 :
1977 973 2062 1024 ubi
2086 973 2216 1035 hiat,
2237 981 2320 1025 to-

748 1068 859 1111 tmn
881 1068 1044 1128 caput
1062 1063 1173 1114 oris
1199 1062 1315 1114 loco
1327 1070 1410 1117 est
1431 1070 1482 1116 et
1504 1079 1678 1132 usque
1694 1065 1756 1117 ad
1776 1067 2030 1117 humeros
2045 1065 2322 1132 panditur.

748 1151 908 1204 Aliud
939 1153 1327 1208 animalculum
1373 1165 1452 1209 est
1474 1156 1694 1209 nomine
1729 1156 1938 1226 hydris,
1971 1157 2114 1222 quod
2143 1165 2197 1210 et
2222 1158 2323 1228 hy-

750 1245 834 1298 lus
859 1244 1080 1308 dicitur,
1122 1244 1296 1298 forma
1323 1249 1540 1303 canina.
1586 1247 1655 1298 Ea
1704 1247 1892 1317 hydris
1929 1249 2040 1299 luto
2069 1264 2189 1302 sese
2223 1249 2322 1302 ob-

2426 608 2520 660 καὶ
2555 607 2708 677 ἰχθὺς
2740 606 2934 675 μέγας,
2973 606 3233 674 ἀμφίϐιος
3262 605 3340 659 δέ.
3380 605 3490 657 Καὶ
3517 607 3550 672 ἠ
3587 605 3683 675 μὲν
3713 604 3877 674 χροιά
3923 605 4016 656 τοῦ

2429 697 2602 749 νώτου
2640 696 2808 748 αὐτοῦ
2869 697 3043 766 πέτρᾳ
3086 695 3230 748 ἔοικε
3284 696 3550 766 μελαίνῃ,
3597 697 3630 766 ἡ
3674 696 3731 748 δὲ
3792 697 4016 764 γαστὴρ

2427 788 2620 858 λευκὴ,
2655 789 2812 851 πόδες
2837 789 2893 841 δὲ
2943 788 3006 853 δ’,
3039 789 3134 840 καὶ
3181 788 3319 858 οὐρὰ
3372 789 3581 857 μεγάλη
3619 789 3712 842 καὶ
3741 792 3977 858 τραχεῖα
3999 804 4012 816 ·

2430 881 2526 950 τῆς
2554 882 2764 949 ῥάχεως
2788 880 2895 948 γάρ
2919 881 3066 933 ἐστιν
3094 881 3209 942 ἐνὸς
3229 881 3416 932 ὀστέου
3447 882 3693 950 τελευτή.
3725 881 4016 949 Ἐντέτμη-

2428 991 2514 1025 ται
2542 973 2598 1025 δὲ
2630 973 2836 1024 ἄνωθεν
2869 971 2944 1032 ὡς
2976 974 3032 1024 αἱ
3056 973 3160 1024 τῶν
3193 972 3432 1042 πριόνων
3453 973 3654 1040 ἀκμαὶ,
3683 973 3779 1025 καὶ
3809 972 4017 1025 τύπτει

2420 1066 2478 1117 ὲν
2527 1065 2714 1133 ταυτῷ
2745 1063 2840 1115 καὶ
2895 1063 3279 1133 τραυματίζει.
3324 1064 3388 1116 Ἦ
3418 1064 3624 1133 κεφαλὴ
3666 1063 3723 1116 δὲ
3766 1080 4019 1132 προσηρ-

2425 1155 2670 1225 μοσμένη
2713 1155 2826 1219 τοῖς
2871 1154 3047 1225 ὤμοις
3081 1156 3178 1207 καὶ
3231 1155 3588 1226 ὲξισουμένη’
3633 1156 3726 1208 καὶ
3763 1157 3849 1223 ἐφ’
3887 1156 4020 1208 ὅσον

2425 1250 2523 1318 μὲν
2555 1249 2615 1301 οὐ
2651 1248 2875 1317 κέχηνε,
2913 1247 3106 1318 θηρίου
3137 1248 3347 1317 κεφαλή
3385 1250 3555 1312 ἐστιν,
3587 1248 3724 1300 ἐπάν
3751 1247 3810 1300 δὲ
3844 1247 4013 1316 χάνῃ,

751 1336 995 1399 volvens,
1030 1335 1082 1390 iu
1109 1335 1366 1390 crocodili
1400 1337 1723 1391 dormientis
1751 1338 1905 1406 (eam
1934 1339 2080 1391 enim
2118 1354 2323 1407 oppor-

2436 1343 2516 1412 Ξλη
2543 1343 2750 1405 γίνεται
2787 1342 2964 1410 στόμα
3008 1342 3170 1412 μέχρι
3203 1341 3310 1394 τῶν
3352 1340 3517 1408 ὤμων
3548 1341 3778 1392 ποιοῦσα
3821 1340 3883 1391 τὸ
3923 1340 4020 1410 χά-

751 1428 1040 1482 tunitatem
1099 1440 1280 1498 captat
1341 1449 1355 1485 :
1411 1431 1726 1486 crocodilus
1798 1433 1944 1487 enim
2003 1435 2135 1495 hiat,
2196 1448 2317 1486 cum

756 1536 1010 1574 somnum
1054 1521 1231 1592 capit)
1266 1537 1328 1576 os
1362 1523 1551 1584 insilit,
1588 1531 1642 1577 et
1685 1539 1909 1578 corroso
1940 1524 2062 1592 ejus
2110 1533 2318 1590 ventre,

750 1613 931 1682 itaque
961 1614 1134 1668 bestia
1169 1623 1419 1678 enecata,
1454 1631 1549 1685 per
1577 1630 1739 1668 anum
1782 1618 1912 1669 exit.

2427 1453 2560 1503 σμα.
2587 1435 2734 1488 Ζῶον
2765 1435 2822 1487 δέ
2865 1435 2982 1486 ὲστι
3032 1433 3290 1504 μικρὸν-ἡ
3321 1432 3494 1502 ὓδρις,
3527 1433 3651 1502 ἥτις
3705 1433 3801 1484 καὶ
3853 1431 4018 1491 Gillo;

2425 1525 2664 1592 λέγεται,
2693 1527 2854 1589 κυνὸς
2889 1524 3082 1596 ἔχουσα
3129 1527 3365 1596 μορφήν.
3410 1524 3557 1594 Αὕτη
3598 1526 3676 1587 εἰς
3711 1524 3881 1594 πηλὸν
3914 1543 4018 1578 κυ-

2427 1619 2721 1688 λισαμένη,
2741 1620 2898 1685 ὲπιτη
2910 1618 3079 1686 ροῢσά
3099 1635 3158 1670 τε
3181 1619 3271 1671 τὸν
3291 1616 3634 1685 κροκόδειλον
3656 1616 4016 1674 καθεύδοντα.

749 1703 984 1776 εἰσπηδᾷ
1002 1705 1088 1759 διά
1118 1707 1211 1758 τοῦ
1240 1709 1508 1776 στόματος
1533 1708 1694 1760 αὐτοῦ
1724 1707 1992 1778 (κεχηνὼς
2015 1708 2124 1778 γὰρ
2147 1710 2176 1761 ὁ
2208 1709 2552 1776 κροκόδειλος
2578 1710 2850 1779 καθεύδει)
2888 1712 2967 1774 εἰς
2998 1711 3096 1781 τὴν
3162 1710 3406 1780 γαστέρα
3463 1708 3656 1762 τούτου
3741 1708 4004 1780 χωροῦσα

751 1804 846 1856 καὶ
886 1803 1090 1871 ταύτην
1145 1801 1557 1870 διαρῤήσσουσα
1596 1801 1878 1871 ἐξέρχεται
1930 1801 2018 1854 διὰ
2054 1803 2150 1871 τῆς
2172 1802 2333 1872 ’ἐδρας
2373 1802 2756 1874 ἀπονεκροῦσα
2786 1803 2972 1858 αὐτόν.

822 1898 980 1951 Anno
1015 1899 1098 1956 l9,
1132 1896 1217 1951 die
1274 1895 1583 1962 Paschalis,
1637 1896 1839 1963 Sephia
1895 1897 2141 1966 Augusta
2192 1912 2330 1950 uxor

749 1987 952 2042 Justini
981 1999 1034 2043 et
1066 1988 1428 2044 Constantina
1463 2003 1601 2042 uxor
1626 1988 1873 2042 Mauricii
1908 1989 2202 2058 pretiosam
2230 1991 2328 2042 ad-

2506 1897 2597 1966 Τῷ
2629 1897 2695 1949 ιθ¹
2733 1897 2865 1959 ἔτει,
2901 1896 2994 1948 τοῦ
3035 1896 3192 1962 ἁγίου
3237 1895 3451 1962 Πάσχα,
3505 1895 3674 1964 Σοφία
3728 1896 4022 1963 Λύγοῧστα

2433 1993 2466 2060 ἡ
2520 1990 2656 2058 γυνὴ
2705 1988 3022 2051 ’ῐουστίνου,
3076 1987 3193 2056 ἅμα
3243 1987 3634 2057 Κωνσταντίνᾳ
3677 1990 3740 2056 τῇ
3794 1991 4023 2054 γυναικὶ

754 2083 976 2136 modum
1001 2096 1262 2136 coronam
1297 2081 1656 2136 confecerunt
1695 2096 1758 2136 ac
1797 2082 2112 2152 imperatori
2161 2083 2327 2136 obtu-

2436 2081 2765 2149 Μαυρικίου,
2811 2080 3032 2151 στέμμα
3067 2081 3546 2133 κατασκευάσασαι
3597 2081 3904 2152 ύπέρτιμον
3944 2084 4024 2148 τῷ

756 2176 960 2228 lerunt.
1014 2175 1188 2240 Quam
1245 2190 1367 2228 cum
1421 2181 1727 2244 spectasset
1767 2176 2086 2246 imperator,
2120 2178 2175 2230 in
2209 2191 2331 2230 ma-

757 2283 924 2335 guum
957 2269 1217 2336 templum
1251 2268 1466 2332 detulit,
1523 2267 1708 2338 ibique
1736 2284 1900 2337 supra
1931 2284 2146 2322 sacram
2181 2283 2332 2322 men-

762 2371 878 2409 sam
939 2355 1049 2410 Deo
1100 2357 1365 2412 dedicans
1417 2358 1726 2428 suspendit.
1783 2359 1922 2414 Pace
1962 2360 2122 2429 702
2151 2368 2332 2414 autem

761 2465 884 2502 cum
941 2449 1197 2503 Barbaris
1260 2452 1510 2513 coalusa,
1566 2466 1782 2504 rursum
1848 2451 2138 2519 Chaganus
2203 2450 2337 2504 ﬂues

761 2540 1134 2595 Romanorum
1165 2542 1412 2606 intravit,
1439 2550 1495 2596 et
1530 2550 1768 2612 quatuor
1822 2543 1938 2598 suis
1973 2543 2098 2599 ﬁliis
2125 2545 2338 2599 exerci-

761 2643 849 2687 tus
884 2633 1097 2698 tribuit,
1131 2634 1334 2703 quibus
1369 2635 1662 2690 transitum
1695 2635 1815 2692 lstri
1841 2637 2197 2692 custodirent.
2230 2637 2337 2693 Sed

765 2723 996 2780 Romani
1033 2726 1247 2781 ratibus
1283 2725 1552 2780 confectis
1595 2726 1817 2780 ﬂuvium
1869 2730 2335 2788 transmiserunt;

765 2817 1062 2886 pra-lioque
1095 2831 1427 2886 congressus
1460 2832 1586 2870 cum
1634 2817 1878 2886 Chagani
1918 2818 2047 2872 ﬁliis
2093 2818 2337 2886 Priscus,

761 2908 907 2976 quod
943 2908 1012 2960 ab
1044 2922 1243 2960 aurora
1291 2907 1359 2960 ad
1401 2923 1684 2977 vesperam
1725 2924 1900 2977 usque
1930 2909 2171 2976 duravit,
2201 2925 2341 2980 qua-

765 3010 892 3052 tuor
923 2998 1288 3053 Barbarorum
1325 3000 1492 3053 millia
1520 2999 1744 3063 occidit,
1781 3000 1886 3054 500
1929 3016 2156 3055 suorum
2197 3001 2342 3055 desi-

764 3089 994 3144 deratis.
1031 3087 1305 3144 Postridie
1336 3089 1454 3157 ejus
1486 3089 1594 3144 diei
1628 3105 1823 3144 rursus
1868 3090 1900 3144 8
1938 3091 2106 3144 millia
2144 3090 2341 3146 Barba-

767 3197 957 3236 rorum
994 3181 1290 3236 interfecit.
1321 3182 1511 3236 Tertia
1547 3181 1635 3236 die
1677 3182 1906 3236 llouiani
1953 3183 2019 3238 de
2061 3183 2344 3254 superiore

763 3273 886 3328 loco
922 3273 974 3326 in
1006 3273 1280 3328 Barbaros
1312 3274 1616 3338 irruerunt,
1647 3289 1860 3344 eosque
1916 3274 2066 3330 fusos
2107 3279 2158 3330 in
2192 3276 2345 3345 palu-

2434 2175 2648 2244 βασιλεῖ
2681 2167 3056 2244 προσήγαγον.
3118 2171 3179 2224 '0
3217 2173 3273 2225 δὲ
3325 2171 3578 2242 βασιλεὺς
3622 2173 3783 2225 τοῦτο
3816 2174 4021 2227 θεασά-

2437 2285 2619 2338 μενος,
2674 2265 2927 2319 ἀπελθὼν
2957 2267 3014 2318 ὲν
3049 2266 3112 2335 τῇ
3153 2264 3386 2334 Μεγάλῃ
3424 2263 3724 2336 Ἐκκλησία
3769 2266 3848 2334 τῷ
3899 2267 4022 2334 θεῷ

2433 2359 2592 2412 τοῦτο
2621 2359 2964 2428 προσήγαγε,
2999 2355 3287 2426 κρεμάσας
3335 2356 3519 2409 ἐπάνω
3546 2358 3647 2424 τῆς
3691 2358 3858 2425 ἁγίας
3894 2375 4026 2428 τρα-

2437 2452 2626 2521 πέζης.
2658 2451 2928 2518 Λυθείσης
2959 2451 3012 2502 δὲ
3049 2453 3149 2518 τῆς
3182 2451 3314 2518 πρὶς
3364 2451 3488 2512 τοὺς
3525 2451 3843 2522 Βαρὸάρους
3875 2452 4026 2520 sim".

2438 2560 2558 2611 νης,
2593 2543 2752 2594 πάλιν
2791 2543 2818 2594 ό
2848 2542 3098 2606 Χαγάνος
3130 2540 3220 2590 ἐπὶ
3249 2538 3317 2589 τὰ
3356 2537 3638 2606 Ῥωμαῖκά
3675 2541 3863 2607 χωρεῖ.
3895 2539 4025 2601 Τοῖς

2438 2637 2495 2688 δὲ
2525 2636 2819 2705 τέσσαρσιν
2854 2632 3022 2687 αὑτοῦ
3050 2633 3186 2694 υἱοῖς
3227 2631 3501 2701 παραδοὺς
3541 2630 3734 2701 ἐτέρας
3763 2630 4026 2699 δυνάμεις

2441 2727 2754 2798 παρέστησε
2804 2729 3062 2796 φρουρεῖν
3100 2725 3201 2786 τὰς
3240 2723 3518 2786 διαϐάσεις
3542 2721 3636 2776 τοῦ
3677 2725 3923 2793 Ἴστρου.
3961 2724 4024 2776 Ol

2439 2821 2496 2873 δὲ
2534 2819 2794 2889 Ῥωμαῖοι
2835 2818 3054 2887 σχεδίας
3087 2816 3416 2884 ποιήσαντες
3454 2816 3548 2867 τὸν
3574 2815 3820 2884 ποταμὸν
3847 2814 4027 2866 διεπέσ

2445 2927 2653 2982 ρασαν·
2685 2910 2779 2964 καὶ
2817 2909 2954 2978 μετὰ
3003 2908 3112 2960 τῶν
3151 2909 3283 2960 υἱῶν
3311 2907 3406 2960 τοῦ
3447 2907 3701 2974 Χαγάνου
3730 2905 4026 2974 συμϐαλὼν

2442 3006 2470 3056 ό
2503 3003 2742 3073 Πρίσκος
2765 3001 2873 3055 ἀπὸ
2899 3000 3044 3072 πρωῒ
3087 3000 3192 3063 ἓως
3224 3000 3486 3069 ἑσπέρας,
3524 2997 3857 3068 τριακοσίων
3900 2997 4027 3050 Ῥω-

2447 3088 2620 3165 μαίῶν
2652 3093 3068 3164 ἀναιρεθέντων,
3113 3093 3385 3162 τέσσαρας
3415 3091 3657 3161 χιλιάδας
3703 3091 3812 3141 τῶν
3867 3091 4018 3159 Βαρ-

2446 3187 2632 3257 ϐάρων
2659 3185 2854 3252 ὤλεσε,
2886 3186 2984 3237 καὶ
3018 3188 3082 3254 τῇ
3114 3183 3341 3255 ἐπιούσῃ
3383 3183 3546 3235 πάλιν
3586 3181 3731 3234 ὀκτὼ
3779 3181 4027 3250 χιλιάδας

2445 3277 2555 3329 τῶν
2586 3275 2886 3346 Βαρϐάρων
2914 3273 3114 3327 ἀνεῖλε.
3149 3275 3227 3342 Τῇ
3261 3273 3317 3325 δὲ
3348 3271 3508 3343 τρίτῃ
3531 3273 3592 3323 ὲκ
3624 3270 3734 3322 τῶν
3758 3269 4026 3338 ὑψηλοτέ·

767 3369 888 3423 dem
912 3367 1317 3434 compulerunt,
1349 3366 1664 3435 multosque
1691 3366 1763 3419 ibi
1797 3364 2158 3432 suﬁ'ocarunt,
2201 3369 2342 3422 inter

2450 3390 2557 3443 ρων
2588 3371 2638 3423 οἱ
2673 3370 2933 3439 Ῥωμαῖοι
2957 3367 3092 3437 πρὸς
3111 3367 3237 3427 τοὺς
3263 3364 3350 3436 [Ρ.
3383 3361 3510 3434 401]
3539 3362 3856 3430 Βαρϐάρους
3889 3361 4028 3429 ἐχώ-

765 3473 905 3527 quos
941 3458 1091 3511 fuere
1123 3457 1366 3526 Chagaui
1402 3457 1561 3512 etiam
1592 3457 1707 3514 ﬁlii.
1741 3456 1943 3510 lllustri
1977 3456 2207 3511 victoria
2229 3467 2340 3510 tum

769 3551 956 3619 politis
987 3549 1270 3608 Rmuanis,
1308 3562 1528 3601 rursum
1574 3546 1868 3616 Chaganus
1904 3562 2096 3616 magno
2123 3555 2343 3602 contra-

768 3649 858 3696 cto
915 3639 1159 3693 exercitu
1233 3637 1498 3692 adversus
1557 3652 1652 3692 eos
1716 3638 2123 3704 proﬁciscitur;
2179 3653 2343 3707 quem

768 3733 995 3788 Priscus
1043 3745 1378 3796 congressus
1420 3745 1600 3798 pugna
1667 3729 1829 3794 fudit,
1885 3729 2346 3798 illustrioremque

767 3827 952 3894 priore
987 3823 1269 3877 victoriam
1314 3821 1633 3891 reportavit.
1670 3819 1817 3876 Idem
1853 3821 2077 3876 Priscus
2109 3830 2346 3890 quatuor

769 3918 937 3971 millia
964 3914 1245 3979 instruxit,
1274 3929 1336 3968 ac
1375 3913 1592 3969 Tissum
1627 3929 1841 3967 amnem
1883 3915 2122 3968 transire
2150 3913 2342 3982 jussit,

767 4009 1002 4071 tentoria
1029 4006 1395 4060 Barbarorum
1442 4006 1810 4074 speculatum.
1846 4005 2075 4059 Barbari
2109 4013 2222 4058 tum
2251 4020 2345 4060 eo-

769 4115 888 4153 rum
922 4113 1043 4167 quae
1073 4106 1224 4167 gesta
1250 4105 1408 4151 erant
1449 4097 1623 4166 ignari
1671 4095 1842 4152 festos
1867 4097 1986 4150 dies
2018 4097 2252 4166 agebant
2281 4111 2346 4151 ac

767 4191 1182 4261 compotabant.
1216 4189 1406 4258 Itaque
1451 4206 1547 4245 eos
1600 4190 1950 4260 inopinantes
2008 4189 2183 4243 adorti
2230 4188 2342 4242 Ro-

767 4284 915 4338 mani
950 4284 1151 4352 ingenti
1183 4281 1338 4336 clade
1368 4281 1664 4336 affecerunt
1701 4303 1713 4336 :
1745 4282 1902 4338 caesis
1941 4281 2088 4336 enim
2116 4282 2185 4335 50
2221 4281 2347 4334 mil-

768 4377 914 4431 libus
945 4374 1277 4445 Gepidarum
1312 4375 1660 4444 aliorumque
1707 4373 2098 4438 Barbarorum,
2149 4388 2345 4442 magna

771 4485 896 4522 eum
940 4469 1120 4538 praeda
1173 4467 1238 4520 ad
1280 4466 1526 4520 Priscum
1573 4475 1700 4519 sunt
1762 4466 1992 4519 reversi.
2052 4465 2344 4534 Chaganus

769 4562 951 4614 denuo
993 4559 1263 4628 reparatis
1295 4558 1491 4627 cepiis,
1524 4557 1588 4610 ad
1623 4557 1820 4611 lslrum
1857 4572 1980 4610 cum
2033 4557 2340 4620 accederet,

769 4668 949 4722 pugna
983 4653 1159 4705 victus
1182 4659 1287 4714 est,
1326 4648 1663 4717 Barbarique
1690 4649 1743 4701 in
1776 4646 1940 4701 ﬂuvio
1973 4647 2265 4709 submersi,
2291 4655 2342 4702 et

2450 3479 2642 3532 ρησαν,
2681 3461 2776 3512 καὶ
2826 3458 3051 3521 τούτους
3097 3457 3397 3526 τρέψαντες
3451 3455 3543 3507 ἐπὶ
3589 3455 3656 3506 τὰ
3704 3453 3873 3504 ὕδατα
3930 3454 4029 3519 τῆς

2401 3569 2406 3576 ·
2446 3553 2642 3623 λίμνης
2670 3553 2896 3622 ἤλασαν,
2933 3549 3162 3610 πολλοὺς
3203 3547 3261 3613 ἐξ
3290 3546 3478 3598 αὐτῶν
3513 3544 3936 3608 ἀποπνίξαντες,
3973 3543 4028 3592 ἐν

2445 3641 2527 3706 οἷς
2564 3644 2659 3696 καὶ
2707 3643 2756 3696 οἱ
2797 3643 2890 3694 τοῦ
2932 3641 3190 3708 Χαγάνου
3246 3637 3434 3700 παῖδες
3484 3636 3889 3706 ἀπεπνίγησαν,
3938 3637 4030 3686 καὶ

2447 3736 2607 3798 νίκην
2637 3736 2688 3786 οἱ
2733 3733 2999 3803 Ῥωμαῖοι
3028 3732 3304 3802 περιφανῆ
3341 3728 3686 3798 ἀνεδήσαντο.
3729 3727 3789 3780 '0
3821 3727 3880 3778 δὲ
3914 3727 4030 3779 Χα-

2447 3829 2611 3896 γάνος
2663 3826 2825 3880 πάλιν
2884 3823 3243 3892 συναθροίσας
3304 3819 3563 3890 δυνάμεις
3608 3818 3832 3881 πολλάς,
3889 3821 4030 3870 κατὰ

2460 3917 2751 3988 Ῥωμαίων
2784 3913 2937 3988 ἦλθε,
2979 3914 3226 3984 Πολέμου
3255 3913 3312 3966 δὲ
3349 3911 3703 3983 κροτηθέντος
3737 3911 4030 3980 τρέπονται

2447 4013 2494 4063 οἱ
2533 4009 2809 4080 Βάρϐαροι
2863 4009 2958 4060 καλ⁹
3001 4007 3159 4075 νίκην
3203 4003 3482 4058 ποιοῦνται
3530 4004 3789 4071 Ῥωμαῖοι
3840 4003 4030 4054 πασῶν

2450 4100 2880 4169 ἐπισημοτέραν.
2906 4098 2964 4151 '0
2986 4098 3042 4150 δὲ
3070 4096 3307 4166 Πρίσκος
3338 4095 3612 4164 τέσσαρας
3640 4092 3881 4163 χιλιάδας
3912 4110 4034 4145 συν-

2446 4191 2616 4258 τάξας
2641 4193 2731 4244 τὸν
2765 4192 2965 4244 Τὶσσον
3005 4189 3251 4257 ποταμὸν
3283 4188 3522 4255 περᾶσαι
3551 4186 3836 4240 ἐκέλευσεν
3861 4188 3940 4248 εἰς
3973 4187 4033 4238 τὸ

2447 4283 2864 4351 κατασκοπῆσαι
2913 4281 2981 4335 τὰ
3025 4281 3131 4334 τῶν
3165 4279 3464 4349 Βαρϐάρων
3495 4277 3853 4348 σκηνώματα.
3888 4277 3952 4329 Οἱ
3977 4277 4034 4329 δὲ

2447 4374 2738 4444 Βάρϐαροι,
2763 4373 2928 4442 μηδὲν
2953 4371 3062 4424 τῶν
3077 4370 3376 4440 γεγονότων
3398 4368 3720 4436 ἐγνωκότες,
3743 4365 4030 4437 ἑορτάζον-

2443 4483 2533 4530 τες
2565 4465 2991 4534 ἐσυμποσίαςον.
3045 4464 3269 4522 Τούτοις
3298 4462 3346 4514 οἱ
3396 4461 3657 4528 Ῥωμαῖοι
3701 4459 4030 4528 άπροόπτως

2444 4556 2862 4618 ἐπεισπεσόντες
2889 4555 3145 4624 μέγιστον
3176 4552 3333 4620 φόνον
3362 4550 3685 4618 εἰργάσαντο
3704 4565 3719 4579 ο
3739 4549 4030 4617 τριάκοντα

2445 4648 2552 4716 γάρ
2597 4645 2841 4716 χιλιάδας
2879 4645 2918 4696 Γ
2919 4643 3136 4712 ηπέδων
3192 4643 3284 4693 καὶ
3345 4641 3549 4708 ἑτέρων
3581 4638 3885 4708 Βαρϐάρων
3924 4639 4034 4690 ἀπ-

769 4758 895 4799 cum
936 4743 1022 4796 bis
1061 4757 1251 4812 magna
1284 4739 1631 4794 Slavinorum
1670 4739 1985 4793 multitudo.
2013 4737 2130 4792 Vivi
2161 4738 2214 4792 in
2249 4752 2344 4808 po-

2447 4737 2714 4798 έκτειναν,
2733 4735 2826 4786 καὶ
2845 4732 3104 4803 πλείστην
3116 4730 3491 4802 αἰχμαλωσίαν
3505 4729 3761 4790 λαὸὁντες
3781 4728 3918 4799 πρὸς
3937 4730 4027 4781 τον

772 4844 1022 4890 testatem
1053 4834 1423 4887 Romanorum
1454 4840 1720 4886 venerunt
1765 4831 1909 4886 5200
1940 4832 2168 4895 Avares,
2215 4829 2344 4882 Bar-

770 4924 890 4980 bari
921 4924 1079 4994 703
1115 4923 1274 4978 2000.
1339 4921 1634 4992 Chaganus
1664 4937 1789 4977 cum
1846 4923 2054 4991 legatos
2096 4929 2346 4992 repetun-

771 5018 965 5073 dorum
1026 5017 1366 5084 captivorum
1447 5031 1610 5070 causa
1701 5015 1964 5078 misisset,
2048 5015 2346 5070 Mauricius

776 5106 1014 5162 nondum
1049 5114 1272 5174 accepto
1309 5113 1416 5157 tam
1444 5103 1677 5160 illustris
1707 5104 1950 5159 victoriae
1979 5102 2172 5157 nuntio
2196 5103 2346 5158 reddi

775 5213 868 5252 eos
903 5196 1092 5267 jussit.

2445 4825 2682 4895 Πρίσκον
2714 4824 3083 4894 ὑπέστρεψαν.
3125 4824 3181 4876 '0
3208 4823 3264 4875 δὲ
3286 4821 3538 4890 Χαγάνος
3573 4820 3735 4874 πάλιν
3772 4821 4028 4888 δυνάμεις

2454 4917 2718 4988 ἁθροίσας
2766 4916 2860 4969 ἐπὶ
2895 4916 2988 4971 τὸν
3025 4917 3237 4986 Ἴστρον
3273 4912 3656 4984 παραγίνεται,
3693 4911 3787 4964 καὶ
3817 4911 4032 4980 συμϐα-

2445 5009 2631 5071 λόντες
2683 5007 2921 5077 πόλεμον
2952 5006 3222 5076 ἡττῶνται
3259 5005 3310 5057 οἱ
3361 5003 3638 5074 Βάρδαροι
3683 5003 3776 5055 καὶ
3830 5005 3909 5066 εἰς
3940 5003 4031 5056 τὸν

2455 5100 2702 5169 ποταμὸν
2761 5098 3178 5165 ἀποπνίγονται.
3224 5094 3662 5151 Συναπόλλυνται
3716 5093 3773 5147 δὲ
3821 5095 4028 5159 τούτοις

2452 5195 2550 5247 καὶ
2587 5191 2905 5245 Σθλαὸίνων
2941 5191 3141 5261 πλήθη.
3173 5190 3389 5252 Ζῶντας
3413 5187 3471 5242 δὲ
3507 5188 3815 5258 ἐκράτησαν
3859 5187 4031 5240 Ἀὁα-

773 5310 876 5372 ρας
914 5294 1010 5362 μὲν
1040 5297 1158 5356 ,γσ’,
1199 5289 1518 5360 Βαρϐάρους
1552 5290 1610 5343 δὲ
1648 5289 1729 5359 ,β’.
1778 5288 1836 5345 Ὀ
1865 5289 1922 5342 δὲ
1953 5289 2200 5356 Χαγάνος
2225 5287 2482 5359 πρέσϐεις
2510 5289 2648 5359 πρὸς
2668 5287 2758 5340 τὸν
2789 5284 3008 5356 βασιλέα
3043 5282 3378 5346 ἀπέστειλεν,
3409 5278 3909 5343 ἀνα).α6ἑσθαιτοῦς
3927 5279 4030 5342 ξω.

773 5386 1074 5457 γρηθέντας
1114 5383 1452 5453 βουλόμενος.
1499 5383 1556 5435 '0
1599 5382 1657 5436 δὲ
1695 5383 2002 5450 Μαυρίκιος
2035 5384 2199 5454 μήπω
2244 5380 2432 5452 μαθὼν
2455 5381 2554 5452 τὴν
2585 5382 2860 5452 περιφανῆ
2899 5378 3006 5434 τῶν
3032 5378 3318 5448 Ῥωμαίων
3345 5376 3523 5446 νίκην,
3555 5374 3758 5446 γράφει
3791 5373 3869 5443 τῷ
3901 5375 4034 5446 [ip-2‘

777 5498 890 5544 σκῳ
923 5479 1211 5533 ἀποδοῦναι
1257 5479 1334 5548 τῷ
1361 5478 1598 5548 Χαγάνῳ
1659 5479 1785 5540 τοὺς
1843 5476 2162 5546 Βαρϐάρους
2221 5475 2318 5528 καὶ
2352 5475 2567 5545 μόνους.

850 5573 1052 5628 Eodem
1118 5588 1285 5634 anno,
1344 5573 1650 5628 monachus
1713 5573 1960 5641 quidam,
2003 5571 2162 5641 cujus
2219 5571 2345 5625 vitae

780 5661 1106 5719 exercitatio
1153 5661 1383 5718 illustris
1413 5670 1554 5728 erat,
1591 5663 1841 5717 strictum
1871 5661 2109 5732 gladium
2150 5671 2344 5717 tenens

2526 5569 2617 5640 Τῷ
2649 5568 2798 5640 αὐτῷ
2830 5568 2958 5635 ἔτει,
2987 5564 3221 5638 μοναχός
3247 5581 3331 5627 τις
3352 5563 3410 5616 ὲν
3436 5561 3665 5632 ἀσκήσει
3694 5561 4031 5630 διαλάμπων,

2457 5661 2671 5731 σπάθην
2713 5662 2792 5732 (8)
2832 5662 3046 5730 γυμνὴν
3093 5656 3334 5728 κρατῶν,
3378 5654 3486 5708 ἀπὸ
3520 5653 3613 5707 τοῦ
3663 5653 3830 5722 φόρου
3877 5656 4034 5724 μέχρι

1899 5771 2254 5828 XYLANDRI
2309 5771 2392 5826 ET
2445 5772 2656 5828 GOARI
2706 5772 2941 5828 NOTAE.

853 5869 928 5933 (8)
959 5869 1222 5938 lsidorus.
1265 5883 1415 5935 xvm,
1444 5868 1475 5922 6
1508 5885 1520 5920 :
1560 5868 1784 5936 framea,
1817 5866 2026 5938 gladius
2074 5881 2136 5918 ex
2166 5875 2390 5935 utraque
2422 5878 2570 5932 parte
2606 5878 2791 5920 acutus
2861 5881 3014 5934 quam
3049 5863 3198 5932 vulgo
3243 5861 3485 5929 spatham
3527 5870 3732 5924 racan',
3800 5875 3892 5928 psa
3959 5868 4028 5912 ίδε

783 5941 1095 6007 rbomphwa.
1131 5937 1298 5991 Gesn.
