4214 6450
215 375 315 436 769

1259 367 1795 429 llISTORlAliUM
1830 369 2346 429 CJMPENDIUAI.

3364 378 3473 443 770

216 486 309 552 τῆς
338 480 559 552 Χαλκῆς
583 479 816 551 ξιφήρης
836 477 1150 550 διαδραμὼν
1161 476 1251 531 τὸν
1279 479 1657 549 αὖτοκράτορα
1684 478 1795 539 τοῖς

1961 478 2076 530 tum
2100 493 2271 548 usque
2296 478 2363 533 ad
2393 478 2623 535 [Eneam
2645 491 2856 553 portam
2887 486 3187 557 procurrit,
3213 490 3474 546 omnibus

215 577 380 629 πᾶσιν
415 576 472 628 ἐν
509 574 656 644 φόνῳ
688 571 963 643 μαχαίρας
978 567 1336 639 τεθνήξεσθαι
1359 569 1789 641 προηγόρευσεν.

228 664 462 735 ’(ξμοίως
504 664 600 717 καὶ
647 662 972 733 Ἡρωδιανὸς
1007 662 1302 731 Μαυρικίῳ
1339 660 1419 722 ei;
1456 660 1517 713 τὸ
1561 658 1793 730 φανερὸν

216 755 651 827 προσανήγγειλε
682 755 751 808 τά
777 755 953 824 τούτῳ
988 752 1403 822 συμϐησόμενα.
1437 751 1574 806 Τότε
1612 753 1710 806 καὶ
1743 752 1792 804 οἱ

213 846 380 915 δῆμοι
406 845 574 916 ἄνδρα
596 843 895 916 παρόμοιον
926 842 1003 913 τῷ
1020 842 1313 913 Μαυρικὶῳ
1350 843 1600 914 Μαῦρον,
1634 857 1792 912 περι-

215 939 473 1003 ϐαλόντες
506 937 671 1006 σάγον
710 938 804 991 καὶ
846 937 1109 1006 στέφανον
1145 936 1437 1002 πλέξαντι,
1468 935 1576 990 ἀπὸ
1604 934 1794 1004 σκορό-

214 1031 321 1085 δων
350 1032 445 1085 καὶ
467 1032 534 1102 τῇ
567 1030 732 1084 αὑτοῦ
761 1028 1080 1100 περιθέντες
1111 1028 1343 1099 κεφαλῇ,
1384 1026 1490 1098 ὄνῳ
1516 1044 1576 1080 τε
1603 1026 1794 1080 τοῦτον

216 1126 638 1188 ἐπικαθίσαντες
666 1123 906 1188 ἔπαιζον,
933 1121 1171 1195 Εὖρηκε,
1201 1121 1474 1191 λέγοντες,
1497 1121 1596 1189 τὴν
1618 1119 1794 1188 δαμά-

213 1218 315 1288 λην
344 1217 581 1287 ἁπαλὴν,
607 1218 701 1269 καὶ
731 1216 806 1279 ὼς
841 1216 898 1268 τὸ
925 1216 1109 1269 καινὸν
1131 1213 1447 1282 ἀλεκτόρων
1479 1211 1794 1281 πεπήδηκεν

215 1311 412 1379 αὐτὴν,
452 1308 547 1362 καὶ
574 1309 800 1377 ἐποίησε
830 1305 1022 1359 παιδία
1059 1305 1134 1368 ὡς
1179 1304 1248 1358 τὰ
1306 1301 1658 1368 ξυλοκὼδωνα
1692 1303 1790 1373 (9).

216 1401 378 1470 ’Δγιέ
427 1417 547 1471 μου.
597 1402 740 1468 ἃγιε,
788 1398 876 1459 δὸς
924 1398 1076 1467 αὐτῷ
1121 1396 1264 1450 κατὰ
1301 1394 1547 1467 κρανίου,
1582 1395 1669 1449 ἵνα
1720 1395 1795 1465 μὴ

216 1495 589 1565 ὑπεραίρηται
611 1509 624 1523 ”
656 1493 811 1561 καγὼ
843 1509 925 1545 σοι
958 1491 1050 1544 τὸν
1084 1489 1260 1559 μέγαν
1302 1488 1429 1558 βοῦν
1460 1487 1796 1558 προσαγάγω

214 1589 297 1650 εἰς
323 1589 508 1657 εὐχήν.
544 1586 781 1639 Τοιαῦτα
812 1584 911 1654 μὲν
941 1583 1011 1636 τὰ
1057 1580 1209 1652 παρὰ
1238 1580 1331 1634 τοῦ
1356 1580 1554 1650 δήμου.
1591 1578 1700 1631 Καὶ
1731 1577 1794 1629 οὐ

216 1678 487 1748 περιττῶς
518 1674 1005 1747 ὑπεμνηματίσθη,
1034 1672 1149 1727 ἀλλ’
1182 1673 1247 1725 ἵν’
1279 1671 1510 1741 εἰδῶμεν
1541 1669 1615 1732 ὡς
1642 1669 1795 1721 ἒπει-

213 1770 314 1821 δᾱν
342 1786 427 1831 τις
462 1768 742 1840 παροξύνῃ
766 1768 859 1820 τὸν
900 1764 1186 1834 δεσπότην,
1207 1765 1321 1827 τοῖς
1348 1762 1512 1817 αὑτοῦ
1546 1760 1796 1829 παίγνιον

216 1860 428 1926 γίνεται
460 1859 786 1922 συνδούλοις.

290 1948 382 2018 Τῷ
416 1947 646 2017 εἰκοστῷ
688 1946 823 2015 ἔτει,
864 1946 1145 2000 Θεοδόσιον
1175 1944 1267 1999 τὸν
1313 1943 1428 1997 υἱὸν
1461 1941 1628 1997 αὑτοῦ
1670 1958 1801 1995 συν-

214 2038 324 2107 ῆψε
365 2037 502 2107 πρὸς
534 2037 712 2108 γάμον
755 2041 822 2111 τῇ
867 2037 1099 2110 θυγατρὶ
1147 2035 1433 2109 Γερμανοῦ
1478 2033 1571 2088 τοῦ
1602 2050 1801 2103 πατρι-

216 2131 364 2184 κίου.
398 2129 489 2201 Τῷ
537 2128 685 2200 αὐτῷ
716 2128 827 2184 ἔτει
861 2131 1167 2202 Μαυρικιος
1205 2131 1264 2182 ἐν
1311 2126 1460 2197 αὑτῷ
1491 2126 1800 2196 γενόμενος,

216 2225 314 2276 καὶ
349 2225 610 2294 ἐννοήσας
627 2224 708 2277 ὅτι
734 2223 889 2278 οὐδὲν
909 2223 1001 2278 τὸν
1021 2223 1152 2276 Θεὸν
1174 2221 1452 2286 λανθάνει,
1479 2219 1611 2273 ἀλλά
1637 2220 1801 2272 πᾶσιν

215 2316 519 2371 ἀποδίδωσι
558 2317 699 2369 κατᾶ
727 2318 864 2386 ἔργα
897 2316 1100 2382 αὐτῶν,
1127 2314 1221 2369 καὶ
1256 2313 1711 2383 ἐπιλογισάμενος
1743 2311 1805 2366 τὸ

217 2408 452 2478 σξάλμα
482 2408 511 2462 ὂ
540 2408 797 2478 ἐποίησεν
828 2409 908 2471 εἰς
937 2406 1036 2479 τὴν
1067 2406 1475 2478 αἰχμαλωσίαν,
1511 2404 1587 2476 μὴ
1613 2404 1805 2472 ἐξαγο-

218 2504 401 2573 ράσας
447 2502 638 2572 αὐτὴν,
692 2500 994 2570 συμφέρειν
1040 2500 1255 2570 ἔκρινεν
1288 2497 1438 2568 αὐτῷ
1470 2500 1529 2551 ἐν
1578 2496 1657 2568 τῷ
1704 2496 1806 2569 βίῳ

214 2593 403 2663 τούτῳ
434 2592 727 2646 ἀπολαϐεῖν
764 2597 864 2663 τὴν
898 2591 1176 2662 ἁμαρτίαν
1212 2588 1302 2661 [Ρ.
1340 2589 1468 2662 402]
1497 2590 1592 2644 καὶ
1621 2589 1696 2660 μὴ
1747 2591 1805 2644 ἐν

214 2686 298 2756 τῷ
333 2685 600 2755 μέλλοντι.
636 2686 746 2739 Καὶ
786 2684 1021 2755 ποιήσας
1070 2683 1283 2754 δεήσεις
1348 2685 1660 2754 ἐγγράφους
1696 2684 1805 2736 ἀπ-

216 2778 434 2833 έστειλε
483 2778 619 2849 πρὸς
677 2776 853 2831 πάντα
908 2774 1257 2846 πατριάρχην
1303 2777 1396 2830 καὶ
1443 2776 1673 2846 μοναχὸν
1729 2775 1809 2838 εἰς

220 2872 411 2926 πάντα
439 2871 509 2924 τὰ
556 2871 899 2941 μοναστηρια
954 2870 1052 2923 καὶ
1092 2871 1174 2932 εἰς
1223 2868 1293 2922 τὰ
1327 2868 1808 2940 ’1εροσόλυμα,ἱ’να

218 2965 562 3035 αἰτήσωνται
603 2961 694 3015 τὸν
735 2961 868 3015 Θεὸν
912 2960 1148 3015 ἐνταῦθα
1194 2960 1289 3014 καὶ
1335 2962 1409 3031 μὴ
1459 2962 1578 3014 ἐκεῖ
1621 2959 1808 3013 τοῦτον

220 3057 587 3127 κολασθῆναι.
631 3054 1081 3119 Ἐσκανδαλεζετο
1123 3054 1180 3108 δέ
1227 3055 1319 3107 καὶ
1357 3055 1438 3117 εἰς
1483 3053 1808 3107 Φιλιππικὸν

219 3151 319 3204 τὸν
350 3149 605 3220 γαμϐρὸν
630 3148 820 3211 αὑτοῦ,
850 3149 922 3212 ὡς
951 3148 1012 3200 τὸ
1046 3151 1108 3217 φῖ
1135 3147 1280 3217 ἔχειν
1310 3148 1388 3209 εἰς
1421 3145 1806 3218 χρηματισμὸν

218 3243 318 3299 τὸν
377 3242 572 3296 τοῦτον
618 3243 1016 3313 ἀναιρήσοντα,
1076 3240 1252 3293 καίτοι
1325 3238 1598 3309 διαφόρως
1647 3237 1797 3308 αὐτῷ

217 3334 564 3390 Φιλιππικοῦ
616 3333 922 3405 ὁμνυμένου
982 3332 1059 3401 μὴ
1106 3330 1250 3401 ἔχειν
1303 3330 1366 3394 ἐξ
1420 3328 1587 3384 αὑτοῦ
1644 3330 1809 3396 φόὸον

218 3429 370 3483 τινὰ.
410 3427 638 3481 Πάντων
691 3424 782 3478 οὖν
819 3426 947 3494 περὶ
979 3422 1172 3477 τούτου
1215 3421 1548 3493 εὐχομένων,
1603 3415 1742 3473 εἶδεν
1782 3421 1811 3473 ὁ

220 3521 539 3593 Μαυρίκιος
572 3520 629 3571 ἐν
673 3518 774 3588 μιᾷ
816 3517 975 3570 νυκτὶ
1008 3515 1082 3578 ὡς
1118 3516 1198 3579 εἰς
1244 3515 1345 3583 τὴν
1377 3514 1587 3584 χαλκῆν
1637 3513 1813 3583 πύλην

219 3614 322 3667 τοῦ
356 3611 625 3665 παλατῐου
676 3610 967 3679 ἱστάμενον
1010 3607 1202 3661 ἑαυτὸν
1251 3606 1562 3678 ἔμπροσθεν
1597 3607 1696 3675 τῆς
1736 3608 1817 3659 εἱ·-

219 3707 386 3772 κᾷνος
420 3702 515 3760 τοῦ
556 3703 828 3772 Σωτῆρος,
863 3701 955 3752 καὶ
1000 3700 1130 3753 λαὸν
1157 3700 1327 3752 πολὺν
1369 3700 1468 3753 σὺν
1519 3699 1667 3767 αὑτῷ
1705 3698 1817 3752 τῶν

219 3796 597 3871 αἰχμαλώτων
627 3789 1031 3864 ἐγκαλούντων.
1061 3791 1173 3844 Καὶ
1204 3790 1356 3861 φωνὴ
1380 3791 1603 3859 γέγονεν
1628 3791 1691 3842 ἐκ
1720 3788 1813 3842 τοῦ

220 3892 389 3960 ἁγίου
421 3886 773 3960 χαρακτῆρος
807 3884 1062 3953 λέγουσα·
1098 3882 1227 3937 Δότε
1259 3882 1593 3953 Μαυρίκιον.
1626 3882 1736 3936 Καὶ
1766 3881 1815 3935 οἰ

217 3984 393 4056 δῆθεν
428 3981 701 4053 ὑπηρέται
752 3980 1130 4052 κρατήσαντες
1171 3974 1336 4029 αὐτὸν
1375 3973 1727 4042 παρέστησαν
1759 3973 1817 4024 ἐν

220 4076 305 4148 τῷ
332 4073 605 4144 πορφυρῷ
627 4073 878 4142 όμφαλίῳ
903 4070 1015 4142 (10)
1042 4066 1121 4138 τῷ
1149 4068 1352 4120 ἐκεῖσε.
1376 4063 1491 4118 Καί
1517 4081 1650 4134 φησι
1682 4062 1819 4132 πρὸς

219 4170 400 4223 αὑτὸν
432 4168 466 4237 η
502 4165 626 4221 θεία
653 4165 827 4235 φωνή·
868 4161 977 4219 1Ιοῦ
1014 4161 1189 4223 θέλεις
1220 4157 1486 4212 ἀποδώσω
1517 4173 1633 4223 σοι;
1665 4149 1816 4220 Ὧδε,

221 4264 257 4334 ἡ
309 4263 373 4315 ἐν
422 4258 501 4329 τῷ
545 4257 792 4327 μέλλοντι
834 4255 1027 4320 αἱῶνι;
1067 4252 1126 4306 '0
1176 4252 1233 4305 δέ
1275 4250 1416 4322 ἔφη·
1464 4249 1820 4320 Φιλάνθρωπε

217 4357 510 4419 Δέσποτα,
553 4349 917 4420 δικαιοκρετα,
964 4341 1067 4400 ὧδε
1120 4345 1345 4415 μᾶλλον,
1381 4344 1476 4397 καὶ
1521 4343 1595 4413 μὴ
1652 4344 1711 4396 ἐν
1743 4341 1822 4412 τῷ

221 4447 516 4518 μέλλοντι.
557 4442 671 4497 Καὶ
703 4441 907 4503 εὐθέως
928 4439 1217 4493 ἐκέλευσεν
1251 4436 1535 4507 ἐκδοθῆναι
1569 4436 1733 4489 αὐτόν
1760 4451 1820 4487 τε

1832 3184 1876 3243 C

1898 572 2200 641 praedicens
2248 574 2633 642 imperatorem
2670 575 2854 642 gladio
2878 578 3123 634 Occisum
3156 579 3245 635 iri.
3280 577 3384 635 Sed
3417 590 3473 636 et

1900 664 2248 717 Herodianus
2302 663 2570 721 Mauricio
2621 669 2824 738 palam,
2877 684 2999 739 quae
3049 672 3151 740 ipsi
3209 681 3474 728 eventura

1897 767 2105 820 essent,
2138 757 2505 813 denuntiavit.
2556 758 2711 815 Tunc
2754 761 2920 816 etiam
2957 764 3195 831 populus
3223 762 3475 819 Maurum

1897 847 2214 915 quemdam.
2256 850 2533 903 hominem
2570 849 2818 907 Mauricii
2861 852 3122 918 similem,
3149 867 3284 925 sago
3310 854 3476 910 indu-

1899 946 2014 989 tum
2054 952 2369 1008 coronaque
2414 954 2481 994 ex
2538 940 2664 993 aliis
2718 952 2974 997 conserta
3024 939 3365 1007 redimitum,
3417 944 3475 999 in

1902 1032 2123 1083 asinum
2177 1030 2458 1099 imposuit,
2523 1047 2589 1087 ac
2653 1046 2749 1101 per
2813 1032 2999 1102 jocum
3071 1043 3126 1088 et
3187 1035 3472 1090 lasciviam

1900 1121 2226 1173 acclamavit
2283 1137 2296 1174 :
2362 1121 2571 1178 Invenit
2624 1124 2879 1179 buculam
2926 1135 3190 1196 teneram,
3238 1138 3295 1184 et
3333 1129 3477 1185 sicut

1904 1228 2079 1265 novus
2108 1214 2346 1281 gallulns
2371 1215 2567 1269 insiliit
2602 1216 2654 1271 in
2679 1233 2822 1282 eam,
2849 1232 2913 1273 ac
2942 1223 3245 1288 procreavit
3274 1222 3476 1280 liberos

1902 1313 2074 1356 instar
2113 1313 2411 1368 uane-arum
2451 1311 2724 1362 uolarum.
2762 1307 2966 1365 Sancte
3004 1313 3101 1376 mi,
3127 1324 3339 1379 sancte,
3372 1315 3474 1368 feri

1902 1398 2021 1463 ejus
2071 1409 2258 1463 caput,
2295 1415 2362 1453 ne
2408 1400 2702 1468 superbius
2754 1402 3014 1459 efferatur
3043 1424 3058 1459 :
3087 1414 3204 1460 turn
3241 1421 3343 1478 ego
3379 1407 3476 1463 tibi

1901 1489 2012 1541 voti
2048 1503 2171 1542 reus
2212 1490 2401 1544 bovem
2427 1492 2678 1545 oﬁ‘eram.
2711 1492 2837 1548 Haec
2886 1496 3141 1565 populus.
3193 1496 3327 1564 Qum
3364 1514 3473 1553 non

1903 1580 2079 1633 otiose
2106 1581 2288 1643 retuli,
2318 1583 2411 1636 sed
2434 1591 2491 1636 ut
2516 1584 2906 1655 intelligamus,
2926 1587 3015 1642 ubi
3042 1593 3166 1656 quis
3189 1590 3473 1646 dominum

1905 1674 2163 1730 irritavit,
2224 1687 2349 1725 eum
2388 1674 2626 1728 ludibrio
2659 1676 2847 1732 haberi
2902 1677 2971 1733 ab
3023 1678 3109 1735 bis
3158 1681 3254 1750 qui
3287 1680 3477 1736 eadem

1905 1776 2031 1815 cum
2071 1763 2190 1832 ipso
2222 1764 2536 1820 conditione
2568 1769 2836 1822 serxiunt.

1978 1936 2139 1991 Anno
2164 1939 2254 2003 2t),
2278 1939 2577 1999 Mauricius
2606 1943 2717 1999 tilio
2742 1960 2844 2000 suo
2875 1944 3187 2004 Theodosio
3211 1947 3471 2006 Germani

1906 2033 2120 2100 patricii
2165 2032 2329 2086 ﬁliam
2365 2033 2681 2102 despondit.
2737 2037 3056 2109 Eodemque
3107 2055 3254 2095 anno
3306 2042 3359 2095 in
3418 2057 3480 2097 se

1904 2125 2267 2190 descendens,
2313 2142 2373 2179 ac
2400 2130 2660 2182 memoria
2691 2139 2945 2200 repetens
2977 2130 3149 2187 Deum
3183 2133 3316 2188 nihil
3337 2134 3479 2190 clam

1907 2235 2052 2283 esse,
2087 2236 2323 2290 eumque
2376 2235 2474 2288 pro
2523 2224 2735 2279 meritis
2783 2227 2986 2294 cuique
3039 2229 3157 2284 suis
3196 2229 3339 2285 bona
3386 2237 3482 2284 aut

1906 2313 2049 2366 mala
2084 2313 2348 2375 tribucre,
2380 2310 2543 2383 704
2597 2323 2711 2368 tum
2765 2331 2954 2370 secum
3009 2319 3260 2389 cogitans
3315 2336 3479 2390 quam

1907 2403 2147 2474 graviter
2178 2405 2275 2459 abs
2304 2420 2361 2460 se
2390 2415 2672 2476 peccatum
2707 2418 2856 2465 esset
2889 2427 2997 2481 quo
3033 2421 3279 2484 tempore
3307 2414 3481 2484 capti-

1909 2512 2006 2551 vos
2040 2499 2310 2551 redimere
2357 2500 2555 2563 noluit,
2597 2509 2859 2567 praestare
2901 2503 3240 2559 existimavit
3294 2508 3371 2560 uti
3423 2506 3481 2561 in

1910 2589 2012 2643 hoc
2035 2600 2219 2655 βοιιυς
2248 2606 2410 2659 quam
2448 2596 2502 2645 in
2537 2592 2720 2648 futuro
2751 2596 2954 2650 saeculo
2999 2612 3189 2665 poenas
3236 2595 3348 2653 Deo
3388 2597 3481 2653 de-

1910 2683 2185 2750 penderet.
2220 2681 2407 2752 ltaque
2440 2683 2858 2754 deprecationes
2891 2689 3087 2743 litteris
3121 2691 3482 2760 consignatas

1910 2773 1977 2827 ad
2037 2788 2229 2827 omnes
2284 2776 2625 2843 patriarchas
2680 2787 2735 2831 et
2790 2778 3114 2841 monachos.
3191 2780 3247 2834 in
3292 2782 3477 2835 omnia

1911 2866 2268 2922 monasteria.
2321 2876 2485 2921 etiam
2530 2867 2910 2941 Hierosolyma
2959 2870 3129 2935 misit,
3182 2879 3242 2926 ut
3288 2887 3320 2927 a
3369 2871 3481 2926 Deo

1911 2967 2160 3028 peterent
2199 2970 2253 3013 ut
2298 2960 2405 3029 ipsi
2441 2976 2549 3014 non
2586 2964 2637 3014 in
2668 2963 2841 3017 altero
2874 2963 2969 3017 sed
3006 2965 3058 3016 in
3121 2964 3224 3018 hoc
3278 2966 3480 3020 seculo

1911 3065 2106 3120 poenas
2128 3052 2458 3120 imponeret.
2489 3052 2632 3119 Quin
2665 3062 2719 3108 ct
2753 3056 2805 3107 in
2846 3055 3211 3125 Pliilippicum
3235 3058 3480 3127 impegit,

1912 3143 2122 3198 sororis
2183 3159 2297 3199 suae
2356 3145 2635 3211 maritum,
2686 3146 2755 3200 ab
2793 3161 2859 3200 eo
2903 3146 3102 3201 eadem
3146 3147 3250 3201 sibi
3298 3149 3479 3218 parari

1913 3238 2208 3303 suspicans
2239 3253 2302 3289 ex
2338 3238 2601 3292 vaticinio
2637 3239 2895 3304 quodam,
2958 3239 3102 3308 quod
3141 3240 3483 3308 percussoris

1912 3343 2108 3381 nomen
2145 3342 2172 3380 a
2207 3330 2390 3382 littera
2422 3344 2486 3381 ru
2537 3330 2704 3383 ordiri
2765 3332 3040 3388 monebat.
3090 3345 3214 3385 cum
3260 3332 3483 3402 quidem

1912 3419 2253 3488 Philippieus
2293 3420 2519 3476 insidias
2548 3422 2802 3478 omnibus
2839 3423 3017 3478 modis
3046 3424 3308 3495 eiuraret.
3358 3423 3476 3480 Ca3-

1915 3518 2089 3564 ternm
2129 3510 2443 3577 Mauricius,
2470 3528 2592 3567 cum
2618 3530 2721 3583 pro
2737 3529 2804 3568 eo
2826 3529 3014 3583 preces
3046 3516 3246 3581 passim
3271 3515 3482 3581 ﬁerent,

1916 3605 2150 3671 quadam
2191 3604 2431 3658 noctein
2461 3607 2671 3660 somnis
2706 3607 3034 3674 imaginatus
3073 3615 3158 3663 est
3191 3622 3250 3661 se
3299 3615 3486 3663 astare

1915 3710 2097 3748 coram
2136 3694 2371 3764 imagine
2427 3696 2753 3761 Servatoris,
2793 3698 2848 3749 in
2899 3705 3055 3767 porta
3083 3695 3266 3766 palatii
3319 3710 3484 3762 aerea,

1917 3788 2250 3855 multamque
2274 3800 2463 3841 secum
2494 3788 2708 3842 turbam
2745 3789 3083 3855 captivorum
3115 3789 3292 3857 ipsum
3319 3802 3485 3843 accu-

1916 3877 2203 3931 santium.-
2249 3886 2361 3930 tum
2393 3890 2580 3931 vocem
2647 3877 2716 3930 de
2770 3894 2925 3932 sacra
2982 3879 3215 3947 imagine
3263 3878 3485 3943 exiisse,

1918 3985 2039 4037 quae
2077 3968 2400 4023 Mauricium
2450 3967 2837 4037 sistijuberct.
2903 3970 2976 4023 lla
3035 3985 3092 4023 se
3142 3984 3171 4023 a
3221 3968 3487 4025 ministris

1921 4071 2259 4130 correptum,
2311 4060 2478 4128 inque
2510 4045 2898 4130 porpliyretico
2932 4060 3005 4115 ibi
3062 4059 3324 4114 umbilico
3358 4072 3484 4112 con-

1922 4159 2171 4206 stitutum
2204 4166 2229 4203 a
2260 4150 2441 4205 divina
2467 4166 2599 4204 voce
2623 4153 3015 4221 interrogatum
3047 4149 3238 4213 fuisse,
3266 4150 3491 4205 ubinam

1921 4246 2021 4300 sibi
2056 4243 2279 4311 rependi
2318 4242 2500 4298 vellet.
2536 4241 2606 4296 Se
2633 4255 2815 4297 autem
2845 4243 3092 4298 dixisse:
3119 4240 3349 4296 Domine
3387 4241 3490 4296 bu-

1925 4337 2263 4399 manissime,
2295 4335 2458 4405 iudex
2487 4338 2655 4406 juste.
2702 4336 2792 4391 hic
2842 4337 2985 4392 malo
3020 4351 3187 4408 quam
3240 4337 3297 4392 in
3323 4336 3493 4391 altera

1928 4433 2055 4486 vita.
2087 4428 2393 4500 Statimque
2413 4429 2728 4483 mandatum
2762 4428 2930 4485 fuisse
2956 4437 3016 4484 ut
3047 4444 3173 4485 cum
3202 4445 3371 4486 uxore
3396 4446 3497 4486 sua

218 4543 323 4594 καὶ
353 4540 458 4609 τὴν
492 4535 732 4605 γυναῖκα
769 4533 865 4586 καὶ
892 4530 963 4584 τά
992 4532 1158 4584 τέκνα
1185 4529 1351 4583 αὑτοῦ
1379 4528 1476 4581 καὶ
1514 4529 1695 4581 πᾶσαν
1718 4527 1811 4598 τὴν

1930 4538 1974 4579 ct
2016 4522 2207 4577 liberis
2258 4529 2479 4591 totaque
2533 4520 2739 4576 familia
2799 4520 2995 4577 Pbocae
3046 4522 3205 4578 militi
3244 4523 3497 4579 dedatur.

218 4631 565 4700 συγγένειαν
608 4625 775 4695 Φωκᾷ
815 4623 894 4694 τῷ
948 4621 1285 4693 στρατιώτῃ.
1335 4619 1677 4683 Διυπνισθεὶς
1723 4614 1818 4673 οὖν

218 4720 563 4779 ἀπέστειλεν
602 4716 765 4780 εὐθὺς
796 4716 890 4768 τὸν
928 4711 1431 4785 παρακοιμώμενον
1465 4710 1629 4764 αὑτοῦ
1677 4711 1817 4779 ἀγα-

218 4819 352 4885 γεῖν
391 4809 758 4867 Φιλιππικόνο
793 4807 852 4871 ὃς
898 4807 1037 4877 αὐτῇ
1071 4806 1139 4877 τῇ
1173 4803 1294 4875 ὥρᾳ
1338 4802 1462 4856 ἰδὼν
1503 4803 1595 4856 τὸν
1638 4818 1820 4873 παρα-

217 4914 592 4979 κοιμώμενον
626 4911 719 4958 κα⁹
751 4902 851 4973 τῆς
887 4897 1084 4955 ἐαυτοῦ
1114 4899 1257 4968 ζωῆς
1278 4898 1550 4966 ἀπογνοὺς
1579 4898 1821 4969 ᾐτήσατο

218 5003 571 5069 κοινωεῆσαι
600 4996 737 5068 (Η),
761 4996 856 5048 καὶ
882 4992 1055 5056 οὕτως
1086 4991 1253 5062 ἀπῄει
1287 4991 1421 5061 πρὸς
1449 4989 1540 5042 τὸν
1572 4987 1819 5058 βασιλέα.

1926 4616 2295 4686 Experrectus
2327 4615 2510 4669 statim
2571 4615 2943 4669 accubitorem
3000 4630 3160 4670 suum
3200 4615 3353 4671 misit
3405 4616 3498 4686 qui

1925 4707 2288 4778 Pliilippicum
2326 4704 2645 4761 adduceret.
2681 4705 2788 4771 Qui
2817 4707 3106 4776 desperata
3156 4707 3226 4762 ob
3280 4705 3334 4761 id
3388 4706 3500 4761 vita

1925 4802 2077 4873 prius
2108 4797 2551 4854 communionem
2577 4812 2795 4852 sacram
2832 4797 3076 4867 expetiit,
3110 4812 3286 4868 eaque
3312 4811 3504 4869 perce-

1927 4901 2017 4962 pta
2045 4889 2111 4943 ad
2143 4890 2529 4959 imperatorem
2565 4887 2721 4950 abiit,
2749 4902 2974 4942 uxorem
3014 4888 3356 4959 relinquens,
3381 4905 3504 4960 qua

1930 4977 2090 5051 705
2127 4991 2348 5034 saccum
2384 4974 2577 5031 induta
2609 4984 2664 5030 et
2691 4976 2879 5032 cinere
2907 4991 3212 5050 conspersa
3239 4977 3502 5046 ejulabat.

1339 5122 1697 5179 XYLANDRI
1747 5121 1831 5174 ΕΤ
1888 5116 2099 5172 GOARI
2162 5112 2392 5168 NOTAE.

296 5253 383 5325 (9)
414 5248 587 5325 Fatue
614 5247 839 5325 omnino
875 5255 929 5299 et
966 5242 1222 5324 imperite
1269 5243 1489 5325 lusisset
1529 5240 1582 5321 in
1624 5238 1825 5325 Mauri-

218 5311 382 5379 εὶιῖιιῖ
418 5321 673 5391 populus,
706 5321 749 5371 si
783 5311 1080 5383 utcunque,
1105 5311 1818 5391 jux‘taXylandrisensulm

218 5378 350 5452 enim
376 5378 630 5447 uoldrum
661 5378 1152 5456 tigucarum'mstdr
1183 5378 1823 5456 ﬁlios‘suscgpisseetfu-

221 5448 481 5521 tivisset.
502 5448 887 5530 Ξυλοκῶὀωνον
907 5457 1113 5523 itaque,
1135 5451 1292 5530 cujus
1322 5455 1439 5530 vice
1464 5448 1826 5530 Tlicophancs

220 5529 667 5602 ξυλοκοὺκουόον
727 5527 938 5602 scribit,
984 5522 1235 5602 tilllll-tl‘ll
1292 5522 1439 5602 aliud
1495 5522 1568 5574 sit
1628 5532 1824 5588 prwter

222 5591 478 5679 igneum
501 5598 882 5677 crepitaculum
916 5599 995 5649 vel
1024 5593 1270 5675 globulus
1304 5591 1510 5679 lignqu
1541 5604 1821 5679 concavus

222 5663 294 5731 ιοῖ
316 5663 698 5742 undequaque
724 5668 1054 5736 periuratos,
1082 5667 1134 5717 in
1164 5679 1273 5732 quo
1303 5663 1479 5742 nuclei
1511 5663 1594 5714 Vel
1622 5663 1821 5742 “tintin-

224 5747 447 5801 nabula
489 5740 863 5800 includuntur,
896 5745 954 5790 ut
993 5744 1334 5808 perstrepero
1365 5740 1484 5798 ejus
1513 5740 1698 5808 sonitu
1736 5743 1821 5808 re:

222 5799 507 5873 creentur
536 5809 780 5881 pueri,et
799 5799 1032 5877 populus
1050 5807 1115 5859 ad
1147 5799 1483 5857 Iudzcrorum
1514 5799 1824 5854 istiusmodi

1928 5234 2104 5288 instar
2130 5231 2374 5285 Mauricii
2397 5229 2535 5285 ﬁlios
2570 5244 2630 5284 se
2659 5237 2844 5284 tenere
2864 5230 3182 5297 proclamet.
3216 5229 3504 5287 Summum

1933 5306 1983 5356 in
2011 5318 2105 5357 eos
2130 5310 2444 5369 putremque
2459 5301 2783 5353 Mauricium
2806 5298 3117 5371 manifestat
3134 5312 3506 5371 contemptum

1932 5387 2231 5440 eorumque
2257 5378 2485 5424 mortem
2522 5371 2726 5435 ludum,
2751 5370 2985 5437 gemitus
3012 5370 3279 5425 ludicrum
3311 5370 3511 5439 strepi-

1933 5453 2047 5496 tum
2110 5456 2230 5494 sesc
2299 5440 2611 5493 habiturum
2668 5442 2931 5510 minatur.
2997 5441 3301 5494 Κούκουδον
3346 5457 3511 5510 porro

1936 5514 2149 5565 nucleus
2181 5520 2259 5563 est
2300 5517 2353 5562 et
2386 5510 2650 5579 globulus,
2678 5508 3093 5572 ξυλοκοὺκουδον
3127 5513 3330 5579 lignum
3348 5508 3506 5566 'stre—

1930 5585 2073 5649 peris
2105 5583 2417 5648 hujusmodi
2445 5581 2685 5653 glebulis
2711 5582 2950 5653 plenum.
3003 5583 3200 5653 Annon
3232 5579 3510 5653 Xylander

1926 5648 2009 5707 vir
2037 5655 2242 5721 ligneus
2265 5657 2317 5702 et
2345 5648 2636 5721 puerorum
2671 5650 3047 5715 ξυλοκώδωνον
3075 5653 3097 5704 ?
3128 5648 3294 5721 Cum;

2003 5719 2117 5791 (10)
2149 5720 2318 5791 Signo
2350 5719 2668 5791 rotundoin
2715 5735 2856 5775 atem
2889 5723 3068 5774 medio
3098 5722 3222 5774 ﬁxo.
3252 5719 3424 5778 Goan.

2005 5789 2117 5860 (Ii)
2175 5789 2291 5842 hon
2358 5790 2721 5843 dissimulabo
2790 5805 2876 5841 me
2939 5791 3023 5844 bic
3075 5802 3323 5848 secutum
3382 5806 3506 5849 esse
