4226 6444
752 410 857 473 785i

752 628 877 665 nam
914 622 967 667 et
1003 614 1191 665 urbem
1228 620 1472 664 sanctam
1510 609 1557 662 vi
1582 615 1988 677 expugnarunt,
2022 614 2076 660 et
2107 606 2161 659 in
2196 604 2333 657 urbe

746 718 843 767 per
881 700 1098 754 Jlldd'OS
1152 700 1551 754 interfecerunt
1602 698 1669 752 ad
1703 698 1794 763 90,
1834 708 1894 751 ut
1926 697 2120 760 fertur,
2157 696 2332 750 homi-

750 810 878 846 ntnn
915 792 1104 843 millia.
1146 790 1317 845 Judaei
1358 792 1501 845 enim
1537 790 1774 860 quisque
1813 805 1913 859 pro
1942 789 2060 843 suis
2098 787 2331 843 faculta-

749 886 895 935 tihus
933 881 1283 936 Christianos
1317 897 1346 933 a
1396 881 1579 935 Persis
1614 891 1867 933 emerunt
1901 888 2066 947 atque
2099 892 2331 931 necave-

746 984 895 1027 runt.
953 973 1254 1026 Zacharias
1312 972 1628 1040 patriarcha
1686 968 2222 1039 llierosolymitanus
2277 978 2331 1021 et

745 1072 1057 1123 Veneranda
1091 1069 1270 1121 crucis
1308 1067 1451 1136 ligna
1493 1082 1614 1120 cum
1651 1065 1857 1134 ingenti
1887 1064 2069 1133 praeda
2104 1080 2167 1117 ac
2199 1079 2330 1133 cap-

745 1165 983 1217 tivnrttm
1012 1177 1240 1215 numero
1268 1162 1322 1214 in
1355 1158 1633 1213 Persidem
1673 1166 1802 1213 sunt
1833 1157 2094 1211 abducta.
2126 1156 2327 1210 Eodem

746 1272 891 1307 anno
925 1254 1159 1306 Mat-tina
1210 1251 1462 1305 Heraclio
1499 1250 1668 1303 aliutn
1714 1248 2137 1303 Constantinum
2173 1262 2334 1315 pepe-

748 1349 836 1409 rit,
877 1347 969 1415 qui
1006 1347 1056 1397 in
1093 1343 1412 1398 Blachernis
1444 1351 1529 1396 est
1564 1357 1592 1393 a
1629 1340 1822 1407 Sergio
1858 1339 2171 1409 patriarcha
2204 1341 2334 1407 hap-

746 1439 967 1491 tizntus.

818 1532 984 1585 Sexto
1015 1545 1177 1593 anno,
1210 1526 1392 1582 Persa
1411 1528 1719 1580 universam
1749 1523 2069 1595 A‘ngptum,
2094 1524 2332 1577 Alexan—

749 1625 950 1687 driam,
977 1622 1356 1690 Africamque,
1382 1629 1435 1674 et
1458 1621 1646 1673 omnia
1681 1618 1746 1671 ad
1785 1616 2126 1685 Ethiopiam
2162 1632 2333 1684 usque

746 1722 1180 1787 ecettpaverunt,
1197 1729 1260 1769 ac
1286 1714 1541 1784 plurimis
1565 1713 1820 1767 abductis
1839 1710 2095 1780 captivis,
2121 1710 2330 1779 ingenti

748 1824 869 1862 cum
928 1810 1106 1876 praula
1146 1818 1199 1862 et
1232 1807 1461 1878 pecunia
1506 1806 1731 1861 domum
1782 1805 2086 1866 redierunt,
2120 1802 2331 1857 relictis

2054 402 2377 463 GEORGII
2418 400 2759 462 CEDRENI
3913 399 4024 461 731

819 520 1024 583 Quinto
1075 532 1238 581 anno,
1288 515 1467 571 Persa:
1505 511 1745 569 Jordane
1782 520 2049 582 occupato
2081 514 2324 567 Palaesu-
2360 520 2400 572 Α

2505 512 2594 581 Τῷ
2625 518 2664 587 ε’
2697 511 2830 572 ἔτει,
2860 510 3167 581 παρέλαϐον
3211 506 3261 563 οἰ
3296 512 3503 578 Πέρσαι
3551 509 3643 561 τὸν
3721 510 4026 579 Ἰορδάνην,

2440 606 2534 657 καὶ
2559 605 2656 673 τὴν
2696 604 3082 673 Παλαιστίνην,
3121 606 3215 656 καὶ
3251 603 3347 673 τὴν
3378 603 3539 670 ἁγίαν
3592 602 3745 655 πόλιν
3778 602 4026 676 πολέμῳ,

2436 698 2534 749 καὶ
2578 699 2914 750 ἀπέκτειναν
2962 698 3019 748 ὲν
3045 697 3183 765 αὐτῇ
3213 696 3299 748 διὰ
3328 695 3527 765 χειρῶν
3566 695 3675 746 τῶν
3729 695 4030 759 Ἰουδαίων,

2435 786 2511 850 ὥς
2548 787 2682 855 φασί
2716 805 2887 851 τινες,
2925 788 3195 857 μυριάδας
3228 787 3273 839 θ’
3303 803 3316 815 ·
3356 788 3515 838 αὐτοὶ
3562 787 3672 856 γὰρ
3723 786 4031 856 ὠνούμενοι

2434 880 2563 941 τοὺς
2590 880 2973 948 Χριστιανοὺς,
3026 880 3148 932 καθ’
3197 878 3426 939 ἕκαστος
3473 879 3730 948 ηὐπόρει,
3764 879 4029 931 ἀπέκτει-

2436 988 2526 1024 νον
2554 972 2771 1033 αίιτούς.
2804 963 3119 1041 Ζαχαραὶαν
3158 971 3213 1023 δὲ
3257 972 3348 1022 τὸν
3398 971 3747 1039 πατριάρχην
3791 971 4028 1040 Ἰεροσο-

2436 1064 2623 1133 λύμων
2663 1067 2758 1116 καὶ
2792 1066 2858 1115 τὰ
2891 1066 3048 1131 τίμια
3080 1062 3211 1127 ξύλα
3238 1062 3495 1125 λαϐόντες
3529 1063 3627 1114 σὺν
3670 1063 4027 1133 αἰχμαλωσίᾳ

2438 1155 2604 1222 πολλῇ
2653 1155 2710 1206 ὲν
2747 1155 2966 1223 Περσίδι
3002 1155 3313 1223 ἀπήγαγον.
3373 1154 3463 1223 Τῷ
3503 1154 3652 1222 αὐτῷ
3686 1154 3795 1206 ἔτει
3826 1154 4026 1223 ἐτέχθη

2437 1246 2514 1315 τῷ
2577 1246 2791 1315 βασιλεῖ
2851 1247 2959 1301 ἀπὸ
3010 1248 3300 1316 Μαρτίνας
3340 1248 3750 1308 Κωνσταντῖνος
3812 1249 4025 1315 ἕτερος,

2436 1341 2533 1392 καὶ
2568 1339 2871 1408 ἐϐαπτίσθη
2928 1341 2986 1391 ἐν
3037 1338 3368 1406 Βλαχέρναις
3408 1340 3514 1391 ὑπὸ
3549 1339 3779 1409 Σεργίου
3815 1356 4026 1409 πατρι-

2436 1434 2626 1500 άρχου.

2506 1522 2596 1590 Τῷ
2661 1520 2714 1585 ς’
2764 1522 2896 1583 ἔτει,
2951 1521 3261 1591 παρέλαϐον
3309 1522 3359 1573 οἱ
3415 1522 3623 1592 Πέρσαι
3682 1524 3865 1574 πᾶσαν
3926 1524 4029 1591 τὴν

2435 1614 2732 1678 Αἴγυπτον,
2770 1615 2862 1666 καὶ
2937 1611 3367 1682 Ἀλεξάνδρειαν,
3400 1614 3494 1665 καὶ
3522 1612 3752 1682 Λιϐύην,
3796 1614 3890 1664 καὶ
3921 1614 4029 1675 ἓως

2435 1704 2745 1770 Αἰθιοπίας,
2800 1708 2896 1759 καὶ
2934 1706 3192 1767 λαϐόντες
3243 1707 3627 1774 αἰχμαλωσίαν
3676 1708 3879 1776 πολλὴν
3932 1709 4029 1760 καὶ

2437 1799 2655 1868 λάφυρα
2688 1799 2781 1851 καὶ
2814 1800 3079 1869 χρήματα
3114 1801 3285 1852 ὑπέστ
3301 1800 3489 1870 ρεψαν.
3550 1801 3660 1871 Τὴν
3709 1802 3765 1854 δὲ
3802 1804 4032 1871 Καρχη-

746 1904 837 1972 qui
880 1902 1264 1970 Carthaginem
1295 1899 1502 1954 frustra
1534 1916 1561 1951 a
1595 1915 1654 1954 se
1691 1906 1954 1953 tentatam
1994 1897 2327 1952 obsiderent.

2437 1892 2563 1942 δῦνα
2629 1892 2704 1961 μὴ
2784 1890 3106 1960 δυνηθέντες
3192 1891 3573 1962 παραλαϐεῖν,
3652 1893 4029 1963 πολιορκητὰς

820 2082 1065 2151 Septimo
1111 2075 1276 2141 anno,
1331 2074 1729 2133 Constantinus
1788 2074 2081 2129 Heraclius
2137 2072 2333 2127 consul

749 2174 873 2237 fuit,
903 2174 1283 2238 Caesaremque
1310 2170 1436 2223 fecit
1467 2170 1691 2222 fratrem
1719 2183 1880 2221 suum
1907 2165 2330 2222 Constantinum

748 2266 1049 2325 minorem,
1086 2262 1320 2317 lleraelii
1358 2271 1413 2316 et
1451 2259 1693 2315 Martina:
1725 2259 1919 2313 tilium.

820 2443 987 2514 716
1034 2439 1241 2496 Octavo
1273 2454 1438 2503 anno,
1484 2454 1681 2493 rursus
1718 2438 2003 2494 Heraclius
2046 2437 2241 2509 legatis
2277 2436 2329 2489 in

745 2533 1027 2590 Persidem
1066 2535 1131 2589 ad
1157 2534 1460 2588 Chosroem
1500 2532 1688 2587 missis
1724 2545 1910 2601 pacem
1944 2531 2121 2601 petiit.
2151 2529 2328 2583 Ches-

749 2642 876 2682 roes
918 2628 1101 2681 denuo
1157 2640 1251 2681 eos
1287 2624 1509 2693 repulit,
1547 2638 1752 2692 negans
1802 2638 1863 2677 se
1901 2621 2161 2675 Romanis
2196 2620 2332 2674 velle

752 2732 1008 2788 parcere,
1058 2718 1165 2771 nisi
1218 2712 1541 2770 cruciﬁxum
1593 2713 1953 2776 diﬂiteantur,
2002 2727 2161 2782 quem
2228 2712 2330 2780 ipsi

754 2814 921 2863 lleum
954 2822 1077 2862 esse
1109 2808 1317 2869 dicant,
1351 2814 1405 2860 et
1442 2806 1546 2860 nisi
1584 2803 1817 2859 adorent
1852 2804 2048 2859 solem.

818 2984 976 3039 Nono
1011 2998 1179 3048 anno,
1232 2982 1442 3037 Avarcs
1491 2982 1543 3033 in
1587 2979 1881 3034 Thraciam
1916 2994 2040 3032 cum
2085 2978 2328 3031 exercitu

749 3088 1045 3134 venerunt.
1101 3075 1269 3129 Mittit
1322 3089 1453 3144 ergo
1505 3072 1793 3126 lleraclius
1832 3085 2019 3139 pacem
2063 3070 2331 3138 petitum;

748 3186 984 3242 cumque
1018 3184 1140 3224 eam
1194 3181 1254 3223 se
1304 3169 1740 3237 compositurum
1777 3163 2069 3234 Chaganus
2106 3164 2330 3231 promit-

748 3276 911 3333 teret,
945 3266 992 3319 ei
1017 3271 1172 3319 extra
1199 3260 1445 3331 Longum
1480 3274 1659 3328 usque
1690 3272 1906 3310 murum
1941 3256 2181 3311 occurrit
2208 3270 2329 3309 cmn
2363 3251 2403 3271 υ

751 3373 950 3427 magno
1002 3353 1358 3423 imperatorio
1387 3352 1675 3411 comitatu,
1713 3347 2037 3418 magnisque
2065 3355 2118 3401 et
2145 3346 2333 3399 multis

750 3452 909 3504 donis
938 3448 1260 3518 Chaganum
1298 3442 1366 3499 ad
1399 3459 1589 3514 pacem
1635 3442 1739 3496 fide
1765 3442 1905 3495 ultro
1932 3443 2180 3509 citroque
2206 3441 2331 3492 data

753 3542 1074 3594 lit-mandant
1123 3539 1384 3591 hortatus
1412 3547 1513 3589 est.
1578 3533 1681 3587 Sed
1736 3533 2012 3586 Barbarus
2047 3532 2224 3601 pactis
2272 3545 2333 3584 ac

746 3634 1062 3704 iuramento
1090 3629 1431 3684 conculcatis
1474 3626 1659 3681 subito
1692 3626 1949 3679 hostilem
1984 3626 2247 3694 impetum
2279 3625 2331 3676 in

753 3725 1064 3779 Heraclitum
1118 3723 1291 3785 dedit,
1347 3722 1421 3773 ita
1453 3728 1513 3773 ut
1546 3734 1603 3772 re
1652 3718 1931 3788 inopinata
1965 3718 2012 3772 is
2045 3717 2333 3786 perculsus

755 3820 883 3888 fuga
912 3819 967 3872 in
1002 3818 1194 3871 urbem
1238 3830 1297 3869 se
1326 3812 1618 3883 receperit.
1650 3810 1947 3887 Chaganus
1977 3809 2337 3879 impedimen-

753 3916 825 3965 tis
864 3908 1240 3978 imperatoris,
1267 3916 1322 3962 et
1362 3918 1504 3975 quos
1535 3903 1734 3972 potuit,
1766 3901 2081 3957 hominibus
2123 3903 2334 3971 aliquot

752 4005 951 4073 captis,
998 4002 1169 4055 nmlta
1210 3999 1461 4053 Thracia:
1494 3996 1694 4066 oppida
1729 4010 1825 4065 spe
1860 3994 2011 4064 pacis
2042 3995 2110 4049 ab
2148 4009 2214 4050 eo
2244 4010 2335 4050 os-

752 4110 943 4158 tensze,
978 4096 1113 4148 nihil
1156 4093 1263 4148 tale
1296 4091 1695 4162 exspectantia,
1732 4089 2080 4157 depraedatus
2108 4087 2331 4140 domum

752 4189 906 4243 abiit.

820 4278 980 4331 Anno
1012 4274 1248 4335 decimo,
1284 4273 1481 4327 iterum
1516 4272 1805 4329 Heraclius
1845 4272 1913 4327 ad
1948 4285 2073 4326 eum
2125 4270 2335 4339 legatos

752 4368 941 4433 mittit,
983 4383 1077 4436 per
1111 4380 1251 4435 quos
1282 4374 1337 4419 et
1385 4375 1577 4420 contra
1625 4364 1806 4421 foedus
1853 4364 1922 4417 ab
1964 4378 2029 4418 eo
2065 4361 2207 4415 facta
2252 4378 2337 4416 re-

751 4462 1039 4529 prehendit
1068 4469 1119 4513 et
1154 4461 1335 4512 denuo
1359 4457 1426 4511 ad
1457 4473 1645 4527 pacem
1670 4458 1945 4511 hortatur.
1970 4454 2103 4510 Nam
2133 4454 2333 4509 bellum

750 4555 1034 4609 Persicum
1066 4552 1254 4607 animo
1289 4553 1506 4620 agitans
1548 4550 1667 4617 ejus
1718 4564 1883 4604 causa
1920 4564 2044 4603 cum
2076 4547 2335 4619 Chagauo

750 4648 1011 4717 cupiebat
1069 4659 1260 4714 pacem
1319 4644 1543 4697 habere.
1596 4642 1878 4696 Barbarus
1939 4642 2333 4696 humanitatem

754 4738 992 4794 ﬂcrachi
1032 4736 1305 4791 reveritus
1357 4734 1613 4804 promisit
1642 4749 1702 4788 se
1735 4734 1876 4788 facta
1906 4740 2145 4797 mutare.
2171 4743 2337 4803 atque

754 4830 1047 4899 postmodo
1084 4844 1269 4897 pacem
1319 4830 1625 4880 culturum.
1660 4826 1739 4878 Ita
1776 4826 1939 4895 legati
1988 4825 2336 4895 imperatoris

752 4922 917 4992 717
947 4936 1071 4975 cum
1113 4930 1269 4989 pacta
1326 4918 1663 4984 ﬁrmassent,
1712 4932 1845 4988 pace
1874 4919 2204 4988 composita,
2237 4919 2334 4972 ὀο-

752 5029 903 5066 mum
939 5010 1167 5080 profecti
1201 5019 1347 5071 sunt,
1377 5024 1442 5063 eo
1475 5024 1620 5062 anno
1659 5008 1824 5063 etiam
1854 5009 2034 5063 Persa:
2061 5006 2331 5078 Ancyram

754 5109 977 5163 Galatiae
1003 5106 1192 5159 urbem
1219 5109 1692 5173 expugnaverunt.

830 5207 984 5253 Anno
1011 5202 1095 5261 tl,
1126 5197 1407 5252 Heraclius
1430 5195 1617 5249 divino
1638 5196 1985 5249 Christianos
2004 5193 2328 5247 defendi-nali

755 5300 949 5347 ardore
979 5292 1146 5345 animi
1173 5290 1457 5351 incitatus,
1488 5290 1805 5352 constituta,
1840 5298 1897 5340 ut
1931 5289 2175 5356 putabat,
2208 5302 2330 5339 ι-υιιι

754 5386 1027 5439 Avaribus
1074 5400 1226 5453 pace,
1257 5382 1531 5437 exercitus
1548 5397 1612 5434 ex
1644 5380 1852 5451 Eutopa
1882 5382 1933 5434 in
1954 5381 2138 5434 Asiam
2168 5391 2317 5435 trans

757 5480 904 5539 tulit,
935 5476 1324 5545 Cogitavitque,
1363 5472 1475 5529 Deo
1525 5472 1814 5543 aaljmante
1855 5490 2110 5530 conatum
2147 5490 2329 5540 Suum,

756 5572 811 5623 iu
836 5568 1120 5623 Persidem
1158 5566 1380 5620 ducere.

827 5663 984 5717 Auno
1018 5662 1105 5723 12.
1139 5662 1231 5730 qui
1289 5660 1392 5715 fuit
1424 5662 1493 5716 ab
1528 5663 1687 5717 initio
1736 5663 1924 5715 mundi
1968 5662 2097 5716 6151
2129 5703 2142 5725 ,
2177 5665 2337 5716 tertia

760 5754 962 5806 mensis
993 5748 1358 5821 Septembris,
1398 5754 1716 5822 septimana:
1742 5756 1934 5823 quinta
1964 5754 2071 5817 die,
2110 5753 2338 5823 Stepha-

758 5863 863 5901 nus
904 5844 1308 5900 Alexandrinus
1354 5844 1647 5903 Saracenis
1678 5863 1742 5901 ex
1776 5850 1941 5904 astris
1990 5850 2156 5918 petita
2191 5850 2333 5903 divi-

2435 1983 2717 2044 ἑάσαντες,
2751 1982 3127 2052 ἀνεχώρησαν.

2506 2074 2597 2145 Τῷ
2632 2074 2674 2140 ζ’
2727 2077 2860 2144 ἔτει,
2917 2078 3190 2130 ὑπάτευσε
3215 2079 3627 2141 Κωνσταντῖνος
3676 2078 4027 2147 Ἡράκλεις,

2437 2168 2529 2219 καὶ
2572 2168 2904 2237 προεϐάλετο
2942 2170 3197 2239 Καίσαρα
3250 2172 3665 2223 Κωνσταντῖνον
3697 2171 3789 2222 τὸν
3828 2174 4030 2240 μικρὴ

2438 2262 2567 2312 ι’διον
2622 2261 2871 2329 ἀδελφὸν,
2937 2261 3029 2313 τὸν
3091 2262 3150 2326 ἐξ
3221 2260 3544 2330 Ἡρακλείου
3598 2261 3694 2314 καὶ
3739 2263 4029 2331 Μαρτίνας

2436 2352 2791 2422 γεννηθέντα.

2514 2446 2605 2517 Τῷ
2658 2454 2710 2518 η’
2779 2447 2890 2499 ἔτει
2968 2448 3131 2501 πάλιν
3204 2447 3526 2518 Ἡράκλειος
3581 2447 3906 2500 ἀπέστειλεν
3971 2450 4029 2501 ἐν

2437 2540 2658 2610 Περσίδι
2690 2540 2951 2611 πρέσϐεις
3001 2541 3138 2609 πρὸς
3192 2542 3462 2610 Χοσρόην,
3514 2538 3835 2606 αἰτούμενος
3873 2544 4027 2608 εἰρη-

2436 2648 2555 2701 νην.
2615 2632 2672 2684 Ὀ
2722 2631 2777 2684 δὲ
2836 2633 3085 2701 Χοσρόης
3120 2635 3215 2685 καί
3246 2634 3408 2687 πάλιν
3445 2633 3608 2685 αὐτὸν
3632 2632 4027 2700 ἀπεπέμψατο,

2436 2721 2603 2773 εἰπὼν
2629 2722 2708 2774 ὃτι
2737 2722 2811 2774 Οὐ
2846 2722 3104 2791 φείσομαι
3137 2723 3312 2792 ὑμῶν,
3342 2724 3448 2785 ’ἐως
3476 2722 3544 2775 ἂν
3589 2722 3904 2791 ἁρνήσησθε
3936 2722 4031 2775 τὸν

2436 2815 2872 2883 ἐσταυρωμένον,
2904 2815 2962 2868 ὃν
2993 2816 3180 2883 λέγετε
3211 2816 3348 2869 Θεὸν
3376 2812 3543 2881 εἶναι,
3588 2815 3684 2868 καὶ
3715 2818 4029 2886 προσ-ιι.)νῂ-

2438 2920 2569 2971 σητε
2599 2904 2675 2972 τῷ
2708 2905 2862 2974 ἡλίῳ.

2509 2996 2601 3065 Τῷ
2652 2996 2697 3049 θ’
2727 2998 2861 3062 ἔτει,
2914 3000 3282 3067 ἐστράτευσαν
3332 3000 3380 3052 οἰ
3441 3000 3680 3071 Ἀϐαρες
3730 3001 3875 3053 κατὰ
3925 2999 4030 3065 τῖ’,ς

2436 3092 2682 3163 Θρᾴκης.
2720 3094 3073 3156 ’Λποστείλας
3102 3095 3158 3146 δὲ
3196 3096 3520 3165 Ἡράκλειος
3556 3098 3735 3166 ᾐτεῖτο
3773 3095 4029 3163 εἰρήνην·

2439 3189 2532 3237 καὶ
2562 3186 2893 3256 συνθεμένου
2921 3186 3016 3239 τοῦ
3052 3188 3309 3253 Χαγάνου
3342 3188 3551 3255 ταύτην
3578 3190 3773 3247 ποιεῖν,
3803 3184 4032 3253 ἐξῆλθεν

2440 3278 2468 3328 ὁ
2504 3276 2755 3344 βασιλεὺς
2813 3280 2918 3341 ἔξω
2948 3279 3043 3331 τοῦ
3095 3279 3328 3349 Μαλιροῦ
3376 3280 3588 3349 τείχους
3635 3279 3772 3348 μετὰ
3824 3279 4031 3345 πολλῆς

2440 3369 2769 3440 δορυφορίας
2828 3371 3114 3442 βασιλικῆς
3170 3373 3264 3424 καὶ
3295 3370 3485 3440 δώρων
3517 3369 3728 3423 πολλῶν
3776 3370 4033 3438 μεγάλων

2442 3460 2807 3525 ὑποδέξασθαι
2848 3463 2939 3515 τὸν
2970 3465 3224 3528 Χαγάνον
3256 3468 3351 3516 καὶ
3379 3463 3564 3515 λαϐεῖν
3604 3464 3669 3516 τὰ
3701 3464 3870 3515 πιστὰ
3900 3481 4015 3531 παρ

2443 3554 2633 3607 αᾷτοῧ.
2704 3556 2763 3607 '0
2815 3554 2871 3607 δὲ
2922 3555 3208 3624 Βάρϐαρος
3240 3553 3324 3626 [Ρ.
3352 3554 3479 3626 409]
3520 3556 3619 3616 τάς
3652 3573 3710 3607 τε
3754 3556 4033 3625 συνθήκας

2442 3646 2718 3715 ἀθετήσας
2773 3645 3021 3708 καὶτοὺς
3050 3648 3249 3714 ὅρκους
3288 3646 3443 3713 ἄφνω
3490 3647 3834 3714 τυραννικῶς
3890 3664 4032 3699 κατι

2441 3735 2535 3788 τοῦ
2584 3735 2849 3805 βασιλέως
2893 3738 3193 3807 ἐχώρησεν.
3251 3737 3580 3803 Ἐκπλαγεὶς
3615 3737 3670 3787 δὲ
3703 3739 3730 3787 ὁ
3772 3736 4033 3805 βασιλεὺς

2442 3827 2519 3895 τῷ
2551 3828 2946 3897 ἀπροσδοκήτῳ
2987 3830 3165 3896 φυγὰς
3209 3830 3301 3880 ἐπὶ
3342 3830 3443 3895 τὴν
3488 3829 3641 3881 πόλιν
3692 3829 4032 3898 ὑπέστρεψε.

2445 3917 2642 3971 Λαϐὼν
2680 3918 2736 3971 δὲ
2782 3921 2811 3971 ὁ
2860 3919 3145 3990 Βάρϐαρος
3173 3922 3273 3991 τήν
3298 3938 3357 3973 τε
3392 3920 3676 3990 βασιλικὴν
3709 3924 4032 3988 ἀποσκευὴν

2443 4013 2539 4065 καὶ
2582 4012 2739 4074 ὅσους
2788 4013 3030 4082 ἠδυνήθη
3082 4012 3409 4066 καταλαϐεῖν
3459 4012 3810 4082 ὑπέστρνψε,
3855 4013 4030 4066 πολλα

2444 4104 2617 4173 χωρία
2639 4104 2739 4171 τῆς
2782 4105 3004 4173 Θρᾴκης
3029 4104 3361 4174 ληϊσάμενος
3395 4108 3459 4157 ὲκ
3480 4105 3574 4158 τοῦ
3603 4105 4030 4175 απροσδοκήτως

2444 4196 2724 4265 ἀπατῆσαι
2752 4200 2814 4265 τῇ
2849 4197 3025 4249 ἐλπίδι
3052 4198 3149 4263 τῆς
3188 4200 3434 4269 εἰρήνης.

2515 4290 2606 4358 Τῷ
2659 4296 2690 4342 ι’
2751 4290 2860 4341 ἔτει
2920 4290 3242 4359 Ἡράκλειος
3284 4292 3421 4360 πρὸς
3466 4290 3722 4358 Χαγάνον
3764 4291 4034 4362 πρέσϐεις

2444 4381 2768 4433 ἀπέστειλεν
2826 4382 3156 4451 ἓνεκαπερὶ
3202 4382 3310 4434 τῶν
3355 4383 3447 4435 ὑπ’
3496 4382 3665 4434 αὑτοῦ
3721 4384 4033 4451 γεγονότων

2445 4471 2701 4538 ἀθέσμων
2727 4472 2891 4535 Lunai.
2926 4473 3089 4526 πάλιν
3136 4474 3273 4544 πρὸς
3324 4475 3551 4543 εἰρήνην
3607 4476 3983 4547 προετρέπετο
4013 4491 4028 4508 ’

2373 4561 2869 4632 ῃὲπιστρατεῦσαι
2944 4565 3054 4633 γὰρ
3128 4565 3510 4635 διανοούμενος
3566 4568 3710 4619 κατά
3769 4568 4031 4638 Περσίδος

2440 4654 2750 4724 εἰρηνεύειν
2811 4655 2951 4725 μετὰ
3029 4656 3124 4708 τοῦ
3182 4657 3440 4724 Χαγάνου
3513 4657 3706 4726 ἤθελεν
3737 4697 3753 4721 ,
3820 4658 3880 4721 ὃς
3932 4662 4033 4711 καὶ

2440 4745 2706 4809 αἰδεσθεὶς
2737 4745 2834 4816 τὴν
2860 4746 2954 4799 τοῦ
2990 4746 3256 4816 βασιλέως
3283 4750 3507 4820 ἀγάπην
3538 4753 3821 4817 μετανοεῖν
3850 4752 4030 4820 ἐπηγ-

2438 4839 2660 4905 γέλλετο
2740 4840 2837 4892 καὶ
2900 4840 3125 4909 ἀγάπην
3178 4844 3388 4893 ποιεῖν·
3480 4844 3575 4894 καὶ
3640 4844 4033 4912 στοιχήσαντες

2440 4932 2627 4984 adma
2652 4930 3001 5000 ὑπέστρεψαν
3034 4932 3083 4984 οἱ
3117 4932 3376 5003 πρέσϐεις
3411 4934 3528 5002 μετ’
3555 4934 3807 5003 εἰρήνης.
3835 4934 4032 5004 Τούτῳ

2444 5024 2521 5091 τῷ
2575 5023 2686 5076 ἔτει
2729 5023 3042 5095 παρέλαϐον
3086 5026 3134 5077 οἰ
3181 5026 3391 5096 Πέρσαι
3456 5027 3679 5097 πολέμῳ
3753 5027 4032 5096 ’Δγκύραν

2444 5117 2731 5180 Γαλατίας.

2516 5210 2605 5279 Τῷ
2639 5217 2707 5262 ια’
2750 5210 2886 5274 ἔτει,
2930 5210 3255 5283 Ἡράκλειος
3308 5212 3472 5281 ζῆλον
3538 5211 3685 5265 θεῖον
3736 5211 3877 5283 ὑπὲρ
3913 5211 4029 5264 τῶν

2443 5303 2789 5372 Χριστιανῶν
2837 5303 3148 5369 ἀναλαϐὼν,
3193 5306 3333 5375 μετὰ
3375 5304 3489 5357 τῶν
3552 5303 3807 5374 ’Δϐάρων
3870 5306 4029 5376 εἰρη-

2440 5397 2661 5462 νεύσας,
2693 5397 2768 5459 ὡς
2797 5398 3040 5467 ἐνόμιζε,
3075 5398 3378 5468 μετήνεγκε
3408 5399 3477 5451 τά
3510 5399 3903 5468 στρατεύματα
3926 5399 4029 5467 τῆς

2442 5487 2713 5557 Εὐρώπης
2738 5488 2835 5540 ἐπὶ
2864 5490 2964 5556 τὴν
3004 5487 3213 5554 Ἀσίαν,
3250 5489 3346 5541 καὶ
3373 5488 3630 5542 διενοεῖτο
3659 5492 3726 5561 τῇ
3760 5488 3855 5542 τοῦ
3886 5490 4027 5544 Θεοῦ

2443 5580 2704 5651 συνεργία
2743 5581 2886 5634 κατὰ
2914 5581 3172 5652 Περσίδος
3199 5586 3416 5652 χωρεῖν.

2517 5672 2607 5741 Τῷ
2635 5672 2699 5740 ιβ’
2727 5672 2859 5739 ἔτει,
2891 5674 3061 5744 ἤγουν
3095 5674 3175 5744 τῷ
3201 5672 3377 5747 ,ςρλό
3396 5676 3505 5730 ἀπο
3533 5676 3764 5739 κτίσεως
3794 5677 4026 5745 κοσμου,

2451 5763 2581 5831 μηνὶ
2614 5763 2975 5836 Σεπτεμϐρίῳ
3002 5764 3073 5833 γ’,
3102 5767 3284 5837 ἡμέρα
3306 5774 3367 5832 ε’,
3394 5767 3611 5834 ἐγένετο
3640 5769 3899 5837 θεμάτιον
3920 5769 4030 5819 τιίιν

2450 5854 2778 5925 Σαέακηνῶν
2829 5857 2982 5927 παρὰ
3023 5858 3298 5927 Στεφάνου
3368 5859 3758 5930 Ἀλεξανδρέως
3817 5861 4027 5922 τούτοις
