4226 6444
218 404 323 470 785

1278 413 1323 469 Ii
1338 413 1355 469 I
1369 413 1751 472 STORIARU
1764 415 1814 472 Μ
1858 414 2242 477 COMPENDI
2256 414 2387 475 ΠΜ.

3374 358 3503 485 786.

220 520 602 581 κακιονίσαντος
639 519 909 589 κρατῆσαι
956 521 1013 573 ὲν
1051 521 1223 590 ίσχύει
1259 524 1355 590 μὲν
1383 526 1477 593 ἐτη
1516 524 1612 589 10’,
1645 528 1701 580 ὲν
1737 529 1815 579 δὲ’

1842 543 1862 591 t
1902 528 2067 582 nandi
2098 531 2312 583 ratione
2340 529 2669 582 vaticinatus
2697 537 2778 583 est
2813 527 2928 585 fore
2955 544 3146 584 eorum
3178 533 3476 600 potentiam

220 618 499 684 συστροφῇ
536 615 630 666 καὶ
666 616 1047 687 ἀκαταστασία
1078 618 1171 669 καὶ
1214 623 1468 687 συμφορᾷ
1508 620 1665 687 ’έτερα
1704 623 1793 689 ἔτη

221 706 328 773 νς-’,
354 708 426 770 ὡς
475 704 617 760 εἶναι
666 710 765 776 τὴν
794 709 1153 779 διακράτησιν
1184 712 1365 763 αὐτῶν
1400 712 1617 765 ἅπασαν
1648 714 1800 763 εὐτυ-

220 801 420 869 χοῦσαν
474 802 572 852 καὶ
604 801 980 870 δυστυχοῦσαν
1025 802 1121 870 ἐτη
1171 802 1299 868 τξε’,
1338 806 1392 855 ὲν
1426 804 1500 869 τῲ
1532 803 1572 868 ξ’
1619 808 1800 857 ἐνιαυ-

218 892 296 961 τῷ
332 893 469 961 (56).
505 893 649 949 καθά
689 911 822 962 φησι
863 896 957 947 καὶ
986 897 1013 947 ὁ
1049 897 1336 966 προφήτης
1377 897 1623 956 Ἡσαΐας·
1662 897 1800 950 Τάδε

221 987 368 1053 λέγει
398 985 602 1055 Κύριος
623 1002 637 1017 ο
675 988 799 1040 Ἔτι
843 987 1085 1049 ἐνιαυτὸς
1117 989 1190 1049 ὡς
1228 989 1407 1041 svum
1447 1008 1471 1051 ;
1503 990 1799 1058 μισθωτοῦ.

223 1078 316 1128 καὶ
348 1077 589 1144 ἐκλείψει
622 1078 656 1146 ὴ
686 1077 814 1141 δόξα
853 1078 1069 1147 Κηδὰρ,
1107 1080 1201 1131 καὶ
1234 1081 1294 1132 τὸ
1324 1082 1654 1133 κατάλοιπον
1692 1082 1802 1134 τῶν

220 1173 571 1239 τι-ίξευμὰτων
613 1172 744 1224 υἱῶν
784 1172 973 1243 Κηδὰρ
996 1174 1105 1225 τῶν
1150 1175 1387 1246 ἰσχυρῶν
1418 1175 1569 1228 ἔσται
1597 1177 1799 1243 ὀλίγον.

220 1265 412 1314 Λείπει
442 1263 536 1316 οὖν
553 1264 657 1326 ἕως
681 1264 779 1332 τῆς
798 1265 1001 1331 (57)...,
1024 1265 1119 1317 ἐὰν
1145 1267 1250 1336 ἄρα
1270 1267 1448 1327 καλῶς
1475 1268 1802 1336 ἐθεμὰτισεν

219 1358 247 1407 ὁ
278 1355 613 1426 ἀστρονόμος
640 1356 913 1423 Στέφανος
933 1372 947 1386 ο
984 1358 1097 1409 ἀλλ’
1128 1357 1202 1420 ὼς
1231 1354 1384 1427 οἶμαι
1424 1359 1620 1411 λεπτὸν
1655 1361 1799 1427 παχὺ

219 1447 413 1499 ἔλαθεν
453 1448 680 1501 ἐκεῖνον.
717 1448 837 1518 Χρὴ
863 1448 921 1501 δὲ
960 1448 1158 1502 εἰδέναι
1190 1451 1272 1502 ὅτι
1330 1453 1358 1504 ὁ
1405 1452 1592 1520 Κηδὰρ
1630 1452 1808 1503 δεύτε-

223 1556 318 1605 ρος
355 1540 469 1603 υἱὸς
495 1538 591 1592 τοῦ
637 1539 861 1609 ἰσμαὴλ
892 1534 980 1607 ἦν.
1014 1540 1198 1610 Τούτῳ
1243 1542 1322 1611 τῷ
1376 1543 1486 1595 ἔτει
1524 1544 1746 1606 τελέσας
1779 1547 1805 1595 δ

219 1630 477 1698 βασιλεὺς
516 1630 838 1701 Ἡράκλειος
871 1632 970 1699 τὴν
1000 1632 1193 1703 ἑορτὴν
1232 1633 1327 1686 τοῦ
1361 1635 1571 1701 Πάσχα,
1601 1634 1806 1695 ευθέως

222 1726 289 1790 τῇ
323 1723 553 1791 δευτέρα
596 1722 812 1793 ἑσπέρα
860 1724 1078 1791 ἐκίνησε
1114 1725 1258 1777 κατὰ
1312 1725 1594 1797 Περσίδος,
1624 1724 1805 1777 λαϐὼν

222 1815 333 1867 ἀπὸ
366 1815 477 1866 τῶν
507 1814 724 1881 εὐαγῶν
761 1816 927 1869 οἴκων
969 1819 1063 1869 καὶ
1112 1816 1418 1885 ἐκκλησιῶν
1464 1818 1723 1888 χρήματα
1750 1818 1805 1869 ἐν

221 1908 417 1976 ὀανείῳ
447 1908 700 1979 (ἀπορίαν
740 1909 849 1979 γὰρ
885 1904 997 1979 εἶχε
1029 1909 1092 1963 τδ
1154 1910 1450 1963 παλάτιον·
1500 1910 1593 1962 καὶ
1635 1910 1807 1963 ταῦτα

225 1998 462 2067 ἐχάραξε
496 2000 807 2070 νομίσματα
843 2002 937 2053 καὶ
971 2001 1323 2072 μιλιαρίσια),
1369 2002 1685 2055 καταλιπὼν
1716 2003 1808 2055 τὸν

226 2089 356 2141 ἴδιον
391 2088 505 2141 υίδν
541 2090 639 2141 σὺν
667 2088 745 2158 τῷ
780 2091 1094 2160 πατριάρχῃ
1131 2091 1343 2160 Σεργίῳ
1376 2091 1432 2141 ὲν
1464 2090 1812 2141 Κωνσταντι-

225 2179 481 2232 νουπὸλει
520 2179 742 2234 διοικεῖν
781 2182 849 2233 τὰ
889 2182 1210 2251 πράγματα,
1263 2182 1359 2234 σὺν
1413 2182 1559 2249 Βόνῳ
1590 2179 1703 2249 (38)
1733 2180 1810 2249 τῷ

228 2273 525 2341 πατρικίῳ,
556 2273 708 2343 ἀνδρὶ
738 2274 989 2344 ἐχέφρονι
1026 2276 1117 2327 καὶ
1148 2275 1215 2329 τὰ
1254 2276 1431 2328 πάντα
1467 2271 1668 2342 συνετῷ
1716 2272 1809 2326 καὶ

228 2367 637 2435 πεπειραμένῳ.
677 2366 926 2435 Ἔγραψε
972 2366 1029 2420 δὲ
1081 2367 1174 2419 καὶ
1220 2368 1357 2437 πρὸς
1407 2367 1499 2418 τὸν
1557 2365 1810 2432 Χαγάνον

226 2455 604 2524 παρακλήσεις
626 2454 718 2507 τοῦ
750 2457 1063 2525 ἐπικουρεῖν
1094 2457 1161 2510 τὰ
1182 2457 1290 2508 τῶν
1320 2455 1607 2526 Ῥωμαίων
1632 2454 1809 2524 πράγ-

231 2561 380 2611 ματα
413 2545 485 2607 ὡς
519 2543 603 2616 [Ρ.
649 2544 776 2616 410]
811 2546 994 2614 φιλίαν
1032 2546 1397 2617 σπεισάμενον
1440 2545 1578 2614 πρὸς
1619 2544 1807 2607 αὑτὸν,

230 2637 324 2685 καὶ
366 2636 665 2705 ἐπίτροπον
694 2636 787 2689 τοῦ
840 2637 970 2690 ίδίον
1006 2636 1125 2690 υἱοῦ
1160 2637 1349 2689 τοῦτον
1396 2636 1705 2704 ὠνόμασεν.
1752 2635 1810 2686 '0

230 2728 482 2796 Χοσρόης
508 2730 563 2781 δὲ
591 2730 735 2799 Σάην
756 2730 845 2783 τὸν
865 2730 1110 2799 ἡγεμόνα
1141 2730 1279 2800 μετὰ
1300 2729 1499 2797 πολλῆς
1526 2728 1813 2796 δυνάμεως

227 2816 367 2869 κατὰ
401 2817 690 2886 Ῥωμαίων
713 2818 1035 2881 ἀποστείλας
1055 2820 1233 2873 πᾶσαν
1256 2818 1353 2888 τὴν
1370 2815 1659 2886 Ἀνατολὴν
1674 2817 1815 2885 ἠφά-

227 2925 398 2965 νισεν.
444 2909 641 2961 Ἐλθὼν
670 2910 725 2961 δὲ
749 2911 807 2961 ἐν
825 2910 1130 2979 Χαλκηδόνι
1151 2911 1336 2962 ἰκανὸν
1352 2910 1543 2979 χρόνον
1567 2911 1810 2980 παρεκά-

226 3002 395 3053 θισεν.
413 3003 509 3063 Ὃς
537 3002 627 3054 τὸν
660 3002 980 3072 Ἡράκλειον
1007 3002 1122 3069 μεθ’
1143 3001 1482 3071 ὑποκρίσεως
1510 3002 1813 3072 προσκαλε-

222 3093 463 3161 σάμενος
494 3093 562 3145 τὰ
591 3093 725 3162 πρὸς
759 3094 981 3163 εἰρήνην
1010 3092 1286 3161 ὡμίλησεν
1305 3109 1319 3121 ·
1353 3096 1381 3145 ὁ
1404 3093 1461 3144 δὲ
1488 3097 1597 3156 τοῖς
1624 3093 1819 3157 δολίοις

1906 636 1968 673 ac
1994 620 2427 674 dominationem
2450 620 2683 673 validam
2718 637 2813 690 per
2835 637 3008 678 annos
3030 624 3154 684 509',
3191 622 3317 677 inde
3342 624 3478 678 alios

1903 711 1969 764 515
1998 725 2115 764 eam
2143 710 2338 775 turbis,
2366 710 2689 765 tumultibus
2711 725 2774 764 ac
2799 711 3204 766 calamitatibus
3228 722 3478 767 vexatum

1902 803 1992 855 iri.
2020 801 2223 856 Rerum
2260 801 2440 871 itaque
2468 817 2564 857 eos
2588 801 2857 869 potituros
2883 817 3057 855 annos
3083 802 3135 855 in
3162 803 3480 856 universum

1906 903 2139 964 utraque
2198 894 2413 948 fortuna
2468 893 2591 948 565.
2657 893 2711 946 In
2746 909 2891 948 anno
2922 894 3012 957 (ἄη,
3045 893 3188 947 sicut
3228 901 3282 947 et
3328 904 3481 946 vates

1905 987 2075 1042 Isaias
2120 988 2450 1057 przenuntiat
2499 1006 2512 1041 :
2551 987 2660 1041 Ilnc
2687 988 2830 1041 fatur
2862 986 3125 1039 Dominus
3162 1003 3176 1038 :
3209 999 3479 1039 annorum

1908 1094 2124 1133 summa
2154 1079 2281 1142 erit,
2304 1089 2506 1146 quanta
2546 1086 2630 1132 est
2658 1093 2803 1131 anno
2835 1078 3178 1131 mercenarii.
3212 1074 3349 1129 Tum
3369 1077 3484 1145 glo—

1910 1172 1987 1224 ria
2036 1169 2268 1223 Cedaris
2326 1169 2605 1232 interibit,
2654 1170 2972 1237 exiguaeque
3018 1178 3180 1222 erunt
3240 1167 3485 1237 reliquiae

1904 1259 2306 1328 jacnlationum
2339 1260 2464 1314 ﬁliis
2491 1260 2718 1315 Cedaris
2748 1259 2991 1313 robustis
3024 1258 3088 1312 ¹³.
3125 1260 3329 1313 Desunt
3354 1275 3485 1328 ergo

1909 1368 2081 1421 usque
2098 1351 2235 1406 ad...
2256 1351 2524 1420 siquidem
2545 1351 2853 1420 astrologus
2869 1351 2958 1405 ille
2974 1350 3287 1418 Stephanus
3306 1353 3487 1404 thema

1910 1431 2153 1510 legitime
2210 1441 2519 1497 constituit.
2579 1440 2901 1509 Quanquam
2959 1456 3078 1495 mea
3139 1442 3242 1494 fert
3300 1441 3488 1509 Opinio

1910 1537 2198 1591 aberrasse
2221 1552 2344 1590 eum
2380 1535 2641 1605 scrupulo
2666 1534 2825 1589 valde
2853 1550 3073 1604 magno.
3111 1534 3275 1591 Noris
3301 1543 3484 1590 autem

1909 1631 2171 1683 Cctlarcm
2209 1627 2514 1684 secundum
2547 1644 2673 1683 esse
2704 1627 2918 1682 lsmaeli
2953 1630 3149 1684 ﬁlium.
3188 1627 3303 1683 Hoc
3341 1643 3488 1682 anim

1912 1723 2201 1778 lleraclius
2241 1722 2601 1776 solemnitate
2662 1721 2947 1775 Paschatis
2997 1732 3245 1791 peracta,
3300 1722 3486 1780 statim

1913 1815 2177 1884 postridie
2232 1815 2336 1869 sub
2384 1812 2666 1882 vesperam
2727 1814 2992 1870 adversus
3047 1813 3246 1869 Persas
3295 1816 3485 1869 movit.

1842 1889 1879 1939 Β
1913 1911 2157 1979 Sumpsit
2190 1911 2257 1963 ad
2287 1924 2404 1963 eam
2440 1909 2837 1977 expeditionem
2884 1908 2950 1961 de
2980 1907 3235 1962 domibus
3266 1907 3488 1976 religio-

1911 2003 1989 2057 sis
2027 2014 2080 2057 et
2108 2004 2327 2073 templis
2363 2009 2609 2056 mutuam
2637 2002 2945 2070 pecuniam,
2974 2000 3106 2054 ﬁsco
3138 2000 3489 2068 imperatoris

1912 2097 2091 2161 inopia
2148 2106 2259 2150 tum
2306 2094 2624 2161 laborante;
2679 2102 2734 2148 et
2781 2109 2847 2147 ex
2903 2107 2966 2146 ea
3000 2091 3153 2146 cudit
3208 2099 3486 2145 monetam

1911 2189 2077 2259 718
2121 2196 2176 2242 et
2228 2188 2538 2242 miliarisia.
2590 2186 2669 2240 Ad
2713 2186 2904 2240 urbem
2949 2184 3118 2239 ﬁlium
3156 2200 3317 2240 suum
3363 2200 3485 2238 cum

1913 2280 2104 2350 Sergio
2137 2280 2450 2350 patriarcha
2484 2278 2709 2348 reliquit
2752 2278 2911 2332 rebus
2943 2276 3341 2348 gubernandis.
3390 2276 3488 2328 ad-

1911 2372 2027 2426 dito
2049 2370 2200 2423 Bono
2225 2370 2479 2437 patricio,
2513 2370 2632 2423 viro
2655 2370 2880 2423 cordato
2906 2370 3162 2437 variaque
3195 2368 3486 2439 prudentia

1911 2472 1964 2517 et
2016 2477 2117 2517 usu
2176 2477 2356 2515 rerum
2413 2461 2707 2515 instructo.
2745 2460 3063 2529 Chaganum
3117 2475 3339 2530 quoque
3392 2476 3486 2531 per

1913 2554 2124 2607 litteras
2165 2553 2416 2607 hortatus
2450 2560 2537 2607 est
2582 2552 2644 2605 ad
2677 2552 3057 2622 opitulandum
3094 2553 3257 2610 rebus
3286 2551 3490 2606 Ruina-

1913 2646 2019 2706 nis,
2060 2655 2117 2699 ut
2141 2660 2265 2698 cum
2304 2660 2414 2713 quo
2451 2643 2769 2699 societatem
2803 2644 3093 2709 ﬁrmasset,
3125 2660 3358 2715 eumque
3390 2644 3486 2697 ﬁlii

1912 2740 1998 2795 sui
2020 2748 2254 2793 tutorem
2284 2737 2598 2807 appellavit.
2637 2737 2855 2791 Interim
2885 2738 3015 2790 Saos
3041 2750 3070 2788 a
3100 2736 3341 2791 Cbosroe
3360 2742 3483 2790 cum

1916 2848 2113 2901 magno
2134 2832 2378 2886 exercitu
2412 2838 2608 2885 contra
2636 2829 2917 2884 Romanos
2943 2831 3145 2884 missus
3169 2830 3483 2883 universum

1915 2925 2193 2979 Orientem
2227 2932 2434 2988 vastat;
2483 2936 2719 2990 cumque
2763 2922 2829 2975 ad
2860 2920 3261 2976 Chalcedonem
3311 2936 3487 2988 usque

1920 3014 2285 3084 pervenisset,
2337 3013 2408 3066 ibi
2466 3011 2786 3080 aliquandiu
2847 3011 3070 3066 assedit.
3129 3009 3272 3064 Idem
3313 3008 3488 3064 Hera-

1912 3105 2079 3157 clium
2139 3104 2397 3159 simulata
2445 3101 2847 3171 paciﬁcationis
2901 3115 2996 3169 spe
3043 3100 3108 3153 ad
3151 3098 3488 3168 colloquium

224 3182 407 3251 ὶόγοις
428 3184 721 3248 πιστεύσας
761 3184 925 3236 αὐτοῦ
956 3185 1228 3253 ἐκπέμπει
1253 3184 1347 3236 σὺν
1377 3184 1527 3253 αὐτῷ
1558 3185 1814 3252 πρέσϐεις

1842 3221 1881 3274 C
1917 3196 1997 3251 de'
2031 3194 2209 3264 pactis
2254 3194 2521 3249 invitavit.
2568 3194 2633 3247 Et
2684 3193 2980 3263 imperator
3024 3192 3148 3247 Sais
3200 3189 3490 3245 fallacibus

228 3278 559 3359 μεγιστᾶνας
582 3278 715 3348 πρὸς
744 3277 987 3346 Χοσρόην
1009 3283 1071 3339 o',
1102 3275 1193 3339 οὓς
1219 3275 1551 3347 παραλαϐὼν
1582 3278 1809 3347 ἀτίμους

230 3370 321 3419 καὶ
360 3369 620 3436 δεσμίους
667 3370 957 3438 ἀπήγαγεν
992 3370 1049 3420 ὲν
1087 3370 1325 3439 Περσίδι.
1374 3370 1431 3423 'U
1469 3370 1523 3422 δὲ
1564 3371 1809 3440 Χοσρόης

229 3459 316 3516 τὸν
350 3462 456 3529 μὲν
487 3462 631 3529 Σὰην
664 3460 739 3523 ὡς
758 3462 848 3514 τὸν
883 3460 1203 3531 Ἡράκλειον
1239 3461 1421 3539 ἰδόντα
1451 3462 1545 3514 καὶ
1584 3461 1657 3533 μὴ
1687 3461 1810 3513 συλ-

230 3551 469 3607 λαὸόντα
510 3553 803 3622 ἐκδαρῆναι
845 3553 1120 3616 ἐκέλευσε,
1155 3554 1282 3616 τοὺς
1326 3553 1382 3605 δὲ
1451 3552 1711 3624 πρέσϐεις
1751 3555 1810 3606 ἐν

230 3646 503 3713 φρουραῖς
554 3644 649 3696 καὶ
705 3644 1023 3712 κακουχίαις
1072 3643 1428 3697 κατεδίκασεν
1460 3662 1473 3675 ⁸
1531 3645 1673 3715 ὑπὲρ
1737 3638 1812 3699 ὧν

228 3737 445 3806 ἀθυμία
473 3738 568 3789 καλ⁵
594 3736 772 3805 θλίψις
808 3737 979 3806 πολλὴ
1014 3738 1248 3807 κατέσχε
1274 3739 1365 3790 τδν
1399 3735 1641 3807 βασιλέα.
1677 3734 1812 3793 Εἶτα

230 3829 393 3881 πάλιν
455 3825 706 3896 Χοσρδης
760 3827 1080 3879 ἀπέστειλεν
1147 3827 1333 3895 ἕτερον
1373 3827 1609 3897 ἄρχοντα
1668 3829 1811 3882 κατὰ

241 3918 561 3987 ’1)ωμαίων,
611 3918 840 3987 ὀνόματι
898 3919 1201 3990 Σάρϐαρον,
1244 3920 1302 3983 ὃς
1364 3921 1504 3989 μετὰ
1554 3920 1814 3988 πλείστης

227 4013 518 4081 δυνάμεως
564 4007 695 4083 ἦλθε
751 4012 889 4081 πρὸς
939 4012 1039 4083 τὴν
1100 4013 1306 4078 Ἀσίαν,
1357 4014 1456 4084 τὴν
1505 4015 1813 4084 Ῥωμανίαν

231 4106 582 4175 ληϊζόμενος,
630 4104 687 4157 '0
720 4103 775 4156 δὲ
802 4104 1057 4170 βασιλεὺς
1094 4106 1417 4175 βουλόμενος
1456 4106 1591 4175 πρὸς
1621 4108 1817 4178 Περσί-

226 4196 292 4249 δα
330 4198 538 4265 χωρεῖν
561 4194 684 4248 τάδε
717 4196 851 4265 πρὸς
875 4197 966 4248 τὴν
992 4196 1334 4266 πατριάρχην
1356 4196 1484 4267 ἔφη’
1515 4198 1608 4260 El;
1630 4199 1816 4269 χεῖρας

233 4287 328 4341 τοῦ
360 4287 529 4351 Θεοῦ,
566 4288 658 4339 καὶ
684 4286 784 4354 τῆς
810 4286 1177 4357 Θεομητέρος,
1219 4290 1312 4341 καὶ
1342 4289 1435 4341 σοῦ
1488 4289 1691 4358 ἀφίημι
1719 4290 1817 4357 τὴν

235 4380 392 4432 πόλιν
442 4377 653 4448 ταύτην
707 4378 804 4429 καὶ
852 4378 944 4429 τὸν
1000 4378 1114 4428 υἱόν
1150 4394 1272 4447 μου.
1312 4378 1421 4430 Καὶ
1452 4378 1709 4431 εἰσελθὼν
1737 4380 1818 4442 εἰς

234 4472 332 4539 τὴν
373 4470 644 4538 Μεγάλην
691 4468 1037 4537 Ἐκκλησίαν,
1073 4469 1279 4538 μέλανα
1315 4470 1635 4537 ὑποδήματα
1665 4488 1818 4541 περι-

1921 3287 2102 3341 verbis
2141 3286 2403 3355 deceptus
2451 3286 2621 3338 mittit
2665 3300 2788 3339 cum
2836 3299 2901 3338 eo
2951 3284 3021 3338 '70
3064 3281 3133 3338 de
3166 3282 3492 3352 proceribus

1918 3376 2036 3430 suis
2072 3377 2280 3444 legatos
2316 3375 2381 3428 ad
2416 3374 2738 3437 Cbosroem,
2771 3389 2911 3442 quos
2949 3373 3084 3427 Saes
3113 3372 3325 3426 vinctos
3362 3386 3487 3425 cum

1918 3463 2251 3517 contumelia
2311 3463 2365 3516 in
2408 3461 2689 3517 Persidem
2746 3461 2994 3516 abduxit.
3054 3460 3161 3516 Sed
3216 3462 3494 3516 Chosroes

1921 3557 2035 3621 Sai,
2067 3555 2212 3627 quod
2252 3554 2564 3610 Ilcraclium
2612 3554 2843 3608 vidisset
2882 3568 3058 3622 neque
3090 3554 3347 3622 cepisset,
3391 3568 3491 3607 cu-

1923 3657 2029 3703 tem
2072 3648 2306 3711 detrahi,
2354 3650 2562 3716 legatos
2607 3645 2888 3700 Itomauos
2926 3646 2979 3699 in
3032 3646 3338 3700 custodiam
3372 3644 3493 3699 dari

1922 3740 2172 3808 maleque
2229 3740 2453 3794 tractari
2508 3738 2698 3807 jussit.
2745 3738 2925 3791 Alium
2970 3738 3169 3792 deinde
3231 3739 3496 3792 adversus

1923 3832 2199 3887 Romanos
2239 3834 2435 3887 ducem
2489 3832 2721 3894 emittit,
2763 3831 2980 3884 nomine
3030 3831 3352 3886 Sarbarum.
3389 3829 3497 3897 Qui

1922 3925 2175 3978 maximis
2214 3938 2339 3977 cum
2376 3923 2551 3992 copiis
2581 3922 2767 3976 Asiam
2802 3923 3086 3989 ingressus
3118 3919 3494 3975 Romanorum

1922 4016 2162 4070 ditiones
2215 4013 2559 4083 depraedatus
2622 4024 2727 4067 est.
2795 4013 3065 4067 Caeterum
3116 4009 3403 4065 IIeraclius
3439 4011 3495 4064 in

1924 4106 2201 4163 Persidem
2261 4106 2439 4160 iturus
2498 4105 2571 4157 ita
2625 4104 2916 4172 compellat
2975 4101 3346 4172 patriarcham
3383 4118 3396 4153 :
3436 4101 3492 4155 In

1923 4198 2179 4253 manibus
2214 4195 2331 4260 Dei,
2354 4194 2595 4263 Deiparae
2625 4204 2681 4249 et
2717 4195 2828 4248 tuis
2856 4193 3109 4262 relinquo
3133 4192 3322 4247 urbem
3352 4191 3496 4248 banc

1923 4296 1976 4344 et
2015 4288 2185 4342 ﬁlium
2218 4301 2420 4341 meum.
2456 4285 2589 4340 Inde
2620 4299 2877 4352 magnum
2908 4284 3165 4352 templum
3192 4284 3498 4355 ingressus,

1923 4387 2133 4433 atratus
2166 4377 2405 4441 calceos,
2438 4389 2647 4446 pronus
2687 4375 2998 4442 procubuit,
3042 4374 3225 4443 itaque
3259 4384 3345 4427 est
3375 4388 3501 4442 pre-

1925 4481 2078 4526 catus
2108 4488 2119 4525 :
2152 4468 2380 4522 Domine
2407 4465 2569 4530 Deus,
2595 4478 2645 4521 et
2665 4465 2792 4520 Jcsu
2824 4466 3076 4527 Christe,
3101 4481 3170 4520 ne
3200 4481 3301 4520 nos
3331 4480 3499 4535 prep-

234 4558 543 4625 ϐαλόμενος
569 4559 664 4609 καὶ
688 4558 900 4628 πρηνὴς
925 4558 1103 4610 πεσὼν
1131 4556 1334 4627 ηὔξατο
1359 4558 1553 4621 οὕτως’
1575 4562 1816 4615 Δέσποτα

1855 4578 1898 4635 υ
1929 4571 2010 4615 tcr
2056 4567 2283 4630 peccata
2315 4567 2501 4615 nostra
2544 4558 2799 4613 hostibus
2854 4558 2964 4613 tuis
3006 4556 3316 4612 irridendos
3358 4572 3499 4626 pra:-

235 4649 359 4713 Θεὲ,
404 4648 505 4701 καὶ⁵
528 4648 701 4718 Κύριε
744 4647 918 4718 Ἰησοῦ
944 4649 1167 4715 Χριστὲ.
1192 4650 1267 4719 μὴ
1288 4651 1542 4721 παραδῷς
1567 4654 1710 4720 ἡμᾶς
1742 4654 1819 4716 είς

234 4742 440 4802 ὄνειδος
487 4742 603 4801 τοῖς
649 4739 862 4808 ἐχθροῖς
911 4755 1004 4791 σου
1038 4739 1125 4793 διὰ
1174 4740 1275 4803 τὰς
1329 4743 1603 4811 ἁμαρτίας
1641 4743 1822 4811 ἡμῶν,

233 4831 349 4883 ἀλλ’
385 4829 697 4898 ἐπιϐλέψας
729 4829 974 4899 ἐλέησον,
1013 4831 1108 4884 κα)⁸
1145 4832 1244 4900 τὴν
1291 4834 1433 4888 κατὰ
1463 4835 1570 4885 τιῖιν
1614 4831 1823 4903 ἐχθρῶν

242 4939 339 4974 σου
372 4924 543 4991 νίκην
588 4922 675 4984 δὸς
726 4922 879 4991 ἡμῖν,
910 4922 1060 4987 ὅπως
1111 4925 1184 4993 μὴ
1218 4928 1582 4995 καυχήσονται
1613 4926 1663 4978 οἱ
1694 4925 1825 4978 ἀλά-

241 5030 435 5083 στορες
484 5014 629 5067 κατὰ
660 5013 759 5082 τῆς
803 5015 900 5084 σῆς
930 5015 1291 5086 κληρονομίας
1321 5018 1692 5089 ἐπαιρόμενοι.
1730 5021 1825 5073 ’Ὀν

242 5104 365 5157 ἰδὼν
385 5105 665 5174 Γεώργιος
691 5106 719 5156 ὁ
745 5107 999 5176 Πισσίδης
1019 5110 1156 5175 μετὰ
1180 5109 1433 5178 τοιαύτης
1451 5109 1830 5173 ταπεινώσεως

240 5197 383 5266 ἔση-
416 5194 492 5251 Ὧ
528 5196 776 5265 βασιλεῦ,
817 5199 1165 5269 μελεμσαφὲς
1197 5202 1409 5255 πέδιλον
1441 5202 1642 5265 εἱλίξας
1674 5203 1829 5268 πόδα,

241 5288 440 5357 βάρεις
476 5289 715 5359 ἐρυθρὸν
754 5291 1044 5361 Περσικῶν
1101 5294 1160 5360 ἐξ
1214 5295 1480 5363 αἱμάτων.
1541 5293 1734 5346 Λαϐὼν
1777 5296 1830 5346 δε

313 5429 355 5460 ⁸³
396 5428 507 5483 Isa.
542 5441 657 5481 xm
696 5426 777 5480 IG.

1931 4658 2061 4711 beas
2101 4673 2115 4709 :
2156 4654 2250 4709 sed
2295 4645 2509 4707 intuere
2545 4651 2709 4722 719
2740 4654 2793 4705 in
2844 4666 2944 4706 nos
2976 4666 3041 4704 ac
3076 4651 3337 4705 miserere
3375 4664 3503 4703 nos-

1930 4757 2094 4811 trum,
2133 4760 2198 4799 ac
2231 4744 2516 4799 victoriam
2561 4743 2630 4797 de
2677 4743 2927 4796 hostibus
2969 4741 3079 4796 tuis
3130 4740 3396 4806 concede,
3436 4756 3504 4795 nc

1930 4837 2231 4905 glorientur
2285 4832 2534 4888 scelerati
2586 4842 2640 4885 et
2692 4840 2799 4885 tuae
2856 4833 3126 4886 insultent
3158 4830 3497 4890 haereditati.

1932 4929 2089 4983 llunc
2132 4929 2206 4982 ita
2234 4926 2418 4981 animo
2452 4925 2693 4980 demisso
2735 4932 2982 4991 orantem
3012 4923 3211 4977 videns
3234 4922 3502 4992 Georgius

1934 5018 2260 5075 l’issidensis
2293 5019 2368 5072 ita
2400 5017 2670 5072 allocutus
2693 5026 2811 5070 est:
2884 5038 2887 5045 ·

2070 5134 2296 5203 Nigrum
2334 5134 2620 5201 imperator
2640 5148 2774 5184 nunc
2801 5130 2981 5203 indute
3014 5131 3269 5192 catcettm,

2074 5201 2405 5273 Rubelacies,
2443 5207 2660 5256 tinctum
2691 5216 2875 5255 cruore
2905 5201 3137 5255 Persico.

1934 5296 2059 5351 hnle
2107 5293 2388 5350 Heraclius
2422 5296 2477 5349 in
2512 5308 2709 5349 manus
2748 5300 2965 5362 sumpta
2998 5291 3199 5346 Christi
3242 5291 3499 5360 imagine,

1421 5520 1773 5575 XYLANDI’J
1814 5519 1899 5576 ΕΤ
1930 5520 2138 5576 (ΞΟᾹΒΙ
2174 5519 2403 5574 NOTAE.

314 5614 433 5679 (36)
467 5613 659 5667 Locus
688 5611 914 5666 mutilus
946 5620 999 5665 et
1028 5611 1352 5667 divinaloris
1370 5628 1553 5680 egens.
1589 5614 1718 5667 Xu.

313 5682 867 5761 (57;_|.ibt:arius_i_u
916 5683 1159 5761 margine
1206 5686 1461 5761 ascripsit
1509 5687 1827 5761 :“th'qtéov

244 5752 347 5819 εως
398 5752 559 5831 πότε,
600 5752 847 5831 ὃτι-,οὑδὲ
907 5753 985 5812 εἰς
1026 5754 1085 5804 τὸ
1137 5754 1470 5831 ἀντίγραφον
1534 5752 1711 5809 ἔχειτό
1778 5773 1828 5805 τι

251 5830 375 5896 περὶ
411 5826 638 5878 τούτου.
676 5820 803 5874 Χγι..

2009 5615 2119 5683 (58)
2182 5613 2272 5667 Sic
2324 5620 2408 5666 est
2465 5620 2517 5665 et
2559 5611 2699 5679 apud
2750 5610 3054 5683 Zonaram;
3100 5623 3153 5664 et
3200 5610 3250 5661 in
3304 5611 3507 5675 margi-

1939 5681 2023 5806 tlie‘
2064 5685 2235 5804 nosgri
2299 5684 2506 5739 codicis
2560 5698 2657 5751 pro
2725 5681 2935 5739 Βονόσω
2992 5690 3105 5735 erat
3179 5686 3513 5738 annotatqu

1967 5759 2107 5806 ἲόνω.
2195 5769 2272 5806 t‘L.

1967 5774 2107 5825 δονῳ.
2147 5774 2272 5806 Ᾱὶιη
