4226 6444
723 400 823 460 737

1988 393 2305 452 GEORGII
2352 393 2687 452 CEDRENI

3884 390 4000 456 788

723 526 886 580 quam
909 512 1027 566 sine
1052 524 1308 562 manuum
1334 523 1495 577 opera
1520 506 1752 562 eﬂictam
1785 522 1953 578 supra
1983 506 2301 567 retulimus,

2417 508 2552 571 μετὰ
2582 510 2771 576 χεῖρας
2802 505 2902 575 τὴν
2947 504 3274 575 θεανδρικὴν
3320 504 3738 575 ἀχειροποίητον
3777 508 3999 575 μορφὴν

722 604 998 658 Euxinum
1048 617 1196 655 mare
1234 601 1500 655 adversus
1539 598 1739 655 Persas
1790 598 2088 669 navigavit.
2133 598 2303 651 ascis-

721 714 855 753 cens
906 695 1213 750 Turcorum
1266 704 1320 750 et
1377 694 1610 748 aliarutn
1664 692 1952 748 nationum
2007 690 2303 744 auxiliares

722 791 929 860 copias.
979 788 1037 843 In
1088 790 1283 843 itinere
1330 803 1394 841 ex
1449 787 1712 843 Romanis
1767 785 2069 855 provinciis
2114 783 2302 851 capias

722 881 1024 944 contraxit.
1076 897 1219 936 novo
1262 881 1429 934 etiam
1485 883 1689 949 scripto
1722 880 1994 934 exercitu.
2048 876 2207 930 llune
2235 876 2301 928 ad

724 989 963 1045 pugnam
988 974 1259 1038 exercuit,
1292 975 1345 1027 in
1382 972 1520 1027 duas
1555 973 1789 1026 divisum
1820 972 1987 1031 acies,
2019 968 2305 1022 mandato-

721 1083 828 1132 que
867 1076 925 1120 ut
951 1068 1245 1121 incruento
1268 1066 1734 1132 congrederentur
1763 1064 1969 1132 prmlio,
1998 1063 2300 1115 clamorem

722 1159 1016 1213 militarem
1059 1174 1123 1213 ac
1169 1172 1385 1229 paeanas
1414 1166 1467 1210 et
1497 1158 1788 1226 strepitum
1824 1156 2083 1220 ederent;
2127 1167 2305 1221 eoque

723 1252 939 1304 animos
969 1265 1160 1305 eorum
1191 1249 1471 1314 excitavit,
1498 1257 1559 1301 ut
1590 1264 1655 1302 ne
1685 1261 1877 1318 pugnae
1909 1254 2154 1313 tempore
2189 1260 2304 1297 rem

723 1343 1049 1398 insolentem
1083 1344 1561 1402 exhorrescerent,
1588 1341 1696 1394 sed
1746 1340 1931 1393 hostes
1965 1338 2224 1392 audacter
2252 1346 2308 1389 et

720 1437 882 1506 quasi
914 1434 1105 1490 ludum
1138 1444 1361 1505 agentes
1392 1434 1845 1504 aggrederentur.
1883 1430 2007 1500 Ipse
2041 1446 2308 1484 veneran-
2356 1456 2359 1463 ν

722 1524 847 1576 dam
881 1523 1030 1577 illam
1067 1523 1273 1578 Christi
1310 1525 1597 1593 imaginem
1634 1522 1890 1575 manibus
1920 1530 2116 1575 tenens
2138 1528 2307 1575 certa-

722 1615 871 1669 mina
921 1616 1187 1685 princeps
1222 1616 1429 1679 obibat,
1474 1614 1577 1669 ﬁde
1618 1614 1744 1667 data
1788 1612 2125 1666 multitudini
2180 1625 2306 1680 pro:

725 1709 957 1763 mittens
990 1722 1051 1762 se
1081 1708 1215 1776 ipsis
1246 1707 1314 1761 ad
1355 1718 1586 1761 mortem
1617 1720 1795 1774 usque
1838 1704 1893 1758 in
1925 1719 2105 1775 pugna
2149 1704 2309 1757 adfu-

726 1812 927 1865 t-urum,
952 1816 1158 1871 eosque
1190 1799 1687 1855 instarliberorum
1714 1805 2016 1853 tutaturum
2047 1812 2062 1848 :
2094 1796 2309 1851 volebat

724 1895 871 1948 enim
908 1895 1197 1964 imperium
1246 1894 1433 1963 potius
1475 1892 1661 1946 favore
1694 1904 1859 1959 quam
1896 1897 2041 1943 metu
2079 1902 2306 1943 suorum

726 1987 989 2041 stabiliri.
1028 1986 1166 2040 Cum
1213 1994 1396 2039 autem
1440 1986 1494 2039 in
1544 1984 1792 2038 exercitu
1832 1982 2098 2052 reperiret
2129 1979 2312 2035 omnia

732 2088 938 2145 metus,
971 2078 1379 2133 dissensionum
1408 2075 1862 2144 confusionisque
1896 2075 2080 2144 plena,
2110 2089 2234 2129 eum
2260 2074 2311 2125 in

730 2172 933 2226 multas
967 2181 1093 2225 ante
1125 2180 1307 2241 partes
1334 2170 1665 2238 dissipatum
1700 2168 2029 2237 compendio
2061 2167 2226 2235 720
2257 2165 2310 2217 in

732 2280 901 2317 unum
952 2265 1191 2331 collegit,
1224 2264 1601 2329 eorrectisque
1638 2262 1873 2314 militum
1921 2260 2121 2314 animis
2169 2258 2311 2311 tidu-

728 2355 869 2408 ciam
899 2355 1068 2417 auxit,
1099 2364 1153 2409 et
1184 2355 1237 2409 in
1269 2354 1541 2408 Barbaros
1566 2352 1949 2412 inﬂammavit.
1979 2353 2229 2406 hortatus
2256 2359 2313 2404 ut

734 2447 1005 2514 '.njustitia
1038 2448 1322 2517 repudiata
1346 2448 1602 2517 pietatem
1633 2447 1900 2500 colerent.
1937 2444 2009 2499 Ut
2036 2445 2311 2496 Armeniae

736 2540 869 2595 ﬁnes
950 2541 1195 2599 intravit.
1269 2554 1563 2594 occurrere
1614 2539 1717 2593 sibi
1761 2538 2032 2593 intellexit
2075 2546 2311 2590 turmam

730 2632 976 2700 equitum
1054 2630 1367 2693 Persarum,
1431 2629 1633 2698 quibus
1700 2628 1918 2682 animus
1968 2635 2087 2680 erat
2134 2625 2315 2679 subito

732 2728 910 2793 ipsum
978 2724 1201 2777 adoriri.
1272 2722 1379 2777 Sed
1437 2721 1665 2775 Romani
1720 2722 1909 2790 quiin
1951 2720 2128 2790 primo
2152 2728 2314 2772 erant

732 2818 971 2886 agmine,
1020 2832 1142 2871 cum
1172 2818 1221 2869 in
1262 2816 1362 2869 hos
1390 2814 1740 2879 incidissent,
1776 2813 1965 2868 multis
2000 2813 2160 2867 caesis
2216 2813 2315 2865 du-

732 2924 850 2961 cem
906 2923 1095 2963 eorum
1160 2907 1405 2960 vinctum
1470 2902 1537 2961 ad
1594 2904 1905 2959 lleraclium
1939 2904 2311 2959 adduxerunt.

732 3000 1027 3070 Ingruente
1082 2999 1262 3053 hieme
1316 3000 1371 3052 in
1424 2997 1709 3053 Ponticam
1791 2996 2070 3067 regionem
2123 2994 2316 3048 deﬁxit

735 3089 1047 3154 lleraelius;
1112 3102 1347 3156 euntque
1395 3103 1520 3141 eum
1583 3086 1657 3140 ibi
1708 3086 2073 3140 hiematurum
2124 3082 2309 3137 Persae

730 3182 1267 3253 epinarentur,clam
1292 3181 1425 3249 ipsis
1457 3193 1713 3234 reversus
1740 3178 1795 3231 in
1818 3176 2096 3231 Persidem
2128 3175 2313 3239 irruit,

734 3275 849 3330 lloc
897 3275 1141 3329 auditum
1180 3273 1547 3327 Barbarorum
1578 3272 1793 3325 animos
1843 3269 2063 3338 d’ejecit.
2098 3267 2164 3321 Et
2220 3284 2313 3323 eo-

734 3383 854 3421 rum
880 3367 1096 3431 ductor,
1120 3379 1246 3419 eum
1274 3364 1649 3418 Romanorum
1683 3360 2109 3415 avertendorum
2141 3374 2311 3415 causa

734 3460 788 3512 in
822 3458 1071 3511 Ciliciam
1098 3455 1371 3518 duxisset,
1402 3454 1571 3508 rebus
1596 3452 1713 3508 suis
1764 3459 2039 3515 metuens,
2085 3467 2315 3506 necesse

734 3548 927 3602 habuit
961 3547 1246 3601 Romanos
1279 3560 1306 3597 a
1344 3554 1497 3614 tergo
1550 3542 1840 3609 subsequi.
1903 3541 2153 3611 Cumque
2205 3549 2317 3595 sta-

735 3640 934 3693 tuisset
964 3647 1126 3692 nocte
1156 3637 1389 3706 quadam
1442 3635 1677 3690 obscura
1744 3633 1927 3688 furtim
1988 3634 2176 3687 hostes
2226 3632 2315 3686 la:-

734 3728 887 3793 dere,
948 3725 1146 3780 accidit
1180 3725 1345 3790 ,forte
1392 3732 1451 3778 nt
1506 3725 1635 3777 luna
1685 3738 1749 3779 ea
1796 3734 1957 3778 nocte
1983 3730 2312 3791 emergeret.

734 3824 923 3891 itaque
974 3818 1257 3874 Romanos
1284 3818 1504 3887 aggredi
1544 3832 1651 3870 non
1686 3832 1858 3871 ausus
1891 3826 2109 3871 montes
2161 3831 2320 3871 occu-

733 3922 859 3978 pat;
886 3920 1049 3981 atque
1073 3910 1200 3964 inde
1232 3910 1528 3977 degressus
1589 3909 1726 3963 levia
1775 3908 2072 3963 committit
2110 3908 2314 3978 praelia,

733 4006 1015 4073 inquibus
1044 4002 1301 4057 Omnibus
1340 4000 1587 4055 Romana
1616 4017 1702 4055 res
1726 4000 1825 4055 fuit
1851 4001 2128 4071 superior.
2184 4002 2319 4055 Ani-

735 4112 853 4149 mos
877 4092 1144 4148 exercitui
1175 4094 1327 4145 auxit
1387 4093 1739 4159 imperatoris
1772 4092 2049 4154 alacritas,
2088 4090 2180 4159 qui
2213 4105 2316 4144 au-

735 4192 922 4243 dacter
986 4190 1039 4241 in
1098 4188 1324 4257 primam
1375 4187 1548 4239 aciem
1593 4186 1918 4255 prosiliebat
1979 4201 2043 4239 ac
2072 4202 2173 4255 pro
2202 4187 2318 4241 suis

737 4282 1136 4352 prepugnabat.
1173 4279 1329 4335 Iusta
1350 4280 1546 4333 deinde
1574 4289 1828 4333 conserta
1862 4293 2043 4348 pugna
2078 4279 2317 4333 victores

739 4375 967 4430 Romani
1002 4374 1280 4428 Persicum
1331 4374 1636 4428 exercitum
1702 4371 2050 4433 deleverunt,
2108 4382 2315 4425 tantum

738 4466 927 4533 paucis
952 4465 1281 4533 quibusdam
1318 4464 1439 4531 fuga
1494 4463 1719 4531 elapsis,
1790 4464 2158 4531 omnibusque
2223 4464 2318 4516 ho-

2410 598 2504 651 τοῦ
2539 600 2757 671 Κυρίου·
2788 600 2883 652 καί
2918 598 3056 651 Θεοῦ
3100 598 3283 668 ἡμῶν,
3326 599 3468 651 κατά
3515 598 3742 668 Περσῶν
3794 599 3997 666 ἐστρά-

2410 709 2567 745 τευσε
2602 692 2739 760 μετὰ
2788 690 2990 743 πλοίων
3035 689 3123 743 διὰ
3151 689 3243 741 τοῦ
3280 688 3535 755 Εὐξείνου
3562 690 3784 748 πόντου,
3817 708 3998 760 προσ-

2410 783 2710 850 λαϐόμενος
2764 785 2845 843 εἰς
2881 783 3198 854 συμμαχίαν
3242 782 3421 854 πλήθη
3477 782 3737 852 Τούρκων
3764 784 3876 854 (59)
3902 786 3999 836 καὶ

2409 876 2585 929 ἄλλων
2618 876 2807 929 ἐθνῶν.
2858 875 3103 946 Ἀπάρας
3152 875 3333 928 τοίνυν
3380 874 3481 943 τῆς
3537 874 3807 943 βασιλίδος
3856 877 3996 942 πρὸς

2410 970 2647 1039 Περσίδα
2670 972 2857 1039 χωρεῖ,
2881 971 2977 1021 καὶ
3001 969 3090 1021 διὰ
3114 968 3222 1021 τῶν
3261 968 3587 1036 Ῥωμαϊκῶν
3608 968 3865 1036 θεμάτων
3881 968 3997 1038 (50)

2408 1063 2760 1133 διερχόμενος
2791 1061 3047 1129 συνέλεγε
3080 1060 3443 1130 στρατόπεδα,
3473 1059 3787 1130 προστιθεὶς
3808 1060 4000 1120 αὐτοῖς

2411 1156 2507 1207 καὶ
2556 1154 2675 1206 νέον
2720 1153 2974 1225 στρατὸν,
3014 1150 3114 1215 οὓς
3134 1152 3230 1205 καὶ
3266 1150 3563 1221 γυμνάζων
3596 1151 3667 1204 τὰ
3721 1151 4000 1220 πολεμικά

2412 1249 2550 1318 ἔργα
2578 1246 2952 1311 ὲξεπαίδευσε.
2990 1246 3121 1315 Διχῆ
3160 1243 3272 1314 γὰρ
3303 1242 3496 1295 διελὼν
3528 1244 3629 1305 τάς
3658 1243 3999 1312 παρατάξεις

2412 1340 2510 1392 σὺν
2558 1338 2653 1408 βοῇ
2688 1337 2827 1407 πρὸς
2873 1336 3138 1406 ἀλλήλους
3190 1335 3466 1403 ἀναιμωτὶ
3516 1335 3695 1386 ποιεῖν
3741 1334 3994 1396 ἐκέλευε,

2412 1431 2747 1503 κραυγάζειν
2779 1430 2840 1484 τὸ
2890 1428 3185 1499 πολεμικὸν
3223 1430 3317 1481 καὶ
3369 1429 3609 1491 παιᾶνας
3656 1430 3753 1481 καὶ
3796 1426 4001 1480 ἁλαλαο

2412 1528 2575 1596 γμόν.
2619 1526 2731 1580 Καὶ
2754 1526 3026 1595 διέγερσιν
3048 1524 3191 1594 ἐχειν
3202 1523 3427 1584 τούτους
3454 1522 3753 1585 ἐδίδασκεν,
3786 1522 3875 1575 ἶνα
3897 1521 4007 1574 κάν

2414 1623 2473 1673 ἐν
2504 1618 2726 1688 πολέμῳ
2760 1617 3155 1688 εὐρίσκωνται,
3202 1616 3277 1686 μὴ
3314 1614 3658 1679 ξενίζωνται,
3694 1613 3834 1665 ἀλλά
3863 1613 4005 1683 θαρο

2416 1712 2638 1783 ροὖντες
2670 1712 2748 1774 ὡς
2792 1712 2875 1774 εἰς
2904 1710 3159 1775 παίγνιον
3206 1706 3354 1761 κατά
3404 1706 3516 1759 τῶν
3546 1703 3774 1775 Περσῶν
3806 1704 4009 1773 χωρῶ-

2414 1824 2521 1859 σιν.
2567 1806 2631 1858 Ὁ
2650 1803 2707 1857 δὲ
2742 1801 3000 1874 βασιλεὺς
3026 1799 3125 1870 τὴν
3150 1798 3461 1867 σεϐασμίαν
3490 1797 3677 1851 εἰκόνα
3712 1797 3813 1864 τῆς
3844 1795 4010 1849 θεαν-

2413 1898 2607 1969 δρικῆς
2654 1894 2871 1967 μορφῆς
2908 1892 3005 1945 τοῦ
3060 1890 3271 1961 Κυρίου
3322 1889 3484 1958 ἡμῶν
3546 1888 3723 1958 Ἰησοῦ
3760 1888 4008 1959 Χριστοῦ

2415 1992 2475 2043 ἐν
2496 1992 2623 2051 ταῖς,
2641 1987 2801 2059 χερσὶ
2825 1984 3077 2055 κατέχων
3104 1982 3386 2052 άπήρξατο
3410 1980 3520 2035 τῶν
3553 1980 3802 2047 ἀγώνων,
3834 1981 4010 2033 πιστά

2414 2083 2538 2144 δοὺς
2563 2080 2644 2147 τῷ
2676 2078 2792 2149 λαῷ
2821 2078 2898 2141 ὡς
2932 2078 3031 2130 σὺν
3056 2076 3242 2139 αὐτοῖς
3273 2074 3439 2145 μέχρι
3469 2073 3704 2127 θανάτου
3738 2072 4011 2141 ἀγωνίσε-

2420 2192 2508 2226 ται
2538 2175 2633 2227 καὶ
2685 2174 2763 2237 ὡς
2806 2174 2975 2228 τέκνα
3003 2176 3181 2228 οἰκεῖα
3202 2173 3427 2236 τούτους
3458 2170 3787 2243 περιθάλψει
3807 2189 3821 2201 ·
3848 2170 4010 2222 ἐϐού-

2416 2266 2538 2318 λετο
2576 2265 2686 2335 γάρ
2733 2264 2833 2335 τὴν
2886 2264 3138 2330 ἐξουσίαν
3192 2266 3254 2317 οὐ
3287 2264 3463 2335 φόϐῳ,
3496 2264 3623 2316 ὅσον
3657 2261 3743 2333 [Ρ.
3782 2262 3909 2331 Hi]
3948 2264 4012 2313 ἐν

2418 2359 2571 2427 πόθῳ
2596 2358 2763 2428 ἔχειν.
2823 2357 3014 2427 Εὐρὼν
3052 2358 3110 2410 δὲ
3142 2357 3235 2410 τὸν
3265 2357 3497 2427 στρατὸν
3528 2358 3610 2419 εἰς
3640 2354 3806 2423 φόϐον
3836 2354 4012 2406 πολὺν

2418 2452 2516 2504 καὶ
2549 2451 2819 2520 διχόνοιαν
2880 2450 3115 2517 ἀταξίαν
3171 2467 3231 2503 τε
3285 2451 3381 2502 καλ¹
3445 2448 3742 2518 ἀκοσμίαν,
3772 2448 3870 2500 καὶ
3922 2449 4011 2508 εἰς

2419 2542 2586 2597 πολλὰ
2619 2542 2757 2612 μέρη
2793 2541 3210 2613 διεσπαρμένον,
3252 2543 3534 2611 συντόμως
3582 2542 3792 2603 πάντας
3838 2541 3918 2600 εἰς
3949 2538 4014 2590 ἓν

2421 2634 2722 2703 συνήγαγε,
2757 2633 2853 2687 καὶ
2880 2633 3215 2705 νουθετήσας
3243 2633 3415 2687 πολλὰ
3446 2634 3653 2687 τούτων
3669 2634 3732 2685 τὸ
3749 2632 4013 2703 φρόνημα

2417 2726 2684 2796 ἀνέστησε
2720 2726 2815 2778 καὶ
2854 2726 2996 2779 κατά
3022 2726 3133 2779 τῶν
3180 2726 3486 2798 Βαρϐάρων
3531 2724 3759 2788 ὥπλισε,
3784 2739 4013 2791 παράγε

2418 2818 2603 2885 γείλας
2636 2816 2849 2881 ἀδικίας
2882 2818 2981 2886 μὲν
3014 2817 3333 2887 ἀπέχεσθαι,
3385 2816 3677 2880 εὐσεϐείας
3703 2816 3760 2869 δὲ
3786 2815 4014 2883 άντέχευ

2421 2909 2567 2963 σθαι.
2604 2909 3059 2979 Παραγενόμενος
3089 2909 3148 2962 δὲ
3196 2910 3254 2961 ὲν
3282 2912 3399 2973 τοῖς
3444 2909 3639 2979 μέρεσι
3667 2908 3767 2977 τῆς
3804 2908 4015 2976 ’Δρμε-

2417 2998 2540 3060 νίας
2577 2998 2909 3069 προτρέχειν
2956 2998 3163 3068 πλῆθος
3219 2999 3432 3053 ἱππέων
3469 2998 3753 3069 Περσικῶν
3805 2999 4016 3068 ἤκουσε

2419 3089 2556 3159 πρὸς
2598 3088 2677 3159 τῷ
2708 3091 2995 3143 ἐπιπεσεῖν
3041 3091 3198 3159 ἄφνω
3226 3090 3304 3159 τῷ
3338 3088 3552 3161 βασιλεῖ
3591 3089 3900 3158 Ῥωμαίων.
3931 3088 4003 3140 ΟΞ

2366 3226 2389 3246 ,
2420 3182 2476 3235 δι
2522 3183 2923 3252 προτρέχοντες
2967 3182 3132 3236 πάλιν
3177 3183 3439 3252 Ῥωμαῖοι
3488 3181 3704 3244 τούτοις
3733 3182 4013 3249 συναντὴ-

2423 3290 2619 3336 σαντες
2655 3272 2748 3326 τόν
2796 3289 2857 3325 τε
2903 3275 3209 3343 στρατηγὸν
3238 3274 3420 3327 αὐτῶν
3466 3273 3753 3343 δεσμώτην
3800 3274 4020 3343 ἤγαγον

2419 3365 2556 3434 πρὸς
2596 3364 2919 3434 Ἡράκλειον
2952 3368 3047 3419 καὶ
3090 3365 3321 3428 πολλοὺς
3364 3366 3547 3417 αὐτῶν
3587 3365 3822 3418 ἀνεῖλον.
3857 3363 4018 3417 Ἐπεὶ

2418 3456 2475 3507 δὲ
2510 3455 2717 3525 χειμὼν
2770 3456 3097 3519 κατέλαϐεν,
3148 3456 3449 3518 ἀποκλίνας
3494 3456 3524 3508 ό
3576 3455 3834 3525 βασιλεὺς
3871 3458 4013 3524 πρὸς

2419 3548 2481 3600 τὸ
2520 3546 2615 3600 τοῦ
2649 3548 2854 3600 Πόντου
2888 3548 3059 3617 κλίμα
3088 3548 3235 3612 εδοξε
3258 3551 3372 3611 τοῖς
3404 3547 3718 3619 Βαρϐάροις
3746 3549 3805 3600 ἐν
3833 3549 4018 3619 τούτῳ

2422 3639 2887 3709 παραχειμάζειν.
2919 3637 3114 3692 Λαϐὼν
3138 3639 3197 3691 δὲ
3222 3640 3350 3702 τοὺς
3379 3640 3595 3709 Πέρσας
3630 3642 3725 3694 καὶ
3748 3642 4019 3709 ὲπιστραυ

2422 3734 2542 3801 φεὶς
2559 3732 2639 3794 εἰς
2653 3731 2752 3803 τήν
2768 3731 3006 3803 Περσίδα
3022 3730 3499 3785 είσϐάλλει.Τοῦτο
3524 3732 3787 3803 μαθόντες
3803 3733 3852 3784 οἱ
3874 3730 4019 3801 Βάρ-

2419 3823 2579 3894 ϐαροι
2597 3826 2676 3887 είς
2695 3822 2937 3893 ἀθυμίαν
2958 3818 3146 3894 ἦλθον.
3162 3824 3222 3877 Ὀ
3243 3822 3301 3877 δὲ
3327 3825 3635 3894 στρατηγὸς
3657 3822 3842 3877 αὐτῶν
3860 3822 4022 3893 ἔρχε-

2419 3934 2511 3969 ται
2540 3918 2598 3969 ἐν
2621 3915 2870 3987 Κιλικίᾳ,
2889 3917 3041 3979 ὅπως
3072 3918 3164 3969 ἐπὶ
3190 3916 3507 3986 Ῥωμανίαν
3536 3916 3771 3981 ἐξελθὼν
3790 3917 4021 3981 τούτους

2423 4023 2490 4058 πε
2501 4006 3037 4078 ριτρέψῃ.θοϐηθεὶς
3064 4008 3122 4061 δὲ
3152 4008 3319 4061 πάλιν
3334 4009 3661 4079 ἠναγκάσθη
3695 4010 4020 4063 ἀκολουθεῖν

2420 4099 2599 4152 ὀπίσω
2624 4098 2718 4152 τοῦ
2749 4097 3042 4169 Ῥωμαίων
3094 4100 3353 4169 στρατοῦ,
3390 4100 3590 4169 κλέψαι
3623 4100 3715 4153 τὸν
3761 4103 4010 4169 πόλεμον

2402 4264 2403 4267 η
2426 4191 2710 4261 μεριμνῶν
2731 4192 2820 4246 διά
2836 4192 3033 4254 νυκτὸς
3064 4193 3362 4261 άφεγγοῦς.
3394 4193 3456 4247 ’11
3480 4194 3537 4247 δὲ
3565 4194 3767 4266 σελήνη
3800 4196 4019 4266 ὑπέστη

2428 4282 2538 4351 (41)
2560 4282 2679 4334 κατ’
2700 4281 2872 4351 αὐτὴν
2894 4282 2995 4350 τὴν
3016 4282 3189 4336 νύκτα
3210 4284 3275 4335 ἐκ
3294 4282 3392 4335 τοῦ
3415 4282 3853 4352 συμϐεϐηκότος.
3885 4285 4013 4336 Κάκ

2422 4375 2613 4428 τούτου
2644 4374 2859 4428 δειλιῶν
2890 4374 2969 4444 τῷ
3004 4375 3220 4445 βασιλεῖ
3257 4376 3590 4446 προσϐαλεῖν
3611 4376 3680 4428 τά
3701 4376 3802 4446 ὅρη
3839 4393 4023 4428 κατα-

2422 4465 2717 4533 λαμϐάνει.
2758 4467 3000 4520 Ἐκεῖθεν
3021 4468 3079 4519 δὲ
3122 4469 3528 4535 κατερχόμενος
3556 4468 3733 4537 λάθρα
3773 4471 4023 4535 συμπλο-

737 4559 901 4613 Slittm
944 4557 1351 4626 impedimentis
1400 4557 1557 4626 p0titi
1590 4567 1740 4611 sunt.
1791 4556 1875 4611 0b
1918 4556 2033 4610 haec
2089 4554 2317 4611 Roinani

2427 4558 2529 4620 xit;
2577 4562 2814 4629 μερικέις
2870 4562 3132 4623 ἐποιεῖτο,
3180 4561 3275 4610 καὶ
3325 4561 3383 4610 ὲν
3426 4560 3593 4612 παντὶ
3648 4561 3700 4611 οἱ
3753 4560 4023 4628 Ῥωμαῖοι

739 4650 846 4705 Deo
876 4660 929 4703 et
951 4650 1267 4717 imperatori
1298 4649 1505 4717 gratias
1536 4658 1790 4717 egerunt.
1821 4649 2092 4703 Caeterum
2148 4648 2316 4703 Πειση-

735 4744 873 4795 clius
903 4741 1063 4809 721
1101 4741 1343 4794 exercitu
1385 4753 1511 4793 cum
1546 4738 1684 4793 duce
1716 4740 1770 4793 in
1800 4740 2114 4793 Armeniam
2141 4740 2194 4792 in
2230 4740 2316 4793 hi-

736 4835 905 4885 berna
945 4830 1175 4883 dimisso
1208 4830 1524 4899 Byzantium
1552 4829 1731 4883 rediit.

2427 4650 2743 4719 ἐπριῦτευον
2765 4666 2779 4679 ο
2812 4648 2909 4701 καὶ
2946 4649 3150 4719 θάρσος
3181 4648 3372 4700 ἔλαϐεν
3406 4650 3434 4701 ὀ
3464 4649 3716 4717 στρατὸς,
3754 4650 3846 4701 τὸν
3875 4649 4024 4719 βασι.

2426 4740 2523 4791 λὲα
2552 4739 2697 4808 ὁρῶν
2718 4738 3086 4810 προπηδῶντα
3120 4738 3399 4807 εὐτόλμως
3416 4740 3513 4790 καὶ
3541 4739 4020 4807 προπολεμοῦντα.

2436 4831 2545 4885 Καὶ
2574 4832 2638 4899 δὴ
2672 4831 2953 4900 συμϐολῆς
2985 4832 3267 4901 καρτερᾶς
3316 4830 3616 4898 γενομένης
3647 4831 3839 4882 νικῶσι
3882 4830 4023 4883 Ῥω-

738 4926 907 4990 μαῖοι,
932 4921 1031 4973 καὶ
1061 4923 1241 4973 πᾶσαν
1271 4926 1369 4988 τὴν
1400 4920 1713 4991 ἀποσκευὴν
1746 4921 1928 4974 αὐτῶν
1957 4922 2324 4992 λαμϐάνουσι,
2368 4922 2635 4989 σφάζουσι
2676 4923 2731 4974 δὲ
2762 4922 2911 4976 ἅπαν
2959 4922 3020 4975 τδ
3069 4920 3340 4989 Περσικὸν
3373 4920 3599 4988 πλῆθος,
3666 4921 3865 4987 ὀλίγων
3934 4938 4024 4971 τις

736 5013 841 5065 νῶν
873 5012 1224 5084 διαδράντων.
1266 5013 1433 5064 Ὅθεν
1466 5015 1515 5065 οἱ
1560 5014 1822 5083 Ῥωμαῖοι
1856 5015 1934 5084 τῷ
1964 5016 2084 5084 Θεῷ
2118 5017 2210 5068 καὶ
2241 5016 2320 5085 τῷ
2359 5015 2573 5084 βασιλεί
2624 5016 3024 5086 ηὐχαρίστουν.

3106 5016 3165 5067 Ὀ
3234 5014 3292 5067 δὲ
3334 5013 3592 5082 βασιλεὺς
3634 5013 3729 5065 τὸν
3782 5014 4020 5083 στρατὸν

736 5108 832 5159 σὺν
866 5106 946 5175 τῷ
980 5105 1275 5175 στρατηγῷ
1306 5106 1626 5161 καταλιπὼν
1676 5110 1756 5169 εἰς
1794 5109 2091 5178 Ἀρμενίαν
2138 5110 2577 5181 παραχειμάσαι,
2604 5111 2765 5175 αὐτὸς
2804 5114 2885 5172 εἰς
2904 5111 2966 5163 τδ
2996 5110 3290 5175 Βυζάντιον
3324 5106 3654 5177 ὑπέστρεψε.

1858 5222 2210 5278 XYLANDRI
2288 5226 2377 5281 ΕΤ
2419 5226 2628 5282 GOARI
2689 5224 2922 5279 ΝΟΤΛΞ.

810 5316 923 5386 (3‘3)
950 5317 1049 5369 llic
1082 5318 1257 5385 primo
1289 5316 1454 5370 Turei
1488 5334 1682 5370 nomen
1718 5318 1923 5383 legitur
1956 5319 2008 5370 ili
2063 5328 2315 5383 auclore,

736 5390 801 5441 de
835 5388 1159 5455 quibusjam
1188 5404 1239 5455 p.
1267 5388 1361 5441 5H
1410 5407 1423 5441 :
1462 5388 1695 5455 Τοῦρκοι
1728 5391 1827 5456 τῆς
1868 5388 2065 5451 Ἐώαςν
2094 5388 2190 5450 οὓς
2227 5394 2323 5443 καὶ

740 5460 1029 5526 Χαζάρους
1060 5458 1444 5526 ὀνομάζουσιν.
1483 5458 1653 5511 Cum.

811 5528 922 5598 (40)
963 5527 1261 5581 Thematos
1316 5545 1515 5583 nomen
1556 5533 1838 5596 hucusque
1890 5530 2106 5581 auctori
2162 5530 2321 5583 inno-

739 5599 1297 5666 tninatum,antiquis
1329 5614 1439 5667 quo
1478 5614 1626 5652 nunc
1679 5600 1899 5667 capitur
1935 5615 2123 5663 sensu,
2164 5602 2322 5668 igno-

739 5685 875 5724 tum.
916 5670 1205 5735 Signiﬁcat
1245 5683 1423 5722 autem
1467 5670 1646 5738 primo
1676 5670 1945 5737 legionem
1995 5670 2157 5722 alieni
2195 5687 2321 5737 pro-

737 5742 929 5792 vinciae
964 5742 1044 5793 vel
1083 5743 1228 5805 genti
1256 5739 1589 5807 impositam.
1628 5741 2035 5793 Constantinus
2071 5740 2325 5794 'l'heniat.

735 5811 987 5863 Ot'ienl.:
1050 5808 1245 5879 [Ιρώην
1298 5810 1391 5859 καὶ
1440 5811 1571 5861 κατ’
1630 5811 1806 5878 ἀρχὰς
1868 5811 2128 5878 τάγματά
2208 5828 2329 5861 τινα

735 5884 831 5933 καὶ
900 5881 1163 5947 λεγεῶνες
1238 5881 1485 5949 ὑπῆρχον
1540 5882 2011 5950 ἀναγεγραμμένα
2078 5881 2327 5938 κατ’ἔθ-

2434 5340 2545 5383 νος.
2600 5323 2738 5390 Ipsa:
2798 5335 2927 5372 vero
2968 5319 3263 5387 provincia:
3300 5318 3564 5387 temporis
3607 5332 3874 5385 processu
3926 5320 4023 5371 02’-

2438 5411 2587 5462 ματα
2644 5403 2772 5444 Stlttt
2806 5401 3035 5453 vocatae,
3060 5404 3124 5443 ac
3156 5406 3222 5443 ne
3250 5391 3469 5462 longius
3524 5390 3841 5462 testia-nni:
3867 5399 4027 5462 peta-

2435 5458 2575 5523 inus.
2660 5463 2853 5515 sttibit
2926 5463 3014 5512 hic
3070 5470 3265 5511 auctor
3324 5458 3458 5510 εδιά
3518 5462 3627 5511 τῶν
3692 5458 4025 5526 Ῥωμαϊκῶν

2432 5534 2687 5601 θεμάτων
2719 5530 3092 5601 διερχόμενος.
3122 5530 3286 5583 Plura
3340 5527 3611 5598 Rigaltius
3636 5536 3690 5582 et
3720 5528 4023 5585 Meursius.

2433 5604 2602 5659 Gesn.

2508 5675 2620 5742 (41)
2675 5672 2838 5742 Quod
2912 5672 3107 5741 scripsi
3184 5673 3367 5724 lunam
3436 5672 3753 5729 emersisse.
3810 5672 4022 5737 ὑπέστη

2434 5741 2852 5864 eratin\Gra'co
2884 5762 2893 5798 :
2928 5744 3024 5797 sed
3074 5742 3449 5811 conjecturam
3477 5759 3541 5795 ex
3576 5744 4022 5798 circumstantiis

2439 5816 2564 5864 l'eci.
2605 5814 2730 5864 .'rt..

2439 5816 2564 5869 l'eci.
2603 5814 2730 5865 ΧΠ..
