4226 6444
793 356 887 422 791

2049 355 2369 417 GEORGII
2409 357 2741 420 CEDRENI

3910 364 4027 427 79?

803 469 1140 537 persuadent
1172 467 1438 524 Romanis
1490 465 1630 538 fugae
1683 482 1904 523 causam
1961 483 2086 524 esse
2140 479 2364 521 metum.
2407 499 2409 510 ι

2472 469 2578 522 τῶν
2635 470 2924 542 Ῥωμαίων
2958 473 3094 545 πρὸς
3152 475 3276 538 τοὺς
3332 474 3568 546 Πέρσας,
3613 474 3707 526 καὶ
3763 474 4052 528 πείθουσιν

790 563 962 616 Simul
991 570 1045 616 et
1071 575 1257 615 rumor
1280 559 1502 616 aﬂ'ertnr
1539 560 1666 615 Sain
1695 561 1984 617 Persarum
2010 561 2201 615 ducem
2225 576 2364 613 novo

793 672 920 708 cum
962 655 1206 708 exercitu
1239 654 1520 718 advenire,
1554 655 1673 710 suis
1725 654 1930 708 auxilio
1963 653 2212 707 missum.
2271 650 2364 705 llis

792 746 1024 817 cognitis
1086 746 1464 801 Sarbarancas
1510 754 1567 798 et
1618 747 1956 800 Sarbarazas
2007 746 2061 798 in
2091 744 2253 814 723
2315 743 2365 796 id

791 840 1185 905 incubuerunt,
1229 848 1288 893 ut
1345 854 1468 892 cum
1527 838 1780 894 Heraclio
1808 837 2165 906 confligerent
2211 836 2364 906 prius

788 948 952 1001 quam
986 934 1108 988 Sais
1170 935 1575 1004 superveniens
1603 933 1671 986 ad
1707 947 1831 988 sese
1866 931 2110 986 victoriae.
2147 929 2362 984 laudem

789 1025 1134 1080 transferret.
1175 1023 1361 1080 Fidem
1397 1041 1618 1095 quoque
1672 1024 2078 1094 transfugarum
2123 1023 2363 1078 sermoni

793 1120 1062 1176 habentes
1101 1121 1168 1175 ad
1205 1119 1514 1175 Heraclium
1547 1128 1921 1183 accesserunt,
1955 1129 2010 1175 et
2040 1121 2093 1174 in
2131 1117 2363 1189 propin-

791 1228 899 1278 quo
928 1221 1111 1266 castra
1172 1222 1493 1282 posuerunt,
1557 1213 1611 1266 in
1647 1212 1834 1266 animo
1892 1211 2155 1266 habentes
2189 1210 2362 1279 prima

791 1303 912 1356 luce
943 1318 1162 1357 manum
1187 1319 1500 1358 conserere.
1529 1301 1814 1358 Heraclius
1843 1311 2023 1357 autem
2074 1303 2238 1357 motis
2261 1301 2365 1355 sub

788 1407 1073 1462 vesperam
1107 1395 1303 1448 castris
1328 1411 1423 1464 per
1449 1404 1618 1448 totam
1667 1401 1881 1448 noctem
1908 1394 2012 1448 iter
2043 1393 2195 1456 fecit.
2234 1409 2362 1464 pro-

792 1487 988 1554 ctthtte
1007 1487 1074 1540 ab
1107 1487 1360 1541 hostibus
1385 1489 1437 1541 in
1463 1502 1713 1553 campum
1745 1488 2012 1542 virentem
2041 1485 2362 1558 progressus

790 1577 860 1630 ibi
885 1589 1068 1630 castra
1104 1580 1308 1647 posuit.
1350 1579 1521 1642 Quem
1567 1577 1794 1632 Barbari
1844 1593 1956 1648 pra:
1987 1587 2133 1633 metu
2157 1579 2362 1649 fugisse

791 1670 894 1721 rati
955 1669 1188 1722 confuso
1249 1671 1464 1739 agmine
1524 1672 1795 1739 persecuti
1861 1682 2010 1726 sunt.
2077 1670 2361 1726 lleraclius

787 1769 968 1813 autem
1002 1760 1068 1813 iis
1118 1762 1381 1823 occurrit,
1410 1777 1700 1831 pugnaque
1748 1762 2044 1816 commissa
2099 1761 2362 1817 divinitus

2472 562 2671 625 αὐτοὺς
2702 563 2784 615 ὅτι
2817 565 2880 616 ἐκ
2912 563 3111 628 δειλίας
3141 567 3433 634 φεύγουσιν
3469 567 3517 618 οἱ
3559 565 3839 636 Ῥωμαῖοι.
3871 561 4051 619 Ἦλοε

2471 654 2528 706 δὲ
2563 656 2748 716 αὐτοῖς
2783 655 2878 708 καὶ
2937 657 3096 726 φήμη
3151 659 3242 709 τὸν
3286 656 3415 710 Σαῗν
3462 659 3764 730 στρατηγὸν
3815 657 4050 725 Περσῶν

2471 747 2910 814 καταλαμϐάνειν
2966 747 3085 816 μεθ’
3140 749 3326 818 ἐτέρου
3364 749 3766 820 στρατεύματος
3803 751 3884 812 εἰς
3917 750 4049 818 βοή-

2472 839 2646 894 θειαν.
2681 840 2854 894 Τοῦτο
2883 842 3144 912 μαθόντες
3173 842 3575 914 ὣρόαραγκᾶς
3620 860 3678 896 τε
3704 843 3796 894 καὶ
3827 841 4050 911 Σαρδα-

2474 933 2646 1002 ραζᾶς
2703 935 3048 1002 ἠγωνίσαντο
3101 934 3398 1004 συμϐαλεῖν
3442 936 3679 1004 πόλεμον
3735 934 4048 1002 Ἡρακλείῳ

2472 1027 2578 1098 πρὸ
2616 1025 2710 1080 τοῦ
2747 1026 2954 1093 φθάσαι
2975 1027 3066 1081 τὸν
3089 1027 3239 1090 Σαῒν,
3277 1028 3372 1080 καὶ
3403 1025 3501 1096 τὴν
3525 1027 3682 1096 νίκην
3719 1026 3805 1079 ἐπ’
3841 1025 4046 1086 αὐτους

2473 1120 2847 1189 μετενεγκεῖν.
2891 1117 3291 1182 Πιστεύσαντες
3343 1117 3403 1172 δέ
3454 1119 3691 1181 καὶτοῖς
3720 1116 4048 1185 αὐτομόλοις

2469 1209 2757 1281 ἐχώρησαν
2779 1211 2922 1264 κατὰ
2954 1211 3296 1280 Ἡρακλείου.
3325 1213 3432 1266 Καὶ
3462 1211 3866 1279 πλησιάσαντες
3893 1208 4048 1275 αύτῴ

2469 1305 2914 1373 κατεσκήνωσαν,
2949 1303 3263 1374 βουλόμενοι
3302 1307 3418 1374 ἅμα
3447 1303 3592 1374 πρωῒ
3623 1304 3941 1374 συμϐαλεῖν.
3987 1303 4048 1353 Ὀ

2466 1395 2524 1447 δὲ
2569 1394 2882 1465 Ἡράκλειος
2912 1395 3132 1466 ἀπάρας
3175 1395 3270 1463 ἀφ’
3303 1394 3542 1463 ἑσπέρας
3571 1393 3776 1447 ὥδευσε
3810 1391 3880 1446 δι’
3913 1393 4048 1458 ὅλης

2467 1488 2564 1557 τῆς
2593 1487 2809 1551 νυκτὸς,
2836 1487 3055 1558 μακράν
3089 1503 3148 1539 τε
3177 1485 3468 1556 γενόμενος
3505 1485 3600 1539 ἀπ’
3631 1485 3828 1548 αὐτῶν,
3863 1484 4048 1554 εὑρὼν

2467 1579 2650 1631 πεδῖον
2698 1578 3022 1649 χλοηφόρον,
3063 1577 3377 1648 ἠπλήκευσε
3431 1576 3566 1647 (46).
3602 1576 3944 1646 Νομίσαντες
3990 1575 4047 1627 δὲ

2466 1675 2516 1726 οἰ
2586 1672 2866 1744 Βάρδαροι
2910 1671 3073 1725 αὑτὸν
3122 1674 3186 1724 ἐκ
3242 1671 3442 1733 δειλίας
3492 1669 3716 1738 φεύγειν
3778 1670 4050 1739 ἀκόσμως

2467 1767 2719 1819 ἐδίωκονο
2770 1765 2935 1828 αὐτὸς
2999 1764 3057 1817 δέ
3120 1763 3458 1824 ὑπαντιάσας
3527 1761 3712 1822 αὐτοῖς
3773 1760 4047 1829 ἐκρότησε

786 1852 1014 1918 adjutus
1087 1867 1184 1906 eos
1240 1852 1401 1916 fudit,
1465 1855 1862 1923 insecutusque
1924 1870 2018 1924 per
2085 1847 2409 1908 convalles]

2471 1859 2727 1928 πόλεμον,
2779 1857 2872 1910 καὶ
2917 1857 2986 1928 τῇ
3038 1854 3131 1908 τοῦ
3186 1853 3321 1907 Θεοῦ
3370 1853 3630 1923 συνεργίᾳ
3673 1851 3865 1922 τρέπει
3916 1854 4049 1914 τοὺς

785 1958 1038 2010 magnam
1079 1952 1311 2012 stragem
1336 1944 1576 1999 hostium
1607 1945 1798 2000 edidit.
1829 1945 2067 1999 Durantc
2098 1946 2275 1998 adlmc
2296 1961 2362 1999 eo

784 2035 1105 2099 certamine,
1141 2034 1340 2089 Sainus
1369 2051 1588 2105 quoque
1618 2051 1718 2091 suo
1746 2051 1870 2090 cum
1905 2037 2364 2105 exerritquupcro

787 2126 934 2178 venit
959 2141 971 2177 :
996 2125 1091 2180 sed
1128 2136 1179 2180 et
1211 2126 1355 2180 hunc
1393 2126 1530 2181 fudit
1562 2126 1869 2181 lleraclius.
1897 2125 2178 2195 Multaque
2211 2128 2394 2181 ccede-

789 2219 1027 2270 lmstium
1065 2218 1202 2272 facta
1236 2221 1479 2287 pa!antcs
1513 2221 1753 2290 reliquos
1790 2220 1842 2274 in
1901 2219 2023 2291 fuga
2048 2220 2358 2290 dissipatit,

787 2318 950 2378 capto
989 2310 1153 2364 etiam
1207 2310 1359 2365 tuldo
1390 2312 1651 2366 hostium.

857 2580 986 2635 lude
1011 2580 1343 2636 Sarbarazas
1366 2596 1488 2636 cum
1519 2580 1687 2636 Saino
1716 2581 2002 2652 conjungit
2027 2597 2104 2645 se,
2123 2597 2360 2651 cumque

785 2674 1034 2743 reliquos
1070 2673 1344 2728 Barbaros
1364 2675 1735 2745 collegissent,
1761 2675 1942 2727 denuo
1963 2673 2165 2728 adoriri
2191 2673 2358 2730 Hera-

785 2765 954 2816 t-lium
981 2773 1254 2819 statuunt.
1293 2763 1495 2819 Verum
1541 2767 1588 2821 is
1624 2781 1722 2834 per
1759 2781 1952 2836 aspera
1983 2775 2038 2820 et
2089 2767 2356 2822 transitus

783 2856 1030 2911 dilliciles
1091 2857 1346 2912 habentia
1409 2859 1524 2912 loca
1566 2859 1631 2911 ad
1687 2857 2009 2912 Hunnorum
2077 2860 2354 2929 regionem

782 2949 1089 3014 contendit,
1111 2949 1528 3018 insequentibus
1555 2965 1582 3003 a
1607 2958 1759 3018 tergo
1783 2949 2059 3017 Barbaris,
2092 2965 2216 3004 cum
2237 2951 2356 3021 qui-

782 3041 903 3095 dem
940 3040 1066 3095 Lazi
1097 3052 1150 3096 et
1211 3043 1410 3113 Abasgi
1481 3043 1772 3098 formidine
1829 3045 2063 3113 correpti
2123 3045 2355 3100 desertis

784 3131 1048 3189 Romanis
1075 3134 1296 3188 domum
1321 3136 1711 3190 discesserunt.
1741 3136 1861 3202 Quo
1887 3136 2028 3190 facto
2053 3137 2352 3192 delectatus

783 3225 984 3280 Sainus
1015 3227 1277 3282 audacter
1309 3243 1434 3282 cum
1484 3228 1598 3282 suis
1637 3229 1690 3282 in
1727 3229 2033 3282 Hcraclium
2099 3230 2215 3286 ivit.
2250 3229 2350 3284 lm-
2380 3209 2424 3264 C

785 3329 1006 3387 peratur
1038 3330 1220 3374 autem
1255 3321 1468 3375 animos
1493 3337 1716 3374 suorum
1744 3321 1837 3374 tali
1867 3323 2118 3376 oratione
2147 3323 2354 3377 excita-

781 3413 858 3465 vit
890 3429 900 3459 :
941 3411 1142 3477 Nolite,
1170 3412 1392 3478 fratres,
1454 3413 1692 3467 hostium
1727 3415 2082 3469 multitudine
2118 3418 2308 3470 terreri
2339 3435 2350 3469 :

787 3521 931 3558 unus
992 3505 1137 3558 enim
1197 3514 1470 3568 nostrum,
1503 3505 1613 3559 Deo
1663 3504 1737 3558 ita
1762 3506 2000 3568 volente,
2035 3505 2182 3559 mille
2210 3507 2356 3561 viros

785 3595 1014 3664 fugabit.
1047 3593 1392 3649 lmmulemus
1423 3593 1585 3664 724
1615 3609 1714 3649 nos
1747 3592 1856 3648 Deo
1887 3592 2118 3647 fratrum
2141 3602 2356 3648 nostro-

785 3705 906 3742 rum
934 3689 1134 3752 salute,
1165 3703 1510 3756 coronasque
1539 3695 1840 3756 martyrum
1868 3686 2264 3756 adipiscamur,
2301 3696 2351 3739 ut

787 3780 1078 3846 posteritas
1111 3794 1212 3832 nos
1249 3779 1452 3832 laudet.
1495 3777 1588 3832 llis
1607 3779 1838 3848 aliisque
1867 3778 2116 3846 pluribus
2156 3784 2354 3832 cohor-

787 3881 931 3926 tatus
963 3884 1092 3925 suos
1141 3871 1264 3924 laeto
1301 3873 1446 3924 vultu
1481 3871 1652 3924 aciem
1706 3870 1949 3925 instruit.
1979 3870 2358 3924 Constiterunt

787 3964 1030 4019 adversae
1061 3965 1209 4018 acies
1241 3963 1438 4031 exiguo
1468 3963 1760 4031 interjecto
1784 3963 1982 4028 spatio,
2014 3971 2259 4030 ctusque
2290 3962 2356 4016 ad

787 4071 1070 4123 vesperam
1107 4054 1360 4110 conﬂictu
1395 4056 1807 4110 abstinuerunt.
1830 4052 2066 4124 Vespera
2101 4057 2357 4123 ingruen-

788 4161 861 4212 te,
893 4149 1189 4217 imperator
1220 4148 1272 4201 in
1309 4148 1505 4202 itinere
1544 4147 1809 4216 perrexit,
1846 4161 2066 4201 rursum
2101 4146 2358 4202 Barharis

787 4259 816 4295 a
849 4253 998 4310 tergo
1031 4242 1406 4311 sequentibus.
1447 4242 1550 4308 Qui
1591 4258 1718 4296 cum
1754 4249 1961 4302 mutata
2020 4240 2360 4310 profectione

788 4343 1135 4389 antercrtere
1195 4344 1556 4401 conarentur,
1624 4333 1940 4388 inciderunt
1995 4334 2049 4388 in
2094 4334 2357 4404 palustria

787 4424 930 4486 loca,
963 4425 1198 4494 indeque
1245 4427 1398 4479 exire
1435 4438 1634 4478 rursus
1665 4425 1840 4477 coacti
1866 4431 2014 4478 sunt.
2053 4423 2358 4494 Imperator

2470 1950 2815 2020 Βαρϐάρους.
2838 1947 2933 2000 καὶ
2961 1946 3186 2006 τούτους
3216 1945 3301 2016 IP.
3332 1942 3462 2016 415]
3490 1944 3574 1996 διὰ
3606 1943 3712 1996 τῶν
3741 1943 4051 2012 φαράγγων

2465 2043 2663 2106 διώξας
2693 2041 2872 2111 πλήθη
2904 2039 3073 2092 πολλὰ
3103 2039 3332 2093 ἀνεῖλεν.
3374 2035 3465 2090 Ἐν
3489 2036 3568 2104 τῷ
3599 2034 3802 2105 μεταξὺ
3843 2034 3900 2086 δὲ
3935 2034 4049 2085 τῶν

2465 2135 2693 2203 ἀγώνων
2749 2133 2921 2187 ὄντων
2967 2131 3171 2199 ἔφθασε
3223 2130 3316 2183 καὶ
3359 2131 3388 2182 ὁ
3441 2128 3568 2182 Σαῖν
3615 2127 3711 2180 σὺν
3739 2125 3816 2196 τῷ
3844 2123 4049 2178 ἐαυτοῦ

2467 2225 2703 2297 στρατῷ.
2735 2223 3034 2291 Συμϐαλών
3053 2223 3110 2276 δέ
3136 2222 3230 2276 καὶ
3261 2221 3375 2290 μετ’
3397 2220 3562 2274 αὑτοῦ
3586 2221 3613 2271 ὁ
3639 2217 3911 2288 βασιλεὺς,
3951 2218 4048 2268 καὶ

2468 2319 2661 2374 τοῦτον
2692 2317 2900 2389 τρέψας
2933 2315 3162 2378 πολλοὺς
3187 2313 3364 2366 ἀνεῖλε
3397 2313 3494 2366 καὶ
3541 2313 3666 2372 τοὺς
3709 2311 3930 2372 λοιποὺς
3964 2311 4046 2362 δι-

2464 2415 2688 2482 έσπειρε
2725 2408 3045 2479 φεύγοντας,
3079 2403 3354 2477 παρέλαϐε
3405 2403 3460 2457 δὲ
3491 2405 3586 2456 καὶ
3612 2403 3671 2455 τὸ
3703 2401 3920 2455 τοῦλδον
3947 2402 4047 2454 αὖ·

2461 2505 2589 2559 τῶν.

2547 2598 2604 2650 'U
2659 2597 2716 2650 δέ
2774 2591 3140 2666 Σαρδαραζᾶς
3180 2590 3400 2654 ἐνωθεὶς
3453 2588 3529 2660 τῷ
3567 2588 3696 2642 Σαῒν
3746 2588 4046 2656 ἐπισυνῆξε

2460 2693 2586 2755 τοὺς
2615 2687 3037 2756 ὑπολειφθέντας
3068 2685 3408 2756 Βαρϐάρους,
3428 2683 3524 2736 καὶ
3555 2681 3715 2736 πάλιν
3737 2679 4049 2733 διενοοῦντο

2461 2784 2602 2838 κατὰ
2653 2782 2749 2835 τοῦ
2799 2781 3064 2851 βασιλέως
3111 2779 3331 2850 χωρεῖν.
3366 2777 3426 2830 '0
3469 2776 3527 2828 δέ
3583 2773 3913 2843 Ἡράκλειος
3951 2773 4046 2824 ἐπὶ

2459 2878 2557 2946 τὴν
2587 2877 2693 2929 τῶν
2720 2873 2937 2927 Οῦννων
2965 2873 3148 2943 χώραν
3177 2872 3270 2923 καὶ
3303 2871 3422 2930 ταῖς
3459 2866 3668 2920 τούτων
3698 2864 4046 2933 δυσχωρίαις

2459 2973 2690 3043 ἧλαυνεν
2748 2969 2820 3043 ἐν¹
2845 2966 3030 3028 τόποις
3079 2962 3305 3034 τραχέσι
3353 2961 3446 3014 καὶ
3505 2957 3812 3019 δυσϐάτοις.
3866 2955 3932 3010 υἱ
3985 2954 4046 3006 δὲ

2461 3042 2733 3135 Βάρϐαροι
2774 3042 2947 3112 ὀπίσω
2973 3055 3135 3112 αὑτοῦ
3165 3053 3512 3125 ἠκολούθουν.
3560 3051 3624 3104 Οἱ
3659 3047 3840 3119 μέντοι
3869 3045 4049 3108 Λαζδὶ

2461 3155 2578 3224 ἅμα
2605 3155 2718 3214 τοῖς
2758 3150 3044 3216 ’Λὸασγοῖς
3072 3145 3437 3206 διιλιάσαντες
3462 3141 3788 3196 ἀπέσπασαν
3811 3137 4046 3197 ἑαυτοὺς

2459 3248 2559 3316 τῆς
2586 3248 2694 3299 τῶν
2726 3243 3014 3313 Ῥωμαίων
3057 3244 3376 3310 συμμαχίας
3420 3236 3513 3290 καὶ
3544 3234 3726 3288 οἴκαδε
3758 3231 4047 3300 ἀνεχώρηο

2461 3335 2686 3405 σαν.;έ’0
2717 3334 2771 3386 δέ
2809 3332 2938 3386 Σαῒν
2978 3331 3165 3402 ἡσθεὶς
3212 3329 3306 3382 ἐπὶ
3338 3327 3512 3396 τούτῳ
3542 3323 3702 3394 θυμῷ
3733 3322 3914 3392 πολλῷ
3942 3320 4045 3373 σὺν

2459 3427 2568 3488 τοῖς
2605 3423 2908 3494 Βαρϐάροις
2933 3420 3128 3491 ἐχώρει
3153 3419 3292 3472 κατὰ
3330 3413 3678 3487 Ἡρακλείου.
3725 3411 3784 3466 ὐ
3807 3412 3863 3464 δὲ
3887 3410 4048 3480 βασι-

2459 3513 2584 3574 λεὺς
2603 3513 2782 3578 λόγοις
2817 3511 2907 3562 τὸν
2932 3509 3160 3580 στρατὸν
3179 3506 3568 3576 ἀναπτερώσας
3592 3503 3822 3574 παρῄνει
3839 3503 4043 3568 λέγων·

2461 3605 2534 3657 Τὸ
2566 3603 2769 3671 πλῆθος
2796 3602 2964 3672 ὑμᾶς,
2999 3599 3238 3668 ἀδελφοὶ,
3273 3598 3348 3669 μὴ
3379 3594 3724 3667 ταραττέτω’
3759 3592 3896 3646 Θεοῦ
3930 3596 4042 3662 γάρ

2460 3698 2727 3759 θέλοντος,
2767 3689 2846 3756 εἷς
2885 3692 3066 3756 διώξει
3123 3691 3347 3760 χιλίους.
3398 3687 3663 3756 Θύσωμεν
3682 3681 3776 3738 οῦν
3809 3684 3888 3755 τῷ
3917 3687 4045 3752 Θεῷ

2461 3788 2686 3851 ἐαυτοὶς
2734 3787 2874 3857 ὑπὲρ
2924 3785 3024 3856 τῆς
3080 3783 3190 3836 τῶν
3240 3780 3484 3850 ἀδελφῶν
3525 3779 3681 3849 ἡμῶν
3736 3778 4040 3848 σωτηρίας.

2460 3881 2730 3950 Λάϐωμεν
2758 3879 2928 3948 στέφη
2958 3874 3272 3947 μαρτύρων,
3294 3874 3380 3926 ἵνα
3412 3875 3440 3926 ὁ
3477 3871 3684 3942 μέλλων
3711 3872 3858 3940 ἡμᾶς
3880 3872 4044 3923 ἐπαι-

2460 3975 2590 4046 νέσῃ
2625 3973 2835 4043 χρόνος.
2870 3968 3092 4032 Τούτοις
3119 3968 3213 4021 καὶ
3234 3967 3416 4030 ἄλλοις
3440 3964 3652 4018 πλείοσι
3685 3963 4044 4034 παραθαρρύ-

2461 4084 2556 4129 νας
2589 4067 2679 4119 τδν
2711 4062 2943 4133 στρατὸν
2973 4059 3186 4130 φαιδρῷ
3214 4059 3291 4129 τῷ
3327 4057 3602 4127 προσώπῳ
3640 4056 3891 4126 ἐξαρτύει
3949 4057 4046 4107 τὶν

2463 4158 2722 4224 πόλεμον.
2763 4154 2873 4208 Καὶ
2907 4153 3130 4214 στάντες
3157 4151 3244 4204 ἐπ’
3271 4151 3523 4221 ἀλλήλοις
3554 4149 3661 4202 ἀπὸ
3696 4145 3896 4218 μικροῦ
3925 4147 4045 4198 δια-

2463 4251 2735 4318 στήματος
2787 4246 2956 4299 ἕωθεν
3011 4244 3201 4315 μέχρις
3249 4243 3486 4312 ἑσπέρας
3543 4241 3793 4311 ἀλλήλοις
3821 4240 3882 4292 οῦ
3916 4257 4047 4291 συν-

2461 4340 2675 4392 έϐαλον.
2718 4338 2987 4410 Ἐσπέρας
3028 4337 3085 4392 δὲ
3135 4334 3598 4403 καταλαϐούσηςὸ
3636 4331 3890 4403 βασιλεὺς
3940 4330 4043 4399 τῆς

2459 4430 2770 4500 ὁδοιπορίας
2805 4429 2999 4498 εἴχετο,
3024 4429 3117 4482 καὶ
3144 4429 3193 4480 οἱ
3223 4427 3496 4494 Βάρδαροι
3519 4426 3679 4478 πάλιν
3724 4424 3898 4477 ὀπίσω
3943 4428 4044 4476 αὐ-

791 4526 974 4570 autcm
1012 4532 1134 4570 cum
1182 4517 1335 4585 juxta
1393 4515 1830 4570 Persarmcniam
1884 4516 2132 4579 duceret,
2184 4532 2409 4600 caque]

2463 4522 2556 4592 τοῦ
2591 4519 2944 4590 ἠκολούθουν.
2987 4518 3404 4584 Ἐναλλὰξαντες
3439 4518 3496 4571 δὲ
3537 4517 3635 4588 τὴν
3658 4517 3796 4579 ὁδὸν,
3826 4517 4042 4585 προλα-

789 4607 940 4677 regio
975 4605 1161 4662 Persis
1213 4609 1486 4672 subesset,
1538 4609 1692 4661 multi
1723 4623 1786 4663 ex
1817 4623 1880 4662 ea
1904 4608 1970 4661 ad
1997 4607 2355 4669 Sarbarazam

789 4700 1018 4767 profecti
1039 4700 1227 4769 copias
1257 4699 1374 4769 ejus
1406 4707 1677 4753 auxerunt
1703 4716 1715 4752 :
1755 4700 1848 4753 sed
1871 4700 2048 4755 hieme
2071 4710 2360 4770 appetente

787 4795 1012 4846 domum
1048 4793 1283 4862 quisque
1315 4808 1469 4847 suam
1502 4792 1899 4846 discesserunt.
1966 4791 2044 4844 Eo
2077 4803 2361 4862 comperto

787 4887 1074 4940 lleraclius
1144 4898 1312 4940 noctu
1381 4888 1577 4940 statuit
1625 4885 1812 4940 boues
1856 4885 2097 4955 aggredi.
2172 4885 2360 4956 Itaque

805 4978 1028 5032 lelectos
1057 4979 1270 5047 equites
1299 4977 1495 5031 robore
1529 4977 2017 5045 praestantissimos
2037 4987 2089 5029 et
2122 4978 2352 5030 militum

790 5074 1124 5124 lt)l'llSSitllOS
1185 5073 1492 5140 praecedere
1565 5070 1748 5138 jubet,
1791 5069 1908 5138 ipse
1966 5084 2088 5123 cum
2129 5069 2354 5137 reliquis

796 5162 1176 5229 suhsrquitttr.
1243 5164 1319 5216 Ita
1391 5162 1622 5215 Rounaui
1681 5160 2009 5215 festinantes
2069 5162 2354 5214 castellum

793 5252 1126 5306 Albanorum
1155 5253 1286 5308 hora
1317 5253 1494 5306 noctis
1521 5268 1658 5306 nona
1679 5259 1971 5321 occupant.
2003 5251 2212 5316 Quibus
2232 5269 2354 5306 cum

789 5344 989 5410 Persae,
1023 5346 1257 5400 adventu
1297 5363 1487 5401 eorum
1524 5345 1764 5416 cognito,
1801 5355 2175 5402 occurrerent.
2212 5345 2362 5399 orci-

2464 4615 2582 4690 ϐεῑχ
2615 4611 2804 4664 τοῦτον
2861 4611 3194 4681 βουλόμενοι,
3217 4610 3587 4679 ἐμπίπτουσιν
3617 4609 3697 4670 εις
3728 4608 3896 4660 τόπον
3917 4609 4045 4660 τελ-

2464 4705 2707 4775 ματώδη,
2741 4704 2836 4757 καὶ
2875 4703 3304 4772 ἡναγκάσθησαν
3355 4701 3611 4768 ἐξελθεῖν.
3655 4699 3716 4753 ’0
3767 4700 3824 4752 δὲ
3885 4699 4044 4767 βασι·

2462 4799 2584 4860 λεῦς
2611 4797 2710 4866 τὴν
2743 4796 2844 4863 γῆν
2879 4794 3295 4866 Περσαρμινίας
3326 4795 3651 4864 παρέτρεχε.
3686 4793 3797 4861 Τῆς
3841 4792 3948 4860 γῆς
3983 4793 4045 4845 δέ

2459 4889 2674 4959 ἐκείνης
2707 4890 2813 4942 ὑπὸ
2843 4888 2951 4941 τῶν
2984 4888 3210 4958 Περσῶν
3240 4885 3626 4956 κρατουμένης
3660 4886 3847 4938 πολλοὶ
3911 4903 4044 4938 συν-

2461 4982 2681 5048 έτρεχον
2724 4979 2804 5048 τῷ
2849 4977 3201 5049 Σαρσαραζᾷ,
3237 4979 3334 5030 καὶ
3387 4977 3603 5047 ηὐξεῖτο
3626 4978 3654 5029 ὁ
3679 4975 3801 5037 λαὸς
3830 4975 3999 5028 αὑτοῦ
4023 4995 4035 5006 ·

2459 5069 2724 5140 χειμῶνος
2759 5068 2815 5120 δὲ
2855 5069 3241 5137 ἐπιγενομένου
3279 5066 3615 5137 ἐσκορπίσθη
3667 5066 3901 5127 ἕκαστος
3958 5066 4046 5126 εἰς

2457 5164 2550 5215 τὸν
2583 5163 2713 5216 ἴδιον
2762 5163 2950 5216 τόπον.
2998 5161 3170 5214 Τοῦτο
3207 5162 3396 5230 μαθὼν
3426 5162 3454 5213 ὁ
3489 5160 3738 5228 βασιλεὺς
3777 5159 4042 5212 διενοεῖτο

2462 5256 2520 5307 ἐν
2582 5254 2736 5306 νυκτὶ
2784 5253 2977 5321 κλέψαι
3023 5253 3115 5305 τὴν
3172 5251 3425 5322 πόλεμον.
3471 5253 3582 5304 Καὶ
3644 5251 4042 5321 ἐπιλεξάμενος

2463 5345 2665 5409 ἵππους
2707 5346 2995 5408 εύσθενεῖς,
3029 5345 3126 5398 καὶ
3167 5344 3264 5398 τοῦ
3316 5343 3545 5414 στρατοῦ
3573 5343 3700 5405 τους
3727 5343 4044 5412 ἀνδρειοτέο

1936 5479 2287 5536 XYLANDRI
2327 5481 2415 5535 ET
2453 5483 2662 5538 GOARI
2703 5482 2930 5538 NOTAE.

860 5595 974 5667 (46)
1002 5597 1197 5652 Castra
1221 5598 1415 5665 posuit.
1469 5598 1620 5649 Hane
1667 5611 1788 5650 esse
1822 5596 1982 5665 hujus
2014 5599 2165 5650 vocis
2181 5597 2351 5665 signi-

793 5668 1126 5731 ficatiouetn,
1173 5683 1236 5721 cx
1265 5670 1547 5735 frequente
1580 5667 1697 5731 ejus
1735 5685 1834 5721 usu
1906 5669 2045 5735 apud
2100 5679 2345 5719 nostrum

791 5739 1140 5800 deprehendi,
1227 5739 1301 5790 rei
1380 5737 1568 5788 notitia
1634 5739 1922 5793 harbarum
2019 5737 2344 5789 vocabulum

791 5807 1114 5874 explicante.
1177 5808 1307 5862 Xu.
1357 5805 1880 5870 ωυἘπλήιιευσεΓ.
1940 5807 2131 5863 Castra
2171 5807 2342 5880 appli-

2459 5602 2590 5656 cuit.
2620 5600 2870 5656 admovit.
2895 5608 3091 5662 posuit,
3135 5599 3272 5666 ﬁxit.
3332 5597 3407 5650 Ita
3463 5595 3666 5650 Paulus
3728 5594 4033 5650 Diaconus.

2460 5671 2694 5723 Verbum
2751 5686 2777 5721 a
2835 5670 3025 5722 [.atina
3066 5671 3246 5736 lingua
3307 5667 3617 5722 traductum
3647 5676 3730 5721 cst
3766 5666 3828 5719 τῦ
3863 5668 4039 5738 ἀπλη-

2457 5743 2621 5805 κιύω,
2655 5750 2825 5794 castra
2863 5749 3043 5792 metor.
3089 5740 3256 5792 Gutta.
