4226 6444
241 421 344 480 79έῖ

1283 417 1829 478 HISTORIARUM
1871 417 2021 478 (30M
2036 418 2407 480 PENDIUM.

3403 420 3515 487 ται

240 549 363 601 ρους
406 529 619 595 διελὼν,
647 528 917 599 προάγειν
963 529 1083 593 τοὺς
1122 527 1220 599 μὲν
1252 528 1509 581 ἐκέλευσε
1542 527 1683 579 κατά
1732 526 1825 579 τοῦ

1933 528 2093 582 dione
2121 543 2148 580 a
2179 528 2443 583 Romanis
2474 528 2600 586 emsi
2637 536 2786 594 sunt,
2809 530 2947 596 solo,
2974 539 3035 585 ut
3066 532 3361 601 proverbio
3390 534 3498 588 diei

242 624 559 695 Βαρϐάρςευ,
601 621 765 687 αὐτὸς
793 623 849 677 δὲ
886 623 983 677 σὺν
1015 624 1127 684 τοῖς
1169 621 1376 690 ἑτέροις
1407 619 1584 672 όπίσω
1614 617 1821 670 τούτων

235 719 445 773 εἵπετο.
482 717 829 778 Σπεύσαντες
882 715 940 769 δὲ
968 714 1273 768 κατέλαϐον
1305 712 1506 782 χωρίον
1549 710 1825 764 Ἀλϐανῶν

236 810 355 879 ὥρα
390 810 436 862 θ’
482 809 584 878 τῆς
639 806 857 870 νυκτός.
912 806 1034 859 Τῶν
1085 806 1141 858 δὲ
1201 806 1427 875 Περσῶν
1459 805 1701 871 γνόντων
1730 803 1830 871 τὴν

236 900 422 966 ἔξοδον
470 899 565 951 καὶ
608 897 972 969 ὁρμησάντων
1027 896 1148 949 κατ’
1203 896 1402 955 αὐτῶν,
1450 896 1498 949 οί
1564 894 1829 963 Ῥωμαῖοι

234 992 455 1053 τούτους
480 993 685 1052 πάντας
729 990 962 1051 ἀνεῖλον,
1002 987 1175 1055 πάρεξ
1205 987 1342 1051 ἐνδς,
1375 986 1437 1039 τί)
1470 984 1561 1039 τοῦ
1650 984 1829 1048 λόγου,

236 1082 622 1153 πυρφόρου,δς
648 1084 741 1134 καὶ
769 1081 848 1150 τῷ
879 1079 1149 1150 Βαρὸἀρῳ
1181 1080 1471 1148 ἐμήνυσεν.
1515 1077 1575 1129 Ὀ
1610 1077 1665 1129 δὲ
1692 1076 1829 1145 Βάρ-

238 1177 404 1244 ϐαρος
457 1175 662 1243 γυμνὸς
704 1176 799 1228 καὶ
854 1173 1185 1229 ἀνυπόδετος
1245 1172 1398 1241 ἵππῳ
1440 1170 1637 1230 ἐπιϐὰς
1678 1171 1826 1237 φυγῇ

235 1267 335 1333 τὴν
374 1263 649 1336 σωτηρίαν
681 1266 986 1334 ἐπορίζετο.
1033 1264 1238 1316 Τούτου
1268 1263 1367 1325 τάς
1419 1262 1826 1328 γυναῖκαςίκαὶ

238 1360 349 1410 πᾶν
384 1358 445 1409 τὸ
478 1359 745 1427 Περσικὸν
772 1358 955 1421 ἄνθος,
1015 1355 1285 1425 ἄρχοντάς
1320 1371 1379 1407 τε
1413 1356 1505 1406 καὶ
1536 1354 1825 1421 σατράπας

236 1453 333 1504 καὶ
366 1454 706 1521 στρατιώτας
750 1453 1073 1513 ἐπιλέκτους
1121 1448 1445 1502 καταλαϐὼν
1498 1448 1824 1508 ἀνελθόντας

236 1546 335 1597 ἐττλ⁵
368 1546 475 1597 τῶν
507 1547 776 1615 δωμάτων
802 1547 895 1598 καὶ
929 1544 1167 1612 πόλεμον
1206 1541 1560 1611 κροτοῦντας,
1594 1538 1681 1590 διὰ
1716 1555 1821 1589 πυ-

238 1640 327 1707 ρὸς
363 1639 601 1701 καθεῖλε,
636 1639 727 1690 καὶ
758 1638 852 1699 οὓς
879 1637 976 1706 μέν
1007 1636 1266 1699 ἔκτεινεν,
1324 1632 1415 1694 οὒς
1443 1632 1497 1683 δὲ
1520 1630 1656 1701 πυρὶ
1692 1628 1822 1682 ἀνά-

236 1730 433 1790 λωσεν,
471 1729 565 1791 οὓς
598 1729 654 1781 δέ
694 1727 1080 1799 αἰχμαλώτους
1115 1728 1308 1780 ἐλαϐεν
1330 1742 1343 1755 ·
1385 1725 1556 1791 ὀλίγοι
1582 1725 1638 1777 δὲ
1681 1725 1821 1776 πάνυ

1930 621 2094 682 solet.
2134 620 2376 691 facigero
2412 623 2734 691 superstite,
2770 622 2863 692 qui
2883 624 3091 676 cladem
3148 624 3388 679 Barbaro
3424 627 3511 679 in-

1937 712 2161 766 dicavit.
2191 712 2470 766 Barbarus
2503 713 2687 767 nudus
2723 719 2778 765 et
2801 711 2921 765 sine
2955 714 3156 769 calceis
3205 715 3516 783 can'insi-

1933 804 2056 869 luit,
2092 804 2326 875 fugaque
2350 806 2455 860 sibi
2492 808 2794 863 consuluit.
2826 808 3004 876 Hujus
3028 822 3225 862 uxores
3256 817 3308 861 et
3345 807 3519 863 Persi-

1933 910 2057 949 cum
2105 894 2294 948 florem
2341 911 2585 964 onmem,
2648 899 3041 971 principesque
3073 908 3127 954 et
3160 908 3411 968 satrapas
3463 908 3518 951 et

1935 985 2180 1041 delectos
2211 973 2435 1053 milites,
2466 1006 2590 1044 cum
2636 1005 2804 1059 super
2832 1000 2975 1046 tecta
3015 991 3305 1044 domorum
3347 988 3510 1059 725

1937 1079 2255 1148 confugisse
2309 1095 2372 1133 ac
2433 1081 2811 1136 defensionem
2874 1082 3053 1135 moliri
3114 1082 3349 1143 videret,
3389 1082 3514 1149 igne

1942 1171 2197 1239 conjecto
2259 1172 2490 1242 depulit,
2559 1175 2807 1245 aliosque
2878 1174 3177 1237 interfecit,
3248 1172 3517 1242 quO‘sdam

1934 1264 2222 1327 cremavit,
2292 1266 2535 1333 reliquos
2570 1267 2734 1329 cepit,
2787 1266 3081 1335 perpaucis
3134 1264 3259 1334 fuga
3290 1264 3512 1333 elapsis.

1934 1354 2146 1409 Potitus
2192 1365 2277 1411 est
2343 1357 2507 1412 etiam
2584 1360 2751 1412 armis
2795 1358 3046 1420 Barbari,
3081 1372 3249 1411 aureo
3279 1365 3439 1410 scuto
3463 1364 3517 1409 et

1932 1448 2115 1516 gladio
2173 1456 2228 1501 et
2259 1449 2414 1502 hasta
2464 1464 2525 1502 ac
2547 1449 2769 1520 cingulo
2799 1464 2966 1504 aureo
3000 1458 3277 1518 gemmato
3323 1455 3377 1501 et
3403 1446 3519 1500 cal-

1931 1539 2065 1593 ceis.
2095 1537 2223 1594 Inde
2252 1539 2307 1592 in
2334 1556 2430 1595 eos
2458 1542 2616 1595 duxit
2647 1542 2737 1610 qui
2767 1557 2863 1609 per
2891 1556 3053 1611 agros
3068 1540 3302 1611 dispersi
3334 1547 3513 1603 erant;

1934 1645 2141 1700 eosque
2198 1634 2479 1689 insecutus
2539 1636 2745 1690 multos
2800 1636 3021 1699 occidit,
3093 1635 3293 1689 multos
3349 1630 3514 1700 cepit.

1936 1723 2071 1777 Exin
2131 1728 2432 1782 contractis
2480 1727 2637 1782 hilari
2675 1728 2860 1781 animo
2888 1726 3061 1796 copiis
3117 1725 3191 1779 ibi
3228 1724 3515 1778 hiemavit.

238 1822 501 1887 φυγόντες
531 1819 835 1890 ἐσώθησαν.
872 1818 1075 1872 Ἐλασε
1110 1818 1165 1871 δὲ
1201 1818 1297 1870 καὶ
1323 1817 1391 1870 τὰ
1418 1816 1557 1869 ὅπλα
1577 1815 1663 1886 [Ρ.
1689 1814 1816 1886 414]
1858 1814 1950 1868 τοῦ
1985 1816 2293 1886 Βαρδέιρου,
2334 1820 2435 1887 τήν
2463 1836 2523 1872 τε
2554 1820 2763 1889 χρυσῆν
2795 1820 3021 1883 ἀσπίδα,
3062 1819 3156 1871 καὶ
3214 1818 3514 1890 μάχαιραν,

239 1919 336 1968 καὶ
367 1916 515 1984 δόρυ,
555 1915 651 1965 καὶ
680 1912 777 1982 τὴν
800 1913 1009 1982 χρυσῆν
1043 1911 1136 1964 καὶ
1164 1910 1402 1963 διάλιθον
1425 1908 1625 1977 ζώνην,
1668 1907 1765 1960 καὶ
1823 1907 1891 1958 τὰ
1930 1908 2256 1977 ὑποδήματα
2290 1910 2478 1964 αὐτοῦ.
2506 1910 2695 1964 Ταῦτα
2729 1910 2784 1963 δὲ
2812 1910 2994 1963 λαϐὼν
3027 1912 3196 1980 χωρεί
3218 1910 3359 1963 κατὰ
3400 1909 3512 1961 τῶν

238 2007 656 2075 διεσπαρμένων
688 2007 747 2057 ἐν
788 2006 897 2065 τοῖς
939 2003 1184 2074 χωρίοις,
1220 2000 1313 2064 οὓς
1340 2001 1435 2054 καὶ
1469 1999 1664 2063 διώξας
1697 1996 1925 2059 πολλοὺς
1964 1997 2171 2051 ἔκτεινε
2205 1998 2301 2053 καὶ
2373 2001 2627 2071 δεσμίους
2691 2001 2904 2055 ἐλαϐεν.
2971 1996 3103 2053 Εἶτα
3182 2001 3515 2066 ἐπισυνάξας

236 2101 299 2153 τὸ
330 2098 524 2154 ἑαυτοῦ
562 2095 924 2167 στρατόπεδον
959 2095 1097 2165 μετὰ
1143 2096 1319 2164 χαρᾶς
1345 2096 1401 2145 ἐν
1438 2093 1666 2154 ἐκείνοις
1698 2094 1812 2152 τοῖς
1850 2091 2039 2153 τόποις
2066 2093 2473 2162 παρεχείμασε.

311 2192 407 2263 Τῷ
448 2198 506 2244 ιε’
537 2189 668 2252 ἔτει,
691 2191 717 2239 ὁ
740 2188 992 2259 βασιλεὺς
1031 2186 1352 2255 Ἡράκλειος
1375 2186 1511 2255 μετά
1540 2184 1633 2237 τοῦ
1662 2202 1825 2252 στρα-

2002 2185 2162 2237 Anno
2196 2186 2279 2251 15,
2348 2186 2637 2241 Heraclius
2689 2201 2813 2240 eum
2846 2188 3113 2249 exercitu,
3148 2187 3343 2243 itinere
3368 2190 3513 2257 quod

242 2284 472 2337 τοπέδου
528 2280 695 2335 αύτοῦ
750 2278 849 2349 τὴν
890 2275 1004 2329 τῶν
1051 2276 1241 2345 Σύρων
1296 2275 1414 2327 ὁδὸν
1469 2274 1569 2343 τὴν
1623 2272 1716 2324 ἐπὶ
1750 2270 1829 2340 τῷ

244 2374 447 2445 Ταύρῳ
469 2371 736 2441 ύπερὸἀς,
764 2373 820 2424 ἐν
848 2366 988 2422 ὲπτά
1018 2366 1254 2437 ἡμέραις
1279 2366 1433 2435 κόπῳ
1458 2364 1637 2434 πολλῴ
1662 2382 1828 2416 κατα-

243 2466 515 2536 λαμϐάνει
545 2464 636 2517 τὸν
667 2464 860 2532 Τίγριν
891 2460 1159 2529 ποταμὸν,
1193 2456 1313 2511 εἶτα
1343 2457 1442 2527 τὴν
1471 2456 1834 2527 Μαρτυρόπο-

246 2561 327 2612 λιν
358 2558 460 2612 καὶ
493 2556 591 2627 τὴν
620 2556 888 2625 Ἀμιὸαν·
944 2552 1037 2606 καὶ
1082 2550 1504 2605 διαναπαύονται
1532 2550 1558 2602 ὅ
1584 2566 1643 2601 τε
1671 2566 1835 2618 στρα-

246 2650 333 2713 τδς
364 2650 462 2703 καὶ
490 2650 523 2718 ἠ
550 2644 915 2719 αἱχμαλωσία.
956 2642 1240 2698 Ἐντεῦθεν
1273 2643 1580 2712 γράμματα
1615 2642 1750 2710 πρὸς
1772 2640 1833 2692 τὸ

247 2741 548 2805 Βυζάντιον
582 2736 968 2803 ἐξαπέστειλεν
989 2737 1015 2787 ό
1042 2734 1320 2803 βασιλεὺς,
1348 2729 1539 2785 καὶτὰ
1557 2732 1676 2785 καθ’
1710 2735 1833 2786 ἐαυ-

245 2836 337 2887 τδν
375 2834 554 2886 πάντα
587 2830 850 2901 ἐδήλωσε,
889 2828 983 2881 καὶ
1016 2827 1193 2897 χαρὰν
1218 2829 1283 2897 τῇ
1317 2824 1464 2878 πόλει
1492 2825 1828 2894 ἐνεποίησεν.

259 2928 315 2981 '0
343 2927 403 2979 δὲ
422 2924 781 2993 Σαρὸαραζᾶς
798 2921 999 2991 ἐπῆλθε
1026 2922 1146 2973 κατ’
1187 2918 1373 2972 αὐτοῦ.
1418 2916 1835 2985 Ἐπιλεξάμενος

245 3022 303 3072 δὲ
338 3024 364 3073 ό
391 3019 647 3088 βασιλεὺς
682 3016 801 3086 ῐλην
835 3012 1188 3084 στρατιωτῶν
1223 3011 1514 3063 ἀπέστειλε
1542 3010 1833 3078 φυλάττειν

246 3112 342 3172 τὰς
376 3111 515 3179 πρὸς
568 3109 731 3162 αὐτὸν
766 3105 1007 3174 ἀγούσας
1045 3103 1390 3172 κλεισούρας,
1418 3102 1513 3154 καὶ
1540 3103 1699 3165 αὐτὸς
1736 3102 1835 3163 τὰς

247 3202 385 3271 πρὸς
416 3198 709 3267 ’Δνατολὴν
755 3195 1047 3266 ἐκδραμὼν
1101 3194 1368 3259 διεξόδους
1420 3193 1834 3262 ἀντιπρόσωπος

245 3294 331 3364 ᾔει
367 3294 485 3355 τοῖς
515 3290 842 3361 Βαρόἀροις,
866 3289 960 3341 καὶ
995 3286 1243 3357 περάσας
1273 3286 1363 3338 τὸν
1396 3284 1648 3353 Νυμφιον
1675 3285 1837 3336 hora-

249 3385 353 3454 μὸν
385 3382 656 3437 κατέλαΰε
698 3380 790 3433 τὸν
824 3379 1138 3449 Εὐφράτην,
1174 3378 1231 3429 ἐν
1264 3366 1308 3444 ᾧ
1331 3378 1362 3446 ἠ
1386 3376 1593 3445 πλεκτὴ
1622 3375 1836 3443 γέφυρα

246 3481 309 3531 ὲκ
340 3475 598 3548 σχοινίων
640 3475 733 3528 καὶ
778 3474 945 3543 ἐρίων
978 3467 1067 3542 ἦν,
1090 3473 1159 3539 ἣν
1199 3470 1227 3521 ό
1278 3469 1638 3539 Σαρθαραζᾶς
1670 3468 1836 3529 λύσας

1936 2291 2031 2344 per
2097 2276 2335 2331 Taurum
2370 2289 2615 2333 montem
2654 2279 2711 2333 in
2766 2280 2982 2350 Syriam
3044 2280 3196 2334 ducit
3228 2293 3509 2351 superato,

1934 2371 2169 2437 septimo
2198 2371 2287 2425 die
2314 2382 2437 2440 post
2486 2371 2815 2426 exhaustum
2867 2386 3126 2442 magnum
3162 2372 3403 2427 laborem
3446 2374 3515 2427 ad

1936 2464 2143 2533 Tigrim
2171 2462 2397 2517 fluvium
2436 2463 2706 2530 pervenit.
2739 2461 2869 2517 Inde
2921 2478 3017 2533 per
3046 2463 3432 2535 Martyropolin
3464 2474 3517 2519 et

1935 2557 2187 2611 Amidam
2217 2554 2386 2608 urbes
2419 2554 2616 2608 itinere
2675 2553 2823 2609 facto
2856 2556 3156 2611 exercitum
3186 2563 3240 2610 et
3274 2557 3520 2624 captivos

1941 2652 2130 2722 quiete
2179 2649 2390 2705 refecit.
2453 2649 2695 2718 Indeque
2725 2648 2943 2705 litteras
2963 2648 3032 2703 de
3055 2650 3223 2705 rebus
3254 2650 3368 2704 suis
3399 2647 3515 2719 By-

1936 2743 2183 2797 zantium
2245 2741 2427 2803 misit,
2478 2756 2601 2809 quae
2652 2756 2910 2812 magnum
2970 2742 3026 2795 in
3079 2741 3217 2796 urbe
3260 2742 3518 2809 gaudium

1937 2836 2348 2893 excitaverunt.
2385 2834 2725 2889 Sarbarazas
2750 2848 2917 2905 porro
2946 2833 3216 2889 adversus
3245 2850 3366 2887 eum
3401 2842 3519 2888 ten-

1943 2926 2131 2982 debat.
2164 2926 2291 2982 ldco
2318 2927 2601 2983 Heraclins
2624 2927 2794 2982 misso
2831 2927 3066 2981 militum
3100 2928 3316 2993 agmine
3340 2927 3519 2979 claus-

1938 3029 2043 3083 tra,
2098 3020 2300 3090 quibus
2358 3018 2423 3074 ad
2456 3035 2580 3074 eum
2640 3020 2743 3073 iter
2793 3029 2934 3083 erat,
2966 3034 3187 3074 servare
3238 3018 3519 3086 jubet;et

1940 3114 2057 3182 ipse
2111 3128 2208 3181 per
2267 3112 2448 3167 exitus
2510 3110 2790 3181 profectus
2852 3111 2942 3179 qui
2996 3126 3190 3165 versus
3240 3110 3517 3164 Orientem

1938 3214 2091 3266 sunt,
2147 3204 2441 3257 adversum
2501 3218 2558 3257 se
2604 3201 2864 3257 Barbarie
2924 3200 3049 3257 fert.
3082 3201 3220 3256 Tum
3248 3201 3520 3273 Nymphio

1941 3313 2099 3352 amne
2136 3298 2363 3365 traiecto
2393 3297 2459 3350 ad
2488 3295 2806 3364 Euphraten
2834 3297 3103 3366 pervenit.
3132 3296 3261 3349 Erat
3290 3298 3337 3352 is
3356 3303 3521 3365 ponte

1939 3406 2001 3445 ex
2037 3388 2264 3443 funibus
2295 3400 2347 3442 et
2397 3390 2519 3441 lana
2548 3397 2809 3442 contexto
2865 3389 3132 3443 instratus
3160 3405 3176 3455 ;
3206 3404 3366 3457 quem
3393 3388 3522 3443 Sar-

1941 3480 2169 3533 barazas
2188 3478 2424 3533 solutum
2453 3479 2504 3531 in
2530 3479 2754 3533 alteram
2786 3490 2991 3549 partem
3014 3487 3184 3532 totum
3211 3478 3516 3535 transtulit.

246 3570 337 3623 ἐπὶ
503 3568 699 3636 ἑτέραν
745 3565 851 3633 γῆν
898 3564 1082 3617 πᾶσαν
1117 3562 1412 3630 μετήγαγε.
1452 3558 1833 3627 Παραδραμὼν

1940 3572 2211 3625 Castorum
2274 3570 2562 3624 Heraclius
2596 3546 2798 3624 vadum
2837 3570 3088 3625 fluminis
3126 3572 3352 3639 reperit,
3390 3571 3519 3625 dum

242 3663 299 3713 δὲ
325 3666 352 3714 ὀ
374 3660 630 3732 βασιλεὺς
653 3660 743 3711 τὸν
764 3658 1011 3725 ποταμὶν
1038 3649 1162 3724 εὗρε
1194 3653 1380 3721 πόρον,
1414 3653 1506 3703 καί
1535 3650 1835 3712 ἀκινδύνως

243 3752 438 3805 τοῦτον
461 3751 699 3819 ἐπέρασε
723 3747 1039 3818 παραδόξως
1065 3746 1142 3814 τῷ
1168 3745 1398 3814 Μαρτίῳ
1430 3743 1577 3813 μηνί.
1601 3743 1708 3795 Καὶ
1746 3758 1839 3794 κα-

242 3844 506 3898 ταλαϐὼν
536 3845 605 3895 τά
636 3842 947 3911 Σαμόσατα,
971 3840 1135 3893 πάλιν
1165 3839 1257 3890 τὸν
1293 3838 1506 3906 Ταῦρον
1532 3835 1725 3897 διαϐὰς
1757 3836 1837 3896 εἰς

242 3935 660 4005 Γερμανίκειαν
713 3932 962 3999 ἀφίκετο,
1023 3932 1117 3983 καὶ
1163 3930 1413 3997 περάσας
1462 3928 1563 3998 τὴν
1601 3929 1836 3980 ’Λδαναν

242 4023 415 4096 ἦλθεν
452 4015 533 4089 εἷς
567 4027 657 4078 τὸν
701 4024 915 4095 Ταῦρον
968 4023 1235 4092 ποταμόν.
1283 4019 1341 4072 '0
1373 4021 1429 4073 δὲ
1476 4019 1838 4090 Σαρϐαραζᾶς

245 4120 342 4191 τὴν
375 4120 633 4188 γέφυραν
662 4117 825 4171 πάλιν
860 4116 1105 4177 ἐκτείνας
1140 4115 1233 4167 τὸν
1268 4113 1560 4182 Εὐφράτην
1596 4111 1837 4180 ἐπέρασε

244 4214 339 4263 καὶ
370 4208 666 4280 ἠκολούθει
693 4207 868 4259 ὀπίσω
896 4205 1084 4260 αὑτοῦ.
1125 4206 1183 4259 Ὀ
1226 4206 1281 4257 δέ
1313 4204 1565 4274 βασιλεὺς
1596 4203 1838 4272 περάσας

242 4303 336 4357 τὸν
389 4302 572 4372 Σάρον
613 4302 943 4354 διανέπαυσε
973 4299 1063 4352 τὸν
1111 4297 1357 4367 στρατόν.
1414 4296 1839 4365 Καταλαμσάνει

242 4396 300 4448 δὲ
331 4396 430 4449 καὶ
463 4397 493 4448 ό
532 4392 820 4463 Βάρόαρος
850 4394 929 4454 εἰς
981 4391 1043 4442 τὸ
1082 4391 1379 4460 ἀντίπεραν
1416 4390 1601 4458 μέρος.
1653 4388 1839 4458 Εύρὼν

242 4486 299 4537 δὲ
349 4485 448 4537 τὸν
502 4483 753 4551 ποταμδν
786 4483 882 4533 καὶ
926 4480 1026 4549 τὴν
1055 4479 1301 4549 γέφυραν
1351 4480 1446 4531 καὶ
1487 4479 1556 4529 τὰ
1604 4480 1661 4529 ἐν
1692 4478 1841 4546 αύτῷ

244 4581 579 4650 προπύργια
620 4576 967 4648 κρατηθέντα
1020 4575 1127 4627 ὑπὸ
1174 4575 1283 4627 τῶν
1326 4572 1611 4638 Ῥωμαίων
1666 4572 1843 4642 ἠπλή-

243 4688 468 4724 κευσεν.
503 4672 569 4722 Οἱ
618 4669 677 4721 δὲ
722 4668 985 4737 Ῥωμαῖοι
1037 4666 1287 4728 ἀτάκτως
1337 4664 1688 4735 ἐκτρέχοντες
1753 4665 1843 4716 διά

241 4766 341 4834 τῆς
376 4761 636 4833 γεφύρας
680 4760 848 4813 πολὺν
892 4758 1053 4827 φόνον
1086 4756 1369 4811 ἐποιοῦντο
1399 4756 1627 4826 Περσῶν
1649 4772 1665 4787 ο
1702 4750 1784 4817 οἷς
1813 4757 1841 4808 ὀ

1941 3664 2007 3717 ad
2055 3664 2229 3731 ripam
2292 3662 2412 3730 ejus
2485 3662 2769 3717 decurrit:
2830 3663 3015 3732 itaque
3050 3672 3247 3732 praeter
3274 3664 3521 3718 omnium

1941 3753 2256 3821 opinionem
2292 3752 2609 3821 Euphraten
2655 3754 2853 3808 transit
2913 3768 3103 3808 mense
3145 3755 3360 3808 Martio.
3396 3754 3524 3809 Inde

1940 3845 2223 3913 occupatis
2246 3842 2554 3899 Samosatis
2593 3860 2814 3899 rursum
2842 3843 3085 3898 Taurum
3117 3845 3285 3915 726
3316 3848 3520 3901 transit

1941 3946 1995 3991 et
2020 3936 2427 3991 Germaniciam
2462 3936 2737 4007 pervenit,
2773 3936 3076 4007 Adanaque
3126 3947 3417 4007 peragrata
3452 3938 3520 3991 ad

1942 4029 2185 4082 Taurum
2244 4043 2461 4081 amnem
2543 4029 2778 4082 accedit.
2876 4029 3099 4082 Interim
3188 4026 3524 4084 Sarbarazas

1941 4136 2183 4183 rursum,
2214 4129 2379 4190 ponte
2408 4127 2651 4183 extento,
2716 4119 3034 4189 Euphraten
3072 4119 3276 4188 trajicit
3306 4118 3515 4173 Roma-

1942 4228 2157 4282 nosque
2221 4212 2556 4282 insequitur.
2629 4213 2935 4278 Imperator
2997 4210 3137 4265 Saro
3198 4212 3525 4266 transmisso

1943 4303 2250 4357 exercitum
2314 4305 2498 4371 quiete
2565 4302 2800 4358 relaxat.
2845 4301 3006 4358 Venit
3061 4313 3115 4357 et
3144 4302 3425 4359 Barbarus
3456 4306 3522 4358 ad

1944 4397 2170 4450 alteram
2203 4394 2447 4450 fluminis
2476 4404 2711 4465 partem,
2736 4411 2971 4465 cumque
2999 4404 3254 4451 cerneret
3280 4410 3520 4461 amnem,

1944 4497 2164 4555 pontem
2191 4494 2244 4540 et
2271 4486 2689 4556 propugnacula
2719 4486 2773 4541 in
2792 4501 2859 4543 eo
2885 4502 2916 4541 a
2949 4486 3211 4541 Romanis
3233 4497 3522 4555 occupata,

1945 4587 2123 4632 castra
2162 4577 2369 4646 posuit.
2416 4562 2651 4632 Romani
2684 4592 2852 4648 porro
2911 4578 3281 4647 incomposito
3310 4579 3526 4648 agmine

1947 4685 2045 4739 per
2076 4678 2298 4738 pontem
2343 4669 2942 4723 excurrentesmtultos
2974 4668 3174 4723 Persas
3231 4668 3526 4722 interfece-

1948 4771 2098 4823 runt,
2124 4760 2499 4829 nequidquam
2527 4758 2861 4829 imperatore
2886 4768 3142 4814 monente
3174 4775 3241 4813 ne
3271 4760 3343 4813 ita
3376 4760 3528 4814 nullo

246 4858 515 4926 βασιλεὺς
568 4851 802 4922 παρῄνει
855 4850 929 4920 μὴ
976 4850 1255 4918 ἐκτρέχειν
1309 4847 1584 4909 ἀτάκτως.
1616 4848 1835 4931 ,μήπως

1952 4853 2149 4923 ordine
2180 4860 2545 4921 evagarentnr
2575 4860 2741 4919 atque
2795 4850 3014 4905 insidiis
3070 4865 3130 4906 se
3157 4851 3399 4906 hostium
3433 4866 3531 4905 ex-

242 4948 519 5014 γένωνται
540 4946 654 5006 τοῖς
677 4942 940 5002 ἐναντίοις
967 4941 1108 5002 ὁδός.
1137 4941 1200 4993 Οἱ
1217 4938 1262 4991 δ’
1282 4939 1383 4991 ούκ
1414 4938 1844 5017 ἐπείθοντνοέρῆὶ

248 5042 363 5108 μετ’
382 5039 448 5091 οὐ
474 5037 615 5090 πολὺ
633 5036 790 5105 δίκην
805 5034 987 5086 ἔτισαν
1000 5033 1099 5101 τῆς
1122 5030 1433 5102 παρακοῆς,
1446 5029 1537 5081 τοῦ
1555 5030 1740 5099 Βαρδά
1750 5046 1843 5096 pou

245 5131 476 5201 ἐνέδρας
503 5128 627 5181 κατ’
650 5126 829 5178 αὐτῶν
871 5122 1268 5193 ποιησαμένου.
1298 5119 1403 5183 Οὓς
1421 5121 1448 5170 ό
1474 5118 1724 5188 βασιλεὺς
1744 5119 1842 5169 ἑω-

252 5221 441 5290 ρακὼς
494 5218 933 5288 ἀναιρουμένους
986 5212 1421 5283 συνεπημύνατο.
1469 5210 1634 5279 Ἀνὴρ
1675 5209 1729 5260 δέ
1760 5226 1842 5271 τις

246 5312 610 5382 γιγαντιαῖος
641 5309 804 5379 μέσον
840 5308 949 5377 τῆς
969 5305 1216 5375 γεφύρας
1246 5304 1322 5373 τῷ
1350 5302 1557 5373 βασιλεῖ
1578 5303 1841 5368 συναντή-

252 5425 353 5469 σας
404 5403 756 5475 προσέϐαλεν
778 5418 790 5431 ·
835 5400 894 5453 ὃν
928 5400 1022 5452 καὶ
1054 5398 1298 5459 πατάξας
1327 5398 1355 5449 ὁ
1390 5395 1643 5465 βασιλεὺς
1671 5395 1727 5446 ἐν
1766 5392 1843 5462 τῷ

255 5497 465 5567 ῥείθρῳ
498 5492 752 5566 ἔρριψεν.
774 5488 847 5546 υἷι
867 5492 1147 5551 πεσόντος,
1182 5489 1230 5540 οξ
1256 5488 1533 5559 Βάρϐαροι
1561 5489 1639 5549 είς
1666 5485 1844 5554 φυγὴν

253 5592 614 5660 ἐτράπησαν,
663 5586 757 5637 καὶ
802 5584 880 5653 τῷ
929 5582 1196 5651 στενωπῷ
1236 5583 1333 5651 τῆς
1362 5581 1606 5650 γεφύρας
1641 5580 1719 5641 είς
1755 5580 1844 5632 τὸν

252 5684 508 5751 ποταμὸν
542 5676 920 5751 ὲρῤιπτοῦντο.
957 5676 1139 5728 "me;
1171 5674 1226 5727 δὲ
1260 5672 1472 5742 ξίφεσιν
1527 5670 1845 5742 ἀντεροῦντα,

249 5777 343 5831 τοῦ
388 5772 673 5846 βασιλέως
715 5772 833 5840 μετ’
869 5770 1066 5837 ὀλίγων
1104 5767 1268 5821 τινῶν
1315 5766 1580 5831 γενναίως
1636 5766 1846 5831 ἀπομα-

250 5872 491 5939 χομένου
545 5865 691 5935 ὑπὲρ
731 5864 1035 5934 ἄνθρωπον,
1086 5860 1160 5923 ὡς
1199 5860 1293 5912 καὶ
1349 5858 1437 5912 τὸν
1492 5856 1846 5927 Σαρϐαραζᾶν

1956 4950 2243 5011 ponerent.
2280 4940 2470 5009 Itaque
2503 4955 2612 4993 non
2640 4940 2815 4993 multo
2851 4951 2975 5009 post
3005 4956 3034 4993 a
3064 4939 3248 4995 Persis
3278 4957 3376 5011 per
3396 4941 3531 4996 insi-

1952 5031 2072 5083 dias
2106 5029 2473 5083 circumventi
2507 5045 2701 5098 pmnas
2733 5044 2848 5083 suae
2877 5032 3240 5085 contumacia:
3269 5045 3333 5085 ac
3359 5039 3533 5085 teme.

1951 5123 2133 5175 ritatis
2163 5120 2454 5174 dederunt.
2492 5121 2614 5189 Ipse
2644 5128 2775 5174 tunc
2808 5120 3109 5189 imperator
3143 5120 3260 5175 suis
3300 5120 3353 5174 in
3389 5121 3533 5190 peri-

1949 5218 2075 5266 culo
2099 5213 2418 5267 constitutis
2474 5227 2631 5281 opem
2669 5213 2822 5275 tulit,
2877 5226 2940 5265 ac
2968 5211 3259 5277 quemdam
3297 5213 3531 5283 giganti-

1953 5308 2184 5360 formem
2229 5306 2281 5357 in
2315 5305 2500 5359 medio
2533 5305 2718 5374 pontis
2772 5320 2960 5358 secum
2993 5319 3349 5374 congressum
3385 5304 3533 5359 feriit

1954 5398 2121 5466 inque
2146 5396 2508 5463 profluentem
2569 5396 2901 5451 deturbavit.
2933 5394 3106 5465 Cujus
3156 5412 3287 5451 casu
3334 5397 3528 5465 reliqui

1953 5492 2117 5545 etiam
2148 5488 2374 5542 Barbari
2434 5489 2611 5542 territi
2644 5504 2769 5542 eum
2823 5480 3007 5557 fugam
3054 5487 3319 5552 facerent,
3347 5487 3529 5541 obsis-

1954 5591 2103 5637 tente
2154 5582 2331 5650 ρυιιιίε
2391 5583 2671 5649 angustia,
2724 5581 2817 5634 alii
2851 5582 2904 5633 in
2941 5596 3158 5636 amnem
3185 5580 3405 5648 dejecti,
3435 5580 3527 5631 alii

1957 5671 2151 5740 gladiis
2242 5672 2515 5725 interfecti
2577 5679 2726 5725 sunt.
2790 5671 3095 5741 Imperator
3155 5688 3221 5727 eo
3282 5682 3529 5741 tempore

1955 5764 2144 5829 paucis
2172 5762 2499 5831 quibusdam
2547 5766 2781 5830 stipatus
2843 5778 3077 5833 pugnant
3112 5762 3272 5825 obiit,
3306 5762 3528 5817 fortitu-

1955 5855 2079 5909 dine
2140 5871 2302 5923 quam
2378 5871 2475 5924 pro
2550 5856 2786 5913 hominis
2842 5866 3035 5910 natura
3096 5855 3325 5923 majore,
3386 5856 3524 5910 adeo
