4226 6444
172 382 273 443 797

1254 384 1804 449 IIlSTORIABUM
1848 389 2378 455 COMPENDIUM.

3327 399 3435 463 ’ἵθὸ

172 499 283 549 υτδν
312 498 476 551 αὑτοῦ
543 498 619 569 τῷ
652 501 863 571 βασιλεί
903 503 1036 572 πρὸς
1087 507 1431 573 συμμαχίαν,
1469 508 1561 559 καὶ
1589 508 1751 570 αὐτὸς
1782 559 1785 566 γ

1881 525 1946 563 ὀε
1975 526 2041 563 ex
2069 509 2306 565 Thracia
2336 510 2492 567 emisi
2527 512 2719 582 Cpolin
2746 513 3021 579 obsident,
3056 514 3330 570 machinis
3370 514 3437 568 ad

173 591 514 659 ὑπέστρεψεν
559 593 638 653 εἰς
662 592 761 661 τὴν
788 593 926 646 ἰδίαν
962 593 1164 664 χώραν.
1205 595 1403 648 Λαϐὼν
1436 597 1492 649 δὲ
1521 598 1745 659 τούτους

170 686 197 736 ὀ
221 685 476 752 βασιλεὺς
506 686 646 739 κατά
678 686 921 758 Χοσρόου
949 690 1163 758 ἐχώρει.
1214 688 1272 742 '0
1293 690 1346 742 δὲ
1377 690 1657 760 Σάρϐαρος
1686 692 1750 760 τῇ

171 777 479 846 Χαλκηδόνι
505 777 850 847 προσϐαλὼν,
885 778 1021 833 ἀλλά
1049 781 1142 834 καὶ
1170 782 1220 833 οἰ
1258 779 1498 851 Ἀϐαρες
1542 785 1605 835 ἐκ
1652 785 1752 853 τῆς

170 868 397 940 Θρᾴκης
424 871 488 939 τῇ
519 870 672 923 πόλει
716 870 1138 939 πλησιάσαντες,
1161 871 1368 943 ταύτην
1415 873 1555 927 ἑλεῖν
1599 874 1755 927 ἐϐού-

171 960 348 1020 λοντο,
395 962 646 1029 μηχανὰς
694 963 816 1015 κατ’
864 961 951 1034 [Ρ.
996 963 1122 1036 “6]
1164 965 1337 1035 αὐτῆς
1405 967 1750 1036 ποιήσαντες.

174 1053 389 1122 Illi-.86;
446 1072 506 1107 τε
554 1056 781 1124 ἄπειρον
849 1058 943 1110 καὶ
992 1057 1228 1125 ἀριθμοῦ
1276 1061 1527 1129 κρεῖττον
1556 1061 1620 1112 ὲκ
1658 1057 1753 1111 τοῦ

177 1146 395 1216 Ἴστρου
421 1148 743 1213 ἐνέγκαντες
770 1148 997 1217 σκαφῶν
1020 1151 1278 1217 γλυπτῶν
1310 1150 1423 1221 (49)
1445 1152 1533 1204 τὸν
1556 1152 1753 1205 κόλπον

172 1237 268 1289 τοῦ
326 1237 571 1307 Κέρατος
610 1240 722 1308 (50)
753 1239 1102 1309 ἐπλήρωσαν.
1137 1242 1283 1294 Δέκα
1316 1242 1375 1296 δὲ
1426 1242 1643 1313 ἡμέρας
1685 1244 1751 1311 τῇ

174 1329 328 1381 πόλει
358 1330 808 1399 παραταξάμενοι
839 1331 933 1385 διά.
992 1349 1052 1385 τε
1084 1333 1187 1403 γῆς
1216 1333 1313 1387 καὶ
1360 1334 1639 1401 θαλάσσης
1684 1338 1751 1404 τῇ

172 1420 267 1473 τοῦ
294 1422 431 1475 Θεοῦ
457 1422 685 1491 δυνάμει
731 1424 824 1477 καὶ
848 1426 1107 1497 συνεργίᾳ
1140 1428 1233 1479 καὶ
1266 1429 1330 1497 τῇ
1362 1428 1459 1498 τῆς
1486 1428 1754 1498 ἀχράντου

178 1514 447 1568 Θεοτόκου
482 1515 577 1568 καὶ
594 1517 989 1587 Ἀειπαρθένου
1011 1518 1275 1588 πρεσϐείᾳ
1304 1520 1639 1590 ἡττήθησαν,
1663 1519 1757 1574 καὶ

173 1605 353 1676 πλήθη
404 1607 576 1660 πολλὰ
630 1608 998 1673 ἀποϐαλόντες
1048 1609 1107 1663 ἐν
1140 1628 1200 1663 τε
1247 1614 1317 1682 γῇ
1353 1612 1449 1664 καὶ
1507 1611 1753 1682 θαλάσσῃ

175 1698 315 1764 μετά
346 1698 592 1767 μεγάλης
628 1698 891 1770 αἰσχύνης
945 1702 1319 1773 ὑπέστρεψαν.
1353 1703 1608 1756 Τοιοῦτον
1645 1704 1756 1773 γὰρ

174 1791 371 1859 συνέϐη
400 1791 580 1855 αὐτοῖς
600 1808 616 1822 ο
639 1787 779 1846 εἶδον
806 1795 854 1845 οἰ
884 1793 1159 1864 Βάρϐαροι
1176 1832 1192 1859 ,
1236 1794 1447 1866 πρωῖας
1471 1793 1637 1865 οὔσης
1660 1793 1757 1849 καὶ

1866 604 2294 672 oppugnandum
2347 604 2578 673 aptatis;
2618 605 2906 675 accitaque
2942 608 3233 661 innumera
3291 611 3440 659 seuit.

1856 702 2073 763 ptarum
2099 696 2320 750 navium
2362 711 2426 751 ex
2462 694 2605 751 Istro
2637 696 2987 751 multitudine
3027 698 3207 751 sinum
3241 698 3336 767 qui
3383 699 3441 752 iu

1855 785 2041 841 Cornu
2070 795 2190 841 erat
2222 786 2291 842 iis
2319 788 2559 857 opplent.
2594 787 2732 844 Cum
2760 797 2943 842 autem
2979 802 3078 858 per
3103 788 3291 846 decem
3320 790 3441 845 dies

1859 886 2007 932 terra
2040 879 2293 948 marique
2349 880 2541 934 urbem
2595 889 3032 951 oppugnassent,
3065 882 3116 933 vi
3153 890 3209 936 et
3237 884 3441 937 auxilio

1859 967 1952 1024 Dei
2006 985 2071 1025 ac
2121 967 2396 1025 inviolatae
2432 970 2673 1039 Virginis
2734 970 2981 1041 Deipam
3043 972 3442 1028 intercessione

1858 1060 2012 1126 victi,
2048 1063 2270 1116 amissis
2322 1070 2471 1117 terra
2504 1062 2751 1131 masique
2802 1063 3003 1133 ingenti
3044 1079 3278 1131 numero
3301 1064 3440 1127 suis,

1859 1168 2059 1225 magno
2114 1169 2238 1208 cum
2293 1155 2563 1210 dedecore
2596 1155 2995 1211 discesserunt.
3025 1155 3157 1211 Tale
3187 1156 3332 1212 enim
3362 1157 3444 1211 eis

1859 1245 2137 1315 quidpiam
2174 1259 2277 1299 usu
2313 1247 2479 1299 venit.
2510 1245 2781 1303 Viderunt
2812 1245 3037 1301 Barbari
3066 1248 3231 1324 729
3266 1247 3443 1321 prima

1861 1340 2003 1403 luce,
2038 1352 2163 1392 cum
2203 1339 2285 1392 sol
2320 1339 2583 1403 oriretur,
2628 1340 2919 1393 mulierem
2968 1339 3266 1408 quamdam
3320 1340 3415 1392 illu

1858 1440 2031 1487 strem
2082 1432 2355 1487 ennuehis
2414 1432 2735 1485 comitatam
2795 1439 2953 1500 porta
3005 1430 3443 1485 Blaehernarum

1859 1532 2171 1579 exeuntem.
2199 1523 2372 1590 Quam
2409 1539 2534 1578 eum
2563 1523 2925 1593 opinarentur
2952 1521 3189 1578 lleraclii
3222 1538 3447 1578 uxorem

1858 1630 2004 1681 esse,
2033 1622 2089 1671 et
2127 1616 2194 1671 ad
2228 1631 2389 1671 suum
2422 1615 2730 1686 principem
2780 1616 2853 1670 ob
2903 1614 3086 1669 mariti
3140 1614 3448 1669 absentiam

1864 1708 1942 1763 ire
1975 1707 2131 1778 pacis
2177 1705 2426 1778 petendas
2473 1721 2666 1771 causa,
2700 1706 2997 1761 transitum
3042 1706 3094 1761 ei
3154 1718 3449 1761 concesse-

1870 1806 2020 1863 runt,
2053 1799 2484 1867 subsequentem
2523 1815 2592 1855 ex
2622 1801 2760 1854 urbe
2779 1798 3062 1852 hominum
3096 1796 3317 1851 turbam
3343 1796 3452 1865 ipsi

175 1882 264 1935 τοῦ
293 1883 449 1954 ἡλίου
482 1885 891 1949 ἀνατέλλοντος,
944 1887 1054 1939 ἀπὸ
1092 1887 1194 1957 τῆς
1221 1887 1431 1958 πόρτης
1456 1888 1566 1940 τῶν
1617 1886 1756 1941 Βλα-

1881 1890 2138 1946 tdorturi.
2184 1889 2253 1947 Ut
2291 1905 2433 1945 vero
2486 1889 2652 1945 fossae
2704 1891 2973 1945 ambitum
3022 1903 3309 1959 egressam
3339 1902 3451 1942 non

178 1976 384 2046 χερνῶν
411 1976 736 2041 ἐξελθοῦσαν
769 1980 1003 2045 γυναίκα
1029 1980 1327 2047 περιφανῆ,
1363 1979 1503 2047 μετά
1538 1980 1634 2033 καὶ
1671 1981 1760 2033 εύ-

180 2071 384 2139 νούχων
416 2070 602 2124 τινῶν.
638 2072 1034 2135 ’Υπολαϐόντες
1057 2072 1114 2125 δὲ
1140 2071 1241 2139 τὴν
1275 2071 1596 2140 βασίλισσαν
1620 2066 1760 2125 εἶναι

182 2162 272 2231 τὴν
314 2162 410 2214 τοῦ
455 2162 784 2232 Ἡρακλείου
812 2166 1074 2232 γυναῖκα,
1109 2165 1203 2216 καὶ
1236 2164 1371 2233 πρὸς
1402 2162 1494 2215 τὸν
1523 2164 1761 2235 ἄρχοντα

181 2253 359 2305 αὐτῶν
395 2254 712 2324 ἑξέρχεσθαι
742 2255 967 2324 εἰρήνης
1001 2254 1162 2306 ἕνεκα
1194 2253 1283 2306 διὰ
1306 2254 1369 2306 τὸ
1416 2254 1489 2324 μὴ
1515 2251 1763 2307 εἷναιτὸν

182 2346 409 2413 βασιλέα
448 2348 507 2399 ἐν
531 2350 597 2417 τῇ
625 2347 801 2412 πόλει,
830 2347 1065 2417 πάροδον
1092 2347 1229 2415 αὐτῇ
1255 2346 1541 2415 ἐποίησαν,
1559 2348 1647 2400 ἵνα
1669 2347 1766 2401 καὶ

184 2440 308 2502 λαδς
340 2439 527 2509 ἕτερος
557 2437 790 2505 ἐξελθὼν
817 2438 1131 2509 ὑποχείριος
1152 2438 1337 2503 αὐτοῖς
1359 2439 1605 2509 γένηται.
1633 2436 1767 2494 Εἶτα

184 2532 252 2593 ὼς
286 2528 432 2583 εἶδον
458 2530 626 2601 αὐτὴν
655 2530 751 2600 τὴν
776 2529 871 2583 τοῦ
914 2530 1188 2599 φοσσάτου
1217 2531 1482 2600 περιοχὴν
1513 2529 1767 2594 ἐξελθοῦ-

186 2644 285 2679 σαν
317 2626 413 2678 καὶ
451 2625 525 2701 μὴ
561 2623 907 2677 ἀπελθοῦσαν
964 2623 1101 2692 πρὸς
1157 2624 1249 2677 τὸν
1279 2623 1525 2693 ἄρχοντα
1566 2621 1769 2687 αὐτῶν,

186 2718 479 2771 διώκουσιν
510 2716 736 2769 ὖπισθεν
765 2717 935 2786 αὐτῆς
958 2730 974 2746 ⁸
1005 2717 1099 2769 καὶ
1128 2715 1205 2777 ὡς
1238 2714 1397 2786 δῆθεν
1417 2713 1770 2783 ’ἐπλησίασαν

185 2815 321 2883 αὐτῇ
346 2812 489 2865 κατά
505 2812 677 2864 τόπον
698 2811 794 2880 τῆς
814 2809 1116 2879 λεγομένης
1141 2808 1385 2872 Παλαιᾶς
1404 2808 1614 2879 πέτρας
1634 2806 1770 2878 (5|),

148 2944 153 2949 .
186 2905 325 2975 αὑτὴ
357 2905 455 2973 μὲν
480 2905 575 2957 καὶ
608 2904 661 2956 οἰ
692 2904 789 2955 σὺν
819 2903 957 2972 αὑτῇ
988 2903 1219 2969 ἄφαντοι
1250 2900 1561 2969 γεγόνασιν,
1611 2900 1768 2953 αὐτοὶ

187 2998 239 3050 δὲ
291 2997 554 3067 ἀλλήλοις
602 2995 1016 3065 συμπλακέντες
1045 2993 1279 3063 θορύϐου
1321 2994 1525 3063 μεστὸν
1560 2990 1774 3046 ποιοῦσι

188 3091 245 3141 to
273 3088 480 3158 πλῆθος
506 3089 600 3139 καὶ
626 3088 888 3156 ἀλλήλους
913 3083 1357 3153 κατασφάξουσιν
1376 3084 1479 3146 ἕως
1508 3084 1773 3153 ἑσπέρας.

189 3182 414 3251 Πρωῖας
445 3180 501 3232 δὲ
532 3179 837 3248 γενομένης
884 3177 985 3247 τὴν
1027 3178 1211 3231 αἰτίαν
1262 3177 1505 3247 ζητήσας
1534 3177 1563 3229 ὁ
1591 3177 1775 3245 ἄρχων

1864 1983 1945 2039 ire
2008 1983 2073 2038 ad
2126 1982 2432 2054 principem
2481 1984 2760 2046 viderunt,
2797 1983 3033 2037 insecuti
3095 1990 3229 2037 sunt
3278 1996 3455 2049 usque

1867 2075 2013 2144 apud
2047 2076 2229 2130 locum
2271 2075 2359 2130 cui
2411 2072 2629 2130 Veteris
2672 2064 2797 2129 ἐειιί
2830 2088 3032 2128 nomen
3068 2082 3194 2128 est:
3227 2071 3301 2127 ibi
3329 2086 3454 2125 cum

1867 2165 1980 2222 fere
2004 2166 2116 2235 jam
2145 2175 2332 2222 essent
2361 2166 2627 2230 assecuti,
2664 2166 2758 2219 illa
2794 2181 2919 2219 cum
2946 2166 3066 2220 suis
3089 2180 3154 2220 ex
3192 2163 3371 2219 oculis
3404 2170 3459 2214 et

1866 2269 2161 2328 conspectu
2204 2273 2395 2312 eorum
2422 2258 2671 2312 evanuit.
2692 2258 2795 2326 Ipsi
2825 2266 3008 2312 autem
3052 2256 3289 2311 tumulttt
3319 2268 3461 2308 con-

1867 2354 2035 2408 citato
2070 2352 2214 2407 inter
2244 2367 2304 2407 se
2320 2350 2608 2420 congressi
2639 2349 2705 2403 ad
2740 2364 3029 2419 vesperam
3062 2363 3244 2417 usque
3269 2340 3461 2401 mutuo

1871 2453 2089 2511 strages
2125 2441 2441 2498 ediderunt.
2475 2441 2632 2497 Mane
2661 2441 3006 2511 insequentis
3035 2439 3145 2495 diei
3187 2438 3295 2494 dux
3329 2453 3461 2493 cau-

1870 2550 1987 2589 sam
2024 2534 2339 2604 inquirens.
2379 2536 2527 2605 quod
2558 2535 2823 2605 majorem
2856 2548 3085 2589 suorum
3132 2541 3345 2604 partem
3377 2529 3466 2583 in-

1870 2628 2076 2682 testino
2113 2626 2379 2683 conﬂictu
2420 2627 2654 2698 periisse
2685 2626 2919 2681 videret.
2958 2625 3201 2695 turpiter
3222 2623 3450 2678 domum

1872 2720 2056 2774 rediit.
2102 2718 2302 2775 Statim
2352 2731 2573 2791 quoque
2626 2720 2825 2776 classis
2854 2719 2925 2774 ab
2955 2719 3247 2774 obsidione
3279 2730 3464 2772 reces—

1872 2810 1977 2876 sit;
2013 2824 2177 2879 quam
2238 2809 2462 2865 domum
2525 2818 2893 2867 revertentem
2947 2811 3001 2865 in
3064 2808 3285 2863 Euxino
3323 2808 3463 2861 mari

1873 2898 2064 2957 oborta
2097 2912 2391 2973 tempestas
2449 2903 2523 2957 ita
2572 2902 2769 2957 alllixtt
2821 2910 2879 2958 ut
2936 2902 3196 2973 perpauci
3228 2900 3297 2955 ad
3330 2914 3466 2954 suos

1876 2995 2166 3051 redierint.
2209 2996 2507 3061 Sarbarus,
2561 2997 2780 3050 tametsi
2815 2997 2928 3049 haec
2961 2995 3011 3048 ei
3060 2993 3292 3047 molesta
3324 2990 3469 3045 acci-

1876 3085 2092 3153 derant,
2122 3096 2306 3141 tamen
2340 3086 2683 3143 obsidionem
2735 3084 3107 3140 Chalcedonis
3136 3097 3244 3137 non
3277 3080 3465 3141 solvit,

1880 3177 1975 3232 sed
2006 3177 2271 3233 hiemavit
2330 3177 2428 3243 ibi,
2502 3176 2773 3247 populatis
2805 3172 3179 3229 transmarina
3214 3179 3269 3227 et
3300 3171 3466 3226 urbes

189 3273 393 3337 αὐτῶν,
423 3274 547 3324 ἐπεὶ
562 3270 622 3324 τδ
647 3271 830 3322 πλεῖον
850 3268 945 3323 τοῦ
973 3268 1105 3322 λαοῦ
1135 3268 1302 3321 αὑτοῦ
1331 3268 1612 3338 δμφυλίως
1634 3269 1768 3320 ἀνα·
1797 3263 1839 3318 C
1877 3276 2150 3325 evertens.

191 3366 361 3420 λωθὲν
390 3358 573 3435 εὗρεν,
606 3363 939 3434 ὑποστρέφει
975 3361 1095 3431 μετ’
1127 3360 1391 3430 αἰσχύνης
1423 3361 1506 3423 εἰς
1539 3362 1609 3413 τὰ
1639 3360 1766 3413 ἴδια.
1811 3361 1876 3413 Οἱ
1911 3360 1967 3413 δὲ
1991 3361 2086 3414 τοῦ
2122 3361 2356 3432 πλοῖμου
2383 3361 2478 3415 καὶ
2517 3360 2672 3413 αὐτοὶ
2732 3359 2959 3421 τούτους
2992 3357 3194 3419 ἰδόντες
3253 3356 3471 3425 ὑποχω-

194 3464 471 3531 ρήσαντας
500 3457 704 3519 εὐθέως
750 3455 1144 3527 ἀνεχώρησανυ
1176 3453 1271 3514 οὓς
1299 3453 1442 3506 κατά
1464 3452 1558 3506 τὸν
1619 3452 1871 3516 Εὔξεινον
1909 3453 2107 3507 πόντον
2138 3453 2276 3523 ζάλη
2347 3450 2733 3507 καταλαϐοῦσα
2802 3450 3019 3514 ὀλίγους
3058 3448 3214 3511 τινας
3290 3447 3470 3500 ἀπελ*

192 3559 302 3609 θεῖν
336 3560 423 3619 εἰς
448 3555 515 3607 τε
540 3554 646 3607 [δια
674 3550 935 3621 ἀφίησιν.“
958 3551 1016 3605 Ὀ
1049 3550 1107 3603 δὲ
1134 3548 1416 3618 Σάρϐαρος
1443 3548 1538 3601 ἐπὶ
1608 3547 1819 3609 τούτοις
1858 3546 2148 3617 ἀχθεσθεὶς
2186 3547 2337 3617 ὅμως
2397 3546 2497 3616 τὴν
2525 3543 2849 3614 Χαλκηδόνα
2902 3539 3369 3611 παρακαθήμενος
3408 3537 3472 3589 οὐ

196 3653 461 3719 μετέστη,
495 3647 612 3702 ἀλλ’
642 3646 808 3698 αὐτοῦ
857 3644 1141 3714 ὲχείμασε,
1194 3639 1507 3711 πραιδεύων
1544 3640 1613 3693 τὰ
1642 3641 1917 3711 περατικὰ
1941 3642 2084 3711 μέρη
2122 3642 2215 3694 καὶ
2253 3640 2537 3710 ἀφανίζων
2563 3640 2663 3702 τὰς
2696 3638 2881 3699 πόλεις
2904 3633 3106 3689 αὐτῶν.

260 3742 355 3809 Τῷ
390 3738 458 3803 ιζ’
487 3738 597 3791 ἔτει
628 3733 891 3789 εἰσϐαλὼν
918 3736 978 3787 ὲν
1021 3732 1291 3802 Περσίδιό
1331 3731 1652 3803 Ἡράκλειος
1684 3730 1781 3781 σὺν

194 3838 307 3897 τοῖς
353 3831 629 3901 Τούρκοις
684 3826 1108 3897 ἀπροσδοκήτως
1142 3824 1233 3878 διὰ
1278 3824 1371 3877 τὸν
1423 3821 1673 3893 χειμῶνα
1704 3821 1783 3883 εἰς

197 3927 465 3978 ἔκστασιν
490 3919 712 3975 ἐνέϐαλε
736 3918 828 3971 τὸν
859 3916 1129 3987 Χοσρόην.
1168 3916 1232 3970 Οἱ
1263 3915 1320 3968 δὲ
1347 3913 1581 3985 Τοῦρκοι
1611 3913 1701 3965 τόν
1726 3929 1785 3965 τε

198 4018 451 4089 χειμῶνα
504 4012 741 4083 ὁρῶντες
797 4010 894 4064 καὶ
943 4010 1044 4072 τὰς
1077 4010 1327 4077 συνεχεῖς
1373 4005 1647 4076 ἐκδρομὰς
1680 4004 1791 4057 τῶν

202 4109 455 4180 Περσῶν,
493 4104 571 4175 τῷ
591 4122 651 4157 τε
682 4104 893 4174 βασιλεῖ
936 4100 1010 4171 μὴ
1048 4100 1303 4171 φέροντες
1331 4097 1658 4166 συγκοπιᾷν,
1691 4097 1793 4165 ἧρ-

200 4206 361 4269 ξαντο
397 4202 523 4255 κατ’
549 4198 731 4263 όλὶγον
784 4195 1096 4265 ὺποῤῥέειν,
1158 4191 1255 4244 καὶ
1303 4190 1506 4251 πάντες
1561 4188 1794 4256 ἀφέντες

201 4295 365 4347 αὐτὸν
430 4289 807 4360 ὑπέστρεψαν.
861 4286 921 4337 ὐ
969 4286 1025 4337 δὲ
1085 4284 1340 4353 βασιλεὺς
1386 4280 1671 4348 διελάλησε
1719 4278 1793 4346 τῷ

200 4386 313 4455 λαῷ
352 4384 551 4449 αὑτοῦ,
583 4383 757 4448 λέγων
778 4397 790 4408 '
823 4377 1026 4440 Γνῶτε,
1062 4373 1308 4442 ἀδελφοὶ,
1342 4374 1423 4425 ὅτι
1451 4372 1627 4432 οὐδεὶς
1660 4372 1793 4439 ἡμῖν

202 4477 575 4546 σλμμαχῆσαι
620 4473 785 4534 θέλει,
811 4470 925 4522 ἀλλ’
949 4469 982 4538 ἢ
1019 4468 1178 4533 μόνος
1206 4468 1235 4519 ὁ
1260 4464 1394 4527 Θεὸς
1426 4463 1523 4516 καὶ
1545 4466 1577 4531 ή
1607 4461 1795 4513 τοῦτον

200 4571 440 4623 τεκοῦσα
468 4567 729 4635 ἀσπὸρτος
756 4563 1044 4623 Θεοτόκος.
1073 4558 1246 4612 Τοῦτο
1289 4558 1345 4610 δὲ
1391 4556 1602 4623 γίνεται
1648 4556 1794 4613 ὅπως

202 4662 351 4730 δείξῃ
404 4661 468 4709 ὲν
530 4658 664 4723 ἡμῖν
695 4654 789 4705 καὶ
819 4653 955 4703 πᾶσι
1013 4648 1225 4710 τούτοις
1277 4647 1375 4715 τὴν
1412 4646 1604 4730 hqu
1634 4644 1790 4694 δυνα-

210 4754 417 4811 στείαν,
456 4745 830 4813 καταπέμᾲας
884 4744 1015 4812 ⁴ἡμῖν
1057 4741 1157 4811 τὴν
1208 4742 1295 4792 αὖ.
1402 4719 1549 4801 ἐ

206 4844 259 4894 6'3
288 4841 551 4911 Χοσρόης
585 4835 919 4898 ὲπισυνάξας
962 4833 1140 4885 πάντα
1190 4831 1257 4883 τὰ
1288 4849 1335 4878 (σι
1359 4864 1415 4898 ιιι..

1461 4854 1577 4880 [ιζὀαλ
1619 4847 1675 4878 ‘fl
1788 4862 1793 4865 '

208 4934 299 4985 τοῦ
334 4929 713 5001 προϐάλλεται
749 4928 931 4990 αὐτοῖς
991 4922 1297 4995 στρατηγὸν
1343 4921 1669 4989 Ῥαζάτιτην,
1702 4920 1795 4972 άν-

206 5025 305 5094 δρα
324 5019 781 5092 πολεμικώτατον
803 5018 899 5069 καὶ
914 5015 1179 5087 ἀνδρεῖον,
1192 5012 1288 5065 καὶ
1309 5010 1450 5064 κατὰ
1478 5009 1802 5079 Ἡρακλείου

210 5117 445 5186 πέμπει.
494 5116 556 5167 '0
586 5112 640 5165 δὲ
675 5111 929 5179 βασιλεὺς
988 5108 1089 5169 τάς
1138 5124 1197 5158 τε
1247 5105 1431 5166 πόλεις
1487 5105 1583 5155 καὶ
1612 5100 1805 5171 κώμας

1963 3728 2123 3784 Anno
2152 3728 2368 3784 decimo
2408 3728 2664 3795 septimo,
2702 3726 2880 3779 hieme
2911 3724 2966 3777 in
2996 3722 3277 3778 Persidem
3307 3719 3478 3776 Ilera.

1897 3822 2037 3877 clius
2076 3837 2202 3876 cum
2252 3821 2449 3876 Turcis
2499 3820 2784 3891 ingressus
2839 3815 3140 3885 improviso
3173 3814 3476 3868 Chosroem

1891 3913 2211 3986 perterruit.
2242 3914 2348 3969 Sed
2381 3911 2547 3967 Turci
2577 3912 2812 3966 hiemem
2842 3924 2906 3963 ac
2930 3907 3154 3961 crebras
3184 3903 3478 3960 Persarum

1894 4009 2258 4062 excursiones
2281 4020 2423 4075 aegre
2454 4004 2720 4069 ferentes,
2739 4017 2922 4071 neque
2952 3999 3260 4054 tolerandis
3290 4012 3485 4052 arum-

1899 4100 1985 4154 nis
2024 4100 2207 4153 soeios
2236 4097 2403 4167 730
2433 4112 2493 4152 se
2527 4094 2846 4165 imperatori
2905 4092 3153 4161 praebere
3205 4089 3487 4145 sustinen-

1900 4202 2007 4256 tes,
2048 4192 2307 4260 paulatim
2332 4205 2396 4243 ει
2428 4190 2627 4243 castris
2651 4186 2843 4249 dilabi,
2880 4185 3215 4253 tandemque
3242 4182 3484 4237 universi

1901 4283 2132 4337 desertis
2167 4279 2431 4335 Romanis
2484 4278 2709 4332 domum
2749 4277 2952 4334 reverti
3011 4287 3320 4344 coeperunt.
3344 4272 3484 4327 Tum

1901 4378 2204 4446 imperator
2236 4388 2370 4427 suos
2403 4372 2478 4425 ita
2531 4380 2617 4424 est
2656 4369 2969 4423 allocutus:
3007 4366 3249 4433 Videtis,
3267 4356 3487 4430 fratres,

1904 4467 2173 4521 neminem
2211 4464 2374 4519 nobis
2408 4462 2603 4517 adesse
2638 4460 2779 4514 velle
2803 4469 3002 4528 praeter
3039 4474 3208 4513 unum
3237 4456 3404 4512 Deum
3436 4464 3492 4511 et

1904 4570 2024 4624 quae
2050 4569 2174 4608 eum
2205 4553 2323 4609 sine
2372 4551 2580 4606 semine
2621 4550 2834 4619 peperit
2860 4547 3162 4618 Virginem.
3195 4546 3319 4601 Ideo
3349 4546 3399 4599 lit
3432 4558 3495 4599 ut

1905 4648 2120 4702 coalitus
2153 4646 2313 4701 nobis
2347 4645 2519 4699 misso
2551 4643 2758 4695 auxilio
2817 4642 2871 4695 in
2933 4640 3091 4692 nobis
3125 4653 3190 4693 ac
3240 4639 3494 4692 omnibus

1544 4726 1551 4761 ⁵
1759 4738 1793 4785 L
1832 4724 1877 4779 υ
1911 4739 2032 4792 istis
2061 4753 2214 4792 suam
2260 4737 2598 4790 demonstret
2635 4732 2962 4801 potentiam.
2998 4731 3280 4786 Chosrocs
3310 4729 3496 4782 omni-

1910 4825 2010 4879 bus
2048 4825 2163 4879 suis
2196 4824 2533 4877 exercitibus
2585 4822 2895 4875 contraetis
2942 4820 3171 4889 praeficit
3198 4820 3499 4882 Razasten,

1908 4917 2085 4967 virum
2124 4912 2613 4966 hellicosissimum
2644 4926 2707 4963 ac
2740 4910 2943 4976 insigni
2970 4908 3315 4970 fortitudine,
3338 4922 3496 4961 eum-

1911 5022 2017 5072 que
2051 5006 2315 5061 adversus
2369 5003 2687 5058 Heraclium
2761 5002 2950 5057 mittit.
2986 5000 3276 5057 Heraclius
3336 5000 3499 5069 pagis

1912 5101 2251 5168 urbibusque
2278 5097 2519 5152 Persidis
2542 5097 2667 5166 igne
2702 5093 2998 5159 evastatis,
3024 5100 3079 5147 et
3112 5092 3319 5155 Persis,
3353 5106 3499 5159 quos

1281 5215 1637 5273 XVLANDRI
1717 5216 1800 5270 ΕΤ
1841 5212 2051 5269 GOARI
2120 5210 2352 5265 NOTAE.

280 5342 396 5406 ΗΘ)
426 5339 716 5394 Νανίειιιτε
753 5336 1047 5391 ﬂuviatiles
1078 5332 1668 5406 uno‘ligno‘excavato
1719 5340 1799 5406 tng

215 5403 518 5464 tttultttario
583 5417 917 5478 praeparauit,
1004 5403 1269 5474 μονόξυλα
1340 5403 1519 5478 dictat,

216 5472 843 5551 γλυκαίνεέεευῖραιιιξ
896 5472 1154 5551 nimirum
1187 5483 1251 5551 _et
1277 5473 1542 5551 scalpello
1586 5472 1800 5551 rudinri

216 5542 412 5605 trittico
432 5542 760 5605 eﬂormatie.
814 5549 1021 5601 Auctor
1072 5546 1138 5598 de
1187 5544 1378 5598 iisdem
1428 5543 1702 5595 sexcentis
1743 5542 1797 5594 itt

218 5624 372 5684 locis,
395 5622 491 5676 ubi
525 5618 599 5671 de
639 5615 834 5672 Russis
864 5629 916 5672 et
959 5615 1268 5670 Patziuacis
1294 5614 1624 5666 mentionem
1664 5611 1792 5684 agit.

222 5680 392 5748 Usum
448 5703 674 5750 earum,
736 5697 789 5742 et
827 5702 935 5755 qua
989 5688 1201 5739 ratione
1255 5698 1351 5751 per
1403 5694 1601 5755 terram
1652 5680 1794 5732 trahi

222 5765 299 5814 vel
325 5762 623 5814 hominum
655 5753 897 5811 humeris
950 5758 1161 5809 soleant
1205 5753 1592 5818 transportari,
1632 5766 1795 5803 enar-

225 5843 302 5885 iat
356 5832 651 5887 fuisssmte
699 5828 1088 5884 Constantinus
1166 5825 1241 5880 De
1309 5823 1511 5887 admiit.
1558 5823 1683 5889 imp.
1744 5836 1793 5873 c.

1594 5404 1803 5467 σκαφαὶ

1919 5346 2037 5391 vm,
2074 5328 2141 5382 de
2198 5325 2617 5379 Patzinacarum
2665 5325 2722 5375 ἐν
2772 5319 3081 5392 μονοξύλοις
3113 5317 3495 5387 navigatione.

1915 5399 2085 5453 Com.

1979 5469 2091 5535 (50)
2124 5466 2348 5519 Portum
2382 5465 2759 5535 (Ipolitanum.
2789 5461 2966 5515 Gesn.

2124 5537 2327 5589 Exinde
2356 5525 2484 5588 illuc
2516 5536 2616 5586 loci
2679 5534 2840 5585 [iebat
2867 5530 3170 5586 secundum
3205 5525 3489 5605 antiquum

1903 5595 2091 5677 lyputti
2143 5606 2445 5675 processio,
2511 5604 2672 5677 cujus
2716 5605 2881 5677 rituut
2916 5609 2970 5653 ςί
3032 5613 3222 5677 preces
3268 5595 3494 5677 exhibit-3t

1904 5666 2307 5745 Eucltoldgium
2353 5666 2545 5727 recens
2573 5666 2799 5745 editum.
2846 5671 3003 5745 Petra
3030 5666 3129 5745 illa.
3156 5666 3495 5745 pungi-undis

1908 5758 2014 5806 est.
2054 5735 2247 5800 vet-sus
2291 5758 2497 5814 portam
2551 5742 2937 5811 AdriattOpolis
2989 5739 3208 5794 nomine
3259 5735 3488 5788 dictant.

1905 5818 2013 5873 Cos
2025 5835 2076 5871 ιι.
