4226 6444
748 353 855 415 799

2057 362 2375 421 GEORGII
2406 364 2742 429 CEDRENI

3902 380 4009 444 8ὒο

750 470 1006 536 cepisset.
1037 469 1218 537 gladio
1252 470 1578 534 interfectis.
1600 472 1823 530 Octobri
1860 491 2050 531 mense
2070 476 2328 532 Chamai-
2359 478 2403 534 Α

2359 478 2403 534 Α
2438 481 2693 549 Περσίδος
2715 485 3033 555 ἐπυρπόλει.,
3063 488 3154 542 καὶ
3184 489 3308 551 τοὺς
3355 493 3760 562 κρατουμένους
3794 494 4012 565 Πέρσας

752 563 844 615 tha
911 562 1185 631 regionem
1254 573 1509 633 occupat,
1566 568 1748 636 ibique
1804 570 1833 621 7
1886 570 2097 623 dierum
2150 570 2330 637 quiete

750 656 1052 709 exercitum
1113 655 1311 710 reﬁcit.
1356 656 1804 728 luscquehatura
1839 668 1990 731 tergo
2046 663 2328 726 Razastes,

752 748 869 808 sed,
901 746 1043 814 quod
1090 744 1324 803 Romani
1392 751 1649 805 alimenta
1703 754 1886 806 omnia
1947 754 2330 818 absumebant,

758 838 900 892 fame
932 840 1256 909 urgebatur.
1291 858 1464 909 eaque
1494 844 1661 897 multa
1696 846 1869 915 ipsius
1904 846 2149 915 jumcuta
2189 847 2333 915 peri-

759 933 910 984 hant.
967 933 1151 986 Prima
1218 935 1533 989 Decembris
1595 936 1684 989 die
1748 936 2031 993 lleraclius
2056 938 2199 993 Zaba
2232 940 2333 993 llu-

758 1024 902 1077 mine
943 1026 1171 1095 trajecto
1220 1027 1363 1080 haud
1396 1030 1579 1097 procul
1625 1029 1819 1085 Ninive
1866 1040 2331 1097 castrametatur;

757 1119 1058 1190 eodemque
1117 1120 1379 1178 Razastes
1432 1126 1772 1193 supervenit.
1829 1124 1966 1179 Tum
2043 1128 2336 1196 imperator

761 1208 996 1265 Boanem
1033 1214 1305 1267 exercitus
1342 1215 1539 1269 ducem
1600 1232 1725 1271 cum
1785 1216 2014 1273 delectis
2066 1218 2336 1272 militibus

760 1303 951 1367 paucis
998 1306 1221 1360 emittit.
1267 1304 1315 1359 Is
1370 1307 1423 1360 in
1469 1309 1705 1361 haudum
1748 1308 2032 1366 Persicum
2065 1312 2333 1377 incidens,

760 1394 989 1463 reliquis
1030 1397 1252 1462 occisis,
1288 1398 1357 1451 26
1394 1410 1583 1467 captos
1629 1400 1692 1452 ad
1730 1402 2043 1457 lieraclium
2090 1405 2336 1467 adducit,

761 1488 993 1541 alTereus
1022 1504 1127 1542 una
1150 1502 1315 1558 caput
1349 1493 1569 1545 comitis
1597 1508 1786 1547 eorum
1821 1504 1872 1548 et
1899 1495 2019 1564 ejus
2046 1498 2334 1564 pugionem

761 1597 825 1632 ex
862 1581 1038 1635 solido
1072 1598 1226 1645 auro,
1263 1599 1322 1636 ac
1349 1584 1597 1639 Bazastae
1630 1587 1983 1657 armigerum.
2014 1586 2114 1642 llic
2136 1588 2335 1643 indicat

762 1670 1015 1725 lleraclio
1055 1673 1369 1729 decrevisse
1405 1678 1696 1731 Razastem
1737 1679 1923 1747 prazlio
1950 1680 2233 1747 congredi,
2276 1696 2339 1736 ac

761 1765 862 1818 tria
904 1777 1238 1820 armatorum
1270 1770 1436 1821 millia
1471 1770 1518 1823 ei
1548 1786 1573 1823 a
1604 1769 1845 1825 Chosroe
1872 1772 2061 1837 missa,
2093 1772 2335 1829 nondum

764 1872 945 1916 tamen
1000 1865 1155 1933 731
1215 1866 1525 1921 advenisse.
1583 1866 1679 1921 llis
1738 1868 1973 1936 cognitis
2041 1868 2337 1938 imperator

762 1955 973 2007 ttihlutn
1038 1956 1342 2025 prmmittit,
1407 1968 1571 2026 atque
1618 1958 1734 2028 ipse
1786 1960 2178 2029 subsequitur;
2236 1977 2339 2014 ua-

762 2056 995 2116 ctusque
1043 2049 1223 2103 locum
1275 2061 1648 2119 opportunum
1702 2053 2156 2123 statuitpuguam
2187 2069 2339 2109 com-

764 2141 1001 2205 mittere,
1054 2142 1377 2210 priusquam
1428 2143 1494 2195 ad
1542 2141 1832 2197 Razaslcm
1887 2145 1986 2197 tria
2018 2145 2121 2200 ista
2169 2146 2337 2198 millia

764 2231 1105 2285 accederent.
1144 2230 1220 2285 Ita
1245 2240 1372 2287 ante
1403 2234 1542 2288 alios
1567 2250 1759 2288 omnes
1793 2235 2085 2303 prosiliens
2120 2236 2339 2291 ductori

764 2319 981 2371 cuidam
1026 2320 1318 2376 Persarum
1354 2334 1511 2378 vasto
1557 2323 1766 2378 homini
1807 2326 2073 2391 occurrit,
2106 2342 2343 2396 eumque

767 2412 859 2463 Dei
889 2422 942 2466 et
984 2412 1225 2483 Deiparze
1250 2417 1455 2471 auxilio
1481 2417 1671 2486 dejicit
1698 2435 1711 2471 :
1741 2426 1855 2473 tum
1886 2420 2052 2473 alium
2090 2435 2153 2475 ac
2180 2436 2344 2490 porro

767 2505 1011 2568 tertium,
1054 2506 1147 2573 qui
1181 2507 1229 2559 ei
1279 2508 1435 2562 hasta
1478 2510 1679 2563 lahium
1737 2514 2034 2565 sauciarat.
2094 2510 2171 2565 lta
2230 2521 2343 2566 tum

767 2594 879 2648 acri
922 2596 1109 2664 praslio
1151 2609 1437 2663 conserto,
1494 2600 1778 2664 Razastes,
1837 2618 1901 2656 ac
1949 2604 2041 2672 qui
2102 2619 2227 2657 cum
2281 2620 2347 2658 eo

766 2695 925 2739 erant
951 2689 1232 2749 ductores.
1259 2706 1428 2759 prope
1455 2707 1647 2748 omnes
1681 2694 2021 2755 ceciderunt,
2062 2696 2346 2764 majorque

767 2780 1045 2834 exercitus
1103 2797 1291 2835 eorum
1351 2798 1499 2852 pars.
1563 2784 1637 2837 De
1704 2784 1967 2839 Romanis
2030 2787 2348 2842 ceciderunt

768 2870 1190 2939 quinquaginta,
1221 2889 1283 2926 ex
1319 2874 1519 2940 quibus
1548 2873 1735 2928 decem
1769 2877 1969 2931 mortui
2000 2886 2144 2932 sunt.
2172 2877 2349 2930 Dura-

768 2961 844 3014 vit
876 2978 1056 3031 pugna
1085 2977 1113 3015 a
1145 2963 1319 3030 prima
1348 2965 1468 3017 luce
1494 2981 1667 3034 usque
1696 2968 1760 3020 ad
1790 2983 2097 3036 vesperam,
2118 2984 2183 3022 ac
2214 2984 2349 3022 neu-

776 3052 843 3104 tri
880 3052 1001 3106 loco
1044 3065 1351 3107 cesserunt.
1394 3055 1507 3108 Nox
1566 3072 1625 3110 ea
1674 3058 1854 3125 quieta
1907 3057 2029 3111 fuit.
2068 3059 2170 3113 Sed
2202 3061 2349 3113 circa

770 3145 962 3198 horam
985 3148 1175 3201 noctis
1212 3159 1458 3201 octavam
1494 3148 1675 3202 Pet-sm
1704 3151 1820 3203 suis
1855 3151 2018 3205 rebus
2044 3150 2348 3205 dillidentes

769 3239 1017 3293 evulsum
1061 3241 1264 3292 vallum
1300 3241 1350 3293 in
1386 3242 1589 3294 montis
1622 3242 1796 3309 asperi
1826 3242 2014 3312 pedem
2051 3244 2352 3297 transtule—

772 3340 919 3383 ruul.
966 3330 1197 3384 Romani
1237 3332 1457 3385 invento
1512 3333 1759 3386 [lazastac
1799 3335 2065 3389 cadavere
2100 3337 2347 3403 clypeum

772 3422 891 3487 ejus
922 3429 1100 3476 totum
1163 3428 1413 3487 aureum,
1458 3433 1571 3477 tum
1621 3426 1842 3478 loricam
1902 3435 1955 3478 et
1999 3425 2350 3479 brachiorum

775 3517 1150 3584 integumenta
1176 3530 1239 3569 ac
1272 3516 1485 3583 sellam,
1518 3519 1700 3571 omnia
1732 3535 1794 3572 ex
1845 3519 2019 3572 solido
2050 3534 2186 3572 auro
2222 3534 2353 3573 cou-

776 3609 937 3672 fecta,
985 3610 1371 3668 abstulerunt.
1448 3625 1671 3665 necnon
1720 3611 2159 3679 scaramangium
2209 3610 2349 3679 ejus.

776 3697 927 3751 Multi
955 3701 1119 3753 etiam
1153 3698 1333 3754 Persa:
1373 3701 1482 3754 vivi
1510 3702 1561 3753 in
1611 3708 1934 3769 potestatem
1984 3701 2223 3755 hostium
2257 3715 2353 3754 ve-

778 3798 997 3844 nerunt.
1073 3790 1375 3859 Imperator
1455 3802 1749 3861 postquam
1826 3807 2050 3846 suorum
2117 3792 2351 3846 militum

777 3884 995 3935 animos
1033 3885 1284 3937 oratione
1321 3884 1689 3949 conlirmavit,
1726 3885 1779 3938 in
1834 3886 2114 3940 Chosroen
2176 3883 2353 3945 ducit,

780 3972 856 4025 uti
900 3974 1045 4025 hunc
1075 3984 1286 4028 terrore
1316 3975 1534 4043 objecto
1564 3990 1629 4029 eo
1646 3974 1829 4045 adigat
1865 3984 1925 4029 ut
1978 3976 2025 4029 is
2079 3973 2149 4029 ab
2204 3974 2355 4028 obsi-

777 4066 941 4119 dione
983 4064 1229 4134 Byzantii
1293 4064 1590 4119 Sarbarum
1652 4073 1887 4120 revocet.
1955 4066 2356 4135 Transgressus

776 4171 909 4222 ergo
936 4157 1264 4225 parviZabzc
1290 4164 1480 4224 pontes
1517 4157 1571 4209 in
1610 4156 1820 4211 aedibus
1875 4154 2220 4212 Jesdcmonis
2271 4156 2357 4210 di-

779 4248 963 4306 vcrtit.
997 4248 1181 4315 ibique
1210 4248 1412 4302 Christi
1455 4248 1700 4302 Natalem
1735 4248 2053 4302 celebravit.
2104 4248 2256 4303 Hinc
2289 4250 2354 4303 ad

780 4340 927 4393 aliud
971 4340 1231 4394 Chosroaz
1262 4340 1527 4408 palatium
1556 4340 1727 4403 venit,
1760 4342 1903 4409 quod
1951 4340 2100 4395 Busa
2136 4341 2360 4395 diceba-

783 4444 894 4499 tur,
932 4434 1097 4502 idque
1119 4434 1339 4487 evertit.
1397 4433 1527 4487 lude
1578 4433 1727 4487 aliud
1783 4444 2018 4502 occupat
2071 4435 2356 4503 palatium,

2434 567 2641 620 ἀνεῖλεν
2674 572 2732 622 ὲν
2761 574 3028 645 ῥομφαίᾳ.
3064 575 3149 647 [Ρ.
3180 577 3409 649 41ηΤῷ
3453 581 3769 651 Ὀκτωϐρίῳ
3795 583 3851 635 δὲ
3881 586 4013 652 μηνὶ

2435 658 2731 715 κατέλαϐεν
2758 666 2838 726 εἰς
2863 665 2961 735 τὴν
3005 666 3188 737 χώραν
3221 670 3501 739 Χαμαῖθᾶ,
3551 674 3647 724 καὶ
3679 674 4013 726 διανέπαυσε

2434 752 2525 804 τὸν
2560 751 2689 806 λαὸν
2740 756 3010 823 ἑϐδομάδα
3066 760 3214 827 μίαν.
3262 761 3321 814 Ὀ
3384 762 3687 833 Ῥαζάστης
3732 765 3787 817 δὲ
3839 765 4014 817 ἐλθὼν

2433 843 2719 912 ἠκολούθει
2747 846 2991 911 ὄπισθεν,
3022 852 3115 904 καὶ
3142 853 3249 904 τῶν
3292 855 3580 924 Ῥωμαίων
3606 856 4014 910 ἀναλισκόντων

2436 936 2533 999 τὰς
2568 941 2774 1007 τροφὰς
2829 941 3055 995 ὄπισθεν
3103 944 3267 1007 αὐτὸς
3320 948 3521 1000 πεινῶν
3580 948 3889 1018 ἠκολούθει,
3939 950 4015 1011 ὡς

2438 1027 2606 1080 πολλὰ
2648 1029 2757 1081 τῶν
2787 1032 2998 1099 ἀλόγων
3046 1035 3212 1087 αὑτοῦ
3247 1036 3630 1107 διαφθαρῆναι.
3676 1040 3734 1092 Ὀ
3760 1040 4020 1112 δὲ

2437 1116 2563 1179 λεὺς
2600 1121 2664 1188 τῇ
2719 1120 2907 1193 πρώτῃ
2954 1123 3046 1176 τοῦ
3102 1127 3439 1196 Δεκεμϐρίου
3497 1129 3665 1199 μηνὸς
3698 1130 3895 1195 διαϐὰς
3928 1134 4023 1186 τὸν

2439 1208 2620 1261 Ζαϐᾶν
2646 1213 2889 1279 ποταμὸν
2919 1213 3143 1283 πλησίον
3170 1218 3269 1283 τῆς
3293 1218 3497 1281 πόλεως
3529 1219 3718 1273 Νινευῖ
3742 1227 4023 1291 κατεσκή-

2439 1316 2598 1351 νωσε.
2638 1301 2921 1355 Κατέλαϐε
2954 1304 3007 1357 δὲ
3036 1308 3126 1358 καὶ
3159 1308 3186 1358 ό
3228 1309 3553 1381 Ῥαζάστης.
3592 1313 3649 1366 Ὀ
3676 1313 3730 1365 δὲ
3760 1313 4023 1382 βασιλεὺς

2439 1390 2758 1444 ἀποστέλλει
2786 1395 2993 1464 Βοάνην
3028 1397 3119 1449 τὸν
3154 1400 3534 1471 στρατηλάτην
3570 1406 3685 1471 μετ’
3717 1405 4022 1457 ἐπιλέκτων

2441 1486 2791 1547 στρατιωτῶν
2825 1486 3044 1553 ὀλίγων.
3106 1489 3165 1542 Ὀ
3208 1491 3264 1543 δὲ
3314 1486 3438 1564 εὗρε
3493 1494 3682 1563 βὰνδον
3738 1497 3852 1566 (5'2)
3909 1499 4022 1549 τῶν

2441 1574 2688 1644 Περσῶν,
2722 1578 2778 1644 ἐξ
2808 1574 2883 1633 ὧν
2918 1580 3011 1645 κς⁹
3048 1585 3327 1652 κρατήσας
3347 1588 3542 1656 ἦνεγκε
3578 1588 3714 1657 πρὸς
3738 1590 3828 1643 τὸν
3861 1590 4021 1660 βασι-

2440 1664 2557 1728 λέα,
2591 1669 2717 1732 τοὺς
2748 1670 2942 1735 ἄλλους
2973 1675 3259 1741 φονεύσας.
3296 1680 3533 1746 Ἥνεγκε
3575 1681 3631 1734 δὲ
3667 1683 3760 1734 καὶ
3784 1682 3885 1752 τὴν
3927 1701 4023 1735 κε-

2444 1757 2639 1827 φαλὴν.
2670 1761 2763 1814 τοῦ
2819 1764 3057 1833 κόμητος
3112 1768 3292 1822 αὐτῶν
3328 1772 3421 1823 καὶ
3464 1771 3525 1823 τὸ
3579 1774 3808 1827 σπαθοῖον
3847 1776 4022 1828 αὑτοῦ

2440 1852 2733 1921 ὁλόχρυσον
2769 1858 2975 1911 καὶτὸν
3013 1862 3317 1932 σπαθάριον
3346 1865 3441 1918 τοῦ
3483 1867 3806 1932 Ῥαζάστου,
3832 1870 3891 1933 ὃς
3923 1873 4023 1924 καὶ.

2443 1942 2561 1997 εἷπε
2593 1947 2670 2015 τῷ
2700 1947 2925 2016 βασιλεῖ,
2964 1953 3045 2005 ὄτι
3085 1954 3405 2026 Ὠρισμένος
3461 1960 3606 2011 ἐστὶν
3642 1962 3669 2012 ό
3708 1962 4022 2032 Ῥαζάστης

2446 2040 2755 2109 πολεμῆσαί
2805 2061 2908 2108 σοι,
2950 2047 3043 2099 καὶ
3092 2051 3424 2119 τρισχιλίους
3476 2052 3858 2122 ὡπλισμένους
3916 2059 4026 2109 ἀπ-

2445 2129 2687 2184 έστειλεν
2739 2134 2890 2204 αὐτῷ
2942 2137 3211 2208 Χοσρόης,
3244 2140 3358 2191 ἀλλ’
3390 2142 3574 2211 ἀκμὴν
3609 2145 3708 2197 οὐκ
3751 2145 4021 2212 ἔφθασαν.

2446 2222 2629 2276 Ταῦτα
2664 2225 2853 2294 μαθὼν
2880 2229 2907 2280 ό
2950 2227 3204 2297 βασιλεὺς
3256 2235 3654 2301 προαπέστειλε
3690 2237 3749 2289 τὸ
3796 2239 4024 2290 τοῦλδον

2446 2318 2759 2386 ἔμπροσθεν
2792 2321 2883 2373 καὶ
2909 2322 3074 2384 αὐτὸς
3120 2323 3499 2392 ἐπηκολούθει.
3556 2328 3742 2398 Εὑρὼν
3767 2329 3821 2381 δὲ
3855 2332 4027 2383 τόπον

2447 2412 2754 2479 ἐπιτήδειον
2777 2413 3007 2483 ἠθέλησε
3037 2416 3337 2485 συμϐαλεῖν
3366 2420 3601 2489 πόλεμον
3649 2423 3787 2489 μετὰ
3824 2424 4025 2487 Ῥαζα-

2449 2518 2574 2553 στου
2602 2502 2705 2571 πρὸ
2730 2502 2823 2555 τοῦ
2855 2504 3124 2573 ἑνωθῆναι
3157 2510 3270 2571 τοῖς
3300 2510 3640 2580 τρισχιλίοις.
3676 2514 3784 2565 Καὶ
3809 2532 4028 2583 1:.qu-

2447 2594 2614 2663 δήσας
2645 2596 2859 2648 πάντων
2883 2599 2911 2648 ὁ
2951 2596 3206 2666 βασιλεὺς
3233 2600 3452 2669 ἄρχοντι
3488 2602 3708 2673 μεγάλῳ
3746 2606 3854 2656 τῶν
3882 2607 4028 2674 Περ-

2450 2682 2559 2734 σῶν
2594 2686 2850 2752 συναντᾷ,
2882 2684 2975 2737 καὶ
2998 2690 3063 2755 τῇ
3091 2686 3184 2738 τοῦ
3211 2686 3345 2739 Θεοῦ
3373 2688 3600 2757 δυνάμει
3643 2692 3736 2742 καὶ
3764 2691 3865 2759 τῆς
3889 2690 4029 2743 Θεο-

2448 2771 2607 2822 τόκου
2635 2772 2967 2825 καταϐάλλει
2989 2773 3198 2830 τοῦτον.
3241 2774 3375 2829 Εἶτα
3403 2778 3499 2829 καὶ
3531 2778 3781 2846 δεύτερον
3817 2780 4028 2846 ὁμοίως

2452 2863 2547 2913 καὶ
2575 2862 2778 2931 τρίτον,
2804 2864 2954 2927 ὅστις
2988 2866 3154 2918 ἔδωκε
3183 2866 3262 2935 τῷ
3294 2868 3504 2936 βασιλεῖ
3531 2873 3667 2938 μετὰ
3690 2870 3916 2939 δόρατος
3946 2872 4029 2933 εἰς

2451 2953 2512 3005 τι
2536 2956 2733 3024 χεῖλος.
2764 2956 2961 3026 Μάχης
2982 2952 3076 3011 οῦν
3106 2958 3466 3029 κροτηθείσης
3499 2961 3733 3031 σφοδρᾶς
3766 2963 3957 3015 πίπτει
4000 2966 4034 3017 ὁ

2464 3046 2767 3119 Ῥαζάστης
2800 3051 2894 3103 καὶ
2923 3053 2971 3103 οἱ
2996 3053 3253 3122 ἄρχοντες
3286 3052 3452 3107 αὐτοῦ
3490 3055 3674 3124 σχεδὸν
3704 3057 3902 3121 παντες
3933 3062 4031 3112 καὶ

2451 3141 2513 3192 τὸ
2534 3142 2782 3194 πλεῖστον
2802 3142 2895 3196 τοῦ
2933 3144 3163 3215 στρατοῦ
3195 3146 3382 3199 αὑτοῦ.
3413 3148 3651 3201 Ἔπεσον
3672 3150 3726 3202 δὲ
3763 3151 4033 3219 Ῥωμαῖοι

2456 3234 2815 3302 πεντήκοντα,
2849 3234 2907 3301 ἐξ
2938 3227 3011 3287 ὧν
3039 3236 3171 3289 δέκα
3205 3237 3499 3291 ἀπέθανον.
3522 3239 3739 3293 Ἶστατο
3769 3240 3824 3293 δὲ
3871 3246 3899 3295 ὁ
3925 3246 4031 3295 πό-

2454 3324 2615 3393 λεμος
2647 3325 2754 3376 ἀπὸ
2787 3327 2999 3395 πρωῖας
3041 3326 3146 3389 ἕως
3165 3324 3313 3397 ὥρας
3355 3330 3670 3401 ἑνδεκάτης,
3716 3333 3813 3385 καὶ
3848 3350 4033 3405 τροπη

2453 3416 2553 3467 οὐκ
2586 3418 2821 3482 ἐγένετο.
2872 3417 2980 3469 Καὶ
3030 3418 3129 3485 τὴν
3178 3418 3278 3485 μὲν
3314 3418 3486 3471 νύκτα
3532 3422 3834 3491 ἡσύχασαν,
3897 3426 4035 3494 περὶ

2456 3507 2606 3577 ὤραν
2634 3508 2688 3561 δὲ
2720 3507 2771 3577 η’
2801 3510 2899 3576 τῆς
2930 3509 3124 3573 νυκτὸς
3156 3509 3417 3574 λαϐόντες
3456 3515 3504 3565 οἱ
3550 3514 3757 3584 Πέρσαι
3800 3517 3860 3568 τὸ
3892 3535 4031 3584 φοσ·

2458 3598 2616 3648 σάτον
2644 3596 2823 3649 αὐτῶν
2853 3599 3205 3667 ἡπλήκευσαν
3238 3602 3319 3663 εις
3358 3602 3523 3661 πόδας
3551 3603 3711 3673 ὅρους
3739 3609 4035 3675 τραχεινοῦ

2456 3686 2701 3754 εμςςοϐοι.
2744 3690 2807 3740 Οἱ
2834 3688 3095 3757 Ῥωμαῖοι
3118 3690 3173 3743 δὲ
3195 3692 3450 3762 εὑρόντες
3481 3693 3572 3745 τὸν
3595 3693 3689 3747 τοῦ
3725 3697 4035 3761 Ῥαζάστου

2456 3778 2651 3847 νεκρὸν
2693 3780 2885 3832 ἔλαϐον
2916 3781 2974 3832 τὸ
2998 3782 3323 3853 σκουτάριον
3349 3783 3515 3835 αὐτοῦ
3534 3784 3826 3854 ὁλόχρυσον
3852 3792 3945 3840 καὶ
3973 3792 4040 3842 τὸ

2456 3872 2652 3941 λωρξον
2686 3874 2798 3942 (55)
2824 3873 2919 3925 καὶ
2942 3872 3009 3925 τὰ
3044 3874 3325 3943 βραχιόνια
3351 3875 3463 3945 (54)
3487 3876 3650 3935 αὑτοῦ
3681 3878 3777 3930 καὶ
3795 3878 3893 3948 τὴν
3916 3882 4041 3933 σέλ-

2457 3968 2578 4027 λαν,
2608 3968 2783 4020 πάντα
2808 3967 3072 4037 ὁλόχρυσα
3107 3968 3199 4021 καὶ
3237 3969 3298 4020 τὺ
3344 3972 3761 4040 σκαραμάγγιον
3788 3974 3900 4036 (55)
3930 3976 4038 4027 αὑ-

2457 4059 2573 4115 τοῦ,
2606 4060 3030 4129 Κωεσχέοησαν
3051 4062 3107 4114 δὲ
3137 4062 3229 4113 καὶ
3263 4060 3465 4125 ζῶντες
3492 4062 3695 4116 πολλοί.
3738 4064 3798 4117 Ὀ
3829 4066 3887 4118 δὲ
3936 4066 4037 4134 βα-

2462 4152 2642 4213 σιλεὺς
2699 4152 3113 4221 Θαρσοποιήσας
3160 4152 3251 4205 τὸν
3313 4154 3541 4222 στρατδν
3598 4156 3740 4209 κατὰ
3790 4158 4038 4227 Χοσρόον

2460 4246 2712 4313 ἤλαυνεν,
2745 4246 2892 4306 ὅπως
2926 4244 3114 4297 τοῦτον
3156 4245 3471 4316 ἐκφοϐήσας
3518 4247 3682 4316 πείσῃ
3707 4249 4036 4303 ἀποστεῖλαι

2464 4338 2599 4407 πρὸς
2634 4338 2918 4406 Σάμΰαρον
2947 4337 3304 4407 ἀναχωρῆσαι
3353 4337 3448 4389 τοῦ
3475 4338 3789 4401 Βυζαντίου.
3838 4346 4045 4393 Διαπε-

2469 4433 2639 4499 ρασας
2667 4429 2723 4480 δὲ
2771 4432 2799 4481 ό
2827 4428 3079 4496 βασιλεὺς
3110 4429 3207 4491 τὰς
3237 4428 3480 4497 γεφύρας
3515 4431 3610 4482 τοῦ
3656 4432 3853 4501 μικροῦ
3887 4436 4044 4487 Ζαϐἱ

781 4526 1005 4579 nomine
1044 4526 1205 4593 732
1228 4524 1564 4578 Beclamum.
1596 4525 1656 4578 lu
1684 4540 1750 4578 eo
1794 4534 1911 4579 erat
1942 4527 2126 4580 circus
2155 4534 2207 4579 et
2233 4526 2359 4579 alti-
2396 4526 2437 4577 Ι)

2396 4526 2437 4577 D
2469 4524 2885 4590 κατεσκήνωσεν
2926 4520 3007 4581 εἰς
3034 4520 3160 4581 τοὺς
3181 4521 3364 4583 οῐκους
3395 4520 3488 4573 τοῦ
3526 4521 3813 4591 Ἰεσδεμὸν,
3841 4524 4038 4591 ἑορτα-

784 4615 863 4668 les
896 4615 1238 4669 struthiones
1271 4623 1405 4676 tres,
1448 4628 1661 4683 caprea:
1688 4615 2024 4684 quingentae,
2067 4616 2184 4684 apri
2224 4629 2357 4671 cen-

2469 4631 2567 4677 σας
2620 4616 2677 4665 ὲν
2724 4614 2907 4675 αὐτοῖς
2954 4612 3051 4683 τὴν
3097 4612 3335 4682 Χριστοῦ
3376 4613 3648 4682 γέννησιν.
3699 4614 3941 4669 Ἐκεῖθεν
3984 4617 4043 4669 δὲ

1858 4818 2209 4875 XYLANDRI
2271 4818 2358 4874 ET
2415 4819 2625 4875 GOARI
2677 4815 2911 4871 NOTAE.

859 4932 971 4999 (52)
1014 4932 1210 4984 Βανδον
1272 4932 1583 5001 signiﬁcare
1626 4932 1873 4985 vexillum
1936 4932 2093 4985 facile
2142 4940 2222 5001 est
2269 4927 2356 5001 Si-

786 4999 1337 5071 mocattamilegenti
1390 5016 1709 5071 agnoscere,
1760 5018 1841 5063 tu,
1902 5001 1956 5055 6.
2016 5002 2105 5054 Sic
2160 4999 2361 5071 Paulus

790 5074 1063 5124 DiaConus
1095 5070 1285 5123 Latine
1312 5067 1492 5123 vocat.
1537 5070 1701 5123 Addit
1747 5071 2013 5139 Iligaltius
2060 5071 2222 5122 etiam
2266 5067 2363 5119 τά·

786 5157 903 5208 γμα
938 5140 1127 5198 bande.
1158 5152 1338 5206 troupe
1364 5142 1628 5194 indicare.
1659 5141 1962 5200 Asseutiar.
2000 5141 2043 5194 si
2077 5139 2235 5191 modo
2264 5151 2362 5189 co-

789 5211 1123 5285 hortem_vel
1177 5225 1370 5285 agmen
1433 5211 1562 5285 illud
1629 5212 1914 5280 intelligat,
1946 5226 2053 5285 quo
2106 5208 2365 5285 subnuuo

788 5280 963 5331 bando
992 5280 1107 5333 sive
1168 5277 1388 5349 vexillo,
1428 5282 1571 5334 unde
1625 5277 1826 5334 nomen
1868 5277 2097 5349 accepit,
2148 5277 2365 5339 militat,

788 5365 889 5399 une
917 5349 1218 5416 compagm'e
1240 5348 1409 5403 Com.

862 5417 975 5486 (5'5)
1014 5416 1295 5485 Nusquam
1333 5419 1504 5471 lorica
1535 5426 1638 5477 est.
1694 5419 1810 5481 sed,
1867 5418 2097 5477 balteus.
2138 5432 2201 5470 ex
2260 5430 2367 5486 quo

788 5496 1005 5557 scutum
1040 5489 1122 5557 vel
1158 5487 1305 5543 ensis
1334 5491 1551 5557 pendet,
1583 5488 1777 5541 lorum.
1814 5489 2122 5543 Germanus
2150 5488 2205 5539 in
2245 5486 2362 5556 My-

790 5556 1032 5624 stagogia
1060 5556 1230 5609 Com.

863 5626 976 5693 (54)
1011 5626 1165 5679 Trito
1203 5626 1375 5695 magis
1412 5627 1577 5680 verbo
1609 5627 2121 5696 legitThcophancs
2145 5625 2341 5694 βραχιὸ

792 5696 1048 5762 iunctum
1096 5704 1226 5749 sunt
1274 5698 1341 5750 ad
1393 5697 1639 5756 brachia,
1682 5700 1931 5764 armillcv.
2002 5701 2078 5753 Ad
2119 5704 2369 5757 saucies

797 5764 1141 5821 brachiorum
1171 5766 1484 5821 indumenta
1521 5768 1800 5837 Xylaudri.
1832 5770 2003 5822 UOAR.

2542 4928 2654 4996 (55)
2688 4926 3139 4994 Scaramangium
3159 4923 3303 4996 Aquid
3324 4923 3417 4991 sit,
3435 4926 3691 4994 cognosvi
3714 4942 3875 4996 posse
3907 4940 4042 4996 puto

2471 4994 2652 5051 eviis
2705 4998 2798 5065 qui
2862 4996 3099 5065 linguam
3146 4994 3761 5065 Graecanicorntptam
3816 4994 4040 5055 callent.

2468 5068 2647 5121 Audio
2672 5062 2736 5120 ea
2773 5067 2955 5133 lingua
2986 5064 3187 5119 editam
3210 5080 3349 5137 esse,
3371 5062 3844 5130 liiademllomeri,
3875 5085 4041 5137 quam

2474 5140 2683 5205 utinam
2716 5136 2958 5189 nancisci
2992 5150 3230 5203 possem.
3266 5133 3486 5188 Utinam
3518 5151 3649 5190 vero
3680 5133 4047 5205 lexicon'ejus

2472 5202 2683 5275 lingua?
2703 5206 2923 5269 edatur,
2955 5202 3064 5275 quo
3102 5205 3465 5270 posteriorum
3496 5215 3803 5273 temporum
3848 5202 4049 5261 notitia

2474 5278 2714 5345 apertior
2767 5276 2937 5329 liet'et.
2990 5274 3125 5327 Χτι..
3164 5274 3739 5347 (τοξσκαραμάγγιοή
3805 5278 4049 5333 Achmcs

2472 5344 2521 5397 οξ
2556 5348 2648 5400 151
2686 5346 3076 5412 interpretatur
3105 5344 3386 5395 καϐϐἁδιν.
3422 5344 3508 5397 Bst
3540 5344 3737 5397 ante-if
3784 5347 4053 5401 καϐϐαδιν

2474 5417 2589 5469 sive
2618 5415 2911 5467 καϐϐαδιον
2968 5414 3143 5467 tunica
3181 5415 3442 5474 exterior,
3496 5415 3686 5467 stricta
3728 5417 3949 5483 quidem
3993 5428 4050 5471 et

2475 5485 2692 5554 corpori
2727 5486 3031 5545 adha‘rens,
3065 5493 3119 5535 at
3150 5484 3363 5537 brevior
3394 5493 3443 5536 et
3488 5484 3663 5554 globis
3700 5497 3827 5539 ante
3855 5498 4049 5553 pertus

2471 5553 2684 5623 juncta,
2745 5570 2846 5607 nec
2902 5570 3032 5622 sago
3068 5554 3306 5623 militari
3377 5553 3601 5606 omnino
3644 5555 3915 5607 absimilis
3970 5568 4053 5610 est

2417 5627 2427 5635 “
2478 5626 2647 5678 Com.
2679 5655 2746 5665 ——
2785 5623 2921 5678 Vide
2984 5622 3217 5677 ludit-em
3254 5630 3503 5675 nostrum
3540 5623 3603 5675 ad
3634 5623 4052 5683 Constantinum

2481 5696 3017 5765 Porphyrogenitum
3056 5692 3128 5747 De
3158 5710 3218 5747 cu
3238 5694 3496 5759 rimouiis,
3530 5702 3655 5747 um.
3692 5695 3860 5749 catt.
3911 5695 4052 5752 lit-tt.

2477 5765 2654 5818 l‘nn.
