4226 6444
258 447 371 523 309

1362 438 1899 502 HISTORIARUM
1942 440 2471 505 COMPENDIUM.

3391 449 3501 519 810

250 580 347 632 ρον
378 561 472 617 καὶ
510 558 757 614 Ῥαὸίαν.
801 556 861 615 ’0
906 559 963 614 δὲ
997 557 1283 628 Μούδαρος
1313 555 1486 610 τίκτει
1545 556 1829 624 Κοὺσαρον

1751 573 1829 609 >ον
1860 564 1899 618 Α
1934 558 2186 625 posteris.
2244 557 2293 614 ls
2350 560 2490 615 duos
2544 561 2855 632 procreavit
2904 562 3046 619 lilios
3103 562 3392 621 Mudarum
3443 582 3499 624 et

246 656 343 709 καὶ
377 653 575 708 Καῖτον
605 653 697 707 καὶ
721 652 963 723 Θεμίνην
987 651 1081 703 καὶ
1120 649 1373 704 Ἀσσαδὸν
1399 650 1490 702 καὶ
1520 649 1711 711 ἄλλους
1742 664 1825 699 τι·

244 747 344 807 νὰς
372 741 788 816 άνωνύμουςΙΡ.
823 740 951 813 422]
977 742 1025 795 οἶ
1048 742 1146 811 τὴν
1177 742 1406 811 Μαδιάμ
1436 742 1528 793 καὶ
1569 739 1668 809 τὴν
1697 738 1828 808 ἕρη-

246 852 349 903 μον
373 836 788 906 κληρωσάμενοι
814 834 1246 903 ἒκτηνοτρόφουν
1291 834 1350 885 ἐν
1380 833 1606 901 σκηναίς
1637 847 1826 883 κατοι-

242 926 469 989 κοῦντες
498 942 511 956 ο
546 926 649 977 εἰσὶ
680 924 738 977 δὲ
782 926 877 977 καὶ
910 924 957 976 oi
990 924 1255 993 ὲνδότεροι
1281 924 1461 977 αὐτῶν
1494 924 1559 975 ὲκ
1589 924 1685 991 τῆς
1722 939 1823 991 φυ-

239 1017 343 1083 λῆς
367 1018 462 1070 τοῦ
518 1016 743 1076 Ίεκτὰν,
793 1015 843 1068 οι
872 1015 1154 1093 λεγόμενοι
1200 1016 1507 1084 litavi-4...,
1547 1014 1825 1067 τουτέστιν

260 1108 580 1178 Ὀμηρῖται,
644 1108 693 1161 ο⁴ί
731 1110 823 1162 καὶ
874 1110 1127 1183 ἔμποροι.
1170 1107 1404 1177 ’Λπόρου
1436 1106 1492 1158 δὲ
1548 1107 1699 1166 ὄντος
1732 1106 1823 1158 τοῦ

242 1196 513 1276 Μωάμείξ,
558 1183 773 1267 homo:
804 1186 939 1277 πρός
973 1214 1094 1250 τινα
1124 1198 1360 1265 γυναῖκα
1393 1195 1654 1250 πλουσίαν
1686 1212 1825 1263 συγ-

236 1286 427 1352 γενίὸα
456 1285 639 1351 αὐτοῦ,
704 1288 930 1356 ὀνόματι
980 1287 1209 1357 Χαδιχᾶ,
1277 1288 1547 1361 μισθωτὸς
1601 1288 1697 1340 ἐπὶ
1744 1288 1823 1365 τῷ

237 1376 577 1444 καμηλεύειν
630 1378 723 1451 καὶ
783 1377 1293 1449 πραγματεύεσθαι.
1356 1380 1494 1433 Κατ’
1527 1379 1708 1446 ὀλίγον
1763 1380 1819 1433 δὲ

240 1468 770 1538 παρρησιασάμενος
802 1466 1096 1539 ὑπεισῆλθε
1127 1472 1192 1539 τῇ
1226 1468 1447 1537 γυναικὶ
1478 1470 1621 1540 χήρᾳ
1661 1469 1815 1539 οὔσῃ,

239 1560 338 1611 κ.-ὶ
375 1558 566 1612 ἔλασεν
616 1561 786 1630 αὐτὴν
834 1564 1088 1639 γυναῖκα.
1163 1560 1480 1630 Ἐρχόμενος
1532 1559 1676 1613 δὲέν
1709 1562 1819 1615 Πα-

234 1650 487 1725 λαιστίνῃ
528 1653 991 1724 συνανεστρέφετο
1034 1652 1301 1715 Ἰουδαίοις
1334 1655 1423 1704 καὶ
1448 1654 1813 1737 Χριστιανοῖς,

233 1744 331 1795 καὶ
382 1743 555 1815 ἐθήρα
583 1744 641 1809 ἐξ
666 1744 845 1796 αὐτῶν
887 1760 1010 1798 τινα
1041 1744 1315 1812 Γραφικά.
1365 1745 1514 1798 Ἐπεὶ
1544 1745 1599 1798 δὲ
1629 1743 1817 1817 δαιμο-

231 1834 363 1885 νιῶν
398 1831 484 1895 ἦν,
519 1835 740 1911 ἐνόσησε
790 1834 847 1888 δὲ
886 1838 979 1890 καὶ
1005 1835 1323 1911 ἐπιληψίαν,
1377 1837 1675 1906 ἐθεράπευε
1708 1841 1805 1909 τὴν

1931 645 2180 704 Babiam.
2217 650 2443 707 Mudaro
2469 653 2637 721 geniti
2670 663 2795 710 sunt
2816 655 3080 724 Cusarus,
3110 657 3319 725 Caitus,
3354 658 3500 716 Thc-

1931 738 2131 801 mines.
2166 741 2477 797 Asiadonus
2502 742 2703 813 aliique
2747 745 2940 816 aliqui,
2990 763 3222 815 quorum
3275 752 3496 807 nomina

1928 844 2034 883 non
2066 839 2307 888 exstant.
2343 835 2414 888 lis
2444 850 2568 889 cum
2607 844 2756 891 sorte
2800 838 3089 909 obtigisset
3129 840 3492 904 Madianicum

1926 927 2104 977 solum
2142 932 2197 979 et
2225 925 2483 992 solitudo,
2517 931 2569 982 in
2600 928 2966 987 tabernaculis
2999 934 3162 989 vitam
3198 937 3496 996 tolerantes

1926 1029 2197 1083 pecuaria:
2225 1018 2693 1076 rei‘studuerunt.
2726 1023 3023 1080 Interiores
3061 1027 3127 1082 iis
3179 1042 3242 1082 ex
3282 1023 3495 1091 Jectani

1928 1107 2068 1158 tribu
2099 1115 2250 1168 sunt,
2293 1108 2388 1177 qui
2416 1109 2686 1175 Amanita:
2740 1111 3102 1180 appellantur,
3157 1115 3302 1189 quod
3352 1120 3497 1173 valet

1928 1194 2252 1266 llomeritas,
2290 1209 2346 1255 et
2369 1202 2757 1269 negotiatores.
2783 1203 3098 1261 Moamedus
3132 1210 3312 1264 autem
3366 1225 3492 1266 cum

1923 1296 2068 1343 esset
2097 1305 2325 1361 pauper,
2366 1293 2618 1347 mercede
2652 1310 2873 1365 operam
2925 1311 3080 1352 suam
3122 1290 3325 1355 locavit
3370 1302 3492 1357 cui-

1923 1381 2047 1434 t‘lam
2082 1399 2193 1437 sua;
2218 1389 2407 1454 gentili
2449 1389 2673 1447 mulieri
2695 1390 2970 1463 locupleti,
3004 1397 3225 1451 nomine
3260 1397 3489 1466 Chaida,

1924 1486 1982 1526 ut
2020 1476 2260 1533 camelos
2290 1479 2451 1550 739
2481 1490 2734 1550 pasceret
2760 1498 2932 1554 eaque
2960 1502 3020 1543 re
3070 1488 3284 1545 lucrum
3337 1507 3490 1563 qua»

1921 1574 2085 1618 reret.
2116 1562 2385 1623 Paulatim
2435 1582 2614 1627 autem
2650 1576 2906 1632 liberiore
2961 1579 3081 1653 ejus
3132 1590 3292 1638 utens
3352 1562 3488 1640 con-

1922 1657 2232 1719 suetudine,
2272 1667 2331 1712 ut
2369 1670 2485 1714 erat
2514 1661 2698 1729 vidua,
2727 1681 2785 1721 se
2819 1666 2873 1721 in
2935 1669 3163 1739 gratiam
3196 1673 3314 1742 ejus
3356 1674 3489 1729 insi-

1924 1746 2132 1809 nuavit,
2193 1763 2534 1820 uxoremque
2581 1752 2718 1806 adeo
2771 1770 2888 1810 eam
2966 1759 3140 1814 duxit.
3203 1758 3486 1823 Profectus

1921 1822 2085 1902 porro
2119 1836 2172 1889 in
2211 1836 2557 1895 Palaestinam
2597 1844 2738 1899 inter
2779 1844 2992 1905 Judzeos
3022 1865 3087 1905 ac
3142 1851 3488 1909 Christianos

230 1917 472 1994 γυναῖκα
502 1927 851 1998 λυπουμένην
878 1927 1086 2003 σφόδρα
1119 1927 1200 1981 ὅτι
1233 1925 1301 1999 ἦν
1330 1928 1555 2005 εὐγενὴς
1598 1931 1692 1983 καὶ
1728 1933 1809 2007 ὅτι

1751 1936 1809 2007 et
1845 1913 1884 1967 Β
1919 1917 2166 1983 iersatus
2192 1938 2295 1992 est,
2329 1939 2381 1984 et
2413 1934 2658 2001 quaedam
2691 1935 2759 1990 de
2794 1939 2964 1993 sacris
2987 1937 3204 1997 Litteris
3236 1952 3485 1999 venatus.

232 2020 484 2091 συνήφθη
536 2019 762 2087 τοιούτῳ
808 2020 999 2092 ἀπόρῳ
1064 2022 1157 2074 καὶ
1201 2021 1573 2095 δαιμονιῶντι,
1607 2022 1806 2090 λέγων·

244 2108 505 2174 Ἀγγέλου
561 2109 827 2161 ὀπτασίαν
863 2109 1157 2178 λεγομένου
1193 2108 1431 2180 Γαϐριὴλ
1482 2110 1671 2183 θεωρῶ
1722 2115 1808 2166 καὶ

231 2200 440 2253 πίπτω.
501 2199 648 2270 Αὕτη
701 2201 757 2254 δὲ
792 2201 989 2272 ἔχουσα
1027 2202 1262 2271 μοναχὸν
1303 2202 1391 2255 διὰ
1446 2209 1809 2260 κακοπιστίαν

230 2292 510 2362 ἐξόριστον
542 2294 717 2345 ἐκεῖσε
751 2293 902 2358 ὄντα,
924 2292 1077 2362 φίλον
1105 2293 1294 2364 αὐτῆς,
1316 2294 1635 2364 ἀνήγγειλεν
1660 2298 1810 2368 αὐτῷ

229 2385 414 2438 πάντα
441 2387 534 2437 καὶ
567 2386 628 2438 τὸ
682 2384 854 2452 ὄνομα
880 2385 974 2438 τοῦ
1006 2386 1239 2455 ἀγγέλου
1259 2404 1272 2419 ’
1334 2390 1586 2453 κάκεῖνος
1639 2390 1809 2445 θέλων

228 2475 648 2550 πληροφορῆσαι
674 2478 846 2548 αὐτὴν
862 2473 1037 2543 εἶπεν,
1060 2479 1142 2532 ὅτι
1176 2480 1415 2550 Ἀληθῶς
1439 2482 1586 2548 λέγει
1610 2497 1624 2512 ⁸
1657 2478 1811 2549 οὗτος

230 2544 599 2637 γὰργᾶγγελος
648 2544 927 2639 πέμπεται
960 2573 1097 2639 πρὸς
1131 2544 1308 2625 πάντα
1359 2544 1667 2646 προφήτην.
1700 2544 1812 2635 Καὶ

231 2664 371 2731 αὑτὴ
393 2661 734 2716 πιστεύσασα
755 2664 832 2732 τῷ
863 2664 1004 2732 λόγῳ
1030 2664 1124 2715 τοῦ
1147 2664 1430 2735 ψευδαϐὄᾶ
1456 2670 1689 2739 ἐκήρυξε
1712 2674 1808 2724 καὶ

230 2752 419 2816 ἄλλαις
444 2754 690 2820 γυναιξὶν
723 2756 1015 2825 ὁμοφύλοις
1050 2757 1241 2828 αὐτῆς,
1280 2760 1374 2812 καὶ
1401 2759 1574 2823 οὓτως
1605 2764 1669 2813 ὲκ
1704 2780 1802 2829 γυ-

227 2848 433 2900 ναικῶν
458 2843 620 2919 ἦλθεν
650 2852 729 2911 είς
760 2849 982 2919 ἄνδρας.
1041 2852 1151 2905 Καὶ
1182 2853 1402 2924 πρῶτον
1465 2854 1808 2925 ’Λόουϐάχαρ

226 2937 474 3006 διάδοχον
507 2939 789 2992 κατέλιπε.
821 2942 930 2993 Καὶ
956 2942 1257 3013 ἐκράτησεν
1290 2946 1321 3014 ὴ
1376 2946 1587 3013 αἵρεσις
1638 2947 1805 3000 αὐτοῦ

225 3026 296 3079 τὰ
350 3027 494 3099 μέρη
529 3028 623 3081 τοῦ
669 3030 927 3101 Λίθρίόου
973 3034 1079 3095 ἕως
1108 3035 1199 3086 τοῦ
1250 3036 1479 3104 ἐσχάτου
1541 3037 1801 3106 πολέμου,

226 3118 422 3189 πρώην
482 3120 582 3188 μὲν
639 3122 897 3192 κρυπτῶς
953 3124 1049 3194 ἔτη
1107 3125 1260 3189 δέκα,
1306 3130 1401 3180 καὶ
1444 3128 1532 3182 διὰ
1568 3129 1804 3196 πολέμου

224 3210 426 3278 όμοὲως
469 3211 620 3277 δέκα,
657 3213 749 3263 καὶ
773 3214 1023 3282 φανερῶς
1052 3214 1115 3269 θ’.
1145 3211 1312 3280 Οὗτος
1346 3218 1374 3270 ό
1403 3218 1664 3289 θεομισὴς
1712 3221 1807 3273 καὶ
1837 3254 1877 3311 C

226 3298 597 3370 ὲμϐρόντητος
656 3302 966 3373 περιτυχὼν
1011 3306 1282 3378 Ἑϐραίοις
1346 3311 1441 3364 καὶ
1505 3313 1805 3383 ’Λρειανοίς

226 3392 321 3442 καὶ
365 3392 773 3462 Νεστοριανοτς,
827 3397 921 3449 καὶ
972 3398 1239 3453 πάντοθεν
1294 3402 1704 3474 ὲρανισάμενος,
1747 3404 1807 3470 ἐξ

238 3477 506 3535 Ἰουδαίων
538 3486 637 3552 μὲν
662 3487 981 3557 μοναρχίαν,
1007 3489 1066 3554 ἐξ
1108 3484 1399 3561 Ἅρειανῶν
1424 3495 1479 3546 δὲ
1504 3496 1677 3563 Λόγον
1708 3496 1803 3548 καὶ

225 3571 452 3640 Πνεῦμα
494 3575 708 3639 κτιστὰ,
766 3576 874 3628 ἀπὸ
929 3578 985 3630 δὲ
1018 3578 1397 3651 Νεστοριανῶν
1448 3584 1803 3655 ἀνθρωπολα-

225 3662 433 3730 τρείαν,
464 3664 641 3733 ἐαυτῷ
672 3668 967 3739 θρησκείαν
994 3675 1383 3740 περιποιεῖται,
1416 3676 1510 3728 καὶ
1532 3680 1800 3747 προφάσει

226 3750 552 3817 θεογνωσίας
576 3756 1028 3827 εἰσποιησάμενος
1054 3759 1114 3811 τὸ
1157 3759 1309 3825 ἔθνος
1339 3763 1577 3829 ἐδίδαξεν
1602 3768 1801 3832 αὐτοὺς

221 3843 647 3911 περιτέμνεσθαι
676 3848 766 3897 καὶ
794 3845 994 3917 ἄνδρας
1035 3850 1130 3903 καὶ
1155 3854 1419 3918 γυναῖκας
1452 3856 1545 3907 καὶ
1574 3858 1669 3909 ἕνα
1701 3859 1799 3928 μό-

221 3945 308 3981 νον
332 3935 661 4002 προσκυνεῖν
689 3936 844 4000 Θεὺν,
876 3938 967 3990 τὸν
996 3937 1052 3990 δὲ
1076 3939 1308 4008 Χριστὸν
1337 3944 1501 4013 τιμᾷν
1527 3944 1601 4008 ὡς
1624 3938 1798 4015 Λόγον

218 4021 375 4085 Θεοῦ,
410 4025 509 4093 οὐχ
542 4025 617 4087 ὡς
663 4025 795 4078 Υίὸν
835 4027 909 4095 δὲ,
943 4029 1057 4081 ἀλλ’
1087 4030 1163 4093 ὡς
1199 4031 1264 4084 ὲκ
1295 4033 1611 4105 Πνεύματος
1639 4038 1795 4104 ἁγίου

219 4117 586 4183 γεγενημένον
612 4129 626 4142 ’
659 4116 816 4185 λόγον
861 4120 918 4172 δὲ
951 4122 1046 4174 καὶ
1078 4122 1295 4191 πνεῦμα
1332 4130 1666 4199 προφορικὸν
1701 4130 1795 4184 καὶ

218 4207 297 4269 είς
318 4208 456 4277 ἀέρα
488 4208 746 4277 χεόμενον
767 4210 1036 4279 ὑπονοεῖν,
1066 4214 1166 4268 οὑκ
1196 4217 1539 4273 ὲνυπόστατα
1572 4222 1690 4275 οὐδὲ
1719 4224 1796 4294 τῷ

216 4296 256 4349 Γ
260 4298 508 4367 εννήτορι
533 4299 793 4366 όμοούσια
814 4316 827 4329 ’
864 4303 962 4369 τὴν
991 4304 1047 4354 δὲ
1075 4304 1237 4372 ἁγίαν
1265 4308 1539 4377 Παρθένον
1575 4312 1795 4383 Μαρίαν

219 4389 293 4456 μὴ
326 4389 505 4452 λέγειν
532 4387 813 4454 Θεοτόκον,
845 4390 981 4445 ἀλλὰ
1017 4393 1116 4464 τὴν
1157 4393 1370 4465 Ἀαρὼν
1417 4399 1510 4452 καὶ
1548 4401 1795 4468 Μωσέως

1916 2017 2050 2073 Cum
2090 2033 2274 2077 autem
2306 2033 2359 2079 et
2391 2026 2638 2083 daarnone
2687 2031 3063 2100 exagitaretur
3115 2042 3169 2089 et
3222 2037 3484 2091 comitiali

1916 2114 2107 2166 morbo
2131 2114 2424 2184 laboraret,
2464 2134 2689 2175 uxorem
2749 2136 2927 2188 suam,
2972 2137 3093 2193 qua:
3142 2141 3361 2195 gravem
3416 2141 3485 2181 ex

1914 2220 1979 2257 eo
2013 2206 2266 2274 capiebat
2300 2208 2568 2276 dolorem,
2596 2213 2740 2282 quod
2807 2216 3011 2291 nobilis
3068 2217 3183 2286 ipsa
3234 2234 3406 2289 egeno
3432 2229 3486 2275 et

1913 2296 2179 2351 tltmnonis
2218 2302 2601 2359 vexationibus
2631 2305 2869 2363 obnoxio
2918 2309 3126 2367 homini
3186 2294 3483 2390 nupsisset,

1915 2390 1989 2440 ita
2024 2388 2306 2473 demulsit,
2333 2396 2477 2465 quod
2512 2396 2717 2451 diceret
2748 2413 2803 2452 se
2834 2400 2898 2452 ad
2931 2390 3283 2472 conspectum
3306 2388 3484 2478 angeli

1914 2478 2156 2540 Gabricli
2198 2467 2301 2541 sibi
2338 2493 2653 2560 apparentis
2684 2493 2992 2550 concidere.
3032 2467 3160 2552 Erat
3192 2467 3409 2555 amicus
3434 2504 3482 2556 ei

1916 2576 2129 2632 mulieri
2162 2581 2469 2636 monachus
2509 2583 2753 2652 quidam,
2802 2586 2894 2655 qui
2946 2588 3016 2642 ob
3074 2579 3265 2646 falsam
3322 2593 3483 2649 ﬁdem

1914 2668 2189 2735 relegatus
2261 2670 2333 2725 ibi
2398 2673 2636 2727 vivebat.
2707 2674 2843 2730 Huic
2898 2679 3099 2734 mulier
3138 2690 3306 2737 totam
3368 2700 3481 2739 rem

1913 2760 2106 2828 aperit.
2167 2762 2345 2829 angeli
2387 2749 2553 2819 etiam
2612 2769 2833 2824 nomine
2891 2754 3125 2840 prolato.
3187 2774 3238 2831 Is
3299 2787 3482 2834 autem

1914 2853 2237 2916 monachus,
2268 2857 2343 2907 uti
2376 2856 2687 2924 opinionem
2736 2875 2854 2914 eam
2911 2878 3139 2931 prorsus
3186 2866 3243 2923 in
3299 2871 3484 2927 animo

1914 2941 2159 2997 mulieris
2191 2945 2562 3012 confirmaret,
2624 2966 2747 3006 vere
2780 2952 3121 3013 Moamedum
3156 2958 3269 3014 haec
3299 2960 3486 3019 dicere

1910 3031 2019 3087 ait:
2050 3049 2174 3087 eum
2203 3037 2347 3090 enim
2382 3042 2635 3109 angelum
2672 3044 2738 3097 ad
2791 3048 3041 3114 quemvis
3089 3060 3263 3107 vatem
3316 3056 3480 3110 mitti.

1910 3120 2104 3177 Mulier
2171 3126 2329 3180 iidem
2385 3130 2567 3186 verbis
2624 3132 2941 3203 impostoris
3020 3140 3167 3198 illius
3224 3148 3481 3202 monachi

1912 3214 2120 3294 habens
2167 3222 2289 3274 aliis
2342 3223 2458 3278 suis
2500 3226 2798 3295 gentilibus
2852 3232 3176 3292 mulieribus
3236 3237 3479 3296 fabulam

1913 3310 2161 3363 narravit
2190 3329 2203 3365 :
2236 3312 2305 3367 ab
2338 3313 2424 3369 his
2456 3326 2624 3386 porro
2646 3321 2711 3375 ad
2738 3320 2884 3377 viros
2922 3340 2985 3379 ea
3035 3331 3328 3386 emanavit.
3355 3330 3478 3388 Pri-

1907 3414 2053 3453 mum
2096 3417 2473 3463 successorem
2504 3408 2821 3469 Moamedus
2866 3417 3088 3489 reliquit
3150 3424 3480 3482 Abubacha—

1906 3505 2041 3545 rem.
2089 3491 2452 3567 Obtinuitque
2486 3517 2547 3555 ea
2585 3503 2807 3559 haeresis
2838 3508 2891 3561 in
2944 3510 3190 3577 partibus
3234 3515 3474 3576 Ethribi

1906 3595 2081 3651 usque
2130 3585 2198 3639 ad
2243 3586 2448 3643 bellum
2499 3602 2858 3664 postremum,
2915 3600 3092 3667 primo
3146 3603 3474 3665 decennium

1904 3675 2145 3739 occulte,
2173 3678 2321 3733 aliud
2356 3681 2481 3736 inde
2512 3686 2673 3748 bello,
2702 3698 2757 3741 et
2796 3698 2984 3760 aperte
3027 3709 3223 3753 novem
3273 3694 3471 3759 annos.

1903 3759 2118 3819 Invisus
2146 3766 2234 3821 ille
2253 3768 2360 3825 Deo
2382 3786 2445 3824 ac
2478 3788 2707 3830 vesanus
2737 3759 3072 3850 Moamedus,
3100 3783 3473 3860 Hebraeorum,

1902 3855 2231 3937 Arianorum
2258 3871 2311 3916 et
2335 3861 2783 3949 Nestorianorum
2838 3880 2997 3930 utens
3050 3884 3468 3953 consuetudine,

1901 3954 2065 4017 atque
2090 3951 2333 4022 undique
2355 3955 2560 4026 aliquid
2588 3944 2746 4030 stipis
2800 3964 3121 4033 corradens,
3184 3984 3214 4024 a
3269 3944 3473 4033 Iudaeis

1899 4048 2118 4109 sumpta
2144 4042 2210 4097 de
2238 4060 2348 4099 uno
2380 4045 2493 4101 Deo
2528 4050 2799 4132 doctrina,
2833 4055 2902 4109 ab
2945 4056 3165 4115 Arianis
3215 4061 3393 4123 Verbo
3419 4080 3472 4124 et

1900 4128 2104 4200 Spiritu
2129 4138 2351 4203 creatis,
2385 4154 2413 4193 a
2444 4128 2790 4202 Nestorianis
2840 4147 2989 4204 cultu
3056 4154 3240 4210 divino
3289 4158 3470 4215 homi-

1898 4224 2067 4279 nibus
2096 4228 2431 4298 exhibendo,
2464 4250 2659 4315 novam
2693 4226 2795 4294 sibi
2829 4242 3150 4314 religionem
3182 4250 3466 4318 conﬁnxit,

1897 4326 1963 4367 ac
1987 4316 2093 4370 sub
2120 4329 2386 4387 praatextu
2424 4312 2756 4394 cognitionis
2802 4312 3000 4391 divinae
3049 4341 3234 4407 populi
3270 4345 3470 4401 animis

1897 4405 2000 4460 sibi
2037 4408 2304 4467 devinctis
2355 4424 2551 4471 auctor
2601 4419 2671 4476 iis
2706 4422 2835 4489 fuit,
2864 4434 2922 4481 ut
2968 4405 3092 4483 cuin
3129 4448 3309 4490 mares
3351 4445 3463 4491 tum

214 4476 481 4547 ἀδελφήνο
513 4478 646 4547 μηδὲ
677 4479 1061 4550 βαπτίζεσθαι,
1088 4487 1223 4555 μηδὲ
1256 4488 1623 4559 σασσατίξειν,
1655 4497 1790 4565 μήτε

1751 4512 1790 4548 ςε
1900 4495 2116 4555 femina:
2141 4501 2693 4579 circumciderentnr,
2729 4515 2892 4589 740
2938 4530 2998 4575 ut
3039 4538 3207 4578 unum
3255 4533 3464 4584 tantum

210 4568 267 4619 δὲ
290 4571 401 4631 τοῖς
430 4574 674 4639 νομικοῖς
705 4571 737 4642 ἢ
771 4574 1150 4643 εὑαγγελικοτς
1169 4578 1345 4633 ἔθεσιν
1378 4582 1785 4663 ἐπακολουθεῖν,
1821 4581 1841 4639 ί

1751 4606 1785 4653 ι,
1821 4581 1868 4639 D
1897 4588 2068 4647 Deum
2102 4592 2419 4663 adorarent,

210 4660 343 4711 ἀλλὰ
372 4658 751 4728 βδελύττεσθαί
779 4665 871 4717 τὸν
890 4667 1142 4736 σταυρὸν,
1167 4670 1258 4723 καὶ
1286 4674 1384 4742 τὴν
1413 4676 1569 4727 σκιάν
1595 4662 1785 4733 ἐσταυσ

213 4748 419 4815 ρῶσθαι
459 4748 551 4802 τοῦ
610 4752 849 4822 Χριστοῦ
902 4756 1208 4825 ὁμολογεῖν.
1248 4762 1689 4836 Παρηγγυήσατο
1730 4769 1786 4824 δὲ

210 4840 393 4901 αὐτοῖς
449 4840 544 4893 καὶ
576 4842 683 4893 τῶν
732 4844 963 4898 καθόλου
995 4849 1467 4922 ἀπηγορευμένων
1523 4858 1601 4927 τῷ
1635 4861 1785 4931 νόμῳ

211 4926 295 4997 [Ρ.
328 4929 456 5001 425]
516 4934 785 5011 μετέχειν,
843 4936 983 5007 πλὴν
1034 4939 1214 5009 κρεῶν
1252 4944 1527 5014 χοιρείων,
1561 4926 1783 5020 οἴνῳ-δε

208 5022 526 5076 παντάπασι
574 5024 649 5095 μὴ
675 5025 933 5096 χρῆσθαι.
993 5031 1248 5085 Τοιοῦτόν
1280 5053 1330 5088 τι
1368 5038 1782 5113 μυθευσάμενος

206 5112 396 5166 ἑαυτόν
420 5132 551 5185 φησι
578 5118 887 5191 κλειδοῦχον
918 5122 1247 5191 γεγενῆσθαι
1296 5128 1393 5180 τοῦ
1427 5133 1779 5201 παραδείσου,

206 5205 297 5255 καὶ
333 5206 479 5257 κατὰ
506 5207 602 5275 τὴν
633 5208 846 5280 ἡμέραν
879 5212 979 5281 τῆς
1028 5214 1284 5283 κρίσεως,
1321 5221 1459 5289 μετὰ
1500 5223 1561 5274 τὸ
1601 5240 1781 5295 παρα-

207 5296 398 5363 στῆναι
441 5296 533 5349 τδν
578 5300 784 5353 Μωσέα
819 5304 917 5355 σὺν
965 5306 1079 5367 τοῖς
1144 5306 1505 5381 Ἰσραηλίταις
1550 5317 1645 5369 καὶ
1702 5318 1777 5382 ὡς

205 5389 532 5456 παρασάτας
554 5392 649 5445 τοῦ
685 5394 850 5464 νόμου
890 5396 953 5465 τῇ
1005 5398 1225 5454 κολάσει
1257 5402 1351 5455 τοῦ
1400 5406 1570 5474 πυρὸς
1595 5425 1776 5480 παρα-

201 5479 443 5550 δοθῆναι,
478 5480 633 5545 αὖθις
673 5485 883 5555 Ἰησοῦν
912 5493 1257 5563 παραστῆναι
1284 5494 1425 5569 [καὶ]
1456 5479 1774 5570 ἀρνησάμε-

202 5587 287 5622 νον
352 5571 665 5642 ἔμπροσθεν
700 5576 836 5630 Θεοῦ
879 5581 966 5639 ὅτι
1006 5583 1107 5637 οὐκ
1164 5580 1320 5638 εἶπεν
1376 5588 1588 5641 ἑαυτὸν
1633 5590 1773 5649 εἶναι

201 5845 288 5897 καὶ
321 5830 450 5898 Υίὸν
481 5846 615 5899 Θεοῦ
671 5851 767 5901 καὶ
800 5830 973 5918 Λόγον
1008 5830 1430 5929 σεσαρκωμένον
1476 5862 1568 5917 καὶ
1603 5881 1769 5945 σταυ-

398 5940 671 6001 ΡΑτιιοι..
719 5942 838 6006 Gn.
890 5944 1112 6017 CXXI.

2461 4607 2519 4652 ut
2570 4601 2847 4659 Christum
2902 4622 3320 4681 venerarentur,
3352 4634 3464 4673 non

1894 4684 2053 4767 quasi
2083 4683 2305 4752 Filium,
2356 4692 2447 4743 sed
2480 4700 2688 4747 tantum
2721 4711 2821 4764 pro
2882 4697 3062 4757 Verbo
3099 4703 3192 4760 Dei
3238 4718 3370 4766 nato
3398 4726 3463 4767 ex

1895 4762 2102 4842 Spiritu
2142 4787 2376 4845 sancto;
2425 4794 2483 4835 ut
2517 4762 2746 4841 verbum
2784 4798 2838 4843 et
2867 4792 3123 4861 spiritum
3163 4800 3308 4868 quod
3334 4817 3465 4872 pro-

1896 4864 2069 4922 fertur
2120 4878 2175 4923 et
2232 4871 2285 4925 in
2337 4864 2517 4929 aerem
2570 4877 2873 4936 eﬂ‘nnditur
2923 4864 3304 4962 opinarentur,
3334 4864 3460 4953 -non

1893 4973 2015 5028 qua:
2037 4960 2091 5015 in
2116 4962 2297 5019 divina
2339 4968 2708 5026 subsisterent
2762 4979 2999 5033 essentia
3060 4993 3154 5037 aut
3212 4960 3457 5056 ejusdem

1892 5062 2015 5102 cum
2046 5049 2301 5109 Genitore
2338 5068 2527 5113 essent
2560 5073 2796 5131 naturae;
2859 5084 2929 5124 ne
2961 5071 3175 5129 beatam
3230 5049 3455 5138 blariam

1890 5139 2134 5197 dicerent
2171 5144 2266 5201 Dei
2317 5147 2671 5222 Genitricem,
2728 5159 2821 5214 sed
2892 5177 3135 5221 sororem
3198 5169 3363 5229 Mosfs
3407 5188 3461 5231 et

1889 5232 2163 5303 Aaronis;
2197 5254 2265 5293 ne
2295 5240 2707 5310 baptizarentur
2742 5260 2835 5305 aut
2870 5250 3171 5314 Sabbatum
3208 5276 3457 5335 agerent,

1889 5339 2068 5394 neque
2132 5328 2267 5401 legis
2330 5333 2680 5405 Evangeliive
2734 5342 2979 5400 instituta
3037 5328 3305 5419 tenerent,
3360 5328 3455 5415 sed

1886 5428 2107 5473 crucem
2180 5421 2649 5495 abominarentur,
2710 5435 3072 5508 umbramque
3136 5443 3340 5502 Christi
3401 5450 3454 5505 in

1885 5521 2104 5568 crucem
2134 5521 2309 5568 actam
2336 5516 2662 5579 faterentur.
2688 5523 2831 5590 Quin
2860 5538 2915 5584 et
2960 5535 3207 5591 omnium
3262 5556 3452 5598 eorum

1886 5614 2047 5656 usum
2086 5602 2153 5659 iis
2182 5611 2475 5678 concessit,
2501 5613 2700 5682 quibus
2746 5618 2829 5674 lex
2878 5621 3177 5692 interdicit,
3226 5644 3450 5705 excepta

1751 5717 1772 5731 ο
1882 5696 2037 5786 porci
2062 5710 2249 5786 carne.
2290 5697 2430 5756 Vino
2458 5718 2690 5772 prorsus
2721 5710 3000 5771 abstinere
3055 5716 3245 5786 jussit.
3279 5696 3451 5781 Porro

1883 5779 2064 5837 autem
2096 5785 2336 5845 fabulam
2368 5793 2531 5849 talem
2557 5810 2901 5861 commentus
2931 5814 3039 5863 est.
3056 5779 3186 5865 'Sibi
3229 5811 3303 5867 ait
3332 5779 3449 5869 cla;

1878 5888 1975 5943 ves
2000 5878 2242 5945 paradisi
2267 5886 2595 5946 commissas
2642 5889 2835 5950 fuisse.
2882 5894 2982 5954 Die
3023 5899 3241 5973 iudicii,
3296 5892 3451 5976 post:

3028 5989 3103 6049 26
