4226 6444
737 380 835 445 Sil

2035 382 2354 444 GEORGII
2396 384 2593 443 CEDR
2606 386 2732 444 ENI

3880 393 3987 457 812

730 511 895 577 quam
922 496 1101 553 Moses
1123 511 1247 551 cum
1281 495 1546 551 lsraelitis
1574 494 1639 549 ad
1663 495 1902 551 tribunal
1949 497 2144 559 astitit,
2181 504 2234 550 et
2264 495 2298 549 ii
2329 499 2373 557 Α

2416 495 2649 561 σωθέντα
2675 495 3134 565 δογματίσαντας,
3167 500 3230 569 τῇ
3257 496 3350 551 τοῦ
3380 500 3552 570 πυρὸς
3581 502 3774 574 γεέννῃ
3801 519 3986 577 παρα-

731 576 910 660 utqui
943 591 1113 661 legem
1143 590 1438 645 violassent
1494 588 1729 644 ﬂamma:
1774 588 2025 659 supplicii
2095 588 2299 643 addicti

729 680 973 747 fuerunt,
1006 696 1221 736 rursum
1249 682 1433 737 Jesum
1466 699 1525 739 se
1586 682 1820 745 stitisse.
1844 694 1911 734 ac
1964 696 2147 735 coram
2191 680 2304 735 Deo

728 771 959 845 negasse
985 787 1225 842 unquam
1261 787 1319 828 se
1350 788 1547 828 nomen
1579 771 1700 831 Filii
1726 768 1819 825 Dei
1852 770 1961 848 silgi
1986 785 2301 841 arrogasse.

725 866 853 921 Ide‘o
890 864 1263 932 Christianos,
1300 866 1392 935 qui
1428 865 1589 919 talem
1621 862 1849 920 Christo
1877 864 2099 918 titulum
2126 864 2303 934 impo-

727 969 857 1010 nere
891 954 1010 1009 ausi
1044 955 1297 1021 fuissent,
1342 970 1578 1025 eumque
1636 956 1828 1021 Deum,
1863 954 1958 1011 Dei
2018 954 2213 1009 Filium
2251 960 2303 1009 et

726 1046 969 1103 Verbum
1006 1049 1348 1103 inearnatum
1374 1062 1439 1103 ac
1462 1047 1787 1103 cruciﬁxum
1822 1048 2302 1120 pronuntiassent,

728 1141 782 1196 in
824 1155 1092 1211 geennam
1127 1140 1268 1210 ignis
1297 1140 1536 1197 deditos.
1567 1140 1882 1197 Secundum
1900 1141 2013 1195 haec
2041 1156 2100 1195 se
2125 1154 2154 1193 a
2195 1138 2303 1194 Deo

727 1229 1177 1288 vocatumiuisse
1208 1231 1503 1286 admodum
1538 1232 1686 1304 pium
1736 1242 1792 1287 et
1856 1230 2161 1294 laudatum,
2208 1230 2306 1300 qui

730 1326 827 1380 toti
884 1324 1033 1395 genti
1092 1324 1310 1394 pietatis
1364 1331 1561 1378 auctor
1632 1330 1801 1387 esset,
1842 1321 2075 1392 ideoque
2127 1322 2307 1377 claves

727 1416 966 1486 paradisi
1042 1416 1148 1471 sibi
1222 1416 1535 1472 mandatas.
1614 1414 1910 1485 Postquam
1989 1415 2303 1485 paradisum

728 1509 1064 1579 aperuisset,
1136 1522 1324 1563 secum
1393 1507 1632 1561 intrasse
1710 1508 2060 1577 septuaginta
2136 1504 2303 1557 millia

728 1600 1035 1663 hominum,
1078 1599 1231 1671 741
1268 1597 1361 1667 qui
1397 1612 1462 1653 eo
1506 1613 1732 1668 pergere
1780 1598 2099 1650 valuissent.
2156 1593 2304 1648 licii-

728 1709 870 1763 qnos
919 1692 1225 1762 iudicatum
1277 1692 1365 1745 iri.
1415 1690 1534 1745 Jam
1575 1689 1756 1759 jnstos
1822 1688 2104 1758 voluptate
2150 1695 2302 1741 extra

729 1784 893 1839 ullam
923 1785 1355 1838 controversiam
1388 1781 1529 1836 frui:
1572 1796 1708 1851 quos
1745 1794 1875 1835 vero
1898 1774 2300 1849 deprehensum

729 1878 802 1931 sit
828 1890 1106 1945 peccasse,
1144 1889 1237 1928 eos
1266 1875 1329 1927 ad
1362 1873 1504 1927 colla
1535 1850 1633 1928 sua
1681 1872 1923 1943 pittaciis
1971 1870 2211 1940 alligatis
2246 1870 2300 1924 in
2335 1850 2378 1906 Β

731 1948 1042 2035 paradisum
1113 1964 1357 2031 intrare,
1413 1963 1707 2033 vocarique
1790 1962 2020 2018 libertos
2073 1960 2167 2015 Dei
2239 1974 2305 2015 ac

730 2058 1083 2113 Muchumeti.
1110 2055 1381 2110 Praeterea
1411 2066 1647 2122 nugatur
1672 2054 1723 2107 in
1758 2052 2018 2122 paradiso
2044 2058 2158 2105 tres
2183 2065 2305 2105 esse

729 2148 1038 2220 paradisos,
1068 2161 1236 2201 unum
1264 2145 1460 2207 mellis,
1492 2143 1659 2199 alium
1694 2143 1873 2207 lactis,
1899 2142 2009 2197 vini
2039 2141 2300 2206 tertium;

728 2251 783 2297 et
818 2240 884 2295 iis
918 2239 1128 2309 impleri
1157 2238 1343 2291 licere.
1372 2236 1489 2294 Una
1539 2252 1661 2292 esse
1694 2236 1979 2298 mulieres.
2021 2250 2084 2290 ac
2116 2249 2304 2289 comas

729 2344 950 2394 ornare.
1006 2340 1059 2386 et
1114 2343 1347 2398 corpora
1405 2328 1792 2398 voluptatibus
1853 2328 2037 2382 dedita
2100 2327 2301 2381 colere.

729 2424 947 2481 Iudaeos
973 2433 1026 2479 et
1058 2420 1413 2477 Christianos
1460 2421 1603 2492 ligna
1659 2421 1724 2475 ad
1768 2421 1952 2490 ignem
2009 2419 2304 2475 fovendum

731 2521 907 2575 factos
932 2532 1075 2573 esse.
1122 2515 1366 2572 Relietos
1390 2516 1715 2579 Samaritas,
1744 2522 1801 2569 ut
1833 2513 2020 2568 fimum
2052 2529 2114 2567 ex
2147 2527 2306 2582 para-

730 2610 852 2664 diso
874 2616 1118 2676 egerant,
1156 2623 1219 2661 ne
1252 2606 1389 2662 fetor
1409 2608 1461 2660 in
1493 2622 1559 2661 eo
1581 2607 1832 2661 exsistat.
1859 2604 2143 2671 Quemvis,
2169 2619 2307 2674 qua-

734 2702 839 2755 lem
875 2701 1040 2754 vitam
1078 2701 1251 2771 egerit
1286 2701 1337 2753 in
1372 2701 1595 2768 opibus,
1637 2698 1898 2769 pauperie
1936 2705 2030 2751 aut
2058 2696 2304 2761 infamia,

732 2792 816 2848 sic
839 2800 896 2846 et
927 2790 1089 2845 isthic
1134 2791 1355 2846 habere.
1393 2792 1474 2845 Ad
1530 2792 1644 2845 hare
1699 2789 2013 2861 prodigiose
2070 2798 2307 2857 nugatus

732 2893 816 2941 est
849 2884 1030 2938 omnis
1074 2892 1128 2937 et
1160 2885 1287 2937 lioni
1348 2891 1400 2936 et
1430 2883 1553 2935 mali
1599 2882 1767 2937 Deum
1819 2897 1944 2936 esse
1999 2890 2305 2936 auctorem.

734 2980 1024 3045 Latrones,
1063 2980 1340 3034 veneficos
1370 2979 1617 3045 aliosque
1648 2975 1802 3029 vetiti
1831 2974 2092 3028 facinoris
2118 2974 2309 3026 convi-

732 3081 853 3128 ctos
894 3088 919 3126 a
958 3072 1064 3127 Deo
1104 3072 1169 3126 ad
1208 3072 1306 3124 hoc
1330 3078 1479 3123 certo
1502 3068 1734 3122 consilio
1757 3066 2059 3122 destinatos
2105 3062 2301 3128 fuisse,

735 3166 893 3220 utsic
924 3172 1288 3219 morerentur.

812 3257 1037 3313 Miretur
1076 3269 1208 3310 sane
1256 3253 1453 3321 aliquis
1515 3260 1716 3307 tantum
1787 3246 1896 3301 Deo
1950 3243 2309 3315 repugnantis

735 3358 900 3420 atque
933 3346 1057 3400 vani
1091 3342 1331 3397 hominis
1366 3342 1747 3409 imposturam,
1791 3352 1911 3406 quae
1960 3344 2113 3389 tanto
2168 3343 2307 3386 tent-

734 3454 866 3511 pore
905 3435 1143 3498 duravit,
1192 3440 1284 3486 aut
1320 3442 1614 3485 extremam
1672 3429 1847 3497 potius
1897 3442 1959 3479 ac
2017 3425 2307 3478 hi-Ilninam

734 3545 923 3587 eorum
960 3528 1316 3589 dementiam,
1350 3525 1441 3594 qui
1494 3524 1546 3575 in
1582 3524 1725 3574 hunc
1758 3535 1931 3586 usque
1988 3518 2130 3571 diem
2190 3516 2311 3584 ejus

738 3620 971 3677 fallaciis
1000 3617 1295 3687 mancipati
1320 3624 1470 3679 sunt,
1493 3629 1553 3666 ae
1583 3628 1680 3682 pro
1706 3612 1889 3664 divina
1906 3623 2023 3663 eam
2059 3615 2114 3661 et
2136 3605 2311 3659 valida

735 3728 795 3768 re
835 3714 1060 3765 ducunt.
1096 3706 1364 3761 Excaecati
1402 3706 1545 3759 enim
1570 3702 1780 3757 etfatui
1819 3699 2070 3755 homines
2103 3710 2309 3763 veram,

737 3820 947 3862 sacram
985 3817 1048 3856 ac
1099 3800 1363 3856 divinitus
1420 3797 1674 3851 traditam
1729 3794 1885 3848 ﬁdem
1946 3789 2314 3861 caligantibus

738 3896 908 3952 animi
968 3892 1145 3948 oculis
1204 3898 1576 3961 praztereunt,
1645 3887 1783 3940 falso
1844 3894 2023 3937 autem
2094 3881 2315 3935 nomine

736 3963 1054 4056 itisignitam
1094 3982 1413 4052 religionem
1449 3989 1868 4046 commentaque
1916 3974 2075 4049 ’142
2108 3972 2315 4042 ιιι-διειί-

737 4079 965 4149 giatoris
990 4076 1152 4131 istius
1188 4072 1595 4141 amplectuntur
1629 4069 1818 4123 miseri
1875 4076 2040 4135 atque
2090 4064 2315 4132 stupidi.

736 4173 815 4226 Ac
850 4185 1035 4225 verum
1064 4168 1285 4238 quidem
1316 4165 1508 4228 Deum,
1542 4178 1705 4233 quem
1742 4164 1824 4215 lex
1857 4168 1910 4214 et
1951 4172 2102 4212 vates
2142 4155 2313 4211 divini

739 4262 1035 4334 perspicue
1072 4258 1513 4328 praedicaverunt
1544 4254 1709 4323 eique
1763 4252 1922 4306 fidem
1984 4252 2314 4309 habuerunt,

740 4359 814 4413 illi
844 4356 1131 4425 repudiant
1168 4361 1332 4423 atque
1370 4351 1726 4418 improbant:
1768 4348 1873 4401 Deo
1907 4358 2089 4402 autem
2124 4346 2319 4399 adver-

740 4467 883 4514 sum,
922 4451 1201 4511 insanum,
1256 4446 1546 4513 palamque
1600 4458 1629 4495 a
1678 4442 1835 4495 furiis
1873 4441 2205 4508 exagitatutn
2264 4444 2318 4490 et

2409 587 2650 659 δοθῆναι.
2686 581 2819 642 Εἶτα
2848 589 3037 642 ἑαυτόν
3063 607 3227 660 φησιν
3253 590 3356 644 sua
3381 591 3473 644 τοῦ
3509 593 3643 645 Θεοῦ
3684 597 3986 665 κεκλῆσθαι

2413 681 2557 751 μάλα
2591 679 2839 750 θεοσεϐῆ,
2893 680 2968 743 ὡς
3016 680 3110 735 τοῦ
3164 683 3364 747 παντὸς
3390 683 3551 738 αὐτὸν
3598 686 3783 750 ἔθνους
3813 689 3987 741 αἴτιον

2411 772 2720 837 θεοσεδείας
2748 772 3064 843 ὑπάρξαντα
3095 774 3457 841 ἐπαινεῖσθαι,
3490 777 3582 830 καὶ
3603 778 3793 832 τούτου
3821 782 3985 851 χάριν

2407 864 2720 936 κλειδοῦχον
2743 864 2837 918 τοῦ
2874 866 3205 937 παραδείσου
3234 868 3581 938 γεγενῆσθαι.
3615 870 3725 923 Καί
3749 888 3813 941 γε
3848 874 3985 941 μετά

2406 954 2467 1009 τὸ
2494 954 2583 1008 ὑπ’
2608 955 2771 1009 αὑτοῦ
2794 956 2885 1009 τὸν
2906 957 3229 1028 παράδεισον
3250 958 3587 1031 ἀνεῳχθῆναι
3625 962 3986 1016 συνεισελθεῖν

2408 1043 2557 1115 αὐτῷ
2585 1042 2956 1114 ἐσδομήκοντα
2982 1046 3225 1116 χιλιάδας
3247 1049 3373 1112 τοὺς
3393 1050 3725 1119 δυναμένους
3750 1052 3988 1122 ἐφορμῆ-

2411 1153 2500 1189 σαι
2532 1135 2666 1204 πρὸς
2692 1134 2869 1191 τοῦτο.
2901 1136 3042 1201 Τοὺς
3070 1138 3125 1191 δὲ
3148 1138 3369 1204 λοιποὺς
3384 1139 3739 1212 κριθήσεσθαι
3761 1142 3985 1211 φάσκει,

2409 1234 2651 1298 καὶτοὺς
2679 1234 2775 1303 μὲν
2805 1233 3043 1296 δικαίους
3070 1233 3457 1303 ἀναμφιϐόλως
3480 1233 3578 1301 τῆς
3609 1234 3821 1304 τρυφῆς
3843 1234 3987 1287 ἁπο-

2407 1326 2625 1388 λαῦσαι,
2672 1328 2799 1391 τοὺς
2843 1328 2900 1381 δὲ
2928 1328 3354 1398 εὑρισκομένους
3402 1326 3766 1396 ἁμαρτωλοὺς
3792 1330 3962 1380 πιττὰ

2408 1432 2503 1468 κια
2536 1417 2592 1467 ἐν
2621 1417 2734 1478 τοῖς
2751 1416 3040 1486 τραχήλοις
3076 1417 3426 1486 περιέχοντας
3475 1415 3732 1486 δεδεμένα
3783 1416 3862 1475 είς
3893 1416 3990 1466 τὸν

2407 1508 2735 1578 παράδεισον
2763 1508 2958 1572 αὐτοὺς
2995 1508 3281 1571 εἰσελθεῖν,
3316 1509 3413 1561 καὶ
3462 1508 3684 1571 τούτους
3716 1508 3988 1577 ὀνομάζει

2410 1596 2533 1651 σθαι
2589 1598 2983 1670 ἀπελευθέρους
3033 1597 3128 1654 τοῦ
3180 1597 3313 1651 Θεοῦ
3349 1598 3444 1651 καὶ
3492 1598 3586 1651 τοῦ
3636 1599 3987 1668 Μουχούμετ.

2409 1686 2563 1745 Εἶναι
2595 1691 2651 1743 δὲ
2678 1694 2827 1761 τρεῖς
2855 1692 3219 1762 παραδείσους
3254 1693 3310 1744 ὲν
3352 1690 3429 1761 τῷ
3459 1690 3780 1761 παραδείσῳ
3810 1692 3992 1759 φλυα-

2411 1783 2512 1854 ρεῖ,
2542 1782 2639 1838 ἕνα
2676 1782 2890 1852 μέλιτος
2931 1784 3025 1836 καὶ
3047 1782 3234 1852 ἕτερον
3260 1782 3529 1850 γάλακτος
3558 1782 3651 1836 καὶ
3681 1782 3871 1851 ἕτερον
3911 1783 3989 1833 οῖ-

2406 1890 2521 1938 νου,
2556 1873 2694 1945 πρδς
2721 1874 2781 1927 τὸ
2814 1874 2930 1942 μετ’
2964 1874 3211 1939 ἐξουσίας
3244 1876 3620 1944 ὲμπιπλᾶσθαι
3648 1874 3849 1928 αὐτῶν.
3877 1874 3993 1933 Τὰς

2406 1966 2462 2019 δὲ
2484 1967 2747 2035 γυναῖκας
2776 1966 2959 2029 αὐτοῖς
2997 1967 3232 2021 συνεῖναι
3292 1968 3388 2020 καὶ⁵
3422 1966 3737 2035 φιλοκαλεῖν
3767 1964 3867 2029 τὰς
3900 1965 3993 2017 κό.

2410 2058 2727 2129 μαςιαύτῶν
2780 2059 2874 2112 καὶ
2910 2058 3237 2130 θεραπεύειν
3296 2059 3364 2113 τὰ
3420 2058 3679 2129 φιλήδονα
3732 2057 3988 2129 σώματα.

2406 2149 2544 2212 Τοὺς
2568 2149 2625 2202 δὲ
2666 2149 2953 2213 Ἰουδαίους
3000 2151 3092 2203 καὶ
3124 2149 3485 2221 Χριστιανοὺς
3532 2149 3665 2214 ξύλα
3692 2148 3787 2203 τοῦ
3814 2149 3993 2219 πυρὸς

2405 2242 2751 2311 γενομένους,
2808 2241 3206 2311 ὑπολειφθῆναι
3258 2244 3384 2306 τοὺς
3431 2242 3780 2312 Σαμαρείτας
3811 2240 3994 2307 λέγων

2408 2334 2543 2404 πρὸς
2570 2333 2631 2386 τὸ
2665 2334 2917 2404 ἐκφέρειν
2972 2334 3070 2404 τὴν
3103 2333 3311 2403 κόπρον
3346 2334 3527 2387 αὐτῶν
3566 2337 3632 2388 ἐκ
3665 2331 3755 2387 τοῦ
3810 2344 3998 2403 παρα-

2407 2424 2609 2488 δείσου,
2639 2426 2785 2489 ὅπως
2810 2427 2883 2496 μὴ
2911 2425 3145 2497 ὲποζέσῃ
3168 2426 3194 2478 ὁ
3222 2425 3572 2495 παράδεισος.
3600 2425 3879 2477 Ἐκαστον
3910 2424 3997 2488 δὲ,

2406 2516 2482 2579 ὡς
2513 2516 2579 2570 ἂν
2602 2516 2751 2581 ὲῦίω,
2786 2517 2884 2569 εἴτ’
2918 2520 2975 2569 ἐν
3002 2518 3218 2587 πλούτῳ
3260 2518 3293 2588 ἢ
3348 2518 3509 2588 πενίᾳ
3537 2516 3631 2570 καὶ
3663 2513 3875 2585 ἀδοξίᾳ,
3901 2516 3998 2567 τὶν

2408 2606 2573 2662 αὐτὸν
2607 2608 2838 2660 κάκεῖσε
2859 2608 3303 2677 διάγειν¹τρόπον.
3338 2603 3506 2673 Οὗτος
3529 2604 3622 2662 οὖν
3645 2609 3671 2660 ὁ
3693 2608 3998 2675 θεοστυγὴς

2409 2699 2503 2752 καὶ
2533 2700 2852 2769 παμμίαρος
2888 2702 3087 2762 παντδς
3120 2701 3329 2769 ἀγαθοῦ
3368 2704 3460 2754 καὶ
3512 2699 3682 2753 κακοῦ
3721 2701 3814 2751 τὸν
3856 2700 3997 2750 Θεὸν

2411 2795 2582 2848 αἴτιον
2610 2795 2875 2865 ὑπάρχειν
2904 2797 3329 2866 ἑτερατολόγησε
3351 2810 3366 2827 ⁸
3398 2798 3492 2849 καὶ
3517 2798 3641 2858 τοὺς
3670 2795 3872 2867 λῃστὰς
3900 2797 4001 2847 ac!

2410 2888 2738 2957 φαρμακοὺς
2768 2887 2861 2939 καὶ
2894 2888 3020 2948 τοὺς
3051 2888 3237 2951 ἄλλαις
3270 2889 3752 2958 ἀπηγορευμέναις
3784 2886 3999 2955 πράξεο

2413 2994 2497 3029 σιν
2524 2977 2772 3039 ἁλόντας,
2805 2976 2977 3039 οὕτως
3011 2980 3239 3047 φλυαρεῖ
3272 2982 3297 3031 ό
3327 2980 3507 3041 ἄθεος,
3541 2978 3780 3048 ἔγραψεν
3831 2976 4001 3038 αὑτ⁷.ς

2409 3070 2437 3122 ὁ
2465 3066 2615 3132 Θεὸς,
2647 3069 2739 3124 καὶ
2770 3066 3079 3138 προώρισεν
3104 3068 3399 3122 ἀποθανεῖν
3438 3070 3657 3131 αὐτούς.

2485 3248 2799 3318 Θαυμάσειε
2835 3250 2881 3302 δ’
2916 3249 2982 3303 ἀν
3011 3268 3094 3311 τις
3127 3252 3225 3321 τὴν
3251 3251 3521 3319 τοσαύτην
3542 3252 3637 3304 καὶ
3659 3250 4001 3321 τηλικαύτην

2414 3342 2613 3411 διαρκῆ
2669 3343 2887 3412 ἀπάτην
2943 3342 3039 3395 τοῦ
3092 3343 3360 3413 θεομάχου
3417 3345 3511 3396 καὶ
3575 3345 3999 3414 ματαιόφρονος,

2421 3432 2626 3501 μᾶλλον
2656 3432 2713 3485 δὲ
2748 3432 2984 3502 ἐσχάτην
3038 3436 3341 3503 παράνοιαν
3386 3435 3481 3487 καὶ
3535 3436 3838 3504 κτηνωδίαν
3887 3436 4003 3487 τῶν

2421 3525 2584 3593 μέχρι
2614 3523 2709 3578 νῦν
2758 3528 2825 3595 τῇ
2882 3525 3072 3577 τούτου
3130 3524 3304 3595 πλάνῃ
3352 3525 3763 3598 δεδουλωμένων
3804 3530 4002 3588 κα“ι,ὼς

2421 3616 2648 3685 ἰσχυρὰν
2697 3618 2789 3667 καὶ
2847 3617 2995 3671 θείαν
3048 3616 3299 3686 ἀφρόνως
3376 3616 3581 3685 ταύτην
3652 3620 4000 3687 ἡγουμένω-ι.

2417 3708 2562 3777 Πρὸς
2596 3707 2708 3777 γὰρ
2728 3708 2827 3776 τὴν
2849 3707 3014 3771 δντως
3052 3709 3225 3777 ἀληθῆ
3248 3726 3308 3761 τε
3337 3710 3431 3761 καὶ
3464 3708 3617 3778 ίερὰν
3647 3712 3741 3762 καὶ
3764 3709 4002 3779 θεοί]ρά-

2417 3798 2608 3852 6ευτον
2665 3800 2847 3853 πίστιν
2892 3801 3137 3869 ἐναργῶς
3176 3802 3690 3869 ἀποτυφλώττουσιν
3745 3802 3794 3855 οί
3846 3805 4006 3854 ἐσκο-

2416 3891 2663 3962 τισμινοι
2720 3894 2813 3945 καὶ
2873 3892 3146 3957 ἀσύνετοι,
3201 3895 3336 3963 πρὸς
3391 3894 3444 3950 δὲ
3504 3893 3602 3962 τὴν
3650 3894 4010 3963 ψευδώνυμον

2417 3984 2676 4056 λατρείαν
2708 3985 2801 4038 καὶ
2835 3984 3230 4051 πλαστοὶογίαν
3262 3985 3354 4038 τοῦ
3383 3986 3615 4051 φένακος
3641 3988 4009 4054 προσέχουσιν

2420 4078 2470 4130 οἱ
2511 4077 2737 4131 δείλαιοι
2767 4078 2863 4131 καὶ
2925 4078 3303 4148 βαρυκάρδιοι,
3350 4079 3453 4131 Τὸν
3512 4079 3620 4147 γὰρ
3666 4078 3833 4138 ὅντως
3875 4080 4007 4129 ὄντα

2422 4168 2581 4229 Θεὸν,
2610 4170 2703 4221 τὸν
2729 4169 2815 4222 διὰ
2850 4170 3017 4239 νόμου
3059 4172 3152 4222 καὶ
3184 4171 3478 4239 προφητῶν
3516 4171 3756 4239 ἐκδήλως
3806 4187 4006 4238 κηρυτ-

2420 4261 2647 4331 τόμενόν
2684 4279 2743 4315 τε
2773 4264 2866 4315 καὶ
2902 4262 3293 4331 πιστευόμενον
3317 4262 3696 4331 ἀπωθούμενοι
3724 4263 3814 4313 καὶ
3842 4280 4008 4313 21:1-

2420 4355 2803 4423 ψηφιζόμενοι,
2853 4355 2943 4407 τὸν
2970 4354 3211 4407 ἀντίθεον
3238 4356 3329 4406 καὶ
3371 4354 3651 4422 μεμηνότα
3698 4356 3791 4404 καὶ
3844 4371 4007 4418 φανε-

2426 4447 2532 4516 ρῶς
2565 4445 2646 4517 [Ρ.
2684 4445 2809 4517 424]
2850 4446 2954 4499 ὑπὸ
2999 4447 3105 4498 τῶν
3155 4445 3417 4513 Ἐρινύων
3466 4444 3863 4512 ἐνεργούμενον
3912 4447 4013 4495 καὶ

739 4553 927 4598 earum
962 4539 1221 4594 instinctu
1250 4538 1563 4607 loquentem
1637 4534 1822 4588 vesani
1887 4542 2049 4601 atque
2112 4530 2378 4585 rabiosif

2426 4540 2797 4609 φθεγγόμενον
2869 4540 2919 4589 οἱ
2975 4538 3312 4604 κακόφρονες
3368 4536 3462 4589 καὶ
3523 4534 3815 4595 λυσσὼδεις
3877 4537 4011 4600 ὲρι-

740 4650 862 4689 cum
898 4630 1096 4702 gaudio
1123 4628 1554 4697 amplectuntur.
1589 4624 1721 4689 Quae
1761 4622 1907 4676 enim
1943 4636 1972 4674 a
2008 4620 2114 4675 Deo
2142 4621 2317 4689 inspi-

740 4733 859 4778 rata
889 4722 1173 4789 Scriptura
1224 4718 1291 4772 de
1350 4715 1517 4785 impio
1573 4725 1627 4768 et
1683 4712 1917 4766 vecorde
1972 4711 2319 4765 .\luchumetu

740 4812 948 4885 aliquid
980 4808 1281 4881 praecepit?
1309 4816 1403 4860 aut
1431 4806 1561 4875 quis
1607 4804 1919 4858 divinorum
1959 4811 2143 4855 vatum
2195 4816 2318 4853 etttn

742 4902 960 4975 pietatis
992 4900 1278 4954 doctorem
1314 4895 1429 4951 fore
1457 4893 1748 4964 praedixit?
1776 4890 2163 4961 Respondeant
2186 4891 2316 4944 mihi

744 5003 831 5054 isti
863 4999 1044 5051 omnis
1075 5010 1246 5051 sacrae
1278 4990 1657 5063 inspirationis
1676 4998 1728 5044 ct
1770 4988 2099 5044 initiationis
2128 5002 2319 5041 exsor-

745 5102 847 5157 tes,
879 5107 999 5155 cur,
1038 5104 1159 5143 cum
1191 5084 1511 5153 omncsjam
1540 5082 1664 5137 inde
1701 5082 1769 5135 ab
1808 5080 2018 5136 Λάτιωο
2053 5095 2229 5148 usque
2254 5079 2319 5131 ad

744 5184 945 5238 (Ilii-isti
1025 5178 1321 5233 adventum
1384 5185 1535 5230 vates
1603 5189 1714 5229 non
1788 5172 1942 5229 inviti
1996 5179 2319 5243 agnoscant,

746 5275 965 5331 interim
1020 5272 1304 5327 Christum
1367 5267 1560 5330 Deum,
1616 5267 1682 5320 de
1731 5281 1839 5336 quo
1895 5264 1972 5318 illi
2036 5263 2322 5332 perspicue

747 5366 1030 5420 vaticinati
1069 5372 1217 5423 sunt,
1258 5361 1551 5430 abnegent.
1588 5358 1888 5427 pessimum
1921 5360 2107 5409 autem
2172 5354 2321 5406 illum

746 5463 800 5512 et
824 5457 1083 5511 vitiosum
1119 5453 1419 5515 hominem,
1458 5450 1620 5518 cujus
1678 5447 1829 5501 nulla
1858 5460 2089 5515 prorsus
2150 5445 2219 5498 ab
2261 5447 2325 5498 iis

750 5550 891 5603 facta
923 5555 1007 5601 est
1046 5545 1269 5607 mentio,
1314 5558 1412 5612 pro
1458 5556 1629 5597 sactae
1704 5539 1986 5607 religionis
2046 5537 2324 5591 initiatore

750 5638 1319 5709 prmstarrtissimoque
1350 5635 1653 5689 verissima:
1679 5630 1801 5687 lidei
1838 5630 2101 5701 magistro
2136 5630 2326 5684 existi-

754 5742 923 5793 luent.
988 5746 1049 5786 ac
1099 5740 1362 5800 tauquam
1423 5724 1759 5781 benefactori
1813 5721 2033 5777 divinos
2091 5723 2327 5777 honores

754 5822 1018 5889 deferant,
1074 5824 1225 5893 impii
1292 5821 1396 5891 ipsi
1462 5828 1626 5889 atque
1702 5815 1935 5872 infandi.
1999 5814 2326 5870 Examinent

2429 4626 2605 4693 σμίως
2636 4624 3056 4692 καὶγεγηθότως
3082 4624 3424 4691 προσίενται,
3456 4622 3589 4674 Ποία
3613 4622 3721 4688 γὰρ
3752 4620 4015 4672 θεόπνευ-

2430 4735 2552 4780 στος
2586 4718 2779 4786 Γραφὴ
2837 4718 2965 4785 περὶ
2997 4716 3089 4767 τοῦ
3126 4714 3424 4776 δυσσεϐοῦς
3455 4715 3549 4766 καὶ
3593 4716 4012 4782 παραπαίοντος

2430 4811 2761 4881 Μουχούμετ
2860 4809 3330 4879 προδιεστεϋατος
3388 4807 3420 4873 ῆ
3493 4808 3640 4863 ποῖος
3722 4806 4013 4868 θεσπέσιος

2432 4905 2596 4958 αὑτὸν
2624 4903 2909 4973 προφήτης
2935 4901 3010 4962 ὼς
3054 4899 3371 4953 διδάσκαλον
3406 4896 3681 4958 εύσεὸείας
3730 4898 4017 4964 προανῆγο

2429 4994 2612 5061 γειλεν
2643 5008 2657 5056 ;
2685 4991 2893 5043 Οὐκοῦν
2921 4990 3230 5042 είπάτωσαν
3260 4990 3310 5039 οί
3348 4987 3602 5056 ἀμέτοχοι
3635 4986 3812 5053 πάσης
3856 4986 4015 5054 ίερΞς

2431 5082 2717 5142 ἐπιπνοίας
2753 5082 2845 5133 καὶ
2885 5082 3161 5149 μυήσεως,
3205 5079 3321 5141 πῶς
3367 5078 3489 5135 τοὺς
3526 5076 3633 5129 ἀπὸ
3689 5075 3861 5141 ’Λδαμ
3918 5078 4017 5129 καὶ

2436 5174 2597 5241 μέχρι
2631 5175 2727 5239 τῆς
2763 5170 2997 5240 Χριστοῦ
3056 5170 3357 5239 παρουσίας
3418 5169 3706 5237 προφήτας
3759 5166 4017 5232 ἀσμέ.,ως

2435 5263 2591 5331 δῆθεν
2634 5262 3024 5329 ἀποδεχόμενοι
3061 5262 3152 5311 τὸν
3196 5260 3295 5329 μὲν
3344 5259 3446 5311 ὑπ’
3496 5258 3675 5310 αὐτῶν
3711 5257 4018 5327 διαρρήδην

2435 5353 2993 5423 προαναφωνούμενον
3046 5353 3280 5419 Χριστὸν
3347 5353 3438 5403 τὸν
3505 5351 3641 5402 Θεὸν
3696 5350 4016 5417 ἀρνοῦνται.

2433 5448 2524 5501 τὸν
2567 5449 2621 5503 δὲ
2659 5449 2917 5501 κάκιστον
2954 5447 3046 5499 καὶ
3082 5446 3355 5515 μοχθηρὸν
3384 5444 3478 5496 καὶ
3512 5444 3644 5513 μηδὲ
3673 5442 3734 5496 τὸ
3789 5443 4020 5496 σύνολον

2435 5541 2537 5593 ὑπ’
2592 5539 2774 5592 αὐτῶν
2858 5539 3332 5608 μνημονευόμενον
3399 5537 3473 5597 ὡς
3545 5534 3854 5603 θεομύστην
3922 5537 4020 5587 καὶ

2436 5632 2772 5701 ἐξοχώτατον
2832 5632 2926 5682 καὶ
2980 5628 3353 5698 ἀληθεστάτης
3414 5628 3649 5688 πίστεως
3695 5626 4019 5679 διδάσκαλον

2436 5723 2789 5792 ἀποδέχονται
2846 5723 2939 5775 xui.
2987 5722 3061 5782 ὡς
3098 5722 3390 5791 εὐεργέτην
3425 5716 3802 5780 ἐκθειάζουσιν
3836 5720 3886 5769 οἱ
3924 5720 4017 5767 ἀν-

2437 5813 2573 5866 όσιοι
2605 5812 2697 5865 καί⁵
2726 5811 3055 5881 δυσώνυμοι.
3090 5814 3557 5881 Ἀνακρινὲτωσαν
3585 5810 3639 5862 δὲ
3666 5810 3715 5862 oi
3769 5810 4019 5879 ἀδιάκριο
