4226 6444
272 456 380 519 813

1376 445 1856 508 IIISTORIARU
1872 447 1917 504 M
1962 447 2344 509 COMPENDI
2363 453 2405 512 U
2420 453 2493 514 .\I.

3417 460 3526 545 8ιᾶ

258 588 343 623 τοι
368 570 459 623 καὶ
491 565 782 638 μανιώδεις
829 567 925 619 καὶ
957 566 1025 622 τά
1060 564 1152 619 ὑπ’
1202 562 1368 617 αὑτοῦ
1428 562 1712 633 μανιωδῶς
1760 564 1834 614 κα

1962 561 2156 618 furiosi
2232 565 2320 619 isti
2372 581 2434 619 ac
2502 582 2685 621 rermn
2737 567 3055 629 discrimina
3114 574 3525 639 confundentes

256 662 537 726 δυσσεϐῶς
597 660 832 733 ῥηθέντα
865 661 1181 732 ληρήματα,
1208 657 1304 711 καὶ
1348 656 1657 724 λεγέτωσαν
1684 654 1846 707 ποίαν

262 756 585 825 συμφωνίαν
609 754 793 825 ἔχουσι
819 752 884 806 τά
911 750 1286 822 θεοπαράδοτα
1312 748 1505 817 Λόγια.
1524 747 1583 801 '0
1612 747 1711 823 μὲν
1738 746 1846 818 γάρ

259 849 404 911 θεῖος
444 848 599 916 λόγος
630 846 933 915 ἀναφανδὸν
975 846 1220 899 διδάσκει
1251 844 1342 898 τὸν
1390 842 1524 896 Θεὸν
1577 841 1846 911 ὑπάρχειν

256 941 503 994 ἀναίτιον
531 938 731 1002 παντὸς
759 937 929 991 κακοῦ
954 940 1049 993 καὶ
1078 938 1168 994 τὸν
1189 936 1475 1005 ἄνθρωπον
1499 933 1846 1002 αὐτεξούσιον

254 1027 401 1085 εἶναι
421 1030 521 1100 τῆς
544 1030 740 1083 ἑαυτοῦ
780 1031 1053 1101 σωτηρίας
1081 1032 1177 1092 καὶ
1205 1029 1512 1101 ἀπωλείῃ-ο
1550 1028 1577 1082 ὁ
1598 1027 1653 1081 δὲ
1682 1042 1843 1097 τρισ-

254 1125 442 1185 άθλιος
493 1124 589 1176 καὶ
638 1123 1075 1193 τρισκατάρατος
1128 1122 1221 1177 καὶ
1254 1121 1348 1175 τοῦ
1398 1120 1535 1193 Θεοῦ
1591 1121 1686 1174 καὶ
1734 1119 1845 1173 τῶν

253 1215 562 1285 ἀνθρώπων
595 1215 861 1279 ἄσπονδος
888 1214 1109 1289 ἐχθρὸς,
1133 1216 1197 1269 ὲκ
1220 1212 1541 1283 σκαιοτέρου
1572 1213 1665 1266 καὶ
1719 1212 1845 1266 λαο-

253 1310 461 1362 πλάνου
526 1310 779 1376 δαίμονος
842 1308 1207 1381 ἑνηχούμενος
1275 1309 1371 1362 καὶ
1424 1305 1839 1379 ὲνεργούμενος,

252 1401 461 1465 παντὸς
487 1401 694 1468 ἀγαθοῦ
728 1404 821 1456 καὶ
853 1400 1093 1472 πονηροῦ
1128 1400 1220 1454 τὸν
1244 1400 1376 1454 Θεὸν
1410 1399 1585 1461 αἴτιον
1638 1398 1839 1468 τολμη·

254 1494 367 1564 ρῶς
414 1494 854 1570 ἀποφθέγγεται,
922 1496 1017 1548 καὶ
1056 1494 1168 1547 πᾶν
1223 1495 1360 1562 ὅπερ
1408 1492 1474 1546 ἂν
1516 1491 1721 1562 ἀπέλθῃ
1763 1489 1841 1560 τῷ

248 1586 554 1658 ἀνθριτεπῳ,
613 1589 719 1646 κᾶν
774 1589 835 1663 ἐξ
880 1587 1149 1658 ἐπηρείας
1210 1585 1305 1639 τοῦ
1360 1584 1601 1655 πονηροῦ
1646 1584 1752 1638 κᾶν
1782 1582 1843 1648 ἐξ

249 1680 460 1742 οἰκείας
493 1681 767 1751 ῥᾳθυμίας
797 1680 890 1735 καὶ
920 1678 1286 1750 ἀδιακρισίας,
1342 1677 1445 1746 τῆς
1494 1675 1645 1739 θείας
1682 1675 1842 1729 τοῦτο

250 1772 551 1841 τυγχάνειν
576 1772 838 1843 προνοίας
891 1774 919 1825 ὁ
972 1771 1252 1841 ἀλιτήριος
1303 1769 1687 1837 ἀποφαίνεται.
1730 1767 1840 1825 Καὶ

246 1865 277 1916 ὁ
309 1865 409 1930 μὲν
434 1866 785 1933 περιφρονεῖν
826 1862 1060 1917 πλούτου
1095 1862 1189 1915 καὶ
1238 1861 1689 1930 ταπεινοφρονεῖν
1744 1857 1838 1915 καὶ

247 1956 343 2009 τὸν
371 1956 622 2025 ὲνὴδονον
656 1955 773 2024 βίον
803 1953 1157 2013 ἀποσείεσθαι
1179 1952 1273 2007 καὶ
1308 1953 1384 2023 μὴ
1405 1949 1700 2006 ἀποδοῦναι
1736 1966 1836 2003 κα-

248 2050 348 2113 κὸν
398 2051 519 2102 ἀντὶ
555 2048 730 2103 κακοῦ
787 2046 1251 2119 παρακελεύεται,
1278 2047 1308 2101 ὁ
1337 2044 1395 2099 δὲ
1436 2044 1684 2107 πλουτεῖν
1742 2042 1837 2096 καὶ

253 2142 663 2212 ὑψηλοφρονεῖν
736 2140 832 2194 καὶ
886 2141 1070 2194 πᾶσαν
1144 2137 1340 2210 ἡδονὴν
1382 2136 1448 2190 ὲκ
1519 2134 1836 2207 περιουσίας

243 2234 594 2297 ἀσπάζεσθαι
622 2233 720 2287 καὶ
779 2228 1154 2296 ἀντεπεξιέναι
1206 2229 1409 2301 σφόδρα
1446 2229 1558 2292 τοῖς
1614 2225 1832 2283 ἀντιπί-

258 2343 493 2380 πτουσιν
544 2327 622 2389 ὼς
665 2324 895 2395 ψυχικὸν
950 2326 1218 2392 σωτήριον
1269 2324 1363 2378 καὶ
1384 2321 1477 2376 τοῦ
1505 2320 1836 2392 παραδείσου

244 2419 532 2488 πρόξενον.
576 2418 718 2470 Ἀλλ’
756 2417 800 2471 ῶ
827 2418 924 2487 τῆς
973 2417 1233 2478 ἀπονοίας
1292 2415 1388 2468 καὶ
1448 2411 1835 2485 παραπληξίας

242 2513 345 2565 καὶ
392 2512 591 2580 χλεύης
642 2512 736 2564 τοῦ
789 2512 985 2580 γόητος
1048 2511 1143 2564 καὶ
1190 2507 1560 2578 παλαμναίου,
1596 2510 1689 2561 καὶ
1734 2507 1834 2578 τῆς

242 2605 683 2675 παραφροσύνης
717 2606 806 2657 καὶ
847 2602 1122 2664 ἀπωλείας
1146 2601 1254 2655 τῶν
1277 2601 1410 2672 παρ’
1439 2601 1604 2655 αὐτοῦ
1645 2600 1833 2665 δεινῶς

240 2694 846 2765 ἐξανδραποδισθέντων
870 2696 965 2749 καὶ
1000 2697 1161 2764 μέχρι
1204 2693 1301 2747 νῦν
1361 2692 1833 2763 παρασυρομένων

242 2790 342 2844 καὶ
392 2788 824 2859 ἀπατωμένωνί
882 2787 1017 2841 Οὐδὲ
1070 2788 1181 2857 γάρ
1243 2785 1520 2839 συνιοῦσιν
1579 2786 1629 2839 οί
1692 2785 1834 2855 ἄγαν

246 2882 517 2953 μοχθηροὶ
551 2882 644 2936 καὶ
682 2880 971 2951 θηριώδεις
1019 2882 1116 2934 καὶ
1164 2880 1285 2941 λίαν
1317 2877 1567 2933 ἀσύνετοι
1600 2879 1679 2943 είς
1720 2872 1833 2933 οἷον

242 2975 485 3044 χαλεπὸν
529 2974 661 3049 χάος
702 2972 799 3039 καὶ
836 2973 1145 3045 Σατανικὴν
1184 2970 1464 3040 Χάρυϐδιν
1515 2970 1832 3023 κατεποντί-

244 3067 455 3136 σθησαν
491 3067 583 3120 καὶ
616 3066 798 3121 τέλεον
834 3064 1234 3132 κατεπόθησαν,
1277 3064 1369 3116 καὶ
1416 3066 1495 3122 είς
1522 3063 1665 3125 οἵους
1688 3061 1829 3130 ἀφύ-

241 3175 409 3221 κτους
444 3158 539 3210 καὶ
575 3156 974 3223 ἀδιεξοδεύτους
1008 3153 1367 3225 λαϐυρίνθυος
1397 3157 1490 3206 καὶ
1520 3154 1828 3217 δυσϐάτους

243 3252 530 3322 ἀτραποὺς
552 3251 647 3304 καὶ
685 3249 1065 3322 ψυχοφθόρους
1125 3247 1543 3317 φενακισθέντες
1583 3244 1830 3310 ἐλεεινῶς
1859 3272 1901 3329 c

241 3343 674 3413 ἐξεκυλίσθησαν
728 3344 823 3409 καὶ
858 3339 1261 3411 συνεσχέθησαν
1314 3339 1717 3409 ὑποφθαρέντες
1748 3340 1827 3400 εἰς

240 3435 417 3496 τέλος.
445 3434 535 3485 Διὸ
567 3433 661 3486 καὶ
686 3431 990 3503 θαυμάζειν
1011 3430 1131 3484 λίαν
1153 3429 1332 3483 ἔπεισί
1377 3446 1468 3499 μοι
1496 3429 1598 3497 τὴν
1630 3427 1827 3480 τοσαύ-

242 3546 343 3598 την
375 3528 601 3596 ἀλογίαν
627 3525 722 3581 καὶ
753 3523 1115 3594 ἀναισθησίαν
1158 3522 1359 3585 αὐτῶν,
1410 3520 1612 3589 καίπερ
1644 3518 1827 3589 οἰομέ-

241 3640 351 3676 νων
392 3620 853 3691 ἐντρεχεστάτους
883 3615 1113 3678 ἑαυτοὺς
1151 3610 1292 3667 εἶναι
1326 3612 1421 3667 καὶ
1441 3611 1824 3680 λογιωτάτους,

242 3715 361 3776 πῶς
392 3714 455 3767 οὗ
480 3710 807 3765 κατανοοῦσι
828 3709 926 3778 τῆς
952 3708 1116 3777 κενῆς
1137 3706 1353 3777 ἀπάτης
1377 3703 1462 3777 [Ρ.
1495 3702 1622 3775 425]
1647 3702 1827 3757 αὐτῶν

239 3807 332 3859 τὴν
360 3804 598 3858 ὄλισθον.
654 3804 804 3856 Ἔδει
844 3801 975 3873 γάρ,
1034 3799 1140 3854 ἔδει
1185 3799 1313 3860 τοὺς
1361 3797 1531 3858 ὅντως
1583 3795 1825 3867 ἄφρονας

240 3898 333 3953 καὶ
369 3893 816 3968 βοσκηματὼδεις
845 3892 1145 3960 ἐπιγνῶναι
1172 3889 1265 3943 τὸν
1293 3906 1358 3941 πε
1367 3888 1423 3959 pl
1451 3888 1549 3957 τῆς
1587 3886 1825 3940 ἀναστά-

244 4007 381 4051 σεως
414 3987 599 4040 αὐτῶν
630 3985 895 4056 πρόδηλον
945 3983 1041 4038 καὶ
1099 3983 1338 4053 μυσαρὸν
1388 3980 1601 4051 βρόχον,
1632 3979 1825 4048 ὅτιπερ

240 4083 327 4135 διὰ
358 4079 617 4151 βρώσεως
658 4079 753 4131 καὶ
792 4076 1003 4138 πόσεως
1051 4076 1109 4127 ἐν
1168 4072 1428 4144 μετουσίᾳ
1467 4072 1824 4141 τυγχάνοντες

239 4174 511 4241 ἄφθαρτοι
532 4172 757 4225 καθόλου
784 4170 878 4223 καὶ
902 4167 1161 4222 ἀθάνατοι
1193 4166 1530 4235 διαμένουσι.
1556 4166 1665 4217 Καὶ
1693 4164 1824 4219 πότε

240 4271 337 4321 καὶ
396 4265 501 4319 ποῦ
590 4264 777 4317 λοιπὸν
846 4262 946 4333 τὴν
1006 4259 1595 4331 άποκαραδοκουρένην
1681 4257 1825 4329 ζωὴν

237 4361 461 4415 αἰώνιον
494 4358 587 4411 καὶ
615 4357 894 4425 ἀκήρατον
928 4356 1039 4416 τοῖς
1090 4354 1303 4413 πιστοῖς
1344 4352 1487 4405 κατὰ
1530 4351 1628 4413 τὰς
1674 4349 1823 4413 θείας

236 4451 461 4522 Γραορὰς
495 4452 545 4503 οἱ
578 4448 762 4518 θνητοὶ
804 4450 898 4500 καὶ
935 4445 1079 4517 ψυχῇ
1112 4446 1209 4498 καὶ
1239 4444 1453 4514 σώματι
1504 4442 1821 4512 τεύξονται;

1956 655 2122 726 impia
2160 667 2213 711 et
2247 658 2462 713 rabiosa
2510 660 2661 716 illius
2720 662 2936 727 deliria,
2995 676 3048 722 et
3107 669 3387 739 explicent
3441 677 3538 746 qui

1949 759 2076 800 eum
2109 749 2286 803 sacris
2334 751 2577 807 oraculis
2625 767 2689 808 ea
2747 758 3103 814 conveniant.
3166 757 3302 818 Nam
3360 747 3534 828 sacra:

1948 835 2173 892 Litterae
2204 838 2403 896 docent
2446 840 2617 899 Deum
2678 845 2887 903 nullius
2948 863 3070 906 esse
3122 856 3249 910 mali
3286 870 3531 928 causam,

1952 933 2230 989 hominem
2265 950 2364 991 sua
2402 940 2688 997 voluntate
2734 942 2840 998 sibi
2897 946 2981 1001 vel
3044 948 3278 1007 salutem
3336 968 3531 1024 parare

1948 1026 2032 1081 vel
2059 1028 2309 1083 exitium.
2343 1029 2412 1083 At
2450 1034 2791 1092 miserrimus
2822 1036 2913 1093 ille
2936 1039 3306 1111 omnibusque
3354 1044 3533 1102 modis

1948 1116 2305 1175 detestandus
2333 1128 2387 1176 et
2413 1121 2773 1192 implacabilis
2808 1126 2901 1182 Dei
2928 1129 3328 1205 hominumque
3356 1136 3532 1194 hostis

1946 1208 2355 1279 Mucltumetus,
2394 1230 2420 1267 a
2457 1217 2785 1285 pravissimo
2844 1230 2898 1275 et
2956 1224 3329 1285 multitudinis
3376 1229 3533 1287 deei-

1947 1303 2159 1374 piendm
2214 1306 2424 1363 artiﬁce
2478 1311 2724 1367 daemone
2783 1312 3088 1385 inspiratus
3145 1319 3307 1394 743
3366 1333 3531 1398 atque

1947 1400 2205 1467 agitatus,
2236 1402 2418 1457 omnis
2447 1413 2500 1456 et
2555 1404 2683 1459 boni
2742 1413 2795 1463 et
2836 1408 2963 1462 mali
3024 1413 3306 1471 auctOrem
3355 1414 3526 1475 Deum

1948 1490 2217 1547 audacter
2269 1494 2629 1563 pronuntiat;
2690 1506 2854 1580 atqpe
2908 1502 3118 1570 omnia,
3182 1518 3526 1579 quaecunque

1948 1581 2157 1637 homini
2188 1585 2453 1641 eveniunt
2484 1590 2569 1644 vel
2606 1587 2809 1644 diaboli
2844 1591 3034 1663 fraude
3075 1595 3158 1659 vel
3196 1610 3295 1653 sua
3348 1597 3526 1670 ipsius

1945 1674 2195 1728 socordia
2233 1684 2399 1747 atque
2457 1678 2855 1751 imprudentia,
2915 1683 3114 1742 divinae
3167 1688 3529 1758 providentia:

1936 1765 2098 1835 jussu
2123 1770 2342 1828 evenire
2364 1768 2633 1841 ﬂagitiose
2662 1775 2883 1829 asserit.
2936 1774 3149 1834 Eaedem
3201 1796 3372 1839 sacrae
3406 1783 3525 1844 Lit-

1944 1866 2076 1919 teras
2100 1866 2453 1916 contemnere
2485 1877 2636 1931 opes,
2670 1864 2914 1922 demisso
2941 1883 3067 1925 esse
3100 1872 3309 1939 animo,
3366 1878 3523 1933 volu-

1945 1949 2178 2031 ptariam
2237 1954 2404 2007 vitam
2436 1952 2645 2023 fugere,
2695 1971 2871 2027 neque
2944 1976 3045 2031 pro
3113 1964 3257 2019 malo
3317 1970 3522 2025 malum

1940 2041 2171 2099 reddere
2227 2044 2445 2115 jnbent.
2498 2044 2590 2101 Ille
2643 2047 2852 2107 divitiis
2909 2055 3151 2121 studere,
3211 2060 3521 2129 superbire,

1940 2134 2162 2191 abunde
2177 2153 2371 2194 omnes
2401 2149 2657 2210 expetere
2687 2144 3014 2215 voluptates,
3038 2132 3296 2220 omnique
3319 2161 3519 2224 conatu

1942 2228 2134 2284 ulcisci
2168 2231 2517 2291 adversarios
2547 2228 2819 2307 praecipit,
2848 2239 3114 2296 salutaria
3150 2244 3265 2307 haec
3294 2249 3518 2313 auimre.

1937 2330 1989 2375 et
2024 2322 2282 2389 paradiso
2311 2322 2609 2381 immittere
2630 2325 2853 2386 docens.
2891 2329 2936 2386 Ο
2968 2331 3303 2391 dementiam
3354 2349 3520 2412 atque

1937 2415 2252 2475 vecordiam
2294 2423 2349 2473 et
2400 2417 2637 2475 lu'dibria
2677 2422 3058 2481 scelestissimi
3094 2427 3451 2499 impostoris!
3487 2450 3523 2490 ο

1938 2505 2230 2561 stultitiam
2256 2514 2421 2579 atque
2450 2511 2681 2566 exitium
2714 2527 2907 2570 eorum
2961 2531 3099 2588 quos
3138 2521 3229 2577 ille
3260 2525 3315 2579 in
3352 2526 3520 2583 mise-

1937 2613 2054 2652 ram
2087 2600 2409 2657 servitutem
2436 2603 2568 2673 egit,
2600 2611 2656 2660 et
2685 2604 2741 2660 in
2768 2603 2914 2663 hunc
2943 2624 3120 2681 usque
3147 2613 3292 2669 diem
3328 2630 3356 2670 a
3389 2632 3520 2674 vero

1937 2690 2165 2746 abducit
2192 2701 2361 2764 atque
2394 2696 2632 2767 decipit!
2695 2697 2883 2771 Neque
2935 2706 3079 2759 enim
3115 2709 3518 2776 perversisstmi

1937 2780 2025 2835 isti
2052 2795 2117 2837 ac
2156 2781 2302 2839 bruti
2338 2793 2392 2839 et
2423 2787 2771 2852 stolidissimi
2831 2791 3085 2853 homines
3123 2796 3435 2870 intelligunt
3463 2801 3519 2857 in

1935 2887 2100 2967 quam
2136 2890 2301 2945 grave
2333 2879 2504 2937 chaos
2535 2894 2598 2940 ac
2638 2896 2802 2953 quam
2835 2884 2888 2940 in
2937 2889 3243 2945 satanicam
3268 2872 3517 2967 Charyb-

1933 2963 2028 3055 din
2065 2964 2302 3024 demersi
2335 2976 2500 3039 atque
2528 2974 2757 3027 omnino
2811 2974 3058 3047 absorptl
3085 2978 3221 3047 sint,
3263 2982 3317 3047 in
3350 2963 3515 3055 quam

1934 3054 2352 3127 inexplicabiles
2380 3069 2435 3115 et
2464 3062 2673 3119 exitum
2704 3066 2916 3122 nullum
2971 3068 3236 3128 habentes
3269 3054 3517 3147 labj'rin-

1937 3148 2060 3204 thos
2089 3150 2449 3223 diﬂicilesque
2501 3166 2555 3211 et
2612 3157 2678 3211 ad
2724 3160 2951 3219 exitium
3018 3164 3216 3225 animae
3252 3167 3517 3226 ducentes

1935 3242 2100 3298 calles
2132 3259 2227 3315 per
2257 3244 2500 3302 fraudem
2535 3248 2741 3305 inducti
2768 3254 3086 3310 volutentur
3108 3260 3325 3324 misere,
3363 3269 3418 3325 et
3447 3264 3515 3319 ad

1931 3340 2231 3399 extremam
2273 3336 2575 3404 perniciem
2603 3339 2974 3401 detineantur.
3006 3342 3185 3417 Atque
3222 3350 3354 3406 mihi
3381 3367 3513 3409 sane

1931 3422 2080 3485 subit
2112 3425 2300 3517 mirari
2343 3435 2551 3483 tantam
2584 3445 2777 3485 eorum
2801 3434 3091 3492 stultitiam
3126 3447 3292 3511 atque
3318 3450 3511 3517 stupo-

1930 3527 2082 3575 rem;
2116 3516 2206 3584 qui
2258 3531 2381 3571 cum
2418 3534 2478 3575 se
2516 3520 2908 3582 callidissimus
2938 3542 3063 3583 esse
3124 3537 3291 3600 atque
3356 3533 3512 3606 inge-

1930 3606 2275 3664 niosissimus
2342 3620 2567 3679 putent,
2647 3614 3016 3674 lubricitatem
3090 3628 3271 3679 tamen
3356 3642 3513 3682 vanas

1930 3698 2251 3768 impostura:
2298 3702 2446 3761 illitis
2502 3722 2607 3769 non
2684 3710 3153 3771 animadvertunt.
3206 3714 3508 3786 Oportebat

1928 3791 2072 3845 enim
2129 3794 2353 3849 omnino
2411 3797 2614 3861 stultos
2676 3815 2771 3856 eos
2818 3810 2871 3857 et
2926 3804 3198 3862 belluinos
3251 3808 3509 3869 homines

1927 3882 2119 3944 saltem
2143 3896 2387 3954 apertam
2416 3888 2562 3942 illam
2594 3898 2648 3943 ct
2673 3894 3105 3951 abominandam
3129 3897 3199 3953 de
3258 3916 3507 3959 resurre-

1929 3976 2113 4031 ctione
2139 3975 2408 4036 fallaciam
2446 3982 2777 4051 perspicere,
2808 3983 2971 4057 744
3000 4000 3107 4058 qua
3142 3988 3353 4061 decepti
3385 3994 3507 4049 exi-

1932 4070 2159 4124 stimant
2196 4084 2255 4125 se
2285 4072 2538 4142 interitus
2570 4082 2847 4143 expertem
2872 4077 3037 4132 vitam
3074 4085 3235 4150 atque
3278 4084 3507 4139 immor-

1931 4161 2090 4215 talem
2118 4161 2257 4221 inter
2288 4163 2480 4233 pocula
2513 4172 2565 4218 et
2595 4167 2843 4222 convivia
2876 4178 3116 4231 acturos.
3165 4172 3269 4232 Ubi
3318 4185 3499 4230 autem

1926 4258 1980 4304 et
2011 4252 2231 4320 quando
2256 4260 2460 4315 aeterna
2486 4262 2539 4309 et
2575 4256 2897 4328 incorrupta
2929 4260 3064 4328 vita,
3119 4275 3287 4331 quam
3318 4266 3499 4320 sacris

1925 4338 2147 4395 Litteris
2180 4343 2506 4435 promissam
2539 4344 2613 4427 pii
2653 4346 2800 4400 certa
2824 4361 2920 4417 spe
2947 4358 3290 4435 exspectant,
3328 4352 3416 4408 isti
3450 4364 3504 4408 et

1926 4444 2158 4498 corpore
2224 4441 2279 4487 et
2339 4433 2519 4489 anima
2586 4437 2845 4491 mortales
2904 4433 3328 4508 adipiscentur?
3381 4444 3503 4499 Hoc

240 4545 353 4597 Kal
376 4542 515 4609 πρὸς
547 4540 724 4608 τούτῳ
759 4538 996 4591 ἴστωσαν
1036 4537 1085 4588 οι
1137 4534 1412 4602 ἀλόγιστοι
1460 4535 1555 4586 καὶ
1594 4534 1820 4609 τάλανες

1943 4538 2149 4593 ιιιοᾳυο
2183 4523 2319 4579 fatui
2349 4526 2423 4578 illi
2447 4537 2611 4595 atque
2640 4527 2829 4583 miseri
2872 4531 3071 4597 sciant,
3112 4534 3257 4603 quod
3302 4533 3499 4588 etiam-

235 4636 310 4697 ὡς
343 4633 557 4687 οὐδέπω
607 4630 767 4700 μέχρι
815 4629 909 4682 καὶ
938 4628 1179 4697 τήμερον
1222 4627 1319 4695 τῆς
1372 4625 1605 4687 παλαιᾶς
1637 4624 1821 4678 αὐτῶν

1943 4631 2063 4675 num
2094 4627 2276 4673 vetere
2306 4632 2410 4673 suo
2443 4626 2497 4673 et
2530 4620 2699 4690 impio
2732 4636 2921 4679 errore
2953 4623 3168 4680 liberati
3209 4641 3317 4681 non
3349 4637 3498 4694 sunt,

238 4728 333 4779 καὶ
378 4726 542 4779 ἀθέου
583 4722 793 4791 πλάνης
845 4719 1263 4789 ἀπηλλάγησαν,
1321 4716 1435 4769 ἀλλ’
1475 4718 1533 4769 ἐν
1577 4716 1817 4787 προσχή-

240 4836 373 4888 ματι
412 4814 721 4887 θεοσεϐείας
768 4810 1214 4881 εἰδωλολατροῦσι
1253 4809 1574 4879 λεληθότως,
1606 4808 1701 4862 καὶ
1729 4808 1819 4861 τὸν

238 4906 699 4978 ἐγκεκρυμμένον
726 4907 790 4974 τῇ
834 4903 1102 4973 θρησκεία
1134 4901 1315 4953 αὐτῶν
1349 4900 1501 4957 δόλον
1525 4900 1619 4953 τοῦ
1650 4901 1817 4971 ἀρχε-

236 5003 411 5056 κάκου
441 5000 698 5067 δαίμονος
730 4997 839 5051 οὐδ’
871 4997 1008 5059 δλως
1028 4997 1078 5048 οι
1101 4994 1422 5049 ἀνούστατοι
1457 4994 1549 5047 καὶ
1573 4994 1817 5065 ἀπόπλη-

236 5110 360 5147 κτοι
383 5090 838 5158 ὲπιγινώσκουσι.
880 5087 1054 5141 Πάλαι
1090 5085 1190 5155 μὲν
1230 5085 1337 5157 γὰρ
1375 5082 1818 5153 είδωλολατροῦν-

232 5200 325 5247 τις
386 5183 482 5235 καὶ
536 5183 602 5251 τῇ
663 5179 794 5250 παρ’
860 5177 1118 5247 Ἕλλησιν
1190 5175 1475 5245 ’Δφροδίτῃ
1526 5175 1815 5247 λεγομένῃ,

229 5277 483 5330 τουτέστι
523 5276 588 5342 τῇ
635 5270 817 5343 ἡδονῇ,
852 5269 1305 5341 προσκυνοῦντες,
1356 5268 1570 5321 καὶτὸν
1606 5268 1817 5338 ἀστέρα

229 5370 439 5438 ταύτης
493 5368 583 5419 silv
618 5363 927 5434 Ἑωσφόρον
972 5359 1110 5416 εῖναι
1168 5359 1573 5432 μυθολογοῦσιν,
1634 5360 1701 5431 ἣν
1752 5358 1816 5431 δὴ

230 5467 328 5519 καὶ
350 5462 577 5530 Κουϐἀρ
624 5463 691 5531 τῇ
742 5458 953 5517 ἑαυτῶν
990 5455 1331 5527 κακεμφάτῳ
1372 5455 1595 5525 γλώσσῃ
1631 5456 1817 5506 ἐπονο-

235 5554 535 5624 μάσαντες,
568 5544 706 5618 ὅπερ
756 5549 875 5601 ἐστὶ
917 5546 1176 5616 μεγάλη,
1209 5545 1488 5615 διέμειναν
1536 5546 1641 5607 ἕως
1688 5544 1814 5615 ἄρτι

231 5646 333 5716 τὴν
374 5642 698 5714 Ἀφροδίτην
728 5640 852 5694 θεὸν
893 5638 1272 5710 ὀνομάζοντες.
1310 5638 1427 5691 Ἰνα
1462 5638 1518 5692 δὲ
1553 5638 1627 5708 μὴ
1656 5638 1813 5703 δόξω·

233 5738 334 5808 μέν
362 5751 475 5789 τισι
534 5732 894 5802 ψευδολογεῖν,
948 5731 1332 5803 σαφηνίσωμεν
1367 5729 1429 5784 τὸ
1458 5730 1601 5798 μέγα
1635 5730 1814 5782 αὐτῶν

235 5833 559 5903 μυστήριον.
592 5826 870 5897 Ἐχειδὲη
902 5824 1045 5888 λέξις
1073 5826 1171 5894 τῆς
1211 5826 1460 5895 μυσαρᾶς
1504 5824 1682 5876 αὐτῶν
1725 5820 1813 5875 καὶ

232 5920 593 5989 παμῆεϐήλου
665 5918 974 5985 προσευχῆς
1018 5917 1211 5979 οὕτως·
1264 5916 1427 5968 Ἀλλά
1486 5915 1645 5967 Ἀλλά
1696 5914 1810 5967 0ὑά

1925 4710 2018 4765 sed
2054 4708 2158 4764 sub
2185 4709 2468 4780 religionis
2499 4720 2768 4781 prmtextu
2823 4715 2957 4770 falsa
3025 4718 3216 4773 colunt
3250 4722 3497 4782 numina.

1922 4815 1987 4864 ac
2016 4803 2069 4855 in
2104 4816 2167 4855 ea
2200 4802 2445 4857 abditum
2479 4802 2745 4861 daemonis
2774 4808 3019 4861 omnium
3063 4812 3331 4865 malorum
3394 4828 3498 4867 au-

1922 4893 2093 4947 ctoris
2120 4891 2303 4947 dolum
2340 4905 2451 4961 prae
2477 4892 2646 4947 nimia
2685 4893 2961 4949 dementia
3009 4912 3073 4951 ac
3104 4907 3328 4969 stupore
3350 4900 3501 4956 nullo

1924 4984 2088 5038 modo
2111 4983 2581 5037 animadvertunt.
2618 4983 2755 5037 Cum
2804 4986 2951 5040 enim
3008 4988 3316 5057 antiquitus
3364 4989 3499 5045 falsa

1922 5076 2324 5141 superstitione
2349 5072 2562 5129 seducti
2623 5075 2889 5130 Venerem
2943 5076 3284 5145 Graecorum,
3326 5080 3377 5134 id
3417 5090 3501 5137 est

1921 5170 2274 5240 voluptatem,
2300 5169 2502 5225 divinis
2530 5171 2831 5225 honoribus
2857 5173 3154 5239 coluerint,
3178 5176 3500 5246 stellamque

1921 5264 2042 5333 ejus
2071 5262 2389 5321 Luciferum
2421 5277 2543 5318 esse
2587 5262 2815 5319 fabulati
2853 5267 2985 5329 sint,
3042 5284 3205 5336 quam
3258 5270 3419 5323 etiam
3468 5286 3498 5324 a

1920 5356 2299 5428 magnitudine
2335 5355 2529 5409 Kubar
2577 5368 2674 5409 sua
2728 5356 2908 5426 inepta
2959 5358 3139 5428 lingua
3187 5361 3498 5431 appellave-

1921 5457 2073 5511 runt,
2132 5448 2188 5501 in
2235 5448 2380 5501 hunc.
2436 5462 2613 5517 usque
2664 5449 2806 5503 diem
2876 5448 3073 5504 Veneri
3142 5467 3342 5507 nomen
3401 5453 3496 5507 Dei

1920 5543 2192 5597 tribuunt.
2224 5540 2383 5606 Quod
2420 5556 2488 5595 ne
2511 5541 2600 5595 cui
2626 5539 2912 5596 videamur
2948 5543 3499 5614 fingere,explicabic

1917 5649 2041 5694 mus
2074 5646 2332 5702 magnum
2358 5646 2552 5686 eorum
2606 5634 2954 5703 mysterium.
3008 5634 3184 5691 Verba
3241 5637 3496 5692 obscenae

1918 5740 2108 5781 eorum
2144 5735 2196 5778 et
2233 5722 2643 5794 profanissimae
2671 5728 3005 5795 precationis
3038 5727 3153 5783 haec
3184 5738 3347 5782 sunt:
3373 5728 3493 5783 Alia

1918 5819 2032 5872 Alia
2064 5816 2140 5871 Ua
2174 5816 2364 5871 Kubar
2400 5818 2540 5871 Alia.
2579 5817 2696 5871 Alia
2728 5818 2866 5883 Atla,
2903 5820 2948 5874 si
2978 5821 3379 5891 interpreteris,
3408 5830 3493 5876 est

1918 5910 2058 5971 Deus
2102 5908 2257 5963 Deus.
2296 5908 2374 5962 Ua
2426 5908 2617 5977 major.
2649 5908 2835 5964 Kubar
2870 5928 3084 5975 magna,
3133 5913 3246 5966 sive
3285 5910 3412 5964 (una
3436 5921 3492 5967 et
