4226 6444
774 429 884 492 815

2078 429 2401 490 GEORGII
2442 432 2779 496 CEDRENI

3918 440 4028 505 816

791 539 981 596 Venus.
1015 539 1094 596 lta
1118 553 1246 611 ergo
1279 537 1471 595 habet:
1510 538 1653 596 Deus
1673 540 1815 596 Deus
1848 541 2020 610 major
2051 552 2106 600 et
2132 559 2348 614 magna,

2455 546 2678 619 Κουϐὰρ
2723 547 2904 603 Ἀλλᾶ.
2953 547 3065 603 Καὶ
3095 550 3155 603 τὸ
3218 551 3319 620 μὲν
3367 550 3528 605 Ἀλλᾶ
3585 551 3948 624 ἑρμηνεύεται
4012 559 4045 607 ὁ

777 636 1038 693 nimirum
1095 634 1279 690 Venus
1339 634 1480 689 Deus
1519 650 1532 688 :
1571 641 1732 706 atque
1784 634 1887 688 hoc
1943 635 2059 688 Alla
2129 636 2179 689 in
2245 635 2350 690 [ine

776 728 1050 799 adjectum
1084 726 1290 782 indicat
1319 744 1336 793 ;
1372 742 1493 797 quae
1521 729 1704 782 omnia
1739 727 2073 798 preprietate
2104 730 2187 782 sui
2235 743 2353 783 ser-

774 821 954 875 monis
985 821 1256 875 occultata
1302 819 1680 890 pronuntiant.
1733 818 1839 873 Sed
1913 819 2088 874 oratio
2135 832 2342 881 nostra,

776 919 979 972 missos
1012 915 1217 968 faciens
1251 915 1512 984 poreinos
1537 914 1672 966 istos
1690 919 1743 966 et
1774 911 2048 967 bellninos
2075 912 2348 976 homines,

770 1009 862 1079 qtti
906 1017 1102 1080 pra‘ter
1152 1008 1486 1078 voluptatem
1544 1013 1598 1059 ct
1652 1005 1822 1059 otium
1869 1004 2009 1058 nihil
2046 1005 2230 1058 sciunt
2285 1016 2348 1056 ac

770 1103 891 1158 sine
920 1117 1088 1158 sensu
1115 1100 1387 1163 laborant,
1417 1099 1659 1154 historiae
1695 1098 1965 1167 reliquum
2001 1103 2273 1165 pertcxat.

2456 639 2601 706 Θεὸς
2621 643 2654 695 ό
2677 641 2841 707 Θεὸς,
2873 641 2933 695 τὸ
2949 641 3004 694 δὲ
3027 643 3141 696 Οὐὰ
3151 643 3373 711 μεῖζον,
3395 645 3456 696 1:6
3478 645 3534 698 δὲ
3566 644 4042 716 Κουϐἁρμεγάλη

2453 733 2572 803 ἦτοι
2616 735 2852 802 σελήνη
2885 736 2979 788 καὶ
3013 737 3342 806 Ἀφροδίτη.
3379 737 3555 810 Ὅπερ
3574 739 3720 792 ἐστὶν
3747 739 3948 803 οὕτως’
3987 738 4047 792 ⁸0

2454 822 2588 888 Θεὸς
2619 824 2798 888 όΘεδς
2824 826 3023 896 μείζων
3040 828 3135 880 καὶ
3162 828 3194 897 ἡ
3216 827 3451 897 μεγάλη,
3486 827 3584 881 εἴτ’
3602 826 3693 882 οὖν
3727 829 4046 897 ’Δφροδίτη,

2456 915 2610 979 Θεός.
2637 917 2746 970 Καὶ
2771 918 2929 974 τοῦτο
2955 919 3240 988 σαφηνίζει
3271 921 3304 990 ή
3328 919 3592 991 ἐπαγωγὴ
3608 920 3702 972 τοῦ
3719 922 4035 974 τελευταίου

2468 1004 2838 1077 Ἀλλᾶ.“Δπερ
2856 1007 3072 1064 ἅπαντα
3088 1008 3586 1080 ἐπικεκρυμμένως
3602 1012 3668 1080 τῇ
3691 1011 3918 1075 ἰδιότητι
3937 1011 4036 1080 τῆς

2455 1095 2668 1150 ἑαυτῶν
2699 1095 2946 1167 γλώττης
2973 1098 3246 1154 λαλοῦσιν.
3284 1101 3446 1154 Ἀλλὰ
3465 1101 3593 1166 τοὺς
3625 1102 3728 1170 μὲν
3759 1100 4043 1176 χοιρὼδεις

770 1203 862 1256 καὶ
887 1196 1250 1269 τελματώδεις
1295 1197 1386 1248 καὶ
1437 1195 1605 1265 μηδὲν
1661 1193 1822 1246 πλέον
1874 1193 1975 1262 τῆς
2017 1193 2210 1263 ἡδονῆς
2247 1191 2341 1246 καὶ
2378 1192 2663 1264 ῥᾳστώνης
2691 1193 2902 1258 εἰδότας
2931 1195 3206 1265 ἀφέμενος
3261 1199 3289 1251 6
3352 1197 3531 1267 λόγος,
3582 1198 3657 1262 ὡς
3701 1197 4047 1269 ἀνεπαισθή-

768 1311 876 1356 τως
903 1290 1210 1352 νοσοῦντας,
1246 1286 1384 1358 πρὸς
1415 1286 1482 1339 τὰ
1511 1285 1636 1356 ἑξῆς
1666 1286 1764 1355 τῆς
1802 1286 2043 1354 ἱστορίας
2073 1283 2344 1354 χωρείτω.

841 1383 1001 1456 745
1034 1383 1331 1452 Postquam
1380 1379 1762 1435 Muchumetus
1806 1378 1896 1432 ille
1923 1377 2080 1433 dirus
2115 1386 2345 1432 mortem

768 1479 926 1544 obiit,
961 1476 1142 1531 media
1173 1474 1262 1530 die
1308 1474 1462 1529 visus
1495 1480 1580 1528 est
1627 1480 1863 1533 cometa,
1907 1485 2071 1539 quem
2120 1468 2346 1524 atrabis

766 1572 945 1626 forma
980 1569 1155 1625 Graeci
1189 1567 1418 1620 Docilen
1467 1563 1776 1626 nominant,
1821 1563 2060 1617 Arabum
2097 1577 2349 1631 praenun-

768 1663 913 1720 tians
938 1660 1248 1729 imperium.
1280 1656 1505 1714 Duravit
1537 1653 1656 1710 dies
1690 1653 1936 1723 triginta,
1967 1667 1994 1704 a
2027 1653 2253 1706 meridie
2279 1651 2346 1706 ad

767 1750 1198 1825 septentrionem
1223 1746 1560 1817 pertingens.
1593 1741 1796 1796 Habuit
1829 1741 1989 1811 gladii
2017 1739 2272 1805 formam,

2525 1369 2683 1425 Μετὰ
2703 1369 2760 1424 δέ
2790 1387 2854 1440 γε
2893 1371 2983 1426 τὸν
3017 1371 3244 1426 θάνατον
3288 1373 3382 1428 τοῦ
3414 1375 3678 1448 θεηλάτου
3711 1379 4044 1451 Μουχούμετ

2454 1462 2628 1533 ἐφάνη
2663 1461 2804 1515 κατά
2871 1463 3220 1534 μεσημϐρίαν
3267 1463 3440 1538 ἀστὴρ
3472 1468 3501 1520 6
3554 1468 3846 1540 λεγόμενος
3877 1474 4043 1526 Δοκί-

2451 1570 2572 1624 της,
2627 1552 2961 1624 προμηνύων
3011 1555 3110 1624 τὴν
3175 1556 3286 1609 τῶν
3348 1557 3596 1630 ’Δράϐων
3657 1563 4042 1634 ἐπικράτειαν.

2459 1645 2683 1716 Ἔμεινε
2733 1643 2790 1697 δὲ
2833 1644 2925 1698 ἐπὶ
2966 1647 3184 1716 ἡμέρας
3211 1649 3526 1718 τριάκοντα,
3583 1651 3864 1708 διατείνων
3929 1657 4042 1710 ἀπὸ

2458 1734 2806 1806 μεσημϐρίας
2837 1735 2942 1797 ’ἐως
2973 1735 3197 1805 ἄρκτου.
3224 1732 3334 1791 Ἧν
3375 1739 3432 1793 δὲ
3458 1740 3751 1814 ξιφοειδής.

838 1845 998 1896 Anno
1021 1838 1285 1910 vigesimo
1317 1841 1515 1905 quarto
1568 1831 1802 1888 moritur
1833 1829 2186 1895 Abubachar,
2219 1843 2343 1884 cum

2524 1827 2614 1895 Τῷ
2643 1826 2722 1880 κδ’
2760 1828 2870 1880 ἔτει
2923 1827 3265 1901 Ἀϐουϐἀχαρ
3287 1831 3531 1912 τελευτᾷ.
3569 1837 3893 1907 ἁμηρεύσας
3943 1839 4042 1911 ἐτη

767 1946 982 1988 ameras
1015 1929 1090 2000 (id
1136 1925 1350 1997 imperii
1385 1938 1584 1980 nomen
1631 1921 1738 1992 est)
1781 1921 1976 1980 fuisset
2007 1934 2182 1980 annos
2209 1917 2351 1974 duos

766 2041 812 2081 s.
841 2021 1100 2080 Suetedit
1141 2019 1190 2074 ei
1232 2013 1618 2073 Umarus..llic
1639 2013 1888 2068 Bostram
1917 2012 2165 2081 aliasque
2184 2009 2351 2087 urbes

767 2117 998 2188 cepitet
1048 2127 1223 2184 usque
1260 2111 1324 2165 ad
1362 2107 1655 2176 Gabitham
1698 2119 2025 2176 progressus
2062 2111 2168 2160 est.
2210 2102 2347 2157 Cum

773 2209 875 2262 hoc
913 2207 1103 2278 praelio
1159 2201 1459 2258 commisso
1505 2196 1832 2254 Theodorus
1888 2195 2124 2251 llcraclii
2184 2193 2350 2253 frater

764 2301 942 2354 vietus
976 2299 1044 2353 ad
1082 2297 1473 2367 imperatorem
1505 2289 1727 2346 Edessa:
1752 2296 1868 2344 tum
1902 2297 2146 2360 agentem
2179 2285 2346 2341 venit.

767 2395 1072 2464 Imperator
1109 2390 1286 2460 copiis
1323 2387 1558 2441 Boanem
1592 2383 1712 2455 ejus
1737 2383 1856 2438 loco
1885 2382 2133 2453 prmiieit.
2171 2380 2351 2436 Theo-

765 2487 960 2541 dornm
1004 2498 1168 2555 porro
1218 2479 1564 2536 sacellarium
1623 2491 1747 2532 cum
1803 2473 2049 2530 exercitu
2099 2472 2348 2527 Romano

766 2580 1034 2635 adversus
1062 2575 1274 2632 Arabes
1329 2572 1516 2628 mittit.
1571 2569 1657 2634 Ei,
1713 2583 1838 2624 cum
1873 2568 1937 2623 ad
1975 2567 2226 2622 Emesam
2260 2581 2351 2622 vc-

766 2676 958 2735 nisset,
1004 2669 1249 2726 occurrit
1283 2681 1500 2722 ameras
1535 2679 1660 2720 cum
1698 2661 2056 2717 multitudine
2091 2661 2349 2716 Sarrace-

766 2781 982 2827 norum,
1030 2772 1322 2831 castraque
1381 2759 1526 2812 locat
1555 2756 1622 2812 ad
1665 2753 2048 2810 Bardanisium
2099 2753 2345 2807 ﬂuvium.

764 2857 954 2926 Itaque
988 2853 1295 2918 Ileraelius,
1318 2851 1481 2906 rebus
1499 2848 1824 2919 desperatis,
1855 2846 2067 2918 Syriam
2100 2845 2342 2902 deserit:

764 2950 1106 3018 sublatisque
1176 2943 1574 3015 Hierosolymis
1656 2939 2066 2996 venerabilibus
2139 2939 2344 3010 lignis,

762 3039 1279 3108 Constantinoiiolin
1315 3037 1448 3091 abit.
1502 3034 1742 3089 Boanem
1789 3040 1970 3088 autem
2014 3046 2043 3086 a
2083 3033 2347 3086 Damasco

766 3135 1015 3191 limesam
1054 3133 1331 3187 divertere
1377 3127 1554 3200 jubet,
1614 3134 1667 3181 et
1711 3123 2064 3180 Theodorum
2112 3123 2346 3179 sacella-

2452 1916 2546 1972 δύο
2582 1919 2781 1990 ἥμισυ,
2813 1919 2909 1972 καὶ
2928 1919 3045 1974 ἀντ’
3082 1922 3249 1976 αὑτοῦ
3284 1928 3474 1996 κρατεῖ
3499 1925 3775 1998 Οίιμαρος,
3815 1932 3873 1994 ὃς
3899 1949 4045 2002 παρ·

2454 2011 2614 2064 έλαϐε
2675 2011 2918 2082 Βόστραν
2948 2010 3047 2084 τὴν
3083 2013 3238 2068 πόλιν
3284 2017 3380 2069 καὶ
3430 2017 3595 2083 ἄλλας
3655 2022 3881 2086 πολλὰς,
3941 2024 4044 2084 καὶ

2450 2099 2584 2173 ἦλθε
2619 2102 2782 2174 μέχρι
2805 2104 2902 2158 τοῦ
2934 2104 3161 2162 Γαϐιθᾶ.
3198 2108 3383 2180 Τούτῳ
3420 2111 3716 2182 συμϐαλὼν
3761 2115 4045 2188 Θεόδωρος

2451 2195 2480 2246 6
2510 2194 2607 2249 τοῦ
2656 2195 2982 2266 Ἡρακλείου
3023 2197 3253 2267 ἁδελφὸς
3300 2200 3398 2255 καὶ
3448 2203 3704 2275 ἡττηθεὶς
3751 2207 3888 2278 πρὸς
3946 2209 4044 2265 τὸν

2454 2286 2680 2359 βασιλέα
2708 2287 2929 2360 ἔρχεται
2959 2291 3016 2344 ὲν
3055 2290 3271 2364 Ἐδέσῃ.
3319 2294 3378 2347 Ὀ
3410 2295 3467 2349 δὲ
3509 2294 3762 2367 βασιλεὺς
3806 2318 4044 2373 προχει-

2456 2380 2669 2452 ρίζεται
2702 2382 2892 2453 ἕτερον
2925 2385 3230 2454 στρατηγὸν
3267 2387 3496 2459 Βοάνην,
3532 2391 3625 2445 τὸν
3673 2392 3730 2447 δὲ
3770 2394 4045 2449 σακελλά-

2455 2490 2572 2542 ριον
2600 2473 2880 2544 Θεόδωρον
2931 2477 3069 2547 μετὰ
3128 2477 3448 2550 Ῥωμαῖκῆς
3488 2481 3770 2554 δυνάμεως
3824 2487 4043 2558 πέμπει

2451 2563 2595 2618 κατὰ
2638 2564 2911 2636 Ἀράϐων.
2953 2567 3410 2643 Παραγενόμενος
3443 2572 3500 2626 δὲ
3534 2576 3613 2639 είς
3637 2577 3884 2646 Ἐμεσαν
3911 2597 4042 2634 συν-

2449 2657 2588 2729 αντᾷ
2637 2656 2845 2728 πλῆθος
2893 2659 3231 2731 Σαρακηνῶν
3273 2663 3365 2717 καὶ
3408 2665 3500 2719 τὸν
3561 2667 3783 2738 ἀμηρᾶν
3831 2671 4043 2738 αὐτῶν,

2449 2750 2546 2804 καὶ
2567 2750 2648 2815 είς
2683 2749 2774 2804 τὸν
2802 2749 2889 2830 [Ρ.
2923 2750 3053 2824 496]
3087 2753 3443 2824 Βαρδανίσιον
3475 2759 3718 2830 ποταμὸν
3741 2777 4043 2831 παραφοσ-

2451 2842 2692 2898 σατεύει.
2742 2844 3062 2916 ⁹Πρςὶκλειος
3097 2845 3155 2900 δὲ
3174 2847 3480 2914 ἀπελπίσας
3511 2851 3921 2923 καταλιμπάνει
3939 2857 4044 2929 τὴν

2450 2936 2672 3006 Συρίαν,
2709 2937 2804 2990 καὶ
2843 2936 2984 3007 ἄρας
3015 2939 3082 2992 τὰ
3110 2939 3270 3008 τίμια
3299 2937 3433 3009 ξύλα
3489 2943 3598 2997 ἀπὸ
3638 2943 4045 3019 Ἱεροσολύμων

2448 3028 2542 3080 ἐπὶ
2572 3029 3154 3084 Χωνσταντινούπολιν
3199 3032 3388 3106 ἀπῄει.
3420 3034 3633 3105 Βοάνην
3664 3037 3721 3090 δὲ
3762 3039 3872 3092 ἀπὸ
3937 3044 4046 3095 Δα-

2453 3123 2664 3192 μασκοῦ
2690 3123 2766 3185 είς
2794 3122 3039 3192 Ἐμεσαν
3073 3124 3317 3194 στρέφει.
3349 3127 3442 3180 καὶ
3475 3127 3748 3200 Θεόδωρον
3773 3133 4047 3188 σακελλά-

763 3230 904 3284 ιίυιο
931 3242 1053 3281 cum
1086 3223 1329 3279 exercitu
1357 3219 1720 3291 quadraginta
1751 3217 2003 3272 millium.
2038 3215 2104 3271 lli
2135 3217 2345 3273 Arabes

2456 3230 2570 3284 ριον
2612 3213 2807 3283 έχοντα
2843 3214 3074 3286 στρατὸν
3105 3217 3352 3291 χιλιάδας
3381 3217 3452 3290 μ’.
3487 3219 3596 3274 Καὶ
3622 3221 3884 3278 διώκουσι
3908 3225 4046 3292 τοὺς

762 3321 831 3378 ab
871 3317 1064 3374 Emesa
1105 3316 1430 3370 Damascum
1454 3326 1629 3381 usque
1669 3316 2096 3381 persequuntur.

834 3413 995 3466 Anno
1049 3407 1316 3479 vigesimo
1363 3403 1560 3474 quinto
1636 3399 1926 3454 Sarraceni
1989 3397 2342 3455 multitudine

761 3502 1004 3561 Arabum
1043 3498 1231 3568 stipati
1270 3495 1469 3550 bellum
1523 3490 1790 3556 inierunt,
1847 3491 2100 3559 factaque
2160 3501 2341 3558 pugna

765 3593 1044 3650 Romanos
1070 3591 1318 3643 vincunt.
1351 3585 1546 3640 Porro
1572 3583 1775 3638 milites
1823 3581 2024 3636 Baanis
2068 3579 2343 3636 seditione

764 3694 934 3748 mota,
1001 3681 1255 3736 Heraclio
1303 3676 1594 3746 imperimn
1647 3674 1936 3744 abrogant,
1993 3669 2342 3740 Baanemque

763 3779 1150 3850 imperatorem
1219 3771 1532 3840 designant.
1585 3764 1808 3821 Interim
1862 3761 2157 3819 sacellario
2215 3775 2338 3816 cmn

764 3871 882 3927 suis
912 3867 1222 3931 recedente,
1249 3861 1540 3918 Sarraceni
1581 3858 1863 3914 licentiam
1912 3855 2082 3919 nacti,
2138 3853 2340 3909 bellum

766 3958 932 4017 Baani
961 3955 1125 4031 ’146
1145 3955 1372 4019 faciunt,
1396 3966 1633 4020 eumque
1655 3948 1900 4003 vincunt.
1923 3944 2057 4001 Nam
2087 3943 2338 4010 Romani,

763 4067 887 4105 cum
930 4053 1224 4104 vehemens
1277 4052 1468 4101 auster
1507 4045 1577 4098 iis
1615 4048 1760 4097 esset
1813 4038 2101 4102 adversus,
2152 4036 2229 4096 ita
2281 4045 2341 4090 ut

762 4159 874 4214 prae
895 4135 1518 4208 multitudinepulveris
1553 4135 1741 4189 hostes
1766 4146 1995 4187 cernere
2027 4131 2337 4201 nequirent,

764 4247 956 4302 magna
982 4245 1107 4289 cum
1139 4229 1294 4284 clade
1321 4228 1449 4294 lusi,
1485 4241 1546 4282 se
1585 4226 1739 4297 ipsos
1768 4225 1824 4279 in
1869 4223 1995 4295 fuga
2051 4222 2108 4277 in
2161 4222 2341 4278 amnis

759 4317 1129 4373 Jermochthae
1182 4318 1467 4386 angustias
1525 4314 1986 4386 praecipitarunt:
2029 4322 2191 4384 atque
2235 4313 2341 4373 hoc

765 4412 928 4466 modo
967 4411 1059 4466 illa
1095 4409 1459 4481 quadraginta
1497 4409 1668 4462 millia
1703 4408 1997 4477 perierunt.
2032 4403 2339 4463 .Sarraceni

762 4511 945 4558 autem
987 4503 1256 4556 Damasco
1294 4501 1521 4568 insuper
1554 4497 1711 4568 potiti
1755 4506 1884 4552 sunt
1929 4510 1992 4550 ac
2030 4495 2336 4560 Phaanicia,

2458 3307 2709 3378 ’Ἄραϐας
2738 3307 2846 3360 ἀπὸ
2892 3308 3126 3378 Ἐμέσης
3159 3309 3264 3372 ἓως
3292 3311 3606 3381 Δαμασκοῦ.

2529 3398 2618 3468 Τῷ
2655 3396 2731 3450 κε’
2758 3398 2870 3452 έτει
2924 3399 3409 3470 ὲπιστρατεύουσιν
3455 3403 3504 3456 οί
3531 3403 3842 3477 Σαρακηνοὶ
3897 3409 4045 3479 μετὰ

2450 3491 2688 3561 πλήθους
2733 3489 3008 3562 Ἀράϐων,
3041 3493 3135 3549 καὶ
3170 3493 3449 3564 συμϐολῆς
3490 3497 3790 3570 γενομένης
3828 3502 4045 3570 ἡττῶν.

2448 3599 2539 3636 ται
2584 3580 2868 3651 Ῥωμαῖοι.
2891 3583 3289 3649 Στασιάσαντες
3310 3585 3369 3638 δὲ
3388 3587 3586 3660 οἱπερὶ
3608 3590 3827 3663 Βαάνην
3860 3593 4043 3664 Ἥρα-

2450 3678 2628 3731 κλειον
2675 3676 3120 3747 ἀποκηρύττουσι
3175 3679 3270 3733 καὶ
3315 3679 3532 3752 Βαάνην
3607 3687 4042 3757 ἀναγορεύουσιν

2451 3771 2700 3842 βασιλέα.
2729 3771 2818 3823 Ἐν
2837 3769 3050 3834 τούτοις
3076 3772 3453 3843 ὑποχωροῦσιν
3483 3777 3531 3834 ol
3564 3779 3692 3846 περὶ
3714 3778 3804 3843 τὸν
3835 3783 4041 3835 σακελ-

2449 3861 2657 3932 λάριον,
2691 3865 2784 3917 καὶ
2811 3866 2860 3917 οί
2893 3865 3206 3935 Σαρακηνοὶ
3255 3866 3508 3934 εὑρόντες
3543 3870 3729 3924 ἄδειαν
3784 3873 4042 3942 συμϐάλ-

2449 3955 2602 4010 λουσι
2649 3955 2789 4027 μετὰ
2842 3957 3088 4021 Βαάνους
3138 3957 3376 4030 πόλεμον
3433 3962 3525 4022 καὶ
3575 3963 3808 4032 ἡττῶσιν
3828 3967 4043 4030 αὐτόν’

2447 4047 2652 4118 ἀνέμου
2703 4047 2814 4118 γὰρ
2879 4048 3212 4113 πνεύσαντος
3270 4049 3448 4126 βιαίου
3494 4053 3648 4107 νότου
3695 4058 3835 4110 κατά
3898 4059 4042 4113 Ῥω-

2452 4139 2649 4210 μαίων,
2682 4141 2777 4193 καὶ
2838 4139 2913 4212 μὴ
2964 4141 3280 4212 δυναμένων
3312 4145 3436 4207 τοὺς
3466 4143 3691 4216 ἐχθροὺς
3714 4149 4040 4219 ὰντωπῆσαι

2447 4230 2536 4284 διὰ
2567 4230 2659 4283 τὸν
2734 4230 2905 4284 πολὺν
2955 4233 3258 4304 κονιορτὸν,
3325 4233 3518 4298 δεινῶς
3567 4238 3883 4308 τρέπονται,
3937 4246 4036 4296 καὶ

2450 4321 2737 4392 ῥίπτοντες
2774 4323 3002 4387 ἑαυτοὺς
3037 4324 3120 4387 είς
3154 4325 3280 4388 τοὺς
3314 4327 3624 4392 στενωποὺς
3655 4329 3748 4390 τοῦ
3779 4335 4034 4401 ποταμοῦ

2460 4412 2749 4484 ἰερμοχθᾶ
2787 4413 3162 4487 διεφθάρησαν
3208 4417 3265 4470 αι
3312 4421 3723 4488 τεσσαράκοντα
3768 4423 4032 4490 χιλιάδες.

2447 4505 2766 4575 Παρέλαϐον
2792 4506 2848 4560 δὲ
2877 4507 2970 4560 καὶ
2996 4508 3094 4575 τὴν
3119 4508 3410 4577 Δαμασκὸν
3455 4511 3550 4562 καὶ
3574 4513 3674 4574 τὰς
3711 4513 3895 4582 χώρας
3930 4515 4035 4584 τῆς

763 4595 947 4664 ibique
1002 4593 1251 4654 habitare
1299 4597 1606 4661 coeperunt.
1666 4589 1722 4644 lu
1783 4588 2075 4659 Egyptnm
2124 4601 2343 4658 quoque

2449 4597 2722 4668 Φοινίκης,
2752 4598 2845 4652 καὶ
2868 4597 3160 4662 οίκίζονται
3187 4601 3322 4655 ἐκεῖ.
3356 4595 3487 4653 Εἶτα
3514 4602 3896 4671 στρατεύονται
3913 4609 4038 4659 κατ’

761 4686 905 4740 facta
934 4686 1303 4756 expeditione,
1336 4701 1456 4741 eam
1491 4693 1919 4753 occupaverunt,
1961 4680 2150 4752 ibique
2179 4681 2338 4739 sedes

757 4795 1010 4850 posuere.

831 4873 990 4924 Anno
1049 4867 1309 4938 vigesimo
1370 4875 1527 4922 sexto
1578 4865 1836 4931 Umarus,
1884 4866 1938 4920 in
1990 4863 2338 4922 Palaestinam

759 4978 886 5016 eum
922 4960 1120 5015 infesto
1151 4959 1398 5014 exercitu
1431 4960 1729 5028 ingressus,
1752 4973 1962 5014 sacram
1996 4958 2186 5013 urbem
2223 4973 2342 5012 cer-

761 5055 832 5108 tis
872 5051 1282 5106 conditionibus
1333 5050 1385 5103 in
1451 5058 1779 5118 potestatem
1819 5049 2052 5118 accepit,
2093 5047 2340 5118 Sophro-

762 5147 854 5199 nio
901 5153 1014 5196 tum
1045 5141 1368 5212 patriarchae
1401 5155 1630 5195 munere
1663 5139 1944 5210 fungente.
1980 5139 2046 5194 Ut
2104 5140 2157 5194 in
2218 5155 2338 5196 eam

761 5235 1030 5306 pervenit,
1092 5243 1300 5289 vestem
1351 5248 1417 5288 ex
1452 5233 1787 5289 camelorum
1850 5233 1974 5303 pilis
2025 5240 2338 5290 contextam

763 5329 990 5380 indutus
1022 5335 1183 5394 atque
1207 5322 1547 5388 sordidatus,
1582 5324 1996 5392 satanicamque
2036 5323 2342 5378 simulatio-

764 5434 886 5472 nem
915 5418 1200 5480 adhibens,
1229 5416 1486 5485 templum
1515 5413 1830 5475 Judazorum
1867 5428 1895 5466 a
1922 5412 2215 5470 Solomone
2243 5431 2340 5470 ex-

763 5519 1035 5565 structum
1061 5508 1336 5579 quaesivit,
1369 5515 1429 5561 ut
1454 5507 1506 5560 in
1535 5521 1600 5560 eo
1629 5521 1740 5563 sua:
1763 5507 2043 5577 sacrilega:
2069 5506 2341 5576 supersti-

766 5600 933 5654 tionis
983 5599 1320 5653 domicilium
1358 5600 1738 5654 constitueret.
1798 5594 1955 5651 Hunc
2008 5597 2197 5652 videns
2243 5597 2343 5651 So-

766 5691 1051 5761 phronius,
1085 5689 1192 5742 ait:
1232 5709 1250 5741 ι
1276 5688 1524 5744 Profecto
1545 5689 1740 5743 hocest
1766 5689 2188 5744 abominandum
2208 5689 2341 5744 illud

765 5785 1092 5839 vastationis
1133 5795 1539 5854 argumentum,
1579 5795 1732 5844 stans
1765 5785 1817 5838 in
1866 5785 1988 5838 loco
2045 5784 2276 5842 saneto!
2317 5803 2335 5836 ›

768 5875 1046 5944 multoque
1071 5890 1194 5930 cum
1243 5873 1372 5928 ili-tu
1429 5892 1539 5928 rem
1591 5875 1958 5929 Christianam
2012 5875 2341 5932 lamentatus

2446 4688 2751 4756 Αἰγύπτου,
2789 4689 2884 4742 καὶ
2909 4689 3164 4754 λαϐόντες
3212 4690 3306 4744 καὶ
3349 4690 3522 4761 αὐτὴν
3573 4694 3926 4749 κατοικοῦσιν
3973 4701 4034 4752 ὲν

2441 4780 2599 4851 αὐτῇ.

2514 4871 2605 4943 Τῷ
2655 4869 2748 4936 κς¹
2797 4871 2928 4937 ἔτει,
2985 4871 3268 4942 στρατεύει
3319 4872 3576 4946 Οῠμαρος
3619 4879 3762 4932 κατὰ
3821 4881 4035 4937 Παλαι.

2446 4965 2652 5032 στίνης,
2678 4966 2773 5017 καὶ
2802 4964 3223 5036 παραλαμϐάνει
3277 4967 3459 5036 λόγοις
3509 4969 3608 5041 τὴν
3663 4973 3826 5041 ἁγίαν
3872 4977 4033 5035 πόλιν

2445 5057 2753 5128 Σωφρονίου
2788 5057 3128 5128 πατριάρχου
3160 5057 3334 5122 δντος.
3365 5058 3640 5116 Εἰσελθὼν
3671 5065 3728 5118 δὲ
3771 5066 4033 5140 Οὖμαρος

2443 5150 2523 5210 εἰς
2553 5149 2652 5218 τὴν
2679 5148 2840 5217 ἁγίαν
2886 5149 3041 5202 πόλιν
3071 5151 3335 5219 τριχίνοις
3362 5153 3430 5205 ὲκ
3453 5155 3702 5226 καμήλου
3732 5158 4032 5229 ένδύμαειν

2444 5241 2817 5311 ἠμφιεσμένος
2845 5242 3257 5312 ὲῤῥυπωμένοις
3291 5243 3582 5316 ὑπόκρισιν
3631 5263 3690 5300 τε
3723 5250 4032 5326 Σατανικὴν

2443 5331 2873 5402 ἐνδεικνύμενος,
2916 5333 3006 5384 τὸν
3037 5334 3165 5386 ναὸν
3218 5333 3398 5404 ἐζήτει
3447 5337 3558 5390 τῶν
3624 5340 3913 5410 Ἰουδαίων,
3971 5348 4032 5404 ὃν

2443 5423 2762 5498 ᾠκοδόμησε
2818 5425 3092 5494 Σολομῶν,
3147 5431 3624 5501 προσκυνητήριον
3656 5434 3882 5503 ποιῆσαι
3925 5440 4030 5508 τῆς

2444 5516 2607 5569 αὐτοῦ
2664 5516 3032 5590 βλασφημίας.
3101 5517 3303 5571 Τοῦτον
3365 5520 3490 5574 ἰδὼν
3548 5525 3850 5596 Σωφρόνιος
3884 5531 4028 5600 ἔφη·

2453 5628 2470 5660 ι
2537 5610 2648 5662 Ἐπ’
2693 5609 2950 5682 ἀληθείας
2985 5611 3142 5664 τοῦτό
3195 5613 3310 5666 ἐστι
3341 5614 3402 5666 τὸ
3443 5615 3718 5688 βδέλυγμα
3753 5622 3853 5692 τῆς
3897 5627 4029 5695 ἐρη-

2449 5701 2696 5772 μώσεως,
2733 5701 2904 5764 ἑστὼς
2943 5703 3002 5754 ἐν
3034 5705 3183 5772 τόπῳ
3245 5705 3418 5776 ἀγίῳί
3487 5727 3504 5758 ι
3551 5711 3766 5775 πολλοῖς
3819 5731 3883 5768 τε
3930 5718 4027 5775 οα-

2447 5809 2610 5861 κρυσι
2661 5794 2784 5850 τοὺς
2845 5792 3204 5868 Χριστιανοὺς
3247 5795 3583 5865 ἀπωδύρετο.
3643 5803 4027 5868 Παρεκάλεσεν

2447 5880 2542 5938 οὖν
2580 5884 2743 5938 αὑτὸν
2797 5883 2980 5943 λαϐεῖν
3010 5887 3217 5942 σινδόνα
3261 5891 3354 5943 καὶ
3383 5892 3706 5948 ἐνδύσασθαι
3730 5913 3745 5928 ο
3777 5899 3805 5949 ὁ
3835 5898 3890 5950 δὲ
3924 5899 3985 5951 οὗ
4005 5922 4023 5951 ‹

2673 6091 2689 6124 ξ
