4226 6444
275 423 383 489 817

1376 433 1920 496 IIISTOliIARUM
1960 435 2255 497 COMPEN
2275 440 2494 502 UIUM.

3432 430 3543 503 818

274 544 556 614 ἠνέσχετο.
610 544 782 613 Μόγις
803 544 896 599 οὖν
932 546 1180 617 ἐπείσθη,
1229 551 1320 603 καὶ
1374 551 1718 605 πλυνθέντων
1748 546 1857 603 τῶν

1962 558 2063 606 est.
2128 552 2385 609 llortatus
2436 556 2620 625 itaque
2668 570 2793 611 eum
2826 562 2933 621 est,
2972 564 3027 609 ut
3068 555 3302 623 sindone
3353 566 3410 608 se
3456 553 3544 605 in-

274 634 443 688 αὑτοῦ
488 636 653 689 πάλιν
704 637 1019 709 ἀπέστρεψε
1071 640 1142 693 τὰ
1196 640 1289 693 τοῦ
1348 642 1707 712 πατριάρχου.
1772 639 1861 694 Ἐν

272 725 487 789 τούτοις
512 726 725 781 ἁπεϐίω
759 730 1084 800 Σωφρόνιος,
1132 730 1303 785 πολλὰ
1334 733 1473 786 κατὰ
1534 734 1859 802 ’Ἡρακλείου

274 820 373 873 καὶ
397 820 509 873 τῶν
546 821 865 891 ὀμοφρόνων
894 823 1059 877 αὑτοῦ
1098 825 1326 894 Σεργίου
1368 826 1460 880 καὶ
1501 826 1716 896 Πύρῤου
1753 828 1862 882 τῶν

275 904 667 981 Μονοθελητῶν
706 915 1142 983 ἀγωνισάμενος.
1174 916 1361 986 Τούτῳ
1393 919 1469 990 τῷ
1495 920 1604 973 ἔτει
1634 920 1862 975 ἀπολύει

274 1000 533 1071 υῦμαρος
575 1003 668 1057 τὸν
697 994 800 1058 Ίὰδ
825 1007 901 1070 εἰς
918 1006 1139 1078 Συρίαν,
1168 1007 1260 1063 καὶ
1289 1009 1519 1077 ύπέυλε
1545 1013 1723 1067 πᾶσαν
1750 1014 1861 1078 τοῖς

272 1091 349 1144 Σα
359 1094 644 1163 ρακηνοῖς.

347 1274 482 1343 Περὶ
509 1270 567 1327 δέ
591 1290 655 1343 γε
684 1276 782 1347 τῆς
826 1276 989 1344 ἁγίας
1017 1280 1123 1348 γῆς
1151 1280 1178 1332 6
1202 1280 1487 1345 Θεσπέσιος
1519 1284 1672 1353 ἔλεγε
1697 1286 1859 1341 Μωῦ-

270 1368 378 1436 σῆς
409 1370 547 1440 πρὸς
574 1371 667 1423 τὸν
706 1373 920 1444 Ἰσραήλ
940 1391 955 1406 ·
1000 1374 1133 1429 Ἰδοὺ
1163 1378 1366 1447 Κύριος
1395 1381 1422 1433 ό
1456 1379 1589 1445 Θεός
1626 1400 1720 1435 σου
1746 1387 1859 1437 εἰσ-

272 1460 399 1525 άξει
429 1480 489 1515 σε
517 1465 596 1527 είς
620 1465 946 1537 γῆνάγαθὴν
968 1468 1062 1522 καὶ
1085 1469 1309 1541 πολλὴν,
1327 1466 1395 1543 ἦς
1412 1473 1700 1545 χείμαρῤοι
1732 1476 1859 1531 ὑδά-

270 1566 385 1607 των
417 1558 511 1610 καὶ
536 1560 713 1628 πηγαὶ
750 1558 990 1613 ἀϐύσσου
1025 1564 1453 1635 ἐκπορευόμεναι
1491 1567 1577 1620 διὰ
1613 1569 1721 1621 τῶν
1764 1586 1860 1622 πε-

268 1644 468 1698 διάδων
494 1648 588 1700 καὶ
616 1648 722 1702 τῶν
750 1650 941 1719 ὀρέων.
986 1652 1061 1723 Γῆ
1101 1653 1273 1723 πυροῦ
1310 1656 1403 1708 καὶ
1427 1655 1642 1726 κριθῆς,
1676 1659 1857 1728 ἄμπε-

268 1736 353 1788 λοι
380 1738 474 1790 καὶ
500 1741 665 1791 συκαῖ
696 1739 792 1792 καὶ
824 1734 967 1810 ῥοιαὶ
993 1741 1089 1795 καὶ
1116 1745 1387 1811 φοίνικες·
1432 1747 1501 1817 γῆ
1539 1747 1721 1803 ἐλαίου
1764 1752 1859 1804 καὶ

272 1828 490 1895 μέλιτος
511 1846 524 1859 ·
565 1829 638 1901 γῆ
657 1832 742 1899 ἐφ’
782 1832 846 1902 ἢν
864 1834 924 1886 ού
955 1835 1092 1905 μετά
1112 1838 1385 1907 πτωχείας
1412 1840 1560 1911 φάγῃ
1587 1841 1677 1895 τὸν
1695 1843 1858 1915 ἄρτον

271 1940 403 1976 σου’
441 1923 516 1994 γῆ
543 1920 612 1998 ἧς
650 1928 700 1979 οί
734 1927 871 1981 λίθοι
902 1929 1145 2002 σίδηρος,
1176 1934 1271 1985 καὶ
1299 1934 1362 1986 ἐκ
1393 1934 1501 1987 τῶν
1541 1935 1713 2005 ὀρέων
1762 1940 1859 1992 αὑ-

279 2016 381 2083 τῆς
409 2017 791 2085 μεταλλεύσεις
826 2021 1051 2091 χαλκόν·
1094 2025 1165 2095 γῆ
1203 2026 1399 2096 ῥέουσα
1432 2026 1515 2099 [Ρ.
1560 2029 1681 2103 ι27]
1718 2033 1858 2101 γάλα

266 2110 369 2162 καὶ
402 2110 525 2181 μέλι
554 2127 567 2140 ·
604 2113 675 2184 γῆ
712 2115 777 2185 ἣν
798 2114 1004 2186 Κύριος
1032 2118 1060 2169 6
1089 2118 1219 2182 Θεός
1262 2138 1354 2174 σου
1390 2123 1700 2191 ἐπισκοπεῖ,
1736 2128 1857 2199 ἥτις

273 2202 624 2275 εὐλογημένη
668 2206 785 2259 ἐστὶ
811 2208 908 2260 καὶ
961 2212 1313 2284 καρποφόρος
1360 2214 1498 2287 ὑπὲρ
1554 2220 1734 2272 πᾶσαν
1758 2220 1858 2292 τὴν

269 2298 398 2367 γῆν,
437 2298 534 2351 καὶ
562 2297 640 2369 τῷ
694 2301 1010 2374 παραδείσῳ
1052 2304 1147 2358 τοῦ
1193 2307 1329 2361 Θεοῦ
1388 2313 1855 2384 παρεικαζομένη.

271 2389 702 2463 Προσμαρτυρεῖ
726 2393 781 2446 δὲ
816 2395 1029 2460 τούτοις
1076 2399 1170 2452 καὶ
1196 2400 1223 2453 6
1273 2402 1585 2471 σοφώτατος
1613 2408 1859 2479 Ἀριστοο

192 2529 199 2537 _
268 2484 434 2553 τέλης
463 2485 661 2554 λέγων·
680 2489 790 2541 Καὶ
820 2489 930 2561 γὰρ
960 2487 1389 2565 πολυάνθρωπδς
1423 2498 1575 2553 ἐστιν
1602 2501 1632 2571 ἡ
1662 2504 1730 2573 γῆ
1756 2502 1859 2572 τῆς

270 2576 629 2645 ἐπαγγελίας,
657 2581 751 2633 καὶ
781 2583 1054 2647 παντοίοις
1084 2589 1320 2657 καρποῖς
1339 2589 1661 2660 εὐθηνοῦσα,
1682 2594 1859 2664 ἀμπέ-

266 2670 380 2724 λων
408 2680 469 2725 τε
488 2674 583 2725 καὶ
611 2676 931 2745 ἀκροδρύων
971 2678 1065 2732 καὶ
1096 2681 1353 2749 φοινίκων
1381 2685 1585 2755 πλῆθος
1604 2687 1853 2755 ἄπλετον,

271 2756 373 2816 καὶ
426 2758 598 2836 κτῆνη
656 2768 954 2835 πάμπολλα
1002 2776 1095 2825 καὶ
1151 2773 1401 2844 διάφορα,
1429 2778 1521 2831 καὶ
1575 2779 1855 2854 δαψιλὴςή

268 2853 479 2945 τούτων
524 2856 663 2927 νομὴ
713 2858 780 2910 δι’
831 2860 953 2913 ὅλου
1000 2862 1094 2916 τοῦ
1142 2865 1338 2934 χρόνου
1372 2867 1585 2935 γίνεται
1624 2872 1712 2926 διὰ
1754 2853 1856 2945 τὴν

268 2944 477 3015 ’πολλὴν
512 2948 810 3018 εὐκρασίαν
848 2950 952 3020 τῆς
981 2953 1083 3023 γῆς
1131 2957 1227 3009 καὶ
1281 2958 1550 3029 πιότητα⁸
1618 2962 1753 3018 πολὺ
1798 2964 1855 3019 δὲ

272 3034 479 3105 πλῆθος
512 3031 609 3091 καὶ
646 3038 755 3091 τῶν
801 3041 1114 3113 ἀρωμάτων
1172 3046 1266 3099 καὶ
1324 3047 1488 3103 λίθων
1544 3050 1853 3109 πολυτελῶν

272 3128 369 3179 καὶ
426 3128 631 3215 χρυσοῦ
697 3132 1214 3205 παρακομιζομένου
1267 3139 1355 3193 διὰ
1415 3143 1525 3196 τῶν
1582 3143 1850 3215 Ἀράϐων.

1964 646 2198 700 duerct:
2253 664 2440 702 verum
2494 648 2541 703 is
2602 648 2805 703 renuit.
2862 645 2964 700 Vix
3001 645 3220 700 tandem
3255 656 3545 708 assensus,

1966 738 2093 792 lotis
2125 741 2240 793 suis
2301 740 2565 802 vestibus,
2619 740 2944 810 patriarcha}
2996 752 3121 792 suas
3180 734 3442 791 reddidit.
3470 731 3544 788 Ea

1965 836 2293 898 tempestate
2329 812 2469 885 diem
2518 847 2676 885 suum
2708 831 2846 885 obiit
2892 828 3261 899 Supltronius,
3295 843 3419 881 cum
3452 826 3545 881 ditt

1965 922 2305 991 multumque
2338 923 2602 978 adversus
2659 924 2996 985 lleraclium,
3037 929 3092 973 ct
3149 935 3271 976 eum
3312 935 3377 974 eo
3423 934 3550 973 seu-

1964 1017 2161 1069 tienles
2193 1014 2442 1079 Sergium
2485 1032 2549 1070 ac
2593 1015 2863 1088 Pyrrhum
2919 1013 3321 1069 monotlreletas
3355 1010 3548 1067 decer-

1964 1116 2157 1163 tassct.
2196 1106 2307 1161 lloc
2351 1123 2494 1161 anno
2528 1107 2764 1165 Uttiurus
2792 1105 2987 1161 Jadum
3012 1106 3064 1161 iu
3100 1105 3314 1177 Syriam
3358 1102 3546 1163 mittit,

1965 1205 2247 1268 totamque
2275 1200 2328 1253 in
2368 1199 2799 1254 Sarracenorum
2837 1206 3159 1267 potestatem
3188 1197 3404 1267 redig't.

2034 1289 2197 1361 747
2254 1292 2520 1345 Caeterum
2570 1290 2637 1345 de
2684 1302 2827 1343 terra
2876 1295 3066 1344 sancta
3118 1286 3295 1341 Moses
3344 1287 3417 1340 ita
3475 1286 3550 1338 ls-

1964 1384 2172 1439 raelitis
2201 1394 2286 1440 est
2319 1386 2652 1440 vaticinatus
2691 1402 2702 1437 :
2753 1385 2892 1439 Ecce
2929 1382 3196 1437 Dominus
3232 1380 3373 1436 Deus
3416 1388 3546 1434 tuus

1964 1478 2277 1533 iutroducet
2342 1486 2397 1533 te
2464 1480 2517 1533 in
2577 1477 2855 1548 regionem
2907 1482 3109 1532 bonam
3166 1482 3221 1530 et
3270 1474 3544 1544 amplam.

1962 1570 2124 1639 cujus
2171 1586 2327 1639 aqua:
2373 1576 2647 1624 torrentes
2697 1577 2750 1623 et
2793 1567 2969 1623 fontes
3018 1567 3197 1638 abyssi
3252 1572 3544 1646 exeuntes

1963 1664 2300 1733 planitielius
2324 1674 2380 1718 et
2416 1658 2695 1717 montibus
2727 1680 2739 1715 :
2796 1668 2999 1714 terram
3044 1660 3231 1715 tritico
3256 1668 3311 1714 et
3338 1659 3546 1714 hordeo

1962 1756 2355 1820 abundantem,
2399 1755 2623 1821 vitibus,
2662 1754 2899 1819 ﬁcubus,
2949 1754 3109 1808 malis
3163 1751 3396 1823 punicis,
3428 1753 3546 1822 pal-

1963 1848 2110 1904 mis:
2150 1856 2354 1903 terram
2416 1848 2539 1903 oleo
2595 1856 2649 1903 et
2712 1848 2869 1902 melle
2922 1844 3261 1910 amuen‘tem,
3323 1842 3376 1896 in
3437 1858 3545 1908 qua

1964 1956 2103 2012 pane
2142 1949 2236 1998 tuo
2272 1940 2485 2012 absque
2507 1940 2734 2010 penuria
2769 1940 3014 1996 vescaris
3044 1957 3057 1992 :
3091 1946 3291 1992 terram
3326 1935 3412 1990 cui
3447 1950 3546 2004 pro

1960 2033 2237 2103 lapidibus
2291 2041 2375 2090 est
2429 2033 2662 2095 ferrum,
2723 2038 2777 2086 et
2819 2030 2980 2098 cujus
3023 2046 3086 2084 ex
3140 2031 3416 2084 montibus
3470 2044 3544 2082 ms

1959 2124 2187 2181 ell'odias
2224 2143 2236 2179 :
2270 2135 2469 2180 terram
2518 2126 2657 2179 lacte
2687 2131 2741 2177 et
2767 2122 2925 2178 melle
2951 2131 3259 2176 manantem
3289 2141 3301 2176 :
3339 2131 3541 2176 terram

1958 2231 2123 2289 quam
2152 2212 2421 2271 Dominus
2454 2214 2598 2270 Deus
2649 2224 2777 2269 tuus
2828 2225 3106 2284 procurat,
3159 2215 3246 2268 cui
3276 2213 3542 2268 divinitus

1959 2308 2296 2382 prosperitas
2349 2314 2434 2363 est
2485 2308 2706 2370 collata,
2742 2312 2799 2360 ut
2829 2305 3115 2361 fertilitate
3169 2321 3363 2360 omnes
3405 2306 3541 2361 alias

1960 2412 2138 2457 terras
2171 2407 2416 2470 superet,
2457 2414 2521 2454 ac
2546 2394 2812 2471 paradiso
2861 2394 3060 2452 Dei-sit
3093 2398 3377 2453 assimilis.
3415 2394 3538 2452 Suf-

1960 2492 2206 2564 fragatur
2257 2489 2344 2546 liis
2393 2490 2557 2544 etiam
2596 2490 3047 2559 sapientissimus
3086 2488 3410 2544 Aristoteles
3457 2488 3542 2543 liis

1958 2583 2144 2639 verbis
2179 2601 2192 2638 :
2225 2580 2362 2637 Nam
2420 2592 2564 2637 terra
2618 2581 3009 2651 promissionis
3067 2590 3122 2637 et
3176 2582 3454 2637 hominum
3489 2590 3542 2637 rt

1957 2676 2202 2732 omnium
2280 2674 2497 2745 frugum
2573 2674 2727 2742 capia
2800 2672 3062 2727 abundat.
3132 2671 3402 2729 lmmcusa
3467 2672 3541 2727 ibi

1958 2768 2252 2824 multitudo
2286 2767 2506 2831 vitium,
2571 2766 2853 2837 glandium
2908 2772 2962 2819 et
3016 2764 3371 2835 palmarum:
3427 2771 3539 2818 tum

1958 2861 2139 2916 omnis
2167 2862 2384 2931 generis
2412 2874 2604 2931 pecus,
2627 2859 2885 2930 omnique
2908 2859 3035 2913 anni
3063 2867 3310 2927 tempore
3338 2873 3539 2928 pascua

1957 2954 2026 3010 iis
2077 2952 2294 3009 abunde
2350 2951 2780 3022 suppeditantia,
2820 2961 3041 3022 propter
3104 2952 3369 3022 Optimam
3435 2951 3539 3005 δοιὶ

1957 3047 2276 3118 temperiem
2331 3054 2496 3115 atque
2535 3042 2921 3114 pinguedinem
2956 3061 2969 3097 :
3018 3056 3214 3113 magna
3263 3042 3429 3098 etiam
3465 3041 3539 3095 ibi

1956 3138 2254 3195 multitudo
2287 3145 2619 3202 aromatum,
2643 3136 2880 3208 lapidum
2912 3136 3276 3207 pretiosorum
3311 3136 3540 3206 aurique

281 3215 559 3283 Ὡσαύτως
574 3214 667 3272 οῦν
692 3223 788 3274 καὶ
826 3222 1091 3295 Ἰώσηπος
1118 3227 1243 3299 ἐφη·
1266 3232 1564 3305 Πάμφορος
1593 3214 1703 3308 γάρ
1718 3236 1854 3295 οὖσα

1955 3246 2020 3286 ex
2050 3229 2251 3284 Arabia
2298 3230 2737 3297 importatorum.
2772 3227 2832 3281 In
2866 3226 3012 3282 hunc
3056 3226 3277 3282 modum
3308 3234 3362 3281 et
3388 3224 3542 3281 lose-

267 3307 335 3360 δι’
372 3308 642 3380 εὔκρατον
674 3311 810 3383 ἀέρα
842 3316 937 3368 καὶ
959 3317 1161 3389 πολλὴν
1192 3322 1424 3394 πιότητα
1447 3307 1715 3397 χειμῶνός
1736 3330 1855 3405 ὥρᾳ

270 3402 498 3471 ἐκφέρει
517 3404 695 3472 κάρυα
718 3406 810 3458 καὶ
828 3408 885 3460 ἐν
898 3410 1145 3480 καύματι
1186 3414 1458 3484 φοίνικας,
1480 3420 1579 3473 καὶ
1598 3402 1853 3478 πλεῖστον

271 3498 517 3566 γεωργεῖ
555 3495 753 3551 ἔλαιον.
807 3498 915 3552 Καὶ
948 3503 1225 3577 σταφυλὴν
1270 3508 1371 3578 μέν
1418 3494 1513 3565 καὶ
1573 3514 1717 3570 σῦκα
1766 3516 1854 3573 διὰ

274 3585 463 3653 μηνῶν
509 3585 641 3641 δέκα
690 3588 963 3645 ἐσθίουσιν
1016 3593 1066 3646 οἱ
1107 3596 1305 3659 ἐκεῖσε,
1350 3601 1476 3665 τοὺς
1524 3603 1582 3657 δὲ
1635 3605 1854 3674 λοιποὺς

271 3679 523 3769 καρποὺς
557 3680 636 3744 δὶς
669 3681 764 3735 τοῦ
819 3687 1066 3739 ἐνιαυτοῦ
1124 3689 1389 3759 τρυγῶσι.
1420 3695 1493 3749 Τὸ
1530 3696 1585 3750 δέ
1622 3698 1855 3769 μέγεθος

269 3768 379 3865 τῶν
442 3769 687 3865 βοτρύων
736 3774 837 3845 τῆς
884 3778 1163 3851 σταφυλῆς
1208 3783 1425 3855 ἐκείνης
1483 3768 1751 3859 ἐδήλωσεν
1820 3794 1853 3865 ἡ

270 3860 465 3931 Γραφὴ
497 3861 730 3931 λέγουσα
771 3868 899 3938 περὶ
930 3870 1038 3923 τῶν
1055 3876 1426 3931 κατασκόπων
1456 3869 1533 3935 ὧν
1565 3860 1853 3941 ἀπέστειλε

270 3949 537 4021 Μωῦσῆς,
564 3954 647 4006 ὅτι
681 3951 843 4027 ἦλθον
870 3957 975 4023 ἕως
1028 3966 1314 4034 φάραγγος
1342 3967 1588 4040 βότρυος,
1632 3976 1727 4028 καὶ
1764 3978 1855 4031 κό-

267 4040 733 4138 ιξαντεςᾉέκείθεν
770 4050 952 4122 κλῆμα
982 4052 1079 4108 καὶ
1143 4055 1339 4128 βότρυν
1392 4063 1672 4136 σταφυλῆς
1730 4068 1850 4138 ἕνα,

266 4124 713 4231 ἦραν-αὐτὸνέτῖ
745 4124 1250 4215 ἁναφορεῦσινίέν
1272 4149 1415 4222 ξύλῳ
1452 4124 1560 4228 γάρ
1608 4124 1856 4231 ἐσχημαί

266 4227 512 4320 τισμένῳ
560 4229 806 4300 πλαγίως
835 4236 999 4305 μέσον
1030 4242 1388 4309 κρεμασθεὶς,
1422 4246 1516 4299 καὶ
1549 4249 1638 4301 ἐπ’
1689 4227 1854 4321 ὤμων

266 4318 361 4412 δύο
385 4321 603 4392 ἀνδρῶν
640 4325 1069 4399 βασταζόμενος,
1115 4335 1280 4388 πᾶσιν
1329 4336 1518 4407 ἐδήλου
1567 4340 1663 4412 τῆς
1694 4318 1854 4412 ἁγίας

266 4411 373 4504 γῆς
405 4414 625 4483 ἐκείνης
653 4415 753 4486 τὴν
791 4417 1122 4490 εὐκαρπίαν.
1177 4424 1255 4477 Δι’
1304 4421 1373 4498 ἧς
1441 4411 1783 4504 Ἀλέξανδρος
1824 4436 1854 4488 6

269 4502 445 4572 μέγας
472 4504 953 4579 διαπορευόμενος,
984 4515 1080 4568 καὶ
1120 4514 1250 4580 ξύλα
1296 4523 1640 4594 καρποφόρα,
1686 4502 1742 4579 ἐν
1771 4522 1853 4593 οἷς

266 4596 363 4649 καὶ
388 4596 635 4688 πήγανον
681 4600 1021 4672 θεασάμενος
1062 4605 1121 4658 τὺ
1172 4607 1304 4678 ὕψος
1365 4613 1460 4665 καὶ
1506 4613 1707 4679 πλάτος
1752 4594 1927 4688 trp-ID

264 4687 708 4780 άμιλλονλσυκῆς,
727 4690 1003 4763 ἐθαύμασε
1028 4697 1233 4769 σφόδρα
1256 4700 1356 4770 τῆς
1374 4702 1478 4773 γῆς
1506 4705 1721 4775 ἐκείνης
1747 4687 1846 4780 τὴν

263 4778 579 4849 εὐκαρπίαν
610 4796 667 4833 τε
703 4784 798 4836 κα)⁵
835 4785 1088 4856 πιότητα.
1134 4787 1294 4845 Ἀλλὰ
1330 4792 1436 4865 μὴν
1482 4796 1578 4848 καὶ
1613 4778 1847 4853 ὀποϐάλ-

266 4882 443 4936 σαμον
484 4873 724 4940 γεωργεῖ
762 4873 1035 4945 πλεῖστον,
1081 4880 1174 4933 καὶ
1230 4881 1395 4952 ἕτερα
1436 4886 1607 4940 πολλὰ
1646 4889 1847 4943 δυσπό-

265 4977 426 5026 ριστα
474 4964 563 5015 καὶ
594 4963 906 5034 ἀνθρώποις
945 4969 1244 5040 ἐπέραστα.
1287 4974 1600 5031 Κάντεῦθεν
1642 4981 1843 5048 τοίνυν,

259 5051 336 5114 ὠς
386 5051 666 5123 ἐξαίρετον
713 5057 808 5109 καὶ
858 5058 1221 5131 διαφέρουσαν
1270 5066 1619 5139 ἀσυγκρίτως
1670 5073 1849 5143 πάσης

259 5143 361 5213 τῆς
388 5144 509 5214 γῆς,
548 5146 775 5212 είκότως
802 5145 1003 5205 ἔδωκεν
1033 5153 1203 5226 αὐτὴν
1237 5154 1267 5207 6
1319 5156 1455 5221 Θεὸς
1498 5160 1576 5231 τῷ
1624 5163 1846 5234 ὴγαπη·

264 5235 412 5305 μένῳ
451 5236 546 5288 καὶ
586 5240 918 5312 πρωτοτόκῳ
951 5243 1052 5313 υίῷ
1076 5245 1246 5299 αὐτοῦ
1280 5248 1362 5311 είς
1393 5249 1760 5322 κληρονομίαν
1788 5271 1848 5307 τε

259 5328 359 5380 καὶ
387 5328 708 5385 ἀπόλαυσιν.
733 5331 1011 5403 Εξσήγαγε
1068 5338 1178 5408 γὰρ
1242 5341 1459 5406 αὐτοὺς,
1531 5346 1719 5413 φησὶν,
1767 5348 1846 5410 είς

259 5421 387 5490 ὅρος
442 5422 784 5510 ἀγιάσματος
838 5428 1026 5489 αὐτοῦ,
1087 5431 1213 5501 ὅρος
1260 5435 1415 5488 τοῦτο
1447 5435 1474 5488 ὃ
1508 5438 1763 5493 ὲκτίσατο
1808 5443 1840 5510 ὴ

257 5512 412 5577 δεξιὰ
451 5508 637 5569 αὑτοῦ.
682 5518 981 5589 Τοιγαροῦν
1016 5524 1074 5573 ἐν
1124 5527 1188 5595 τῇ
1230 5527 1360 5598 ἁγίᾳ
1391 5528 1565 5603 ταύτῃ
1598 5536 1693 5584 καὶ
1740 5508 1841 5602 μαέ

260 5604 434 5671 κειρίᾳ
471 5608 540 5675 γῇ
576 5609 668 5660 καὶ
701 5610 879 5681 ἀγαθῇ
911 5612 1010 5683 τῆς
1039 5615 1373 5684 ἐπαγγελίας
1396 5619 1718 5691 πολυμερῶς
1747 5626 1843 5678 καὶ

260 5695 621 5765 πολυτρόπως
678 5702 847 5756 πάλαι
883 5706 911 5757 6
960 5705 1092 5772 Θεδς
1158 5709 1330 5778 Λόγος
1357 5716 1469 5777 τοῖς
1536 5717 1842 5787 προφήταις

335 5868 378 5898 ¹’⁶
403 5867 536 5923 l’sal.
583 5885 790 5937 Lutn,
825 5874 908 5931 56.

1959 3323 2103 3394 phus
2153 3322 2276 3376 ait:
2331 3321 2753 3377 Fecundissima
2802 3320 2945 3375 enim
2990 3334 3113 3375 cum
3159 3319 3231 3375 sit
3282 3334 3344 3375 ea
3371 3318 3539 3391 regie,

1958 3414 2029 3471 ob
2058 3428 2239 3470 aerem
2270 3414 2407 3469 bene
2442 3421 2833 3484 temperatum,
2861 3427 2926 3468 ac
2966 3412 3196 3466 multam
3249 3411 3543 3482 pinguedi-

1957 3522 2107 3573 nem,
2150 3506 2331 3561 bieme
2380 3521 2549 3561 nuces
2581 3505 2813 3577 profert,
2847 3513 2984 3561 aestu
3022 3504 3294 3575 dactylos,
3334 3513 3388 3559 et
3423 3505 3543 3575 plu-

1954 3603 2151 3658 rimum
2186 3601 2258 3655 ibi
2289 3600 2394 3655 olei
2428 3600 2648 3655 colitur.
2685 3599 2790 3666 Qui
2840 3597 2914 3653 ibi
2952 3598 3160 3661 vivunt,
3188 3597 3379 3653 decem
3414 3598 3545 3651 inte-

1947 3709 2082 3766 ,ει-οε
2117 3708 2339 3750 menses
2378 3695 2499 3751 uvis
2543 3708 2606 3747 ac
2648 3692 2863 3749 ﬁeubus
2900 3698 3201 3748 vescuntur
3234 3707 3249 3745 :
3300 3689 3539 3759 reliqua-

1958 3800 2081 3841 rum
2114 3784 2331 3857 frugum
2366 3793 2482 3841 toto
2521 3800 2666 3841 anno
2698 3793 2782 3841 est
2824 3785 3147 3839 collectura.
3178 3782 3299 3838 Jam
3330 3783 3544 3853 magni-

1954 3878 2203 3934 tudinem
2238 3879 2524 3933 botrorum
2565 3879 2695 3934 vitis
2737 3880 2898 3933 istius
2936 3877 3218 3948 Scriptura
3269 3876 3538 3941 indicans,

1956 3969 2026 4027 de
2072 3988 2100 4024 a
2144 3970 2293 4027 Mose
2345 3974 2534 4031 missis
2588 3970 2753 4044 748
2803 3971 3149 4042 exploratum
3211 3978 3398 4035 narrat
3447 3985 3543 4024 eos

1959 4078 2131 4133 usque
2163 4063 2229 4117 ad
2260 4064 2455 4119 vallem
2488 4078 2718 4118 uvarum
2750 4062 3092 4131 pervenisse,
3130 4060 3317 4130 ibique
3348 4060 3542 4131 palmi-

1957 4164 2063 4212 tem
2091 4172 2215 4212 cum
2249 4157 2411 4213 unica
2442 4173 2543 4212 uva
2576 4166 2848 4212 resectum
2882 4157 3020 4211 vecti
3067 4156 3386 4227 impositum
3420 4170 3543 4225 por-

1954 4255 2144 4304 tasse:
2180 4249 2383 4320 quippe
2424 4250 2492 4304 de
2523 4250 2670 4320 ligno
2716 4249 2948 4320 ﬁgurato
2991 4247 3202 4304 medius
3235 4262 3539 4318 suspensus

1957 4338 2047 4394 ille
2099 4355 2373 4407 racemus,
2416 4356 2480 4397 ac
2533 4344 2767 4397 duorum
2802 4343 3046 4397 virorum
3079 4341 3326 4399 humeris
3355 4350 3541 4414 gesta-

1955 4437 2067 4497 tus,
2101 4431 2412 4487 ubertatem
2436 4447 2609 4489 sacrae
2640 4435 2801 4489 istius
2832 4442 2998 4490 terra
3025 4434 3283 4493 omnibus
3310 4436 3535 4491 demon-

1956 4521 2171 4576 stravit.
2203 4524 2311 4577 Pcr
2339 4523 2477 4578 hanc
2507 4525 2611 4578 iter
2666 4525 2873 4580 l'aciens
2917 4525 3247 4591 Alexander,
3282 4527 3539 4583 arbores.

1956 4630 2063 4685 que
2126 4615 2319 4671 videns
2378 4615 2712 4687 frugiferas,
2771 4627 2936 4688 atque
2992 4619 3136 4674 inter
3197 4621 3304 4677 alia
3356 4630 3537 4676 rutam

1954 4705 2243 4760 altitudine
2266 4720 2331 4759 ac
2357 4707 2715 4774 amplitudine
2746 4708 2870 4761 (icui
2889 4710 3162 4777 annulam,
3189 4710 3540 4766 vehementer

1955 4798 2057 4852 soli
2126 4796 2276 4851 illius
2336 4794 2680 4851 fertilitatem
2751 4806 2917 4868 atque
2991 4799 3380 4871 pinguedinem
3453 4811 3539 4858 est

1954 4888 2280 4941 admiratus.
2321 4887 2591 4943 Praeterea
2629 4890 2898 4959 plurimus
2928 4892 3001 4946 ibi
3061 4894 3395 4963 opobalsami
3451 4904 3537 4953 est

1958 4992 2024 5031 ex
2059 4976 2277 5031 cultura
2308 4987 2634 5047 proventus,
2676 4982 3020 5052 aliorumque
3069 4985 3366 5041 multorum
3416 5004 3537 5060 qua

1954 5080 2147 5139 paratu
2178 5070 2440 5137 dillicilia,
2485 5073 2802 5128 hominibus
2839 5084 2970 5130 sunt
2999 5077 3349 5134 charissima.
3384 5081 3537 5137 Hanc

1954 5162 2139 5230 itaque
2198 5172 2429 5228 terram,
2488 5173 2547 5219 ut
2593 5166 2850 5220 eximiam
2904 5179 2955 5222 et
2991 5168 3079 5222 eui
3111 5170 3350 5225 conferri
3387 5173 3535 5227 nulla

1951 5251 2059 5306 alia
2087 5264 2384 5316 mereatur,
2418 5256 2813 5309 convenienter
2838 5255 2981 5312 Deus
3008 5259 3209 5313 dilecto
3240 5275 3341 5315 suo
3374 5270 3537 5331 atque

1950 5346 2315 5416 primogenito
2382 5348 2490 5401 ﬁlio
2558 5348 2891 5403 bazreditatis
2963 5351 3081 5405 loco
3144 5354 3532 5422 possidendam
3609 5358 3611 5361 ’

1951 5434 2348 5506 l'rucndamque
2395 5438 2564 5493 dedit.
2622 5440 2931 5494 lntr'oduxit
2984 5442 3130 5496 enim
3187 5459 3304 5509 eos,
3354 5446 3534 5514 inquit

1954 5528 2261 5599 Scriptura,
2334 5532 2385 5584 iu
2445 5548 2569 5587 eum
2622 5544 2861 5587 montem
2912 5550 3073 5605 quem
3128 5537 3312 5591 dextra
3358 5536 3539 5605 ipsius

1951 5622 2273 5675 condiderat
2304 5621 2370 5675 “.
2403 5623 2594 5694 itaque
2621 5638 2753 5693 ergo
2783 5625 2836 5678 in
2883 5635 3073 5680 sancta
3118 5628 3222 5682 hac
3264 5637 3319 5683 et
3373 5628 3527 5683 beata

1952 5714 2205 5784 bonaque
2233 5721 2377 5771 terra
2406 5714 2795 5781 promissionis
2840 5717 3197 5772 multifariam
3251 5734 3315 5775 ac
3362 5721 3531 5776 variis
