4226 6444
756 414 862 480 823
2015 416 2337 478 GEORGII
2376 419 2713 482 CEDRENI
3912 423 4021 487 82$

754 528 900 590 regia
936 526 1261 596 supellectili
1291 528 1354 580 ml
1390 527 1649 582 Umarum
1690 527 2059 583 abduxerunt.
2084 527 2161 581 Eo
2205 528 2309 599 ipsc

2430 529 2647 598 φεύγει.
2720 533 2783 585 Οί
2834 532 2891 586 δέ
2962 534 3274 605 Σειρακηνολ⁵
3328 534 3714 606 αἰχμαλώτους
3772 538 3873 603 τάς
3922 540 4018 593 τοῦ

753 624 999 690 tempore
1026 620 1257 676 Umarus
1272 635 1496 675 censqu
1522 622 1632 690 egit
1664 635 1759 691 per
1780 636 1974 677 omnes
2006 634 2137 676 suas
2156 610 2309 675 ditio-

2434 610 2674 693 Xospo'ou
2728 626 3034 694 θυγατέρας
3090 624 3183 698 [Ρ.
3236 626 3381 698 450]
3438 626 3556 695 ἃμα
3614 630 3682 699 τῇ
3756 628 4018 702 βασιλικῇ

755 730 873 770 nos.
896 713 1202 778 hominum,
1233 713 1447 781 pecoris
1470 720 1522 768 et
1553 714 1828 783 stirpium.
2216 706 2223 715 ’

2430 715 2710 786 ἀποσκευῇ
2742 715 2934 785 ἄγουσι
2962 717 3096 787 πρὸς
3122 716 3398 787 Οὗμαρον.
3423 717 3514 788 Τῷ
3563 720 3593 772 δ
3611 718 3626 739 ⁹
3648 720 3796 789 αὐτῷ
3836 717 4019 793 χρόνῖρ

752 809 893 859 ποιεί
924 808 1241 876 ἀναγραφὴν
1292 807 1543 878 Οὖμαρος
1583 810 1760 876 πάσης
1788 811 1886 879 τῆς
1917 809 2006 863 ὑπ’
2052 807 2211 863 αὑτὸν
2248 807 2595 877 οἰκουμένης,
2659 811 2767 863 τῶν
2820 828 2877 863 τε
2929 810 3235 880 ἀνθρτιπων
3283 813 3378 865 καὶ
3401 812 3613 882 κτηνῶν
3666 814 3761 868 καὶ
3801 814 4014 884 φυτῶν.

821 900 978 952 Anno
1026 900 1086 953 51
1144 900 1451 963 IIeraclius,
1525 900 1613 954 die
1650 900 1708 954 II
1765 900 1939 955 Martii
1982 917 2043 955 ex
2083 903 2309 973 hydropt

2506 901 2596 972 Τῷ
2628 902 2710 955 λα’
2742 901 2854 977 ἐτει
2878 902 3105 974 τελευτᾷ
3147 904 3469 973 Ἡράκλειος
3494 903 3747 971 βασιλεὺς
3797 907 4021 977 ὑδεριά-

752 999 1013 1055 moritnr,
1045 1008 1167 1048 cum
1204 994 1530 1061 imperasset
1554 1008 1726 1047 annos
1752 994 1841 1056 50,
1862 1008 2079 1050 menses
2105 995 2192 1048 l0.
2222 995 2309 1049 Hic

2436 1011 2554 1056 σας.
2595 994 2726 1063 μηνὶ
2775 975 3006 1064 Μαρτίῳ
3065 1000 3154 1060 ια’,
3209 995 3539 1065 βασιλεύσας
3591 999 3685 1069 ἐτη
3729 997 3794 1064 λ’,
3835 975 4017 1068 μῆνας

750 1085 818 1136 ah
846 1086 1150 1139 Athanasio
1184 1082 1575 1148 Jac-obiturum
1626 1094 1680 1138 et
1740 1084 1930 1155 Sergio
1970 1086 2108 1157 Syro
2135 1085 2309 1156 Cpolis

2433 1082 2483 1137 t'.
2535 1078 2703 1148 Οὗτος
2730 1086 2835 1139 ὑπὸ
2878 1084 3207 1165 Ἀθανασίὸυι
3256 1089 3597 1158 πατριάρχου
3644 1089 3754 1143 τῶν
3826 1091 4015 1143 Ἰακω-

749 1174 1077 1241 patriarchis
1107 1174 1391 1238 seductus,
1424 1176 1487 1227 all
1540 1175 1789 1231 haeresim
1828 1176 2309 1232 Monotheletarum

2428 1174 2595 1228 ὄιτῶν
2628 1176 2721 1229 καὶ
2747 1176 2974 1247 Σεργίου
3003 1176 3099 1230 τοῦ
3148 1174 3324 1249 Σύρου
3372 1177 4014 1245 Κωνσταντινουπὸλεως

753 1268 1041 1323 devolutus
1076 1268 1197 1322 fuit.
1236 1268 1429 1324 Postea
1464 1269 1514 1323 in
1546 1285 1718 1338 aquae
1749 1270 2034 1326 intercutis
2066 1272 2317 1326 morbum

748 1357 1007 1427 delapsus
1036 1360 1123 1429 qui
1149 1368 1202 1415 et
1236 1362 1447 1415 necavit
1476 1378 1624 1425 eum,
1657 1370 1874 1419 atroces
1918 1378 2109 1434 poenas
2144 1365 2315 1420 dedit.

744 1452 1275 1507 Adeomimumlum
1339 1454 1593 1518 increvit,
1635 1464 1690 1509 ut
1750 1455 1939 1511 lotium
2006 1456 2317 1512 redditurus

745 1541 989 1596 inferiori
1022 1544 1193 1597 ventri
1230 1542 1466 1597 tabulam
1498 1545 1777 1615 imponere
1797 1546 2219 1617 opusltabuerit,
2252 1562 2317 1604 eo

743 1637 886 1704 quod
922 1644 1191 1689 veretrum
1242 1636 1417 1705 ipsius
1473 1639 1752 1692 inversum
1826 1639 2039 1694 urinam
2094 1656 2314 1696 sursum

2426 1267 2728 1338 ἀπατηθεὶς
2757 1271 2837 1333 είς
2877 1270 2975 1339 τὴν
2998 1271 3211 1341 αἵρεσιν
3238 1272 3348 1325 τῶν
3390 1268 3784 1330 Μονοθελητῶν
3827 1274 4017 1339 ἐξεκυο

2424 1358 2603 1429 λίσθη.
2637 1361 2729 1414 καὶ
2755 1360 2819 1431 δὴ
2850 1360 2985 1431 μετὰ
3021 1362 3194 1414 ταῦτα
3212 1362 3351 1431 νόσῳ
3382 1363 3699 1434 περιπεσὼν
3756 1364 4011 1437 ύδερικῇ,

2424 1449 2491 1503 δι’
2525 1445 2593 1522 ἧς
2624 1451 2717 1503 καὶ
2737 1451 2989 1523 τέθνηκε,
3030 1452 3217 1515 δεινῶς
3237 1455 3586 1523 ἐτιμωρεῖτο·
3611 1457 3705 1509 ἐπὶ
3751 1458 4016 1511 τοσοῦτον

2424 1538 2531 1607 γὰρ
2559 1539 2621 1591 τὸ
2655 1539 2827 1603 πάθος
2860 1543 3161 1612 ἐπεκτάθη,
3192 1543 3265 1607 ὼς
3296 1544 3460 1614 ἡνίκα
3495 1546 3756 1616 ἀπουρεῖν
3787 1546 4010 1617 ἔμελλε,

2425 1630 2613 1685 σανίδα
2636 1629 2879 1686 τίθεσθαι
2915 1634 3057 1688 κατὰ
3094 1634 3190 1688 τοῦ
3222 1636 3389 1707 ἤτρου
3422 1636 3511 1690 διὰ
3558 1637 3619 1691 τὸ
3677 1640 4013 1709 στρέφεσθαι

743 1728 1155 1783 versusfaciem
1211 1730 1509 1785 emitterit.
1575 1730 1691 1784 Hoc
1742 1744 1863 1786 erat
1922 1740 2306 1800 argumentum

2420 1722 2470 1776 τὸ
2508 1724 2704 1777 αἰδοῖον
2723 1725 2889 1779 αὑτοῦ
2920 1726 3014 1781 καὶ
3042 1728 3182 1781 κατὰ
3240 1728 3335 1781 τού
3391 1729 3694 1799 προσώπου
3741 1731 3803 1785 τὸ
3843 1729 4013 1804 οὖρον

741 1820 953 1888 ﬂagitii,
988 1818 1130 1890 qttttlI
1162 1821 1494 1891 perpetravit
1553 1823 1740 1891 juncta
1782 1824 1886 1879 sibi
1930 1825 2311 1882 iucestissimis

742 1913 947 1981 nuptiis
1000 1914 1326 1967 consobrina
1361 1928 1459 1967 sua
1516 1915 1764 1971 Martina.
1834 1915 2047 1986 Corpus
2101 1919 2221 1988 ejus
2258 1921 2310 1974 in

740 2020 919 2059 arcam
952 2008 1245 2077 repositum
1273 2026 1365 2077 pvr
1400 2011 1429 2064 ιί
1449 2008 1564 2063 dies
1585 2007 1742 2079 753
1771 2009 1890 2065 sine
1910 2010 2141 2079 tegmine
2160 2025 2312 2065 man-

740 2098 831 2151 sit.
877 2098 992 2154 Una
1056 2102 1263 2171 sepulta
1309 2113 1391 2158 est
1448 2104 1609 2157 etiam
1651 2112 1819 2158 aurea
1861 2117 2089 2172 corona,
2124 2104 2312 2176 sicque

739 2198 915 2248 tectus
936 2192 1053 2247 luit.

810 2345 935 2402 Post
982 2363 1103 2404 eum
1141 2347 1281 2405 (ilius
1332 2350 1506 2420 ipsius
1553 2349 1949 2408 Constantinus
2020 2354 2308 2425 imperium

737 2439 905 2507 gessit
938 2455 1031 2503 per
1067 2455 1283 2496 menses
1318 2442 1368 2496 4.
1424 2441 1665 2511 Corpore
1711 2442 1813 2498 fuit
1863 2443 2142 2515 languido,
2175 2460 2311 2515 quo-

739 2532 874 2586 tidie
925 2533 1315 2601 propemodum
1354 2541 1650 2603 aegrotans.
1694 2533 1744 2590 Is
1778 2550 1805 2588 a
1844 2536 2167 2605 quibusdam
2209 2538 2306 2592 ad-

738 2624 979 2680 monitus
1024 2639 1308 2687 coronam.
1365 2642 1472 2696 qua
1518 2644 1685 2696 regno
1719 2628 2079 2697 inauguratus
2113 2628 2308 2697 fuerat,

738 2729 861 2769 cmn
898 2725 1052 2780 patre
1104 2732 1225 2774 esse
1283 2720 1575 2788 sepultam,
1639 2720 1907 2775 Callinico
1965 2722 2309 2777 eubiculario

741 2805 965 2860 mandat
996 2807 1071 2860 uti
1109 2822 1226 2861 eam
1261 2808 1363 2863 sibi
1398 2808 1607 2864 aderat.
1642 2808 1769 2864 Abit
1817 2810 1928 2875 ille,
1969 2819 2023 2866 et
2055 2812 2311 2881 sepulcro

738 2899 954 2954 recluso
1006 2899 1239 2955 cadaver
1293 2898 1525 2955 IIeraclii
1575 2916 1728 2972 aqua:
1779 2905 1951 2957 instar
1977 2902 2307 2973 dissipatum

737 2992 972 3062 reperit,
1008 3007 1377 3062 coronamque
1420 2995 1580 3063 capiti
1642 2994 2127 3051 adhaerescentem.
2172 2997 2306 3052 Eam

2420 1816 2781 1887 ἀναπέμπειν.
2850 1819 3107 1890 Ἔλεγχος
3164 1820 3221 1874 δὲ
3281 1816 3349 1892 ἦν
3399 1820 3558 1875 τοῦτο
3624 1826 3723 1893 τῆς
3797 1824 4009 1881 ἐαυτοῦ

2420 1904 2763 1979 παρανομίας
2858 1910 3044 1965 ἕνεκεν
3106 1912 3202 1966 τοῦ
3278 1915 3358 1978 είς
3434 1914 3533 1982 τὴν
3576 1916 3711 1969 ίδίαν
3772 1918 4010 1987 ἀνεψιὰν

2418 2001 2701 2072 Μαρτίναν
2769 2004 3241 2073 παρανομωτάτου
3301 2006 3504 2077 γάμου.
3565 2007 3757 2080 Ἐτὲθη
3831 2010 3891 2062 δὲ
3946 2011 4010 2064 τὸ

2420 2080 2577 2163 σῶμα
2596 2094 2759 2147 αὑτοῦ
2789 2096 2847 2148 ἐν
2867 2094 3118 2166 λάρνακι,
3157 2099 3251 2151 καὶ
3273 2097 3490 2166 ἔμεινεν
3518 2095 3759 2164 ἀσκεπὲς
3785 2102 4008 2173 ἡμέρας

2416 2179 2479 2237 δ’.
2516 2183 2794 2255 Συνετάφη
2844 2185 2901 2239 δὲ
2958 2179 3108 2257 ἀύτῷ
3166 2187 3262 2241 καὶ
3324 2189 3549 2259 στέμμα
3608 2189 3846 2262 χρυσοῦν
3908 2194 4008 2247 καὶ

2416 2273 2589 2339 οὕτως
2634 2275 2965 2347 ἐσκεπάσθη.

2488 2366 2644 2418 Μετά
2694 2365 2881 2419 τοῦτον
2942 2366 3217 2436 βασιλεύει
3281 2369 3696 2431 Κωνσταντῖνος
3772 2373 3801 2424 ὁ
3883 2367 4009 2436 υίὸς

2418 2455 2583 2512 αὐτοῦ
2639 2459 2813 2530 μῆνας
2856 2460 2921 2513 δ’.
2974 2456 3084 2515 Ἦν
3150 2464 3207 2517 δέ
3252 2463 3485 2535 ἀσθενὴς
3544 2463 3607 2518 τὸ
3668 2466 4007 2535 σῶμα,καθ“

2420 2551 2679 2621 ἑκάστην,
2738 2551 2814 2615 ὡς
2872 2553 3065 2619 είπεῖν,
3112 2550 3559 2625 νοσηλευόμενος.
3611 2556 3801 2627 Τούτῳ
3854 2548 4010 2621 τινες

2423 2643 2696 2712 λέγουσιν,
2738 2646 2819 2699 ὅτι
2858 2646 2933 2700 Τὸ
2985 2647 3227 2719 στέμμα,
3271 2649 3329 2702 ἐν
3450 2647 3740 2720 ἐστέφθης,
3790 2652 3892 2704 σὺν
3927 2651 4009 2721 τῷ

2416 2736 2584 2808 πατρί
2624 2754 2717 2790 σου
2749 2738 2945 2810 ἐτάφη.
3000 2740 3113 2793 Καὶ
3149 2739 3409 2795 ἐκέλευσε
3441 2734 3754 2814 Καλλινίκῳ
3806 2744 4004 2798 x0061-

2417 2830 2690 2902 κουλαρίῳ
2717 2831 2942 2901 κομίσαι
2970 2834 3122 2888 αὐτό.
3181 2833 3457 2887 ’Δπελθὼν
3505 2829 3601 2887 οὖν
3637 2836 3732 2889 καὶ
3772 2836 4008 2902 ἀνοίξας

2418 2918 2545 2995 εὗρε
2569 2926 2628 2978 τὸ
2660 2922 2817 2996 σῶμα
2854 2925 3101 2981 διαλυθέν
3149 2927 3282 2979 ὡσεὶ
3325 2926 3490 2998 ὕδωρ,
3549 2929 3610 2983 τδ
3664 2927 3721 2982 δὲ
3774 2923 4006 3000 στέμμᾶ

2420 3020 2706 3089 συμπαγέν
2737 3022 2801 3090 τῇ
2853 3020 3085 3091 κεφαλῇ.
3141 3019 3253 3073 Καὶ
3292 3021 3598 3075 ἀνέσπασεν
3631 3022 3763 3075 αὐτὸ
3808 3024 3908 3076 σὺν
3932 3024 4005 3092 τῇ

735 3099 859 3138 cum
890 3085 1135 3141 crinibus
1168 3087 1378 3141 revellit
1409 3097 1638 3143 maestus
1681 3096 1844 3157 atque
1878 3089 2208 3154 lamentans,
2250 3098 2304 3145 et

2420 3085 2579 3181 κόμῃ,
2609 3085 2821 3164 πενθῶν
2847 3085 2942 3165 καί
2982 3085 3328 3182 ὀδύρόμενος,
3377 3110 3473 3166 καὶ
3532 3113 3791 3183 ἀπήγαγε
3840 3085 4009 3168 τοῦτο

735 3177 1101 3231 Constantino
1130 3176 1305 3231 allert.
1347 3176 1397 3233 Is
1443 3180 1579 3234 solvi
1625 3194 1687 3234 ac
1722 3180 1985 3235 azstimari
2017 3181 2175 3249 jubet
2214 3195 2309 3237 co-

2420 3202 2491 3271 τῷ
2526 3201 2943 3272 Κωνσταντίνῳ.
2991 3202 3048 3256 Ὀ
3073 3202 3129 3255 δέ
3170 3203 3425 3256 ἐκέλευσε
3452 3203 3611 3257 τοῦτο
3660 3204 4004 3272 παραλυθῆ-

739 3284 950 3335 ronam,
1008 3278 1061 3325 et
1115 3271 1381 3326 aestimata
1418 3280 1502 3327 est
1542 3272 1694 3327 libris
1751 3274 2119 3344 septuaginta.
2162 3273 2311 3330 Con-

738 3365 1041 3418 smntinum
1078 3364 1224 3419 hunc
1262 3363 1491 3418 Martina
1522 3380 1758 3420 noverca
1787 3374 1838 3420 et
1866 3363 2110 3437 Pyrrhus
2138 3363 2311 3436 patri-

738 3456 902 3510 archa
939 3472 1144 3512 veneno
1172 3465 1540 3523 necaverunt,
1572 3458 1914 3529 cadaverque
1940 3457 2061 3527 ejus
2091 3461 2143 3511 in
2186 3463 2311 3513 lano

741 3549 1027 3602 lleatorum
1081 3549 1464 3617 Apostolorum
1523 3552 1823 3619 repositqu
1886 3559 1991 3607 est.
2072 3548 2309 3604 Uxorem

741 3643 927 3696 hahuit
954 3642 1324 3706 Anastasiam,
1363 3658 1484 3714 qum
1520 3653 1643 3714 post
1690 3652 1921 3700 mortem
1964 3646 2118 3714 juxta
2148 3643 2313 3699 mari-

737 3746 852 3789 lum
884 3744 967 3792 est
997 3737 1237 3791 condita.
1399 3800 1419 3808 μ

806 3827 1099 3896 Imperium
1131 3827 1326 3881 deinde
1360 3827 1694 3883 Heraclonas
1716 3842 1843 3882 cum
1872 3836 2047 3882 matre
2080 3824 2310 3881 Martina

737 3920 911 3975 tenuit
947 3934 1164 3975 menses
1210 3919 1263 3975 6.
1328 3918 1377 3975 Is
1428 3920 1491 3975 ad
1530 3910 1786 3990 templum
1820 3919 2037 3974 Sancta:
2092 3918 2311 3989 Sophia:

739 4011 964 4079 protulit
1014 4008 1295 4077 coronam,
1325 4026 1487 4081 quam
1519 4008 1913 4065 Constantinus
1954 4026 2019 4066 ex
2056 4016 2311 4080 sepulcro

737 4105 911 4180 patris
964 4093 1283 4158 abstulerat.
1358 4102 1617 4173 Legatum
1687 4116 1903 4173 quoque
1965 4101 2309 4158 Constantini

738 4200 925 4252 tratris
962 4195 1226 4251 militibus
1274 4195 1479 4250 viritim
1516 4196 1617 4249 tria
1646 4196 1976 4250 nomismata
2008 4194 2307 4249 distribuit.

736 4290 853 4343 Iloc
894 4302 1039 4343 anno
1094 4287 1303 4343 Mabias
1355 4287 1664 4343 Cresaream
1698 4285 2001 4343 Palaestina:
2051 4299 2308 4367 occupat,

740 4388 947 4448 septem
984 4394 1160 4445 annos
1190 4389 1594 4449 oppugnatam;
1630 4393 1694 4432 ac
1726 4378 1780 4432 iu
1810 4393 1873 4433 ea
1930 4389 2135 4447 septem
2193 4367 2308 4432 Ro-

739 4474 1055 4521 manorum'r
1086 4468 1255 4523 millia
1311 4468 1588 4524 interllcit.
1632 4468 1832 4523 Eodem
1892 4483 2038 4533 anno
2088 4478 2312 4522 senatus

740 4557 1099 4614 ileraclonam
1145 4574 1267 4614 cum
1296 4570 1470 4615 matre
1497 4575 1596 4615 sua
1627 4558 1790 4631 754
1818 4566 1871 4613 et
1898 4556 2184 4612 Valentino
2220 4557 2313 4612 de-

710 4709 717 4725 :
738 4649 876 4712 iieit,
914 4656 970 4703 et
1000 4647 1285 4703 Martinam
1317 4660 1533 4705 exsecta
1563 4650 1766 4721 lingua.
1795 4648 2149 4703 Heraclonam
2174 4663 2309 4704 naso

741 4741 1049 4793 mutilatum
1095 4751 1338 4796 extorres
1386 4743 1497 4812 agit
1530 4757 1542 4793 :
1574 4742 1924 4798 Constantem
1958 4741 2307 4797 Constantini

742 4833 911 4887 lilium
951 4831 1184 4889 Heraclii
1216 4842 1464 4907 nepotem
1499 4836 1730 4906 imperio
1760 4835 2087 4905 prazliciunt.
2108 4834 2309 4892 Tenuit

743 4926 848 4979 hoc
880 4939 1053 4979 annos
1072 4925 1162 4979 27.
1203 4926 1468 4991 Caeterum
1501 4926 1833 4983 IIeraelonas
1868 4942 1975 4983 non
2011 4934 2096 4983 est
2130 4927 2308 4997 impe-

742 5016 941 5070 ratoria
1001 5018 1283 5089 sepultura
1352 5017 1604 5079 affectus.
1659 5019 1754 5073 sed
1824 5033 1994 5091 regno
2058 5019 2312 5088 ejectus;

744 5109 1117 5176 privatamque
1149 5125 1315 5177 agens
1346 5112 1509 5165 vitam
1539 5152 1552 5175 ,
1583 5126 1705 5166 cum
1740 5122 1913 5167 matre
1943 5110 2179 5167 Martina
2214 5112 2315 5166 hu-

744 5210 923 5255 matus
952 5204 1119 5256 estin
1165 5203 1440 5258 dominico
1496 5212 1853 5259 monasterio.
1897 5204 2107 5274 Pyrrho
2146 5209 2312 5260 etiam

744 5295 1026 5361 profligato
1057 5295 1369 5364 patriarcha
1393 5293 1578 5364 Cpolis
1607 5302 1828 5349 creatur
1856 5294 2058 5350 Paulus
2087 5296 2316 5367 presby-

743 5395 826 5439 ter
876 5394 931 5439 et
988 5386 1354 5456 diSpcnSulOl‘,
1413 5387 1506 5457 qui
1561 5387 1935 5458 episcopatum
1985 5402 2157 5457 gessit
2215 5403 2316 5442 an-

750 5493 845 5533 nos
881 5478 966 5532 I2.

2419 3313 2507 3347 ναι
2585 3297 2679 3347 καὶ
2731 3295 3061 3365 τιμηθῆναιο
3110 3294 3138 3348 ὃ
3214 3295 3307 3348 καὶ
3368 3296 3657 3367 διετιμήθη
3725 3297 4005 3366 λίτραςο¹.

2418 3386 2659 3459 Τελευτᾷ
2684 3387 2740 3441 δὲ
2773 3389 3181 3450 Κωνσταντῐνος
3208 3388 3622 3458 φαρμακευθεὶς
3651 3388 3756 3441 ὑπὸ
3784 3388 4005 3458 Μαρτί-

2419 3479 2629 3548 νηςτῆς
2655 3479 2817 3533 αὑτοῦ
2844 3480 3114 3551 μητρυιᾶς
3130 3480 3225 3533 καὶ
3260 3479 3482 3550 Πύρρου
3507 3482 3844 3551 πατριάρχου
3862 3499 3875 3511 ο
3911 3484 4008 3534 καὶ

2417 3570 2625 3625 τίθεται
2674 3571 2735 3625 τὸ
2784 3571 2943 3643 σῶμα
2997 3570 3163 3625 αὑτοῦ
3199 3574 3256 3625 ἐν
3310 3572 3388 3642 τῷ
3436 3571 3602 3642 ἡρῴῳ
3645 3572 3757 3627 τῶν
3801 3566 4007 3639 Ἀγίων

2436 3663 2801 3731 Ἀποστόλων.
2836 3664 2979 3736 Γυνὴ
3001 3663 3058 3718 δέ
3096 3662 3287 3718 τούτου
3337 3664 3687 3733 Ἀναστασία,
3716 3665 3840 3737 ἥτις
3863 3669 4006 3736 μετά

2419 3755 2677 3825 τελευτὴν
2705 3754 2983 3826 συνετάφη
3013 3755 3092 3825 τῷ
3129 3755 3246 3825 ἰδίῳ
3295 3754 3470 3826 ἀνδρί.

2492 3846 2852 3903 Βασιλεύειδὲ
2914 3847 3269 3917 ’Βρακλωνᾶς
3338 3847 3435 3900 σὺν
3498 3846 3665 3917 μητρὶ
3746 3846 4004 3918 Μαρτίνῃ

2424 3942 2596 4012 μῆνας
2628 3946 2702 4004 ς”ο
2742 3934 2916 4004 Οὗτος
2952 3934 3307 4010 προσήγαγεν
3345 3939 3425 4003 είς
3446 3937 3544 4010 τὴν
3587 3937 3773 4006 Ἀγίαν
3799 3939 4007 4005 Σοφίαν

2417 4033 2479 4086 τὸ
2500 4033 2719 4103 στέμμα
2773 4033 2911 4103 ὅπερ
2972 4031 3227 4102 ἀφείλετο
3292 4031 3701 4091 Κωνσταντῖνος
3783 4032 3847 4082 ἐκ
3902 4030 4004 4083 τοῦ

2424 4125 2691 4196 μνημείου
2752 4124 2848 4179 τοῦ
2904 4123 3111 4196 πατρὶς
3168 4122 3357 4188 αὑτοῦ,
3435 4121 3561 4185 δοὺς
3632 4122 3731 4175 καὶ
3778 4123 4006 4193 ἑκάστῳ

2422 4215 2842 4286 στρατευομένῳ
2922 4213 3173 4283 λεγάτον,
3261 4213 3578 4282 νομίσματα
3656 4212 3805 4282 τρία,
3859 4213 4006 4283 ὑπὲρ

2419 4307 2828 4362 Κωνστανιίνου
2859 4304 3091 4375 ἀδελφοῦ
3125 4305 3312 4359 αὐτοῦ.
3360 4305 3547 4376 Τούτῳ
3573 4305 3651 4375 τῷ
3682 4307 3791 4359 ἔτει
3820 4323 4009 4376 παρα-

2420 4399 2686 4471 λαμόἀνει
2715 4399 2934 4462 Μαὸίας
2964 4399 3306 4469 Καισάρειαν
3327 4399 3426 4467 τῆς
3461 4398 3827 4469 Παλαιστίνης
3859 4398 4004 4467 μετᾶ

2419 4490 2561 4557 ἐπ’τά
2597 4490 2692 4561 ἔτη
2713 4489 2815 4559 τῆς
2842 4489 3160 4559 πολιορκίας
3189 4489 3381 4558 αὐτῆς,
3408 4491 3505 4543 καὶ
3525 4489 3727 4543 κτείνει
3756 4490 3815 4541 ἐν
3860 4489 4005 4559 αὐτῇ

2437 4580 2729 4651 Ῥωμαίων
2758 4578 3001 4650 χιλιάδας
3031 4579 3192 4632 ἑπτά.
3226 4578 3412 4649 Τούτῳ
3459 4577 3538 4648 τῷ
3578 4578 3689 4631 ἔτει
3741 4576 4011 4631 ἀπώσατο

2426 4674 2461 4742 ἡ
2494 4671 2793 4741 σύγκλητος
2842 4664 3193 4740 Ἡρακλωνᾶν
3222 4669 3341 4739 ἅμα
3392 4668 3647 4741 Μαρτίνῃ
3705 4671 3770 4740 τῇ
3833 4664 4012 4743 μητρὶ

2428 4763 2593 4820 αὐτοῦ
2618 4764 2712 4817 καὶ
2748 4762 3075 4834 Βαλεντίνῳ,
3115 4764 3212 4818 καὶ
3235 4762 3795 4832 γλωσσοκοπήσαντες
3831 4763 4005 4833 Μαρ-

2425 4858 2578 4911 τῖναν
2637 4856 2731 4909 καὶ
2782 4856 3249 4926 ρινοκοπήσαντες
3306 4853 3661 4923 Ἠρακλωνᾶν
3731 4853 4011 4925 ἐξώρισαν

2425 4946 2791 5017 ἀμφοτέρους.
2842 4946 2950 4999 Καὶ
2982 4944 3316 4998 ἀνεϐίϐασαν
3358 4943 3692 4997 Κώνσταντα
3724 4943 3817 4996 τὸν
3886 4946 4010 4997 υἱὸν

2412 5037 2857 5101 Κωνσταντίνου,
2894 5036 3117 5105 ἔγγονον
3160 5036 3503 5105 Ἡρακλείου,
3557 5037 3651 5090 ἐπὶ
3676 5037 3775 5105 τὴν
3801 5038 4006 5109 ἀρχὴν,

2420 5125 2481 5187 ὂς
2510 5125 2813 5196 ἐκράτησεν
2838 5124 2922 5198 [Ρ.
2956 5124 3081 5197 451]
3122 5125 3216 5192 ἔτη
3258 5122 3357 5189 κζ’.
3428 5125 3486 5179 '0
3508 5120 3565 5178 δὲ
3637 5117 4009 5193 Ἠρακλωνᾶς

2422 5217 2522 5271 οὐκ
2553 5218 2724 5288 ἐτάφη
2759 5218 3074 5288 βασιλικῶς,
3101 5218 3235 5271 ἀλλά
3280 5217 3531 5288 διωχθεὶς
3584 5221 3649 5273 ἐκ
3698 5218 3797 5287 τῆς
3849 5221 4008 5289 βασι-

2422 5308 2571 5370 λείας
2604 5308 2696 5361 καὶ
2729 5308 3020 5362 ίδιωτεύων
3048 5309 3219 5377 ἐτάφη
3245 5310 3302 5362 ἐν
3365 5309 3447 5387 τῷ
3499 5312 3849 5381 μοναστηρίῳ
3901 5315 4005 5365 σὺν

2529 5402 2696 5469 μητρὶ
2724 5400 2998 5472 Μαρτίνᾳ.
3032 5400 3245 5471 Πύρρου
3275 5400 3329 5453 δὲ
3366 5400 3726 5471 ἐκϐληθέντος
3753 5419 4007 5471 χειροτο-

2426 5489 2595 5540 νεῖται
2664 5489 3009 5558 πατριάρχης
3088 5490 3713 5552 Κωνσταντινουπόλεως
3786 5490 4005 5554 Παῦλος

2414 5582 2781 5652 πρεσϐύτερος
2814 5582 2908 5634 καὶ
2930 5583 3228 5651 οἰκονόμος,
3256 5574 3746 5654 ἐπισκοπήσαςέτη
3772 5576 3839 5652 ιβ’
3864 5585 3998 5651 (75).

1863 5717 2214 5773 XYLANDRI
2250 5718 2337 5773 ET
2368 5718 2578 5777 COARI
2647 5719 2881 5776 ΝΟΤᾸί.

822 5809 930 5869 (75)
977 5806 1116 5863 Idem
1160 5816 1240 5860 est
1292 5807 1432 5873 apud
1483 5807 1748 5861 Zonaram
1784 5811 1835 5875 in
1874 5810 2175 5867 Constante
2210 5809 2314 5864 Ile-

755 5878 905 5932 l'uLIII
950 5877 1011 5932 Ν.
1057 5876 1113 5931 In
1164 5878 1523 5949 Chronologia
1566 5878 1854 5955 Niccpltori
1906 5880 2306 5951 archiepiscopi

2422 5812 2695 5880 Cpolitani
2732 5812 2931 5879 legitur
2971 5813 3099 5865 anni
3132 5811 3167 5865 ‘2
3206 5813 3257 5867 ιι.
3293 5810 3383 5865 26.
3413 5810 3541 5865 Eam
3589 5811 3831 5880 Gragram
3881 5813 3998 5880 ipse

2417 5878 2524 5937 neu
2560 5882 2716 5937 vidi:
2786 5878 2980 5937 Latine
3031 5882 3175 5938 edita
3226 5890 3333 5947 est,
3392 5896 3546 5937 versa
3596 5897 3625 5935 a
3685 5878 3997 5938 Germania
