4226 6444
728 414 835 483 82⁸1
1993 412 2317 479 GEORGII
2358 416 2695 479 CEDRENI
3896 421 4003 485 823

731 520 1005 595 signiﬁcat
1054 519 1188 577 Tim
1222 519 1331 574 allo
1361 520 1537 573 nicum
1576 536 1587 573 :
1639 520 1809 575 Alteri
1840 522 1972 578 cede
2001 524 2312 579 victoriam.

2437 525 2522 590 θὲς
2556 527 2702 599 άλλῳ
2724 527 2824 598 τὴν
2854 528 3033 599 νίκην,
3072 528 3343 598 κρίνεται.
3377 523 3521 599 Πρὸς
3546 530 3638 584 τὸν
3673 531 3868 603 ἐχθρόν
3911 550 4001 586 σου

733 616 969 671 Proinde
1000 616 1067 670 ad
1095 615 1281 670 hostes
1312 614 1547 670 victoria
1583 615 1836 672 inclinat.
1873 616 2052 688 Atque
2082 619 2157 673 ita
2187 620 2315 690 qni-

2437 637 2449 690 ;
2490 619 2615 688 νίκη
2652 620 2934 691 τρέπεται.
2978 620 3085 675 Καὶ
3140 620 3393 693 δήτοῦτο
3424 623 3517 676 καὶ
3570 624 3751 696 ἀπέϐη
3783 643 3796 657 ·
3851 645 4001 697 συμ-

732 710 856 776 dem
900 709 1100 765 evenit.
1139 705 1216 760 Eo
1255 707 1400 762 enim
1459 709 1648 777 prazlio
1686 709 1816 764 victi
1864 720 1996 766 sunt
2052 709 2311 778 Romani,

733 813 1040 869 eorumque
1069 798 1299 869 sanguis
1331 800 1467 853 mari
1500 799 1819 869 permistus.
1847 800 2155 873 Imperator
2196 812 2312 859 tum

735 895 899 948 alium
933 892 1227 962 quemdam
1255 894 1372 947 suis
1410 891 1664 948 vestibus
1693 891 1892 947 induit.
1933 894 2188 951 lnsiliens
2216 910 2317 952 au-

737 997 844 1041 tem
874 986 929 1039 in
960 985 1144 1039 navim
1177 984 1225 1039 is
1274 985 1437 1052 cujus
1464 984 1628 1054 paulo
1653 993 1780 1039 ante
1808 986 2142 1042 mentionem
2181 988 2317 1043 feci-

736 1092 860 1132 mus
899 1076 1275 1132 buccinaturis
1305 1075 1471 1138 filius,
1526 1076 1815 1146 abreptum
1845 1078 2228 1147 imperatorem
2263 1078 2319 1134 in

736 1167 887 1223 aliud
960 1167 1237 1239 navigium
1296 1165 1594 1231 transfert,
1666 1175 1969 1236 przeterque
2035 1170 2317 1225 hominum

741 1261 1059 1334 Opinionem
1097 1268 1304 1316 servat.
1340 1260 1461 1330 lpse
1488 1260 1853 1330 imperatoria:
1875 1262 1999 1315 navi
2033 1262 2317 1330 insistens,

739 1353 1038 1409 fortissime
1069 1351 1387 1421 pugnando,
1416 1351 1605 1404 multis
1637 1349 1887 1418 dejectis,
1938 1352 2159 1408 tandem
2202 1354 2322 1425 ipse

741 1460 959 1517 quoque
988 1442 1161 1500 cadit.
1191 1439 1497 1514 lmpera'tor
1538 1443 1631 1496 vix
1674 1456 1819 1514 aegre
1861 1442 2055 1501 salutis
2092 1459 2321 1517 compos

739 1553 865 1594 cum
898 1539 1169 1595 dedecore
1198 1537 1391 1607 Cpolin
1425 1535 1587 1592 redit.

750 1618 757 1624 ’
808 1630 971 1689 Circa
1006 1634 1110 1687 hoc
1138 1641 1350 1701 tempus
1386 1630 1602 1687 exstitit
1638 1629 2035 1689 Constantinus
2067 1632 2317 1702 quidam,

741 1723 837 1795 qui
884 1732 939 1779 et
986 1722 1197 1778 Silvani
1246 1737 1445 1778 nomen
1498 1722 1826 1792 usurpabat,
1878 1720 2322 1780 Paulicianorum

741 1822 907 1872 sectas
954 1815 1229 1886 princeps.
1280 1812 1411 1884 Ejus
1451 1813 1722 1869 haereseos
1758 1813 1871 1869 hazc
1917 1823 2003 1871 est
2045 1814 2318 1872 historia:

744 1909 1027 1966 Manichai
1055 1908 1502 1964 Paulicianornm
1529 1919 1728 1961 nomen
1765 1907 1868 1963 sibi
1898 1916 2251 1978 sumpserunt
2290 1923 2320 1964 a

745 2004 916 2061 Paulo
939 2002 1173 2075 quodam
1222 2000 1605 2066 Samosateno,
1664 2000 1976 2054 Manichaee
2037 2001 2320 2069 cujusdam

745 2097 995 2153 mulieris
1032 2096 1328 2151 Callinices
1368 2095 1589 2149 nomine
1628 2094 1759 2148 lilio.
1813 2093 1884 2147 Ea
1918 2108 2041 2149 cum
2095 2096 2325 2151 haberet

745 2191 887 2247 duos
943 2189 1106 2255 filios,
1171 2188 1399 2256 Paulum
1452 2186 1662 2241 scilicet
1701 2194 1757 2240 et
1802 2186 1970 2240 alium
2026 2184 2320 2253 Joannem,

743 2281 905 2353 ’757
934 2278 1229 2336 Manichzea
1264 2295 1362 2336 eos
1392 2278 1586 2344 haeresi
1617 2277 1878 2341 instituit,
1913 2277 2324 2350 Samosatisque

742 2373 798 2428 in
828 2374 1142 2429 Armeniam
1171 2372 1376 2439 emisit,
1415 2372 1491 2425 uti
1524 2370 1598 2424 ibi
1629 2384 1748 2424 eam
1784 2369 2034 2426 haeresim
2068 2370 2320 2440 promul-

745 2476 953 2531 garent.
985 2466 1040 2521 id
1064 2467 1210 2536 quod
1243 2466 1277 2520 ii
1306 2465 1555 2521 fecerunt
1580 2464 1633 2518 in
1661 2462 1780 2518 vico
1815 2461 2050 2531 quodam
2080 2462 2327 2519 Phanan—

745 2571 896 2611 rtem.
946 2555 1155 2612 Exinde
1184 2557 1308 2611 vico
1338 2554 1701 2625 Episparidis,
1732 2554 2100 2610 sectatoribus
2137 2553 2325 2610 Pauli-

744 2646 1028 2701 cianornm
1064 2661 1261 2701 nomen
1294 2644 1498 2700 factum
1534 2643 1657 2699 fuit.
1694 2643 1758 2699 lli
1792 2642 1957 2711 longo
2006 2654 2126 2714 post
2178 2647 2325 2703 hunc

749 2735 976 2791 Paulum
1048 2744 1294 2806 tempore
1362 2736 1687 2805 magistrum
1756 2738 2065 2794 habuerunt
2135 2738 2323 2803 alium,

742 2828 1170 2885 Constantinum
1212 2829 1364 2881 illum
1389 2828 1482 2899 qui
1523 2839 1943 2896 cognomentum
1974 2829 2177 2885 Silvani
2208 2845 2331 2901 ges~

745 2918 838 2972 sit.
873 2915 1029 2972 Hunc
1070 2919 1378 2988 principem
1436 2934 1663 2974 suarum
1719 2920 2101 2976 doctrinarum
2156 2936 2330 2993 agno-

748 3017 936 3075 scunt,
969 3024 1079 3065 non
1124 3007 1380 3064 Paulum.
1416 3008 1516 3066 Hic
1554 3010 1700 3066 enim
1742 3011 1809 3066 iis
1854 3014 2144 3083 opiniones
2187 3029 2328 3085 quas

747 3109 1052 3167 sectantur,
1094 3102 1303 3173 absque
1332 3102 1540 3173 scripto
1574 3118 1672 3174 per
1704 3103 2030 3170 traditiones
2055 3106 2327 3173 exhibuit,

2429 711 2688 777 ϐαλόντες
2744 714 2855 784 γάρ
2923 712 3161 784 πόλεμον
3214 714 3485 785 ἡττῶνται
3543 714 3829 786 Ῥωμαῖοι,
3908 719 4005 771 καὶ

2419 810 2777 881 συγκιρνᾶται
2807 812 2840 881 ἡ
2868 804 3114 867 θάλασσα
3155 810 3232 883 τῷ
3275 813 3473 883 αἵματι
3521 814 3624 868 τῶν
3683 817 4004 885 Ῥωμαίων.

2430 898 2635 954 Ἐνδύει
2669 900 2725 954 δὲ
2755 902 2783 954 ό
2813 900 3069 971 βασιλεὺς
3100 903 3261 959 ἄλλον
3300 906 3397 977 τὴν
3452 907 3657 977 ἐσθῆτα
3683 908 3877 972 αὑτοῦ,
3912 914 4007 963 καὶ

2418 993 2755 1064 εἰσπηδήσας
2787 994 2815 1046 ό
2848 995 3164 1066 προλεχθεὶς
3192 999 3308 1062 υἱὸς
3340 999 3435 1052 τοῦ
3490 999 3846 1071 βυκινάτορος
3890 996 4005 1073 ('77)

2417 1086 2510 1137 τὸν
2537 1084 2766 1155 βασιλέα
2790 1087 3113 1158 ἀφαρπάζει
3154 1091 3245 1143 καὶ
3268 1093 3348 1153 εἰς
3378 1091 3565 1161 ἕτερον
3600 1094 3807 1162 σκάφος
3844 1112 4013 1163 μετα·

2419 1174 2608 1229 ϐάλλει
2636 1177 2731 1231 καὶ
2761 1178 3082 1249 παραδόξως
3108 1180 3385 1248 διασώζει.
3421 1185 3593 1249 Αὐτὸς
3660 1186 3716 1239 δὲ
3781 1188 4012 1252 ἐπιστὰς

2421 1271 2486 1339 τῇ
2538 1268 2788 1342 βασιλικῇ
2845 1259 2936 1341 νηῒ
2990 1272 3218 1337 πολλοὺς
3264 1276 3475 1331 ἀνεῖλεν
3526 1278 3555 1330 ό
3602 1280 4011 1346 γενναιότατος,

2424 1357 2736 1433 ὕστερονδὲ
2784 1362 3089 1432 ἀναιρεῖται
3130 1358 3225 1417 καλ¹
3269 1366 3454 1429 αὐτός.
3531 1367 3590 1421 '0
3643 1364 3699 1421 δὲ
3757 1369 4016 1439 βασιλεὺς

2424 1451 2580 1522 μόλις
2608 1452 2896 1517 διασωθεὶς
2926 1454 3237 1527 ὑπέστρεψε
3274 1458 3392 1527 μετ’
3428 1458 3692 1528 αἰσχύνης
3740 1461 3797 1511 ἐν
3848 1459 4015 1514 Κων-

2424 1544 2886 1600 σταντινουπόλει.

2506 1631 2635 1703 Ἐφ’
2658 1626 2733 1688 ὧν
2757 1636 2964 1705 χρόνων
3001 1637 3095 1690 καὶ
3128 1638 3425 1709 δάρχηγδς
3481 1640 3591 1694 τῶν
3626 1640 4016 1700 Παυλικιάνων

2424 1718 2665 1791 ἀνεφάνη
2730 1723 3165 1790 Κωνσταντῖνος,
3219 1728 3247 1780 ό
3328 1728 3422 1781 καὶ
3488 1730 3775 1787 Σιλουανὸν
3846 1736 4018 1789 αὐτὸν

2426 1812 2721 1885 ὀνομάσας.
2774 1818 2929 1871 Ἔστι
2954 1818 3011 1871 δὲ
3053 1819 3330 1891 ήαῐρεσις
3386 1821 3568 1875 αὐτῶν
3606 1824 3777 1886 οὕτως
3820 1842 3834 1855 ·
3867 1827 4019 1879 Παυ-

2426 1899 2677 1966 λικιάνοι,
2745 1903 2793 1956 οἱ
2847 1904 2943 1957 καὶ
2995 1906 3309 1977 Μανιχαῖοι.
3361 1910 3903 1983 Μετωνομάσθησιν
3960 1915 4019 1967 δὲ

2428 1994 2549 2047 ἀντὶ
2605 1995 2923 2066 Μανιχαίων
3008 1998 3361 2055 Παυλικιάνοι
3414 2003 3521 2057 ἀπὸ
3588 2004 3799 2059 Παύλου
3867 2008 4020 2070 τινὸς

2429 2070 2812 2151 Σαμοσατέως,
2863 2085 2982 2139 υἱοῦ
3011 2089 3270 2155 γυναικὸς
3306 2091 3616 2162 Μανιχαΐας
3680 2094 4023 2165 Καλλινίκης

2429 2173 2690 2244 τοῠνομα,
2737 2176 2863 2240 ἥτις
2921 2178 3014 2231 δύο
3055 2181 3206 2242 υἱοὺς
3233 2181 3382 2253 ἔσχε,
3411 2183 3601 2237 τοῦτον
3652 2186 3744 2239 τὸν
3795 2188 4021 2241 Παῦλον

2430 2266 2522 2317 καὶ
2569 2263 2842 2337 Ἰωάννην.
2873 2263 3109 2333 Τούτους
3143 2270 3239 2325 οὖν
3267 2275 3364 2343 τὴν
3405 2274 3758 2347 Μανιχαῖκὴν
3792 2278 4019 2349 αἰρεσιν

2428 2357 2687 2425 διδάξασα
2747 2360 2812 2413 ὲκ
2890 2360 2985 2414 τοῦ
3056 2356 3379 2433 Σαμοσάτου
3467 2367 3547 2430 εἰς
3619 2368 4025 2437 ’Δρμενιακοὺς

2430 2452 2680 2521 κήρυκας
2704 2452 2804 2521 τῆς
2830 2452 3100 2524 αἶρέσεως
3153 2457 3350 2519 αὐτοὺς
3395 2457 3716 2511 ἀπέστειλεν
3742 2477 3754 2489 ’
3814 2462 4025 2521 οἵτινες

2430 2542 2676 2607 ἐλθόντες
2737 2545 2819 2607 εἰς
2864 2544 3059 2615 κώμην
3100 2546 3222 2600 τινά
3297 2547 3396 2617 τῆς
3444 2549 3787 2621 Φαναρῤοίας
3834 2551 4024 2604 ἐκεῖσε

2428 2634 2528 2705 τὴν
2581 2636 2792 2689 ἑαυτῶν
2825 2636 3036 2707 αἵρεσιν
3089 2639 3430 2711 ὲνέσπειραν.
3464 2642 3689 2695 Ἕκτοτε
3716 2643 3812 2697 οὖν
3846 2645 3877 2713 ἡ
3919 2645 4024 2713 μὲν

2430 2728 2596 2799 κώμη
2672 2729 3071 2803 μετωνομάσθη
3121 2731 3475 2803 Ἐπίσπαρις,
3534 2733 3585 2786 οἱ
3653 2733 3710 2786 δὲ
3770 2734 4026 2804 μαθηταὶ

2429 2822 2612 2876 αὐτῶν
2656 2821 3366 2895 Παυλικιάνοιὲκλήθησαν.
3401 2819 3565 2878 Οὗτοι
3600 2825 3738 2895 μετά
3788 2827 4024 2897 χρόνους

2432 2914 2697 2984 προλλοὺς
2738 2914 2837 2984 τῆς
2884 2915 3136 2985 διαδοχῆς
3212 2917 3371 2970 ῖτοῦδε
3418 2916 3514 2971 τοῦ
3556 2918 3770 2971 Παύλου
3830 2920 4025 2991 ἕτερον

2430 3007 2590 3077 ἔσχον
2627 3004 2953 3063 διδάσκαλον
3016 3008 3427 3064 Κωνσταντῖνον
3510 3009 3869 3082 καλούμενον,
3920 3012 4021 3066 τὸν

2433 3097 2779 3168 ποῤῥηθέντα
2850 3096 3130 3153 Σιλσανόν.
3183 3099 3387 3153 Τοῦτον
3457 3100 3673 3171 ἔχουσιν
3774 3103 4029 3171 ἀρχηγὸν

742 3192 1098 3263 Evangelium
1128 3194 1347 3262 quidem
1378 3208 1445 3249 ex
1473 3195 1786 3259 traditione,
1808 3196 2127 3265 Apostolum
2149 3206 2328 3253 autem

2437 3190 2541 3243 τῶν
2563 3189 2927 3244 διδασκαλιῶν
2963 3191 3169 3257 αὐτῶν,
3210 3193 3306 3245 καὶ
3326 3194 3446 3263 οὐχ).
3478 3193 3567 3246 τὸν
3598 3193 3829 3248 Παῦλον.
3853 3190 4028 3259 Οὗτος

746 3286 975 3355 scripto.
1012 3283 1267 3339 Tradidit
1326 3296 1509 3340 autem
1565 3284 1641 3341 ita
1690 3294 1751 3341 ut
1803 3287 1940 3342 nihil
1975 3303 2004 3342 a
2041 3288 2330 3358 Scriptura

746 3376 1030 3431 diﬂerrent
1057 3375 1202 3445 apud
1243 3390 1343 3432 nos
1375 3386 1616 3447 recepta,
1670 3376 1765 3432 sed
1795 3378 2012 3448 singula
2048 3379 2229 3450 capita
2264 3382 2329 3434 ad

748 3483 905 3523 suam
942 3467 1176 3522 detorsit
1202 3469 1461 3523 haeresin.
1505 3468 1638 3524 Nam
1687 3478 1740 3526 et
1769 3470 1911 3526 hanc
1962 3471 2099 3542 ipsis
2161 3474 2333 3543 legem

756 3561 961 3628 posuit,
1001 3576 1065 3615 ne
1093 3569 1293 3629 prmter
1324 3562 1683 3631 Evangelinm
1712 3570 1767 3618 et
1809 3564 2129 3633 Apostolum
2161 3566 2331 3619 ullum

752 3653 918 3707 alium
936 3652 1134 3707 librum
1157 3654 1416 3723 legerent.
1445 3652 1757 3710 Secundum
1777 3657 2334 3725 post(‘.onstantinnm

754 3745 904 3797 illum
932 3742 1215 3799 Silvanum
1248 3745 1413 3799 alium
1447 3748 1761 3803 habuerunt
1791 3761 2207 3821 prmceptorem,
2236 3749 2329 3805 Si-

752 3842 1002 3891 meonem
1032 3838 1276 3902 nomine,
1323 3836 1419 3892 sed
1459 3839 1550 3907 qni
1584 3855 1642 3894 se
1688 3837 2041 3899 Timotheum
2088 3855 2333 3897 vocaret.

743 3923 1023 3991 Quartum
1054 3925 1381 3996 Josephum,
1414 3928 1507 3996 qni
1540 3930 1640 3982 sibi
1691 3928 2047 4000 Epaphroditi
2096 3932 2335 4003 appella-

750 4019 961 4073 tionem
991 4019 1273 4088 imposuit.
1303 4021 1385 4076 Ab
1421 4022 1522 4075 hoc
1572 4019 1919 4085 Zachariam,
1953 4038 2114 4092 quem
2154 4031 2336 4078 tamen

755 4108 924 4164 veluti
950 4112 1353 4164 mercenarium
1392 4121 1446 4166 et
1474 4128 1581 4165 non
1607 4128 1794 4167 verum
1823 4124 2096 4184 pastorem
2115 4115 2337 4185 quidam

756 4203 1003 4271 ipsorum
1038 4201 1347 4271 repudiarit.
1400 4200 1628 4258 Sextum
1676 4203 1938 4269 Baanem,
1977 4216 2339 4277 cognomento

757 4290 1075 4348 Sordidum.
1107 4291 1411 4364 Septimum
1440 4296 1711 4365 Sergium,
1743 4298 1835 4366 qui
1873 4296 2172 4368 Tychicnm
2218 4312 2341 4353 sese

746 4384 1155 4439 'denominavit.
1202 4386 1281 4440 Ac
1317 4385 1583 4441 Manetem
1618 4387 1862 4457 quidem,
1890 4386 2142 4450 Paulum,
2171 4388 2339 4445 Joan-

760 4491 911 4541 nem,
939 4486 992 4531 et
1017 4477 1154 4533 alios
1175 4477 1491 4548 quicunque
1522 4478 1655 4548 ipsis
1680 4491 2082 4551 proponantur,
2103 4481 2343 4537 libenter

2435 3286 2544 3354 γὰρ
2597 3280 2782 3347 αὺτοῖς
2813 3283 3097 3354 παρέδωκε
3130 3284 3229 3348 τὰς
3251 3284 3497 3354 αἱρέσεις
3532 3286 3697 3338 αὐτοῦ
3752 3288 4026 3358 ἀγράφως

2438 3376 2583 3429 κατὰ
2605 3377 2924 3447 παράδοσιν,
2969 3376 3032 3429 τδ
3065 3372 3403 3445 Εὐαγγὲλιον
3435 3376 3534 3448 μὲν
3584 3378 3725 3432 κατά
3782 3381 4031 3451 παράδο-

2437 3487 2543 3535 σιν,
2582 3469 2673 3523 τὸν
2704 3471 2760 3524 δὲ
2790 3470 3113 3524 Ἀπόστολον
3132 3472 3450 3541 ἐγγράφως,
3488 3473 3881 3542 ἀπαράλλακτα
3917 3476 4022 3545 μὲν

2436 3564 2501 3632 τῇ
2532 3563 2720 3632 Γραφῇ
2757 3563 2853 3615 καὶ
2879 3566 2993 3625 τοῖς
3022 3561 3203 3631 λόγοις
3232 3563 3306 3626 ὡς
3338 3565 3435 3617 καὶ
3455 3566 3525 3617 τά
3560 3582 3669 3635 παρ
3687 3566 3701 3584 ’
3725 3567 3856 3636 ημῖν
3892 3568 4029 3621 ὄντα

2438 3652 2731 3720 παραδοὺς,
2774 3648 3105 3723 διαστρέψας
3132 3653 3189 3706 δὲ
3250 3653 3479 3709 ἕκαστον
3556 3656 3849 3726 κεφάλαιον
3887 3660 4032 3727 πρὶς

2437 3744 2538 3805 τάς
2624 3744 2821 3797 ἑαυτοῦ
2888 3745 3154 3814 αἱρέσεις,
3229 3746 3602 3817 νομοθετήσας
3688 3749 3874 3812 αὐτοῖς
3931 3751 4033 3803 καὶ

2438 3834 2618 3900 τοῦτο,
2653 3837 2726 3905 μὴ
2750 3836 2862 3888 δεῖν
2886 3836 3076 3907 ἑτέραν
3108 3837 3291 3907 βίϐλον
3337 3838 3555 3891 οἱανοῠν
3624 3841 4033 3908 ἀναγινώσκειν

2440 3927 2489 3979 εἰ
2561 3927 2637 3996 μὴ
2692 3928 2751 3979 τὸ
2812 3928 3139 3995 Εὐαγγὲλιον
3173 3932 3267 3982 καὶ
3314 3931 3406 3983 τὸν
3472 3933 3816 3988 Ἀπόστολον.
3872 3938 4036 3991 Μετά

2443 4017 2529 4091 [Ρ.
2552 4017 2677 4090 453]
2700 4018 2755 4071 δὲ
2769 4020 3177 4074 Κωνσταντῖνον
3199 4022 3293 4074 καὶ
3316 4023 3572 4077 Σιλόανδν
3600 4025 3850 4095 δεύτερον
3872 4030 4035 4100 ἔσχον

2439 4108 2757 4162 διδάσκαλον
2776 4109 3038 4177 Συμεῶνα
3063 4110 3175 4181 (78)
3200 4112 3554 4182 καλούμενον,
3584 4118 4037 4187 μετονομάσαντα

2440 4198 2498 4251 δὲ
2544 4196 2736 4251 ἑαυτὸν
2777 4198 3067 4269 Τιμόθεον.
3120 4201 3392 4271 Τέταρτον
3448 4202 3505 4256 δὲ
3555 4204 3751 4272 Ἰωσὴφ
3813 4223 4039 4273 μετονο-

2446 4293 2695 4362 μάσαντα
2724 4291 2914 4346 ἑαυτὸν
2931 4292 3340 4363 Ἐπαφρόδιτον,
3366 4294 3460 4345 καὶ
3486 4295 3623 4364 μετὰ
3640 4295 3828 4347 τοῦτον
3845 4298 4035 4367 Ζαχα-

2446 4383 2589 4455 ρίαν.
2607 4382 2768 4437 Ἀλλά
2783 4381 2971 4436 τοῦτον
2994 4383 3069 4445 ὼς
3090 4382 3363 4452 μισθωτὸν
3380 4385 3473 4437 καὶ
3491 4386 3590 4438 οὐκ
3610 4385 3783 4454 ἀληθῆ
3802 4388 4037 4455 ποιμένα

2446 4474 2842 4531 ἀποϐάλλονται
2869 4472 3003 4527 ἔνιοι
3037 4473 3095 4540 ἐξ
3122 4474 3323 4529 αὐτῶν.
3349 4474 3548 4527 Ἕκτον
3580 4475 3671 4527 τὸν
3701 4476 3920 4544 Βαάνην
3945 4477 4039 4528 τὸν

760 4568 796 4620 ii
821 4566 1086 4621 damnant
1113 4565 1569 4623 :Constantinum
1600 4578 1805 4638 autem,
1839 4569 2006 4643 758
2035 4570 2337 4637 Silvanum,

2454 4569 2720 4643 ῥυπαρὸν,
2746 4567 2838 4620 καλ⁵
2870 4565 3097 4635 ἕϐδομον
3116 4564 3208 4618 τὸν
3240 4564 3471 4633 Σέργιον
3522 4565 3614 4617 τὸν
3662 4566 3757 4618 καί
3794 4566 4041 4635 Τυχικδν

760 4660 1078 4714 Simeonem
1112 4659 1207 4729 qui
1240 4657 1373 4723 Titi,
1410 4658 1707 4716 Genesium
1739 4664 1833 4733 qui
1860 4661 2160 4729 Timothei,
2184 4663 2342 4721 Jose-

754 4752 934 4830 phum
966 4751 1060 4822 qui
1097 4751 1472 4822 Epaphroditi,
1511 4753 1746 4810 Baanem
1785 4756 2099 4825 Sordidum,
2134 4767 2189 4813 et
2217 4756 2346 4815 Ser-

764 4848 915 4919 gium
944 4846 1038 4917 qui
1069 4844 1291 4916 Tychici
1326 4845 1487 4899 titulo
1523 4861 1582 4900 se
1634 4847 1955 4918 insignibat,
2000 4863 2343 4920 nequaquam

715 4972 719 4978 ι
766 4940 1051 5005 damnant,
1092 4938 1297 5008 quippe
1346 4952 1441 4993 eos
1480 4952 1580 5007 pro
1623 4939 1741 4993 suis
1777 4948 2138 5009 agnoscentes
2178 4939 2348 5005 magi-

760 5034 945 5089 stris:
983 5031 1087 5086 sed
1115 5046 1209 5086 eos
1260 5030 1380 5084 loco
1416 5031 1787 5099 apostolorum
1847 5028 2055 5085 Christi
2118 5030 2341 5086 habent.

768 5124 1063 5178 Nominant
1090 5137 1183 5177 sex
1206 5120 1481 5177 Ecclesias
1517 5121 1570 5175 in
1611 5136 1709 5175 sua
1744 5122 2112 5186 confessione,
2166 5121 2347 5177 Mace-

769 5217 1011 5281 doniam,
1049 5230 1173 5285 qua:
1194 5224 1278 5270 est
1312 5214 1834 5273 castrum'colonian,
1870 5214 2152 5272 Cibosam.
2183 5228 2347 5284 quam

2451 4661 2647 4715 ἑαυτὸν
2673 4656 3139 4728 μετονομάσαντα.
3171 4655 3429 4709 Μάνεντα
3460 4655 3641 4708 τοίνυν
3675 4656 3767 4709 καὶ
3822 4655 4041 4708 Παῦλον

2450 4753 2547 4807 καὶ
2592 4748 2869 4819 Ἰωάννην,
2918 4748 3013 4799 καὶ
3081 4744 3278 4808 ἄλλους
3314 4744 3407 4809 οὓς
3430 4746 3527 4799 ὲάν
3558 4762 3642 4808 τις
3666 4747 3797 4819 εἴπῃ
3827 4747 4042 4810 αὐτοῖς,

2453 4845 2749 4919 προθύμως
2790 4839 3292 4911 ἀναθεματίζουσιο
3348 4841 3764 4894 Κωνσταντίνον
3823 4842 3881 4894 δὲ
3947 4842 4044 4894 τὶν

2454 4940 2551 4993 καὶ
2607 4934 2867 4991 Σιλσανὸν
2922 4931 3312 5003 ἐπικληθέντα,
3383 4934 3478 4987 καὶ
3519 4933 3786 5003 Συμεῶνα
3821 4935 3914 4985 τὸν
3947 4936 4045 4987 καὶ

2454 5033 2634 5092 Τῖτον,
2665 5028 2762 5082 καὶ
2785 5006 3036 5080 Γενέσιον
3069 5025 3161 5078 τὸν
3212 5024 3308 5078 καὶ
3366 5024 3655 5093 Τιμόθεον,
3696 5025 3791 5078 καὶ
3841 5026 4045 5096 Ἰωσὴφ

2456 5122 2551 5174 τὶν
2604 5119 2702 5173 καὶ
2757 5115 3167 5185 Ἐπαφρόδιτον,
3213 5113 3307 5166 καὶ
3378 5114 3594 5184 Βαάνην
3649 5115 3738 5167 τὸν
3795 5117 4049 5186 ῥυπαρ’.ν

2459 5214 2552 5267 καὶ
2605 5213 2833 5283 Σέργιον
2870 5209 2965 5262 καὶ
3025 5206 3261 5278 Τυχικδν
3301 5206 3379 5270 ὡς
3454 5206 3812 5271 διδασκάλους
3862 5208 4048 5260 αὐτῶν

1890 5328 2243 5385 XYLANDill
2285 5326 2370 5382 ET
2408 5326 2618 5383 GOARI
2686 5322 2901 5380 NOTA'J

846 5449 957 5521 (7'7)
994 5446 1218 5501 Βύκινον
1248 5457 1342 5503 ant
1380 5448 1648 5518 βούκινον,
1687 5449 1928 5511 but-cina,
1952 5457 2043 5521 est
2068 5463 2350 5521 corneum

772 5532 825 5576 et
856 5517 1145 5574 reCurVItm
1189 5517 1637 5582 instrumentum,
1670 5529 1828 5572 vento
1863 5520 1915 5572 in
1951 5519 2111 5573 bellis
2144 5517 2351 5571 inﬂan-

2458 5448 2717 5501 stinctam
2778 5444 2945 5516 legas,
2980 5440 3253 5516 quamvis
3289 5436 3415 5516 _Leo
3467 5439 3669 5516 citatus
3702 5436 3865 5516 etiam
3904 5434 4051 5516 hanc

2460 5533 2584 5572 cum
2623 5516 2712 5568 illa
2749 5505 3078 5571 confundat,
3101 5526 3225 5564 cum
3254 5510 3330 5562 ait
3360 5510 3576 5578 signum
3628 5506 3743 5561 fieri
3776 5508 3841 5576 τῇ
3879 5505 4053 5574 use;

772 5594 925 5645 dum.
984 5589 1168 5643 DilIert
1218 5604 1246 5642 τι
1300 5591 1446 5651 tuba,
1492 5578 1838 5657 quisunnnnr
1916 5599 2022 5650 est,
2083 5598 2137 5643 et
2179 5587 2332 5641 Leon

2457 5589 2524 5652 ἢν
2551 5585 2646 5657 νῆν
2679 5583 2906 5657 λέγουσι
2938 5581 3209 5657 βούκινονι.
3236 5578 3414 5633 Cosa.

771 5660 1039 5729 Const._7
1099 5658 1301 5713 dicitur
1359 5661 1553 5729 μικρὸν
1603 5659 1888 5728 βούκινον·
1944 5659 2167 5711 buccina
2222 5671 2353 5712 vero

770 5732 925 5799 juxta
961 5727 1205 5799 Nicetam
1248 5732 1302 5783 in
1337 5727 1903 5799 Maniicle’Cojnnenn
1932 5730 2217 5797 ἐπιμήκης
2246 5729 2348 5799 αὐξ-

778 5797 883 5853 λὼν
913 5811 1015 5862 est,
1038 5816 1102 5853 ac
1144 5798 1267 5853 ideo
1299 5800 1511 5868 μακρὸν
1541 5799 1673 5851 ὡσεὶ
1708 5798 1931 5867 βούκινα
1970 5801 2194 5867 scripsit
2229 5800 2261 5852 Ι.
2294 5797 2349 5850 6.

780 5873 920 5926 llinc
960 5870 1235 5937 σάλπιγγα
1287 5870 1401 5923 sive
1453 5868 1709 5923 τοῦὅανῖι
1757 5869 1974 5922 buccina
2015 5869 2213 5938 sa-pins
2268 5868 2322 5921 di

2535 5655 2649 5724 (78)
2688 5644 2868 5707 Locus
2915 5644 3000 5707 est
3047 5651 3293 5724 mutilus,
3345 5660 3399 5703 et
3450 5657 3506 5694 νο
3557 5662 3622 5701 ex
3679 5644 4049 5724 sequentibus

2461 5714 2654 5795 liquet,
2698 5729 2776 5777 sit:
2806 5724 3093 5795 legendum
3124 5739 3137 5774 :
3178 5721 3492 5795 Simeonem
3530 5714 3785 5795 nomine]
3827 5714 3921 5794 sed
3952 5716 4049 5783 qui

2460 5786 2728 5861 sc‘l‘itnm
2768 5786 3072 5861 nuncupari
3118 5792 3301 5843 vellet.
3339 5786 3470 5861 Post
3529 5787 3677 5841 hunc
3726 5786 4048 5849 Genesium,

2463 5868 2557 5934 qui
2590 5860 2768 5920 tamen
2800 5880 2859 5919 se
2891 5856 3265 5925 Timotheum,
3291 5870 3405 5914 etc.
3435 5856 3572 5912 Χςι..
