4226 6444
739 379 841 452 831

2033 375 2352 448 GEORGII
2399 374 2734 448 cannam

3896 383 4004 448 B32

729 501 930 557 salutis
953 509 1161 573 partem
1190 500 1400 557 venire.
1449 499 1694 555 Colirilia
1729 517 1825 554 sua
1867 494 2172 556 Ecclesiam
2223 517 2318 555 ca-
2347 506 2390 561 Α

2441 497 2562 553 εἶναι
2602 500 2874 567 λέγοντες.
2928 497 3240 566 Καθολικὴν
3285 493 3616 566 Ἐκκλησίαν
3657 495 3723 548 τὰ
3795 496 4006 550 ἑαυτῶν

737 595 1000 650 tholicam
1033 593 1325 649 nominant
1352 593 1406 647 in
1435 594 1550 647 suis
1579 594 1644 646 ad
1679 610 1778 646 nos
1813 595 2091 663 allegoi'iis
2123 613 2136 649 :
2173 595 2316 648 inter

739 704 798 743 se
819 689 963 743 enim
995 701 1025 740 a
1072 687 1327 756 precibus
1354 701 1418 741 ea
1462 688 1801 755 proseuchas
1859 689 2152 757 appellant.
2213 685 2316 740 Pro

738 779 1020 848 baptismo
1071 777 1276 832 habent
1310 777 1472 830 verba
1506 775 1807 846 Evangelii,
1867 780 1996 846 quia
2059 778 2318 832 Dominus

739 870 937 923 dixerit
966 883 1026 923 se
1069 885 1195 924 esse
1233 883 1432 938 aquam
1469 869 1515 900 ¹⁰
1552 869 1752 924 vivam.
1785 867 1981 923 Omnia
2011 869 2125 924 hinc
2159 876 2319 938 atque

740 961 904 1014 etiam
934 961 1112 1030 plura,
1143 959 1232 1014 ubi
1266 959 1594 1028 deprehensi
1648 966 1928 1023 tenentur,
1981 958 2128 1014 aliud
2178 966 2319 1013 tecte

736 1050 1184 1121 signiﬁcantibus
1245 1051 1427 1105 verbis
1483 1049 1567 1118 (id
1604 1050 1750 1102 enim
1782 1065 1920 1104 voco
1965 1050 2318 1119 allegoriam)

743 1143 1056 1197 involvunt.
1089 1141 1318 1212 Oportet
1369 1150 1546 1195 autem
1596 1150 1798 1196 attente
1852 1150 1907 1196 et
1948 1141 2206 1197 distincte
2255 1141 2322 1194 de

744 1233 978 1302 singulis
1013 1245 1202 1288 contra
1234 1248 1329 1288 eos
1362 1233 1668 1302 disputare.
1718 1233 1852 1287 Nam
1896 1241 1951 1287 et
1999 1234 2216 1287 mentiri
2255 1231 2322 1288 iis

746 1326 800 1378 in
833 1335 1084 1394 promptu
1126 1333 1230 1389 est,
1278 1325 1349 1378 ita
1395 1323 1699 1379 ferentibus
1731 1325 1971 1393 ipsorum
2007 1326 2238 1394 legibus,
2269 1332 2325 1379 et

747 1432 871 1470 cum
940 1417 1075 1471 alias
1135 1431 1374 1485 semper,
1437 1424 1549 1468 tum
1599 1415 1874 1484 pt-aacipue
1909 1413 1998 1468 ubi
2038 1423 2322 1484 urgentur,

748 1507 1033 1561 mentiar-io
1057 1508 1413 1577 ‘interposito
1452 1507 1766 1569 elabuntur,
1805 1506 2139 1562 atlirmantes
2162 1506 2323 1576 quid-

746 1599 878 1668 quid
921 1603 1248 1668 imperetur.
1287 1597 1474 1667 Neque
1512 1600 1583 1653 ob
1613 1599 1721 1652 tale
1755 1598 2100 1653 mendacium
2135 1598 2188 1650 in
2223 1596 2324 1650 ali-

749 1704 854 1756 qua
884 1689 1026 1755 apud
1065 1703 1198 1744 suos
1231 1698 1358 1742 sunt
1389 1689 1572 1756 culpa,
1619 1689 1745 1758 quia
1789 1689 2048 1741 nimirum
2103 1688 2206 1743 hoc
2250 1688 2328 1742 fe-

748 1781 824 1832 cit
868 1779 1073 1833 Manes.
1111 1779 1159 1834 Is
1185 1780 1330 1834 enim
1363 1777 1500 1832 dixit
1561 1795 1668 1832 non
1711 1793 1767 1833 se
1800 1777 2156 1832 inhumanum
2205 1792 2326 1833 esse

752 1872 927 1925 instar
956 1870 1186 1935 Christi,
1219 1871 1460 1927 dicentis
1507 1886 1566 1926 se
1598 1871 1844 1925 vicissim
1877 1886 1972 1926 eos
2022 1872 2323 1940 abnegatu-

2420 593 2695 659 συνέδρια,
2728 590 2866 660 πρὸς
2903 590 3048 658 ἡμᾶς
3084 591 3140 642 ὲν
3165 592 3230 659 τῇ
3257 588 3557 659 ἀλληγορία
3584 577 3764 640 αὐτῶν
3808 588 4000 653 λέγον.

2418 701 2552 747 τες·
2610 684 2747 754 πρὸς
2799 681 3026 744 ἑαυτοὺς
3085 681 3193 750 γὰρ
3257 681 3457 734 ἐκεῖνοι
3499 678 3808 748 προσευχὰς
3863 680 4008 733 αὑτά

2420 775 2662 842 λέγουσι.
2702 773 2998 840 Βάπτισμα
3040 771 3096 824 δὲ
3127 773 3193 824 τὰ
3244 773 3464 841 ῥήματα
3506 767 3600 822 τοῦ
3643 769 4006 837 Εὑαγγεὶλου,

2421 863 2605 930 καθώς
2627 881 2795 936 φησιν
2834 865 2862 917 ό
2897 862 3100 932 Κύριος
3124 877 3138 892 ·
3170 859 3316 929 Ἐγώ
3351 863 3466 928 εἰμι
3493 859 3553 913 τὸ
3606 857 3750 929 ὕδωρ
3778 860 3838 912 τὸ
3875 860 4007 924 ζῶν.

2424 957 2611 1012 Ταῦτα
2652 957 2850 1018 πάντα,
2889 955 2983 1006 καὶ
3005 952 3177 1006 πλείω
3221 951 3454 1014 τούτων,
3497 951 3586 1004 ὅτε
3646 950 4008 1020 φωραθῶσιν,

2423 1049 2836 1120 ἀλληγοροῦσιν.
2879 1045 3042 1100 Ἀλλὰ
3067 1044 3174 1115 χρὴ
3213 1043 3480 1114 νουνεχῶς
3502 1035 3597 1097 καὶ
3623 1044 4007 1114 διωρισμένως

2425 1141 2609 1202 αὐτοῖς
2660 1142 2740 1203 εἰς
2798 1138 2976 1192 πάντα
3033 1135 3403 1203 διαλέγεσθαι.
3458 1134 3570 1187 Καὶ
3617 1133 3725 1203 γάρ
3789 1135 3885 1186 καὶ
3947 1134 4013 1186 τὸ

2425 1232 2618 1303 ψεῦδος
2637 1231 2940 1302 προχείρως
2965 1228 3180 1298 ἔχουσιν
3212 1227 3286 1290 ὡς
3321 1226 3486 1296 νόμον
3513 1227 3736 1288 οἰκεῖον,
3774 1224 4013 1276 πάντοτε

2431 1324 2553 1393 μὲν,
2586 1324 2822 1393 μάλιστα
2871 1321 2928 1374 δὲ
2953 1321 3082 1374 ὅταν
3128 1317 3416 1389 βιασθῶσι,
3449 1316 3862 1386 διαψευδόμενοι
3917 1315 4015 1368 καὶ

2427 1415 2678 1481 λέγοντες
2731 1413 2917 1476 καθὼς
2971 1415 3066 1467 ἐὰν
3103 1411 3515 1482 προσταχθῶσιν
3559 1407 4014 1480 ἢπροτραπῶσι,

2428 1507 2753 1578 ἀνέγκλητοι
2772 1506 2925 1570 ὄντες
2955 1508 3084 1572 παρ’
3117 1506 3350 1568 ἑαυτοῖς.
3404 1500 3593 1564 Οῦτως
3627 1504 3736 1572 γὰρ
3768 1492 4016 1571 (Sillim;

2429 1595 2613 1660 αὐτοῖς
2659 1599 3002 1667 παρέδωκεν,
3031 1597 3113 1649 ὅτι
3141 1595 3260 1649 Οὐκ
3311 1595 3429 1663 είμὶ
3477 1592 3590 1661 ἐγὼ
3642 1591 4014 1661 ἄσπλαγχνος,

2431 1691 2618 1760 φησὶν,
2642 1693 2718 1752 ὼς
2738 1691 2766 1742 ὁ
2792 1690 3025 1759 Χριστὸς
3052 1691 3080 1742 ὁ
3108 1687 3276 1741 εἰπών
3296 1703 3310 1716 ·
3356 1687 3552 1749 Ὅστις
3585 1703 3653 1755 με
3686 1685 4015 1754 ἀρνήσεται,

2430 1784 2738 1855 ἀρνήσομαι
2762 1779 2921 1835 αὑτὸν
2944 1781 3119 1848 κάγώ.
3161 1777 3300 1833 Ἀλλ’
3330 1777 3441 1846 ὲγὼ
3462 1777 3628 1846 λιγω,
3672 1777 3779 1830 Τοῦ
3813 1781 4019 1847 ἀρνου-

2433 1877 2596 1948 μένου
2630 1892 2697 1946 με
2721 1872 3033 1945 ἔμπροσθεν
3051 1873 3159 1924 τῶν
3197 1870 3504 1938 ἀνθρώπων
3552 1871 3645 1924 καὶ
3689 1869 3767 1938 τῷ
3827 1869 4020 1938 ψεύδει

754 1977 872 2016 rum
911 1978 938 2014 a
971 1963 1172 2030 quibus
1202 1962 1394 2018 fuisset
1425 1973 1654 2034 negatus
1675 1965 1757 2019 “:
1805 1979 1863 2018 se
1895 1977 1992 2018 eos
2022 1963 2114 2032 qui
2145 1963 2322 2032 ipsum

2441 1967 2526 2038 τὴν
2549 1966 2756 2019 οἰκείαν
2787 1963 3059 2034 σωτηρίαν
3093 1962 3478 2033 ποριζομένου,
3513 1961 3588 2025 ὡς
3636 1965 3710 2032 μὴ
3747 1960 4024 2032 ἀρνουμέ-

753 2068 939 2107 enram
976 2054 1292 2108 hominibus
1327 2053 1532 2108 dill‘essi
1562 2055 1798 2110 fuissent
1832 2069 2011 2125 eoque
2042 2053 2328 2108 mendacio

755 2147 858 2201 sibi
892 2146 1122 2199 salutem
1154 2146 1561 2216 quaesivissent,
1611 2156 1872 2214 tanquam
1923 2162 2030 2200 non
2076 2147 2328 2202 diil'essos

756 2254 879 2291 cum
917 2238 1113 2306 gaudio
1152 2237 1416 2308 recipere,
1470 2238 1994 2306 revocationemque
2019 2245 2074 2292 et
2107 2239 2330 2293 menda-

759 2328 904 2380 cium
945 2343 1054 2381 non
1087 2329 1258 2397 magis
1311 2329 1534 2396 culpare
1569 2344 1730 2397 quam
1785 2330 1829 2383 si
1867 2330 2042 2397 ipsum
2096 2329 2332 2398 professi

761 2419 1012 2474 fuissent.
1042 2418 1306 2473 Similiter
1323 2428 1503 2476 tamen
1529 2421 1772 2476 seniores
1792 2428 1846 2474 et
1867 2421 2182 2477 sacerdotes
2205 2422 2334 2477 reli-
2360 2407 2366 2412 ’

759 2523 902 2576 quos
954 2519 1231 2567 nostrates
1284 2521 1633 2567 aversantur.
1695 2511 1838 2568 Suos
1875 2514 2336 2583 peregrinationis

762 2604 919 2673 761
958 2620 1069 2659 sum
1120 2604 1302 2660 socios
1331 2614 1528 2660 vocant
1561 2614 1615 2660 et
1648 2607 1932 2669 notarios;
1965 2606 2130 2675 hique
2166 2621 2194 2660 a
2227 2622 2333 2662 ca:-

765 2702 897 2750 teris
935 2698 1082 2750 nulla
1117 2711 1346 2766 prorsus
1375 2712 1454 2762 re,
1499 2711 1608 2751 non
1645 2697 1858 2763 habitu,
1901 2713 2006 2752 non
2041 2698 2218 2754 victus
2249 2714 2336 2753 ra-

765 2789 931 2852 tione,
966 2804 1071 2842 non
1107 2789 1316 2858 reliquo
1360 2789 1484 2842 vitae
1513 2799 1777 2860 apparatu
1808 2789 2089 2844 diﬂ‘eruut.
2138 2791 2335 2845 Omnia

765 2877 1040 2950 Evangelii
1073 2890 1127 2933 et
1151 2881 1395 2950 Apostoli
1430 2880 1574 2935 dicta
1618 2883 1819 2936 habent
1876 2897 2129 2951 perversa
2157 2891 2210 2938 et
2239 2899 2338 2936 no-

765 2971 897 3024 stris
937 2972 1229 3026 sententiis
1281 2973 1585 3038 contraria,
1619 2975 1688 3026 ab
1742 2972 1880 3039 ipsis
1921 2973 1995 3027 ita
2033 2974 2338 3045 composita

776 3071 834 3115 ut
877 3063 967 3132 qui
1023 3063 1141 3118 suis
1194 3079 1257 3120 ea
1311 3065 1590 3120 erroribus
1645 3067 2146 3122 accommodarent.
2206 3067 2337 3122 Nam

766 3155 1042 3222 quomodo
1073 3170 1136 3210 ea
1168 3157 1371 3226 scripta
1425 3164 1555 3210 sunt
1607 3166 1772 3225 atque
1819 3168 2038 3224 sonant,
2075 3161 2147 3210 ita
2198 3159 2338 3228 apud
2369 3193 2414 3254 Β

770 3245 920 3311 ipsos
975 3245 1272 3312 habentur,
1331 3247 1464 3300 nihil
1515 3262 1743 3316 prorsus
1773 3263 1800 3300 a
1841 3249 2045 3304 nostris
2085 3249 2290 3304 deﬂexa
2324 3269 2337 3306 :

768 3339 862 3391 sed
892 3340 1194 3393 sententias
1227 3346 1563 3406 pervertunt,
1611 3339 1755 3394 sicut
1782 3341 1908 3394 alibi
1941 3341 2164 3409 copiose
2200 3352 2284 3397 est
2315 3358 2343 3396 a

773 3446 858 3484 me
897 3430 964 3484 de
994 3439 1106 3484 tota
1156 3431 1256 3485 hac
1293 3446 1351 3486 re
1397 3432 1626 3488 dictum.
1692 3432 1952 3487 Nostrum
1991 3433 2343 3505 Evangeliqu

771 3520 1006 3574 adorant
1055 3522 1143 3574 ubi
1183 3523 1405 3576 occasio
1463 3523 1603 3585 tulit,
1660 3522 1906 3579 dicentes
1951 3525 2151 3579 nonin
2182 3541 2347 3582 cruce

769 3627 891 3665 esse
922 3610 1126 3666 Christi
1159 3611 1343 3675 verba,
1383 3613 1475 3667 sed
1512 3615 1563 3667 in
1592 3613 1754 3680 libro,
1790 3615 2021 3684 ideoque
2055 3616 2201 3670 hunc
2230 3629 2260 3670 a
2287 3629 2348 3671 se

772 3702 1008 3755 :nlorari.
1051 3700 1284 3767 Quidam
1313 3717 1378 3756 ex
1421 3701 1558 3771 ipsis
1593 3719 1715 3758 cum
1749 3706 1956 3761 morbis
1992 3705 2348 3763 doloribusve

775 3802 1119 3862 metuuntur,
1171 3808 1390 3849 crucem
1448 3795 1551 3849 sibi
1606 3797 1936 3865 imponunt;
1991 3797 2350 3869 eamdemque

773 3891 988 3953 recepta
1013 3885 1246 3939 sanitate
1279 3884 1653 3957 confringunt,
1687 3885 1740 3940 in
1778 3887 1956 3958 ignem
1983 3889 2252 3959 abjiciunt
2282 3904 2347 3945 ac

772 3987 1041 4042 cremant,
1071 3985 1167 4031 aut
1199 3977 1364 4030 etiam
1388 3978 1737 4032 coneulcant.
1787 3980 1927 4034 Sunt
1966 3981 2108 4036 inter
2134 3997 2229 4036 eos
2253 3981 2346 4052 qui

777 4069 1012 4124 infantes
1065 4083 1197 4124 suos
1232 4085 1262 4123 a
1302 4069 1508 4124 nostris
1555 4072 1890 4140 presbyteris
1949 4072 2213 4143 baptizari
2250 4087 2350 4126 cu-

779 4171 920 4216 rent.
980 4163 1086 4216 Alii
1136 4163 1189 4216 in
1255 4171 1500 4217 nostram
1553 4164 1987 4219 orthodoxorum
2047 4164 2349 4222 Ecclesiam

774 4269 901 4307 cum
935 4254 1184 4319 veniunt,
1219 4255 1440 4309 occulte
1471 4256 1904 4321 communicant,
1940 4267 1997 4311 ut
2035 4273 2100 4313 eo
2126 4257 2352 4313 Tacilius

777 4345 1208 4415 simplicioribus
1237 4347 1544 4416 imponant.
1582 4345 1906 4416 llujusmodi
1937 4349 2146 4404 artibus
2181 4365 2246 4405 ac
2278 4353 2354 4406 si-

777 4433 1173 4490 mu'ationibus
1202 4436 1234 4488 ii
1269 4446 1507 4504 utentes,
1528 4437 1746 4491 interim
1773 4439 1980 4509 absque
2005 4439 2116 4495 ullo
2148 4441 2351 4496 discri-

2430 2079 2549 2125 νου,
2606 2060 2744 2130 μετὰ
2773 2060 2947 2130 χαρᾶς
2992 2057 3219 2128 δέχομαι
3288 2055 3384 2110 καὶ
3432 2057 3532 2124 τὴν
3586 2055 3887 2125 ἀνάκλησιν
3921 2057 4023 2109 καὶ

2432 2153 2493 2206 τὸ
2525 2151 2720 2222 ψεῦδος
2767 2149 2842 2214 ὡς
2895 2150 2993 2220 τὴν
3030 2149 3164 2220 πρὸς
3199 2137 3301 2217 ἐμὲ
3352 2146 3648 2216 ὁμολογίαν
3680 2147 4019 2210 ἀνευθύνως.

2445 2245 2675 2315 Ὁμοίως
2712 2242 2895 2313 μέντοι
2927 2238 3023 2295 καὶ
3050 2242 3176 2303 τοὺς
3206 2239 3623 2310 πρεσόυτέρους
3656 2240 3753 2294 καὶ
3791 2238 4021 2296 λοιποὺς

2436 2336 2597 2405 ίερείς
2629 2333 2736 2387 τῶν
2765 2332 2897 2402 παρ’
2928 2333 3060 2402 ἡμῖν
3101 2329 3522 2385 ἀποϐάλλονται.
3563 2329 3792 2384 Ἐκεῖνοι
3835 2329 3893 2383 δὲ
3921 2335 4023 2384 καὶ

2434 2427 2560 2490 τοὺς
2607 2427 2772 2498 ἱερεῖς
2815 2425 3012 2487 αὐτοὺς
3064 2421 3436 2492 συνεκδήμους
3488 2420 3707 2488 λέγουσι
3735 2421 3830 2474 καὶ
3857 2437 4029 2475 νοτα-

2439 2516 2611 2588 ρίους,
2674 2514 3000 2582 ἀδιαφόρους
3051 2515 3221 2566 πᾶσιν
3282 2513 3468 2575 αὐτοῖς
3541 2512 3702 2573 ὄντας
3739 2513 3834 2564 καὶ
3907 2514 4029 2573 τοῖς

2439 2608 2684 2677 σχήμασι
2713 2607 2809 2661 καὶ
2836 2606 2958 2668 ταῖς
2983 2603 3214 2668 διαίταις
3242 2604 3334 2658 καὶ
3371 2604 3518 2676 πάσῃ
3547 2605 3613 2674 τῇ
3668 2601 3754 2674 [Ρ.
3775 2601 3906 2674 455]
3928 2603 4025 2654 τοῦ

2439 2700 2628 2754 λοιποῦ
2682 2699 2797 2770 βίου
2851 2699 3186 2768 κατασκευῇ.
3239 2697 3461 2766 Ἔχουσι
3514 2695 3571 2749 δὲ
3602 2698 3778 2749 πάντα
3827 2696 3897 2747 τε
3928 2693 4026 2746 τοῦ

2444 2792 2779 2861 Εὑαγγελίου
2816 2791 3036 2844 καὶτοῦ
3112 2789 3441 2843 Ἀποστόλου
3497 2788 3640 2860 ῥητὰ
3695 2787 4028 2858 διάστροφα,

2443 2883 2580 2954 πρὸς
2635 2881 2705 2935 τὰ
2753 2883 2884 2951 παρ’
2936 2881 3070 2950 ἡμῖν
3105 2878 3235 2933 ὄντα
3293 2878 3532 2943 ἐναντία,
3579 2877 3711 2947 παρ’
3751 2877 3937 2930 αὐτῶν
3965 2874 4032 2928 δὲ

2445 2973 2768 3028 συντεθέντα
2805 2973 2882 3036 ὡς
2913 2971 3072 3042 δῆθεν
3129 2969 3436 3041 ἁρμόζοντα
3483 2971 3602 3031 ταῖς
3656 2969 3892 3029 οἰκείαις
3934 2969 4034 3021 αἰει-

2444 3067 2550 3120 τῶν
2580 3067 2881 3136 αἱρέσεσιν.
2923 3064 3011 3126 Ὠς
3058 3063 3167 3133 γὰρ
3220 3063 3433 3133 εἴρηται
3465 3063 3530 3130 τῇ
3568 3061 3754 3131 Γραφῇ
3797 3062 3891 3113 καὶ
3917 3062 4033 3123 τοῖς

2445 3157 2644 3226 λόγοις,
2689 3156 2862 3220 οὕτως
2888 3156 3026 3208 εἰσὶν
3048 3154 3124 3218 ὡς
3151 3154 3243 3206 καὶ
3275 3154 3344 3206 τά
3387 3152 3516 3222 παρ’
3540 3153 3670 3222 ἡμῖν
3709 3152 4040 3221 ἀπαράλλα-

2448 3265 2571 3313 κτα,
2622 3248 2692 3301 τὰ
2729 3249 2785 3301 δὲ
2812 3248 3068 3316 νοήματα
3117 3243 3524 3313 διαστρέφουσι,
3569 3241 3753 3304 καθὼς
3817 3243 3876 3294 ὲν
3918 3244 4038 3304 τοῖς

2446 3345 2534 3398 διὰ
2573 3344 2772 3405 πλάτος
2812 3341 2922 3412 (79)
2953 3357 3042 3411 μοι
3075 3339 3325 3392 λέλεκται
3357 3329 3486 3406 περὶ
3511 3335 3716 3388 τούτων
3751 3335 4029 3404 σαφέστε-

2452 3451 2566 3506 ρον.
2650 3433 3028 3504 Προσκυνοῦσι
3105 3429 3263 3484 δὲτὸ
3294 3430 3424 3499 παρ’
3479 3430 3609 3498 ἡμῖν
3670 3418 4038 3494 Εὐαγγέλου,

2447 3527 2535 3580 ὅτε
2576 3524 2734 3598 τύχῃ.
2775 3525 2875 3577 οὐκ
2919 3522 3074 3594 ὲντῷ
3125 3519 3367 3591 σταυρῷ,
3396 3521 3510 3576 ἀλλ’
3568 3522 3626 3572 ὲν
3679 3521 3755 3590 τῷ
3817 3519 4040 3590 βιϐλίῳ,

2449 3617 2722 3686 λέγοντες,
2748 3618 2828 3670 ὅτι
2854 3617 3015 3685 Λόγοι
3048 3615 3142 3668 τοῦ
3171 3613 3409 3682 Χριστοῦ
3445 3615 3552 3666 εἱσι
3614 3613 3709 3666 καὶ
3763 3613 3851 3666 διὰ
3877 3614 4044 3668 τοῦτο

2449 3711 2636 3774 αὐτοῖς
2694 3707 3132 3778 προσκυνοῦμεν.
3185 3707 3273 3758 Ἐν
3336 3705 3592 3776 ἀσθενείᾳ
3630 3705 3687 3757 δὲ
3730 3707 3824 3757 καὶ
3885 3705 4043 3775 πόνῳ

2449 3803 2596 3864 τινὲς
2629 3799 2690 3863 ἐξ
2719 3799 2897 3852 αὐτῶν
2928 3800 3016 3853 ὅτε
3060 3797 3419 3870 περιπέσωσι,
3455 3797 3546 3849 τὸν
3581 3796 3812 3863 σταυρὸν
3861 3799 4047 3848 ἐπιτι-

2453 3891 2641 3945 θὲασιν
2668 3893 2914 3954 ἑαυτοῖς·
2985 3889 3084 3943 καὶ
3169 3889 3379 3958 ὑγιείας
3441 3887 3799 3958 τυγχάνοντες
3873 3887 4046 3941 πάλιν

2452 3983 2616 4036 αὑτὸν
2651 3981 2929 4050 συγκλῶσι
2955 3980 3050 4034 καὶ
3080 3981 3160 4042 είς
3195 3981 3306 4052 πῦρ
3339 3980 3592 4051 βάλλουσι
3648 3981 3741 4032 καὶ
3790 3979 4045 4032 καίουσιν

2454 4070 2486 4139 ἦ
2523 4073 2935 4128 καταπατοῦσιν
2967 4073 3151 4128 αὑτόν.
3196 4073 3352 4137 Τινὲς
3379 4074 3432 4126 δὲ
3460 4073 3517 4137 ἐξ
3573 4071 3756 4125 αὐτῶν
3791 4071 3861 4123 τὰ
3912 4089 4050 4123 παι-

2452 4167 2568 4236 δία)
2597 4166 2808 4222 ἑαυτῶν
2871 4165 3227 4238 βαπτίζουσιν
3267 4167 3372 4219 ὑπὸ
3413 4167 3522 4218 τῶν
3567 4165 3851 4236 ἡμετέρων
3906 4181 4052 4233 πρε-

2456 4259 2754 4330 σϐυτέρων.
2788 4257 3006 4330 Ἐτεροι
3036 4258 3092 4312 δὲ
3137 4257 3510 4329 εἰσερχόμενοι
3559 4258 3618 4308 ὲν
3678 4259 3743 4325 τῇ
3797 4255 4052 4325 ἡμετέρᾳ

2456 4349 2722 4421 ἐκκλησία
2782 4349 2892 4402 τῶν
2957 4349 3253 4421 ὀρθοδόξων
3304 4348 3604 4420 λεληθότως
3684 4347 4052 4417 μεταλαμδά-

2455 4458 2606 4495 νουσι
2630 4439 2743 4511 (80)
2769 4440 2906 4511 πρὸς
2933 4439 3155 4494 πλείονα
3203 4441 3542 4507 ὲξαπάτησιν
3560 4438 3673 4492 τῶν
3729 4439 4055 4491 ἁπλουστῇ

779 4529 923 4581 mine
955 4537 1007 4581 et
1031 4537 1179 4581 metu
1215 4529 1396 4583 omnis
1419 4527 1638 4599 generis
1670 4529 1884 4584 libidini
1916 4537 1971 4586 et
2000 4530 2349 4587 obscoenitati
2383 4532 2390 4588 l

2457 4547 2589 4600 ρων.
2632 4530 2766 4592 Ταῖς
2815 4527 3097 4590 τοιαύταις
3166 4528 3474 4598 μεθοδείαις
3552 4527 3647 4580 καὶ
3713 4527 4053 4595 ὑποκρίσεσι

778 4629 998 4684 vacant,
1045 4621 1356 4690 promiscue
1389 4630 1682 4689 utrumque
1731 4635 1922 4676 sexum
1966 4622 2193 4678 lascivia
2251 4638 2352 4679 sua

785 4713 1076 4777 trudentes,
1111 4713 1332 4782 quando
1363 4713 1610 4768 nonnulli
1649 4714 1717 4767 de
1755 4729 1945 4769 eorum
1983 4730 2212 4786 corpore
2236 4725 2355 4770 tan.

775 4817 895 4860 tum
935 4806 1273 4876 parentibus,
1314 4816 1368 4861 et
1417 4806 1638 4876 quidem
1674 4807 1931 4876 pr0priis,
1961 4807 2350 4864 abstinendum

781 4900 1092 4971 perhibent.

850 4994 1007 5046 Anno
1042 4993 1118 5054 t6,
1154 4992 1451 5062 imperator
1511 4991 1564 5046 in
1638 4991 1891 5046 Slavmos
1941 4992 2345 5062 expeditionem

780 5081 929 5148 iecit,
964 5084 1266 5152 multisque
1297 5083 1471 5152 captis
1503 5087 1560 5136 et
1582 5081 1815 5151 imperio
1843 5095 1946 5137 suo
1973 5080 2220 5137 subactis
2246 5079 2350 5136 do-

855 5262 895 5294 “
925 5259 1081 5317 Joan.
1119 5278 1190 5320 tv,
1222 5257 1310 5312 10.
1389 5257 1431 5288 ⁸⁸
1467 5255 1655 5310 Matth.
1683 5257 1845 5321 x,35.

2456 4621 2751 4692 χρώμενοι,
2811 4619 2958 4688 πάσῃ
3011 4618 3278 4690 ἀκολασίᾳ
3332 4619 3427 4673 καὶ
3476 4617 3704 4689 μιασμῷ
3771 4619 4055 4689 ἑκατέρας

2459 4713 2765 4782 ἀνθρώπων
2795 4711 3012 4780 φύσεως
3045 4711 3352 4780 ἀδιαφόρως
3404 4711 3498 4765 καὶ
3554 4711 3726 4774 ἀδεῶς
3782 4710 4048 4780 χρῶνται.

2459 4804 2617 4866 Τινὲς
2642 4804 2699 4856 δὲ
2729 4804 2786 4869 ιε
2810 4803 2990 4855 αὐτῶν
3023 4803 3157 4873 πρὸς
3178 4805 3306 4867 τοὺς
3349 4805 3529 4872 γονεῖς
3563 4805 3657 4857 καὶ
3709 4802 3871 4872 μόνον
3918 4804 4055 4856 ἑαυ-

2456 4898 2565 4950 τῶν
2597 4894 2949 4965 διαφέρεσθαι
2971 4895 3210 4963 λέγουσι.

2530 4989 2622 5058 Τῷ
2651 4986 2722 5053 ις’
2748 4987 2859 5039 ἔτει
2905 4987 3342 5058 ἐπεστράτευσεν
3365 4989 3392 5040 ό
3422 4986 3674 5057 βασιλεὺς
3702 4988 3841 5040 κατὰ
3870 4988 4051 5041 Σκλα-

2460 5081 2627 5136 δίνων
2657 5081 2819 5154 (81),
2850 5078 2948 5135 καὶ
2980 5080 3211 5143 πολλοὺς
3239 5079 3652 5150 αίχμαλωτίσας
3682 5080 4049 5150 ὑπέστρεψεν.

1899 5369 2251 5428 XYLANDRI
2292 5371 2379 5428 ET
2411 5365 2625 5429 GOARl
2681 5361 2918 5424 NOTAE.

857 5495 967 5563 (79)
1001 5491 1180 5549 Credo
1209 5507 1331 5546 eum
1369 5491 1598 5546 innuere
1631 5490 1830 5563 librum
1863 5490 2100 5560 aliquem
2138 5491 2354 5545 theolo-
2459 5501 2518 5546 ut
2550 5491 2702 5563 plura
2741 5489 2806 5543 iis
2857 5501 2979 5557 quae
3023 5485 3097 5540 ibi
3137 5483 3446 5540 referantur
3480 5483 3534 5539 in
3588 5483 3679 5538 illa
3717 5485 3796 5542 sis
3841 5487 4042 5542 inven-

785 5561 966 5634 gicum
1003 5579 1033 5618 a
1057 5578 1112 5617 se
1143 5563 1546 5634 conscriptum;
1593 5562 1686 5634 qui
1719 5561 1977 5634 fortassis?
2013 5575 2117 5634 non
2154 5575 2353 5634 magna

788 5630 909 5690 cum
953 5648 1135 5688 rerum
1171 5633 1381 5698 jactura
1415 5633 1710 5685 intercidit.
1749 5631 1888 5697 Quid
1938 5633 1981 5685 si
2018 5630 2118 5682 fuit
2150 5631 2353 5698 δογμα-

789 5706 916 5772 τικὴ
948 5702 1240 5766 πανοπλία,
1270 5710 1547 5754 armatura
1583 5702 1756 5767 (puto)
1795 5710 1984 5753 contra
2013 5715 2214 5772 pravas
2238 5702 2355 5772 upi-

792 5769 986 5830 utunes
1022 5773 1089 5826 de
1129 5772 1292 5825 rebus
1322 5772 1508 5832 sacris,
1563 5787 1681 5838 qme
1710 5786 1897 5838 supra,
1928 5772 2018 5832 ubi
2059 5771 2123 5823 de
2171 5769 2356 5822 Malm-

781 5856 922 5901 ‘IllCll
949 5843 1158 5898 deliriis
1182 5849 1387 5907 narrat,
1415 5841 1468 5894 in
1493 5841 1734 5910 margine
1757 5843 1979 5903 nitatur,
2007 5840 2081 5893 ita
2112 5841 2352 5908 quidem,

2461 5571 2644 5700 miihi}
2665 5559 2958 5683 ﬁlicedunt
2989 5626 3056 5700 ad
3093 5641 3335 5700 mensam
3368 5624 3723 5700 dom_ir_iic_am_.
3759 5622 3902 5679 ΧΠ..

2534 5693 2647 5769 (81)
2691 5700 2865 5766 Supra
2895 5699 2945 5749 in
2980 5696 3284 5769 Justiniani
3309 5709 3455 5769 anno
3489 5694 3546 5747 51
3594 5693 3866 5748 Sthlavun
3902 5699 4045 5752 scri-

2463 5765 2692 5835 buntur,
2728 5765 2784 5824 et
2823 5769 3023 5824 deinde
3057 5767 3373 5836 aliquoties.
3409 5765 3546 5819 λιι..
