4226 6444
220 450 331 513 833

1319 448 1365 506 ll
1380 445 1595 505 [STOR
1610 445 1625 502 l
1640 449 1677 501 Α
1691 442 1855 502 ιιυλι
1898 441 2274 502 COMPENDI
2295 442 2335 499 υ
2350 444 2398 500 Μ

3367 439 3474 513 ΒΜ

220 555 390 623 Οὗτος
419 561 446 614 6
475 556 738 623 Κῶνστας
766 558 840 629 μὴ
863 557 1119 629 δυνηθεὶς
1145 561 1234 613 τὸν
1264 560 1417 626 ἆγιον
1445 557 1695 627 Μάξιμον
1725 559 1801 620 είς

1916 569 2057 607 mimi
2096 555 2278 607 l't‘tiill.
2327 554 2468 607 Iuciii
2503 554 2774 607 Constans
2822 562 3015 607 sancto
3047 550 3304 616 Maximo,
3353 567 3480 623 cum

218 657 320 723 τὴν
351 652 545 707 ἑαυτοῦ
578 652 897 717 κακοδοξίαν
931 653 1299 722 μετενεγκεῖν,
1333 653 1432 723 τήν
1461 670 1520 705 τε
1553 652 1801 720 γλῶσσαν

220 747 318 800 καὶ
345 745 441 815 τὴν
468 746 629 815 χεῖρα
659 742 826 797 αὐτοῦ
858 742 1128 812 ἀπέκοψε.
1155 744 1265 796 Καὶ
1292 743 1383 795 τὸν
1410 744 1564 810 ἂγιον
1591 743 1803 812 Μαρτῖ-

221 852 311 888 νον
337 836 523 887 πάπαν
553 834 772 904 Ῥώμης
800 831 1027 902 ὲξώρισε
1051 833 1141 886 διὰ
1164 834 1225 885 τὸ
1250 833 1567 903 ἐλέγχεσθαι
1595 833 1686 885 ὑπ’
1710 833 1805 885 αύ-

219 928 332 980 τῶν
360 928 419 979 το
454 925 810 996 μονοθέλητον
841 924 1007 979 αὑτοῦ
1039 924 1237 996 δόγμα.

295 1103 386 1172 Τῷ
417 1101 480 1167 ιζ’
526 1103 635 1155 ἔτει
675 1102 894 1166 Μαϐίας
923 1106 950 1156 6
977 1104 1087 1158 τῶν
1117 1104 1364 1181 Ἀράϐων
1395 1106 1634 1176 ἀρχηγὸς
1668 1106 1805 1175 μετά

220 1196 398 1248 ταῦτα
435 1196 734 1263 ἐπρέσϐευε
768 1197 897 1266 περὶ
928 1198 1153 1267 είρήνης
1185 1198 1319 1267 πρὸς
1351 1198 1683 1252 Κώνσταντα
1718 1199 1805 1264 διᾲ

221 1286 322 1356 τὴν
346 1289 426 1348 είς
452 1288 615 1340 αὑτὸν
639 1290 936 1358 γενομένην
962 1289 1070 1343 ὑπὸ
1092 1289 1201 1344 τῶν
1217 1290 1464 1363 Ἀράϐων
1487 1293 1805 1362 ἀνταρσίαν,

224 1380 321 1431 καὶ
354 1379 441 1432 ἴνα
466 1379 690 1433 τελῶσιν
718 1382 858 1452 ὑπὲρ
885 1386 983 1454 τῆς
1007 1383 1262 1454 τοιαύτης
1290 1368 1513 1454 εἰρήνης
1538 1388 1649 1448 τοῖς
1676 1386 1809 1439 Ῥω-

227 1472 412 1539 μαίοις
445 1473 494 1523 οἱ
516 1473 754 1542 ’Ἄραϐες
786 1474 906 1529 καθ’
932 1476 1148 1546 ἡμέραν
1182 1475 1496 1547 νομίσματα
1532 1478 1677 1547 χίλια
1712 1476 1808 1527 καὶ

224 1562 396 1613 ἵππον
424 1562 518 1615 καὶ
549 1562 757 1617 δοῦλον.
788 1565 846 1618 '0
875 1565 931 1617 δὲ
960 1565 1061 1619 οὐκ
1093 1566 1344 1636 ἐπείσθη.

301 1651 392 1723 Τῷ
424 1661 490 1723 ιη’
536 1654 643 1707 ἔτει
686 1656 863 1709 ἀνεῖλε
896 1654 1159 1720 Κώνστας
1188 1657 1216 1710 6
1248 1657 1501 1726 βασιλεὺς
1530 1657 1810 1711 Θεοδόσιον

226 1746 321 1798 τὸν
366 1746 496 1798 ἴδιον
536 1746 801 1816 ἀδελφόν·
841 1748 1327 1817 σκανὼλιζὸμενος
1369 1749 1477 1819 γὰρ
1523 1750 1601 1808 είς
1647 1750 1810 1802 αὐτὸν

227 1837 411 1906 ἔκειρε
448 1836 713 1907 πρότερον
746 1838 909 1891 αὑτὸν
943 1839 1032 1891 διά
1068 1838 1281 1891 Παύλου
1317 1838 1661 1909 πατριάρχου
1694 1839 1809 1892 διά-

227 1940 408 1981 κονον.
449 1923 505 1986 ὃς
550 1925 644 1978 καὶ
688 1925 958 1993 μετέδωκε
1001 1926 1078 1997 τῷ
1124 1926 1337 1997 βασιλεῖ
1375 1928 1483 1981 τῶν
1525 1929 1811 1997 ἀχράντων

232 2012 550 2082 μυστηρίων
580 2013 638 2065 ὲν
666 2014 808 2085 ἁγίῳ
837 2016 1103 2087 ποτηρίῳ.
1131 2018 1223 2081 Ὃς
1261 2018 1399 2088 μετά
1427 2017 1528 2089 τὴν
1555 2017 1812 2088 τελευτὴν

230 2101 401 2155 αὑτοῦ
437 2103 559 2156 καθ’
589 2102 791 2169 ὕπνους
829 2107 1038 2176 συχνῶς
1070 2108 1321 2175 ἐφαίνετο
1353 2107 1532 2178 αὐτῷ,
1563 2108 1810 2163 διακόνου

232 2194 420 2261 φορῶν
443 2193 653 2264 στολὴν,
677 2198 771 2249 καὶ
796 2197 1064 2259 ἐπιδιδοὺς
1089 2199 1347 2269 ποτήριον
1373 2198 1601 2270 αἵματος
1627 2201 1778 2269 ἔλεγε
1795 2216 1809 2231 ⁸

234 2283 359 2346 Πίε,
385 2277 429 2337 ὦ
454 2285 668 2355 ἀδελφέ.
685 2287 848 2341 Ὅθεν
874 2290 1187 2361 ὲκκακήσας
1209 2291 1235 2343 6
1259 2290 1465 2361 ἀθυμος
1486 2291 1660 2346 ταῦτα
1682 2293 1815 2363 όρᾷν

234 2377 506 2446 ἐσκέψατο
535 2379 816 2433 κατελθεῖν
842 2381 901 2433 ὲν
927 2382 1164 2454 Σικελίᾳ.
1190 2382 1520 2436 Καταλιπὼν
1547 2381 1641 2438 οὖν
1664 2385 1722 2437 ὲν
1747 2386 1811 2455 τῇ

234 2470 394 2521 ἠὔλει
417 2469 515 2538 τήν
541 2486 599 2523 τε
626 2473 854 2539 γυναῖκα
881 2472 977 2525 καὶ
1000 2473 1126 2537 τοὺς
1148 2476 1297 2543 τρεῖς
1325 2475 1497 2541 υἱοὺς,
1526 2476 1619 2529 καί⁸
1644 2476 1816 2529 είσελ-

236 2560 346 2611 θὼν
378 2564 455 2624 είς
484 2562 578 2615 ἔνα
606 2563 713 2616 τῶν
743 2563 1036 2634 δρομώνων
1064 2565 1159 2620 καὶ
1191 2567 1490 2637 ἀναχωρῶν
1508 2606 1523 2631 ,
1556 2568 1815 2638 στραφεὶς

236 2655 503 2709 ὲνέπτυσε
532 2659 597 2726 τῇ
636 2657 993 2741 βασιλευούσῃ
1027 2660 1200 2723 πόλει,
1233 2663 1327 2716 καὶ
1356 2661 1527 2725 οὕτως
1559 2665 1813 2722 ἀπέπλει.

235 2745 384 2797 Ἀλλ’
405 2748 523 2800 οὐδὲ
554 2747 642 2821 [Ρ.
672 2748 800 2822 456]
834 2752 890 2804 ἔν
919 2751 1140 2823 Σικελίᾳ
1171 2753 1503 2822 διατρίϐοντι
1538 2757 1755 2827 άπέπτη
1790 2758 1817 2807 6

238 2838 449 2908 δνειρος
483 2840 577 2893 ἀπ’
602 2841 787 2895 αὐτοῦ.
818 2842 1157 2897 Καταλαϐὼν
1185 2845 1242 2897 δὲ
1280 2846 1635 2916 Συράκουσαν
1665 2849 1818 2903 πόλιν

238 2932 341 3000 τῆς
372 2932 619 2996 Σικελίας
647 2934 911 3006 διέτριϐεν
937 2938 994 2990 ὲν
1017 2937 1177 3007 αὐτῇ,
1207 2937 1526 3010 βουλόμενος
1551 2943 1609 2995 ἐν
1631 2942 1816 3012 Ῥώμῃ

238 3022 341 3090 τὴν
382 3022 657 3090 βασιλείαν
702 3029 1041 3095 μεταστῆσαι
1085 3028 1170 3081 διά
1210 3030 1272 3082 τὸ
1320 3030 1614 3100 μισηθῆναι
1657 3033 1819 3087 αὑτὸν

240 3112 347 3165 ὑπὸ
380 3114 489 3165 τῶν
525 3115 830 3180 Βυζαντίων
860 3116 936 3181 ὼς
965 3119 1344 3189 Μονοθελήτην
1378 3121 1470 3174 καὶ
1508 3122 1815 3191 κακόδοξον.

1904 662 2028 699 eum
2057 646 2121 699 ad
2164 660 2343 715 prava}
2377 646 2662 700 sententiae
2696 648 3014 701 societatem
3047 647 3348 714 perducere
3382 660 3479 699 ne-

1905 736 2108 807 quiret,
2181 738 2423 805 linguam
2492 737 2651 807 762
2714 746 2765 789 et
2817 751 3035 791 manuni
3084 737 3357 801 abscidit;
3416 750 3481 792 ac

1906 837 2160 883 sanctum
2214 828 2507 883 Martinum
2565 829 2751 882 Ιιοιιιιιε
2813 829 3127 897 episcopum
3197 829 3479 900 relegavit.

1908 920 2089 976 Causa
2125 922 2518 989 indignationis
2558 923 2609 974 in
2664 931 2955 988 utrumque
3019 920 3118 973 fuit
3174 921 3480 990 improbata

1907 1012 2400 1067 Monotlielelaruni
2452 1014 2538 1066 cui
2566 1014 2682 1081 ipse
2717 1012 2947 1073 latebat.
2980 1015 3267 1067 sententia.

1980 1107 2137 1159 Anno
2190 1106 2255 1159 l7
2306 1105 2513 1157 Maliias
2544 1106 2783 1158 Arabum
2830 1106 3083 1173 princeps
3118 1119 3344 1159 suorum
3392 1120 3482 1160 se-

1907 1196 2113 1258 ditione
2164 1198 2485 1272 compulsus
2545 1203 2609 1250 de
2642 1212 2771 1266 pace
2820 1198 3055 1251 ineunda
3106 1196 3173 1250 ad
3210 1198 3483 1252 Constan-

1908 1298 2014 1342 tem
2068 1288 2236 1352 misit,
2297 1288 2415 1357 ejus
2483 1290 2634 1357 pacis
2686 1288 2905 1342 nomine
2954 1288 3005 1340 iii
3067 1288 3309 1357 singulos
3365 1290 3486 1353 dies

1909 1379 1977 1443 ab
2001 1378 2267 1437 Arabibus
2292 1362 2435 1433 inille
2457 1394 2709 1435 nummos
2726 1380 3026 1450 depensum
3048 1377 3110 1430 iri
3137 1381 3478 1447 promittens,

1909 1477 1962 1523 et
1995 1482 2196 1536 eqntiiii
2230 1476 2283 1521 et
2316 1483 2557 1523 servum.
2591 1467 2789 1522 Ver-inn
2811 1455 2815 1458 ’
2837 1469 2889 1522 id
2929 1467 3200 1523 Constans
3236 1482 3343 1520 noa
3395 1473 3481 1523 ud-

1912 1560 2082 1615 misit.

1986 1651 2143 1704 Anno
2204 1650 2269 1706 18
2352 1650 2626 1704 Constans
2683 1665 2997 1717 germanum
3043 1668 3202 1711 suum
3261 1652 3484 1722 fratrem

1911 1744 2278 1808 Theodosium
2316 1748 2610 1808 interfecit,
2644 1763 2766 1797 cuni
2802 1747 3023 1815 quidem
3079 1756 3203 1803 ante
3238 1748 3484 1801 iiﬂensns

1912 1835 2066 1890 abeo
2096 1850 2264 1909 opera
2296 1835 2451 1892 Pauli
2485 1837 2811 1904 patriarcha:
2848 1846 3070 1889 tonsum
3109 1816 3327 1891 diaconi
3370 1852 3488 1887 mii-

1914 1943 2048 1982 nere
2107 1927 2404 1993 aﬂ'ccissct,
2466 1930 2533 1981 ab
2609 1944 2786 1997 eoque
2849 1931 2965 1997 ipse
3044 1937 3236 1983 sancto
3296 1929 3490 1997 pot-uio

1914 2020 2290 2073 sacrosanctis
2348 2019 2627 2086 mysteriis
2662 2021 2972 2086 inipertitus
3009 2020 3228 2079 (uisset.
3276 2019 3322 2073 Is
3357 2036 3491 2087 ergo

1915 2112 2261 2168 Theodosius
2309 2128 2338 2167 a
2399 2122 2576 2164 morte
2648 2128 2744 2172 sua
2807 2114 3089 2167 Constanti
3148 2114 3344 2166 crebro
3392 2129 3490 2182 pi-t'

1914 2203 2149 2273 quietem
2192 2204 2344 2257 visus
2376 2214 2479 2264 est,
2521 2203 2707 2256 liahitii
2755 2203 2998 2266 diaconi,
3054 2204 3305 2271 poculum
3366 2222 3493 2257 san-

1917 2296 2078 2364 gtiine
2104 2298 2326 2366 plenum
2359 2298 2644 2370 porrigens
2673 2306 2831 2363 atque
2859 2298 3045 2349 dicens
3070 2312 3085 2352 :
3110 2295 3261 2358 Bibe,
3296 2296 3486 2350 frater.

1916 2386 2044 2456 Ejus
2077 2387 2180 2443 visi
2220 2388 2521 2441 acerbitate
2548 2387 2724 2441 victus
2749 2387 2936 2441 infelix
2969 2388 3267 2457 imperator
3296 2391 3487 2442 statuit

1916 2479 1972 2535 iii
1998 2477 2243 2534 Siciliam
2272 2478 2442 2536 abire.
2476 2479 2660 2549 itaque
2689 2479 2741 2532 iu
2771 2479 2904 2534 urbe
2931 2478 3246 2549 relinquens
3265 2495 3485 2534 uxorein
3558 2532 3571 2551 π

1915 2578 1970 2623 et
2003 2575 2115 2624 tres
2149 2568 2288 2645 ﬁlios
2322 2568 2564 2623 celocem
2616 2568 2974 2635 conscendit;
3006 2584 3240 2639 cumque
3288 2570 3491 2645 solvis-

1917 2668 2021 2722 set,
2053 2674 2354 2714 conversus
2374 2670 2521 2713 retro
2542 2659 2727 2713 urbem
2750 2657 2963 2727 imperii
2996 2660 3177 2713 sedem
3208 2661 3487 2730 conspuit.

1916 2750 2021 2807 Sed
2058 2767 2127 2805 ne
2154 2752 2207 2805 in
2240 2750 2432 2807 Sicilia
2462 2751 2687 2820 quidem
2739 2750 3074 2804 insomnium
3111 2750 3241 2805 illud
3294 2767 3491 2807 vexare

1918 2842 2280 2905 Constantem
2318 2842 2507 2898 desiit.
2546 2843 2855 2913 Syracusas
2887 2842 2992 2897 sibi
3018 2842 3237 2912 delegit,
3276 2845 3365 2898 ubi
3406 2845 3491 2898 vi»

1922 2944 2033 2989 tam
2090 2940 2292 3005 ageret.
2335 2932 2544 2986 Statuit
2572 2935 2856 3003 imperium
2890 2931 3117 2988 Romam
3167 2936 3491 3001 transferre.

1920 3041 2044 3081 cuin
2098 3027 2312 3089 invisus
2366 3025 2643 3087 Byzantiis
2684 3034 2830 3083 esset
2879 3025 2949 3079 ob
3003 3024 3490 3083 Mouotlieletarum

1922 3118 2156 3173 lizeresin
2188 3118 2437 3186 aliasque
2492 3130 2691 3187 pravas
2749 3116 2815 3170 de
2868 3116 3126 3185 religione
3172 3120 3490 3177 sententias.

243 3202 460 3273 Πέμπει
495 3200 587 3258 οὗν
616 3207 843 3274 ἀγαγεῖν
872 3209 970 3276 τὴν
1001 3212 1232 3277 γυναῖκα
1262 3211 1355 3263 καὶ
1385 3213 1511 3271 τοὺς
1541 3213 1688 3277 υἱοὺς
1718 3214 1807 3266 αὺ-

1923 3207 2069 3262 Misit
2096 3224 2225 3279 ergo
2280 3206 2441 3277 763
2499 3205 2592 3274 qui
2662 3222 2887 3260 uxorein
2949 3218 2997 3259 et
3063 3207 3270 3262 liberos
3324 3211 3496 3261 abdu-

240 3294 336 3359 τοῦ
361 3311 375 3325 ·
408 3295 457 3357 qi
488 3295 543 3350 δὲ
573 3296 857 3363 Βυζάντιοι
885 3300 985 3351 ούκ
1013 3300 1286 3366 ἀπέλυσαν
1315 3302 1534 3369 αὐτούς.

314 3474 407 3544 Τῷ
434 3480 525 3541 κς¹
557 3474 665 3529 ἔτει
706 3475 941 3530 ἀπέλυσε
970 3476 1190 3540 Μαϐἔας
1217 3478 1306 3531 τὸν
1335 3479 1449 3532 υἱὸν
1476 3479 1639 3535 αὐτοῦ
1664 3482 1823 3554 Ἐζὴδ

246 3568 388 3638 μετὰ
420 3566 721 3638 Βαρϐάρων
749 3568 958 3621 πολλῶν
987 3569 1128 3622 κατὰ
1157 3570 1442 3639 Ῥωμαίων
1468 3587 1480 3601 ⁸
1518 3573 1610 3625 καὶ
1644 3573 1821 3626 ἐλθόν-

241 3673 337 3718 τες
372 3657 452 3719 είς
483 3655 803 3725 Χαλκηδόνα
837 3656 1264 3727 ᾐχμαλώτευσαν
1295 3658 1545 3722 πολλούς.
1579 3662 1819 3733 Παρέλα-

244 3748 341 3801 ϐον
368 3748 425 3801 δὲ
457 3748 550 3802 καὶ
576 3747 922 3818 τὺἈμώριον
950 3749 1048 3818 τῆς
1075 3750 1336 3819 Φρυγίας,
1370 3753 1461 3804 καὶ
1491 3754 1714 3820 ἀφέντες
1741 3758 1821 3823 είς

247 3840 496 3911 φυλακὴν
528 3839 693 3895 αὐτοῦ
725 3840 964 3911 χιλιάδας
998 3841 1158 3895 πέντε
1191 3843 1387 3912 ἀνδρας
1419 3844 1674 3910 ἐνόπλους
1731 3848 1823 3900 ἀν-

248 3933 505 4002 έκαμψαν
529 3934 608 3994 είς
625 3932 846 4003 Συρίαν.
872 3932 1154 4002 Χειμῶνος
1168 3932 1221 3985 δὲ
1242 3934 1534 4002 γενομένου
1563 3936 1770 4007 πέμπει
1795 3941 1821 3992 6

249 4024 505 4091 βασιλεὺς
546 4024 637 4075 τὸν
678 4022 1124 4093 κουϐικουλάριον
1153 4022 1426 4094 Ἀνδρέαν.
1472 4025 1581 4079 Καὶ
1621 4028 1822 4098 πολλῆς

243 4114 411 4185 οὔσης
447 4115 623 4185 χιόνος
658 4116 713 4166 ὲν
743 4115 899 4167 νυκτὶ
930 4115 1366 4186 καταλαμϐάνει,
1403 4117 1497 4170 καὶ
1529 4117 1615 4171 διά
1651 4118 1822 4183 ξύλων

246 4206 535 4276 ἀνέρχεται
564 4206 658 4257 ἐπὶ
686 4204 746 4257 τὸ
770 4206 966 4285 τεῖχος,
997 4205 1093 4258 καὶ
1121 4205 1424 4276 εἰσέρχεται
1456 4207 1532 4270 είς
1561 4207 1620 4260 τὸ
1638 4208 1821 4278 Ἀμὼ-

249 4315 382 4367 ριον,
414 4298 509 4349 καὶ
538 4297 737 4349 κτείνει
762 4299 858 4360 τὰς
891 4298 1048 4350 πέντε
1080 4297 1322 4366 χιλιάδας
1350 4298 1458 4353 τῶν
1473 4299 1721 4366 Ἀράϐων
1746 4302 1821 4365 ὡς

250 4388 323 4455 μὴ
356 4384 749 4453 ὑπολειφθῆναι
780 4386 874 4439 ἔνα
905 4385 962 4451 ἐξ
990 4387 1186 4441 αὐτῶν.

317 4475 409 4545 Τῷ
450 4475 529 4540 κζ’
564 4475 674 4527 ἔτει
720 4474 1077 4546 ἐδολοφονήθη
1109 4477 1136 4528 6
1181 4475 1434 4546 βασιλεὺς
1470 4474 1728 4543 Κώνστας
1764 4479 1822 4532 ἔν

1923 3309 2110 3355 cereut
2152 3299 2294 3355 :sed
2356 3299 2498 3353 lianc
2542 3312 2667 3352 cuin
2719 3298 2905 3351 liberis
2964 3297 3203 3366 Byzantii
3244 3301 3495 3354 detinue-

1925 3400 2070 3447 runt.

1994 3486 2151 3537 Auno
2190 3480 2259 3535 96
2305 3481 2515 3538 Mabias
2537 3482 2705 3535 ﬁlium
2758 3498 2915 3535 suum
2954 3483 3167 3537 lzeduni
3210 3500 3332 3538 cum
3386 3502 3497 3538 ma-

1924 3576 2043 3656 gnis
2068 3574 2422 3628 barbarorum
2470 3575 2643 3641 copi.s
2700 3572 2964 3657 adici-sus
2996 3574 3269 3629 lioniauos
3326 3577 3492 3629 misit.

1924 3667 1986 3721 lli
2019 3682 2141 3720 cum
2186 3668 2467 3720 venissent
2507 3664 2932 3727 Chalcedouem,
2998 3669 3196 3721 multos
3252 3672 3497 3737 captivos

1925 3758 2285 3811 abduxerunt.
2320 3755 2667 3811 Potitieiiain
2708 3768 2836 3811 sunt
2872 3759 3088 3811 Aniorio
3134 3758 3376 3829 Phrygiae
3404 3777 3497 3811 ur-

1927 3844 1991 3898 be
2026 3859 2040 3908 ;
2076 3845 2254 3911 ibique
2278 3857 2375 3910 pro
2411 3842 2668 3912 praesidio
2706 3843 2909 3897 relictis
2964 3842 3068 3896 600
3091 3855 3318 3898 armatis
3371 3847 3498 3898 viris

1928 3934 1981 3988 in
2015 3933 2226 4004 Syriam
2260 3933 2558 3988 redierunt.
2612 3931 2801 3987 Hieme
2840 3932 2982 3989 facta
3022 3935 3318 4004 imperator
3384 3939 3497 3990 An-

1924 4026 2108 4080 dream
2153 4024 2546 4079 cubicularium
2582 4026 2765 4083 mittit,
2805 4042 2923 4078 cum
2952 4030 3041 4080 nix
3081 4029 3314 4096 plurima
3344 4030 3497 4096 juve-

1926 4124 2026 4172 ret.
2055 4116 2106 4171 is
2156 4126 2318 4169 noctu
2356 4130 2450 4184 per
2503 4117 2644 4189 ligna
2679 4133 2727 4168 in
2776 4132 2988 4172 niiiriitn
3044 4117 3221 4173 evadit
3269 4120 3496 4181 AniOrii,

1926 4210 2224 4276 urbemque
2246 4221 2520 4277 occupans
2556 4208 2840 4260 oet'idione
2878 4209 3187 4276 pI‘H’RiiiiUlll
3217 4210 3494 4275 interﬁat,

1926 4314 1993 4354 ne
2021 4314 2131 4354 uno
2164 4297 2383 4367 quidem
2421 4298 2486 4351 de
2518 4297 2623 4352 600
2656 4298 2776 4353 istis
2815 4302 3131 4371 superstite.

1996 4472 2151 4525 Anno
2198 4470 2267 4524 27
2315 4472 2610 4540 imperator
2663 4473 2936 4525 Constans
2963 4472 3251 4544 Syracusis
3282 4475 3334 4527 in
3384 4476 3496 4528 bal—

248 4566 572 4637 Συρακούσῃ
603 4565 703 4634 τῆς
738 4564 987 4628 Σικελίας
1007 4606 1022 4631 ,
1055 4567 1112 4619 ὲν
1142 4566 1219 4636 τῷ
1256 4565 1522 4639 βαλανείῳ
1549 4567 1577 4620 δ
1605 4568 1807 4637 λέγεται

1927 4577 2051 4627 neo,
2094 4562 2180 4616 cui
2214 4560 2439 4631 Daphne
2465 4577 2688 4616 nomen.
2733 4563 3056 4617 interﬁcitur
3085 4567 3229 4620 dolo.
3268 4569 3497 4631 Quiilaut

247 4659 455 4728 Δάφνη.
494 4657 817 4727 Συνεισῆλθε
859 4658 967 4728 γάρ
1003 4675 1088 4721 τις
1126 4658 1273 4727 αύτῷ
1307 4658 1578 4729 Ἀνδρέας,
1621 4660 1712 4712 καὶ
1750 4658 1825 4723 ὡς

246 4750 455 4821 ήρξατο
496 4748 801 4819 σμήχεσθαι
838 4749 866 4801 6
900 4746 1187 4817 βασιλεὺς,
1224 4749 1457 4803 δέδωκεν
1490 4750 1649 4804 αὐτὸν
1687 4751 1824 4820 μετὰ

248 4841 341 4893 τοῦ
377 4839 570 4893 κάδδου
606 4837 750 4891 κατὰ
776 4838 874 4907 τῆς
903 4823 1147 4908 κορυφῆς
1176 4840 1269 4891 καὶ
1298 4840 1609 4894 ἀπέκτεινε.
1642 4839 1744 4895 Τὸν
1770 4840 1826 4895 δὲ

249 4928 483 4980 θάνατον
512 4925 677 4979 αὑτοῦ
705 4926 1018 4997 αὐθημερὸν
1046 4926 1285 4996 ἥκουσαν
1313 4929 1371 4981 ἔν
1399 4931 1464 5000 τῇ
1496 4929 1673 4993 πόλει,
1709 4949 1825 5001 φω-

250 5019 349 5087 vi};
388 5020 453 5070 ἔκ
489 5016 584 5071 τοῦ
624 5018 785 5088 ἀέρος
826 5017 1160 5087 ἐνεχθείσης.
1199 5019 1307 5072 Καὶ
1347 5020 1739 5090 προϐάλλονται
1778 5024 1826 5076 οι

250 5109 612 5181 Συρακούσιοι
641 5107 893 5174 Μιζίζιον
924 5110 1209 5180 Ἀρμένιον
1236 5110 1481 5180 βασιλέα,
1508 5111 1828 5183 βιασάμενοι

250 5204 435 5266 αὑτὸν,
468 5202 596 5256 δντα
624 5201 744 5254 λίαν
773 5202 1026 5272 εὐπρεπῆ
1056 5203 1152 5256 καὶ
1179 5203 1530 5273 ὡραιότατον.
1562 5204 1828 5271 Ἀκούσας

248 5298 304 5350 δὲ
350 5295 767 5357 κωνσταντῐνος
807 5294 909 5365 τὴν
951 5294 1047 5349 τοῦ
1091 5295 1295 5366 πατρὸς
1343 5296 1644 5351 ἀποϐίωσιν
1693 5299 1829 5369 μετά

252 5390 516 5459 πλείστης
538 5388 857 5451 ναυστολίας
881 5387 1293 5457 καταλαμϐάνει
1317 5387 1415 5456 τὴν
1440 5388 1711 5455 Σικελίαν,
1735 5389 1828 5441 καὶ

251 5480 507 5544 Μιζίζιον
534 5480 748 5549 ἀναιρεῖ
773 5478 872 5533 σὺν
894 5477 974 5549 τῷ
1005 5480 1155 5547 φονεῖ
1176 5476 1271 5532 τοῦ
1303 5478 1433 5532 ἰδίου
1464 5480 1691 5549 πατρός.
1722 5480 1830 5534 Καὶ

258 5572 613 5641 καταστήσας
641 5571 710 5625 τά
739 5570 1002 5643 Ἐσπέρια
1018 5570 1110 5624 ἐπὶ
1130 5570 1705 5625 Κωνσταντινούπολιν
1735 5570 1830 5641 ἔρ-

254 5680 438 5734 χεται,
472 5662 813 5732 ἀποκομίσας
844 5662 939 5717 καὶ
966 5662 1059 5719 τὸν
1089 5662 1279 5733 νεκρὸν
1307 5660 1403 5714 τοῦ
1437 5662 1568 5715 ἰδίου
1601 5662 1827 5733 πατρός.

258 5758 368 5808 Καὶ
407 5752 599 5807 τοῦτον
635 5753 735 5824 μὲν
773 5756 832 5809 ἔν
866 5753 943 5825 τῷ
977 5753 1092 5825 ναῷ
1124 5752 1231 5807 τῶν
1262 5752 1459 5821 Ἀγίων
1489 5754 1831 5807 Ἀποστόλων

259 5850 397 5916 μετά
430 5846 845 5902 Κωνσταντίνου
878 5845 974 5901 τοῦ
1010 5845 1215 5916 πατρὸς
1254 5844 1417 5901 αὑτοῦ
1454 5845 1827 5916 κατατίθησιν,

1928 4651 2072 4705 enim
2106 4648 2353 4705 Andreas
2385 4650 2636 4705 balneum
2658 4668 2763 4704 una
2786 4656 3063 4720 ingressus
3092 4657 3495 4721 imperatorem,

1928 4742 2058 4796 dum
2092 4743 2139 4798 is
2167 4757 2226 4797 se
2258 4752 2468 4813 tergere
2504 4744 2715 4813 incipit,
2753 4750 2890 4797 cado
2927 4746 3165 4807 graviter
3209 4750 3371 4815 (".tpili
3419 4750 3499 4801 in.

1926 4830 2077 4886 ilicto
2117 4842 2298 4887 necat.
2333 4834 2405 4887 De
2455 4843 2630 4888 morte
2688 4835 3025 4894 Consumtis.
3081 4852 3140 4890 ea
3214 4840 3327 4908 ipsa
3393 4854 3499 4907 qui

1928 4922 2233 4977 exstinctus
2260 4934 2342 4978 est
2376 4923 2486 4991 die,
2536 4926 2589 4979 in
2644 4927 2776 4979 urbe
2809 4930 3084 4997 cognitum
3127 4940 3210 4983 est
3263 4946 3393 4984 voce
3434 4948 3495 4984 ex

1929 5034 2053 5075 aere
2088 5018 2288 5074 delata.
2339 5017 2671 5090 Syracusani
2709 5022 2974 5075 Mizizium
3035 5022 3351 5077 Armenium
3402 5040 3501 5078 im-

1930 5118 2243 5180 peratorem
2287 5122 2499 5175 creant,
2556 5112 2786 5166 invitum
2839 5114 3055 5181 quidem
3106 5123 3160 5168 et
3220 5129 3313 5183 per
3367 5118 3499 5168 viiii.

1932 5200 2055 5256 Fuit
2083 5203 2128 5256 is
2191 5203 2352 5258 homo
2382 5205 2539 5274 longe
2594 5207 3081 5273 priesmntissiinns
3122 5205 3313 5260 forma.
3360 5205 3503 5257 Con-

1929 5293 2208 5348 stantinus
2241 5301 2417 5348 morte
2450 5295 2619 5362 patris
2672 5295 2755 5349 sui
2811 5296 3031 5364 cognita
3084 5311 3208 5348 cuin
3268 5298 3500 5350 maxima

1931 5385 2108 5442 classe
2151 5385 2392 5441 Siciliain
2452 5399 2707 5455 occupat,
2748 5386 3020 5439 Misizinm
3072 5398 3123 5440 et
3173 5389 3343 5454 patris
3397 5406 3501 5441 una

1938 5491 2321 5548 percussorem
2361 5478 2644 5543 ititerlicit,
2690 5483 2959 5546 rebusque
3019 5478 3331 5533 Occidentis
3376 5496 3504 5533 con-

1931 5571 2140 5626 stitutis
2172 5570 2487 5639 Byzantium
2516 5572 2676 5634 redit,
2710 5574 2873 5623 allato
2908 5588 3091 5626 secum
3124 5576 3293 5637 patris
3341 5575 3501 5624 cada-

1932 5676 2093 5727 vere;
2127 5670 2288 5730 atque
2316 5661 2487 5715 hocin
2514 5661 2640 5715 fano
2673 5664 3067 5731 Aposti-lmuui
3100 5666 3254 5727 j-nta
3291 5676 3498 5730 μευ-ναι

1932 5752 2052 5823 ejus
2071 5752 2333 5807 condidit.
2356 5752 2520 5824 764
2550 5753 2669 5823 ipse
2704 5752 3010 5807 Romanum
3028 5757 3310 5823 imperium
3336 5764 3502 5818 tenet,

1933 5845 2157 5916 collegis
2184 5844 2406 5903 Tiberio
2436 5854 2489 5901 et
2525 5844 2776 5901 Heraclio
2812 5847 3087 5901 fratribus.
3128 5848 3496 5901 Justinianiim
