  <div class='ocr_page' id='page_1' title='image "/cluster/home/n/w/nwhite01/storage/ocr_20150623/121/nnc1.0046980032/425.png"; bbox 0 0 4226 6444; ppageno 0'>
   <div class='ocr_carea' id='block_1_1' title="bbox 781 429 891 495">
    <p class='ocr_par' dir='ltr' id='par_1_1' title="bbox 781 429 891 495">
     <span class='ocr_line' id='line_1_1' title="bbox 781 429 891 495; baseline 0.018 -2"><span class='ocrx_word' id='word_1_1' title='bbox 781 429 891 495; x_wconf 82' lang='grc'><strong>835</strong></span> 
     </span>
    </p>
   </div>
   <div class='ocr_carea' id='block_1_2' title="bbox 2086 428 2782 491">
    <p class='ocr_par' dir='ltr' id='par_1_2' title="bbox 2086 428 2782 491">
     <span class='ocr_line' id='line_1_2' title="bbox 2086 428 2782 491; baseline -0.004 0"><span class='ocrx_word' id='word_1_2' title='bbox 2086 428 2408 491; x_wconf 78' lang='lat' dir='ltr'><strong>GEORGII</strong></span> <span class='ocrx_word' id='word_1_3' title='bbox 2447 428 2782 489; x_wconf 78' lang='lat' dir='ltr'><strong>CEDRENI</strong></span> 
     </span>
    </p>
   </div>
   <div class='ocr_carea' id='block_1_3' title="bbox 3946 431 4048 492">
    <p class='ocr_par' dir='ltr' id='par_1_3' title="bbox 3946 431 4048 492">
     <span class='ocr_line' id='line_1_3' title="bbox 3946 431 4048 492; baseline -0.049 0"><span class='ocrx_word' id='word_1_4' title='bbox 3946 431 4048 492; x_wconf 66' lang='grc' dir='ltr'><strong>83ίῖ</strong></span> 
     </span>
    </p>
   </div>
   <div class='ocr_carea' id='block_1_4' title="bbox 774 537 2360 614">
    <p class='ocr_par' dir='ltr' id='par_1_4' title="bbox 774 538 2357 611">
     <span class='ocr_line' id='line_1_4' title="bbox 774 538 2357 611; baseline 0 -18"><span class='ocrx_word' id='word_1_5' title='bbox 774 538 1069 610; x_wconf 83' lang='lat' dir='ltr'><strong>patricium</strong></span> <span class='ocrx_word' id='word_1_6' title='bbox 1105 540 1280 597; x_wconf 99' lang='lat' dir='ltr'><strong>sancti</strong></span> <span class='ocrx_word' id='word_1_7' title='bbox 1311 539 1572 594; x_wconf 90' lang='lat' dir='ltr'><strong>Germani</strong></span> <span class='ocrx_word' id='word_1_8' title='bbox 1610 538 1941 611; x_wconf 69' lang='lat' dir='ltr'><strong>patriarchae</strong></span> <span class='ocrx_word' id='word_1_9' title='bbox 2006 550 2216 610; x_wconf 88' lang='lat' dir='ltr'><strong>patrem</strong></span> <span class='ocrx_word' id='word_1_10' title='bbox 2264 555 2357 594; x_wconf 91' lang='lat' dir='ltr'><strong>ca-</strong></span> 
     </span>
    </p>
   </div>
   <div class='ocr_carea' id='block_1_5' title="bbox 2462 537 4048 614">
    <p class='ocr_par' dir='ltr' id='par_1_5' title="bbox 2462 537 4048 614">
     <span class='ocr_line' id='line_1_5' title="bbox 2462 537 4048 614; baseline 0.001 -20"><span class='ocrx_word' id='word_1_11' title='bbox 2462 539 2623 602; x_wconf 80' lang='grc' dir='ltr'>αὐτὸς</span> <span class='ocrx_word' id='word_1_12' title='bbox 2648 540 2704 593; x_wconf 85' lang='grc' dir='ltr'>δὲ</span> <span class='ocrx_word' id='word_1_13' title='bbox 2729 537 3003 609; x_wconf 75' lang='grc' dir='ltr'><strong>βασιλεύει</strong></span> <span class='ocrx_word' id='word_1_14' title='bbox 3025 537 3314 610; x_wconf 85' lang='grc' dir='ltr'>Ῥωμαίων</span> <span class='ocrx_word' id='word_1_15' title='bbox 3335 540 3469 610; x_wconf 78' lang='grc' dir='ltr'>μετὰ</span> <span class='ocrx_word' id='word_1_16' title='bbox 3487 540 3739 613; x_wconf 84' lang='grc' dir='ltr'>Τιϐερίου</span> <span class='ocrx_word' id='word_1_17' title='bbox 3765 543 3856 595; x_wconf 72' lang='grc' dir='ltr'><strong>καὶ</strong></span> <span class='ocrx_word' id='word_1_18' title='bbox 3886 543 4048 614; x_wconf 73' lang='grc' dir='ltr'><strong><em>Ἡριο</em></strong></span> 
     </span>
    </p>
   </div>
   <div class='ocr_carea' id='block_1_6' title="bbox 775 631 2354 703">
    <p class='ocr_par' dir='ltr' id='par_1_6' title="bbox 775 631 2354 703">
     <span class='ocr_line' id='line_1_6' title="bbox 775 631 2354 703; baseline 0.003 -23"><span class='ocrx_word' id='word_1_19' title='bbox 775 634 885 701; x_wconf 71' lang='lat' dir='ltr'><strong>pite</strong></span> <span class='ocrx_word' id='word_1_20' title='bbox 912 633 1186 687; x_wconf 90' lang='lat' dir='ltr'><strong>truncavit</strong></span> <span class='ocrx_word' id='word_1_21' title='bbox 1209 631 1316 695; x_wconf 89' lang='lat' dir='ltr'><strong>hic,</strong></span> <span class='ocrx_word' id='word_1_22' title='bbox 1358 642 1411 686; x_wconf 87' lang='lat' dir='ltr'><strong>et</strong></span> <span class='ocrx_word' id='word_1_23' title='bbox 1442 631 1777 687; x_wconf 85' lang='lat' dir='ltr'><strong>Germanum</strong></span> <span class='ocrx_word' id='word_1_24' title='bbox 1811 631 2049 687; x_wconf 87' lang='lat' dir='ltr'><strong>ferocius</strong></span> <span class='ocrx_word' id='word_1_25' title='bbox 2077 648 2135 688; x_wconf 91' lang='lat' dir='ltr'><strong>se</strong></span> <span class='ocrx_word' id='word_1_26' title='bbox 2158 647 2354 703; x_wconf 80' lang='lat' dir='ltr'><strong>geren-</strong></span> 
     </span>
    </p>
   </div>
   <div class='ocr_carea' id='block_1_7' title="bbox 773 707 2355 794">
    <p class='ocr_par' dir='ltr' id='par_1_7' title="bbox 773 707 2355 794">
     <span class='ocr_line' id='line_1_7' title="bbox 773 707 2355 794; baseline 0.001 -17"><span class='ocrx_word' id='word_1_27' title='bbox 773 736 884 778; x_wconf 87' lang='lat' dir='ltr'><strong>tem</strong></span> <span class='ocrx_word' id='word_1_28' title='bbox 908 723 1158 788; x_wconf 85' lang='lat' dir='ltr'><strong>eviravit,</strong></span> <span class='ocrx_word' id='word_1_29' title='bbox 1191 723 1279 776; x_wconf 89' lang='lat' dir='ltr'><strong>cui</strong></span> <span class='ocrx_word' id='word_1_30' title='bbox 1314 722 1582 793; x_wconf 78' lang='lat' dir='ltr'><strong>Georgius</strong></span> <span class='ocrx_word' id='word_1_31' title='bbox 1616 724 1669 777; x_wconf 93' lang='lat' dir='ltr'><strong>in</strong></span> <span class='ocrx_word' id='word_1_32' title='bbox 1697 724 2026 793; x_wconf 64' lang='lat' dir='ltr'><strong>patriarcha:</strong></span> <span class='ocrx_word' id='word_1_33' title='bbox 2081 707 2355 794; x_wconf 83' lang='lat' dir='ltr'><strong>dignatio-</strong></span> 
     </span>
    </p>
   </div>
   <div class='ocr_carea' id='block_1_8' title="bbox 774 815 1216 869">
    <p class='ocr_par' dir='ltr' id='par_1_8' title="bbox 774 815 1216 869">
     <span class='ocr_line' id='line_1_8' title="bbox 774 815 1216 869; baseline -0.002 0"><span class='ocrx_word' id='word_1_34' title='bbox 774 831 897 869; x_wconf 85' lang='lat' dir='ltr'><strong>nem</strong></span> <span class='ocrx_word' id='word_1_35' title='bbox 923 815 1216 869; x_wconf 79' lang='lat' dir='ltr'><strong>successit.</strong></span> 
     </span>
    </p>
   </div>
   <div class='ocr_carea' id='block_1_9' title="bbox 845 1102 2358 1175">
    <p class='ocr_par' dir='ltr' id='par_1_9' title="bbox 845 1102 2358 1175">
     <span class='ocr_line' id='line_1_9' title="bbox 845 1102 2358 1175; baseline 0.001 -17"><span class='ocrx_word' id='word_1_36' title='bbox 845 1103 1247 1161; x_wconf 87' lang='lat' dir='ltr'><strong>Constantinus</strong></span> <span class='ocrx_word' id='word_1_37' title='bbox 1284 1102 1601 1159; x_wconf 84' lang='lat' dir='ltr'><strong>Constantis</strong></span> <span class='ocrx_word' id='word_1_38' title='bbox 1656 1102 1801 1158; x_wconf 77' lang='lat' dir='ltr'><strong>illius</strong></span> <span class='ocrx_word' id='word_1_39' title='bbox 1848 1113 2211 1175; x_wconf 79' lang='lat' dir='ltr'><strong>cognomento</strong></span> <span class='ocrx_word' id='word_1_40' title='bbox 2255 1105 2358 1160; x_wconf 87' lang='lat' dir='ltr'><strong>Po-</strong></span> 
     </span>
    </p>
   </div>
   <div class='ocr_carea' id='block_1_10' title="bbox 772 1196 2357 1267">
    <p class='ocr_par' dir='ltr' id='par_1_10' title="bbox 772 1196 2357 1267">
     <span class='ocr_line' id='line_1_10' title="bbox 772 1196 2357 1267; baseline 0.003 -17"><span class='ocrx_word' id='word_1_41' title='bbox 772 1208 1026 1266; x_wconf 87' lang='lat' dir='ltr'><strong>gonatus,</strong></span> <span class='ocrx_word' id='word_1_42' title='bbox 1060 1196 1201 1266; x_wconf 88' lang='lat' dir='ltr'><strong>quod</strong></span> <span class='ocrx_word' id='word_1_43' title='bbox 1236 1211 1265 1250; x_wconf 86' lang='lat' dir='ltr'><strong>a</strong></span> <span class='ocrx_word' id='word_1_44' title='bbox 1298 1196 1467 1250; x_wconf 86' lang='lat' dir='ltr'><strong>barba</strong></span> <span class='ocrx_word' id='word_1_45' title='bbox 1502 1205 1587 1251; x_wconf 88' lang='lat' dir='ltr'><strong>est</strong></span> <span class='ocrx_word' id='word_1_46' title='bbox 1617 1197 1863 1259; x_wconf 90' lang='lat' dir='ltr'><strong>ductum,</strong></span> <span class='ocrx_word' id='word_1_47' title='bbox 1893 1213 2031 1251; x_wconf 70' lang='lat' dir='ltr'><strong>vei-aa</strong></span> <span class='ocrx_word' id='word_1_48' title='bbox 2070 1198 2357 1267; x_wconf 77' lang='lat' dir='ltr'><strong>religionis</strong></span> 
     </span>
    </p>
   </div>
   <div class='ocr_carea' id='block_1_11' title="bbox 772 1289 2357 1360">
    <p class='ocr_par' dir='ltr' id='par_1_11' title="bbox 772 1289 2357 1360">
     <span class='ocr_line' id='line_1_11' title="bbox 772 1289 2357 1360; baseline 0.003 -17"><span class='ocrx_word' id='word_1_49' title='bbox 772 1289 1074 1360; x_wconf 82' lang='lat' dir='ltr'><strong>professor,</strong></span> <span class='ocrx_word' id='word_1_50' title='bbox 1106 1289 1397 1358; x_wconf 88' lang='lat' dir='ltr'><strong>imperavit</strong></span> <span class='ocrx_word' id='word_1_51' title='bbox 1428 1305 1602 1344; x_wconf 85' lang='lat' dir='ltr'><strong>annos</strong></span> <span class='ocrx_word' id='word_1_52' title='bbox 1648 1290 1733 1342; x_wconf 82' lang='lat' dir='ltr'><strong>l7.</strong></span> <span class='ocrx_word' id='word_1_53' title='bbox 1763 1290 1921 1344; x_wconf 84' lang='lat' dir='ltr'><strong>Anno</strong></span> <span class='ocrx_word' id='word_1_54' title='bbox 1968 1290 2182 1360; x_wconf 91' lang='lat' dir='ltr'><strong>imperii</strong></span> <span class='ocrx_word' id='word_1_55' title='bbox 2237 1291 2357 1359; x_wconf 89' lang='lat' dir='ltr'><strong>ejus</strong></span> 
     </span>
    </p>
   </div>
   <div class='ocr_carea' id='block_1_12' title="bbox 771 1380 2355 1453">
    <p class='ocr_par' dir='ltr' id='par_1_12' title="bbox 771 1380 2355 1453">
     <span class='ocr_line' id='line_1_12' title="bbox 771 1380 2355 1453; baseline 0.001 -18"><span class='ocrx_word' id='word_1_56' title='bbox 771 1382 956 1453; x_wconf 90' lang='lat' dir='ltr'><strong>primo</strong></span> <span class='ocrx_word' id='word_1_57' title='bbox 1008 1381 1269 1436; x_wconf 87' lang='lat' dir='ltr'><strong>Saraceni</strong></span> <span class='ocrx_word' id='word_1_58' title='bbox 1328 1381 1473 1436; x_wconf 81' lang='lat' dir='ltr'><strong>bello</strong></span> <span class='ocrx_word' id='word_1_59' title='bbox 1524 1381 1722 1435; x_wconf 68' lang='lat' dir='ltr'><strong>Africae</strong></span> <span class='ocrx_word' id='word_1_60' title='bbox 1765 1380 1916 1442; x_wconf 85' lang='lat' dir='ltr'><strong>illato</strong></span> <span class='ocrx_word' id='word_1_61' title='bbox 1958 1382 2027 1437; x_wconf 87' lang='lat'><strong>80</strong></span> <span class='ocrx_word' id='word_1_62' title='bbox 2074 1383 2355 1437; x_wconf 88' lang='lat' dir='ltr'><strong>hominum</strong></span> 
     </span>
    </p>
   </div>
   <div class='ocr_carea' id='block_1_13' title="bbox 772 1471 2355 1542">
    <p class='ocr_par' dir='ltr' id='par_1_13' title="bbox 772 1471 2355 1542">
     <span class='ocr_line' id='line_1_13' title="bbox 772 1471 2355 1542; baseline 0.002 -17"><span class='ocrx_word' id='word_1_63' title='bbox 772 1473 939 1536; x_wconf 86' lang='lat' dir='ltr'><strong>millia</strong></span> <span class='ocrx_word' id='word_1_64' title='bbox 964 1474 1213 1542; x_wconf 82' lang='lat' dir='ltr'><strong>captivos</strong></span> <span class='ocrx_word' id='word_1_65' title='bbox 1246 1472 1618 1528; x_wconf 85' lang='lat' dir='ltr'><strong>abduxerunt.</strong></span> <span class='ocrx_word' id='word_1_66' title='bbox 1675 1471 1780 1536; x_wconf 77' lang='lat' dir='ltr'><strong>Qui</strong></span> <span class='ocrx_word' id='word_1_67' title='bbox 1831 1486 1964 1527; x_wconf 87' lang='lat' dir='ltr'><strong>vero</strong></span> <span class='ocrx_word' id='word_1_68' title='bbox 2009 1472 2355 1528; x_wconf 91' lang='lat' dir='ltr'><strong>orientalium</strong></span> 
     </span>
    </p>
   </div>
   <div class='ocr_carea' id='block_1_14' title="bbox 770 1563 2350 1635">
    <p class='ocr_par' dir='ltr' id='par_1_14' title="bbox 770 1563 2350 1635">
     <span class='ocr_line' id='line_1_14' title="bbox 770 1563 2350 1635; baseline 0.001 -18"><span class='ocrx_word' id='word_1_69' title='bbox 770 1564 1099 1635; x_wconf 87' lang='lat' dir='ltr'><strong>populorum</strong></span> <span class='ocrx_word' id='word_1_70' title='bbox 1131 1566 1409 1635; x_wconf 89' lang='lat' dir='ltr'><strong>principes</strong></span> <span class='ocrx_word' id='word_1_71' title='bbox 1443 1574 1620 1627; x_wconf 91' lang='lat' dir='ltr'><strong>erant,</strong></span> <span class='ocrx_word' id='word_1_72' title='bbox 1665 1563 1700 1616; x_wconf 91' lang='lat' dir='ltr'><strong>ii</strong></span> <span class='ocrx_word' id='word_1_73' title='bbox 1737 1563 2101 1633; x_wconf 80' lang='lat' dir='ltr'><strong>Chrysopolin</strong></span> <span class='ocrx_word' id='word_1_74' title='bbox 2128 1564 2350 1619; x_wconf 85' lang='lat' dir='ltr'><strong>venien-</strong></span> 
     </span>
    </p>
   </div>
   <div class='ocr_carea' id='block_1_15' title="bbox 772 1653 2359 1726">
    <p class='ocr_par' dir='ltr' id='par_1_15' title="bbox 772 1653 2359 1726">
     <span class='ocr_line' id='line_1_15' title="bbox 772 1653 2359 1726; baseline 0.001 -19"><span class='ocrx_word' id='word_1_75' title='bbox 772 1665 856 1711; x_wconf 87' lang='lat' dir='ltr'><strong>tes</strong></span> <span class='ocrx_word' id='word_1_76' title='bbox 915 1657 1193 1721; x_wconf 81' lang='lat' dir='ltr'><strong>dicebant,</strong></span> <span class='ocrx_word' id='word_1_77' title='bbox 1228 1658 1357 1726; x_wconf 87' lang='lat' dir='ltr'><strong>quia</strong></span> <span class='ocrx_word' id='word_1_78' title='bbox 1418 1656 1469 1708; x_wconf 88' lang='lat' dir='ltr'><strong>in</strong></span> <span class='ocrx_word' id='word_1_79' title='bbox 1508 1654 1837 1709; x_wconf 87' lang='lat' dir='ltr'><strong>Trinitatem</strong></span> <span class='ocrx_word' id='word_1_80' title='bbox 1880 1653 2192 1718; x_wconf 85' lang='lat' dir='ltr'><strong>crederent,</strong></span> <span class='ocrx_word' id='word_1_81' title='bbox 2234 1654 2359 1711; x_wconf 80' lang='lat' dir='ltr'><strong>ideo</strong></span> 
     </span>
    </p>
   </div>
   <div class='ocr_carea' id='block_1_16' title="bbox 772 1745 2352 1817">
    <p class='ocr_par' dir='ltr' id='par_1_16' title="bbox 772 1745 2352 1817">
     <span class='ocr_line' id='line_1_16' title="bbox 772 1745 2352 1817; baseline 0 -14"><span class='ocrx_word' id='word_1_82' title='bbox 772 1750 1070 1803; x_wconf 86' lang='lat' dir='ltr'><strong>seduobus</strong></span> <span class='ocrx_word' id='word_1_83' title='bbox 1117 1747 1380 1803; x_wconf 83' lang='lat' dir='ltr'><strong>fratribus</strong></span> <span class='ocrx_word' id='word_1_84' title='bbox 1440 1747 1720 1817; x_wconf 85' lang='lat' dir='ltr'><strong>Pogonato</strong></span> <span class='ocrx_word' id='word_1_85' title='bbox 1750 1745 2029 1811; x_wconf 86' lang='lat' dir='ltr'><strong>adjunctis</strong></span> <span class='ocrx_word' id='word_1_86' title='bbox 2064 1756 2176 1803; x_wconf 89' lang='lat' dir='ltr'><strong>tres</strong></span> <span class='ocrx_word' id='word_1_87' title='bbox 2216 1748 2352 1805; x_wconf 87' lang='lat' dir='ltr'><strong>velle</strong></span> 
     </span>
    </p>
   </div>
   <div class='ocr_carea' id='block_1_17' title="bbox 777 1838 2357 1911">
    <p class='ocr_par' dir='ltr' id='par_1_17' title="bbox 777 1838 2357 1911">
     <span class='ocr_line' id='line_1_17' title="bbox 777 1838 2357 1911; baseline 0.001 -18"><span class='ocrx_word' id='word_1_88' title='bbox 777 1841 980 1897; x_wconf 88' lang='lat' dir='ltr'><strong>habere</strong></span> <span class='ocrx_word' id='word_1_89' title='bbox 1019 1843 1402 1911; x_wconf 87' lang='lat' dir='ltr'><strong>imperatores.</strong></span> <span class='ocrx_word' id='word_1_90' title='bbox 1432 1840 1508 1894; x_wconf 85' lang='lat' dir='ltr'><strong>Ea</strong></span> <span class='ocrx_word' id='word_1_91' title='bbox 1550 1856 1639 1895; x_wconf 88' lang='lat' dir='ltr'><strong>res</strong></span> <span class='ocrx_word' id='word_1_92' title='bbox 1674 1838 2094 1896; x_wconf 88' lang='lat' dir='ltr'><strong>Constantinum</strong></span> <span class='ocrx_word' id='word_1_93' title='bbox 2142 1850 2357 1910; x_wconf 89' lang='lat' dir='ltr'><strong>pertur-</strong></span> 
     </span>
    </p>
   </div>
   <div class='ocr_carea' id='block_1_18' title="bbox 2464 630 4043 701">
    <p class='ocr_par' dir='ltr' id='par_1_18' title="bbox 2464 630 4043 701">
     <span class='ocr_line' id='line_1_18' title="bbox 2464 630 4043 701; baseline 0.002 -18"><span class='ocrx_word' id='word_1_94' title='bbox 2464 630 2643 684; x_wconf 83' lang='grc' dir='ltr'>κλείου</span> <span class='ocrx_word' id='word_1_95' title='bbox 2677 630 2783 682; x_wconf 81' lang='grc' dir='ltr'><strong>τῶν</strong></span> <span class='ocrx_word' id='word_1_96' title='bbox 2822 630 2965 682; x_wconf 75' lang='grc' dir='ltr'>ἰδίων</span> <span class='ocrx_word' id='word_1_97' title='bbox 2999 630 3267 700; x_wconf 82' lang='grc' dir='ltr'>ἀδελφῶν.</span> <span class='ocrx_word' id='word_1_98' title='bbox 3300 632 3564 701; x_wconf 83' lang='grc' dir='ltr'>Ἀπὲτεμε</span> <span class='ocrx_word' id='word_1_99' title='bbox 3599 632 3654 685; x_wconf 85' lang='grc' dir='ltr'><strong>δὲ</strong></span> <span class='ocrx_word' id='word_1_100' title='bbox 3687 634 3780 685; x_wconf 67' lang='grc' dir='ltr'><strong>καὶ</strong></span> <span class='ocrx_word' id='word_1_101' title='bbox 3818 632 4043 686; x_wconf 67' lang='grc' dir='ltr'>Ίουστι-</span> 
     </span>
    </p>
   </div>
   <div class='ocr_carea' id='block_1_19' title="bbox 2460 722 4047 796">
    <p class='ocr_par' dir='ltr' id='par_1_19' title="bbox 2460 722 4047 796">
     <span class='ocr_line' id='line_1_19' title="bbox 2460 722 4047 796; baseline 0.001 -20"><span class='ocrx_word' id='word_1_102' title='bbox 2460 722 2640 776; x_wconf 71' lang='grc' dir='ltr'>νιανὸν</span> <span class='ocrx_word' id='word_1_103' title='bbox 2662 722 2753 775; x_wconf 76' lang='grc' dir='ltr'><strong>τὸν</strong></span> <span class='ocrx_word' id='word_1_104' title='bbox 2776 722 3086 792; x_wconf 87' lang='grc' dir='ltr'>πατρίκιον,</span> <span class='ocrx_word' id='word_1_105' title='bbox 3110 722 3202 775; x_wconf 80' lang='grc' dir='ltr'><strong>τὸν</strong></span> <span class='ocrx_word' id='word_1_106' title='bbox 3224 725 3439 795; x_wconf 82' lang='grc' dir='ltr'>πατέρα</span> <span class='ocrx_word' id='word_1_107' title='bbox 3458 722 3553 777; x_wconf 82' lang='grc' dir='ltr'>τοῦ</span> <span class='ocrx_word' id='word_1_108' title='bbox 3578 725 3734 792; x_wconf 79' lang='grc' dir='ltr'>ἁγίου</span> <span class='ocrx_word' id='word_1_109' title='bbox 3760 726 3824 778; x_wconf 88' lang='grc' dir='ltr'>Γε</span> <span class='ocrx_word' id='word_1_110' title='bbox 3835 744 3867 796; x_wconf 90' lang='grc' dir='ltr'><strong>ρ</strong></span> <span class='ocrx_word' id='word_1_111' title='bbox 3875 726 4047 795; x_wconf 78' lang='grc' dir='ltr'>μανοῦ</span> 
     </span>
    </p>
   </div>
   <div class='ocr_carea' id='block_1_20' title="bbox 2460 814 4049 887">
    <p class='ocr_par' dir='ltr' id='par_1_20' title="bbox 2460 814 4049 887">
     <span class='ocr_line' id='line_1_20' title="bbox 2460 814 4049 887; baseline 0.001 -19"><span class='ocrx_word' id='word_1_112' title='bbox 2460 815 2555 868; x_wconf 78' lang='grc' dir='ltr'><strong>τοῦ</strong></span> <span class='ocrx_word' id='word_1_113' title='bbox 2595 814 2960 883; x_wconf 86' lang='grc' dir='ltr'>πατριάρχου.</span> <span class='ocrx_word' id='word_1_114' title='bbox 2996 814 3101 867; x_wconf 83' lang='grc' dir='ltr'>Τὸν</span> <span class='ocrx_word' id='word_1_115' title='bbox 3136 814 3192 868; x_wconf 75' lang='grc' dir='ltr'><strong>δὲ</strong></span> <span class='ocrx_word' id='word_1_116' title='bbox 3234 815 3509 885; x_wconf 84' lang='grc' dir='ltr'>Γερμανὸν</span> <span class='ocrx_word' id='word_1_117' title='bbox 3545 816 3884 887; x_wconf 72' lang='grc' dir='ltr'>τραχύτερεν</span> <span class='ocrx_word' id='word_1_118' title='bbox 3921 818 4049 870; x_wconf 71' lang='grc' dir='ltr'>ὄντα</span> 
     </span>
    </p>
   </div>
   <div class='ocr_carea' id='block_1_21' title="bbox 2462 905 4050 980">
    <p class='ocr_par' dir='ltr' id='par_1_21' title="bbox 2462 905 4050 980">
     <span class='ocr_line' id='line_1_21' title="bbox 2462 905 4050 980; baseline 0 -21"><span class='ocrx_word' id='word_1_119' title='bbox 2462 906 2745 976; x_wconf 75' lang='grc' dir='ltr'>εὐνούχισε</span> <span class='ocrx_word' id='word_1_120' title='bbox 2767 922 2780 935; x_wconf 89' lang='grc'><strong>·</strong></span> <span class='ocrx_word' id='word_1_121' title='bbox 2808 907 2899 959; x_wconf 81' lang='grc' dir='ltr'><strong>τὸν</strong></span> <span class='ocrx_word' id='word_1_122' title='bbox 2924 907 2979 964; x_wconf 86' lang='grc' dir='ltr'><strong>δὲ</strong></span> <span class='ocrx_word' id='word_1_123' title='bbox 3003 905 3103 976; x_wconf 84' lang='grc' dir='ltr'>τῆς</span> <span class='ocrx_word' id='word_1_124' title='bbox 3131 907 3534 977; x_wconf 79' lang='grc' dir='ltr'>πατριαρχείας</span> <span class='ocrx_word' id='word_1_125' title='bbox 3562 907 3750 978; x_wconf 81' lang='grc' dir='ltr'>θρόνον</span> <span class='ocrx_word' id='word_1_126' title='bbox 3775 908 4050 980; x_wconf 71' lang='grc' dir='ltr'>Γεωργιιις</span> 
     </span>
    </p>
   </div>
   <div class='ocr_carea' id='block_1_22' title="bbox 2459 995 2595 1069">
    <p class='ocr_par' dir='ltr' id='par_1_22' title="bbox 2459 995 2595 1069">
     <span class='ocr_line' id='line_1_22' title="bbox 2459 995 2595 1069; baseline 0 -18"><span class='ocrx_word' id='word_1_127' title='bbox 2459 995 2595 1069; x_wconf 78' lang='grc' dir='ltr'>εἶχε.</span> 
     </span>
    </p>
   </div>
   <div class='ocr_carea' id='block_1_23' title="bbox 2529 1111 4051 1181">
    <p class='ocr_par' dir='ltr' id='par_1_23' title="bbox 2529 1111 4051 1181">
     <span class='ocr_line' id='line_1_23' title="bbox 2529 1111 4051 1181; baseline 0 -17"><span class='ocrx_word' id='word_1_128' title='bbox 2529 1113 2939 1175; x_wconf 71' lang='grc' dir='ltr'>Κωνσταντῖνος</span> <span class='ocrx_word' id='word_1_129' title='bbox 2959 1112 2988 1165; x_wconf 83' lang='grc' dir='ltr'>ὁ</span> <span class='ocrx_word' id='word_1_130' title='bbox 3008 1111 3120 1176; x_wconf 54' lang='lat' dir='ltr'><strong>uit;</strong></span> <span class='ocrx_word' id='word_1_131' title='bbox 3138 1112 3492 1175; x_wconf 80' lang='grc' dir='ltr'>Κώνσταντος</span> <span class='ocrx_word' id='word_1_132' title='bbox 3512 1113 3537 1165; x_wconf 77' lang='grc' dir='ltr'><strong>ὁ</strong></span> <span class='ocrx_word' id='word_1_133' title='bbox 3555 1113 3895 1179; x_wconf 81' lang='grc' dir='ltr'>Πωγωνάτος</span> <span class='ocrx_word' id='word_1_134' title='bbox 3914 1112 4051 1181; x_wconf 68' lang='lat'><strong>(8‘2),</strong></span> 
     </span>
    </p>
   </div>
   <div class='ocr_carea' id='block_1_24' title="bbox 2458 1203 4057 1275">
    <p class='ocr_par' dir='ltr' id='par_1_24' title="bbox 2458 1203 4057 1275">
     <span class='ocr_line' id='line_1_24' title="bbox 2458 1203 4057 1275; baseline 0.001 -19"><span class='ocrx_word' id='word_1_135' title='bbox 2458 1203 2760 1274; x_wconf 79' lang='grc' dir='ltr'>ὀρΘόδοξος,</span> <span class='ocrx_word' id='word_1_136' title='bbox 2786 1204 3136 1258; x_wconf 78' lang='grc' dir='ltr'>ἐϐασίλευσεν</span> <span class='ocrx_word' id='word_1_137' title='bbox 3159 1204 3254 1275; x_wconf 73' lang='grc' dir='ltr'>ἔτη</span> <span class='ocrx_word' id='word_1_138' title='bbox 3285 1206 3370 1270; x_wconf 75' lang='grc' dir='ltr'>ιζ’.</span> <span class='ocrx_word' id='word_1_139' title='bbox 3392 1205 3595 1261; x_wconf 83' lang='grc' dir='ltr'>Τούτου</span> <span class='ocrx_word' id='word_1_140' title='bbox 3621 1205 3699 1275; x_wconf 83' lang='grc' dir='ltr'>τῷ</span> <span class='ocrx_word' id='word_1_141' title='bbox 3743 1212 3788 1258; x_wconf 85' lang='grc' dir='ltr'>α’</span> <span class='ocrx_word' id='word_1_142' title='bbox 3820 1206 3932 1258; x_wconf 75' lang='grc' dir='ltr'>ἔτει</span> <span class='ocrx_word' id='word_1_143' title='bbox 3961 1206 4057 1258; x_wconf 76' lang='grc' dir='ltr'><strong>ἐπ-</strong></span> 
     </span>
    </p>
   </div>
   <div class='ocr_carea' id='block_1_25' title="bbox 2458 1296 4057 1369">
    <p class='ocr_par' dir='ltr' id='par_1_25' title="bbox 2458 1296 4057 1369">
     <span class='ocr_line' id='line_1_25' title="bbox 2458 1296 4057 1369; baseline -0.002 -19"><span class='ocrx_word' id='word_1_144' title='bbox 2458 1298 2824 1366; x_wconf 74' lang='grc' dir='ltr'>εστράτευσαν</span> <span class='ocrx_word' id='word_1_145' title='bbox 2855 1298 3162 1369; x_wconf 68' lang='grc' dir='ltr'>Σαρακηνοὶ</span> <span class='ocrx_word' id='word_1_146' title='bbox 3200 1299 3299 1366; x_wconf 84' lang='grc' dir='ltr'><strong>τὴν</strong></span> <span class='ocrx_word' id='word_1_147' title='bbox 3329 1296 3614 1369; x_wconf 80' lang='grc' dir='ltr'><strong>Ἀφρικὴν,</strong></span> <span class='ocrx_word' id='word_1_148' title='bbox 3658 1299 3750 1350; x_wconf 77' lang='grc' dir='ltr'>καὶ</span> <span class='ocrx_word' id='word_1_149' title='bbox 3793 1296 4057 1367; x_wconf 66' lang='grc' dir='ltr'>ᾐχμαλώ-</span> 
     </span>
    </p>
   </div>
   <div class='ocr_carea' id='block_1_26' title="bbox 2456 1390 4055 1462">
    <p class='ocr_par' dir='ltr' id='par_1_26' title="bbox 2456 1390 4055 1462">
     <span class='ocr_line' id='line_1_26' title="bbox 2456 1390 4055 1462; baseline -0.003 -19"><span class='ocrx_word' id='word_1_150' title='bbox 2456 1407 2656 1443; x_wconf 86' lang='grc' dir='ltr'>τευσαν</span> <span class='ocrx_word' id='word_1_151' title='bbox 2682 1392 2925 1460; x_wconf 85' lang='grc' dir='ltr'>χιλιάδας</span> <span class='ocrx_word' id='word_1_152' title='bbox 2954 1398 3025 1445; x_wconf 87' lang='grc' dir='ltr'>π’.</span> <span class='ocrx_word' id='word_1_153' title='bbox 3056 1394 3118 1448; x_wconf 78' lang='grc' dir='ltr'><strong>Οἱ</strong></span> <span class='ocrx_word' id='word_1_154' title='bbox 3151 1392 3207 1445; x_wconf 84' lang='grc' dir='ltr'><strong>δὲ</strong></span> <span class='ocrx_word' id='word_1_155' title='bbox 3238 1390 3331 1444; x_wconf 82' lang='grc' dir='ltr'>τοῦ</span> <span class='ocrx_word' id='word_1_156' title='bbox 3365 1391 3601 1462; x_wconf 80' lang='grc' dir='ltr'>θέματος</span> <span class='ocrx_word' id='word_1_157' title='bbox 3631 1391 3738 1444; x_wconf 81' lang='grc' dir='ltr'><strong>τῶν</strong></span> <span class='ocrx_word' id='word_1_158' title='bbox 3769 1390 4055 1444; x_wconf 79' lang='grc' dir='ltr'>Ἀνατολι-</span> 
     </span>
    </p>
   </div>
   <div class='ocr_carea' id='block_1_27' title="bbox 2458 1483 4053 1558">
    <p class='ocr_par' dir='ltr' id='par_1_27' title="bbox 2458 1483 4053 1558">
     <span class='ocr_line' id='line_1_27' title="bbox 2458 1483 4053 1558; baseline -0.002 -18"><span class='ocrx_word' id='word_1_159' title='bbox 2458 1486 2572 1551; x_wconf 84' lang='grc' dir='ltr'>κῶν</span> <span class='ocrx_word' id='word_1_160' title='bbox 2614 1483 2778 1558; x_wconf 78' lang='grc' dir='ltr'>ἦλθον</span> <span class='ocrx_word' id='word_1_161' title='bbox 2820 1490 2880 1541; x_wconf 67' lang='grc' dir='ltr'>ἐν</span> <span class='ocrx_word' id='word_1_162' title='bbox 2919 1489 3258 1558; x_wconf 70' lang='grc' dir='ltr'><strong>Χρυσοπόλει</strong></span> <span class='ocrx_word' id='word_1_163' title='bbox 3288 1488 3562 1556; x_wconf 81' lang='grc' dir='ltr'>λέγοντες,</span> <span class='ocrx_word' id='word_1_164' title='bbox 3603 1487 3682 1541; x_wconf 80' lang='grc' dir='ltr'><strong>ὅτι</strong></span> <span class='ocrx_word' id='word_1_165' title='bbox 3709 1486 3801 1549; x_wconf 74' lang='grc' dir='ltr'><strong>Εἰς</strong></span> <span class='ocrx_word' id='word_1_166' title='bbox 3839 1484 4053 1557; x_wconf 71' lang='grc' dir='ltr'>Τριάδα</span> 
     </span>
    </p>
   </div>
   <div class='ocr_carea' id='block_1_28' title="bbox 2458 1576 4056 1649">
    <p class='ocr_par' dir='ltr' id='par_1_28' title="bbox 2458 1576 4056 1649">
     <span class='ocr_line' id='line_1_28' title="bbox 2458 1576 4056 1649; baseline -0.004 -16"><span class='ocrx_word' id='word_1_167' title='bbox 2458 1578 2813 1648; x_wconf 76' lang='grc' dir='ltr'><strong>πιστεύομεν,</strong></span> <span class='ocrx_word' id='word_1_168' title='bbox 2838 1580 2963 1643; x_wconf 75' lang='grc' dir='ltr'>τοὺς</span> <span class='ocrx_word' id='word_1_169' title='bbox 2990 1580 3139 1648; x_wconf 81' lang='grc' dir='ltr'>τρεῖς</span> <span class='ocrx_word' id='word_1_170' title='bbox 3166 1577 3476 1649; x_wconf 69' lang='grc' dir='ltr'>στέφωμεν.</span> <span class='ocrx_word' id='word_1_171' title='bbox 3493 1576 3799 1647; x_wconf 86' lang='grc' dir='ltr'>Ἐταράχθη</span> <span class='ocrx_word' id='word_1_172' title='bbox 3822 1576 3880 1629; x_wconf 81' lang='grc' dir='ltr'><strong>δὲ</strong></span> <span class='ocrx_word' id='word_1_173' title='bbox 3903 1578 4056 1630; x_wconf 74' lang='grc' dir='ltr'>Κωνο</span> 
     </span>
    </p>
   </div>
   <div class='ocr_carea' id='block_1_29' title="bbox 2458 1665 4056 1740">
    <p class='ocr_par' dir='ltr' id='par_1_29' title="bbox 2458 1665 4056 1740">
     <span class='ocr_line' id='line_1_29' title="bbox 2458 1665 4056 1740; baseline 0 -19"><span class='ocrx_word' id='word_1_174' title='bbox 2458 1671 2737 1734; x_wconf 84' lang='grc' dir='ltr'>σταντῖνος</span> <span class='ocrx_word' id='word_1_175' title='bbox 2762 1686 2775 1699; x_wconf 83' lang='grc'><strong>·</strong></span> <span class='ocrx_word' id='word_1_176' title='bbox 2827 1670 2986 1739; x_wconf 74' lang='grc' dir='ltr'>μόνος</span> <span class='ocrx_word' id='word_1_177' title='bbox 3027 1671 3135 1740; x_wconf 79' lang='grc' dir='ltr'><strong>γάρ</strong></span> <span class='ocrx_word' id='word_1_178' title='bbox 3175 1669 3337 1732; x_wconf 74' lang='grc' dir='ltr'>αὐτὸς</span> <span class='ocrx_word' id='word_1_179' title='bbox 3382 1665 3451 1740; x_wconf 73' lang='grc' dir='ltr'>ἦν</span> <span class='ocrx_word' id='word_1_180' title='bbox 3494 1669 3862 1738; x_wconf 73' lang='grc' dir='ltr'>ἐστεμμένος,</span> <span class='ocrx_word' id='word_1_181' title='bbox 3904 1668 3953 1719; x_wconf 77' lang='lat' dir='ltr'><strong>ot</strong></span> <span class='ocrx_word' id='word_1_182' title='bbox 3998 1668 4056 1721; x_wconf 80' lang='grc' dir='ltr'><strong>δὲ</strong></span> 
     </span>
    </p>
   </div>
   <div class='ocr_carea' id='block_1_30' title="bbox 2456 1755 4056 1833">
    <p class='ocr_par' dir='ltr' id='par_1_30' title="bbox 2456 1755 4056 1833">
     <span class='ocr_line' id='line_1_30' title="bbox 2456 1755 4056 1833; baseline -0.003 -18"><span class='ocrx_word' id='word_1_183' title='bbox 2456 1762 2677 1832; x_wconf 74' lang='grc' dir='ltr'>ἀδελφοὶ</span> <span class='ocrx_word' id='word_1_184' title='bbox 2711 1762 2877 1816; x_wconf 79' lang='grc' dir='ltr'>αὑτοῦ</span> <span class='ocrx_word' id='word_1_185' title='bbox 2911 1763 3162 1833; x_wconf 81' lang='grc' dir='ltr'>Τιϐέριος</span> <span class='ocrx_word' id='word_1_186' title='bbox 3198 1761 3290 1815; x_wconf 73' lang='grc' dir='ltr'>καὶ</span> <span class='ocrx_word' id='word_1_187' title='bbox 3324 1761 3646 1831; x_wconf 73' lang='grc' dir='ltr'>Ἡράκλειος</span> <span class='ocrx_word' id='word_1_188' title='bbox 3678 1759 3938 1827; x_wconf 80' lang='grc' dir='ltr'><strong>οὐδεμίαν</strong></span> <span class='ocrx_word' id='word_1_189' title='bbox 3974 1755 4056 1811; x_wconf 74' lang='grc' dir='ltr'><strong>εἷο</strong></span> 
     </span>
    </p>
   </div>
   <div class='ocr_carea' id='block_1_31' title="bbox 2456 1849 4058 1925">
    <p class='ocr_par' dir='ltr' id='par_1_31' title="bbox 2456 1849 4058 1925">
     <span class='ocr_line' id='line_1_31' title="bbox 2456 1849 4058 1925; baseline -0.003 -18"><span class='ocrx_word' id='word_1_190' title='bbox 2456 1873 2549 1925; x_wconf 83' lang='grc' dir='ltr'><strong>χον</strong></span> <span class='ocrx_word' id='word_1_191' title='bbox 2583 1855 2759 1920; x_wconf 78' lang='grc' dir='ltr'>ἀξίαν.</span> <span class='ocrx_word' id='word_1_192' title='bbox 2797 1856 2905 1909; x_wconf 79' lang='grc' dir='ltr'><strong>Καὶ</strong></span> <span class='ocrx_word' id='word_1_193' title='bbox 2940 1856 3268 1917; x_wconf 82' lang='grc' dir='ltr'>ἀποστείλας</span> <span class='ocrx_word' id='word_1_194' title='bbox 3302 1856 3575 1925; x_wconf 72' lang='grc' dir='ltr'>ἐκράτησε</span> <span class='ocrx_word' id='word_1_195' title='bbox 3612 1851 3711 1924; x_wconf 77' lang='grc' dir='ltr'><strong>[Ρ.</strong></span> <span class='ocrx_word' id='word_1_196' title='bbox 3748 1849 3890 1922; x_wconf 70' lang='grc'><strong>437]</strong></span> <span class='ocrx_word' id='word_1_197' title='bbox 3924 1852 4058 1910; x_wconf 78' lang='grc' dir='ltr'>τοὺς</span> 
     </span>
    </p>
   </div>
   <div class='ocr_carea' id='block_1_32' title="bbox 776 1932 2360 2017">
    <p class='ocr_par' dir='ltr' id='par_1_32' title="bbox 776 1932 2358 2005">
     <span class='ocr_line' id='line_1_32' title="bbox 776 1932 2358 2005; baseline 0.002 -19"><span class='ocrx_word' id='word_1_198' title='bbox 776 1932 946 1997; x_wconf 89' lang='lat' dir='ltr'><strong>havit,</strong></span> <span class='ocrx_word' id='word_1_199' title='bbox 1006 1949 1128 1987; x_wconf 90' lang='lat' dir='ltr'><strong>cum</strong></span> <span class='ocrx_word' id='word_1_200' title='bbox 1182 1935 1335 1988; x_wconf 88' lang='lat' dir='ltr'><strong>solus</strong></span> <span class='ocrx_word' id='word_1_201' title='bbox 1391 1935 1507 2001; x_wconf 89' lang='lat' dir='ltr'><strong>ipse</strong></span> <span class='ocrx_word' id='word_1_202' title='bbox 1545 1942 1842 1987; x_wconf 89' lang='lat' dir='ltr'><strong>coronatus</strong></span> <span class='ocrx_word' id='word_1_203' title='bbox 1904 1932 2120 1997; x_wconf 79' lang='lat' dir='ltr'><strong>fuisset,</strong></span> <span class='ocrx_word' id='word_1_204' title='bbox 2182 1950 2358 2005; x_wconf 88' lang='lat' dir='ltr'><strong>neque</strong></span> 
     </span>
    </p>
   </div>
   <div class='ocr_carea' id='block_1_33' title="bbox 2462 1932 4055 2017">
    <p class='ocr_par' dir='ltr' id='par_1_33' title="bbox 2462 1941 4055 2017">
     <span class='ocr_line' id='line_1_33' title="bbox 2462 1941 4055 2017; baseline -0.005 -17"><span class='ocrx_word' id='word_1_205' title='bbox 2462 1944 2711 2015; x_wconf 82' lang='grc' dir='ltr'>πρώτους</span> <span class='ocrx_word' id='word_1_206' title='bbox 2747 1946 2947 2017; x_wconf 67' lang='grc' dir='ltr'><strong>αὐτῶν¹</strong></span> <span class='ocrx_word' id='word_1_207' title='bbox 2983 1947 3080 1999; x_wconf 76' lang='grc' dir='ltr'>καὶ</span> <span class='ocrx_word' id='word_1_208' title='bbox 3113 1946 3435 2013; x_wconf 71' lang='grc' dir='ltr'>εφούλκισεν</span> <span class='ocrx_word' id='word_1_209' title='bbox 3471 1943 3583 2015; x_wconf 82' lang='grc'><strong>(85)</strong></span> <span class='ocrx_word' id='word_1_210' title='bbox 3618 1945 3675 1995; x_wconf 80' lang='grc' dir='ltr'>ὲν</span> <span class='ocrx_word' id='word_1_211' title='bbox 3708 1943 3910 2003; x_wconf 84' lang='grc' dir='ltr'>Συκαῑς</span> <span class='ocrx_word' id='word_1_212' title='bbox 3937 1957 3951 1969; x_wconf 81' lang='lat'><strong>&#39;</strong></span> <span class='ocrx_word' id='word_1_213' title='bbox 4007 1941 4055 1993; x_wconf 81' lang='lat' dir='ltr'><strong>oi</strong></span> 
     </span>
    </p>
   </div>
   <div class='ocr_carea' id='block_1_34' title="bbox 774 2023 2350 2095">
    <p class='ocr_par' dir='ltr' id='par_1_34' title="bbox 774 2023 2350 2095">
     <span class='ocr_line' id='line_1_34' title="bbox 774 2023 2350 2095; baseline 0.002 -18"><span class='ocrx_word' id='word_1_214' title='bbox 774 2026 1002 2079; x_wconf 78' lang='lat' dir='ltr'><strong>fratrum</strong></span> <span class='ocrx_word' id='word_1_215' title='bbox 1034 2026 1151 2095; x_wconf 86' lang='lat' dir='ltr'><strong>ejus</strong></span> <span class='ocrx_word' id='word_1_216' title='bbox 1178 2024 1384 2085; x_wconf 84' lang='lat' dir='ltr'><strong>Tiberii</strong></span> <span class='ocrx_word' id='word_1_217' title='bbox 1440 2031 1495 2085; x_wconf 91' lang='lat' dir='ltr'><strong>et</strong></span> <span class='ocrx_word' id='word_1_218' title='bbox 1535 2023 1770 2085; x_wconf 85' lang='lat' dir='ltr'><strong>lleraclii</strong></span> <span class='ocrx_word' id='word_1_219' title='bbox 1832 2024 1942 2077; x_wconf 90' lang='lat' dir='ltr'><strong>nlla</strong></span> <span class='ocrx_word' id='word_1_220' title='bbox 1993 2032 2139 2080; x_wconf 88' lang='lat' dir='ltr'><strong>esset</strong></span> <span class='ocrx_word' id='word_1_221' title='bbox 2168 2026 2350 2092; x_wconf 74' lang='lat' dir='ltr'><strong>digni-</strong></span> 
     </span>
    </p>
   </div>
   <div class='ocr_carea' id='block_1_35' title="bbox 774 2118 2354 2190">
    <p class='ocr_par' dir='ltr' id='par_1_35' title="bbox 774 2118 2354 2190">
     <span class='ocr_line' id='line_1_35' title="bbox 774 2118 2354 2190; baseline 0.003 -22"><span class='ocrx_word' id='word_1_222' title='bbox 774 2132 881 2176; x_wconf 79' lang='lat' dir='ltr'><strong>tas.</strong></span> <span class='ocrx_word' id='word_1_223' title='bbox 914 2118 1096 2175; x_wconf 79' lang='lat' dir='ltr'><strong>Missis</strong></span> <span class='ocrx_word' id='word_1_224' title='bbox 1125 2121 1291 2190; x_wconf 84' lang='lat' dir='ltr'><strong>igitur</strong></span> <span class='ocrx_word' id='word_1_225' title='bbox 1329 2120 1596 2179; x_wconf 88' lang='lat' dir='ltr'><strong>ministris</strong></span> <span class='ocrx_word' id='word_1_226' title='bbox 1620 2119 1893 2189; x_wconf 89' lang='lat' dir='ltr'><strong>primores</strong></span> <span class='ocrx_word' id='word_1_227' title='bbox 1954 2132 2146 2178; x_wconf 87' lang='lat' dir='ltr'><strong>eorum</strong></span> <span class='ocrx_word' id='word_1_228' title='bbox 2208 2136 2354 2173; x_wconf 88' lang='lat' dir='ltr'><strong>coni-</strong></span> 
     </span>
    </p>
   </div>
   <div class='ocr_carea' id='block_1_36' title="bbox 2462 2035 4061 2110">
    <p class='ocr_par' dir='ltr' id='par_1_36' title="bbox 2462 2035 4061 2110">
     <span class='ocr_line' id='line_1_36' title="bbox 2462 2035 4061 2110; baseline -0.004 -19"><span class='ocrx_word' id='word_1_229' title='bbox 2462 2038 2518 2091; x_wconf 85' lang='grc' dir='ltr'><strong>δὲ</strong></span> <span class='ocrx_word' id='word_1_230' title='bbox 2548 2037 2725 2092; x_wconf 75' lang='grc' dir='ltr'>λοιποὶ</span> <span class='ocrx_word' id='word_1_231' title='bbox 2756 2038 2978 2107; x_wconf 76' lang='grc' dir='ltr'>ἔφυγον,</span> <span class='ocrx_word' id='word_1_232' title='bbox 3008 2038 3067 2093; x_wconf 89' lang='lat'><strong>&#39;0</strong></span> <span class='ocrx_word' id='word_1_233' title='bbox 3096 2039 3152 2093; x_wconf 83' lang='grc' dir='ltr'><strong>δὲ</strong></span> <span class='ocrx_word' id='word_1_234' title='bbox 3185 2038 3438 2110; x_wconf 82' lang='grc' dir='ltr'>βασιλεὺς</span> <span class='ocrx_word' id='word_1_235' title='bbox 3464 2038 3590 2100; x_wconf 75' lang='grc' dir='ltr'>τοὺς</span> <span class='ocrx_word' id='word_1_236' title='bbox 3620 2036 3879 2104; x_wconf 74' lang='grc' dir='ltr'>ἀδελφοὺς</span> <span class='ocrx_word' id='word_1_237' title='bbox 3908 2035 4061 2105; x_wconf 76' lang='grc' dir='ltr'><strong>ὲῤῥισ</strong></span> 
     </span>
    </p>
   </div>
   <div class='ocr_carea' id='block_1_37' title="bbox 2466 2131 2759 2202">
    <p class='ocr_par' dir='ltr' id='par_1_37' title="bbox 2466 2131 2759 2202">
     <span class='ocr_line' id='line_1_37' title="bbox 2466 2131 2759 2202; baseline 0.014 -18"><span class='ocrx_word' id='word_1_238' title='bbox 2466 2131 2759 2202; x_wconf 82' lang='grc' dir='ltr'>νοκόπησε.</span> 
     </span>
    </p>
   </div>
   <div class='ocr_carea' id='block_1_38' title="bbox 772 2208 4098 2297">
    <p class='ocr_par' dir='ltr' id='par_1_38' title="bbox 772 2208 4098 2297">
     <span class='ocr_line' id='line_1_38' title="bbox 772 2208 4098 2297; baseline 0.002 -34"><span class='ocrx_word' id='word_1_239' title='bbox 772 2213 1081 2279; x_wconf 84' lang='lat' dir='ltr'><strong>prehendit,</strong></span> <span class='ocrx_word' id='word_1_240' title='bbox 1118 2225 1183 2264; x_wconf 88' lang='lat' dir='ltr'><strong>ae</strong></span> <span class='ocrx_word' id='word_1_241' title='bbox 1223 2211 1279 2265; x_wconf 92' lang='lat' dir='ltr'><strong>in</strong></span> <span class='ocrx_word' id='word_1_242' title='bbox 1322 2209 1476 2282; x_wconf 84' lang='lat' dir='ltr'><strong>Sycis</strong></span> <span class='ocrx_word' id='word_1_243' title='bbox 1506 2208 1690 2280; x_wconf 85' lang='lat' dir='ltr'><strong>(Ficus</strong></span> <span class='ocrx_word' id='word_1_244' title='bbox 1739 2210 1966 2276; x_wconf 82' lang='lat' dir='ltr'><strong>dixeris,</strong></span> <span class='ocrx_word' id='word_1_245' title='bbox 2021 2211 2347 2267; x_wconf 86' lang='lat' dir='ltr'><strong>suburbium</strong></span> <span class='ocrx_word' id='word_1_246' title='bbox 2389 2228 2473 2274; x_wconf 88' lang='lat' dir='ltr'><strong>est</strong></span> <span class='ocrx_word' id='word_1_247' title='bbox 2510 2222 2782 2295; x_wconf 76' lang='lat' dir='ltr'><strong>Byzantii)</strong></span> <span class='ocrx_word' id='word_1_248' title='bbox 2850 2224 3124 2297; x_wconf 85' lang='lat' dir='ltr'><strong>supplicio</strong></span> <span class='ocrx_word' id='word_1_249' title='bbox 3210 2221 3434 2280; x_wconf 69' lang='lat' dir='ltr'><strong>affecit:</strong></span> <span class='ocrx_word' id='word_1_250' title='bbox 3504 2236 3567 2278; x_wconf 83' lang='lat' dir='ltr'><strong>ea</strong></span> <span class='ocrx_word' id='word_1_251' title='bbox 3637 2236 3725 2277; x_wconf 89' lang='lat' dir='ltr'><strong>res</strong></span> <span class='ocrx_word' id='word_1_252' title='bbox 3807 2221 4054 2291; x_wconf 73' lang='lat' dir='ltr'><strong>reliquus</strong></span> <span class='ocrx_word' id='word_1_253' title='bbox 4090 2258 4098 2265; x_wconf 90' lang='lat'><strong>.</strong></span> 
     </span>
    </p>
   </div>
   <div class='ocr_carea' id='block_1_39' title="bbox 772 2301 2691 2383">
    <p class='ocr_par' dir='ltr' id='par_1_39' title="bbox 772 2301 2691 2383">
     <span class='ocr_line' id='line_1_39' title="bbox 772 2301 2691 2383; baseline 0.004 -26"><span class='ocrx_word' id='word_1_254' title='bbox 772 2307 987 2369; x_wconf 79' lang='lat' dir='ltr'><strong>torruit,</strong></span> <span class='ocrx_word' id='word_1_255' title='bbox 1020 2306 1166 2374; x_wconf 89' lang='lat' dir='ltr'><strong>iique</strong></span> <span class='ocrx_word' id='word_1_256' title='bbox 1197 2302 1379 2375; x_wconf 81' lang='lat' dir='ltr'><strong>fugam</strong></span> <span class='ocrx_word' id='word_1_257' title='bbox 1409 2303 1674 2360; x_wconf 87' lang='lat' dir='ltr'><strong>fecerunt.</strong></span> <span class='ocrx_word' id='word_1_258' title='bbox 1702 2301 1987 2358; x_wconf 87' lang='lat' dir='ltr'><strong>Fratribus</strong></span> <span class='ocrx_word' id='word_1_259' title='bbox 2020 2319 2185 2373; x_wconf 84' lang='lat' dir='ltr'><strong>porro</strong></span> <span class='ocrx_word' id='word_1_260' title='bbox 2219 2320 2383 2363; x_wconf 87' lang='lat' dir='ltr'><strong>nasos</strong></span> <span class='ocrx_word' id='word_1_261' title='bbox 2422 2315 2691 2383; x_wconf 64' lang='lat' dir='ltr'><strong>praecidit,</strong></span> 
     </span>
    </p>
   </div>
   <div class='ocr_carea' id='block_1_40' title="bbox 842 2444 2369 2511">
    <p class='ocr_par' dir='ltr' id='par_1_40' title="bbox 842 2444 2369 2511">
     <span class='ocr_line' id='line_1_40' title="bbox 842 2444 2369 2511; baseline 0.003 -12"><span class='ocrx_word' id='word_1_262' title='bbox 842 2450 1001 2500; x_wconf 84' lang='lat' dir='ltr'><strong>Anno</strong></span> <span class='ocrx_word' id='word_1_263' title='bbox 1036 2445 1278 2500; x_wconf 86' lang='lat' dir='ltr'><strong>secundo</strong></span> <span class='ocrx_word' id='word_1_264' title='bbox 1328 2444 1523 2499; x_wconf 88' lang='lat' dir='ltr'><strong>hiemis</strong></span> <span class='ocrx_word' id='word_1_265' title='bbox 1575 2446 1919 2502; x_wconf 85' lang='lat' dir='ltr'><strong>vehementia</strong></span> <span class='ocrx_word' id='word_1_266' title='bbox 1957 2450 2160 2509; x_wconf 85' lang='lat' dir='ltr'><strong>multos</strong></span> <span class='ocrx_word' id='word_1_267' title='bbox 2189 2452 2369 2511; x_wconf 77' lang='lat' dir='ltr'><strong>homi.</strong></span> 
     </span>
    </p>
   </div>
   <div class='ocr_carea' id='block_1_41' title="bbox 770 2536 1752 2595">
    <p class='ocr_par' dir='ltr' id='par_1_41' title="bbox 770 2536 1752 2595">
     <span class='ocr_line' id='line_1_41' title="bbox 770 2536 1752 2595; baseline -0.004 0"><span class='ocrx_word' id='word_1_268' title='bbox 770 2555 869 2595; x_wconf 86' lang='lat' dir='ltr'><strong>nes</strong></span> <span class='ocrx_word' id='word_1_269' title='bbox 896 2549 949 2595; x_wconf 85' lang='lat' dir='ltr'><strong>et</strong></span> <span class='ocrx_word' id='word_1_270' title='bbox 981 2541 1141 2594; x_wconf 88' lang='lat' dir='ltr'><strong>bruta</strong></span> <span class='ocrx_word' id='word_1_271' title='bbox 1171 2536 1429 2591; x_wconf 86' lang='lat' dir='ltr'><strong>animalia</strong></span> <span class='ocrx_word' id='word_1_272' title='bbox 1455 2537 1752 2592; x_wconf 86' lang='lat' dir='ltr'><strong>interemit.</strong></span> 
     </span>
    </p>
   </div>
   <div class='ocr_carea' id='block_1_42' title="bbox 840 2629 2363 2705">
    <p class='ocr_par' dir='ltr' id='par_1_42' title="bbox 840 2629 2363 2705">
     <span class='ocr_line' id='line_1_42' title="bbox 840 2629 2363 2705; baseline 0.004 -22"><span class='ocrx_word' id='word_1_273' title='bbox 840 2631 999 2683; x_wconf 82' lang='lat' dir='ltr'><strong>Anno</strong></span> <span class='ocrx_word' id='word_1_274' title='bbox 1024 2629 1058 2683; x_wconf 77' lang='grc'><strong>4</strong></span> <span class='ocrx_word' id='word_1_275' title='bbox 1130 2630 1229 2683; x_wconf 88' lang='lat' dir='ltr'><strong>iris</strong></span> <span class='ocrx_word' id='word_1_276' title='bbox 1266 2630 1319 2682; x_wconf 93' lang='lat' dir='ltr'><strong>in</strong></span> <span class='ocrx_word' id='word_1_277' title='bbox 1352 2633 1493 2689; x_wconf 67' lang='lat' dir='ltr'><strong>cmlo</strong></span> <span class='ocrx_word' id='word_1_278' title='bbox 1532 2631 1659 2684; x_wconf 90' lang='lat' dir='ltr'><strong>talis</strong></span> <span class='ocrx_word' id='word_1_279' title='bbox 1689 2632 1940 2700; x_wconf 85' lang='lat' dir='ltr'><strong>apparuit</strong></span> <span class='ocrx_word' id='word_1_280' title='bbox 1977 2640 2033 2687; x_wconf 93' lang='lat' dir='ltr'><strong>ut</strong></span> <span class='ocrx_word' id='word_1_281' title='bbox 2073 2634 2235 2705; x_wconf 87' lang='lat' dir='ltr'><strong>vulgo</strong></span> <span class='ocrx_word' id='word_1_282' title='bbox 2280 2634 2363 2689; x_wconf 90' lang='lat' dir='ltr'><strong>di-</strong></span> 
     </span>
    </p>
   </div>
   <div class='ocr_carea' id='block_1_43' title="bbox 770 2718 2363 2795">
    <p class='ocr_par' dir='ltr' id='par_1_43' title="bbox 770 2718 2363 2795">
     <span class='ocr_line' id='line_1_43' title="bbox 770 2718 2363 2795; baseline 0.004 -22"><span class='ocrx_word' id='word_1_283' title='bbox 770 2728 987 2774; x_wconf 84' lang='lat' dir='ltr'><strong>ceretur</strong></span> <span class='ocrx_word' id='word_1_284' title='bbox 1023 2718 1145 2774; x_wconf 86' lang='lat' dir='ltr'><strong>finis</strong></span> <span class='ocrx_word' id='word_1_285' title='bbox 1170 2719 1357 2773; x_wconf 88' lang='lat' dir='ltr'><strong>mundi</strong></span> <span class='ocrx_word' id='word_1_286' title='bbox 1404 2719 1634 2776; x_wconf 86' lang='lat' dir='ltr'><strong>instare.</strong></span> <span class='ocrx_word' id='word_1_287' title='bbox 1662 2718 1957 2777; x_wconf 87' lang='lat' dir='ltr'><strong>Sarraceni</strong></span> <span class='ocrx_word' id='word_1_288' title='bbox 1986 2732 2171 2778; x_wconf 88' lang='lat' dir='ltr'><strong>autem</strong></span> <span class='ocrx_word' id='word_1_289' title='bbox 2208 2741 2363 2795; x_wconf 85' lang='lat' dir='ltr'><strong>mag-</strong></span> 
     </span>
    </p>
   </div>
   <div class='ocr_carea' id='block_1_44' title="bbox 772 2812 2358 2890">
    <p class='ocr_par' dir='ltr' id='par_1_44' title="bbox 772 2812 2358 2890">
     <span class='ocr_line' id='line_1_44' title="bbox 772 2812 2358 2890; baseline 0.005 -25"><span class='ocrx_word' id='word_1_290' title='bbox 772 2827 838 2865; x_wconf 91' lang='lat' dir='ltr'><strong>na</strong></span> <span class='ocrx_word' id='word_1_291' title='bbox 894 2812 1170 2866; x_wconf 88' lang='lat' dir='ltr'><strong>instructa</strong></span> <span class='ocrx_word' id='word_1_292' title='bbox 1244 2812 1423 2871; x_wconf 83' lang='lat' dir='ltr'><strong>classe</strong></span> <span class='ocrx_word' id='word_1_293' title='bbox 1486 2812 1541 2866; x_wconf 88' lang='lat' dir='ltr'><strong>in</strong></span> <span class='ocrx_word' id='word_1_294' title='bbox 1599 2812 1845 2871; x_wconf 83' lang='lat' dir='ltr'><strong>Ciliciam</strong></span> <span class='ocrx_word' id='word_1_295' title='bbox 1887 2815 2049 2872; x_wconf 88' lang='lat' dir='ltr'><strong>delati</strong></span> <span class='ocrx_word' id='word_1_296' title='bbox 2109 2816 2358 2890; x_wconf 76' lang='lat' dir='ltr'><strong>Smyrna:</strong></span> 
     </span>
    </p>
   </div>
   <div class='ocr_carea' id='block_1_45' title="bbox 770 2904 1176 2958">
    <p class='ocr_par' dir='ltr' id='par_1_45' title="bbox 770 2904 1176 2958">
     <span class='ocr_line' id='line_1_45' title="bbox 770 2904 1176 2958; baseline 0 -1"><span class='ocrx_word' id='word_1_297' title='bbox 770 2904 1176 2958; x_wconf 84' lang='lat' dir='ltr'><strong>hieniaverunt.</strong></span> 
     </span>
    </p>
   </div>
   <div class='ocr_carea' id='block_1_46' title="bbox 840 3017 2356 3085">
    <p class='ocr_par' dir='ltr' id='par_1_46' title="bbox 840 3017 2356 3085">
     <span class='ocr_line' id='line_1_46' title="bbox 840 3017 2356 3085; baseline 0.004 -14"><span class='ocrx_word' id='word_1_298' title='bbox 840 3019 1000 3073; x_wconf 89' lang='lat' dir='ltr'><strong>Anno</strong></span> <span class='ocrx_word' id='word_1_299' title='bbox 1032 3019 1065 3072; x_wconf 79' lang='lat'><strong>5</strong></span> <span class='ocrx_word' id='word_1_300' title='bbox 1112 3017 1201 3072; x_wconf 90' lang='lat' dir='ltr'><strong>illa</strong></span> <span class='ocrx_word' id='word_1_301' title='bbox 1234 3017 1326 3072; x_wconf 88' lang='lat' dir='ltr'><strong>Dei</strong></span> <span class='ocrx_word' id='word_1_302' title='bbox 1364 3018 1805 3077; x_wconf 80' lang='lat' dir='ltr'><strong>adversariorum</strong></span> <span class='ocrx_word' id='word_1_303' title='bbox 1848 3021 2045 3078; x_wconf 89' lang='lat' dir='ltr'><strong>classis</strong></span> <span class='ocrx_word' id='word_1_304' title='bbox 2104 3024 2169 3079; x_wconf 92' lang='lat' dir='ltr'><strong>ad</strong></span> <span class='ocrx_word' id='word_1_305' title='bbox 2222 3022 2356 3085; x_wconf 75' lang='lat' dir='ltr'><strong>fines</strong></span> 
     </span>
    </p>
   </div>
   <div class='ocr_carea' id='block_1_47' title="bbox 771 3108 2357 3180">
    <p class='ocr_par' dir='ltr' id='par_1_47' title="bbox 771 3108 2357 3180">
     <span class='ocr_line' id='line_1_47' title="bbox 771 3108 2357 3180; baseline 0.004 -18"><span class='ocrx_word' id='word_1_306' title='bbox 771 3108 1023 3163; x_wconf 67' lang='lat' dir='ltr'><strong>Thraciae</strong></span> <span class='ocrx_word' id='word_1_307' title='bbox 1056 3111 1286 3179; x_wconf 87' lang='lat' dir='ltr'><strong>appulit,</strong></span> <span class='ocrx_word' id='word_1_308' title='bbox 1321 3118 1591 3179; x_wconf 87' lang='lat' dir='ltr'><strong>occupato</strong></span> <span class='ocrx_word' id='word_1_309' title='bbox 1630 3112 1775 3180; x_wconf 92' lang='lat' dir='ltr'><strong>quod</strong></span> <span class='ocrx_word' id='word_1_310' title='bbox 1815 3111 1882 3167; x_wconf 89' lang='lat' dir='ltr'><strong>ab</strong></span> <span class='ocrx_word' id='word_1_311' title='bbox 1934 3113 2218 3170; x_wconf 86' lang='lat' dir='ltr'><strong>Hebdomo</strong></span> <span class='ocrx_word' id='word_1_312' title='bbox 2271 3126 2357 3171; x_wconf 88' lang='lat' dir='ltr'><strong>est</strong></span> 
     </span>
    </p>
   </div>
   <div class='ocr_carea' id='block_1_48' title="bbox 770 3203 2355 3279">
    <p class='ocr_par' dir='ltr' id='par_1_48' title="bbox 770 3203 2355 3279">
     <span class='ocr_line' id='line_1_48' title="bbox 770 3203 2355 3279; baseline 0.006 -22"><span class='ocrx_word' id='word_1_313' title='bbox 770 3218 947 3273; x_wconf 89' lang='lat' dir='ltr'><strong>usque</strong></span> <span class='ocrx_word' id='word_1_314' title='bbox 992 3203 1057 3257; x_wconf 87' lang='lat' dir='ltr'><strong>ad</strong></span> <span class='ocrx_word' id='word_1_315' title='bbox 1106 3204 1427 3274; x_wconf 82' lang='lat' dir='ltr'><strong>Cyclobium</strong></span> <span class='ocrx_word' id='word_1_316' title='bbox 1463 3206 1661 3272; x_wconf 83' lang='lat' dir='ltr'><strong>spatio.</strong></span> <span class='ocrx_word' id='word_1_317' title='bbox 1698 3206 1945 3277; x_wconf 78' lang='lat' dir='ltr'><strong>Singulis</strong></span> <span class='ocrx_word' id='word_1_318' title='bbox 1976 3208 2137 3279; x_wconf 80' lang='lat'><strong>765</strong></span> <span class='ocrx_word' id='word_1_319' title='bbox 2161 3209 2355 3267; x_wconf 85' lang='lat' dir='ltr'><strong>diebus</strong></span> 
     </span>
    </p>
   </div>
   <div class='ocr_carea' id='block_1_49' title="bbox 771 3296 2357 3369">
    <p class='ocr_par' dir='ltr' id='par_1_49' title="bbox 771 3296 2357 3369">
     <span class='ocr_line' id='line_1_49' title="bbox 771 3296 2357 3369; baseline 0.005 -19"><span class='ocrx_word' id='word_1_320' title='bbox 771 3306 1072 3367; x_wconf 88' lang='lat' dir='ltr'><strong>pugnatum</strong></span> <span class='ocrx_word' id='word_1_321' title='bbox 1092 3305 1173 3351; x_wconf 86' lang='lat' dir='ltr'><strong>est</strong></span> <span class='ocrx_word' id='word_1_322' title='bbox 1187 3312 1213 3349; x_wconf 73' lang='grc' dir='ltr'><strong>τ.</strong></span> <span class='ocrx_word' id='word_1_323' title='bbox 1229 3296 1473 3351; x_wconf 84' lang='lat' dir='ltr'><strong>diluculo</strong></span> <span class='ocrx_word' id='word_1_324' title='bbox 1487 3313 1660 3367; x_wconf 88' lang='lat' dir='ltr'><strong>usque</strong></span> <span class='ocrx_word' id='word_1_325' title='bbox 1674 3298 1737 3353; x_wconf 90' lang='lat' dir='ltr'><strong>ad</strong></span> <span class='ocrx_word' id='word_1_326' title='bbox 1760 3315 2062 3369; x_wconf 88' lang='lat' dir='ltr'><strong>vesperam,</strong></span> <span class='ocrx_word' id='word_1_327' title='bbox 2082 3304 2149 3356; x_wconf 89' lang='lat' dir='ltr'><strong>ab</strong></span> <span class='ocrx_word' id='word_1_328' title='bbox 2167 3305 2357 3358; x_wconf 74' lang='lat' dir='ltr'><strong>Aurea:</strong></span> 
     </span>
    </p>
   </div>
   <div class='ocr_carea' id='block_1_50' title="bbox 2539 2452 4063 2530">
    <p class='ocr_par' dir='ltr' id='par_1_50' title="bbox 2539 2452 4063 2530">
     <span class='ocr_line' id='line_1_50' title="bbox 2539 2452 4063 2530; baseline -0.002 -21"><span class='ocrx_word' id='word_1_329' title='bbox 2539 2456 2631 2527; x_wconf 84' lang='grc' dir='ltr'><strong>Τῷ</strong></span> <span class='ocrx_word' id='word_1_330' title='bbox 2691 2454 2735 2528; x_wconf 86' lang='grc' dir='ltr'><strong>β’</strong></span> <span class='ocrx_word' id='word_1_331' title='bbox 2768 2458 2878 2530; x_wconf 69' lang='grc' dir='ltr'>ἔτει</span> <span class='ocrx_word' id='word_1_332' title='bbox 2917 2455 3124 2528; x_wconf 83' lang='grc' dir='ltr'>χειμὼν</span> <span class='ocrx_word' id='word_1_333' title='bbox 3166 2455 3384 2523; x_wconf 69' lang='grc' dir='ltr'>ὲγένετο</span> <span class='ocrx_word' id='word_1_334' title='bbox 3430 2454 3605 2523; x_wconf 70' lang='grc' dir='ltr'>μέγας</span> <span class='ocrx_word' id='word_1_335' title='bbox 3646 2452 3722 2517; x_wconf 87' lang='grc' dir='ltr'>ὡς</span> <span class='ocrx_word' id='word_1_336' title='bbox 3762 2453 4063 2509; x_wconf 76' lang='grc' dir='ltr'>ἀποθανεῖν</span> 
     </span>
    </p>
   </div>
   <div class='ocr_carea' id='block_1_51' title="bbox 2464 2547 3386 2621">
    <p class='ocr_par' dir='ltr' id='par_1_51' title="bbox 2464 2547 3386 2621">
     <span class='ocr_line' id='line_1_51' title="bbox 2464 2547 3386 2621; baseline 0 -20"><span class='ocrx_word' id='word_1_337' title='bbox 2464 2548 2699 2613; x_wconf 82' lang='grc' dir='ltr'>πολλοὺς</span> <span class='ocrx_word' id='word_1_338' title='bbox 2726 2548 3049 2621; x_wconf 75' lang='grc' dir='ltr'>ἀνθρώπους</span> <span class='ocrx_word' id='word_1_339' title='bbox 3080 2550 3174 2603; x_wconf 78' lang='grc' dir='ltr'>καὶ</span> <span class='ocrx_word' id='word_1_340' title='bbox 3202 2547 3386 2618; x_wconf 83' lang='grc' dir='ltr'>θηρία.</span> 
     </span>
    </p>
   </div>
   <div class='ocr_carea' id='block_1_52' title="bbox 2536 2633 4059 2711">
    <p class='ocr_par' dir='ltr' id='par_1_52' title="bbox 2536 2633 4059 2711">
     <span class='ocr_line' id='line_1_52' title="bbox 2536 2633 4059 2711; baseline -0.001 -19"><span class='ocrx_word' id='word_1_341' title='bbox 2536 2639 2627 2710; x_wconf 81' lang='grc' dir='ltr'><strong>Τῷ</strong></span> <span class='ocrx_word' id='word_1_342' title='bbox 2661 2638 2704 2692; x_wconf 86' lang='grc' dir='ltr'><strong>δ’</strong></span> <span class='ocrx_word' id='word_1_343' title='bbox 2756 2638 2867 2692; x_wconf 72' lang='grc' dir='ltr'>ἔτει</span> <span class='ocrx_word' id='word_1_344' title='bbox 2913 2640 3084 2711; x_wconf 76' lang='grc' dir='ltr'>ἐφάνη</span> <span class='ocrx_word' id='word_1_345' title='bbox 3118 2633 3231 2710; x_wconf 80' lang='grc' dir='ltr'>ῐρις</span> <span class='ocrx_word' id='word_1_346' title='bbox 3265 2640 3321 2691; x_wconf 86' lang='grc' dir='ltr'>ὲν</span> <span class='ocrx_word' id='word_1_347' title='bbox 3355 2637 3432 2709; x_wconf 81' lang='grc' dir='ltr'><strong>τῷ</strong></span> <span class='ocrx_word' id='word_1_348' title='bbox 3464 2639 3680 2709; x_wconf 72' lang='grc' dir='ltr'>οὐρανῷ</span> <span class='ocrx_word' id='word_1_349' title='bbox 3711 2636 3936 2707; x_wconf 83' lang='grc' dir='ltr'>τοιαύτη</span> <span class='ocrx_word' id='word_1_350' title='bbox 3981 2638 4059 2698; x_wconf 74' lang='grc' dir='ltr'>ὡς</span> 
     </span>
    </p>
   </div>
   <div class='ocr_carea' id='block_1_53' title="bbox 2463 2728 4055 2799">
    <p class='ocr_par' dir='ltr' id='par_1_53' title="bbox 2463 2728 4055 2799">
     <span class='ocr_line' id='line_1_53' title="bbox 2463 2728 4055 2799; baseline -0.003 -16"><span class='ocrx_word' id='word_1_351' title='bbox 2463 2730 2644 2798; x_wconf 84' lang='grc' dir='ltr'>λέγειν</span> <span class='ocrx_word' id='word_1_352' title='bbox 2678 2730 2886 2794; x_wconf 84' lang='grc' dir='ltr'>πάντας</span> <span class='ocrx_word' id='word_1_353' title='bbox 2919 2731 3002 2784; x_wconf 83' lang='grc' dir='ltr'>ὃτι</span> <span class='ocrx_word' id='word_1_354' title='bbox 3039 2731 3319 2793; x_wconf 83' lang='grc' dir='ltr'>συντέλειά</span> <span class='ocrx_word' id='word_1_355' title='bbox 3352 2732 3518 2784; x_wconf 77' lang='grc' dir='ltr'>ἑστιν.</span> <span class='ocrx_word' id='word_1_356' title='bbox 3553 2730 3616 2782; x_wconf 83' lang='grc' dir='ltr'><strong>Οἱ</strong></span> <span class='ocrx_word' id='word_1_357' title='bbox 3647 2728 3703 2781; x_wconf 81' lang='grc' dir='ltr'><strong>δὲ</strong></span> <span class='ocrx_word' id='word_1_358' title='bbox 3739 2728 4055 2799; x_wconf 75' lang='grc' dir='ltr'>Σαρακηνοὶ</span> 
     </span>
    </p>
   </div>
   <div class='ocr_carea' id='block_1_54' title="bbox 2468 2820 4059 2895">
    <p class='ocr_par' dir='ltr' id='par_1_54' title="bbox 2468 2820 4059 2895">
     <span class='ocr_line' id='line_1_54' title="bbox 2468 2820 4059 2895; baseline -0.001 -22"><span class='ocrx_word' id='word_1_359' title='bbox 2468 2824 2642 2890; x_wconf 81' lang='grc' dir='ltr'>μέγαν</span> <span class='ocrx_word' id='word_1_360' title='bbox 2669 2822 2855 2876; x_wconf 87' lang='grc' dir='ltr'>στόλον</span> <span class='ocrx_word' id='word_1_361' title='bbox 2878 2821 3304 2895; x_wconf 72' lang='grc' dir='ltr'>ἐξαρτήσαντες,</span> <span class='ocrx_word' id='word_1_362' title='bbox 3333 2822 3426 2875; x_wconf 75' lang='grc' dir='ltr'>καὶ</span> <span class='ocrx_word' id='word_1_363' title='bbox 3455 2820 3946 2892; x_wconf 77' lang='grc' dir='ltr'>παραπλεύσαντες</span> <span class='ocrx_word' id='word_1_364' title='bbox 3979 2824 4059 2883; x_wconf 80' lang='grc' dir='ltr'>εἰς</span> 
     </span>
    </p>
   </div>
   <div class='ocr_carea' id='block_1_55' title="bbox 2464 2915 3610 2988">
    <p class='ocr_par' dir='ltr' id='par_1_55' title="bbox 2464 2915 3610 2988">
     <span class='ocr_line' id='line_1_55' title="bbox 2464 2915 3610 2988; baseline 0.001 -22"><span class='ocrx_word' id='word_1_365' title='bbox 2464 2915 2737 2980; x_wconf 82' lang='grc' dir='ltr'>Κιλικίαν,</span> <span class='ocrx_word' id='word_1_366' title='bbox 2771 2916 3190 2988; x_wconf 79' lang='grc' dir='ltr'>παρεχείμασαν</span> <span class='ocrx_word' id='word_1_367' title='bbox 3221 2918 3300 2979; x_wconf 88' lang='grc' dir='ltr'><strong>είς</strong></span> <span class='ocrx_word' id='word_1_368' title='bbox 3334 2915 3610 2985; x_wconf 79' lang='grc' dir='ltr'>Σμύρνην.</span> 
     </span>
    </p>
   </div>
   <div class='ocr_carea' id='block_1_56' title="bbox 2532 3026 4059 3099">
    <p class='ocr_par' dir='ltr' id='par_1_56' title="bbox 2532 3026 4059 3099">
     <span class='ocr_line' id='line_1_56' title="bbox 2532 3026 4059 3099; baseline -0.001 -20"><span class='ocrx_word' id='word_1_369' title='bbox 2532 3026 2624 3097; x_wconf 84' lang='grc' dir='ltr'><strong>Τῷ</strong></span> <span class='ocrx_word' id='word_1_370' title='bbox 2662 3026 2717 3080; x_wconf 80' lang='grc' dir='ltr'><strong>δὲ</strong></span> <span class='ocrx_word' id='word_1_371' title='bbox 2757 3027 2947 3098; x_wconf 79' lang='grc' dir='ltr'>ε’ἐτει,</span> <span class='ocrx_word' id='word_1_372' title='bbox 2985 3027 3093 3082; x_wconf 85' lang='grc' dir='ltr'><strong>τῶν</strong></span> <span class='ocrx_word' id='word_1_373' title='bbox 3126 3029 3412 3099; x_wconf 78' lang='grc' dir='ltr'>θεομάχων</span> <span class='ocrx_word' id='word_1_374' title='bbox 3448 3027 3633 3091; x_wconf 83' lang='grc' dir='ltr'>στόλος</span> <span class='ocrx_word' id='word_1_375' title='bbox 3675 3026 3845 3079; x_wconf 79' lang='grc' dir='ltr'>ἐλθὼν</span> <span class='ocrx_word' id='word_1_376' title='bbox 3884 3042 4059 3095; x_wconf 83' lang='grc' dir='ltr'>προσ-</span> 
     </span>
    </p>
   </div>
   <div class='ocr_carea' id='block_1_57' title="bbox 2462 3116 4059 3191">
    <p class='ocr_par' dir='ltr' id='par_1_57' title="bbox 2462 3116 4059 3191">
     <span class='ocr_line' id='line_1_57' title="bbox 2462 3116 4059 3191; baseline -0.016 0"><span class='ocrx_word' id='word_1_377' title='bbox 2462 3117 2721 3190; x_wconf 70' lang='grc' dir='ltr'>ὥρμησεν</span> <span class='ocrx_word' id='word_1_378' title='bbox 2755 3121 2814 3173; x_wconf 64' lang='grc' dir='ltr'>ὲν</span> <span class='ocrx_word' id='word_1_379' title='bbox 2847 3121 2957 3183; x_wconf 75' lang='grc' dir='ltr'><strong>τοῖς</strong></span> <span class='ocrx_word' id='word_1_380' title='bbox 3000 3118 3283 3191; x_wconf 71' lang='grc' dir='ltr'>Θρᾳκῴοις</span> <span class='ocrx_word' id='word_1_381' title='bbox 3324 3119 3546 3190; x_wconf 84' lang='grc' dir='ltr'>μέρεσιν</span> <span class='ocrx_word' id='word_1_382' title='bbox 3579 3118 3687 3171; x_wconf 80' lang='grc' dir='ltr'><strong>ἀπό</strong></span> <span class='ocrx_word' id='word_1_383' title='bbox 3714 3134 3771 3170; x_wconf 87' lang='grc' dir='ltr'><strong>τε</strong></span> <span class='ocrx_word' id='word_1_384' title='bbox 3800 3116 3895 3169; x_wconf 80' lang='grc' dir='ltr'>τοῦ</span> <span class='ocrx_word' id='word_1_385' title='bbox 3937 3116 4059 3167; x_wconf 82' lang='grc' dir='ltr'>ἐϐ-</span> 
     </span>
    </p>
   </div>
   <div class='ocr_carea' id='block_1_58' title="bbox 2461 3208 4060 3283">
    <p class='ocr_par' dir='ltr' id='par_1_58' title="bbox 2461 3208 4060 3283">
     <span class='ocr_line' id='line_1_58' title="bbox 2461 3208 4060 3283; baseline -0.004 -18"><span class='ocrx_word' id='word_1_386' title='bbox 2461 3211 2625 3281; x_wconf 86' lang='grc' dir='ltr'>δόμου</span> <span class='ocrx_word' id='word_1_387' title='bbox 2671 3211 2833 3283; x_wconf 69' lang='grc' dir='ltr'>μέχρι</span> <span class='ocrx_word' id='word_1_388' title='bbox 2875 3209 2970 3267; x_wconf 79' lang='grc' dir='ltr'>τοῦ</span> <span class='ocrx_word' id='word_1_389' title='bbox 3018 3210 3321 3264; x_wconf 73' lang='grc' dir='ltr'>Κυκλοϐίω</span> <span class='ocrx_word' id='word_1_390' title='bbox 3367 3209 3504 3281; x_wconf 64' lang='lat'><strong>(81),</strong></span> <span class='ocrx_word' id='word_1_391' title='bbox 3547 3210 3641 3263; x_wconf 72' lang='grc' dir='ltr'><strong>καὶ</strong></span> <span class='ocrx_word' id='word_1_392' title='bbox 3687 3208 3828 3262; x_wconf 79' lang='grc' dir='ltr'>κατά</span> <span class='ocrx_word' id='word_1_393' title='bbox 3872 3209 4060 3260; x_wconf 72' lang='grc' dir='ltr'>πᾶσαν</span> 
     </span>
    </p>
   </div>
   <div class='ocr_carea' id='block_1_59' title="bbox 2464 3300 4057 3374">
    <p class='ocr_par' dir='ltr' id='par_1_59' title="bbox 2464 3300 4057 3374">
     <span class='ocr_line' id='line_1_59' title="bbox 2464 3300 4057 3374; baseline -0.003 -18"><span class='ocrx_word' id='word_1_394' title='bbox 2464 3304 2679 3374; x_wconf 82' lang='grc' dir='ltr'>ἡμέραν</span> <span class='ocrx_word' id='word_1_395' title='bbox 2716 3303 2953 3373; x_wconf 85' lang='grc' dir='ltr'>πόλεμος</span> <span class='ocrx_word' id='word_1_396' title='bbox 2995 3303 3273 3373; x_wconf 79' lang='grc' dir='ltr'>ἐκροτεῖτο</span> <span class='ocrx_word' id='word_1_397' title='bbox 3311 3302 3418 3356; x_wconf 83' lang='grc' dir='ltr'><strong>άπὸ</strong></span> <span class='ocrx_word' id='word_1_398' title='bbox 3463 3300 3608 3370; x_wconf 75' lang='grc' dir='ltr'>πρωῒ</span> <span class='ocrx_word' id='word_1_399' title='bbox 3647 3301 3751 3362; x_wconf 68' lang='grc' dir='ltr'>ἕως</span> <span class='ocrx_word' id='word_1_400' title='bbox 3791 3300 4057 3369; x_wconf 73' lang='grc' dir='ltr'>ἑσπέρας,</span> 
     </span>
    </p>
   </div>
   <div class='ocr_carea' id='block_1_60' title="bbox 770 3387 2360 3468">
    <p class='ocr_par' dir='ltr' id='par_1_60' title="bbox 770 3387 2356 3461">
     <span class='ocr_line' id='line_1_60' title="bbox 770 3387 2356 3461; baseline 0.003 -19"><span class='ocrx_word' id='word_1_401' title='bbox 770 3389 1255 3458; x_wconf 73' lang='lat' dir='ltr'><strong>porttrbrachiolio</strong></span> <span class='ocrx_word' id='word_1_402' title='bbox 1277 3404 1446 3456; x_wconf 87' lang='lat' dir='ltr'><strong>usque</strong></span> <span class='ocrx_word' id='word_1_403' title='bbox 1468 3389 1533 3441; x_wconf 89' lang='lat' dir='ltr'><strong>ad</strong></span> <span class='ocrx_word' id='word_1_404' title='bbox 1580 3387 1925 3459; x_wconf 83' lang='lat' dir='ltr'><strong>Cyclobium,</strong></span> <span class='ocrx_word' id='word_1_405' title='bbox 1958 3392 2029 3446; x_wconf 93' lang='lat' dir='ltr'><strong>ab</strong></span> <span class='ocrx_word' id='word_1_406' title='bbox 2058 3391 2231 3461; x_wconf 89' lang='lat' dir='ltr'><strong>Aprili</strong></span> <span class='ocrx_word' id='word_1_407' title='bbox 2266 3408 2356 3448; x_wconf 90' lang='lat' dir='ltr'><strong>us-</strong></span> 
     </span>
    </p>
   </div>
   <div class='ocr_carea' id='block_1_61' title="bbox 2462 3387 4058 3468">
    <p class='ocr_par' dir='ltr' id='par_1_61' title="bbox 2463 3390 4058 3468">
     <span class='ocr_line' id='line_1_61' title="bbox 2463 3390 4058 3468; baseline -0.006 -16"><span class='ocrx_word' id='word_1_408' title='bbox 2463 3400 2570 3452; x_wconf 73' lang='grc' dir='ltr'>ἁπδ</span> <span class='ocrx_word' id='word_1_409' title='bbox 2598 3397 2691 3451; x_wconf 80' lang='grc' dir='ltr'>τοῦ</span> <span class='ocrx_word' id='word_1_410' title='bbox 2726 3395 3036 3468; x_wconf 84' lang='grc' dir='ltr'>βραχιολίου</span> <span class='ocrx_word' id='word_1_411' title='bbox 3064 3397 3161 3465; x_wconf 84' lang='grc' dir='ltr'>τῆς</span> <span class='ocrx_word' id='word_1_412' title='bbox 3192 3396 3415 3467; x_wconf 77' lang='grc' dir='ltr'>Χρυσῆς</span> <span class='ocrx_word' id='word_1_413' title='bbox 3450 3396 3661 3464; x_wconf 79' lang='grc' dir='ltr'>πόρτης</span> <span class='ocrx_word' id='word_1_414' title='bbox 3687 3392 3797 3463; x_wconf 81' lang='grc'><strong>(85)</strong></span> <span class='ocrx_word' id='word_1_415' title='bbox 3824 3392 3929 3454; x_wconf 72' lang='grc' dir='ltr'>ἓως</span> <span class='ocrx_word' id='word_1_416' title='bbox 3959 3390 4058 3443; x_wconf 77' lang='grc' dir='ltr'>τοῦ</span> 
     </span>
    </p>
   </div>
   <div class='ocr_carea' id='block_1_62' title="bbox 770 3480 2363 3551">
    <p class='ocr_par' dir='ltr' id='par_1_62' title="bbox 770 3480 2363 3551">
     <span class='ocr_line' id='line_1_62' title="bbox 770 3480 2363 3551; baseline 0.003 -16"><span class='ocrx_word' id='word_1_417' title='bbox 770 3498 877 3551; x_wconf 85' lang='lat' dir='ltr'><strong>que</strong></span> <span class='ocrx_word' id='word_1_418' title='bbox 892 3482 955 3534; x_wconf 86' lang='lat' dir='ltr'><strong>ad</strong></span> <span class='ocrx_word' id='word_1_419' title='bbox 974 3480 1347 3550; x_wconf 84' lang='lat' dir='ltr'><strong>Septembrem</strong></span> <span class='ocrx_word' id='word_1_420' title='bbox 1364 3481 1766 3535; x_wconf 88' lang='lat' dir='ltr'><strong>mensem.lnde</strong></span> <span class='ocrx_word' id='word_1_421' title='bbox 1791 3482 2008 3539; x_wconf 89' lang='lat' dir='ltr'><strong>barbari</strong></span> <span class='ocrx_word' id='word_1_422' title='bbox 2028 3491 2363 3540; x_wconf 85' lang='lat' dir='ltr'><strong>revertentes</strong></span> 
     </span>
    </p>
   </div>
   <div class='ocr_carea' id='block_1_63' title="bbox 770 3573 2363 3643">
    <p class='ocr_par' dir='ltr' id='par_1_63' title="bbox 770 3573 2363 3643">
     <span class='ocr_line' id='line_1_63' title="bbox 770 3573 2363 3643; baseline 0.004 -18"><span class='ocrx_word' id='word_1_423' title='bbox 770 3575 890 3643; x_wconf 77' lang='lat' dir='ltr'><strong>Gyz</strong></span> <span class='ocrx_word' id='word_1_424' title='bbox 911 3574 1060 3625; x_wconf 91' lang='lat' dir='ltr'><strong>icum</strong></span> <span class='ocrx_word' id='word_1_425' title='bbox 1080 3581 1513 3641; x_wconf 84' lang='lat' dir='ltr'><strong>occupaverunt,</strong></span> <span class='ocrx_word' id='word_1_426' title='bbox 1536 3580 1699 3641; x_wconf 86' lang='lat' dir='ltr'><strong>atque</strong></span> <span class='ocrx_word' id='word_1_427' title='bbox 1715 3573 1786 3626; x_wconf 89' lang='lat' dir='ltr'><strong>ibi</strong></span> <span class='ocrx_word' id='word_1_428' title='bbox 1809 3573 2122 3628; x_wconf 86' lang='lat' dir='ltr'><strong>hiemarunt</strong></span> <span class='ocrx_word' id='word_1_429' title='bbox 2139 3592 2152 3641; x_wconf 90' lang='lat'><strong>;</strong></span> <span class='ocrx_word' id='word_1_430' title='bbox 2172 3582 2363 3631; x_wconf 88' lang='lat' dir='ltr'><strong>etvere</strong></span> 
     </span>
    </p>
   </div>
   <div class='ocr_carea' id='block_1_64' title="bbox 775 3662 2351 3722">
    <p class='ocr_par' dir='ltr' id='par_1_64' title="bbox 775 3662 2351 3722">
     <span class='ocr_line' id='line_1_64' title="bbox 775 3662 2351 3722; baseline 0.002 -6"><span class='ocrx_word' id='word_1_431' title='bbox 775 3679 993 3717; x_wconf 86' lang='lat' dir='ltr'><strong>rursum</strong></span> <span class='ocrx_word' id='word_1_432' title='bbox 1062 3662 1391 3718; x_wconf 80' lang='lat' dir='ltr'><strong>Christianis</strong></span> <span class='ocrx_word' id='word_1_433' title='bbox 1432 3664 1633 3717; x_wconf 91' lang='lat' dir='ltr'><strong>bellum</strong></span> <span class='ocrx_word' id='word_1_434' title='bbox 1700 3662 1965 3718; x_wconf 78' lang='lat' dir='ltr'><strong>fecerunt.</strong></span> <span class='ocrx_word' id='word_1_435' title='bbox 2024 3664 2140 3722; x_wconf 84' lang='lat' dir='ltr'><strong>Hoc</strong></span> <span class='ocrx_word' id='word_1_436' title='bbox 2189 3666 2351 3722; x_wconf 90' lang='lat' dir='ltr'><strong>modo</strong></span> 
     </span>
    </p>
   </div>
   <div class='ocr_carea' id='block_1_65' title="bbox 775 3754 2355 3827">
    <p class='ocr_par' dir='ltr' id='par_1_65' title="bbox 775 3754 2355 3827">
     <span class='ocr_line' id='line_1_65' title="bbox 775 3754 2355 3827; baseline 0.001 -17"><span class='ocrx_word' id='word_1_437' title='bbox 775 3764 983 3823; x_wconf 85' lang='lat' dir='ltr'><strong>septem</strong></span> <span class='ocrx_word' id='word_1_438' title='bbox 1018 3770 1192 3810; x_wconf 90' lang='lat' dir='ltr'><strong>annos</strong></span> <span class='ocrx_word' id='word_1_439' title='bbox 1222 3770 1281 3811; x_wconf 88' lang='lat' dir='ltr'><strong>se</strong></span> <span class='ocrx_word' id='word_1_440' title='bbox 1313 3770 1556 3824; x_wconf 79' lang='lat' dir='ltr'><strong>gessere.</strong></span> <span class='ocrx_word' id='word_1_441' title='bbox 1596 3754 1840 3809; x_wconf 82' lang='lat' dir='ltr'><strong>Tandem</strong></span> <span class='ocrx_word' id='word_1_442' title='bbox 1876 3755 1968 3811; x_wconf 89' lang='lat' dir='ltr'><strong>Dei</strong></span> <span class='ocrx_word' id='word_1_443' title='bbox 1992 3766 2046 3811; x_wconf 90' lang='lat' dir='ltr'><strong>et</strong></span> <span class='ocrx_word' id='word_1_444' title='bbox 2106 3756 2355 3827; x_wconf 77' lang='lat' dir='ltr'><strong>Deiparue</strong></span> 
     </span>
    </p>
   </div>
   <div class='ocr_carea' id='block_1_66' title="bbox 777 3847 2363 3918">
    <p class='ocr_par' dir='ltr' id='par_1_66' title="bbox 777 3847 2363 3918">
     <span class='ocr_line' id='line_1_66' title="bbox 777 3847 2363 3918; baseline 0.002 -17"><span class='ocrx_word' id='word_1_445' title='bbox 777 3848 982 3902; x_wconf 76' lang='lat' dir='ltr'><strong>auxilio</strong></span> <span class='ocrx_word' id='word_1_446' title='bbox 1012 3858 1235 3902; x_wconf 90' lang='lat' dir='ltr'><strong>nostros</strong></span> <span class='ocrx_word' id='word_1_447' title='bbox 1255 3847 1504 3916; x_wconf 79' lang='lat' dir='ltr'><strong>iuvante,</strong></span> <span class='ocrx_word' id='word_1_448' title='bbox 1532 3862 1727 3918; x_wconf 82' lang='lat' dir='ltr'><strong>magna</strong></span> <span class='ocrx_word' id='word_1_449' title='bbox 1750 3863 1974 3905; x_wconf 86' lang='lat' dir='ltr'><strong>suorum</strong></span> <span class='ocrx_word' id='word_1_450' title='bbox 2012 3850 2363 3905; x_wconf 86' lang='lat' dir='ltr'><strong>multitudine</strong></span> 
     </span>
    </p>
   </div>
   <div class='ocr_carea' id='block_1_67' title="bbox 774 3937 2357 4005">
    <p class='ocr_par' dir='ltr' id='par_1_67' title="bbox 774 3937 2357 4005">
     <span class='ocr_line' id='line_1_67' title="bbox 774 3937 2357 4005; baseline -0.001 -11"><span class='ocrx_word' id='word_1_451' title='bbox 774 3940 1002 4003; x_wconf 78' lang='lat' dir='ltr'><strong>amissa,</strong></span> <span class='ocrx_word' id='word_1_452' title='bbox 1028 3937 1236 4005; x_wconf 79' lang='lat' dir='ltr'><strong>ingenti</strong></span> <span class='ocrx_word' id='word_1_453' title='bbox 1263 3953 1387 3992; x_wconf 87' lang='lat' dir='ltr'><strong>cum</strong></span> <span class='ocrx_word' id='word_1_454' title='bbox 1414 3938 1681 3991; x_wconf 91' lang='lat' dir='ltr'><strong>dedecore</strong></span> <span class='ocrx_word' id='word_1_455' title='bbox 1708 3938 1931 3991; x_wconf 91' lang='lat' dir='ltr'><strong>domum</strong></span> <span class='ocrx_word' id='word_1_456' title='bbox 1958 3938 2357 3994; x_wconf 84' lang='lat' dir='ltr'><strong>discesserunt.</strong></span> 
     </span>
    </p>
   </div>
   <div class='ocr_carea' id='block_1_68' title="bbox 773 4028 2359 4098">
    <p class='ocr_par' dir='ltr' id='par_1_68' title="bbox 773 4028 2359 4098">
     <span class='ocr_line' id='line_1_68' title="bbox 773 4028 2359 4098; baseline 0.002 -15"><span class='ocrx_word' id='word_1_457' title='bbox 773 4031 840 4083; x_wconf 73' lang='lat' dir='ltr'><strong>Et</strong></span> <span class='ocrx_word' id='word_1_458' title='bbox 874 4031 1067 4085; x_wconf 89' lang='lat' dir='ltr'><strong>classis</strong></span> <span class='ocrx_word' id='word_1_459' title='bbox 1105 4030 1211 4084; x_wconf 92' lang='lat' dir='ltr'><strong>ista</strong></span> <span class='ocrx_word' id='word_1_460' title='bbox 1237 4044 1360 4083; x_wconf 91' lang='lat' dir='ltr'><strong>cum</strong></span> <span class='ocrx_word' id='word_1_461' title='bbox 1390 4029 1456 4083; x_wconf 92' lang='lat' dir='ltr'><strong>ad</strong></span> <span class='ocrx_word' id='word_1_462' title='bbox 1493 4028 1729 4098; x_wconf 76' lang='lat' dir='ltr'><strong>Sylaeum</strong></span> <span class='ocrx_word' id='word_1_463' title='bbox 1768 4030 2067 4098; x_wconf 87' lang='lat' dir='ltr'><strong>trajiceret,</strong></span> <span class='ocrx_word' id='word_1_464' title='bbox 2124 4030 2359 4086; x_wconf 89' lang='lat' dir='ltr'><strong>hiberno</strong></span> 
     </span>
    </p>
   </div>
   <div class='ocr_carea' id='block_1_69' title="bbox 774 4118 2361 4190">
    <p class='ocr_par' dir='ltr' id='par_1_69' title="bbox 774 4118 2361 4190">
     <span class='ocr_line' id='line_1_69' title="bbox 774 4118 2361 4190; baseline 0 -14"><span class='ocrx_word' id='word_1_465' title='bbox 774 4132 909 4176; x_wconf 75' lang='lat' dir='ltr'><strong>aestu</strong></span> <span class='ocrx_word' id='word_1_466' title='bbox 941 4133 993 4175; x_wconf 88' lang='lat' dir='ltr'><strong>et</strong></span> <span class='ocrx_word' id='word_1_467' title='bbox 1026 4121 1281 4190; x_wconf 87' lang='lat' dir='ltr'><strong>procellis</strong></span> <span class='ocrx_word' id='word_1_468' title='bbox 1316 4120 1515 4175; x_wconf 84' lang='lat' dir='ltr'><strong>afflicta</strong></span> <span class='ocrx_word' id='word_1_469' title='bbox 1571 4129 1679 4173; x_wconf 92' lang='lat' dir='ltr'><strong>tota</strong></span> <span class='ocrx_word' id='word_1_470' title='bbox 1716 4121 1895 4190; x_wconf 88' lang='lat' dir='ltr'><strong>periit.</strong></span> <span class='ocrx_word' id='word_1_471' title='bbox 1953 4118 2125 4175; x_wconf 91' lang='lat' dir='ltr'><strong>Porro</strong></span> <span class='ocrx_word' id='word_1_472' title='bbox 2179 4129 2361 4176; x_wconf 89' lang='lat' dir='ltr'><strong>autem</strong></span> 
     </span>
    </p>
   </div>
   <div class='ocr_carea' id='block_1_70' title="bbox 777 4211 2365 4285">
    <p class='ocr_par' dir='ltr' id='par_1_70' title="bbox 777 4211 2365 4285">
     <span class='ocr_line' id='line_1_70' title="bbox 777 4211 2365 4285; baseline 0.001 -19"><span class='ocrx_word' id='word_1_473' title='bbox 777 4213 1114 4284; x_wconf 82' lang='lat' dir='ltr'><strong>Snphianus,</strong></span> <span class='ocrx_word' id='word_1_474' title='bbox 1145 4213 1285 4282; x_wconf 85' lang='lat' dir='ltr'><strong>Aphi</strong></span> <span class='ocrx_word' id='word_1_475' title='bbox 1329 4212 1493 4277; x_wconf 83' lang='lat' dir='ltr'><strong>filius,</strong></span> <span class='ocrx_word' id='word_1_476' title='bbox 1536 4226 1662 4266; x_wconf 88' lang='lat' dir='ltr'><strong>cum</strong></span> <span class='ocrx_word' id='word_1_477' title='bbox 1703 4212 1865 4267; x_wconf 86' lang='lat' dir='ltr'><strong>Floro</strong></span> <span class='ocrx_word' id='word_1_478' title='bbox 1897 4211 2133 4267; x_wconf 82' lang='lat' dir='ltr'><strong>Petroua</strong></span> <span class='ocrx_word' id='word_1_479' title='bbox 2163 4224 2215 4267; x_wconf 92' lang='lat' dir='ltr'><strong>et</strong></span> <span class='ocrx_word' id='word_1_480' title='bbox 2263 4213 2365 4285; x_wconf 82' lang='lat' dir='ltr'><strong>Cy-</strong></span> 
     </span>
    </p>
   </div>
   <div class='ocr_carea' id='block_1_71' title="bbox 776 4303 2361 4376">
    <p class='ocr_par' dir='ltr' id='par_1_71' title="bbox 776 4303 2361 4376">
     <span class='ocr_line' id='line_1_71' title="bbox 776 4303 2361 4376; baseline 0.001 -19"><span class='ocrx_word' id='word_1_481' title='bbox 776 4309 969 4376; x_wconf 83' lang='lat' dir='ltr'><strong>priano</strong></span> <span class='ocrx_word' id='word_1_482' title='bbox 1030 4306 1127 4374; x_wconf 87' lang='lat' dir='ltr'><strong>(lii</strong></span> <span class='ocrx_word' id='word_1_483' title='bbox 1185 4303 1463 4357; x_wconf 76' lang='lat' dir='ltr'><strong>Romanas</strong></span> <span class='ocrx_word' id='word_1_484' title='bbox 1516 4304 1705 4373; x_wconf 84' lang='lat' dir='ltr'><strong>cepias</strong></span> <span class='ocrx_word' id='word_1_485' title='bbox 1767 4304 2069 4373; x_wconf 86' lang='lat' dir='ltr'><strong>ducebant)</strong></span> <span class='ocrx_word' id='word_1_486' title='bbox 2125 4320 2361 4374; x_wconf 88' lang='lat' dir='ltr'><strong>pugnam</strong></span> 
     </span>
    </p>
   </div>
   <div class='ocr_carea' id='block_1_72' title="bbox 777 4397 2361 4467">
    <p class='ocr_par' dir='ltr' id='par_1_72' title="bbox 777 4397 2361 4467">
     <span class='ocr_line' id='line_1_72' title="bbox 777 4397 2361 4467; baseline -0.001 -15"><span class='ocrx_word' id='word_1_487' title='bbox 777 4398 1078 4463; x_wconf 80' lang='lat' dir='ltr'><strong>commisit,</strong></span> <span class='ocrx_word' id='word_1_488' title='bbox 1108 4397 1159 4450; x_wconf 90' lang='lat' dir='ltr'><strong>in</strong></span> <span class='ocrx_word' id='word_1_489' title='bbox 1193 4412 1299 4466; x_wconf 86' lang='lat' dir='ltr'><strong>qua</strong></span> <span class='ocrx_word' id='word_1_490' title='bbox 1325 4398 1545 4467; x_wconf 81' lang='lat' dir='ltr'><strong>triginta</strong></span> <span class='ocrx_word' id='word_1_491' title='bbox 1586 4398 1826 4451; x_wconf 81' lang='lat' dir='ltr'><strong>Arabum</strong></span> <span class='ocrx_word' id='word_1_492' title='bbox 1859 4398 2026 4450; x_wconf 91' lang='lat' dir='ltr'><strong>millia</strong></span> <span class='ocrx_word' id='word_1_493' title='bbox 2084 4401 2361 4452; x_wconf 81' lang='lat' dir='ltr'><strong>occubue-</strong></span> 
     </span>
    </p>
   </div>
   <div class='ocr_carea' id='block_1_73' title="bbox 777 4474 2364 4554">
    <p class='ocr_par' dir='ltr' id='par_1_73' title="bbox 777 4474 2364 4554">
     <span class='ocr_line' id='line_1_73' title="bbox 777 4474 2364 4554; baseline 0.001 -16"><span class='ocrx_word' id='word_1_494' title='bbox 777 4495 927 4539; x_wconf 87' lang='lat' dir='ltr'><strong>runt.</strong></span> <span class='ocrx_word' id='word_1_495' title='bbox 960 4485 1034 4536; x_wconf 85' lang='lat' dir='ltr'><strong>Eo</strong></span> <span class='ocrx_word' id='word_1_496' title='bbox 1072 4474 1317 4554; x_wconf 87' lang='lat' dir='ltr'><strong>tempore</strong></span> <span class='ocrx_word' id='word_1_497' title='bbox 1346 4486 1649 4541; x_wconf 78' lang='lat' dir='ltr'><strong>Callinicus</strong></span> <span class='ocrx_word' id='word_1_498' title='bbox 1704 4486 2040 4551; x_wconf 86' lang='lat' dir='ltr'><strong>architectus</strong></span> <span class='ocrx_word' id='word_1_499' title='bbox 2070 4488 2137 4539; x_wconf 90' lang='lat' dir='ltr'><strong>ab</strong></span> <span class='ocrx_word' id='word_1_500' title='bbox 2178 4486 2364 4541; x_wconf 84' lang='lat' dir='ltr'><strong>Helio-</strong></span> 
     </span>
    </p>
   </div>
   <div class='ocr_carea' id='block_1_74' title="bbox 778 4577 2360 4650">
    <p class='ocr_par' dir='ltr' id='par_1_74' title="bbox 778 4577 2360 4650">
     <span class='ocr_line' id='line_1_74' title="bbox 778 4577 2360 4650; baseline 0.001 -20"><span class='ocrx_word' id='word_1_501' title='bbox 778 4579 885 4645; x_wconf 85' lang='lat' dir='ltr'><strong>poli</strong></span> <span class='ocrx_word' id='word_1_502' title='bbox 938 4577 1157 4648; x_wconf 61' lang='lat' dir='ltr'><strong>Egypti</strong></span> <span class='ocrx_word' id='word_1_503' title='bbox 1196 4581 1330 4632; x_wconf 85' lang='lat' dir='ltr'><strong>urbe</strong></span> <span class='ocrx_word' id='word_1_504' title='bbox 1367 4594 1490 4631; x_wconf 90' lang='lat' dir='ltr'><strong>cum</strong></span> <span class='ocrx_word' id='word_1_505' title='bbox 1524 4579 1590 4631; x_wconf 80' lang='lat' dir='ltr'><strong>ad</strong></span> <span class='ocrx_word' id='word_1_506' title='bbox 1617 4577 1896 4633; x_wconf 81' lang='lat' dir='ltr'><strong>Romanos</strong></span> <span class='ocrx_word' id='word_1_507' title='bbox 1955 4578 2360 4650; x_wconf 78' lang='lat' dir='ltr'><strong>transfugisset,</strong></span> 
     </span>
    </p>
   </div>
   <div class='ocr_carea' id='block_1_75' title="bbox 784 4671 2361 4741">
    <p class='ocr_par' dir='ltr' id='par_1_75' title="bbox 784 4671 2361 4741">
     <span class='ocr_line' id='line_1_75' title="bbox 784 4671 2361 4741; baseline 0.003 -21"><span class='ocrx_word' id='word_1_508' title='bbox 784 4672 959 4738; x_wconf 87' lang='lat' dir='ltr'><strong>ignem</strong></span> <span class='ocrx_word' id='word_1_509' title='bbox 1006 4673 1339 4724; x_wconf 83' lang='lat' dir='ltr'><strong>maritimum</strong></span> <span class='ocrx_word' id='word_1_510' title='bbox 1374 4671 1611 4739; x_wconf 89' lang='lat' dir='ltr'><strong>paravit,</strong></span> <span class='ocrx_word' id='word_1_511' title='bbox 1641 4686 1817 4741; x_wconf 90' lang='lat' dir='ltr'><strong>eoque</strong></span> <span class='ocrx_word' id='word_1_512' title='bbox 1845 4686 2107 4726; x_wconf 90' lang='lat' dir='ltr'><strong>accensas</strong></span> <span class='ocrx_word' id='word_1_513' title='bbox 2162 4671 2361 4725; x_wconf 80' lang='lat' dir='ltr'><strong>barba—</strong></span> 
     </span>
    </p>
   </div>
   <div class='ocr_carea' id='block_1_76' title="bbox 2466 3482 4056 3557">
    <p class='ocr_par' dir='ltr' id='par_1_76' title="bbox 2466 3482 4056 3557">
     <span class='ocr_line' id='line_1_76' title="bbox 2466 3482 4056 3557; baseline -0.003 -15"><span class='ocrx_word' id='word_1_514' title='bbox 2466 3489 2799 3553; x_wconf 81' lang='grc' dir='ltr'>Κυκλοϐίου,</span> <span class='ocrx_word' id='word_1_515' title='bbox 2835 3488 2942 3543; x_wconf 81' lang='grc' dir='ltr'><strong>ἀπὺ</strong></span> <span class='ocrx_word' id='word_1_516' title='bbox 2978 3487 3145 3557; x_wconf 79' lang='grc' dir='ltr'>μηνὸς</span> <span class='ocrx_word' id='word_1_517' title='bbox 3182 3486 3500 3557; x_wconf 82' lang='grc' dir='ltr'>Ἀπριλλίου</span> <span class='ocrx_word' id='word_1_518' title='bbox 3538 3486 3619 3546; x_wconf 87' lang='grc' dir='ltr'><strong>είς</strong></span> <span class='ocrx_word' id='word_1_519' title='bbox 3656 3482 4056 3552; x_wconf 83' lang='grc' dir='ltr'>Σεπτὲμϐριον.</span> 
     </span>
    </p>
   </div>
   <div class='ocr_carea' id='block_1_77' title="bbox 2465 3574 4056 3652">
    <p class='ocr_par' dir='ltr' id='par_1_77' title="bbox 2465 3574 4056 3652">
     <span class='ocr_line' id='line_1_77' title="bbox 2465 3574 4056 3652; baseline -0.006 -17"><span class='ocrx_word' id='word_1_520' title='bbox 2465 3583 2574 3635; x_wconf 70' lang='grc' dir='ltr'><strong>Καὶ</strong></span> <span class='ocrx_word' id='word_1_521' title='bbox 2611 3582 3051 3652; x_wconf 74' lang='grc' dir='ltr'>ὑποστρέψαντες</span> <span class='ocrx_word' id='word_1_522' title='bbox 3086 3582 3145 3633; x_wconf 81' lang='grc' dir='ltr'>ὲν</span> <span class='ocrx_word' id='word_1_523' title='bbox 3180 3578 3405 3649; x_wconf 78' lang='grc' dir='ltr'>Κυζίκῳ</span> <span class='ocrx_word' id='word_1_524' title='bbox 3437 3577 3644 3645; x_wconf 85' lang='grc' dir='ltr'>ταύτην</span> <span class='ocrx_word' id='word_1_525' title='bbox 3682 3574 4056 3644; x_wconf 74' lang='grc' dir='ltr'>παραλαμϐά-</span> 
     </span>
    </p>
   </div>
   <div class='ocr_carea' id='block_1_78' title="bbox 2462 3666 4057 3744">
    <p class='ocr_par' dir='ltr' id='par_1_78' title="bbox 2462 3666 4057 3744">
     <span class='ocr_line' id='line_1_78' title="bbox 2462 3666 4057 3744; baseline -0.009 -12"><span class='ocrx_word' id='word_1_526' title='bbox 2462 3692 2636 3739; x_wconf 82' lang='grc' dir='ltr'>νουσι,</span> <span class='ocrx_word' id='word_1_527' title='bbox 2675 3674 2768 3729; x_wconf 57' lang='grc' dir='ltr'><strong>καί⁵</strong></span> <span class='ocrx_word' id='word_1_528' title='bbox 2807 3673 3165 3744; x_wconf 75' lang='grc' dir='ltr'>χειμάζουσιν</span> <span class='ocrx_word' id='word_1_529' title='bbox 3207 3673 3345 3726; x_wconf 77' lang='grc' dir='ltr'>ἐκεῖ.</span> <span class='ocrx_word' id='word_1_530' title='bbox 3379 3672 3490 3725; x_wconf 70' lang='grc' dir='ltr'><strong>Καὶ</strong></span> <span class='ocrx_word' id='word_1_531' title='bbox 3530 3669 3673 3723; x_wconf 66' lang='grc' dir='ltr'>κατὰ</span> <span class='ocrx_word' id='word_1_532' title='bbox 3712 3666 3811 3737; x_wconf 81' lang='grc' dir='ltr'>ἔαρ</span> <span class='ocrx_word' id='word_1_533' title='bbox 3851 3667 4057 3735; x_wconf 77' lang='grc' dir='ltr'>ὁμοίως</span> 
     </span>
    </p>
   </div>
   <div class='ocr_carea' id='block_1_79' title="bbox 2463 3760 4055 3835">
    <p class='ocr_par' dir='ltr' id='par_1_79' title="bbox 2463 3760 4055 3835">
     <span class='ocr_line' id='line_1_79' title="bbox 2463 3760 4055 3835; baseline -0.007 -15"><span class='ocrx_word' id='word_1_534' title='bbox 2463 3766 2765 3835; x_wconf 77' lang='grc' dir='ltr'>ἐπολέμουν</span> <span class='ocrx_word' id='word_1_535' title='bbox 2803 3766 2943 3835; x_wconf 80' lang='grc' dir='ltr'>μετὰ</span> <span class='ocrx_word' id='word_1_536' title='bbox 2981 3766 3089 3817; x_wconf 85' lang='grc' dir='ltr'><strong>τῶν</strong></span> <span class='ocrx_word' id='word_1_537' title='bbox 3130 3764 3472 3833; x_wconf 81' lang='grc' dir='ltr'>Χριστιανῶν</span> <span class='ocrx_word' id='word_1_538' title='bbox 3511 3763 3602 3815; x_wconf 73' lang='grc' dir='ltr'>ἐπὶ</span> <span class='ocrx_word' id='word_1_539' title='bbox 3642 3761 3784 3814; x_wconf 71' lang='grc' dir='ltr'>ἑπτὰ</span> <span class='ocrx_word' id='word_1_540' title='bbox 3824 3760 3939 3829; x_wconf 75' lang='grc' dir='ltr'>ἐτη.</span> <span class='ocrx_word' id='word_1_541' title='bbox 3976 3760 4055 3829; x_wconf 74' lang='grc' dir='ltr'><strong>Τῇ</strong></span> 
     </span>
    </p>
   </div>
   <div class='ocr_carea' id='block_1_80' title="bbox 2467 3850 4055 3927">
    <p class='ocr_par' dir='ltr' id='par_1_80' title="bbox 2467 3850 4055 3927">
     <span class='ocr_line' id='line_1_80' title="bbox 2467 3850 4055 3927; baseline -0.003 -18"><span class='ocrx_word' id='word_1_542' title='bbox 2467 3856 2687 3927; x_wconf 50' lang='grc' dir='ltr'>βοηθήᾳ.</span> <span class='ocrx_word' id='word_1_543' title='bbox 2722 3856 2778 3908; x_wconf 75' lang='grc' dir='ltr'><strong>δὲ</strong></span> <span class='ocrx_word' id='word_1_544' title='bbox 2812 3856 2907 3908; x_wconf 82' lang='grc' dir='ltr'><strong>τοῦ</strong></span> <span class='ocrx_word' id='word_1_545' title='bbox 2941 3854 3078 3908; x_wconf 82' lang='grc' dir='ltr'>Θεοῦ</span> <span class='ocrx_word' id='word_1_546' title='bbox 3112 3855 3208 3907; x_wconf 73' lang='grc' dir='ltr'>καὶ</span> <span class='ocrx_word' id='word_1_547' title='bbox 3238 3856 3337 3924; x_wconf 80' lang='grc' dir='ltr'>τῆς</span> <span class='ocrx_word' id='word_1_548' title='bbox 3370 3854 3635 3908; x_wconf 83' lang='grc' dir='ltr'>Θεοτόκου</span> <span class='ocrx_word' id='word_1_549' title='bbox 3674 3850 3880 3918; x_wconf 78' lang='grc' dir='ltr'>πλῆθος</span> <span class='ocrx_word' id='word_1_550' title='bbox 3917 3852 4055 3905; x_wconf 75' lang='grc' dir='ltr'>πολὺ</span> 
     </span>
    </p>
   </div>
   <div class='ocr_carea' id='block_1_81' title="bbox 2463 3943 4059 4023">
    <p class='ocr_par' dir='ltr' id='par_1_81' title="bbox 2463 3943 4059 4023">
     <span class='ocr_line' id='line_1_81' title="bbox 2463 3943 4059 4023; baseline -0.003 -23"><span class='ocrx_word' id='word_1_551' title='bbox 2463 3948 2831 4009; x_wconf 74' lang='grc' dir='ltr'>ἀποϐαλόντες</span> <span class='ocrx_word' id='word_1_552' title='bbox 2859 3946 3253 4023; x_wconf 80' lang='grc' dir='ltr'>μετάίσχύνης</span> <span class='ocrx_word' id='word_1_553' title='bbox 3280 3946 3519 4016; x_wconf 76' lang='grc' dir='ltr'>μεγάλης</span> <span class='ocrx_word' id='word_1_554' title='bbox 3544 3943 4059 4015; x_wconf 46' lang='grc' dir='ltr'>ὑπέστρεψανκεκ-</span> 
     </span>
    </p>
   </div>
   <div class='ocr_carea' id='block_1_82' title="bbox 2463 4034 4056 4108">
    <p class='ocr_par' dir='ltr' id='par_1_82' title="bbox 2463 4034 4056 4108">
     <span class='ocr_line' id='line_1_82' title="bbox 2463 4034 4056 4108; baseline -0.003 -19"><span class='ocrx_word' id='word_1_555' title='bbox 2463 4036 2703 4108; x_wconf 78' lang='grc' dir='ltr'>πορίζων</span> <span class='ocrx_word' id='word_1_556' title='bbox 2738 4037 2866 4105; x_wconf 87' lang='lat'><strong>(86)</strong></span> <span class='ocrx_word' id='word_1_557' title='bbox 2903 4037 2957 4089; x_wconf 78' lang='grc' dir='ltr'><strong>δὲ</strong></span> <span class='ocrx_word' id='word_1_558' title='bbox 2993 4037 3019 4087; x_wconf 87' lang='grc' dir='ltr'>ὁ</span> <span class='ocrx_word' id='word_1_559' title='bbox 3056 4034 3297 4099; x_wconf 82' lang='grc' dir='ltr'>τοιοῦτος</span> <span class='ocrx_word' id='word_1_560' title='bbox 3333 4036 3516 4099; x_wconf 79' lang='grc' dir='ltr'>στόλος</span> <span class='ocrx_word' id='word_1_561' title='bbox 3552 4038 3645 4089; x_wconf 78' lang='grc' dir='ltr'>ἐπι</span> <span class='ocrx_word' id='word_1_562' title='bbox 3676 4036 3747 4089; x_wconf 80' lang='grc' dir='ltr'>τὰ</span> <span class='ocrx_word' id='word_1_563' title='bbox 3781 4048 3926 4104; x_wconf 71' lang='grc' dir='ltr'>μερη</span> <span class='ocrx_word' id='word_1_564' title='bbox 3960 4034 4056 4086; x_wconf 76' lang='grc' dir='ltr'>τοῦ</span> 
     </span>
    </p>
   </div>
   <div class='ocr_carea' id='block_1_83' title="bbox 2464 4124 4058 4197">
    <p class='ocr_par' dir='ltr' id='par_1_83' title="bbox 2464 4124 4058 4197">
     <span class='ocr_line' id='line_1_83' title="bbox 2464 4124 4058 4197; baseline -0.002 -21"><span class='ocrx_word' id='word_1_565' title='bbox 2464 4125 2715 4197; x_wconf 81' lang='grc' dir='ltr'>Συλαίου,</span> <span class='ocrx_word' id='word_1_566' title='bbox 2742 4126 2846 4178; x_wconf 74' lang='grc' dir='ltr'>ὑπὸ</span> <span class='ocrx_word' id='word_1_567' title='bbox 2871 4125 3153 4195; x_wconf 87' lang='grc' dir='ltr'>χειμερίου</span> <span class='ocrx_word' id='word_1_568' title='bbox 3182 4124 3348 4195; x_wconf 80' lang='grc' dir='ltr'>ζάλης</span> <span class='ocrx_word' id='word_1_569' title='bbox 3376 4125 3471 4177; x_wconf 73' lang='grc' dir='ltr'><strong>καὶ</strong></span> <span class='ocrx_word' id='word_1_570' title='bbox 3495 4124 3807 4192; x_wconf 83' lang='grc' dir='ltr'>καταιγίδος</span> <span class='ocrx_word' id='word_1_571' title='bbox 3836 4139 4058 4194; x_wconf 78' lang='grc' dir='ltr'>συντριο</span> 
     </span>
    </p>
   </div>
   <div class='ocr_carea' id='block_1_84' title="bbox 2464 4215 4057 4287">
    <p class='ocr_par' dir='ltr' id='par_1_84' title="bbox 2464 4215 4057 4287">
     <span class='ocr_line' id='line_1_84' title="bbox 2464 4215 4057 4287; baseline 0.001 -19"><span class='ocrx_word' id='word_1_572' title='bbox 2464 4215 2581 4278; x_wconf 69' lang='lat'><strong>651;</strong></span> <span class='ocrx_word' id='word_1_573' title='bbox 2606 4215 2916 4287; x_wconf 75' lang='grc' dir='ltr'>ὁλοκλήρως</span> <span class='ocrx_word' id='word_1_574' title='bbox 2942 4216 3129 4269; x_wconf 73' lang='grc' dir='ltr'>ὤλετο.</span> <span class='ocrx_word' id='word_1_575' title='bbox 3156 4217 3389 4284; x_wconf 74' lang='grc' dir='ltr'>Σουφίαν</span> <span class='ocrx_word' id='word_1_576' title='bbox 3412 4216 3469 4268; x_wconf 74' lang='grc' dir='ltr'><strong>δὲ</strong></span> <span class='ocrx_word' id='word_1_577' title='bbox 3496 4218 3523 4269; x_wconf 87' lang='grc' dir='ltr'>ὁ</span> <span class='ocrx_word' id='word_1_578' title='bbox 3547 4217 3660 4279; x_wconf 77' lang='grc' dir='ltr'>υἱὸς</span> <span class='ocrx_word' id='word_1_579' title='bbox 3684 4215 3777 4269; x_wconf 81' lang='grc' dir='ltr'>τοῦ</span> <span class='ocrx_word' id='word_1_580' title='bbox 3796 4218 3904 4285; x_wconf 58' lang='lat' dir='ltr'><strong>“At;</strong></span> <span class='ocrx_word' id='word_1_581' title='bbox 3929 4224 4057 4269; x_wconf 66' lang='grc' dir='ltr'><strong>σεδ-ι’-</strong></span> 
     </span>
    </p>
   </div>
   <div class='ocr_carea' id='block_1_85' title="bbox 2464 4304 4058 4378">
    <p class='ocr_par' dir='ltr' id='par_1_85' title="bbox 2464 4304 4058 4378">
     <span class='ocr_line' id='line_1_85' title="bbox 2464 4304 4058 4378; baseline 0.001 -19"><span class='ocrx_word' id='word_1_582' title='bbox 2464 4304 2624 4360; x_wconf 79' lang='grc' dir='ltr'>ἐϐαλε</span> <span class='ocrx_word' id='word_1_583' title='bbox 2663 4308 2900 4375; x_wconf 85' lang='grc' dir='ltr'>πόλεμον</span> <span class='ocrx_word' id='word_1_584' title='bbox 2940 4307 3079 4376; x_wconf 77' lang='grc' dir='ltr'>μετά</span> <span class='ocrx_word' id='word_1_585' title='bbox 3115 4306 3335 4377; x_wconf 83' lang='grc' dir='ltr'>Φλώρου</span> <span class='ocrx_word' id='word_1_586' title='bbox 3375 4308 3470 4359; x_wconf 74' lang='grc' dir='ltr'>καὶ</span> <span class='ocrx_word' id='word_1_587' title='bbox 3507 4308 3770 4378; x_wconf 83' lang='grc' dir='ltr'>Πετρωνᾶ</span> <span class='ocrx_word' id='word_1_588' title='bbox 3810 4310 3905 4359; x_wconf 76' lang='grc' dir='ltr'><strong>καὶ</strong></span> <span class='ocrx_word' id='word_1_589' title='bbox 3942 4310 4058 4361; x_wconf 75' lang='grc' dir='ltr'><strong>Κυ-</strong></span> 
     </span>
    </p>
   </div>
   <div class='ocr_carea' id='block_1_86' title="bbox 2465 4396 4058 4469">
    <p class='ocr_par' dir='ltr' id='par_1_86' title="bbox 2465 4396 4058 4469">
     <span class='ocr_line' id='line_1_86' title="bbox 2465 4396 4058 4469; baseline 0.004 -23"><span class='ocrx_word' id='word_1_590' title='bbox 2465 4396 2696 4468; x_wconf 75' lang='grc' dir='ltr'>πριανοῦ</span> <span class='ocrx_word' id='word_1_591' title='bbox 2732 4396 2962 4466; x_wconf 70' lang='grc' dir='ltr'>ἐχόντων</span> <span class='ocrx_word' id='word_1_592' title='bbox 2993 4398 3223 4467; x_wconf 80' lang='grc' dir='ltr'>δύναμιν</span> <span class='ocrx_word' id='word_1_593' title='bbox 3252 4397 3591 4469; x_wconf 73' lang='grc' dir='ltr'>Ῥωμαϊκὴν,</span> <span class='ocrx_word' id='word_1_594' title='bbox 3624 4401 3719 4452; x_wconf 73' lang='grc' dir='ltr'>καὶ</span> <span class='ocrx_word' id='word_1_595' title='bbox 3749 4398 4058 4452; x_wconf 80' lang='grc' dir='ltr'>κτείνονται</span> 
     </span>
    </p>
   </div>
   <div class='ocr_carea' id='block_1_87' title="bbox 2470 4485 4057 4560">
    <p class='ocr_par' dir='ltr' id='par_1_87' title="bbox 2470 4485 4057 4560">
     <span class='ocr_line' id='line_1_87' title="bbox 2470 4485 4057 4560; baseline 0.003 -21"><span class='ocrx_word' id='word_1_596' title='bbox 2470 4488 2533 4539; x_wconf 77' lang='grc' dir='ltr'><strong>’Λ</strong></span> <span class='ocrx_word' id='word_1_597' title='bbox 2546 4486 2708 4556; x_wconf 86' lang='grc' dir='ltr'>ραϐες</span> <span class='ocrx_word' id='word_1_598' title='bbox 2732 4487 2969 4557; x_wconf 82' lang='grc' dir='ltr'>χιλιάδες</span> <span class='ocrx_word' id='word_1_599' title='bbox 2993 4485 3055 4542; x_wconf 83' lang='grc' dir='ltr'>λ’.</span> <span class='ocrx_word' id='word_1_600' title='bbox 3076 4488 3210 4540; x_wconf 83' lang='grc' dir='ltr'>Τότε</span> <span class='ocrx_word' id='word_1_601' title='bbox 3235 4489 3561 4551; x_wconf 83' lang='grc' dir='ltr'>Καλλίνικος</span> <span class='ocrx_word' id='word_1_602' title='bbox 3584 4490 3925 4560; x_wconf 71' lang='grc' dir='ltr'>ἀρχιτέκτων</span> <span class='ocrx_word' id='word_1_603' title='bbox 3947 4495 4057 4544; x_wconf 61' lang='lat' dir='ltr'><strong>in&quot;.</strong></span> 
     </span>
    </p>
   </div>
   <div class='ocr_carea' id='block_1_88' title="bbox 2479 4576 4057 4652">
    <p class='ocr_par' dir='ltr' id='par_1_88' title="bbox 2479 4576 4057 4652">
     <span class='ocr_line' id='line_1_88' title="bbox 2479 4576 4057 4652; baseline 0.005 -22"><span class='ocrx_word' id='word_1_604' title='bbox 2479 4576 2658 4632; x_wconf 82' lang='grc' dir='ltr'>Ἡλίου</span> <span class='ocrx_word' id='word_1_605' title='bbox 2695 4581 2904 4643; x_wconf 87' lang='grc' dir='ltr'>πόλεως</span> <span class='ocrx_word' id='word_1_606' title='bbox 2938 4582 3035 4651; x_wconf 81' lang='grc' dir='ltr'>τῆς</span> <span class='ocrx_word' id='word_1_607' title='bbox 3069 4581 3351 4649; x_wconf 81' lang='grc' dir='ltr'>Αἰγύπτου</span> <span class='ocrx_word' id='word_1_608' title='bbox 3396 4582 3733 4652; x_wconf 80' lang='grc' dir='ltr'>προσφυγὼν</span> <span class='ocrx_word' id='word_1_609' title='bbox 3768 4588 3881 4647; x_wconf 76' lang='grc' dir='ltr'>τοῖς</span> <span class='ocrx_word' id='word_1_610' title='bbox 3917 4586 4057 4638; x_wconf 84' lang='grc' dir='ltr'><strong>Ῥω-</strong></span> 
     </span>
    </p>
   </div>
   <div class='ocr_carea' id='block_1_89' title="bbox 2467 4670 4053 4747">
    <p class='ocr_par' dir='ltr' id='par_1_89' title="bbox 2467 4670 4053 4747">
     <span class='ocr_line' id='line_1_89' title="bbox 2467 4670 4053 4747; baseline 0.006 -25"><span class='ocrx_word' id='word_1_611' title='bbox 2467 4670 2649 4741; x_wconf 82' lang='grc' dir='ltr'>μαίοις</span> <span class='ocrx_word' id='word_1_612' title='bbox 2671 4710 2686 4735; x_wconf 97' lang='grc'><strong>,</strong></span> <span class='ocrx_word' id='word_1_613' title='bbox 2722 4673 2834 4742; x_wconf 79' lang='grc' dir='ltr'>πῦρ</span> <span class='ocrx_word' id='word_1_614' title='bbox 2869 4673 3161 4726; x_wconf 83' lang='grc' dir='ltr'>θαλάσσιον</span> <span class='ocrx_word' id='word_1_615' title='bbox 3192 4676 3612 4739; x_wconf 79' lang='grc' dir='ltr'>κατασκευάσας</span> <span class='ocrx_word' id='word_1_616' title='bbox 3647 4678 3714 4728; x_wconf 82' lang='grc' dir='ltr'>τὰ</span> <span class='ocrx_word' id='word_1_617' title='bbox 3746 4677 3856 4729; x_wconf 83' lang='grc' dir='ltr'><strong>τῶν</strong></span> <span class='ocrx_word' id='word_1_618' title='bbox 3888 4678 4053 4747; x_wconf 73' lang='grc' dir='ltr'>’Δρά-</span> 
     </span>
    </p>
   </div>
   <div class='ocr_carea' id='block_1_90' title="bbox 783 4758 2360 4839">
    <p class='ocr_par' dir='ltr' id='par_1_90' title="bbox 783 4758 2352 4828">
     <span class='ocr_line' id='line_1_90' title="bbox 783 4758 2352 4828; baseline 0.003 -17"><span class='ocrx_word' id='word_1_619' title='bbox 783 4774 965 4812; x_wconf 85' lang='lat' dir='ltr'><strong>rorum</strong></span> <span class='ocrx_word' id='word_1_620' title='bbox 1001 4762 1145 4828; x_wconf 86' lang='lat' dir='ltr'><strong>apud</strong></span> <span class='ocrx_word' id='word_1_621' title='bbox 1181 4758 1441 4828; x_wconf 63' lang='lat' dir='ltr'><strong>Cyzicum</strong></span> <span class='ocrx_word' id='word_1_622' title='bbox 1484 4776 1653 4815; x_wconf 87' lang='lat' dir='ltr'><strong>naves</strong></span> <span class='ocrx_word' id='word_1_623' title='bbox 1689 4778 1794 4817; x_wconf 92' lang='lat' dir='ltr'><strong>una</strong></span> <span class='ocrx_word' id='word_1_624' title='bbox 1844 4778 1969 4817; x_wconf 86' lang='lat' dir='ltr'><strong>cum</strong></span> <span class='ocrx_word' id='word_1_625' title='bbox 2036 4762 2352 4820; x_wconf 86' lang='lat' dir='ltr'><strong>hominibus</strong></span> 
     </span>
    </p>
   </div>
   <div class='ocr_carea' id='block_1_91' title="bbox 2462 4758 4059 4839">
    <p class='ocr_par' dir='ltr' id='par_1_91' title="bbox 2463 4760 4059 4839">
     <span class='ocr_line' id='line_1_91' title="bbox 2463 4760 4059 4839; baseline 0.006 -26"><span class='ocrx_word' id='word_1_626' title='bbox 2463 4760 2573 4817; x_wconf 92' lang='grc' dir='ltr'><strong>ϐων</strong></span> <span class='ocrx_word' id='word_1_627' title='bbox 2607 4766 2789 4833; x_wconf 85' lang='grc' dir='ltr'>σκάφη</span> <span class='ocrx_word' id='word_1_628' title='bbox 2824 4764 3174 4836; x_wconf 80' lang='grc' dir='ltr'>κατέπρησεν</span> <span class='ocrx_word' id='word_1_629' title='bbox 3221 4766 3279 4817; x_wconf 87' lang='grc' dir='ltr'>ὲν</span> <span class='ocrx_word' id='word_1_630' title='bbox 3313 4767 3559 4839; x_wconf 79' lang='grc' dir='ltr'>Κυζίκῳ,</span> <span class='ocrx_word' id='word_1_631' title='bbox 3595 4768 3854 4839; x_wconf 71' lang='grc' dir='ltr'>σύμψυχα</span> <span class='ocrx_word' id='word_1_632' title='bbox 3886 4787 4059 4823; x_wconf 77' lang='grc' dir='ltr'>κατα-</span> 
     </span>
    </p>
   </div>
   <div class='ocr_carea' id='block_1_92' title="bbox 780 4850 2352 4924">
    <p class='ocr_par' dir='ltr' id='par_1_92' title="bbox 780 4850 2352 4924">
     <span class='ocr_line' id='line_1_92' title="bbox 780 4850 2352 4924; baseline 0.004 -23"><span class='ocrx_word' id='word_1_633' title='bbox 780 4850 1062 4905; x_wconf 79' lang='lat' dir='ltr'><strong>demersit.</strong></span> <span class='ocrx_word' id='word_1_634' title='bbox 1095 4850 1196 4905; x_wconf 82' lang='lat' dir='ltr'><strong>llic</strong></span> <span class='ocrx_word' id='word_1_635' title='bbox 1231 4860 1314 4905; x_wconf 91' lang='lat' dir='ltr'><strong>est</strong></span> <span class='ocrx_word' id='word_1_636' title='bbox 1346 4866 1474 4922; x_wconf 86' lang='lat' dir='ltr'><strong>ergo</strong></span> <span class='ocrx_word' id='word_1_637' title='bbox 1509 4853 1646 4924; x_wconf 87' lang='lat' dir='ltr'><strong>ignis</strong></span> <span class='ocrx_word' id='word_1_638' title='bbox 1681 4855 1935 4908; x_wconf 91' lang='lat' dir='ltr'><strong>maritimi</strong></span> <span class='ocrx_word' id='word_1_639' title='bbox 1964 4855 2240 4908; x_wconf 85' lang='lat' dir='ltr'><strong>inventor.</strong></span> <span class='ocrx_word' id='word_1_640' title='bbox 2270 4853 2352 4909; x_wconf 82' lang='lat' dir='ltr'><strong>Ab</strong></span> 
     </span>
    </p>
   </div>
   <div class='ocr_carea' id='block_1_93' title="bbox 2469 4852 4058 4933">
    <p class='ocr_par' dir='ltr' id='par_1_93' title="bbox 2469 4852 4058 4933">
     <span class='ocr_line' id='line_1_93' title="bbox 2469 4852 4058 4933; baseline 0.006 -26"><span class='ocrx_word' id='word_1_641' title='bbox 2469 4855 2727 4919; x_wconf 86' lang='grc' dir='ltr'>ποντίσας</span> <span class='ocrx_word' id='word_1_642' title='bbox 2761 4856 2921 4910; x_wconf 75' lang='grc' dir='ltr'>αὐτά.</span> <span class='ocrx_word' id='word_1_643' title='bbox 2954 4856 3126 4920; x_wconf 77' lang='grc' dir='ltr'>Αὐτὸς</span> <span class='ocrx_word' id='word_1_644' title='bbox 3162 4852 3255 4912; x_wconf 80' lang='grc' dir='ltr'><strong>οὖν</strong></span> <span class='ocrx_word' id='word_1_645' title='bbox 3287 4862 3434 4915; x_wconf 74' lang='grc' dir='ltr'>ἐστιν</span> <span class='ocrx_word' id='word_1_646' title='bbox 3464 4862 3494 4915; x_wconf 84' lang='grc' dir='ltr'>ὁ</span> <span class='ocrx_word' id='word_1_647' title='bbox 3524 4862 3586 4914; x_wconf 79' lang='grc' dir='ltr'>τὸ</span> <span class='ocrx_word' id='word_1_648' title='bbox 3618 4859 3911 4916; x_wconf 79' lang='grc' dir='ltr'>Θαλάσσιον</span> <span class='ocrx_word' id='word_1_649' title='bbox 3945 4864 4058 4933; x_wconf 75' lang='grc' dir='ltr'>πῦρ</span> 
     </span>
    </p>
   </div>
   <div class='ocr_carea' id='block_1_94' title="bbox 1912 5047 2932 5117">
    <p class='ocr_par' dir='ltr' id='par_1_94' title="bbox 1912 5047 2932 5117">
     <span class='ocr_line' id='line_1_94' title="bbox 1912 5047 2932 5117; baseline 0.01 -16"><span class='ocrx_word' id='word_1_650' title='bbox 1912 5047 2265 5117; x_wconf 49' lang='lat' dir='ltr'><strong>XXLANDRI</strong></span> <span class='ocrx_word' id='word_1_651' title='bbox 2305 5050 2397 5111; x_wconf 79' lang='grc' dir='ltr'><strong>ΕΤ</strong></span> <span class='ocrx_word' id='word_1_652' title='bbox 2434 5052 2649 5110; x_wconf 79' lang='lat' dir='ltr'><strong>GOARI</strong></span> <span class='ocrx_word' id='word_1_653' title='bbox 2700 5054 2932 5112; x_wconf 71' lang='lat' dir='ltr'><strong>NOTIE.</strong></span> 
     </span>
    </p>
   </div>
   <div class='ocr_carea' id='block_1_95' title="bbox 853 5175 2845 5249">
    <p class='ocr_par' dir='ltr' id='par_1_95' title="bbox 853 5175 2845 5249">
     <span class='ocr_line' id='line_1_95' title="bbox 853 5175 2845 5249; baseline 0.01 -21"><span class='ocrx_word' id='word_1_654' title='bbox 853 5175 966 5242; x_wconf 72' lang='lat'><strong>(82)</strong></span> <span class='ocrx_word' id='word_1_655' title='bbox 1005 5177 1046 5231; x_wconf 78' lang='grc' dir='ltr'><strong>Δ</strong></span> <span class='ocrx_word' id='word_1_656' title='bbox 1099 5179 1367 5245; x_wconf 82' lang='lat' dir='ltr'><strong>promissa</strong></span> <span class='ocrx_word' id='word_1_657' title='bbox 1427 5180 1621 5244; x_wconf 88' lang='lat' dir='ltr'><strong>barba,</strong></span> <span class='ocrx_word' id='word_1_658' title='bbox 1678 5196 1843 5249; x_wconf 90' lang='lat' dir='ltr'><strong>quam</strong></span> <span class='ocrx_word' id='word_1_659' title='bbox 1881 5199 1912 5239; x_wconf 87' lang='lat' dir='ltr'><strong>e</strong></span> <span class='ocrx_word' id='word_1_660' title='bbox 1953 5184 2144 5239; x_wconf 77' lang='lat' dir='ltr'><strong>Sicilia</strong></span> <span class='ocrx_word' id='word_1_661' title='bbox 2195 5187 2369 5243; x_wconf 83' lang='lat' dir='ltr'><strong>redux</strong></span> <span class='ocrx_word' id='word_1_662' title='bbox 2479 5192 2640 5247; x_wconf 89' lang='lat' dir='ltr'><strong>ordo.</strong></span> <span class='ocrx_word' id='word_1_663' title='bbox 2671 5193 2845 5248; x_wconf 67' lang='lat' dir='ltr'><strong>Cosa.</strong></span> 
     </span>
    </p>
   </div>
   <div class='ocr_carea' id='block_1_96' title="bbox 783 5247 2366 5330">
    <p class='ocr_par' dir='ltr' id='par_1_96' title="bbox 783 5247 2366 5330">
     <span class='ocr_line' id='line_1_96' title="bbox 783 5247 2366 5330; baseline 0.013 -36"><span class='ocrx_word' id='word_1_664' title='bbox 783 5247 1079 5330; x_wconf 58' lang='lat' dir='ltr'><strong>(lpuhtanis</strong></span> <span class='ocrx_word' id='word_1_665' title='bbox 1104 5252 1422 5309; x_wconf 79' lang='lat' dir='ltr'><strong>Ostentavit,</strong></span> <span class='ocrx_word' id='word_1_666' title='bbox 1448 5267 1572 5330; x_wconf 82' lang='lat' dir='ltr'><strong>cum</strong></span> <span class='ocrx_word' id='word_1_667' title='bbox 1593 5268 1658 5308; x_wconf 79' lang='lat' dir='ltr'><strong>ex</strong></span> <span class='ocrx_word' id='word_1_668' title='bbox 1683 5247 1820 5330; x_wconf 60' lang='lat' dir='ltr'><strong>urbe</strong></span> <span class='ocrx_word' id='word_1_669' title='bbox 1843 5252 2163 5325; x_wconf 86' lang='lat' dir='ltr'><strong>digressuro</strong></span> <span class='ocrx_word' id='word_1_670' title='bbox 2188 5260 2366 5330; x_wconf 88' lang='lat' dir='ltr'><strong>primo</strong></span> 
     </span>
    </p>
   </div>
   <div class='ocr_carea' id='block_1_97' title="bbox 2201 5398 2366 5469">
    <p class='ocr_par' dir='ltr' id='par_1_97' title="bbox 2201 5398 2366 5469">
     <span class='ocr_line' id='line_1_97' title="bbox 2201 5398 2366 5469; baseline 0.006 -19"><span class='ocrx_word' id='word_1_671' title='bbox 2201 5398 2366 5469; x_wconf 82' lang='grc' dir='ltr'><strong>ρὶηλ</strong></span> 
     </span>
    </p>
   </div>
   <div class='ocr_carea' id='block_1_98' title="bbox 784 5317 1931 5387">
    <p class='ocr_par' dir='ltr' id='par_1_98' title="bbox 784 5317 1931 5387">
     <span class='ocr_line' id='line_1_98' title="bbox 784 5317 1931 5387; baseline 0.01 -20"><span class='ocrx_word' id='word_1_672' title='bbox 784 5317 984 5379; x_wconf 75' lang='lat' dir='ltr'><strong>lautth</strong></span> <span class='ocrx_word' id='word_1_673' title='bbox 1016 5319 1160 5387; x_wconf 63' lang='lat' dir='ltr'><strong>circa</strong></span> <span class='ocrx_word' id='word_1_674' title='bbox 1192 5333 1357 5387; x_wconf 87' lang='lat' dir='ltr'><strong>genas</strong></span> <span class='ocrx_word' id='word_1_675' title='bbox 1390 5322 1716 5377; x_wconf 66' lang='lat' dir='ltr'><strong>exoriretur.</strong></span> <span class='ocrx_word' id='word_1_676' title='bbox 1758 5317 1931 5383; x_wconf 71' lang='grc' dir='ltr'>ϐολιιῖ</span> 
     </span>
    </p>
   </div>
   <div class='ocr_carea' id='block_1_99' title="bbox 855 5384 2177 5459">
    <p class='ocr_par' dir='ltr' id='par_1_99' title="bbox 855 5384 2177 5459">
     <span class='ocr_line' id='line_1_99' title="bbox 855 5384 2177 5459; baseline 0.01 -20"><span class='ocrx_word' id='word_1_677' title='bbox 855 5388 968 5456; x_wconf 83' lang='lat'><strong>(83)</strong></span> <span class='ocrx_word' id='word_1_678' title='bbox 1008 5384 1599 5459; x_wconf 55' lang='lat' dir='ltr'><strong>[furca&#39;suspendioque</strong></span> <span class='ocrx_word' id='word_1_679' title='bbox 1627 5392 1924 5455; x_wconf 81' lang='lat' dir='ltr'><strong>damnavit.</strong></span> <span class='ocrx_word' id='word_1_680' title='bbox 1967 5404 2177 5452; x_wconf 91' lang='lat' dir='ltr'><strong>mutato</strong></span> 
     </span>
    </p>
   </div>
   <div class='ocr_carea' id='block_1_100' title="bbox 783 5456 2358 5536">
    <p class='ocr_par' dir='ltr' id='par_1_100' title="bbox 783 5456 2358 5536">
     <span class='ocr_line' id='line_1_100' title="bbox 783 5456 2358 5536; baseline 0.01 -29"><span class='ocrx_word' id='word_1_681' title='bbox 783 5471 881 5531; x_wconf 84' lang='lat' dir='ltr'><strong>pro</strong></span> <span class='ocrx_word' id='word_1_682' title='bbox 916 5456 1276 5536; x_wconf 54' lang='grc' dir='ltr'>ὲφούρκισενξ</span> <span class='ocrx_word' id='word_1_683' title='bbox 1315 5475 1419 5512; x_wconf 87' lang='lat' dir='ltr'><strong>non</strong></span> <span class='ocrx_word' id='word_1_684' title='bbox 1446 5456 1813 5536; x_wconf 71' lang='lat' dir='ltr'><strong>insubnrhin,</strong></span> <span class='ocrx_word' id='word_1_685' title='bbox 1845 5475 1902 5519; x_wconf 93' lang='lat' dir='ltr'><strong>ut</strong></span> <span class='ocrx_word' id='word_1_686' title='bbox 1932 5456 2230 5536; x_wconf 64' lang='lat' dir='ltr'><strong>Xylander,</strong></span> <span class='ocrx_word' id='word_1_687' title='bbox 2265 5484 2358 5525; x_wconf 83' lang='lat' dir='ltr'><strong>ve-</strong></span> 
     </span>
    </p>
   </div>
   <div class='ocr_carea' id='block_1_101' title="bbox 783 5527 2362 5605">
    <p class='ocr_par' dir='ltr' id='par_1_101' title="bbox 783 5527 2362 5605">
     <span class='ocr_line' id='line_1_101' title="bbox 783 5527 2362 5605; baseline 0.005 -24"><span class='ocrx_word' id='word_1_688' title='bbox 783 5527 903 5581; x_wconf 77' lang='lat' dir='ltr'><strong>t&#39;unt</strong></span> <span class='ocrx_word' id='word_1_689' title='bbox 935 5538 996 5605; x_wconf 73' lang='lat' dir='ltr'><strong>ut</strong></span> <span class='ocrx_word' id='word_1_690' title='bbox 1027 5527 1225 5605; x_wconf 80' lang='lat' dir='ltr'><strong>Strabo</strong></span> <span class='ocrx_word' id='word_1_691' title='bbox 1339 5546 1442 5605; x_wconf 55' lang='lat' dir='ltr'><strong>vii,</strong></span> <span class='ocrx_word' id='word_1_692' title='bbox 1473 5532 1569 5583; x_wconf 75' lang='grc' dir='ltr'><strong>ἐπὶ</strong></span> <span class='ocrx_word' id='word_1_693' title='bbox 1597 5534 1689 5585; x_wconf 86' lang='grc' dir='ltr'><strong>τὸν</strong></span> <span class='ocrx_word' id='word_1_694' title='bbox 1725 5534 1831 5587; x_wconf 83' lang='grc' dir='ltr'>ὑπὸ</span> <span class='ocrx_word' id='word_1_695' title='bbox 1883 5539 1947 5605; x_wconf 80' lang='grc' dir='ltr'>τῇ</span> <span class='ocrx_word' id='word_1_696' title='bbox 1984 5527 2124 5605; x_wconf 67' lang='grc' dir='ltr'>συκῇ</span> <span class='ocrx_word' id='word_1_697' title='bbox 2160 5527 2362 5589; x_wconf 84' lang='grc' dir='ltr'>καλού-</span> 
     </span>
    </p>
   </div>
   <div class='ocr_carea' id='block_1_102' title="bbox 783 5596 2357 5723">
    <p class='ocr_par' dir='ltr' id='par_1_102' title="bbox 783 5596 2357 5723">
     <span class='ocr_line' id='line_1_102' title="bbox 783 5596 2357 5723; baseline 0.01 -78"><span class='ocrx_word' id='word_1_698' title='bbox 783 5613 947 5723; x_wconf 57' lang='grc' dir='ltr'>ιεενον</span> <span class='ocrx_word' id='word_1_699' title='bbox 983 5596 1212 5665; x_wconf 84' lang='grc' dir='ltr'>λιμένα,</span> <span class='ocrx_word' id='word_1_700' title='bbox 1255 5598 1311 5650; x_wconf 81' lang='lat' dir='ltr'><strong>iu</strong></span> <span class='ocrx_word' id='word_1_701' title='bbox 1342 5598 1503 5668; x_wconf 79' lang='lat' dir='ltr'><strong>Syres</strong></span> <span class='ocrx_word' id='word_1_702' title='bbox 1549 5611 1739 5672; x_wconf 76' lang='lat' dir='ltr'><strong>portu,</strong></span> <span class='ocrx_word' id='word_1_703' title='bbox 1791 5609 1881 5674; x_wconf 91' lang='lat' dir='ltr'><strong>qui</strong></span> <span class='ocrx_word' id='word_1_704' title='bbox 1923 5596 2357 5662; x_wconf 53' lang='lat' dir='ltr'><strong>&#39;nuncﬂGalatm.</strong></span> 
     </span>
     <span class='ocr_line' id='line_1_103' title="bbox 832 5680 955 5717; baseline -0.008 0"><span class='ocrx_word' id='word_1_705' title='bbox 832 5680 955 5717; x_wconf 71' lang='lat' dir='ltr'><strong>om.</strong></span> 
     </span>
    </p>
   </div>
   <div class='ocr_carea' id='block_1_103' title="bbox 832 5680 955 5717">
    <p class='ocr_par' dir='ltr' id='par_1_103' title="bbox 832 5680 955 5717">
     <span class='ocr_line' id='line_1_104' title="bbox 832 5680 955 5717; baseline -0.008 0"><span class='ocrx_word' id='word_1_706' title='bbox 832 5680 955 5717; x_wconf 71' lang='lat' dir='ltr'><strong>OAR.</strong></span> 
     </span>
    </p>
   </div>
   <div class='ocr_carea' id='block_1_104' title="bbox 855 5736 2358 5810">
    <p class='ocr_par' dir='ltr' id='par_1_104' title="bbox 855 5736 2358 5810">
     <span class='ocr_line' id='line_1_105' title="bbox 855 5736 2358 5810; baseline 0.009 -24"><span class='ocrx_word' id='word_1_707' title='bbox 855 5736 964 5810; x_wconf 54' lang='lat' dir='ltr'><strong>(8t)</strong></span> <span class='ocrx_word' id='word_1_708' title='bbox 994 5736 1209 5805; x_wconf 88' lang='lat' dir='ltr'><strong>Septem</strong></span> <span class='ocrx_word' id='word_1_709' title='bbox 1233 5740 1416 5806; x_wconf 82' lang='lat' dir='ltr'><strong>itaque</strong></span> <span class='ocrx_word' id='word_1_710' title='bbox 1436 5740 1675 5795; x_wconf 84' lang='lat' dir='ltr'><strong>millibus</strong></span> <span class='ocrx_word' id='word_1_711' title='bbox 1696 5758 1975 5810; x_wconf 82' lang='lat' dir='ltr'><strong>passuum,</strong></span> <span class='ocrx_word' id='word_1_712' title='bbox 1998 5746 2065 5799; x_wconf 81' lang='lat' dir='ltr'><strong>ab</strong></span> <span class='ocrx_word' id='word_1_713' title='bbox 2084 5743 2358 5799; x_wconf 84' lang='lat' dir='ltr'><strong>Hebdomo</strong></span> 
     </span>
    </p>
   </div>
   <div class='ocr_carea' id='block_1_105' title="bbox 786 5806 2357 5887">
    <p class='ocr_par' dir='ltr' id='par_1_105' title="bbox 786 5806 2357 5887">
     <span class='ocr_line' id='line_1_106' title="bbox 786 5806 2357 5887; baseline 0.009 -32"><span class='ocrx_word' id='word_1_714' title='bbox 786 5806 876 5887; x_wconf 39' lang='lat' dir='ltr'><strong>qui</strong></span> <span class='ocrx_word' id='word_1_715' title='bbox 900 5817 982 5887; x_wconf 74' lang='lat' dir='ltr'><strong>est</strong></span> <span class='ocrx_word' id='word_1_716' title='bbox 1012 5811 1274 5877; x_wconf 81' lang='lat' dir='ltr'><strong>septimus</strong></span> <span class='ocrx_word' id='word_1_717' title='bbox 1292 5812 1516 5887; x_wconf 72' lang='lat' dir='ltr'><strong>ali_u_rbe</strong></span> <span class='ocrx_word' id='word_1_718' title='bbox 1546 5806 1709 5879; x_wconf 62' lang='lat' dir='ltr'><strong>lapis.</strong></span> <span class='ocrx_word' id='word_1_719' title='bbox 1729 5814 1793 5887; x_wconf 69' lang='lat' dir='ltr'><strong>ad</strong></span> <span class='ocrx_word' id='word_1_720' title='bbox 1816 5813 2132 5887; x_wconf 69' lang='lat' dir='ltr'><strong>Cyclobiuni</strong></span> <span class='ocrx_word' id='word_1_721' title='bbox 2168 5828 2357 5883; x_wconf 80' lang='lat' dir='ltr'><strong>portus</strong></span> 
     </span>
    </p>
   </div>
   <div class='ocr_carea' id='block_1_106' title="bbox 780 5873 2344 5945">
    <p class='ocr_par' dir='ltr' id='par_1_106' title="bbox 780 5873 2344 5945">
     <span class='ocr_line' id='line_1_107' title="bbox 780 5873 2344 5945; baseline 0.006 -16"><span class='ocrx_word' id='word_1_722' title='bbox 780 5873 868 5929; x_wconf 67' lang='grc' dir='ltr'><strong>ΟΡ</strong></span> <span class='ocrx_word' id='word_1_723' title='bbox 905 5873 1117 5945; x_wconf 64' lang='grc' dir='ltr'>Ιοιέυιιί,</span> <span class='ocrx_word' id='word_1_724' title='bbox 1174 5880 1569 5935; x_wconf 75' lang='lat' dir='ltr'><strong>extendebatur</strong></span> <span class='ocrx_word' id='word_1_725' title='bbox 1602 5873 2344 5939; x_wconf 42' lang='lat' dir='ltr'><strong>&#39;nai‘iuin&#39;Saraceuiéaruni</strong></span> 
     </span>
    </p>
   </div>
   <div class='ocr_carea' id='block_1_107' title="bbox 2546 5259 4053 5335">
    <p class='ocr_par' dir='ltr' id='par_1_107' title="bbox 2546 5259 4053 5335">
     <span class='ocr_line' id='line_1_108' title="bbox 2546 5259 4053 5335; baseline 0.003 -19"><span class='ocrx_word' id='word_1_726' title='bbox 2546 5263 2660 5331; x_wconf 81' lang='lat'><strong>(85)</strong></span> <span class='ocrx_word' id='word_1_727' title='bbox 2690 5259 2788 5319; x_wconf 79' lang='lat' dir='ltr'><strong>Est</strong></span> <span class='ocrx_word' id='word_1_728' title='bbox 2824 5267 3000 5318; x_wconf 80' lang='lat' dir='ltr'><strong>Aurea</strong></span> <span class='ocrx_word' id='word_1_729' title='bbox 3038 5274 3193 5335; x_wconf 88' lang='lat' dir='ltr'><strong>porta</strong></span> <span class='ocrx_word' id='word_1_730' title='bbox 3236 5282 3432 5322; x_wconf 82' lang='lat' dir='ltr'><strong>versus</strong></span> <span class='ocrx_word' id='word_1_731' title='bbox 3480 5266 3812 5324; x_wconf 84' lang='lat' dir='ltr'><strong>Blachernas</strong></span> <span class='ocrx_word' id='word_1_732' title='bbox 3852 5272 3907 5325; x_wconf 92' lang='lat' dir='ltr'><strong>in</strong></span> <span class='ocrx_word' id='word_1_733' title='bbox 3943 5273 4053 5328; x_wconf 85' lang='lat' dir='ltr'><strong>imn</strong></span> 
     </span>
    </p>
   </div>
   <div class='ocr_carea' id='block_1_108' title="bbox 2474 5333 4051 5410">
    <p class='ocr_par' dir='ltr' id='par_1_108' title="bbox 2474 5333 4051 5410">
     <span class='ocr_line' id='line_1_109' title="bbox 2474 5333 4051 5410; baseline 0.007 -25"><span class='ocrx_word' id='word_1_734' title='bbox 2474 5333 2601 5410; x_wconf 68' lang='lat' dir='ltr'><strong>sinu</strong></span> <span class='ocrx_word' id='word_1_735' title='bbox 2645 5336 2740 5410; x_wconf 72' lang='grc' dir='ltr'><strong>τού</strong></span> <span class='ocrx_word' id='word_1_736' title='bbox 2776 5333 3239 5410; x_wconf 34' lang='grc' dir='ltr'>κέρατοςί-ξιηυδ</span> <span class='ocrx_word' id='word_1_737' title='bbox 3410 5339 3725 5408; x_wconf 83' lang='grc' dir='ltr'>Βραχιόλιον</span> <span class='ocrx_word' id='word_1_738' title='bbox 3760 5352 3849 5397; x_wconf 88' lang='lat' dir='ltr'><strong>est</strong></span> <span class='ocrx_word' id='word_1_739' title='bbox 3882 5344 4051 5410; x_wconf 68' lang='lat' dir='ltr'><strong>ﬂetus</strong></span> 
     </span>
    </p>
   </div>
   <div class='ocr_carea' id='block_1_109' title="bbox 2473 5403 4052 5537">
    <p class='ocr_par' dir='ltr' id='par_1_109' title="bbox 2473 5403 4052 5537">
     <span class='ocr_line' id='line_1_110' title="bbox 2481 5403 4052 5487; baseline 0.007 -32"><span class='ocrx_word' id='word_1_740' title='bbox 2481 5403 2656 5487; x_wconf 69' lang='lat' dir='ltr'><strong>ipsius</strong></span> <span class='ocrx_word' id='word_1_741' title='bbox 2686 5403 2863 5468; x_wconf 80' lang='lat' dir='ltr'><strong>sinus,</strong></span> <span class='ocrx_word' id='word_1_742' title='bbox 2897 5406 3201 5472; x_wconf 80' lang='grc' dir='ltr'>Κυκλόϐιον</span> <span class='ocrx_word' id='word_1_743' title='bbox 3231 5403 3478 5475; x_wconf 78' lang='lat' dir='ltr'><strong>eiusdem</strong></span> <span class='ocrx_word' id='word_1_744' title='bbox 3511 5403 3663 5464; x_wconf 75' lang='lat' dir='ltr'><strong>sinus</strong></span> <span class='ocrx_word' id='word_1_745' title='bbox 3692 5403 3903 5473; x_wconf 59' lang='lat' dir='ltr'><strong>fauces,</strong></span> <span class='ocrx_word' id='word_1_746' title='bbox 3938 5416 4052 5468; x_wconf 73' lang='lat' dir='ltr'><strong>sive</strong></span> 
     </span>
     <span class='ocr_line' id='line_1_111' title="bbox 2473 5472 3907 5537; baseline 0.008 -12"><span class='ocrx_word' id='word_1_747' title='bbox 2473 5472 2579 5526; x_wconf 76' lang='lat' dir='ltr'><strong>LP.</strong></span> <span class='ocrx_word' id='word_1_748' title='bbox 2610 5486 2850 5527; x_wconf 76' lang='lat' dir='ltr'><strong>extrema</strong></span> <span class='ocrx_word' id='word_1_749' title='bbox 2888 5492 3012 5537; x_wconf 85' lang='lat' dir='ltr'><strong>pars</strong></span> <span class='ocrx_word' id='word_1_750' title='bbox 3053 5492 3243 5530; x_wconf 85' lang='lat' dir='ltr'><strong>versus</strong></span> <span class='ocrx_word' id='word_1_751' title='bbox 3274 5479 3704 5537; x_wconf 83' lang='lat' dir='ltr'><strong>Hellesnnntnm.</strong></span> <span class='ocrx_word' id='word_1_752' title='bbox 3729 5481 3907 5537; x_wconf 66' lang='lat' dir='ltr'><strong>Gosn.</strong></span> 
     </span>
    </p>
   </div>
   <div class='ocr_carea' id='block_1_110' title="bbox 2542 5492 4052 5615">
    <p class='ocr_par' dir='ltr' id='par_1_110' title="bbox 2542 5492 4052 5615">
     <span class='ocr_line' id='line_1_112' title="bbox 2542 5492 3907 5547; baseline 0.01 -22"><span class='ocrx_word' id='word_1_753' title='bbox 2542 5492 2579 5525; x_wconf 74' lang='grc' dir='ltr'>ι.</span> <span class='ocrx_word' id='word_1_754' title='bbox 2610 5492 2850 5527; x_wconf 76' lang='lat' dir='ltr'><strong>utretna</strong></span> <span class='ocrx_word' id='word_1_755' title='bbox 2888 5492 3012 5545; x_wconf 85' lang='lat' dir='ltr'><strong>pars</strong></span> <span class='ocrx_word' id='word_1_756' title='bbox 3053 5492 3243 5530; x_wconf 84' lang='lat' dir='ltr'><strong>versus</strong></span> <span class='ocrx_word' id='word_1_757' title='bbox 3274 5492 3704 5547; x_wconf 80' lang='lat' dir='ltr'><strong>Hellespontum.</strong></span> <span class='ocrx_word' id='word_1_758' title='bbox 3729 5492 3907 5540; x_wconf 67' lang='lat' dir='ltr'><strong>Uosn.</strong></span> 
     </span>
     <span class='ocr_line' id='line_1_113' title="bbox 2542 5543 4052 5615; baseline 0.008 -19"><span class='ocrx_word' id='word_1_759' title='bbox 2542 5543 2655 5613; x_wconf 84' lang='lat'><strong>(86)</strong></span> <span class='ocrx_word' id='word_1_760' title='bbox 2690 5543 2955 5615; x_wconf 72' lang='lat' dir='ltr'><strong>Zonaras,</strong></span> <span class='ocrx_word' id='word_1_761' title='bbox 2988 5549 3283 5615; x_wconf 82' lang='grc' dir='ltr'>γενομένου</span> <span class='ocrx_word' id='word_1_762' title='bbox 3307 5549 3403 5601; x_wconf 80' lang='grc' dir='ltr'>τοῦ</span> <span class='ocrx_word' id='word_1_763' title='bbox 3438 5552 3626 5603; x_wconf 72' lang='grc' dir='ltr'>στόλου</span> <span class='ocrx_word' id='word_1_764' title='bbox 3669 5556 3809 5604; x_wconf 69' lang='grc' dir='ltr'>κατὰ</span> <span class='ocrx_word' id='word_1_765' title='bbox 3846 5557 3908 5607; x_wconf 75' lang='grc' dir='ltr'><strong>τὸ</strong></span> <span class='ocrx_word' id='word_1_766' title='bbox 3952 5555 4052 5608; x_wconf 77' lang='grc' dir='ltr'><strong>Σύ·</strong></span> 
     </span>
    </p>
   </div>
   <div class='ocr_carea' id='block_1_111' title="bbox 2464 5613 4049 5694">
    <p class='ocr_par' dir='ltr' id='par_1_111' title="bbox 2464 5613 4049 5694">
     <span class='ocr_line' id='line_1_114' title="bbox 2464 5613 4049 5694; baseline 0.01 -31"><span class='ocrx_word' id='word_1_767' title='bbox 2464 5614 2632 5694; x_wconf 63' lang='grc' dir='ltr'>λαιογ.</span> <span class='ocrx_word' id='word_1_768' title='bbox 2701 5613 2936 5694; x_wconf 76' lang='lat' dir='ltr'><strong>Verbum</strong></span> <span class='ocrx_word' id='word_1_769' title='bbox 3000 5613 3319 5694; x_wconf 53' lang='grc' dir='ltr'>ἐκπορίζειν</span> <span class='ocrx_word' id='word_1_770' title='bbox 3348 5620 3463 5694; x_wconf 68' lang='lat' dir='ltr'><strong>hoc</strong></span> <span class='ocrx_word' id='word_1_771' title='bbox 3492 5622 3671 5694; x_wconf 52' lang='lat' dir='ltr'><strong>laudo</strong></span> <span class='ocrx_word' id='word_1_772' title='bbox 3709 5636 4049 5694; x_wconf 17' lang='lat' dir='ltr'><strong>ittSttrpulltm</strong></span> 
     </span>
    </p>
   </div>
   <div class='ocr_carea' id='block_1_112' title="bbox 2462 5684 4048 5759">
    <p class='ocr_par' dir='ltr' id='par_1_112' title="bbox 2462 5684 4048 5759">
     <span class='ocr_line' id='line_1_115' title="bbox 2462 5684 4048 5759; baseline 0.008 -25"><span class='ocrx_word' id='word_1_773' title='bbox 2462 5684 2590 5759; x_wconf 70' lang='lat' dir='ltr'><strong>alibi</strong></span> <span class='ocrx_word' id='word_1_774' title='bbox 2631 5699 2738 5759; x_wconf 78' lang='lat' dir='ltr'><strong>non</strong></span> <span class='ocrx_word' id='word_1_775' title='bbox 2771 5685 3079 5759; x_wconf 67' lang='lat' dir='ltr'><strong>observavi.</strong></span> <span class='ocrx_word' id='word_1_776' title='bbox 3123 5684 3229 5759; x_wconf 54' lang='lat' dir='ltr'><strong>Pio</strong></span> <span class='ocrx_word' id='word_1_777' title='bbox 3269 5688 3445 5759; x_wconf 73' lang='lat' dir='ltr'><strong>Sylano</strong></span> <span class='ocrx_word' id='word_1_778' title='bbox 3492 5684 3880 5749; x_wconf 68' lang='lat' dir='ltr'><strong>Helaiichthon</strong></span> <span class='ocrx_word' id='word_1_779' title='bbox 3926 5700 4048 5749; x_wconf 74' lang='lat' dir='ltr'><strong>Ma-</strong></span> 
     </span>
    </p>
   </div>
   <div class='ocr_carea' id='block_1_113' title="bbox 2463 5754 4044 5837">
    <p class='ocr_par' dir='ltr' id='par_1_113' title="bbox 2463 5754 4044 5837">
     <span class='ocr_line' id='line_1_116' title="bbox 2463 5754 4044 5837; baseline 0.008 -32"><span class='ocrx_word' id='word_1_780' title='bbox 2463 5754 2599 5837; x_wconf 69' lang='lat' dir='ltr'><strong>lea_m</strong></span> <span class='ocrx_word' id='word_1_781' title='bbox 2639 5754 2822 5837; x_wconf 58' lang='lat' dir='ltr'><strong>habet.</strong></span> <span class='ocrx_word' id='word_1_782' title='bbox 2864 5755 2997 5812; x_wconf 71' lang='lat' dir='ltr'><strong>XYL.</strong></span> <span class='ocrx_word' id='word_1_783' title='bbox 3028 5786 3095 5796; x_wconf 93' lang='lat'>—</span> <span class='ocrx_word' id='word_1_784' title='bbox 3144 5754 3381 5829; x_wconf 71' lang='lat' dir='ltr'><strong>Sylazum</strong></span> <span class='ocrx_word' id='word_1_785' title='bbox 3418 5764 3673 5817; x_wconf 69' lang='lat' dir='ltr'><strong>secunda:</strong></span> <span class='ocrx_word' id='word_1_786' title='bbox 3711 5762 4044 5837; x_wconf 53' lang='lat' dir='ltr'><strong>Palllpit’il&#39;f.</strong></span> 
     </span>
    </p>
   </div>
   <div class='ocr_carea' id='block_1_114' title="bbox 2466 5823 2835 5879">
    <p class='ocr_par' dir='ltr' id='par_1_114' title="bbox 2466 5823 2835 5879">
     <span class='ocr_line' id='line_1_117' title="bbox 2466 5823 2835 5879; baseline 0.008 -4"><span class='ocrx_word' id='word_1_787' title='bbox 2466 5825 2620 5877; x_wconf 81' lang='lat' dir='ltr'><strong>urbs.</strong></span> <span class='ocrx_word' id='word_1_788' title='bbox 2653 5823 2835 5879; x_wconf 65' lang='lat' dir='ltr'><strong>Gesn.</strong></span> 
     </span>
    </p>
   </div>
  </div>
