4226 6444
184 425 287 488 837

1245 427 1785 489 HISTORIABI‘M
1829 426 2334 494 COMPENDIUM

3349 450 3457 514 838

179 536 452 608 ἐφευρὼν.
473 537 569 590 Ἐκ
591 537 785 594 τούτου
810 539 1110 606 κατάγεται
1138 541 1169 610 ἡ
1197 541 1358 608 γενεὰ
1381 540 1476 593 τοῦ
1501 539 1760 611 Λαμπροῐ

1888 549 1990 604 hoc
2020 565 2195 621 genus
2233 551 2384 607 ducit
2435 552 2720 624 Lamprus,
2751 557 2796 612 is
2828 557 2921 628 qui
2965 557 3242 628 hodieque
3274 556 3454 628 ignem

179 629 275 683 τοῦ
308 629 426 688 νυνὶ
451 629 517 682 τὸ
548 628 658 700 πῦρ
688 630 949 699 ἐντέχνως
979 632 1502 696 κατασκευάζοντος.
1527 631 1616 684 Ἐν
1641 634 1767 686 ταύ-

176 738 300 785 ταις
329 722 450 783 ταῖς
485 722 719 793 ἡμέραις
754 717 822 792 ἦν
853 721 949 776 καὶ
979 723 1006 776 ό
1035 721 1448 794 φρονιμώτατος
1479 721 1769 794 ἄνθρωπος

191 817 447 886 Ἰωάννης
475 819 504 869 ὁ
533 813 920 884 Πιτζικαύδης.

249 929 344 1000 Τῷ
382 927 434 999 η’
457 929 553 985 καὶ
591 929 636 981 θ’
683 929 792 984 Etet
841 931 1091 1002 εἰσῆλθον
1122 934 1171 985 ot
1212 931 1524 1004 Μαρδαῐται
1562 935 1642 997 είς
1676 933 1768 987 τὸν

176 1023 446 1085 Λίϐανον,
479 1023 575 1078 καὶ
607 1024 922 1096 ἐκράτησαν
950 1026 1058 1080 άπὸ
1087 1026 1182 1080 τοῦ
1213 1028 1383 1098 Mati;
1418 1045 1441 1080 δ
1473 1029 1634 1098 ὅρους
1663 1028 1767 1089 ἓως

175 1115 276 1182 τῆς
304 1114 471 1183 ἁγίας
498 1115 730 1181 πόλεως,
757 1120 854 1170 καὶ
884 1116 1249 1187 ὶχειρὼσαντο
1274 1121 1374 1182 τὰς
1405 1119 1498 1173 τοῦ
1531 1121 1766 1175 Λιϐάνου

176 1203 489 1272 περιωπάς.
515 1203 628 1257 Καὶ
653 1204 837 1258 πολλοὶ
859 1204 1036 1261 δοῦλοι
1061 1207 1156 1260 καὶ
1182 1209 1521 1279 αἰχμάλωτοι
1551 1213 1644 1262 καὶ
1672 1211 1764 1263 αύ-

173 1294 426 1365 τόχθονες
454 1295 589 1368 πρὸς
616 1296 817 1362 αὐτοὺς
843 1298 1151 1371 ἰχώρησαν,
1178 1299 1321 1352 ὥστε
1347 1300 1412 1354 δι’
1430 1301 1614 1369 ὀλίγου
1641 1301 1767 1372 χρόη-

1884 641 2178 700 artilieiose
2212 646 2396 701 struit.
2429 645 2583 702 Tunc
2613 649 2778 704 etiam
2822 651 2958 705 vixit
2991 649 3458 720 prudentissimus

1886 733 2072 794 homo.
2103 736 2344 794 Joannes
2378 738 2718 794 Pitzicauila.

1941 919 2116 973 Annis
2157 927 2352 972 octavo
2380 927 2436 974 et
2496 932 2650 972 nono
2707 916 2991 973 Mardaitas
3042 915 3311 976 Libanum
3364 923 3455 978 in-

1869 1011 2047 1082 gressi
2092 1022 2498 1080 occupaverunt
2529 1011 2795 1083 quidquid
2829 1026 2860 1066 a
2893 1011 3084 1067 Mauro
3129 1021 3316 1069 monte
3371 1025 3455 1070 est

1834 1095 1839 1099 ’
1872 1120 2043 1175 usque
2069 1103 2136 1157 ad
2161 1118 2374 1157 sacram
2407 1105 2622 1170 urbem,
2652 1114 2708 1161 et
2753 1105 3006 1175 speculas
3035 1106 3198 1162 etiam
3257 1105 3452 1162 Libani

1868 1196 2177 1251 obtinuere.
2207 1193 2365 1250 Multi
2389 1195 2452 1249 ad
2477 1212 2572 1252 eos
2609 1212 2669 1252 se
2686 1199 3039 1254 contulerunt
3063 1198 3233 1263 servi,
3253 1201 3451 1270 captivi

1868 1304 2031 1362 atque
2062 1293 2350 1362 indigena},
2381 1291 2519 1347 adeo
2560 1304 2618 1346 ut
2661 1297 2863 1362 exiguo
2889 1304 3137 1365 tempore
3167 1297 3234 1351 ad
3270 1295 3440 1351 multa

173 1404 268 1439 νου
311 1390 391 1451 είς
436 1388 640 1453 πολλὰς
681 1391 928 1461 χιλιάδας
969 1391 1246 1459 γενέσθαι.
1285 1394 1470 1448 Ταῦτα
1515 1394 1701 1465 μαθὼν
1740 1395 1760 1447 ό

1865 1388 2211 1440 excreverint
2245 1385 2442 1440 millia.
2488 1385 2613 1441 Haec
2654 1387 2818 1458 766
2843 1387 3072 1442 Maviam
3097 1398 3151 1443 et
3184 1390 3282 1459 qui,
3327 1404 3450 1444 cum

172 1477 394 1540 Μειδίας
424 1481 518 1531 καὶ
546 1479 598 1530 oi
629 1479 727 1531 σὺν
752 1479 903 1549 αὐτῷ
927 1480 1295 1552 εφοϐήθησαν,
1323 1485 1417 1538 καὶ
1446 1483 1760 1553 συλλογισάς

1865 1487 1933 1528 eo
1971 1483 2129 1526 erant
2160 1483 2494 1538 terruerunt,
2533 1477 2604 1530 ita
2633 1477 2857 1546 quidem
2884 1485 2943 1532 ut
2975 1477 3283 1546 c0gitantes
3334 1477 3452 1531 Ro-

175 1585 331 1638 μενοι
362 1569 438 1631 ὡς
464 1570 526 1621 τὸ
549 1568 659 1622 τῶν
687 1570 975 1640 Ῥωμαίων
1005 1573 1278 1644 βασίλειον
1300 1575 1405 1630 ὑπὸ
1434 1575 1570 1629 Θεοῦ
1599 1594 1760 1646 φρου-

1868 1581 2092 1620 manutn
2130 1567 2414 1638 imperium
2448 1568 2636 1622 divino
2667 1569 2926 1639 praesidio
2962 1569 3208 1628 defendi
3242 1571 3454 1654 legatos

176 1664 374 1728 peint,
421 1662 704 1732 πέμπουσι
751 1666 1011 1735 πρέσϐεις
1061 1669 1198 1738 πρὸς
1243 1669 1334 1722 τὸν
1384 1671 1760 1740 αὐτοκράτορα

1868 1655 1932 1708 ad
1963 1657 2390 1714 Coiistantinum
2454 1660 2607 1729 pacis
2671 1660 2919 1730 petendae
2977 1675 3142 1718 causa
3178 1663 3450 1719 miserint.

173 1754 587 1808 Κωνσταντῐνον
632 1755 771 1826 ὑπὲρ
818 1757 1067 1826 είρήνης.
1104 1759 1162 1812 Ὀ
1205 1759 1261 1814 δὲ
1305 1761 1626 1817 ἀποστέλλει
1671 1763 1760 1813 τὸν

1870 1747 1916 1800 ts
1953 1746 2320 1803 Pitzicaudam
2349 1752 2413 1804 ad
2457 1749 2768 1807 Saracenos
2823 1751 3010 1819 mittit,
3067 1769 3271 1824 perque
3291 1752 3448 1836 “cuiu

175 1845 575 1915 Ιιιτζικαύδην,
607 1846 702 1901 καὶ
731 1849 877 1900 ποιεῖ
908 1851 1201 1920 ἐγγράφως
1231 1854 1454 1924 εἰρήνην
1486 1853 1623 1921 μετὰ
1653 1852 1760 1904 τῶν

1871 1852 2055 1903 pacem
2085 1856 2208 1893 eum
2248 1845 2332 1896 eis
2365 1847 2646 1912 componit
2677 1859 2742 1900 ac
2791 1845 2996 1900 tabulis
3045 1848 3355 1915 eonsignat,
3386 1862 3449 1902 ea

173 1935 530 2003 Σκρῖ.κηνῶν,
556 1938 782 2006 ὲτησίως
810 1917 1070 2010 παρέχειν
1092 1917 1296 2005 αὐτοὺς,
1314 1917 1447 2012 προς
1472 1917 1598 2006 τοὺς
1630 1945 1760 2000 Ῥω-

1865 1929 2176 1982 conditione
2205 1940 2264 1984 ut
2301 1946 2394 2000 per
2429 1949 2602 1990 annos
2633 1935 2854 2004 triginta
2901 1939 3201 2004 quotannis
3258 1937 3450 1992 Sarra-

175 2026 370 2092 μιέους
402 2025 628 2095 χρυσίου
658 2027 900 2094 χιλιάδας
936 2036 965 2081 ι’
985 2029 1098 2099 (87)
1132 2033 1228 2084 καὶ
1257 2031 1458 2103 ἄνδρας
1487 2035 1764 2103 αίχμαλώ-

171 2132 298 2176 τους
337 2115 382 2184 ρ’
403 2117 498 2174 καὶ
533 2117 732 2180 ἵππους
765 2119 1008 2186 εὐγενεῖς
1042 2120 1082 2174 ν’
1105 2123 1199 2176 ἐπὶ
1231 2125 1444 2193 χρόνοις
1479 2125 1543 2181 λ’.
1576 2127 1760 2181 Ταῦτα

175 2208 440 2273 μαθόντες
476 2208 526 2262 oi
563 2209 629 2262 τά
658 2209 921 2281 Ἐσπέρια
958 2213 1236 2277 οἰκοῦντες
1269 2201 1416 2285 δῶρα
1451 2217 1760 2281 στείλαντες

174 2296 259 2369 [Ρ.
289 2297 418 2370 458]
446 2300 523 2368 τῷ
554 2301 766 2370 βασιλεῖ
795 2304 1020 2377 εἰρήνην
1045 2304 1258 2376 ᾔτησαν
1279 2323 1292 2339 ·
1322 2302 1403 2370 οἷς
1433 2308 1580 2371 εῐξας
1605 2307 1633 2359 ὁ
1667 2314 1758 2376 βα-

174 2393 356 2456 σιλεὺς
399 2394 645 2464 ἐκύρωσε
681 2396 912 2467 ταύτην,
950 2400 1044 2451 καὶ
1084 2399 1275 2467 γέγονε
1314 2402 1618 2472 ἀμεριμνία
1663 2419 1761 2472 με·

170 2484 312 2554 γάλη
345 2487 401 2539 ἐν
421 2504 481 2540 τε
504 2489 570 2558 τῇ
603 2489 862 2560 Ἀνατολῇ
895 2495 988 2543 καὶ
1010 2493 1075 2562 τῇ
1101 2491 1283 2546 Δύσει.
1681 2496 1694 2509 ⁸

241 2598 336 2669 Τῷ
376 2597 409 2652 ι’
444 2598 555 2654 ἔτει
603 2603 651 2655 oi
693 2603 993 2674 Βούλγαροι
1035 2607 1271 2675 ἐπῆλθον
1307 2611 1371 2679 τῇ
1412 2609 1624 2683 Θρᾴκῃ.
1664 2613 1758 2664 καὶ

169 2692 264 2743 τοῦ
315 2693 581 2759 βασιλέως
628 2697 954 2750 κατάύτῶν
1005 2699 1437 2768 στρατεύσαντος
1489 2702 1756 2769 ἡττῶνται

181 2779 442 2852 Ῥωμαῖοι
477 2786 571 2838 καὶ
606 2786 790 2840 πολλοὶ
825 2788 1105 2844 πίπτουσι.
1141 2790 1480 2859 Βουλόμενος
1513 2792 1568 2844 δὲ
1598 2794 1626 2844 ὀ
1662 2794 1757 2862 βα-

171 2874 351 2936 σιλεῦς
397 2875 541 2943 ἔχειν
584 2876 807 2948 εἰρήνην
853 2879 993 2946 μετὰ
1041 2879 1262 2938 πάντων
1304 2882 1508 2948 στοιχεί
1550 2880 1755 2945 πάκτα,

168 2968 265 3018 καὶ
307 2966 585 3036 ὑποχωρεῖ
626 2970 708 3030 είς
751 2969 1016 3038 αἰσχύνην
1054 2969 1124 3023 τά
1162 2970 1271 3024 τῶν
1309 2971 1655 3042 Χριστιανῶν
1689 2976 1755 3045 τῇ

167 3058 362 3110 τούτου
394 3059 713 3130 ἀϐελτηρίᾳ.

248 3172 316 3223 'll
352 3173 406 3223 δὲ
444 3173 573 3241 ἁγία
607 3175 700 3226 καὶ
731 3173 1083 3244 οίκουμενικὴ
1119 3173 1172 3239 ς’
1194 3174 1409 3239 σύνοδος
1443 3176 1668 3246 γέγονεν
1696 3178 1755 3234 ἐν

1865 2021 1984 2072 reni
2015 2019 2278 2078 Romanis
2308 2025 2746 2092 penderentauri
2779 2028 2952 2082 millia
2980 2029 3069 2094 l0,
3110 2045 3300 2085 servos
3324 2032 3447 2099 100,

1862 2127 2031 2181 equos
2074 2130 2376 2183 generosos
2429 2117 2518 2172 30.
2558 2117 2683 2174 Hice
2728 2119 2818 2173 ubi
2862 2135 3222 2191 perceperunt
3257 2124 3446 2195 ii‘qui

1863 2204 2134 2260 Occasum
2171 2207 2502 2268 incolebant.
2540 2211 2725 2267 missis
2761 2212 2828 2266 ad
2863 2214 3250 2282 imperatorem
3283 2216 3444 2272 donis

1863 2310 2050 2365 pacem
2089 2301 2418 2367 petiverunt.
2455 2302 2630 2369 Quam
2657 2306 2703 2360 is
2739 2319 2931 2360 eorum
2965 2307 3276 2362 concedens
3315 2312 3447 2377 peti.

1863 2389 1993 2444 tioni
2023 2395 2225 2448 sanxit.
2255 2393 2328 2450 lta
2356 2406 2411 2452 et
2437 2397 2488 2450 in
2523 2399 2745 2454 Oriente
2760 2409 2815 2454 et
2838 2399 2891 2454 in
2922 2397 3222 2456 Occidente
3245 2416 3440 2473 magna

1863 2479 1964 2534 fuit
1996 2486 2180 2548 quies.

1928 2596 2088 2652 Anno
2106 2601 2320 2655 det-imo
2355 2602 2568 2672 Bnlgari
2595 2603 2889 2658 Thraciam
2917 2606 3258 2665 invaserunt.
3284 2611 3446 2666 Cum-

1859 2704 1966 2758 que
1993 2691 2284 2748 adversum
2336 2711 2434 2749 eos
2502 2697 2800 2766 imperator
2854 2701 3152 2768 duxisset,
3213 2703 3441 2759 Romani

1861 2779 1986 2834 victi
2021 2793 2169 2847 sunt,
2215 2786 2482 2856 multique
2550 2790 2869 2846 desiderati.
2915 2793 3049 2846 Cum
3080 2794 3148 2848 iis
3206 2796 3441 2866 impera-

1861 2878 1947 2922 tor
1997 2883 2211 2939 pactum
2258 2877 2372 2940 icit,
2409 2881 2590 2933 omnia
2657 2884 2883 2948 cupiens
2934 2883 3137 2939 habere
3208 2898 3442 2957 pacata;

1859 2961 2089 3032 ejusque
2140 2967 2440 3025 stoliditate
2479 2987 2565 3027 res
2618 2972 2936 3029 Christiana
2990 2975 3230 3033 dedecus
3287 2993 3445 3035 acce-

1863 3067 1962 3136 pit.

1927 3179 2454 3241 AnnoConstantmt
2488 3203 2674 3257 titljlls,
2733 3192 2826 3260 qui
2881 3191 3050 3253 lilium
3102 3195 3295 3252 habuit
3343 3197 3445 3253 Ju-

172 3269 785 3335 Κωνσταντινουπόλει,
821 3268 1187 3326 συνελθόντων
1223 3271 1344 3322 σπθ⁹
1372 3271 1544 3338 ἁγίων
1580 3272 1756 3326 Πατέ-

1863 3273 2183 3339 stinianum,
2218 3291 2382 3345 supra
2416 3279 2689 3335 decimmn
2727 3286 2909 3350 tertio,
2945 3299 3098 3343 sexta
3152 3300 3343 3345 sancta
3388 3299 3445 3346 et

174 3377 304 3428 ρων,
333 3363 390 3412 ὲν
421 3360 497 3430 τῷ
529 3361 598 3429 ιγ’
620 3361 729 3413 ἔτει
780 3360 879 3430 τῆς
911 3359 1191 3430 βασιλείας
1221 3361 1635 3416 Κωνσταντίνου
1661 3365 1757 3417 τοῦ

168 3455 375 3522 πατρὸς
396 3451 773 3507 Ἰουστινιανοῦ
799 3468 814 3483 ο
843 3447 911 3525 ἧς
942 3453 1176 3525 ἡγοῦντο
1201 3458 1574 3528 τοποτηρηιταὶ
1593 3456 1759 3524 Ἀγά-

169 3544 336 3604 θωνος
365 3547 523 3596 πάντα
551 3543 768 3615 Ῥώμης
790 3543 1066 3614 Θεόδωρος
1094 3548 1184 3598 καὶ
1211 3547 1483 3618 Γεώργιος
1510 3548 1756 3619 πρεσϐύ-

166 3652 315 3702 τεροι
368 3639 460 3689 καὶ
493 3636 746 3704 Ἰωάννης
795 3636 1063 3700 διάκονος,
1109 3638 1543 3708 ἀρχιεπίσκοπος
1593 3641 1753 3697 Κων-

170 3727 664 3790 σταντινουπὸλεως
715 3727 1016 3799 Γεὼργιος,
1069 3729 1353 3800 Θεοφάνης
1386 3731 1750 3801 Ἀντιοχείας,

167 3823 257 3873 ὑπ’
280 3821 452 3890 αὐτῆς
482 3821 883 3892 χειροτονηθεὶς
905 3823 1004 3888 τῆς
1032 3822 1252 3876 συνόδου
1277 3822 1365 3876 διὰ
1399 3822 1459 3876 τὸ
1514 3823 1604 3882 τὸν
1627 3841 1750 3894 προ-

160 3915 518 3986 ηγησάμενον
549 3913 840 3982 Μακάριον
872 3912 1265 3984 καθαιρεθῆναι
1297 3915 1420 3967 τότε
1440 3913 1515 3978 ὡς
1533 3915 1752 3968 ἀντενε-

167 4006 366 4071 χθὲντα.
410 4004 523 4066 τοῖς
572 4003 854 4072 ὑπἀὐτῆς
899 4003 1198 4074 ὀρθοδόξως
1244 4003 1749 4074 δογματιζομένοις.

168 4094 276 4164 Τῆς
299 4095 355 4147 δὲ
375 4094 691 4163 διοικήσεως
706 4092 1110 4162 ’Δλεξανδρείας
1133 4094 1338 4164 Πέτρος
1362 4095 1594 4165 μοναχὸς
1613 4095 1748 4164 (88),

165 4187 263 4255 τῆς
298 4187 356 4238 δὲ
386 4185 496 4238 τῶν
528 4184 919 4256 Ἰεροσολύμων
948 4185 1123 4248 οὐδεὶς
1156 4184 1247 4238 διὰ
1275 4184 1336 4238 τὺ
1367 4185 1492 4248 τοὺς
1527 4184 1750 4256 θρόνους

167 4278 422 4347 χηρεύειν
453 4277 808 4348 πατριάρχῶν
837 4276 1278 4348 κατασχεθέντας
1305 4276 1607 4349 τηνικαῦτα
1644 4278 1749 4330 ὑπὸ

167 4367 525 4439 Σιρακηνῶν.
559 4368 1038 4438 Συνηθροξσθησαν
1067 4369 1124 4421 δὲ
1161 4368 1303 4421 κατά
1340 4367 1616 4438 Θεοδώρου
1650 4367 1744 4421 τοῦ

163 4462 260 4529 τῆς
277 4461 460 4528 Φαράν
479 4460 802 4523 ἐπισκόπου,
825 4458 1082 4531 Ὀνωρίου
1108 4458 1346 4530 Ῥώμης,
1367 4459 1549 4532 Κύρου
1564 4461 1746 4528 Ἀλεξ-

163 4551 451 4621 ανδρείας,
492 4550 720 4622 Σεργίου
765 4551 824 4605 δὲ
866 4551 962 4604 καὶ
1007 4551 1224 4621 Πύρρου
1265 4552 1359 4609 καὶ
1395 4551 1611 4606 Παύλου
1651 4553 1745 4606 καὶ

161 4644 372 4714 Πέτρου
407 4644 724 4699 ἐπισκόπων
755 4643 1376 4708 Κωνσταντινουπόλεως
1407 4645 1742 4713 γεγονότων,

162 4737 238 4790 ἔτι
263 4738 320 4790 δὲ
347 4739 440 4791 καὶ
466 4737 608 4792 κατὰ
630 4736 740 4796 τῶν
766 4737 1234 4796 άνακαινισάντων
1258 4737 1356 4808 τὴν
1383 4737 1595 4808 αἵρεσιν
1619 4739 1742 4790 τού⁹

159 4847 291 4890 των.
332 4828 620 4897 Μακαρίου
661 4827 755 4882 τοῦ
795 4829 1188 4897 ὀνομασθέντος
1236 4829 1567 4900 ’Δντιοχείας
1609 4847 1742 4899 προ-

160 4920 340 4990 έδρου,
368 4920 645 4992 Στεφάνου
671 4919 918 4992 μαθητοῦ
935 4917 1102 4973 αὑτοῦ
1132 4920 1226 4974 καὶ
1243 4919 1601 4990 Πολυχρονίου
1629 4920 1740 4993 (89)

159 5011 252 5066 τοῦ
286 5012 650 5084 νηπιόφρονος
681 5013 974 5085 γέροντος,
1009 5011 1280 5080 λεγόντων
1309 5012 1366 5064 ἐν
1401 5010 1612 5083 θέλημα
1645 5015 1740 5068 καὶ

1871 3363 2200 3422 universalis
2253 3369 2498 3440 synodus
2548 3372 2700 3442 Cpoli
2752 3375 2886 3442 fuit,
2928 3380 3183 3434 collectis
3225 3397 3290 3436 eo
3332 3383 3441 3437 289

1861 3458 2066 3544 sanctis
2092 3457 2364 3514 Patrihus.
2393 3459 2677 3533 Principes
2711 3464 2933 3519 fuerunt
2960 3469 3265 3540 Agathonis
3289 3489 3442 3544 papze

1857 3543 2090 3600 Romani
2121 3550 2300 3602 locum
2347 3559 2619 3620 tenentes,
2657 3555 2983 3615 Theodorus
3049 3576 3113 3615 ac
3169 3562 3439 3633 Georgius

1857 3639 2158 3709 presbyteri
2186 3651 2239 3695 et
2261 3640 2500 3700 Joannes
2526 3645 2816 3713 diaconus,
2849 3658 2963 3705 tum
2995 3650 3266 3721 Georgius
3297 3657 3440 3726 Cpa—

1861 3729 2063 3784 litanus
2117 3737 2172 3785 et
2216 3730 2584 3803 Theophanes
2672 3739 2978 3794 Antiochia:
3014 3743 3438 3816 archiepiscopi,

1858 3820 1947 3875 hic
2008 3822 2184 3890 ipsius
2242 3833 2355 3878 tum
2405 3828 2628 3882 concilii
2671 3828 2947 3900 suffragiis
2976 3831 3248 3902 delectus,
3290 3847 3439 3892 moto

1854 3911 2123 3983 dignitate
2147 3913 2416 3979 Macario,
2448 3919 2591 3986 quod
2619 3919 2738 3988 ejus
2771 3936 2828 3974 se
2856 3936 3004 3976 sana:
3035 3925 3283 3994 religioni
3308 3943 3438 3982 con-

1851 4005 2177 4073 grucntibus
2245 4008 2481 4062 decretis
2525 4021 2853 4078 opponeret.
2913 4011 3267 4071 Gubernabat
3319 4027 3433 4073 tum

1852 4094 2280 4152 Alexandrinam
2322 4100 2483 4170 767
2515 4101 2815 4157 Ecclesiam
2859 4103 3052 4161 Petrus
3108 4109 3433 4178 monachus,

1854 4192 2359 4264 Hierosolymorum
2405 4211 2585 4258 nemo,
2627 4196 2780 4251 soliis
2837 4198 3273 4266 patriarcharum
3321 4217 3435 4257 ses-

1849 4298 1975 4339 sore
2003 4293 2116 4339 tum
2153 4287 2503 4352 vacantibus,
2529 4289 2675 4358 quod
2713 4297 2873 4344 erant
2908 4306 2936 4342 a
2973 4290 3297 4349 Sarracenis
3337 4310 3432 4349 oc-

1848 4385 2068 4444 cupata.
2099 4375 2366 4431 Coactum
2407 4376 2510 4430 fuit
2543 4379 2642 4432 hoc
2679 4381 2984 4434 concilium
3022 4391 3216 4435 contra
3253 4382 3433 4440 Theo-

1847 4466 2042 4520 dorum
2115 4466 2410 4531 Pharanis,
2461 4468 2762 4522 Honorium
2828 4469 3036 4534 Rontze,
3080 4469 3284 4541 Cyrum
3310 4475 3433 4528 Alc-

1850 4558 2093 4612 xandrite
2118 4558 2428 4629 episcopos,
2470 4567 2525 4614 et
2552 4561 2831 4630 Sergium,
2867 4560 3164 4632 Pyrrhum,
3199 4562 3428 4620 Paulum

1850 4662 1915 4702 ac
1945 4647 2185 4713 Petrum,
2215 4650 2308 4725 qui
2335 4649 2638 4720 Cpolitanaz
2681 4651 2940 4706 Ecclesia:
2964 4651 3183 4706 fuerant
3211 4656 3428 4724 episeo-

1853 4740 1902 4810 pi
1945 4781 1960 4806 ,
2029 4742 2269 4812 itemque
2318 4741 2585 4797 adversus
2622 4756 2717 4796 eos
2766 4743 2860 4812 qui
2924 4743 3121 4798 horum
3195 4746 3425 4802 haeresin

1850 4830 2212 4894 renovabant,
2249 4844 2480 4898 quorum
2531 4829 2632 4883 fuit
2657 4829 2929 4887 Macarius
2961 4834 3184 4888 nomine
3235 4837 3428 4891 Antio-

1848 4921 1990 4975 chia:
2039 4936 2262 4990 praeses,
2299 4920 2611 4991 Stephanus
2643 4921 2762 4990 ejus
2803 4923 3131 4993 discipulus,
3167 4935 3222 4980 et
3262 4928 3424 4998 Poly-

1850 5014 2119 5073 cbronius
2169 5014 2364 5083 puerili
2417 5012 2672 5075 fatuitate
2723 5031 2913 5072 senex.
2968 5018 3316 5072 Allirnmb-mt
3370 5022 3422 5075 hi

1297 5215 1650 5272 XYLANDRI
1695 5214 1782 5270 ΕΤ
1821 5215 2030 5271 GOARI
2069 5215 2304 5274 NOTAE.

236 5344 352 5416 (87)
383 5341 631 5416 Zonaras
669 5340 835 5416 habet
862 5340 984 5416 tria_.
1012 5338 1162 5394 Notae
1196 5352 1551 5416 numerorum
1589 5343 1614 5389 ι’
1643 5351 1740 5404 pro

162 5415 214 5468 1"
242 5408 431 5467 attines
464 5413 666 5467 habent
695 5411 922 5482 ﬁguras.
947 5411 1150 5466 Servos
1170 5422 1391 5479 quoque
1421 5408 1584 5462 habet
1613 5417 1734 5460 tan-

165 5495 274 5540 tum
308 5488 360 5537 8.
398 5482 532 5538 ΧΠ..

233 5557 346 5624 (88)
386 5552 620 5607 ὶέτιιιιιιι
653 5554 708 5609 in
744 5551 944 5624 Graeco
978 5547 1204 5624 deﬁcit;
1244 5555 1298 5602 et
1334 5564 1466 5624 vero
1495 5546 1738 5624 zonaras

163 5619 365 5679 dis'eﬂ'e
432 5626 626 5679 scribit
692 5621 1082 5678 Alexandriam
1138 5628 1268 5673 tunc
1323 5619 1737 5687 archiepiscopo

163 5699 432 5753 caruisse.
472 5710 498 5747 a
526 5690 838 5755 Saracenis,
883 5701 942 5745 ut
993 5706 1045 5747 et
1077 5689 1473 5760 Hierosolyma,
1499 5703 1737 5756 occupa-

165 5775 295 5818 tam.
331 5764 437 5818 Sed
484 5765 544 5832 in
589 5764 741 5818 Actis
784 5763 947 5831 hujus
983 5760 1198 5832 synodi,
1231 5775 1352 5827 qua:
1385 5768 1440 5816 et
1489 5761 1731 5832 citantur

163 5835 411 5891 centuria
473 5827 724 5889 Historia:
781 5827 1179 5886 Ecclesiasticze
1247 5843 1399 5884 nova:
1455 5831 1723 5900 septima,

1844 5343 2027 5389 exstat
2073 5333 2293 5394 Petrum
2343 5335 2719 5405 presbyterum
2754 5345 2808 5392 et
2854 5337 3183 5391 monachum
3245 5337 3418 5391 Inuum

1847 5409 2090 5459 tenuisse
2119 5407 2516 5475 archiepiscopi
2549 5407 2923 5461 Alexandrini.
2960 5407 3095 5461 th..

1919 5475 2030 5542 (89)
2095 5474 2299 5530 Nomen
2353 5474 2630 5540 mimachi,
2677 5479 2768 5545 qui
2831 5480 3096 5532 mentitus
3147 5478 3416 5533 visionem

1845 5543 2111 5608 divinam,
2154 5547 2404 5600 haeresim
2462 5562 2616 5602 suam
2660 5543 2716 5599 ut
2763 5548 3100 5614 defenderet,
3139 5559 3416 5602 mortuum

1846 5630 1966 5670 Sese
1999 5617 2051 5687 in
2078 5618 2240 5687 vitam
2277 5627 2661 5671 revoraturmn
2692 5616 2889 5672 scheda
2915 5635 3026 5673 sua:
3053 5618 3416 5687 professionis

1846 5686 2097 5754 imposita
2150 5686 2406 5753 jac-tavit;
2441 5697 2495 5741 et
2549 5701 2673 5741 cum
2717 5689 2782 5741 ad
2828 5704 2939 5742 rem
2987 5686 3206 5742 ventum
3244 5697 3413 5753 esset,

1843 5759 2078 5828 turpiter
2111 5771 2232 5828 sese
2263 5757 2436 5828 dedit,
2470 5773 2644 5828 neque
2667 5767 2848 5814 tatneu
2875 5759 2946 5812 ab
2966 5772 3158 5814 errore
3179 5758 3410 5815 destitit.

1839 5826 1973 5879 Arta
2009 5825 2231 5885 Svnodi.
2269 5825 2307 5878 Χ
2321 5843 2396 5880 γι..
