4226 6444
791 390 897 453 839

2088 381 2406 443 GEORGII
2448 381 2784 442 CEDRENI

3948 384 4055 447 810

781 504 1001 554 unicam
1056 497 1181 551 Jesu
1232 494 1433 548 Christi
1494 507 1614 548 esse
1676 508 1801 546 cum
1867 494 2201 547 voluntatem
2249 504 2360 546 tum

2472 494 2598 563 μίαν
2624 495 2908 564 ἐνέργειαν
2932 494 3025 548 ἐπὶ
3049 495 3141 548 τοῦ
3173 497 3375 565 Κυρίου
3408 495 3757 569 ἠμῶνἾησοῦ
3790 500 4049 570 Χριστοῦ.

781 590 978 661 agendi
1014 590 1142 641 vim.
1174 586 1322 651 Quos
1354 584 1602 653 synodus
1627 584 1921 648 damnans,
1977 585 2358 654 pronuntiarit

779 683 915 736 duas
972 679 1252 734 naturales
1310 680 1621 732 voluntates
1678 677 2014 746 totidemque
2084 677 2363 732 naturales

783 770 975 836 agendi
1010 767 1302 821 facultates
1336 767 1388 820 in
1422 782 1528 820 uno
1559 766 1787 819 Domino
1823 775 2014 821 nostro
2043 761 2169 820 Jesu
2199 766 2360 821 Chri-

783 869 870 915 sto
902 859 1299 913 demonstrari.
1328 858 1596 911 Similiter
1620 856 1687 911 de
1729 858 1903 911 sacris
1924 856 2141 912 Domini
2187 858 2360 912 nostri

782 951 833 1001 in
865 962 1028 1002 carne
1068 946 1569 1009 administrationis
1605 945 1868 1016 symbolis
1905 947 1978 998 ita
2030 945 2223 999 statuit
2261 958 2273 993 :
2307 943 2359 994 In

776 1040 1109 1110 quibusdam
1139 1037 1577 1092 veneraudarum
1604 1037 1903 1107 imaginum
1944 1038 2167 1106 picturis
2189 1050 2363 1105 agnus

776 1128 1130 1200 exprimitur,
1182 1127 1354 1195 digito
1409 1126 1773 1183 Prwcursoris
1824 1138 2203 1192 monstratus;
2267 1128 2359 1194 qui

776 1231 829 1273 et
859 1235 955 1288 pro
982 1218 1281 1287 exemplari
1306 1217 1497 1288 gratia:
1519 1231 1775 1287 acceptus
1802 1228 1908 1280 est,
1933 1226 2363 1288 prtemoustrans

780 1329 873 1385 per
903 1317 1073 1380 legem
1114 1311 1274 1367 nobis
1305 1325 1493 1364 verum
1549 1312 1759 1378 Agnum
1823 1309 2125 1365 Christum.
2179 1308 2365 1378 Itaque

779 1411 959 1453 vetera
989 1401 1286 1455 simulacra
1318 1410 1372 1452 et
1415 1399 1659 1460 umbras,
1702 1398 1779 1451 uti
1832 1400 2080 1453 veritatis
2119 1407 2363 1455 tesseras

775 1510 840 1560 ac
865 1496 1180 1564 pr0positas
1207 1494 1383 1549 multo
1422 1502 1547 1548 ante
1573 1492 1801 1561 efﬁgies,
1844 1495 2074 1553 traditas
2104 1494 2363 1549 Ecclesia:

777 1589 1195 1656 amplectentes,
1233 1588 1316 1643 his
1342 1596 1525 1639 tamen
1569 1586 1917 1656 praeferimus
1945 1588 2176 1656 gratiam
2202 1599 2365 1656 atque

777 1678 1081 1741 veritatem,
1118 1690 1278 1745 quam
1312 1684 1369 1729 ut
1421 1675 1555 1742 legis
1610 1674 1983 1743 impletionem
2024 1674 2362 1744 accepimus.

775 1767 1011 1827 Proinde
1054 1775 1112 1819 ut
1143 1764 1447 1835 perfectum
1476 1766 1548 1823 sit
1572 1765 1622 1817 id
1658 1768 1800 1833 quod
1833 1765 1997 1817 etiam
2026 1765 2081 1819 in
2119 1765 2361 1819 colorum

2465 586 2572 649 Οὓς
2599 587 3047 656 ἀναθεματίσασα
3075 587 3386 659 ἐξεφώνησε
3415 590 3508 642 δύο
3536 590 3816 661 θελήματα
3846 598 4057 662 φυσικὰ

2465 678 2636 748 ἤγουν
2688 676 2934 747 θελήσεις
2976 678 3071 729 καὶ
3109 678 3200 730 δύο
3239 682 3474 748 φυσικὰς
3514 683 3792 752 ἐνεργείας
3830 687 3925 739 ἐπὶ
3956 688 4056 739 τοῦ

2465 765 2584 829 ἑνὸς
2623 765 2935 819 δείκνυσθαι
2978 767 3213 836 Χριστοῦ
3254 768 3349 822 τοῦ
3390 771 3526 824 Θεοῦ
3564 774 3743 841 ἡμῶν.
3778 774 4057 840 Ὡσαύτως

2464 857 2556 908 καὶ
2593 859 2718 927 περὶ
2747 857 2857 910 τῶν
2888 858 3046 929 ἱερῶν
3076 860 3174 929 τῆς
3210 861 3446 929 Χριστοῦ
3480 863 3571 915 τοῦ
3607 863 3743 918 Θεοῦ
3782 866 3941 934 ἡμῶν
3974 872 4059 920 οξ-

2464 949 2720 1018 κονομίας
2758 951 3040 1021 συμϐόλων
3075 953 3288 1018 ἐξέθετο
3323 954 3518 1019 οῦτως·
3550 957 3646 1010 Ἕν
3678 975 3786 1011 τισι
3818 960 3929 1012 τῶν
3964 976 4058 1012 σε·

2466 1042 2615 1094 πτῶν
2634 1044 2861 1099 είκόνων
2888 1049 3127 1115 γραφαῖς
3154 1046 3323 1116 ἀμνὸς
3336 1048 3585 1119 δακτύλῳ
3612 1051 3703 1105 τοῦ
3729 1053 4057 1122 Προδρόμου

2463 1132 2811 1204 δεικνύμενος
2839 1139 3236 1207 ἐγχαράττεται
3256 1156 3269 1169 ·
3302 1139 3359 1202 ὃς
3386 1141 3481 1193 καὶ
3508 1143 3587 1205 εἰς
3613 1142 3785 1197 τύπον
3813 1146 4060 1217 παρελή-

2465 1227 2572 1296 φθη
2605 1227 2704 1297 τῆς
2732 1228 2974 1297 χάριτος,
3004 1232 3094 1283 τὸν
3120 1232 3377 1302 ἀληθινὸν
3408 1234 3540 1303 ἡμίν
3566 1232 3654 1286 διὰ
3686 1234 3853 1303 νόμου
3918 1253 4059 1306 προ-

2470 1318 2833 1388 ῡπεμφαίνων
2855 1318 3046 1389 Ἀμνὸν
3070 1321 3304 1390 Χριστὸν
3320 1323 3417 1377 τὸν
3433 1324 3566 1388 Θεὸν
3596 1324 3773 1399 ἡμῶν,
3791 1326 3932 1387 Τοὺς
3962 1323 4059 1379 οὖν

2466 1410 2733 1474 παλαιοὺς
2763 1411 2966 1475 τύπους
3003 1414 3093 1466 καὶ
3127 1414 3332 1483 σκηνὰς
3368 1416 3445 1479 ὡς
3473 1418 3573 1486 τῆς
3608 1418 3867 1487 ἀληθείας
3910 1418 4057 1487 σύμ-

2467 1502 2599 1554 ϐολά
2628 1521 2688 1555 τε
2720 1506 2816 1558 καὶ
2848 1506 3289 1577 προχαράγματα
3323 1510 3387 1577 τῇ
3425 1508 3720 1578 Ἐκκλησία
3754 1510 4058 1580 παραδεδο-

2470 1592 2665 1659 μένους
2682 1595 3158 1666 κατασπαζόμενοι
3178 1597 3275 1666 τὴν
3290 1598 3448 1667 χάριν
3471 1598 3827 1668 προτιμῶμεν
3848 1599 3944 1651 καὶ
3956 1601 4024 1668 τὴ
4029 1618 4059 1652 ν

2465 1684 2747 1755 ἀλήθειαν,
2778 1686 2853 1750 ὡς
2876 1685 3026 1760 [459]
3052 1690 3328 1759 πλήρωμα
3360 1690 3525 1759 νόμου
3559 1691 3763 1759 ταύτην
3787 1691 4058 1755 ὑποδεξά-

2471 1791 2640 1844 μενοι.
2667 1774 2753 1837 Ὠς
2781 1774 2846 1829 ἂν
2871 1771 2964 1829 οὗν
2987 1778 3046 1828 τὸ
3069 1776 3275 1829 τέλειον
3300 1779 3401 1829 κάν
3427 1780 3544 1841 ταῖς
3575 1778 4059 1848 χρωματουργίαις

776 1857 1005 1925 picturis
1026 1856 1267 1911 omnium
1300 1855 1622 1922 conspectui
1649 1856 1964 1922 exponitur,
1988 1858 2278 1910 statuimus
2307 1866 2366 1911 ut

2469 1869 2525 1920 ὲν
2550 1869 2667 1931 ταῖς
2699 1868 2957 1921 ἁπάντων
2980 1869 3167 1938 ὕψεσιν
3192 1869 3597 1937 ὐπογράφηται,
3629 1869 3718 1921 τὸν
3746 1868 3838 1921 τοῦ
3872 1870 4060 1937 αἴρον-

774 1963 937 2016 porro
968 1948 1083 2000 loco
1153 1948 1354 2001 veteris
1384 1947 1509 2015 agni
1537 1945 1776 2000 humana
1800 1946 2026 2011 Christi,
2054 1948 2144 2016 qui
2173 1948 2361 2016 Agnus

775 2037 961 2099 mundi
1000 2048 1223 2104 peccata
1257 2038 1503 2101 sustulit,
1554 2036 1759 2107 efﬁgies
1793 2042 1845 2091 in
1895 2039 2057 2108 768
2109 2040 2361 2107 imagini-

777 2132 878 2183 bus
906 2139 1161 2201 ponatur,
1191 2145 1254 2181 ex
1298 2130 1411 2199 ipsa
1455 2130 1763 2184 humilitate
1793 2132 2141 2184 altitudinem
2196 2131 2355 2185 Verbi

775 2223 1171 2290 intelligentes,
1208 2230 1322 2276 tum
1354 2223 1419 2274 ad
1456 2223 1528 2276 rei
1565 2222 1619 2275 in
1651 2238 1820 2277 carne
1850 2238 1879 2276 a
1918 2222 2147 2278 Doinino
2195 2231 2360 2293 gesta:

775 2313 1141 2381 suppliciique
1166 2314 1233 2367 ab
1265 2327 1331 2368 eo
1380 2315 1597 2368 tolerati
1655 2324 1708 2368 et
1737 2314 2001 2369 salutaris
2059 2319 2254 2369 mortis
2307 2323 2362 2368 et

775 2405 987 2459 liberati
1023 2420 1118 2475 per
1145 2405 1287 2460 hanc
1318 2404 1506 2460 mundi
1552 2408 1873 2461 memoriam
1910 2408 2146 2477 utquasi
2186 2424 2349 2465 manu

776 2499 914 2551 duCa
930 2514 1073 2552 mur.

843 2706 1165 2761 Tenendum
1195 2714 1281 2761 est
1327 2706 1497 2761 etiam
1529 2706 1666 2763 alias
1705 2706 1876 2763 fuisse
1907 2710 2073 2763 certis
2114 2709 2167 2762 iu
2220 2709 2359 2765 locis

782 2781 1047 2869 synodus,
1087 2812 1318 2866 quarum
1360 2796 1579 2851 decreta
1614 2799 1896 2861 habemus,
1934 2802 2147 2853 tametsi
2202 2815 2279 2853 ere
2306 2801 2358 2853 in

779 2903 1009 2944 numero
1078 2904 1172 2943 sex
1242 2889 1469 2943 istorum
1530 2890 1896 2942 conciliorum
1957 2906 2064 2944 non
2122 2902 2359 2945 exstant.

777 2982 907 3035 'l'ale
956 2978 1053 3032 fuit
1085 2978 1230 3047 quod
1274 2980 1503 3049 Ancyrae
1539 2987 1719 3032 actum
1750 2993 1851 3042 est,
1905 2981 2030 3033 item
2086 2981 2366 3035 Neocwsa-

776 3087 902 3134 rete,
936 3072 1193 3140 Gangris,
1241 3072 1568 3134 Antiochia,
1596 3071 1899 3137 Laodiceae,
1934 3073 2196 3137 Sardicze,
2230 3075 2363 3129 Car-

777 3165 1017 3234 thagine.
1064 3163 1186 3217 "LCC
1207 3164 1351 3218 enim
1380 3173 1570 3217 coacta
1605 3174 1733 3219 sunt
1768 3167 1838 3219 ob
1881 3170 2214 3234 qumtiones
2243 3182 2364 3221 cer-
2395 3203 2434 3256 ο

777 3255 851 3309 tis
893 3256 1026 3309 locis
1059 3258 1302 3320 obortas,
1340 3270 1515 3324 neque
1546 3256 1705 3324 jussu
1743 3256 2153 3326 imperatorum,
2192 3273 2365 3324 neque

780 3348 848 3401 iis
880 3347 1429 3417 prmseutibusuluiu
1463 3348 1839 3401 ctiamhoruni
1886 3349 2131 3417 qua-dam
2178 3348 2363 3402 habita

778 3448 908 3491 sunt
938 3436 1252 3506 priusquam
1283 3436 1585 3490 Christiani
1621 3438 1952 3489 exsisterent
1984 3437 2362 3504 imperatores.

778 3527 1047 3582 Cat-terum
1084 3529 1187 3579 illa:
1205 3529 1561 3579 meumenieae
1596 3526 1838 3590 fuerunt,
1892 3530 1971 3581 sic
2021 3530 2200 3590 dirtae,
2236 3529 2363 3597 quia

777 3617 937 3686 jussu
972 3618 1368 3687 imperatorum
1405 3617 1605 3671 summi
1636 3617 1939 3686 pontifices,
1975 3625 2244 3687 quotquot
2272 3632 2367 3686 per

781 3709 1069 3779 imperium
1113 3709 1417 3762 Romanum
1469 3718 1646 3783 erant,
1677 3718 2142 3771 convocarentur,
2166 3710 2365 3775 etquia

781 3802 835 3857 in
859 3802 1050 3870 quavis
1067 3817 1279 3863 earum,
1302 3802 1603 3869 preesertim
1627 3815 1755 3855 vero
1775 3816 1868 3855 sex
1892 3801 2031 3863 istis,
2052 3802 2118 3855 de
2138 3800 2239 3854 fide
2265 3802 2368 3853 fuit

783 3895 1073 3962 quaesitum
1092 3893 1483 3963 suﬂ‘ragiisque
1504 3902 1683 3946 actum
1701 3901 1755 3946 et
1793 3891 2138 3946 definitiones
2158 3907 2252 3946 seu
2271 3891 2367 3946 de-
2407 3924 2414 3931 ς

786 3992 937 4038 creta
960 3985 1125 4046 edita.
1155 3982 1336 4036 Prima
1388 3984 1589 4037 etenim
1622 3997 1744 4036 cum
1790 3982 2133 4037 definivisset
2156 3980 2355 4035 Filium

786 4071 936 4126 Patri
954 4090 1075 4128 esse
1099 4076 1362 4142 aequalem
1380 4073 1637 4138 essentia,
1661 4074 1823 4127 simul
1844 4074 2009 4127 etiam
2034 4075 2087 4127 in
2114 4086 2363 4129 sanetum

790 4161 1057 4230 Spiritum
1098 4161 1246 4214 credi
1275 4161 1461 4229 jussit.
1506 4158 1757 4215 Secunda
1797 4162 2060 4230 Spiritum
2118 4164 2364 4231 ejusdem

788 4268 909 4305 eum
934 4252 1093 4307 Patre
1113 4259 1169 4306 et
1199 4250 1336 4305 Filio
1363 4257 1573 4304 natura:
1591 4266 1713 4305 esse
1744 4253 2029 4321 perspicue
2042 4252 2366 4316 decernens,

787 4345 1039 4399 eumdem
1077 4344 1235 4413 juxta
1301 4344 1521 4397 adorari
1580 4344 1773 4398 voluit.
1817 4342 2001 4399 Tertia
2071 4345 2362 4398 Dominum

788 4445 1038 4490 nostrum
1106 4434 1294 4489 Jesum
1379 4436 1627 4489 Chistum
1685 4437 1923 4506 perfecta
1997 4451 2119 4490 cum
2182 4437 2369 4490 divina

2464 1976 2552 2024 τος
2574 1960 2671 2029 τὴν
2692 1961 2966 2030 ἁμαρτίαν
2979 1960 3072 2014 τοῦ
3094 1961 3303 2031 κόσμου
3319 1961 3518 2029 Ἀμνοῦ
3543 1960 3778 2030 Χριστοῦ
3800 1960 3894 2011 τοῦ
3918 1959 4059 2012 Θεοῦ

2462 2054 2619 2122 ἡμῶν
2644 2055 2785 2107 κατά
2809 2055 2869 2108 τὸ
2898 2054 3239 2125 ἀνθρώπινον
3263 2055 3591 2125 χαρακτῆρα
3618 2056 3711 2107 καὶ
3740 2056 3797 2105 ἐν
3823 2056 3939 2113 ταῖς
3973 2054 4025 2104 εί
4044 2082 4058 2092 -

2460 2145 2618 2199 κόσιν
2650 2145 2759 2198 ἀπὸ
2790 2147 2886 2198 τοῦ
2924 2146 3017 2198 νῦν
3052 2149 3172 2201 ἀντὶ
3207 2148 3299 2200 τοῦ
3336 2147 3567 2200 παλαιοῦ
3603 2147 3776 2215 ἀμνοῦ
3817 2147 4060 2213 ἀναστη-

2460 2236 2685 2291 λοῦσθαι
2712 2240 2989 2311 ὁρίζομεν,
3020 2240 3087 2292 δι’
3105 2239 3267 2295 αὑτοῦ
3296 2240 3354 2291 τὸ
3382 2240 3480 2307 τῆς
3509 2238 3892 2300 ταπεινώσεως
3919 2237 4058 2307 ὕψος

2460 2332 2555 2384 τοῦ
2584 2332 2720 2385 Θεοῦ
2751 2333 2925 2401 Λόγου
2961 2333 3372 2397 κατανοοῦντες,
3403 2334 3497 2386 καὶ
3528 2332 3665 2403 πρὸς
3698 2333 3922 2402 μνήμην
3955 2333 4057 2401 τῆς

2462 2424 2521 2475 ὲν
2552 2426 2718 2493 σαρκὶ
2749 2425 3026 2489 πολιτείας
3052 2426 3143 2479 τοῦ
3176 2444 3231 2479 τε
3265 2428 3468 2489 πάθους
3500 2424 3666 2485 αὑτοῦ
3698 2428 3790 2479 καὶ
3816 2423 3910 2476 τοῦ
3942 2440 4057 2476 σω-

2461 2516 2651 2585 τηρίου
2699 2517 2931 2570 Θανάτου
2977 2520 3480 2588 χειραγωγούμενοι
3526 2518 3619 2583 καὶ
3657 2518 3753 2587 τῆς
3796 2516 4061 2569 ἐντεῦθεν

2463 2610 2750 2681 γινομένης
2782 2609 2860 2680 τῷ
2892 2610 3077 2679 κόσμῳ
3112 2612 3561 2682 ἀπολυτρώσεως.

2549 2702 2744 2754 ’ἰστέον
2775 2702 2831 2754 δὲ
2862 2702 2935 2765 ὡς
2970 2707 3062 2755 καὶ
3096 2705 3278 2773 ἕτεραι
3323 2706 3575 2774 γεγόνασι
3612 2706 3763 2757 τόποι
3796 2705 3891 2758 καὶ
3925 2703 4061 2757 σύν-

2466 2792 2606 2855 οδοι,
2640 2795 2733 2843 καὶ
2768 2794 3001 2856 κανόνας
3031 2796 3237 2848 τούτων
3272 2798 3600 2865 κατέχομεν,
3634 2800 3682 2848 εἰ
3716 2798 3808 2849 καὶ
3843 2796 3920 2864 μὴ
3956 2813 4059 2847 κυ-

2468 2885 2594 2954 ρίως
2617 2884 2709 2937 καὶ
2741 2884 2816 2954 τῷ
2848 2886 3065 2954 ἀριθμῴ
3094 2887 3202 2939 τῶν
3233 2888 3292 2950 ἐξ
3324 2887 3683 2956 ἀριθμοῦνται
3718 2888 3953 2940 συνόδων
3977 2903 3991 2914 ·
4023 2889 4057 2956 η

2464 2976 2521 3026 ἐν
2551 2974 2813 3045 Ἀγκῦρᾳ,
2845 2976 2877 3046 ή
2909 2976 2964 3026 ἐν
2994 2977 3417 3047 Νεοκαισαρεία,
3447 2979 3478 3046 ή
3512 2978 3569 3028 ἐν
3597 2977 3898 3046 Γάγγραις,
3930 2978 3964 3045 ἡ
4001 2978 4063 3026 ἐν

2465 3065 2788 3135 Ἀντιοχείᾳ,
2818 3069 2849 3135 ἡ
2884 3068 2939 3118 ἐν
2966 3066 3280 3137 Λαοδικείᾳ,
3312 3069 3344 3135 ἠ
3378 3068 3434 3118 ὲν
3463 3067 3722 3136 Σαρδικῇ,
3750 3068 3782 3135 ὴ
3814 3067 3870 3116 ὲν
3900 3066 4063 3132 Καρ-

2468 3147 2689 3226 ταγένξμ
2727 3159 2790 3213 Αἱ
2834 3160 2932 3227 μὲν
2964 3160 3073 3229 γὰρ
3105 3159 3344 3211 τοπικῶν
3378 3159 3661 3228 ζητήσεων
3726 3160 3890 3211 ἕνεκα
3930 3176 4059 3211 συν-

2469 3247 2725 3316 έστησαν,
2756 3250 2893 3321 μήτε
2927 3249 3189 3319 βασιλέων
3209 3249 3677 3320 συνεδρευσαντων
3694 3250 3885 3314 αὑταῖς
3919 3252 4061 3320 μήτε

2469 3341 2909 3409 προσταξάντων,
2946 3342 3107 3395 τινῶν
3144 3342 3198 3394 δὲ
3242 3340 3423 3393 αὐτῶν
3465 3342 3560 3394 καὶ
3605 3342 3709 3412 πρὸ
3746 3342 3845 3409 τῆς
3884 3358 4065 3394 κατα-

2471 3433 2714 3494 στάσεως
2744 3432 2853 3486 τῶν
2882 3434 3229 3503 Χριστιανῶν
3265 3432 3531 3507 βασιλέων
3558 3436 3961 3502 γεγενημένων.
3995 3436 4060 3486 Ai

2468 3523 2523 3577 δὲ
2554 3527 2930 3593 οἱκουμενικα“ι
2959 3524 3269 3591 γεγόνασιν.
3289 3524 3637 3592 Ἐκλήθησαν
3663 3524 3718 3576 δὲ
3747 3527 4064 3594 οἱκουμενι-

2468 3613 2585 3677 καὶ,
2626 3614 2763 3667 διότι
2806 3617 2870 3671 ὲκ
2916 3614 3216 3668 κελεύσεων
3260 3615 3555 3686 βασιλικῶν
3596 3615 3647 3691 οἱ
3690 3616 3832 3667 κατᾶ
3874 3618 4064 3668 πὶσαν

2466 3709 2565 3777 τὴν
2600 3708 2887 3775 Ῥωμαίων
2940 3708 3225 3784 πολιτείαν
3274 3710 3551 3777 ἀρχιερεῖς
3606 3707 4063 3776 μετεκλήθησαν,

2469 3800 2563 3851 καὶ
2596 3800 2676 3851 ὅτι
2710 3800 2768 3850 ὲν
2800 3799 3027 3869 ἑκάστῃ,
3068 3802 3160 3874 κα)τ
3198 3798 3433 3868 μάλιστα
3467 3798 3575 3856 τῶν
3608 3796 3665 3862 ἓξ
3696 3798 3904 3849 τούτων
3938 3814 4067 3849 συν-

2468 3891 2623 3955 όδων,
2652 3891 2782 3959 περὶ
2810 3891 3046 3952 πίστεως
3075 3891 3106 3959 ἡ
3137 3891 3366 3959 ζήτησις
3391 3889 3584 3957 γέγονε
3610 3889 3704 3941 καὶ
3730 3888 3911 3955 ψῆφος
3940 3888 4065 3957 ἦτοι

2467 3982 2591 4051 ὅρος
2624 3981 2953 4051 δογματικδς
2986 3981 3321 4052 ἐξενήνεκτο.
3356 3980 3417 4031 'H
3456 3979 3555 4049 μὲν
3584 3979 3691 4049 γὰρ
3724 3978 3922 4047 πρώτη
3957 3978 4070 4048 ιρι-

2472 4089 2613 4125 σασα
2641 4072 2926 4141 όμοούσιον
2954 4073 3029 4141 τῷ
3062 4072 3237 4141 Πατρὶ
3265 4072 3355 4123 τὸν
3382 4070 3509 4123 Υίδν
3528 4108 3543 4134 ,
3572 4069 3937 4139 παρηγγύησε
3970 4074 4069 4120 καὶ

2469 4164 2547 4224 είς
2572 4160 2635 4213 τδ
2666 4160 2892 4229 Πνεῦμα
2916 4162 2976 4212 τὸ
3007 4163 3163 4227 ἅγιον
3190 4160 3470 4212 πιστεύειν
3492 4175 3505 4187 ⁸
3534 4160 3566 4229 ἡ
3595 4159 3650 4211 δὲ
3678 4159 3909 4228 δευτέρα
3939 4161 4067 4226 ego.

2470 4255 2651 4305 ούσιον
2680 4250 2775 4323 τοῦ
2812 4234 3026 4321 Πατρδς
3061 4252 3153 4305 καὶ
3185 4251 3278 4304 τοῦ
3318 4250 3448 4303 Υίοῦ
3478 4250 3539 4302 τὸ
3574 4250 3794 4317 Πνεῦμα
3830 4251 4066 4320 ὁρίσασα

2472 4344 2684 4415 τρανῶς
2709 4344 3256 4417 ,συμπροσκυνεϊσθαι
3288 4344 3576 4397 ἐθέσπισεν
3600 4359 3615 4373 '
3645 4346 3677 4411 ἡ
3709 4342 3763 4395 δὲ
3793 4344 3950 4412 τρίτη
3980 4347 4045 4395 τέ

2472 4434 2615 4488 λειον
2646 4430 2704 4488 ἓν
2735 4435 2950 4507 θεότητι
2980 4436 3075 4487 καὶ
3103 4434 3310 4488 τέλειον
3341 4437 3398 4487 ὲν
3426 4434 3806 4503 ἀνθρωπότητι
3837 4433 3929 4485 τὸν
3960 4434 4047 4484 Κύ

792 4538 905 4579 tum
938 4525 1177 4579 humana
1211 4526 1495 4595 praeditum
1540 4535 1734 4579 natttra
1771 4528 2165 4595 pronuntians,
2197 4543 2362 4580 unum

2478 4548 2593 4597 ριον
2622 4527 2779 4599 ήμῶν
2812 4527 3020 4597 Ἰησοῦν
3050 4527 3285 4599 Χριστὸν
3316 4528 3581 4595 ὁρίσασα,
3616 4525 3712 4577 ἱνα
3750 4526 3841 4575 καὶ
3874 4526 3934 4576 οῦ
3968 4526 4066 4578 δύο

788 4626 843 4671 et
878 4632 985 4670 non
1038 4618 1175 4671 duos
1206 4614 1375 4670 Filios
1409 4631 1533 4671 esse
1581 4619 1792 4671 statuit.
1844 4616 2047 4682 Quarta
2084 4620 2371 4687 praedictas

791 4708 1092 4763 sententias
1132 4708 1296 4777 769
1327 4718 1473 4763 ratas
1512 4709 1734 4777 jubens,
1778 4723 2039 4779 expresse
2092 4711 2373 4763 mandavit

793 4800 847 4853 in
874 4798 1014 4852 Filio
1047 4801 1185 4853 duas
1228 4808 1455 4853 naturas
1486 4800 1692 4875 absque
1718 4800 2045 4855 confusione
2096 4809 2150 4854 et
2192 4801 2372 4855 divul-

792 4891 947 4945 sione
976 4892 1146 4944 credi.
1181 4890 1381 4955 Quinta
1435 4892 1623 4945 eadem
1662 4892 1776 4945 haec
1832 4892 2190 4953 confirmans,
2217 4893 2374 4946 Chri-

794 4992 938 5038 stum
1005 4983 1307 5037 seeundum
1366 4994 1657 5052 utramque
1706 4990 1956 5036 naturam
2004 4984 2285 5038 voluntate
2322 4992 2377 5038 et

796 5072 1118 5128 elIit-acitate
1154 5075 1439 5141 praeditum
1476 5074 1697 5141 agnosci
1730 5073 2009 5143 praecepit.
2039 5075 2203 5127 Sexta
2252 5090 2374 5127 om-

797 5167 948 5217 nium
974 5166 1338 5219 conciliorum
1379 5164 1599 5218 decreta
1648 5180 1950 5219 recensens
1982 5174 2145 5234 atque
2181 5179 2375 5233 appro-

798 5256 957 5318 baus,
1001 5257 1117 5325 ipsa
1167 5271 1388 5325 quoque
1421 5256 1702 5310 Christum
1758 5256 2062 5325 perfectum
2096 5266 2149 5314 ct
2208 5260 2372 5313 Deum

796 5356 851 5401 et
892 5346 1171 5401 hominem
1224 5364 1346 5402 esse
1422 5348 1669 5416 professa
1717 5358 1823 5405 est.
1882 5351 2054 5405 Porro
2103 5365 2131 5402 a
2196 5351 2375 5425 primo

799 5442 1037 5496 concilio
1100 5458 1276 5511 usque
1377 5443 1442 5497 ad
1529 5445 1831 5499 secundum
1899 5445 2027 5498 anni
2104 5442 2379 5505 fluxerunt

800 5533 888 5599 56,
945 5549 975 5586 a
1029 5534 1272 5588 secundo
1323 5536 1559 5595 concilio
1613 5535 1682 5594 ad
1740 5536 1960 5592 tertium
2015 5536 2104 5603 50,
2148 5553 2178 5590 a
2216 5540 2379 5591 tertio

802 5624 869 5679 ad
909 5637 1167 5695 quartum
1192 5626 1283 5691 30,
1306 5643 1333 5679 a
1361 5637 1556 5696 quarto
1594 5630 1660 5683 ad
1693 5628 1946 5697 quintum
1972 5630 2093 5695 102,
2125 5645 2153 5683 a
2185 5630 2379 5701 quinto

803 5716 872 5770 ad
918 5725 1131 5773 sextum
1184 5718 1307 5782 129,
1339 5734 1366 5771 a
1399 5727 1553 5773 sexto
1588 5718 1650 5771 ad
1677 5716 1967 5789 septimum
2002 5720 2123 5775 122.

881 5806 956 5861 Ea
992 5817 1331 5879 tempestate.
1386 5826 1510 5864 cum
1544 5810 1764 5879 quidam
1816 5809 1989 5874 solus,
2049 5825 2182 5866 eane
2208 5810 2379 5863 mmi-

2479 4621 2637 4680 Yio‘o;
2666 4618 3021 4687 ἐδογμάτισεν
3039 4632 3055 4649 ο
3083 4616 3192 4687 ἡδὲ
3216 4618 3451 4685 τετάρτη
3479 4613 3941 4683 τᾲηπρολεχθέντα
3969 4631 4067 4667 κυ-

2481 4711 2722 4780 ρώσασα,
2750 4708 2843 4760 δύο
2871 4707 3062 4776 φύσεις
3092 4708 3149 4758 ὲν
3174 4705 3322 4772 αὐτῷ
3350 4704 3712 4777 γνωρίζεσθαι
3739 4703 4063 4771 ἀσυγχύτω·

2479 4804 2573 4855 καὶ
2614 4801 2937 4868 ἀδιαιρέτως
2977 4798 3188 4867 τρανῶς
3233 4798 3615 4868 διηγόρευσεν·
3660 4798 3691 4866 ἡ
3734 4796 3789 4849 δὲ
3834 4798 4066 4867 πέμπτη

2478 4890 2649 4946 ταῦτα
2700 4890 3069 4960 βεϐαιώσασα,
3116 4888 3527 4953 καθ’ἑκατέραν
3574 4887 3736 4954 φύσιν
3778 4886 4067 4955 θελητικδν

2479 4986 2572 5037 καὶ
2604 4982 2958 5052 ἐνεργητικὸν
2987 4982 3150 5035 αὐτὸν
3180 4977 3319 5033 εἷναί
3348 4997 3408 5033 τε
3444 4984 3535 5032 καὶ
3568 4976 3938 5047 γνωρίζεσθαι
3976 4998 4068 5031 c1-

2481 5076 2593 5145 φῶς
2624 5077 2901 5146 ἀπέφηνεν
2920 5092 2931 5105 ·
2961 5076 2995 5143 ἡ
3024 5075 3080 5127 δὲ
3111 5074 3243 5143 ’ἐκτη
3271 5073 3336 5125 τα
3362 5072 3469 5125 τῶν
3493 5074 3628 5125 ὅλων
3655 5071 3885 5124 συνόδων
3912 5074 4065 5135 11:25-

2481 5150 2729 5221 ελθοῦσα
2766 5168 2861 5219 καὶ
2916 5164 3297 5235 βεδαιώσασα,
3354 5165 3559 5217 τέλειον
3618 5166 3712 5217 καὶ
3773 5164 3912 5233 αὐτὴ
3980 5166 4069 5216 τδν

2482 5260 2685 5331 Κύριον
2719 5260 2877 5330 ἡμῶν
2905 5257 3113 5328 Ἰησοῦν
3149 5259 3382 5327 Χριστὸν
3419 5260 3475 5309 ἐν
3510 5255 3723 5323 θεότητι
3759 5255 3855 5307 καὶ
3886 5257 3949 5307 ὲν
3977 5257 4069 5309 dvo

2483 5352 2794 5423 θρωπότητι
2821 5350 3183 5420 ἐξεφώνησεν.
3204 5348 3339 5400 Ἀπὸ
3365 5346 3498 5415 γοῦν
3524 5346 3622 5415 τῆς
3648 5352 3695 5397 α’
3716 5347 3937 5398 συνόδου
3967 5348 4069 5408 ἕως

2480 5444 2578 5512 τῆς
2610 5444 2871 5512 δευτέρας
2906 5442 2997 5511 ἐτη
3033 5448 3139 5505 νς·’,
3176 5440 3281 5491 ἀπὸ
3313 5438 3411 5514 τῆς
3454 5435 3497 5505 β’
3525 5438 3627 5499 ἕως
3661 5437 3755 5504 τῆς
3798 5443 3847 5503 γ’
3872 5437 3969 5504 ἔτη
4004 5435 4064 5497 ν’,

2483 5537 2591 5589 ἀπὸ
2615 5536 2713 5605 τῆς
2743 5533 2791 5602 γ’
2809 5535 2911 5596 ἓως
2935 5534 3034 5602 τῆς
3065 5533 3106 5593 δ’
3123 5533 3216 5601 ἔτη
3248 5530 3313 5596 λ’,
3340 5530 3448 5583 ἀπὸ
3474 5531 3571 5594 τῆς
3600 5528 3641 5580 δ’
3658 5529 3759 5589 ἕως
3784 5528 3885 5604 τῆς
3914 5534 3956 5579 ε’
3974 5529 4063 5596 ἐτη

2486 5626 2587 5699 ρβ’,
2610 5628 2722 5680 ἀπὸ
2739 5628 2838 5697 τῆς
2862 5633 2901 5678 ε’
2918 5626 3021 5689 ἓως
3041 5626 3138 5695 τῆς
3166 5622 3217 5687 ς’
3237 5623 3332 5693 ἐτη
3360 5622 3495 5692 ρκθ’,
3522 5623 3613 5679 καὶ
3637 5619 3744 5674 ἀπὸ
3764 5620 3863 5689 τῆς
3891 5626 3947 5684 ς’
3968 5621 4065 5680 ἕως

2483 5720 2595 5790 τῆς,
2616 5721 2657 5782 ζ’
2680 5717 2774 5793 ἐτη
2809 5716 2945 5792 φιβ’.

2568 5809 2658 5865 Ἐν
2696 5809 2903 5873 τούτοις
2946 5812 3055 5875 τοῖς
3098 5811 3309 5882 χρόνοις
3360 5810 3631 5883 ἀνθρώπῳ
3674 5809 3781 5863 τινὶ
3833 5807 4064 5861 ὁδεύοντι
