4226 6444
257 449 359 515 841

1336 453 1879 517 HISTORIABUM
1919 456 2446 521 COMPENDIUM.

3408 466 3516 532 842

259 566 409 635 μόνῳ
441 566 585 620 κύων
610 566 911 634 ἠκολούθει.
939 565 1157 639 Anni};
1183 564 1240 618 δὲ
1260 566 1462 629 ἐνόδιος
1508 565 1601 617 τὺν
1634 563 1842 633 ἀνθρω-
1867 572 1913 625 Α

1867 572 1913 625 Α
1943 572 2109 629 tante,
2147 564 2249 620 iter
2282 568 2507 634 faceret,
2554 579 2639 625 est
2680 586 2709 624 a
2761 571 2991 639 latrone,
3061 574 3256 645 quales
3321 575 3518 635 itinera

255 672 359 709 πον
405 657 732 721 ἀποκτείνας
777 659 1077 729 ἀπέδρασε,
1118 656 1214 711 τοῦ
1274 657 1434 720 κυνὸς
1465 654 1746 725 μείναντος
1780 660 1837 711 ἐν

250 747 333 819 τῷ
360 748 511 819 τόπῳ
543 750 636 801 καὶ
661 750 1026 817 φυλάσσοντος
1046 749 1108 803 τὸ
1127 749 1285 819 σῶμα
1313 748 1408 802 τοῦ
1441 747 1701 801 δεσπότου
1736 748 1838 801 αύ-

252 842 371 893 τοῦ.
402 842 629 911 Ἕτερος
672 842 729 895 δέ
769 858 853 904 τις
895 839 1181 912 ἄνθρωπος
1217 837 1361 894 κατά
1402 837 1705 907 συγκυρίαν
1734 838 1840 893 ἀνά

252 931 355 1001 τὴν
378 932 495 1000 ὁδὸν
527 934 742 1002 ἐκείνην
779 932 1148 1003 διερχόμενος,
1204 931 1265 984 τὸ
1292 929 1453 999 σῶμα
1486 928 1609 983 ίδὼν
1642 929 1837 1000 νεκρὸν

251 1024 591 1093 ἐρριμμένον
621 1024 712 1076 καὶ
731 1022 1171 1093 σπλαγχνισθεὶς,
1187 1021 1383 1093 ὀρύξας
1400 1022 1453 1075 Si
1496 1021 1597 1091 ψεν
1622 1021 1756 1075 αὐτὸ
1778 1022 1837 1073 ἐν

250 1116 318 1182 τῇ
346 1116 439 1184 γῇ.
467 1115 636 1168 Τοῦτο
655 1115 777 1169 ίδὼν
799 1116 827 1168 6
851 1115 995 1169 κύων
1020 1115 1116 1169 καὶ
1136 1113 1533 1184 ἀποδεξάμενος
1550 1111 1836 1182 ἠκολούθει

252 1206 337 1276 τῷ
359 1207 610 1275 θάψαντι,
638 1208 886 1279 εὐνοϊκὴν
908 1206 1150 1261 δουλείαν
1173 1206 1529 1276 ἀποπληρῶν.
1562 1199 1672 1256 Ἦν
1700 1204 1758 1257 δέ
1773 1203 1836 1257 τὸ

251 1298 594 1367 ἐπιτήδευμα
623 1300 714 1353 τοῦ
747 1300 1038 1372 ἀνθρώπου
1057 1299 1322 1369 κάπηλος,
1353 1299 1565 1360 πάντας
1592 1294 1674 1368 [Ρ,
1703 1294 1831 1369 440]

252 1392 310 1445 δὲ
336 1392 461 1453 τοὺς
486 1392 750 1456 εἰσιόντας
780 1396 872 1446 καὶ
910 1392 1154 1457 ἐξιόντας
1184 1392 1398 1446 ἔσαινεν
1432 1392 1460 1443 6
1485 1391 1652 1443 κύων.
1684 1391 1829 1462 Χρό-

252 1500 346 1535 νου
378 1484 432 1534 δὲ
465 1486 855 1554 παρῳχηκότος
882 1485 1078 1553 συνέϐη
1116 1485 1211 1537 καὶ
1244 1481 1338 1535 τὸν
1367 1481 1537 1551 φονέα
1570 1482 1832 1536 εἰσελθεῖν

248 1575 343 1627 τοῦ
365 1579 506 1629 πιεῖν
522 1580 597 1640 εἰς
623 1579 681 1630 τὸ
700 1578 1013 1647 καπηλεῖον,
1035 1578 1095 1630 ὂν
1121 1576 1376 1644 ἐπιγνοὺς
1391 1576 1420 1626 ό
1443 1575 1589 1628 κύων
1608 1576 1831 1630 ὑλάκτει

250 1669 351 1718 καὶ
383 1668 628 1736 ἐπεπήδα
668 1669 750 1731 εἰς
782 1669 840 1720 τὸ
868 1670 1161 1739 πρόσωπον
1192 1664 1380 1720 αὐτοῦ.
1414 1665 1586 1720 Τοῦτο
1606 1665 1663 1718 δὲ
1697 1666 1829 1719 πολ-

246 1754 403 1820 λάκις
436 1760 718 1826 γινόμενον
747 1760 826 1821 εἰς
855 1758 1092 1828 ὑποψίαν
1136 1749 1361 1821 πολλοὺς
1392 1759 1521 1826 θείῳ
1566 1757 1829 1826 κινήματι

242 1850 278 1901 ἦ

266 1892 279 1919 Δ

1942 656 2121 711 solent
2147 657 2407 727 insidere,
2436 661 2775 717 interfectus.
2810 662 3043 721 Latrone
3070 666 3196 739 fuga
3226 682 3289 723 se
3317 669 3523 725 subdu-

1940 756 2122 813 ceute,
2161 754 2315 805 canis
2352 768 2418 807 eo
2450 753 2653 809 inloco
2688 757 2993 825 permansit
3043 758 3250 815 domini
3284 762 3523 819 cadaver

1940 838 2275 896 custodiens.
2308 838 2471 896 Forte
2501 842 2641 898 alius
2670 845 2893 914 quidam
2938 859 3002 900 ea
3044 862 3275 919 pergens
3326 867 3521 922 super-

1940 930 2108 993 venit,
2141 932 2487 1002 cadaverque
2514 933 2816 1006 projectum
2849 952 3106 1003 cernens,
3140 949 3324 996 motus
3349 944 3517 1000 mise-

1940 1020 2196 1086 ricordia,
2228 1023 2422 1078 tellure
2448 1024 2641 1081 effossa
2692 1028 2927 1097 sepeliit.
2964 1030 3128 1086 Canis
3188 1030 3242 1085 id
3281 1030 3515 1089 ofﬁcium

1939 1122 2252 1183 pergratum
2282 1113 2492 1183 habuit,
2544 1131 2714 1185 seque
2748 1119 2890 1173 ultro
2912 1119 3121 1175 homini
3161 1124 3428 1177 comitem
3450 1138 3516 1179 ae

1937 1220 2157 1261 servum
2184 1207 2455 1277 adiunxit.
2487 1210 2619 1264 Erat
2655 1217 2839 1266 autem
2896 1212 2943 1267 is
2989 1214 3151 1270 homo
3200 1218 3517 1273 conditione

1935 1312 2131 1368 caupo,
2162 1308 2218 1354 et
2247 1300 2454 1355 solebat
2482 1305 2636 1357 canis
2662 1305 2728 1361 iis
2754 1304 2846 1375 qui
2888 1322 3192 1375 cauponam
3241 1310 3512 1367 intrarent

1933 1389 2258 1459 exirenlque
2309 1392 2539 1447 adulari.
2597 1392 2727 1448 Post
2776 1397 3115 1467 aliquantum
3160 1401 3425 1469 temporis
3463 1402 3511 1457 is

1933 1481 2099 1534 etiam
2139 1482 2295 1547 latro,
2326 1485 2487 1555 cujus
2510 1486 2883 1553 meminimus,
2936 1491 2990 1543 in
3027 1506 3147 1546 eam
3203 1507 3510 1561 cauponam

1934 1572 2156 1628 bibendi
2193 1590 2356 1631 causa
2386 1578 2631 1631 intravit.
2661 1577 2833 1643 Quem
2868 1583 3023 1638 canis
3065 1599 3372 1655 agnoscens
3425 1586 3511 1639 al—

1936 1662 2174 1733 latravit,
2225 1666 2389 1736 inque
2446 1666 2563 1735 ejus
2612 1667 2806 1723 faciem
2862 1672 3090 1731 insiluit.
3146 1674 3259 1729 lloc
3310 1678 3510 1745 saepius

1931 1753 2135 1809 factum
2180 1756 2270 1811 Dei
2330 1758 2598 1815 instinctu
2649 1766 2795 1831 apud
2865 1766 3065 1821 multos
3135 1770 3507 1839 suspicionem

284 1866 445 1918 γαγε,
496 1854 588 1903 καὶ
624 1852 905 1922 συσχεθεὶς
951 1853 1032 1913 είς
1078 1852 1259 1921 κρίσιν
1296 1852 1588 1921 παρεδόθη,
1624 1851 1719 1902 καὶ
1766 1851 1828 1904 τὸ
1859 1925 1887 1929 _
1930 1862 1953 1900 ε

1930 1847 2225 1913 excitavit;
2271 1852 2817 1923 comprehensusque
2849 1856 2989 1911 latro
3017 1865 3072 1912 et
3116 1873 3300 1912 coram
3321 1844 3510 1929 judice

240 1940 487 2007 πραχθὲν
526 1940 861 2009 ὁμολογήσας
896 1941 1034 2011 μετὰ
1064 1944 1243 2013 πάσης
1274 1941 1533 2013 ἀληθείας
1559 1942 1821 2015 ἀνῃρέθη,
1859 1925 1899 1981 Β

1859 1925 1899 1981 Β
1928 1938 2282 2005 constitutus,
2313 1958 2437 1997 cum
2503 1944 2719 2002 facinus
2748 1948 2823 2003 uti
2857 1958 2974 2003 erat
3006 1951 3076 2005 ab
3115 1967 3181 2007 eo
3226 1965 3509 2025 perpetra-

239 2033 340 2099 τῆς
371 2032 517 2096 θείας
550 2034 709 2104 δίκης
736 2034 1095 2105 ἀμυναμένης
1125 2035 1305 2089 αὐτόν.

306 2121 405 2194 ’Τῷ
437 2126 507 2178 ια’
543 2127 672 2189 ἔτει,
705 2127 766 2178 τὸ
793 2126 900 2179 τῶν
928 2126 1252 2196 Βουλγὲῳων
1290 2125 1441 2189 ἔθνος
1483 2126 1827 2197 διαπερᾶσαν

238 2218 332 2270 τὶν
355 2217 636 2279 Δάνουϐιν,
671 2216 764 2270 καὶ
783 2216 1163 2286 ἀποχωρισθέν
1188 2216 1296 2269 τῶν
1314 2217 1602 2286 ὁμοφύλων
1633 2216 1821 2280 αὑτοῦ,

239 2312 553 2376 ἐσκήνωσεν
586 2313 644 2362 ἐν
668 2311 905 2381 Βάρναις
937 2309 994 2362 ἔν
1015 2327 1122 2363 τισι
1154 2310 1349 2379 ὀχμαῖς
1380 2311 1477 2362 καὶ
1508 2310 1679 2378 ὄρεσι.
1716 2309 1823 2360 Τοῦ

237 2403 296 2454 δὲ
326 2401 591 2471 βασιλέως
626 2403 935 2468 ἐξελθόντος
968 2402 1064 2454 σὺν
1102 2404 1258 2453 ναυσὶ
1314 2403 1410 2451 καὶ
1449 2401 1686 2480 στρατῷ,
1730 2404 1824 2455 καὶ

234 2492 303 2561 δὴ
330 2493 423 2545 καὶ
453 2492 771 2557 ἐπελθόντος
812 2493 931 2546 κατ’
957 2492 1159 2556 αὐτῶν,
1209 2492 1259 2543 oi
1313 2490 1615 2561 Βούλγαροι
1664 2492 1823 2545 τοῦτο

235 2580 449 2649 ἀθρόως
480 2580 827 2650 θεασάμενοι,
850 2580 950 2649 τὴν
990 2577 1198 2632 ἑαυτῶν
1233 2580 1616 2647 ἀπεγνωκότες
1645 2597 1821 2649 σωτη-

234 2673 384 2741 ρίαν.
424 2672 504 2736 εἰς
530 2690 580 2725 τι
611 2672 874 2743 ὀχύρωμα
909 2672 1312 2740 καταφεύγουσι
1347 2672 1441 2724 καὶ
1486 2671 1715 2735 ἑαυτοὺς
1760 2672 1824 2724 ἁ-

232 2765 605 2830 σςξαλίζονται.
626 2766 745 2817 Τῶν
764 2765 821 2818 δὲ
855 2764 1143 2835 Ῥωμαίων
1170 2764 1245 2836 μὴ
1261 2764 1570 2834 δυναμένων
1589 2764 1821 2834 συνάψαι

231 2860 363 2909 πόλε
374 2876 474 2926 μον
496 2858 585 2909 διά
638 2876 697 2910 τε
724 2861 792 2912 τὰ
839 2858 1101 2929 πάλματα
1150 2858 1262 2928 (90)
1291 2860 1385 2910 καὶ
1407 2858 1502 2925 τὴν
1527 2856 1620 2909 τοῦ
1646 2859 1813 2910 τόπου

227 2949 539 3019 δυσχωρίαν
570 2950 875 3019 ἐθρασύνθη
904 2951 966 3003 τὸ
997 2950 1193 3019 μιαρὸν
1217 2948 1618 3017 ἐθνος.Συνέ6η
1642 2947 1719 3001 δὲ.
1751 2989 1765 3001 .
1804 2987 1819 3002 .

228 3041 328 3091 καὶ
366 3042 456 3091 τὸν
496 3040 722 3110 βασιλέα
757 3041 982 3109 φεύγειν
1008 3042 1438 3111 διαφημίσαντες
1473 3044 1621 3109 φυγῇ
1656 3044 1820 3112 ἐχρή-

229 3150 395 3184 σαντο
420 3135 645 3201 μηδενὸς
674 3135 984 3195 διώκοντος.
1016 3134 1196 3203 Ὅπερ
1227 3133 1553 3201 θεασάμενοι
1578 3136 1625 3186 οί
1653 3134 1819 3186 Βούλ-

228 3240 394 3294 γαροι
426 3224 653 3291 ἐδίωξαν
680 3225 905 3280 ὄπισθεν
952 3228 1133 3280 αὐτῶν
1167 3229 1262 3279 καὶ
1314 3227 1544 3286 πολλοὺς
1584 3227 1815 3302 ἀνεῖλον,

231 3315 342 3367 Καὶ
372 3314 562 3370 ἔκτοτε
607 3318 1038 3387 διαπεράσαντες
1072 3318 1269 3378 πάντες
1298 3319 1394 3370 καὶ
1420 3318 1816 3385 θρασυνθὲντες

229 3410 323 3459 καὶ
352 3409 820 3476 ἐμπλατυνθέντες
845 3408 946 3479 τὴν
990 3407 1305 3478 Ῥωμαϊκὴν
1336 3407 1521 3479 χώραν
1551 3410 1814 3480 ᾐχμαλώ-

226 3500 396 3565 τιζον.
432 3484 597 3553 Ὅθεν
653 3502 746 3553 καὶ
777 3500 1145 3568 ἀναγκασθεὶς
1175 3503 1203 3553 6
1249 3500 1501 3569 βασιλεὺς
1530 3504 1810 3572 είρήνευσε

228 3591 350 3659 μετ’
383 3590 585 3654 αὐτῶν,
635 3591 710 3653 ὡς
752 3589 1019 3642 λέλεκται.
1066 3591 1381 3660 Ἦρεμήσας
1413 3592 1467 3644 δὲ
1502 3594 1567 3644 ἐκ
1594 3593 1812 3647 πάντων

222 3684 403 3753 ῆνωεε
437 3682 530 3742 τὰς
578 3681 922 3750 Ἐκκλησίας,
955 3683 1047 3734 καὶ
1080 3683 1176 3751 τὴν
1225 3682 1619 3750 προλεχθεῖσαν
1650 3686 1811 3751 ἁγίαν

222 3774 391 3839 ἕκτην
419 3770 635 3823 σύνοδον
667 3770 1025 3841 συναθροίσας
1047 3772 1105 3823 ἐν
1128 3770 1695 3826 Κωνσταντινουπόλει
1712 3776 1809 3844 τὴν

220 3860 330 3912 τῶν
360 3860 751 3929 Μονοθελητῶν
779 3861 991 3931 αἵρεσιν
1018 3861 1398 3931 ἀνεθεμάτισε.

293 3951 385 4018 Τῷ
418 3952 475 4003 δὲ
509 3952 577 4020 ιγ’
607 3953 716 4004 ἐτει
758 3951 1016 4005 ἀπώσατο
1055 3954 1183 4016 τοὺς
1212 3953 1473 4021 ἀδελφοὺς
1510 3955 1675 4009 αὐτοῦ
1709 3956 1808 4027 τῆς

224 4040 502 4108 βασιλείας
530 4082 543 4106 ,
588 4044 684 4093 καὶ
739 4044 899 4113 μόνος
935 4044 1255 4097 ἐϐασίλευσε
1304 4046 1403 4098 σὺν
1447 4048 1804 4118 ἰουστινιανῷ

219 4131 299 4193 τῷ
329 4130 431 4198 υίῴ
458 4131 645 4185 αὑτοῦ.

296 4222 388 4289 Τῴ
426 4222 485 4285 ιζ’
520 4223 630 4276 ἔτει
658 4224 1014 4295 ἐτελεύτησεν
1045 4228 1072 4278 6
1103 4225 1336 4296 εύσεὸὴς
1373 4226 1799 4294 Κωνσταντῖνος,

220 4315 507 4383 κρατήσας
547 4315 641 4383 ἔτη
693 4314 789 4380 ιζ’,
843 4318 937 4368 καὶ
979 4317 1326 4371 ἐΰασίλευσεν
1377 4319 1803 4384 Ἰουστινιανὸςό

223 4406 339 4467 υίὸς
368 4404 558 4457 αὑτοῦ.

306 4495 680 4557 Ίουστινιανὸς
700 4496 727 4547 6
749 4495 861 4558 υίὸς
884 4495 975 4548 τοῦ
1012 4498 1373 4565 Πωγωνάτου,
1398 4503 1425 4551 ὁ
1450 4501 1793 4572 ρινότμητος,

1927 2041 2040 2086 tum
2062 2033 2435 2101 conﬁteretur,
2467 2038 2666 2094 divina.-
2699 2040 2951 2096 vindicta:
2977 2058 3167 2113 poenas
3194 2044 3360 2099 dedit.

1996 2128 2155 2182 Anno
2180 2130 2241 2184 li
2274 2128 2522 2200 Bulgari,
2545 2131 2791 2188 Danubio
2814 2137 3069 2205 trajecto,
3088 2155 3118 2191 a
3148 2142 3265 2195 suis
3280 2141 3505 2210 popula-

1928 2221 2080 2277 ribus
2107 2225 2365 2291 separati,
2401 2225 2456 2278 in
2483 2223 2677 2280 Barnis
2711 2227 3117 2295 habitaverunt,
3169 2233 3222 2286 in
3268 2233 3505 2289 saltibus

1926 2314 2255 2383 quibusdam
2319 2328 2373 2372 et
2435 2319 2730 2375 montibus.
2788 2321 2991 2376 Contra
3060 2324 3158 2380 hos
3206 2326 3505 2396 imperator

1925 2406 2156 2461 classem
2212 2410 2628 2481 exercitumque
2673 2413 2852 2469 duxit.
2907 2414 3014 2470 Sed
3057 2416 3279 2487 Bulgari
3327 2420 3505 2488 primo

1924 2496 2297 2552 Romanorum
2335 2501 2542 2570 impetu
2578 2517 2677 2557 sua
2718 2505 2897 2559 salute
2954 2504 3244 2575 desperata
3292 2509 3345 2562 in
3383 2526 3504 2564 uiu-

1926 2588 2189 2642 nitiouem
2220 2591 2515 2659 quamdam
2542 2606 2907 2659 recesserunt,
2937 2597 3123 2666 ibique
3164 2613 3225 2654 se
3264 2600 3319 2654 in
3383 2610 3504 2657 tuto

1925 2678 2305 2745 collocarunt;
2344 2698 2579 2753 cumque
2597 2700 2693 2741 eos
2737 2687 2944 2741 adoriri
2994 2687 3229 2745 Romani
3281 2694 3353 2748 ob
3392 2694 3502 2748 ini-

1924 2772 2186 2839 quitatem
2240 2773 2487 2829 locorum
2534 2792 2642 2831 non
2700 2791 2949 2848 possent,
2998 2780 3296 2837 ferociores
3372 2784 3504 2841 facti

1925 2872 2083 2915 sunt.
2106 2862 2324 2917 Accidit
2360 2876 2611 2922 autem...
2644 2879 2698 2924 et
2731 2886 2926 2940 sparso
2958 2889 3179 2930 rumore
3208 2877 3504 2947 imperato-

1926 2965 2041 3003 rem
2066 2950 2295 3021 fugisse,
2324 2956 2539 3011 nemiue
2576 2970 2805 3029 urgente
2835 2960 3019 3032 fugam
3071 2965 3336 3022 fecerunt.
3386 2970 3503 3027 Hoc

1924 3040 2427 3098 aniinadvcrtenles
2455 3045 2671 3116 Bulgari
2702 3064 2729 3100 a
2756 3058 2909 3121 tergo
2938 3068 3033 3108 eos
3076 3056 3313 3112 insecuti
3345 3071 3498 3127 sunt,

1924 3132 2240 3202 multosque
2262 3137 2608 3192 occiderunt.
2640 3140 2771 3196 inde
2803 3153 2964 3198 aucta
3001 3146 3198 3204 fiducia
3258 3154 3502 3210 universi

1928 3227 1983 3278 in
2021 3226 2300 3283 Romanas
2327 3234 2642 3298 provincias
2665 3234 2821 3290 effusi
2854 3253 3079 3309 magnas
3132 3243 3348 3311 praedas
3377 3262 3503 3317 ege-

1925 3326 2074 3370 runt.
2104 3319 2299 3389 Itaque.
2327 3322 2631 3391 imperator
2664 3336 2893 3384 coactus
2917 3340 3000 3385 est
3025 3347 3150 3387 cum
3184 3335 3251 3391 iis
3287 3354 3499 3408 pacem,

1920 3410 1999 3462 uti
2049 3410 2309 3477 diximus,
2346 3430 2697 3485 componere.
2748 3421 2967 3480 Pacatis
3014 3428 3180 3484 rebus
3241 3433 3501 3491 omnibus

1918 3502 2288 3558 Ecclesiarum
2314 3511 2667 3564 concordiam
2699 3516 3007 3581 constituit,
3035 3519 3353 3594 dictumque
3408 3541 3502 3583 sa-

1916 3604 2073 3645 crum
2105 3602 2322 3647 sextum
2357 3600 2653 3655 concilium
2694 3602 2891 3674 Cpolin
2926 3624 3129 3681 cogens
3161 3610 3498 3674 Honotbcle-

1916 3689 2097 3736 tarum
2131 3684 2363 3741 hairesin
2392 3688 2695 3748 damnavit.

1980 3952 2140 4008 Anno
2167 3955 2233 4010 15
2279 3956 2479 4017 fratres
2517 3977 2651 4019 suos
2690 3966 2921 4037 imperio
2953 3969 3204 4042 detrusit,
3229 3976 3491 4052 solusque

1911 4061 2034 4100 cum
2073 4048 2183 4103 ﬁlio
2204 4066 2306 4106 suo
2332 4052 2651 4111 Justiniano
2683 4058 2997 4129 imperavit.

1978 4227 2135 4282 Auno
2164 4231 2227 4285 i7
2279 4244 2530 4292 mortuus
2582 4249 2666 4294 est
2724 4242 3120 4305 Constantinus
3170 4248 3323 4317 Pius,
3359 4268 3486 4309 cum

1907 4319 1975 4371 i7
2033 4336 2207 4380 annos
2240 4326 2589 4397 imperasset.
2636 4333 2922 4391 Successit
2945 4340 2991 4392 ei
3020 4340 3166 4395 ﬁlius
3214 4342 3488 4403 Justinia-

1905 4426 2029 4465 nus.

1975 4507 2131 4576 771
2167 4508 2512 4569 Justinianus
2543 4516 2804 4589 Pogonati
2834 4523 2999 4591 ﬁlius,
3055 4527 3101 4581 is
3141 4528 3233 4597 qui
3266 4545 3295 4582 a
3346 4545 3482 4598 pra:-

219 4586 571 4639 ἐϐασίλευσεν
616 4588 710 4658 ἔτη
754 4594 804 4641 ι’.
858 4583 1025 4650 Οὗτος
1077 4585 1143 4659 ἦν
1174 4590 1463 4661 ἅνθρωπος
1494 4595 1797 4657 ἀκάθεκτος
1835 4617 1875 4669 ί)

1835 4617 1875 4669 υ
1906 4599 2026 4652 ciso
2056 4616 2193 4655 naso
2223 4602 2424 4660 deinde
2483 4606 2831 4667 Riuounetus
2883 4615 2983 4670 fuit
3041 4583 3479 4688 cognominatus,

218 4684 316 4747 τὴν
345 4681 523 4751 ὁρμὴν
554 4680 647 4731 καὶ
678 4678 1061 4747 ἀσυλλόγιστος
1090 4681 1148 4733 ἐν
1173 4683 1334 4734 παντὶ
1375 4684 1686 4754 πράγματι.

288 4856 479 4926 Τούτῳ
529 4856 607 4927 τῷ
649 4858 762 4910 ἔτει
805 4858 915 4929 (9f)
965 4859 1283 4914 ἀποστέλλει
1329 4862 1615 4933 ’Λειμέλεχ
1663 4867 1799 4935 πρὸς

217 4950 379 5002 αὐτὸν
435 4949 735 5017 βεϐαιῶσαι
783 4950 881 5021 τὴν
930 4952 1186 5020 είρήνην·
1249 4952 1342 5005 καὶ
1372 4956 1663 5024 ἐστοιχήθη
1712 4957 1797 5008 ἵνα

219 5041 405 5112 παύσῃ
430 5044 456 5092 ὁ
479 5040 732 5109 βασιλεὺς
780 5041 839 5092 τὸ
867 5040 974 5093 τῶν
1015 5042 1343 5111 Μαρδαῐτῶν
1371 5043 1485 5113 (9‘2)
1523 5048 1709 5115 τάγμα
1732 5049 1797 5099 ἐκ

215 5135 309 5188 τοῦ
348 5135 583 5187 Λιϐάνου
627 5136 721 5187 καὶ
758 5134 980 5203 κωλύσῃ
1021 5138 1117 5197 τὰς
1152 5134 1447 5205 ἐπιδρομὰς
1475 5136 1664 5200 αὑτοῦ,
1698 5141 1793 5191 καὶ

216 5225 436 5295 παρέχῃ
490 5224 613 5276 καθ’
652 5225 891 5293 ἑκάστην
943 5227 1156 5294 ἡμέραν
1186 5230 1496 5297 νομίσματα
1522 5228 1669 5297 χίλια
1703 5231 1796 5281 καὶ

1905 4691 2192 4759 imperavit
2229 4710 2403 4751 annos
2427 4699 2634 4754 decem.
2661 4702 2839 4760 ilomo
2865 4706 2966 4759 fuit
2993 4708 3262 4778 impotens
3283 4714 3477 4781 animi,

1904 4782 2219 4853 uulliusquc
2249 4787 2355 4842 ulla
2382 4790 2434 4842 in
2465 4806 2523 4845 re
2549 4795 2789 4849 consilii.

1974 4872 2160 4927 Primo
2182 4874 2302 4944 ejus
2334 4893 2480 4933 anno
2519 4881 2907 4944 Abimelechus
2948 4889 3015 4943 ad
3070 4905 3196 4945 eum
3251 4894 3478 4949 nuntios

1904 4963 2072 5016 mittit
2099 4967 2490 5024 confirmanda:
2517 4975 2667 5040 pacis
2723 4993 2923 5038 causa;
2984 4983 3350 5053 convenitque
3418 4994 3478 5039 ut

1905 5054 2204 5123 imperator
2280 5059 2670 5119 Mardaitaruni
2728 5084 2922 5140 agmen
3027 5087 3304 5131 coerceret
3420 5078 3477 5133 in

1904 5145 2113 5202 Libano
2143 5152 2371 5221 ejusque
2425 5155 2819 5225 impressiones
2858 5178 3255 5233 compesceret,
3302 5172 3478 5238 eoque

1904 5239 2126 5292 nomine
2155 5242 2362 5299 Arabes
2393 5246 2654 5303 Romanis
2678 5251 2791 5323 (95)
2810 5255 3111 5323 penderent
3142 5259 3194 5311 in
3222 5254 3473 5329 singulos

1375 5362 1729 5417 XYLANDRI
1768 5364 1854 5419 ET
1877 5367 2089 5424 GUARI
2118 5373 2351 5430 NOTAE.

284 5449 401 5519 (90)
442 5447 733 5519 Πάλματα
761 5448 893 5517 quid
952 5449 1085 5509 sint,
1129 5451 1336 5504 nescio.
1391 5452 1455 5505 Et
1496 5462 1619 5519 post
1662 5468 1789 5503 συν-

215 5518 312 5585 ἐδτι
344 5519 503 5571 deest
536 5518 763 5585 aliquid.
798 5520 936 5590 XvL.
964 5549 1033 5559 -—
1056 5520 1343 5590 Πάλματα,
1386 5518 1630 5584 salebra,
1675 5537 1792 5575 sco-

212 5594 471 5658 pulorum
493 5598 775 5653 asperitas.
809 5588 981 5641 Cons.

284 5659 398 5727 (9i)
431 5653 569 5708 Nota
606 5661 819 5711 numeri
850 5660 1090 5725 omissa;
1121 5659 1214 5714 sed
1251 5671 1435 5716 actum
1481 5661 1584 5714 hoc
1622 5659 1792 5716 fuisse

215 5734 391 5795 primu
437 5742 619 5789 unum,
669 5742 735 5777 ex
784 5731 1143 5795 sequentibus
1198 5731 1385 5797 liquet.
1422 5761 1492 5771 —
1520 5732 1788 5785 Caeterum

215 5797 602 5872 Alriiuclrcliu-s
657 5797 745 5849 hic
798 5797 1041 5852 Arabum
1091 5800 1194 5851 fuit
1241 5802 1535 5872 princeps,
1600 5800 1792 5855 Munia:

220 5854 530 5922 successor.
562 5864 697 5919 Χτι.

550 5963 823 6025 Parnm.
858 5963 977 6025 Gn.
1025 5964 1241 6029 CXXI.

1908 5528 1952 5546 L
2119 5463 2400 5545 Mardaitae
2443 5476 2584 5546 sunt
2608 5484 2637 5523 a
2658 5472 3143 5546 _lege_$araceuica
3186 5491 3473 5546 apostataa,

1906 5531 2043 5599 ipsis
2073 5531 2363 5606 Saracenis
2386 5531 2767 5596 infensissimi.
2795 5531 3043 5602 Nominis
3067 5531 3476 5606 uiuifiié'iiF-RI

1903 5610 2027 5691 rum
2091 5600 2324 5659 Maranis
2389 5612 2702 5666 communis
2728 5622 2812 5667 est
2837 5600 3471 5691 radix.‘(i.euiiclaviiisv.)

1899 5665 2073 5722 Com.

1972 5740 2087 5816 (95)
2122 5739 2319 5816 floc__in
2353 5744 2544 5804 Graeco
2575 5752 2828 5808 mutilum
2860 5764 2967 5812 est.
3002 5756 3108 5813 Sed
3156 5773 3224 5815 ex
3254 5758 3473 5816 Zonara

1898 5813 2189 5879 complevi.
2226 5810 2362 5867 XvL.

2956 5984 3025 6049 27
