4226 6444
704 384 805 447 847

1986 380 2303 442 GEORGII
2346 380 2676 441 CEDRENI

3858 371 3974 435 8'58

704 504 932 573 locoque
962 500 1081 572 ejus
1103 500 1305 570 gradus
1323 498 1651 556 Venetorum
1682 507 1736 554 ct
1752 498 1988 569 phialam
2007 498 2278 554 mdificare

2385 514 2539 583 ξιμον
2569 512 2670 583 (8),
2711 514 2834 566 ἐπεὶ
2883 512 3008 578 ναὸς
3059 509 3129 585 ἦν
3184 515 3285 585 τῆς
3324 514 3630 585 ύπεραγίας
3682 514 3963 568 Θεοτόκου

700 596 937 659 volebat,
969 608 1023 647 ut
1045 595 1115 647 ibi
1139 592 1632 647 saximodeximum
1660 601 1929 661 ageretur.
1956 590 2084 646 Ideo
2115 606 2145 643 a
2164 589 2280 643 Cal-

695 688 870 741 linico
934 685 1245 755 patriarcha
1313 683 1623 753 postulabat
1681 692 1739 735 ut
1808 682 1929 751 ejus
1986 680 2121 734 tedis
2183 681 2279 734 de-

704 780 975 833 struendze
1002 792 1170 831 causa
1205 778 1371 831 Deum
1407 776 1453 831 is
1492 784 1695 829 oraret.
1718 773 2276 844 liespontlitpatriar-

703 878 803 926 clta
840 884 1023 925 velunt
1062 872 1165 928 sibi
1210 884 1380 933 esse,,
1414 868 1558 937 quod
1608 867 1794 936 templi
1846 866 2088 936 erigendi
2111 881 2277 920 causa

691 956 909 1025 Taceret
951 980 964 1016 :
1021 966 1227 1017 nttllum
1260 962 1549 1030 dejiciendi
1603 962 1777 1033 gratia
1826 971 2100 1031 receptum
2132 976 2275 1018 esse.

704 1056 809 1109 Sed
842 1057 888 1109 vi
952 1057 1182 1110 adactus
1233 1057 1453 1109 tandem
1520 1053 1983 1126 lacrymabundus
2034 1054 2110 1108 ita
2153 1055 2278 1109 ait:

698 1149 884 1201 Gloria
913 1147 1043 1208 Deo,
1074 1147 1167 1215 qui
1204 1148 1388 1201 munia
1418 1146 1644 1214 perfert,
1668 1161 1813 1199 nunc
1862 1156 1915 1201 et
1958 1160 2173 1215 semper
2224 1154 2279 1200 et

704 1239 758 1291 iu
806 1247 1093 1292 aeternum.
1153 1239 1246 1292 llis
1304 1239 1507 1292 auditis
1572 1238 1848 1291 destructa
1912 1246 1998 1291 est
2045 1237 2190 1291 aedes
2225 1245 2279 1291 et

705 1330 883 1397 phiala
923 1329 1167 1383 condita.
1217 1328 1502 1397 Templum
1538 1329 1757 1382 nomine
1800 1327 2277 1398 Metropolitanum

705 1423 1005 1490 imperator
1043 1422 1097 1475 itt
1128 1420 1355 1475 l’ettino
1389 1418 1536 1475 fecit.

778 1512 1000 1566 Decimo
1037 1528 1181 1566 anno
1229 1513 1544 1567 Moamedus
1574 1514 1625 1567 in
1658 1520 1908 1584 quartam
1958 1512 2276 1567 Armeniam

705 1606 1005 1658 exercitum
1043 1605 1217 1668 duxit,
1240 1604 1530 1672 multisque
1566 1605 1815 1657 abductis
1837 1605 2059 1657 domum
2092 1603 2274 1657 rediit.

707 1696 1079 1750 Eodemauno
1112 1694 1460 1749 Justinianus
1506 1695 1737 1765 imperio
1780 1695 1973 1764 pulsus
2023 1704 2115 1748 est
2174 1692 2280 1747 hoc

2378 605 2488 657 τῶν
2519 603 2951 674 μητροπολιτῶν,
2983 606 3150 676 ἀπῄει
3207 606 3533 659 Καλλίνικον
3568 606 3659 658 τὸν
3687 607 3971 674 πατριάρ·

2378 714 2482 765 χην
2542 695 2767 764 ποιῆσαι
2816 694 3006 766 εὐχὴν,
3072 696 3159 748 ἵνα
3224 695 3507 765 καταλύσῃ
3558 694 3659 765 τὴν
3704 693 3971 763 τοιαύτην

2376 786 2693 857 ἐκκλησίαν.
2738 786 2798 839 '0
2863 787 2921 838 δὲ
2981 788 3328 858 πατριάρχης
3381 786 3568 855 ἔλεγεν
3626 786 3708 840 ὅτι
3780 785 3967 854 Εὺχὴν

2378 876 2475 930 ἐπὶ
2525 876 2784 929 συστάσει
2832 875 3135 941 ἐκκλησίας
3165 874 3385 944 εχομεν,
3422 875 3517 927 ἐπὶ
3563 873 3620 926 δὲ
3667 871 3970 926 καταλύσει

2378 970 2439 1022 ού
2491 968 2897 1040 παρελάϐομεν.
2950 966 3203 1030 Βιασθεὶς
3252 968 3310 1021 δὲ
3351 962 3505 1020 εἷπεν
3557 969 3587 1019 ό
3615 964 3970 1035 πατριάρχης

2383 1062 2522 1133 μετὰ
2542 1061 2814 1132 δακρύων·
2848 1079 2870 1111 ι
2903 1060 3041 1125 Δόξα
3079 1058 3155 1128 τῷ
3184 1058 3305 1129 Θεῷ
3340 1059 3419 1128 τῷ
3438 1058 3750 1129 άνεχομένῳ
3785 1056 3971 1109 πάντα

2380 1153 2474 1204 νῦν
2536 1152 2630 1205 καὶ
2677 1153 2766 1203 ἀεὶ
2808 1152 2904 1203 καὶ
2945 1151 3029 1212 εἰς
3070 1150 3197 1211 τοὺς
3251 1148 3454 1210 αἰῶνας
3502 1148 3613 1200 τῶν
3668 1144 3908 1200 αἰώνων.
3942 1164 3963 1195 ›

2379 1243 2551 1296 Τοῦτο
2616 1240 2954 1303 ἀκούσαντες
3003 1239 3312 1292 κατέλυσαν
3362 1237 3462 1309 τὴν
3516 1236 3811 1306 ἐκκλησίαν
3868 1235 3972 1289 καὶ

2380 1334 2643 1404 ἐποίησαν
2701 1332 2799 1401 τὴν
2842 1331 3061 1401 φιάλην.
3134 1331 3393 1400 Ἐποίησε
3431 1330 3488 1383 δὲ
3524 1329 3603 1390 είς
3655 1327 3716 1381 τὸ
3762 1328 3971 1396 Πετρὶν

2379 1425 2678 1494 ἐκκλησίαν
2710 1423 2807 1493 (9),
2853 1423 2921 1494 ἢν
2949 1424 3100 1490 ἔλεγε
3126 1422 3233 1474 τῶν
3267 1420 3709 1489 Μητροπολιτῶν.

2456 1514 2547 1582 Τῷ
2578 1520 2611 1567 ι’
2644 1513 2755 1566 ἐτει
2790 1512 3199 1580 ἐπεστράτευσε
3252 1508 3499 1577 Μωάμεδ
3551 1507 3650 1576 τὴν
3692 1506 3969 1574 τετάρτην

2393 1605 2707 1675 Ἀρμενίαν,
2763 1603 2858 1656 καὶ
2912 1600 3368 1671 αἰχμαλωτεύσας
3422 1598 3651 1661 πολλοὺς
3699 1598 3969 1665 ἀνέστρε-

2376 1695 2503 1765 ψεν.
2567 1696 2655 1746 Ἐν
2698 1695 2847 1761 ανξιτῷ
2894 1694 2951 1748 δὲ
2983 1694 3059 1763 τῷ
3091 1694 3201 1746 ἔτει
3265 1691 3644 1752 Ἰουστινιανὸς
3694 1687 3967 1755 ἐξεϐλήθη

708 1799 864 1857 pacto
894 1807 907 1842 :
944 1786 1221 1840 Mandavit
1256 1786 1535 1857 Stephano
1586 1787 1812 1855 patricio
1839 1794 1892 1841 et
1920 1786 2093 1841 Rusio
2152 1788 2279 1841 duci

2385 1789 2480 1857 τῆς
2533 1785 2811 1856 βασιλείας
2852 1786 3041 1857 τρόπῳ
3089 1783 3279 1856 τοιῷδε
3314 1800 3330 1816 ·
3372 1784 3658 1838 Ἐκέλευσε
3708 1780 3971 1850 Στεφάνῳ

707 1854 763 1933 ut
846 1892 1006 1933 noctu
1059 1879 1318 1949 populum
1355 1854 1731 1949 'Cpolitanum
1789 1888 2071 1942 necarent,
2114 1880 2280 1933 caedis

2386 1854 2661 1949 πατρικίῳ
2704 1878 2799 1931 καὶ
2839 1854 3133 1949 στρατηγῷ
3182 1854 3262 1945 τῷ
3326 1875 3554 1946 Ῥουσίῳ
3606 1876 3796 1935 νυκτὸς
3834 1874 3968 1925 ἀπο-

705 1972 862 2026 iuitio
891 1989 919 2025 a
960 1972 1283 2042 patriarehis
1316 1970 1484 2025 iacto.
1514 1969 1627 2025 Sub
1680 1970 1785 2026 hoc
1833 1971 2012 2038 ipsum
2068 1979 2280 2040 tempus

2385 1972 2592 2025 κτεῖναι
2630 1970 2722 2023 τὸν
2771 1970 2945 2040 δῆμον
2997 1967 3643 2030 Κωνσταντινουπόλεως,
3691 1963 3965 2035 ἄρξασθαι

704 2063 970 2118 Leontius
1033 2061 1310 2131 patricius,
1374 2061 1466 2130 qui
1532 2075 1659 2114 cum
1740 2061 1849 2115 dux
1920 2058 2280 2115 Orientalium

2385 2063 2438 2117 δὲ
2479 2062 2587 2115 ἀπὸ
2626 2062 2735 2115 τῶν
2765 2061 3144 2132 πατριαρχῶν.
3180 2060 3433 2123 Λεόντιος
3461 2060 3518 2113 δὲ
3546 2059 3838 2125 πατρίκιος
3872 2057 3975 2110 καὶ

701 2156 924 2217 fuisset,
988 2171 1045 2208 re
1111 2154 1251 2207 bello
1292 2153 1552 2222 praeclare
1602 2162 1752 2223 gesta
1806 2168 1902 2224 per
1949 2154 2281 2208 calumniam

707 2247 917 2302 delatus
979 2247 1388 2315 trietmiutnque
1444 2247 1495 2299 in
1552 2261 1772 2301 carcere
1842 2246 2095 2302 detentus
2145 2256 2282 2311 erat,

710 2339 891 2393 subito
926 2348 1181 2391 evocatus
1222 2336 1351 2390 inde
1405 2336 1504 2390 fuit
1542 2351 1605 2389 ac
1655 2336 1764 2390 dux
1813 2336 2037 2391 Graeciae
2084 2337 2282 2400 factus,

704 2433 1005 2500 jussusque
1037 2432 1152 2483 suis
1191 2430 1242 2481 iu
1283 2438 1391 2484 tres
1423 2427 1636 2482 celoces
1665 2428 1936 2497 impositis
1959 2444 2024 2482 eo
2058 2431 2176 2499 ipso
2200 2431 2284 2484 die

701 2524 846 2577 urbe
873 2521 1049 2575 evehi.
1077 2520 1153 2574 Ea
1196 2530 1352 2574 nocte
1386 2521 1436 2573 in
1462 2520 1628 2589 775
1646 2520 1862 2590 Sophia:
1886 2530 2043 2589 portu
2073 2531 2284 2589 tempus

708 2613 1003 2683 navigandi
1068 2612 1391 2682 praestolans
1428 2626 1551 2665 cum
1584 2611 1776 2664 amicis
1802 2612 1916 2665 suis
1941 2612 2157 2680 negotia
2188 2626 2286 2665 sua

701 2707 1098 2776 componebat.
1131 2704 1275 2758 Inter
1334 2718 1429 2757 eos
1466 2702 1558 2771 qui
1618 2702 1794 2771 ipsum
1822 2716 1947 2757 vere
2000 2703 2285 2765 amabant,

710 2814 927 2855 summa
953 2795 1397 2849 vaticinabantur
1428 2793 1557 2861 ipsi,
1592 2790 1795 2847 Paulus
1826 2792 2127 2860 praesertim
2171 2806 2289 2846 mo-

713 2890 924 2943 nachus
956 2888 1182 2941 claustri
1245 2884 1618 2948 Callist-ratici,
1667 2884 2021 2937 astronomia:
2052 2884 2286 2952 peritus,

711 2988 766 3033 et
795 2978 1091 3048 Gregorius
1114 2972 1400 3043 Cappadox
1428 2971 1659 3025 claustri
1715 2970 1955 3025 Floriani
2013 2972 2287 3040 princeps.

708 3069 926 3135 Quibus
955 3083 1076 3121 cum
1115 3067 1323 3120 diceret
1375 3064 1635 3117 Leontius
1684 3063 1901 3132 captivo
1961 3063 2063 3117 sibi
2118 3063 2290 3131 imper

713 3165 857 3215 rium
905 3160 972 3213 ab
1022 3159 1153 3228 ipsis
1206 3156 1470 3225 promitti,
1514 3157 1745 3223 vimque
1813 3154 1980 3208 dubio
2036 3168 2099 3206 ac
2140 3169 2290 3208 mor-

719 3264 825 3306 tem
882 3251 1113 3320 singulis
1168 3249 1320 3302 heris
1367 3249 1727 3316 exspeCtanti,
1783 3247 1818 3300 ii
1878 3247 2127 3315 gnaviter
2165 3261 2290 3300 eum

714 3362 827 3399 rem
856 3342 1077 3412 aggredi
1107 3341 1389 3410 jusserunt
1418 3339 1527 3408 jam
1565 3354 1706 3392 nunc
1768 3338 2118 3406 implendam.
2152 3336 2292 3409 Ergo

2384 2153 2689 2223 στρατηγὸς
2753 2152 2863 2207 τῶν
2928 2153 3286 2208 Ἀνατολικῶν
3345 2151 3456 2223 (10)
3524 2150 3850 2219 γενόμενος,
3909 2150 3972 2201 ὲν

2384 2245 2607 2315 πολέμῳ
2637 2244 3005 2317 εὐδοκιμήσας
3050 2245 3146 2297 καὶ
3182 2243 3609 2314 κατηγορηθεὶς,
3651 2244 3712 2296 έν
3752 2242 3976 2311 φρουρᾷ

2384 2334 2747 2406 κατεκλείσθη
2781 2337 2877 2389 ἐπὶ
2928 2334 3119 2407 τριετῆ
3175 2334 3387 2405 χρόνον.
3448 2331 3709 2397 Ἐξάπινα
3739 2332 3798 2384 δὲ
3832 2333 3972 2385 dva-

2385 2428 2614 2499 κληθεὶς
2648 2426 2951 2497 στρατηγὸς
2999 2426 3246 2491 Ἑλλάδος
3293 2424 3628 2496 προεϐλήθη,
3662 2423 3972 2492 ἐκελεύσθη

2386 2520 2444 2574 δὲ
2507 2519 2850 2589 ἐμϐληθῆναι
2932 2519 3217 2590 δρόμωνας
3298 2520 3393 2572 καὶ
3463 2517 3776 2587 αὐθημερὸν
3833 2518 3976 2570 ἀπο-

2388 2612 2607 2682 κινῆσαι
2659 2613 2760 2682 τῆς
2804 2610 3033 2672 πόλεως.
3092 2608 3281 2682 Ταύτῃ
3329 2609 3387 2662 δὲ
3444 2612 3511 2680 τῇ
3564 2609 3723 2662 νυκτὶ
3780 2610 3839 2662 ὲν
3892 2608 3977 2679 τῷ

2387 2704 2495 2757 τῶν
2531 2704 2740 2773 Σοφιῶν
2770 2703 2949 2773 λιμένι
2980 2703 3115 2773 πρὸς
3168 2703 3229 2755 τὸ
3289 2701 3595 2756 έκπλωϊσαι
3656 2702 3972 2773 προσορμί-

2390 2814 2491 2859 σας
2523 2796 2885 2850 συνετάσσετο
2932 2797 3047 2858 τοῖς
3099 2794 3273 2864 φίλοις
3327 2794 3515 2850 αὑτοῦ.
3586 2794 3677 2847 Ἐν
3737 2791 3818 2856 οἷς
3874 2796 3978 2849 καὶ

2390 2887 2439 2938 οι
2477 2885 2717 2955 γνησίως
2748 2885 2909 2939 αὑτὸν
2937 2883 3217 2953 φιλοῦντες
3270 2883 3629 2954 χρησμῳδίαν
3672 2883 3821 2952 αύτῷ
3872 2884 3975 2937 ὲδί·

2390 2975 2533 3040 δουν,
2576 2979 2603 3030 ὃ
2654 2993 2715 3028 τε
2769 2975 2981 3039 Παῦλος
3048 2975 3278 3047 μοναχός
3335 2977 3429 3031 καὶ
3482 2976 3813 3046 ἀστρονόμος
3861 2977 3977 3029 τῶν

2393 3066 2479 3138 [Ρ.
2511 3065 2638 3135 4451
2670 3068 3100 3136 Καλλιστράτων
3154 3068 3290 3138 (Η),
3326 3070 3422 3121 καὶ
3464 3068 3763 3139 Γρηγόριος
3811 3068 3979 3120 Καπ-

2393 3158 2633 3227 παδόκης
2663 3162 2690 3211 ὁ
2737 3158 3197 3229 κλεισουριάρχης
3234 3160 3468 3229 μοναχὸς
3520 3162 3614 3213 καὶ
3670 3159 3977 3227 ἡγούμενος

2390 3251 2500 3304 τῶν
2532 3251 2772 3323 Φλώρου.
2813 3253 2975 3321 Λέγει
3033 3249 3125 3307 οῦν
3171 3254 3200 3305 ό
3249 3254 3500 3317 Λεόντιος
3553 3254 3691 3323 πρὸς
3732 3253 3929 3316 αύτούς
3961 3270 3978 3285 ⁸

2396 3360 2415 3393 ι
2456 3342 2646 3413 Ὑμεῖς
2704 3343 3119 3397 διεϐεϐαιοῦσθέ
3178 3361 3253 3415 με
3319 3346 3376 3397 ὲν
3432 3348 3498 3415 τῇ
3562 3346 3776 3415 φυλακῇ
3844 3349 3981 3417 περὶ

713 3436 979 3490 Leontius
1026 3434 1140 3488 suis
1202 3433 1426 3485 armatis
1482 3446 1668 3484 secum
1730 3432 1963 3500 sumptis
2010 3432 2171 3484 tacite
2226 3430 2291 3484 ad

2394 3433 2695 3503 βασιλείας,
2728 3438 2823 3489 καὶ
2850 3435 2945 3489 νῦν
2992 3438 3026 3506 ἠ
3058 3435 3171 3507 ζωή
3210 3454 3312 3506 μου
3342 3438 3400 3490 ὲν
3424 3439 3613 3499 κακοῖς
3638 3436 3941 3491 τελειοῦται
3962 3455 3980 3471 ⁸

717 3530 1035 3597 praetorium
1084 3524 1253 3586 venit,
1297 3525 1640 3592 pulsatisque
1669 3522 1881 3577 foribus
1937 3522 2200 3577 simulant
2227 3536 2294 3575 eo

2392 3526 2514 3579 καθ’
2549 3526 2697 3598 ὥραν
2758 3528 2868 3599 γὰρ
2926 3529 3017 3580 τὸν
3082 3528 3313 3582 θάνατόν
3377 3547 3481 3599 μου
3542 3530 3853 3599 ἐκδέχομαι.
3911 3533 3982 3584 Ol

711 3618 1107 3686 imperatorem
1142 3614 1348 3674 venire,
1376 3622 1435 3667 ut
1467 3613 1532 3667 de
1564 3614 1892 3682 quibusdam
1926 3613 2018 3683 qui
2049 3612 2119 3667 ibi
2140 3620 2295 3667 erant

2392 3618 2449 3670 δὲ
2482 3614 2636 3670 εἷπον
2666 3638 2681 3653 ο
2737 3620 2808 3670 Σὺ
2870 3618 2946 3688 μὴ
3004 3619 3265 3690 ὀκνήσῃς,
3312 3621 3410 3674 καὶ
3460 3620 3620 3675 τοῦτο
3674 3622 3783 3675 ἰδοὺ
3839 3622 3983 3692 πλη-

719 3718 1004 3765 statueret.
1045 3707 1179 3762 Cum
1205 3704 1459 3776 prtefecto
1487 3705 1538 3759 id
1592 3705 1893 3761 iudicatum
1940 3714 2109 3773 esset,
2140 3716 2295 3761 actu-

721 3812 835 3857 tutn
856 3800 1077 3870 prodiit,
1116 3808 1410 3869 portasque
1446 3813 1567 3851 cutn
1595 3799 1922 3867 aperuisset,
1947 3807 2034 3853 est
2056 3813 2093 3851 a
2121 3798 2297 3853 Leon-

723 3894 801 3948 tio
860 3894 1095 3945 vinctus.
1163 3888 1301 3942 Tum
1344 3888 1607 3942 Leontius
1689 3887 2007 3944 carceribus
2062 3889 2295 3945 reclusis

723 3985 925 4039 milites
976 3984 1069 4036 diu
1099 3984 1153 4035 in
1189 3980 1254 4036 iis
1287 3983 1534 4036 detentus
1588 3980 1773 4034 eduxit
1816 3989 1978 4049 atque
2038 3981 2295 4046 armavit,

720 4089 958 4143 cumque
981 4075 1047 4127 iis
1081 4073 1135 4126 iu
1177 4072 1351 4126 forum
1403 4069 1624 4140 prodiit,
1661 4069 1970 4125 vociferans
2002 4088 2018 4127 :
2050 4069 2297 4137 Quicun-

724 4186 832 4237 que
859 4169 1158 4247 Christiani
1191 4176 1338 4231 sunt,
1372 4165 1437 4218 ad
1468 4164 1636 4219 aedem
1675 4164 1889 4218 Sancta:
1914 4163 2131 4233 Sophia:
2158 4181 2298 4235 pm-

728 4271 816 4317 sto
855 4263 986 4317 sint.
1038 4262 1252 4315 Dimisit
1298 4263 1460 4314 etiam
1508 4258 1600 4328 qui
1650 4257 1793 4312 idem
1843 4271 1939 4327 per
1988 4272 2180 4313 omnes
2211 4274 2303 4314 re-

729 4353 918 4423 giones
942 4354 1360 4422 proclamarem.
1387 4349 1626 4404 Turbata
1678 4346 1973 4403 multitudo
2003 4347 2295 4404 confestim

2406 3708 2618 3778 ροῦται.
2670 3711 2781 3763 Καὶ
2840 3709 3022 3762 λαϐὼν
3082 3712 3111 3763 ό
3170 3711 3423 3774 Λεόντιος
3479 3711 3606 3773 τοὺς
3657 3711 3984 3780 ἀνθρώπους

2404 3799 2570 3853 αὑτοῦ
2597 3802 2735 3867 μετὰ
2755 3802 3021 3871 ἁρμάτων
3051 3800 3163 3871 (12)
3186 3800 3419 3868 ἀνῆλθον
3448 3803 3529 3863 είς
3552 3802 3613 3853 τὸ
3640 3802 3984 3871 πραιτώριον

2406 3892 2545 3962 μετὰ
2582 3895 2760 3962 σιγῆς,
2794 3892 2887 3945 καὶ
2944 3891 3276 3963 κρούσαντες
3331 3891 3430 3962 τὴν
3466 3890 3643 3959 πύλην
3689 3892 3989 3962 προεφασί-

2405 3998 2570 4036 σαντο
2608 3984 2698 4036 τὸν
2724 3982 2953 4053 βασιλέα
2988 3984 3396 4053 παραγενέσθαι
3446 3984 3540 4036 ἐπὶ
3593 3984 3674 4054 τῷ
3703 3983 3985 4052 διοικῆσαι

2402 4091 2555 4138 τινας
2582 4076 2691 4128 τῶν
2721 4077 2899 4129 έκείσε
2922 4076 3115 4130 ὅντων.
3172 4074 3518 4146 Μηνυθέντος
3555 4075 3612 4127 δὲ
3670 4074 3765 4127 τοῦ
3807 4077 3987 4144 ἐπάρ-

2406 4184 2505 4237 χου
2553 4167 2649 4221 καὶ
2705 4167 2987 4233 συντόμως
3016 4167 3263 4230 ἐλθόντος
3295 4168 3388 4220 καὶ
3438 4166 3770 4232 άνοίξαντος,
3819 4167 3986 4230 εὐθὺς

2407 4259 2689 4331 δεσμεῖται
2750 4259 2857 4313 ὑπὸ
2909 4260 3188 4313 Λεοντίου.
3244 4258 3485 4325 ’Δνοίξας
3540 4258 3597 4312 δὲ
3653 4260 3681 4311 ό
3730 4258 3988 4319 Λεόντιος

2409 4351 2508 4413 τὰς
2540 4352 2786 4420 φυλακὰς
2809 4334 3499 4422 τοὺςάποκεκλεισμένους
3520 4351 3737 4422 χρόνοις
3769 4349 3989 4413 πολλοῖς

1848 4503 2202 4560 ΧγιΑΝυιιι
2268 4506 2356 4561 ET
2413 4506 2892 4565 GOARINOTIE.

731 4674 921 4745 pidine
944 4668 1233 4745 satiata_ad
1271 4667 1653 4745 concurrentis
1694 4666 1877 4736 populi
1907 4666 2296 4745 sublevandam
2326 4668 2381 4729 Β
2408 4668 2719 4745 modeximo
2733 4676 2913 4724 tectos
2947 4667 3141 4745 aureis
3165 4664 3425 4745 stragulis
3447 4679 3617 4745 e_quos
3635 4667 3991 4745 ostentabant

735 4736 881 4800 sitim
934 4752 987 4795 et
1028 4738 1449 4807 exstinguendos
1502 4736 1729 4807 ardores
1774 4747 2024 4790 servatur
2046 4744 2099 4790 et
2140 4738 2299 4807 ultro

734 4813 1036 4868 liberaliter
1064 4805 1537 4876 aqua'exhibctur,
1576 4806 1741 4875 φιάλη
1768 4817 1877 4876 est,
1902 4806 2059 4874 quasi
2094 4805 2298 4873 phiala,

736 4884 974 4952 lymphis
995 4874 1314 4952 exfhibendis
1338 4891 1431 4952 vas
1460 4874 1736 4928 idoneum.
1758 4874 2080 4952 llujusmodi
2110 4876 2303 4943 phialis

736 4945 880 5006 aedes
937 4951 1203 5019 publicas,
1267 4946 1497 5012 templa,
1537 4960 1640 5019 nec
1689 4960 1796 5019 non
1844 4945 2055 5019 palatia
2088 4959 2304 5019 semper

739 5014 1017 5076 abundare
1044 5019 1490 5087 exquisiverunt;
1518 5016 1583 5066 de
1616 5015 1819 5084 quibus
1853 5014 2217 5084 Euchologica
2249 5023 2305 5069 et

753 5091 1110 5147 doctissimus
1134 5083 1389 5140 'Allatius.
1425 5083 1597 5137 ϐολῇ.

704 5146 728 5167 ’
815 5154 891 5225 (8)
924 5164 988 5212 At
1029 5161 1121 5226 qttl
1164 5156 1540 5226 celebrabatur
1564 5154 1734 5226 _istttd
1772 5153 2209 5226 σαξιμοδέξιμον,
2244 5161 2305 5206 ιιι

781 5223 1077 5286 et-ticieudo
1105 5230 1257 5281 locus
1286 5224 1530 5279 ecclesia
1559 5223 1697 5277 foret
1731 5224 2113 5278 necessarius?
2138 5224 2307 5276 Voca-

781 5249 1077 5286 eruetettuo
1105 5249 1257 5281 tocus
1286 5249 1530 5279 sicut:st
1560 5249 1697 5277 ιυῑιτι
1731 5249 2109 5278 necessarius:
2145 5249 2306 5276 unca-

743 5249 931 5358 ﬁulutn
993 5300 1285 5352 obscurum
1340 5303 1393 5346 et
1438 5293 1651 5346 difﬁcile
1700 5295 1892 5362 paucis
1942 5296 2140 5346 enodat
2196 5291 2306 5345 Leo

742 5368 1152 5425 Grammaticus
1185 5368 1235 5419 in
1262 5365 1566 5431 Theopltilu
1587 5382 1597 5414 :
1619 5364 1820 5431 Φιάλην
1851 5363 2075 5431 (forsaut
2102 5362 2305 5432 φιάλιν)

744 5444 803 5493 ἐν
832 5433 876 5506 ᾧ
898 5438 1106 5504 γίνεται
1129 5436 1189 5488 τὸ
1211 5432 1625 5506 σαξιμοδέξιμον
1650 5434 1959 5506 λεγόμενον,
1983 5432 2091 5506 τῷν
2125 5434 2308 5506 ἵππων

746 5499 1075 5578 ἀμιροτέρων
1111 5506 1220 5578 τιῖὲν
1267 5499 1444 5578 μερῷν
1492 5499 1857 5578 διερχομένων
1900 5504 2037 5578 μετὰ
2094 5499 2310 5571 χρυσῶν

749 5572 1121 5645 σακέισμᾶτων.
1175 5572 1363 5627 Partes
1406 5575 1589 5641 itaque
1630 5573 1868 5645 incirco
1917 5572 2307 5645 decertatum,

747 5641 843 5722 vel:
865 5641 1254 5722 praecedentem
1287 5641 1855 5722 itnperatoretnﬂacta
1879 5642 2039 5722 toties
2064 5642 2116 5722 i_n
2149 5642 2311 5695 histo-

2407 4746 2464 4809 ιιι
2514 4753 2581 4792 eo
2619 4739 2877 4809 digressae
2899 4739 3260 4809 capessebant
3282 4734 3651 4809 viatu._Loc_us
3692 4736 3877 4790 forsan
3913 4741 3988 4792 ita

2413 4806 2621 4870 dictus,
2641 4804 2784 4875 quod
2816 4804 3176 4868 οδεθιεῐσαξις
3191 4806 3375 4873 δήμων
3395 4804 3720 4875 δεξομένων,
3745 4809 3987 4875 partium

2412 4876 2589 4944 populi
2612 4873 2980 4945 imperatorem
3018 4873 3772 4945 exceptat-arumintroductio.
3809 4874 3989 4932 Com.

2482 4947 2560 5015 (9)
2595 4944 3043 5002 Addestructam
3089 4944 3575 5015 compensandam.
3616 4944 3841 5014 Πετρίον
3886 4963 3992 5002 sa:-

2412 5012 2626 5086 piu'siin
2660 5018 2761 5069 hoc
2791 5031 2956 5085 opere
2996 5012 3366 5086 nuncupatur.
3403 5012 3577 5086 (ξοδδ.

2486 5085 2598 5155 (10)
2634 5081 2943 5155 Στρατηγδς
2974 5084 3107 5155 τῶν-
3125 5081 3509 5155 Ἀνατολικῶν,
3531 5096 3718 5136 eomes
3736 5081 3990 5140 Orientis

2411 5152 2516 5217 est,
2555 5155 2623 5209 de
2678 5152 2789 5222 quo
2820 5152 3031 5209 Nomia
3081 5152 3325 5217 Imperii.
3364 5153 3677 5222 Στρατηγὺς
3726 5157 3826 5222 τῆς
3868 5155 3992 5207 Ὶςλ-

2412 5226 2569 5286 λάδος
2600 5219 2896 5291 proconsul
2931 5224 3152 5277 Achaia:
3194 5230 3280 5276 est
3333 5219 3451 5293 sive
3499 5219 3739 5293 (ἱκεσίαις,
3782 5219 3989 5293 Illyrici

2412 5288 2673 5365 prefecto
2696 5294 2971 5365 quondam
3004 5293 3308 5365 subjectus.
3345 5288 3559 5343 Notilta
3584 5290 3824 5360 Imperii,
3848 5288 3908 5348 et
3934 5297 3990 5348 in

2416 5361 2536 5421 eam
2563 5361 2903 5417 Paucirollus
2928 5377 2979 5416 c.
3014 5363 3140 5416 105.
3174 5361 3351 5415 ϐοιιι.

2492 5434 2603 5499 (ll)
2626 5434 2877 5487 Meminit
2916 5425 3162 5485 Zonaras
3191 5432 3245 5483 in
3279 5430 3476 5497 Philip.
3508 5428 3642 5484 Χιι..

2493 5503 2605 5571 (I2)
2638 5500 2755 5556 Non
2787 5503 2943 5557 video
2963 5517 3126 5571 quam
3174 5500 3281 5571 huc
3318 5500 3611 5571 commodi
3628 5500 3831 5571 fuerint
3854 5516 3989 5555 cur-

2422 5568 2538 5629 rus.
2572 5571 2736 5626 Forte
2765 5568 2993 5642 ἆρμων,
3024 5580 3084 5624 ιιι
3120 5570 3305 5642 multa
3324 5569 3535 5642 Latine.
3582 5568 3689 5624 Sed
3738 5580 3791 5623 et
3846 5573 3991 5625 infra

2418 5645 2472 5698 itt
2511 5639 2870 5696 Monomacht)
2909 5644 2962 5713 in
2990 5640 3221 5713 tiatalini
3280 5639 3582 5692 Patzinaca
3615 5643 3863 5713 historia
3890 5642 3997 5713 ᾰρ..

749 5709 879 5768 ricis
928 5715 1220 5767 decantata
1269 5709 1583 5781 προελεύσει
1636 5709 1754 5766 sitve
1799 5711 2030 5780 προόδῳ,
2082 5712 2184 5781 hoc
2227 5720 2305 5764 est

2424 5726 2722 5781 paradpro
2786 5711 2954 5768 armis
2987 5710 3193 5767 diserte
3222 5722 3526 5779 ponuntur,
3582 5723 3758 5779 neque
3810 5709 3868 5767 id
3903 5709 3995 5768 se-

751 5799 875 5838 cum
898 5786 1124 5842 solemni
1157 5779 1349 5855 pompa
1384 5785 1666 5853 processu)
1711 5779 2051 5837 comitatura:
2078 5780 2131 5834 in
2155 5779 2311 5834 Saxi-

2424 5779 2552 5837 incl.
2585 5779 2720 5836 XvL.
