4226 6444
259 441 369 503 853

1361 441 1897 507 ΙΙΙδΤΟιὶΙᾹΒυΜ
1927 448 2468 507 ’(ΣΟΜΡΕΝΟΙΠΜ.

3423 444 3527 505 854

259 567 452 604 τευσεν
516 551 684 621 Ἀζὰρ
739 552 836 623 τὴν
877 545 1142 608 ’Κιλικίαν
1199 558 1336 625 μετὰ
1391 559 1647 628 χιλιάδων
1686 561 1838 626 δέκα,

1955 564 2120 616 stium
2166 575 2371 632 partem
2417 562 2599 628 caedit,
2650 562 2892 632 reliquus
2945 564 3156 618 vinctos
3212 560 3528 638 imperatori

265 641 360 693 καὶ
385 640 695 711 περιτυχὼν
723 642 907 706 αὐτοῖς
951 644 1272 715 Ἡράκλειος
1301 649 1327 702 ὁ
1361 650 1590 719 ἀδελφὸς
1619 645 1720 704 τοῦ
1748 653 1842 722 βα-

260 733 457 794 σιλέως
489 735 618 797 τοὺς
646 734 896 800 πλείονας
929 738 1242 807 ἀπέκτεινε,
1273 743 1399 805 τοὺς
1427 743 1483 796 δὲ
1518 743 1741 808 λοιποὺς
1760 745 1846 797 δε-

262 825 458 894 σμίους
488 824 568 895 τῷ
593 823 804 895 βασιλεῖ
832 826 1208 892 ἐξαπέστειλε.

335 913 428 984 Τῷ
465 920 518 978 ς’
553 915 662 968 ἔτει
689 915 908 980 Ἀζιδας
929 920 957 970 ὁ
979 918 1072 971 τοῦ
1106 920 1328 972 Χουνέῖῗ
1361 921 1726 989 ἐπεστράτευε
1751 923 1853 992 τὴν

265 1005 556 1071 Κιλικίαν,
599 1009 693 1061 καὶ
731 1009 1108 1080 πολιορκήσας
1146 1011 1206 1064 τὸ
1232 1012 1412 1066 Σίσιον
1453 1014 1690 1085 ι..ἱστρον
1716 1033 1850 1069 κατ-

263 1097 494 1150 έϐαλενο
535 1101 595 1152 ὃν
638 1101 946 1170 ἐπιφθὰσας
981 1105 1008 1156 ὁ
1056 1104 1150 1156 τοῦ
1185 1105 1447 1175 βασιλέως
1482 1107 1710 1175 ἁδελρὸς
1750 1111 1844 1161 καὶ

264 1192 588 1260 πολεμήσας
627 1193 828 1248 κτείνει
874 1194 1084 1248 δώδεκα
1127 1195 1374 1266 χιλιάδας
1425 1198 1695 1270 Ἀράϐων.
1744 1200 1850 1252 Τοῦ

276 1282 659 1336 Ἰουστινιανοῦ
699 1286 755 1339 δὲ
783 1287 843 1340 ὲν
868 1287 1118 1359 Χερσῶνι
1152 1289 1433 1358 διάγοντος
1465 1293 1561 1344 καὶ
1598 1292 1850 1361 λέγοντος

265 1374 430 1426 ’πάλιν
451 1373 537 1445 [Ρ.
559 1375 687 1447 MS]
717 1377 911 1430 ἑαυτὸν
937 1379 1264 1449 βασιλεύειν,
1287 1382 1336 1434 οἱ
1361 1381 1468 1435 τῶν
1497 1384 1674 1436 ἐκεῖσε
1697 1385 1850 1454 οἰκή-

264 1483 425 1533 τορες
458 1468 552 1520 τὸν
578 1468 644 1521 ὲκ
665 1467 760 1520 τοῦ
784 1467 1046 1538 βασιλέως
1073 1471 1319 1524 κίνδυνον
1338 1471 1667 1542 φοϐηθέντες
1699 1474 1854 1527 ἐδου-

264 1559 530 1613 λεύσαντο
558 1561 747 1614 τοῦτον
782 1562 994 1616 ἀνελεῖν
1026 1563 1059 1634 ἢ
1087 1563 1166 1633 τῷ
1208 1563 1420 1634 βασιλεῖ
1458 1566 1848 1635 παραπέμψαι.

264 1652 442 1714 Αὐτὸς
488 1653 546 1705 δὲ
586 1653 746 1706 τοῦτο
784 1654 1099 1723 διεγνωκὼς
1149 1656 1391 1724 ἠδυνήθη
1441 1658 1725 1725 ἐκφυγεῖν,
1759 1657 1854 1711 καὶ

264 1747 347 1806 εἰς
376 1746 439 1798 τὸ
465 1747 650 1818 Δαρὶις
687 1747 858 1798 ἐλθὼν
889 1749 1133 1818 ᾐτήσατο
1168 1749 1262 1801 τὸν
1287 1748 1396 1801 τῶν
1432 1750 1700 1819 Χαζάρων
1739 1750 1852 1820 (26)

264 1837 524 1904 Χαγὰνον
581 1837 730 1890 ἰδεῖν.
784 1839 895 1891 Καὶ
928 1838 987 1902 ὃς
1031 1838 1250 1902 ἐδέξατο
1293 1839 1457 1892 αὑτὸν
1490 1841 1628 1906 μετὰ
1664 1842 1852 1910 τιμῆς,

1954 656 2138 708 :nittit.

2023 920 2182 974 Anno
2213 929 2368 976 sexto
2434 920 2630 974 Azidas
2667 919 2875 975 Clnmei
2905 919 3051 974 filius
3076 919 3283 979 Ciliciae
3326 920 3526 975 bellum

1954 1013 2139 1076 infert,
2157 1022 2513 1082 castrumque
2536 1011 2736 1067 Sisium
2753 1023 3118 1084 expugnatum
3138 1013 3350 1066 evertit.
3375 1011 3533 1068 Uune

1955 1113 2243 1159 assecutus
2268 1104 2568 1167 lleraclins,
2593 1112 2644 1156 et
2673 1120 2850 1173 pugna
2867 1119 3215 1174 congressus,
3236 1103 3529 1159 duodecim

1956 1198 2122 1250 millia
2141 1199 2378 1252 Arabum
2400 1199 2617 1253 occidit.
2645 1197 2860 1251 Interim
2886 1196 3228 1253 Justinia—nns
3245 1196 3532 1252 Chersone

1953 1289 2155 1357 degens
2181 1304 2304 1344 cum
2329 1305 2389 1346 se
2423 1291 2711 1360 imperium
2738 1298 3089 1361 recepturum
3121 1290 3350 1354 diceret,
3377 1289 3534 1359 oppi—

1955 1384 2079 1435 dani
2123 1383 2226 1436 sibi
2259 1383 2326 1436 ab
2371 1383 2702 1450 imperatore
2741 1399 2805 1437 eo
2837 1383 3057 1436 nomine
3096 1391 3401 1436 metuentes
3450 1380 3543 1436 vel.

1956 1471 2264 1527 interﬁcere
2296 1472 2447 1525 illiilli
2481 1471 2562 1524 vel
2603 1473 2915 1541 imperatori
2959 1472 3176 1526 mittere
3200 1479 3532 1526 statuerunt.

1955 1563 2077 1630 Quo
2107 1565 2490 1619 animadverso
2524 1562 2872 1618 Justinianus
2915 1563 3037 1630 fuga
3071 1562 3174 1618 sibi
3203 1560 3482 1617 consuluit
3517 1577 3531 1625 ;

1956 1671 2194 1724 cumque
2253 1656 2422 1710 Daras
2465 1656 2830 1725 pervenisset,
2871 1653 3113 1724 Cbagani
3163 1653 3534 1709 Cliazarorum

1959 1750 2132 1818 reguli
2183 1763 2538 1820 congressum
2589 1749 2761 1817 petiit.
2794 1749 2845 1803 Is
2879 1746 3043 1818 779
3083 1762 3210 1801 eum
3240 1747 3538 1805 honoriﬁce

1958 1841 2192 1910 errepit,
2217 1842 2340 1895 data
2367 1842 2419 1894 in
2448 1841 2858 1909 matrimonium
2881 1854 3071 1895 sorore
3096 1840 3490 1895 suaThcodora
3517 1858 3536 1909 ;

265 1929 385 1979 καὶ.
413 1927 626 1992 ἐξέδοτο
663 1929 816 2009 αὐτῷ
846 1929 928 1993 εἰς
969 1933 1204 1999 γυναῖκα
1253 1930 1535 2001 Θεοδώραν
1570 1932 1669 1999 τὴν
1699 1932 1856 1985 ἁδελ-

1962 1934 2238 2003 pauloque
2274 1942 2399 2004 post
2439 1935 2717 2004 persnasit
2744 1944 2802 1989 ut
2837 1949 2961 1988 cum
3002 1934 3292 1990 Tlteodora
3325 1933 3537 1987 Phana-

272 2022 382 2087 φῆν
441 2019 632 2074 αὑτοῦ.
668 2022 779 2074 Καὶ
829 2024 948 2092 μετ’
982 2021 1162 2091 ὀλίγον
1211 2023 1401 2093 χρόνον
1436 2025 1720 2095 προτροπῇ
1760 2023 1854 2076 τοῦ

267 2111 523 2177 Χιγάνου
584 2113 857 2182 κατῆλθεν
921 2117 1001 2178 εἰς
1061 2116 1442 2187 Φαναγουρίαν
1499 2115 1637 2188 (27),
1695 2117 1856 2170 κάκεῖ

265 2203 505 2274 διέτριϐε
544 2206 684 2274 μετὰ
709 2206 1016 2276 Θεοδώρας.
1052 2206 1240 2260 Ταῦτα
1274 2208 1512 2271 ἀκούσας
1555 2208 1854 2279 Ἀψίμαρος

269 2297 482 2364 πέμπει
516 2297 651 2368 πρὸς
683 2297 774 2351 τὸν
813 2299 1068 2367 Χαγάνον
1109 2300 1483 2370 ὑποσχόμενος
1512 2299 1662 2370 αὑτῷ
1705 2300 1856 2372 δῶρα

270 2390 466 2454 πολλὰ,
490 2392 538 2443 εἰ
560 2391 650 2444 τὸν
679 2393 1060 2446 Ἰουστινιανὸν
1085 2393 1263 2457 ζῶντα
1289 2393 1436 2463 αὑτῷ
1469 2394 1854 2464 παραπέμψει⁹

270 2484 302 2554 ἦ
339 2485 440 2537 κᾶν
470 2485 569 2556 τὴν
600 2485 846 2556 κεφαλὴν
875 2488 1064 2541 αὐτοῦ.
1091 2487 1348 2553 Εῖξαντος
1379 2487 1434 2539 δὲ
1455 2487 1550 2540 τοῦ
1574 2489 1854 2556 Χαγὰνου,

273 2578 679 2647 παραφυλακὴν
706 2578 856 2649 αὒτῴ
882 2579 1043 2646 δῆθεν
1070 2579 1284 2647 ἔπεμψε
1310 2579 1397 2633 διὰ
1419 2580 1479 2632 τὸ
1513 2579 1587 2651 μὴ
1613 2581 1717 2632 ὑπὸ
1747 2580 1858 2633 τῶν

274 2673 567 2742 ὁμοφύλων
608 2674 1087 2745 ἐπιϐουλευθῆναι,
1127 2675 1507 2746 ἐντειλάμενος
1549 2678 1657 2739 τοῖς
1692 2677 1856 2729 αὑτοῦ

274 2766 344 2815 ἶν’
387 2766 518 2817 ὅταν
565 2766 778 2836 δηλωθῇ
838 2767 1062 2830 αὐτοῖς,
1123 2767 1389 2820 ἀνέλωσιν
1460 2769 1854 2823 Ἰουστινιανόν.

277 2856 498 2909 Τούτων
553 2858 608 2910 δὲ
671 2857 739 2910 δι’
773 2859 986 2912 οίκέτου
1042 2859 1135 2912 τοῦ
1193 2860 1448 2927 Χαγὰνου
1488 2863 1553 2930 τῇ
1607 2859 1859 2931 Θεοδώρᾳ

282 2949 632 3017 μηνυθέντων
658 2953 751 3004 καὶ
775 2951 852 3021 τῷ
892 2952 1255 3022 Ἰουστινιανῷ
1287 2953 1661 3021 γνωσθέντων,
1694 2970 1860 3021 προσ-

275 3041 647 3110 καλεσάμενος
697 3044 822 3105 τοὺς
878 3043 942 3095 ἐκ
999 3043 1255 3110 Χαγάνου
1328 3043 1574 3114 φύλακας
1637 3043 1861 3107 τούτους

278 3134 592 3201 ἐᾷύνευσεν.
632 3134 852 3197 Εὐθέως
880 3134 936 3187 δὲ
967 3135 1286 3188 ἀποστέλλει
1315 3135 1597 3206 Θεοδώραν
1630 3137 1709 3198 εἰς
1738 3137 1862 3188 Χα-

279 3227 498 3295 ζαρίαν.
544 3227 676 3279 Ἀπὸ
719 3227 775 3281 δὲ
825 3228 1204 3298 Φαναγουρίας
1267 3228 1431 3291 αὐτὸς
1483 3228 1860 3297 δραπετεύσας

277 3333 356 3371 εις
391 3318 452 3370 τὸ
483 3318 703 3387 στόμιον
749 3319 1008 3389 κατῆλθε,
1059 3322 1154 3372 καὶ
1187 3320 1355 3388 πλοίῳ
1412 3320 1608 3383 ἐπιϐὰς
1640 3321 1859 3390 ἔρχεται

281 3408 445 3477 μέχρι
475 3410 777 3479 Συμϐόλου,
811 3411 1039 3478 πλησίον
1072 3413 1379 3480 Χερσῶνος,
1409 3414 1503 3464 καὶ
1535 3414 1859 3478 ἀποστείλας

279 3505 336 3551 ἐν
373 3501 517 3570 αὖτῷ
559 3504 819 3569 κρυπτῶς
858 3502 1304 3571 ἀναλαμϐάνεται
1335 3504 1740 3573 Βασϐακούριον
1768 3507 1862 3557 ml.

280 3596 371 3646 τὸν
402 3594 632 3661 ἀδελφὸν
654 3595 820 3646 αὐτοῦ
855 3595 1062 3647 καὶτὸν
1096 3595 1366 3661 Στέφανον
1395 3596 1487 3646 καὶ
1521 3596 1612 3646 τὸν
1639 3596 1861 3664 Μητρό-

281 3689 487 3742 παυλον
507 3705 521 3720 ο
554 3689 648 3740 καὶ
672 3689 768 3740 σὺν
794 3687 978 3748 αὐτοῖς
1004 3687 1357 3750 ἀποπλεύσας
1387 3687 1538 3756 διέϐη
1570 3687 1662 3739 τὸν
1689 3687 1861 3756 φάρον

280 3780 570 3852 Χερσῶνος
595 3781 690 3832 καὶ
708 3779 775 3831 τὰ
804 3778 1128 3847 Νεκρόπυλα
1145 3779 1205 3831 τὸ
1236 3778 1460 3846 στόμιόν
1483 3795 1540 3830 τε
1564 3777 1658 3830 τοῦ
1683 3779 1855 3830 Δάνα-

287 3890 382 3942 πρι
408 3872 501 3924 καὶ
534 3870 626 3924 τοῦ
657 3870 947 3939 Δάναστρι.
985 3871 1095 3923 Καὶ
1135 3869 1402 3931 κλύδωνος
1440 3869 1728 3935 γεγονότος
1757 3871 1863 3920 ἀπ-

278 3965 527 4030 έγνωσαν
551 3960 752 4021 πάντες
773 3960 868 4028 τὴν
887 3960 1095 4012 ἑαυτῶν
1117 3961 1414 4030 σωτηρίαν.
1437 3960 1669 4028 Μυὰκης
1686 3960 1779 4011 δὲὸ
1796 3961 1864 4012 οἱ·

283 4055 506 4115 κειακὸς
534 4052 698 4106 αὐτοῦ
723 4053 1006 4122 ἄνθρωπος
1036 4054 1139 4123 ἔφη
1167 4052 1346 4120 αὐτῷ’
1376 4052 1506 4104 Ἰδοὺ
1525 4050 1867 4120 ἀποθνῄσκοι-

286 4166 407 4217 μεν,
437 4147 694 4200 δέσποτα.
715 4145 884 4208 Τάξαι
909 4144 986 4213 τῷ
1013 4145 1132 4214 Θεῷ
1157 4145 1287 4214 περὶ
1312 4147 1411 4212 τῆς
1445 4147 1716 4212 σωτηρίας
1748 4159 1864 4208 σου,

283 4244 395 4304 ῖια,
422 4242 518 4293 ἐὰν
541 4239 709 4301 665?),-
731 4237 1001 4290 ἀποδώσει
1027 4254 1108 4290 σοι
1130 4237 1230 4306 τὴν
1257 4236 1534 4304 βασιλείαν
1559 4253 1672 4297 σου,
1703 4237 1869 4303 μηδὲν

283 4332 468 4401 ἀμύνῃ
492 4329 570 4400 τῷ
595 4328 774 4399 ἐχθρῷ
812 4345 924 4383 σου.
980 4328 1038 4381 Ὀ
1077 4327 1134 4379 δὲ
1172 4328 1494 4396 ἀποκριθεὶς
1537 4328 1685 4396 αὐτῷ
1720 4328 1869 4395 λέγει

285 4429 343 4478 ὲν
375 4425 554 4494 θυμῷ·
589 4424 716 4476 Ἐὰν
741 4420 1016 4490 φείσωμαί
1045 4439 1190 4483 τινος
1226 4420 1285 4484 ἐξ
1319 4422 1519 4485 αὐτῶν,
1557 4424 1585 4475 ὁ
1613 4423 1744 4485 Θεὸς
1782 4424 1869 4477 ὲν.

282 4519 461 4572 ταῦθὰ
507 4535 573 4588 με
626 4515 1020 4585 καταποντίσῃ.
1073 4515 1184 4567 Καὶ
1214 4514 1473 4567 εἰσελθὼν
1522 4516 1601 4576 είς
1633 4515 1724 4566 τὸν
1763 4513 1868 4566 Δά-

1957 2041 2190 2095 goraeam
2212 2041 2271 2082 se
2301 2026 2579 2081 conferret
2607 2026 2790 2096 ibique
2823 2026 3064 2097 degeret.
3092 2026 3248 2092 Quod
3278 2025 3538 2096 Apsima-

1959 2134 2053 2172 rus
2096 2129 2154 2172 ut
2193 2119 2473 2189 cognovit,
2521 2118 2686 2172 mittit
2720 2119 2786 2171 ad
2818 2116 3136 2188 Cbaganum
3184 2117 3275 2190 qui
3325 2119 3538 2188 magnis

1959 2209 2453 2278 pollicitationibus
2493 2211 2541 2264 ei
2581 2210 2979 2279 persuaderent
3012 2219 3069 2262 ut
3100 2211 3184 2264 vel
3217 2211 3398 2264 vivum
3439 2207 3538 2263 Ju-

1959 2304 2257 2357 stiniannm
2308 2303 2390 2358 vel
2429 2313 2592 2372 caput
2648 2304 2776 2358 caesi
2837 2303 2941 2358 sibi
2999 2305 3256 2358 mitteret.
3285 2303 3538 2359 Assensit

1959 2391 2274 2462 Chagnnus,
2308 2395 2568 2464 misitque
2612 2397 2893 2459 custodes,
2925 2395 3002 2449 uti
3031 2395 3344 2462 simulabat,
3368 2395 3539 2451 Justi-

1963 2486 2145 2549 niano,
2177 2486 2268 2554 qui
2311 2501 2432 2540 eum
2469 2501 2497 2539 a
2538 2487 2896 2556 popularibus
2943 2489 3061 2542 suis
3108 2497 3282 2543 tutum
3312 2499 3539 2560 praesta-

1964 2589 2109 2633 rent.
2154 2577 2507 2633 Mandaverat
2553 2589 2732 2633 autem
2787 2579 2854 2635 iis
2895 2591 2954 2635 ut
2987 2579 3383 2643 Iustinianum,
3428 2596 3539 2649 quo

1965 2683 2206 2742 tempore
2235 2673 2284 2726 id
2306 2672 2542 2742 juberet,
2577 2673 2965 2729 interﬁcerent.
3001 2672 3124 2730 Haec
3147 2689 3272 2730 eum
3302 2673 3545 2730 {animus

1962 2763 2202 2833 Cliagani
2252 2764 2554 2818 Tlieodorte
2603 2766 2930 2834 aperuisset,
2977 2765 3321 2823 Justinianus
3360 2770 3429 2822 ab
3473 2783 3536 2821 ea

1963 2855 2168 2909 certior
2212 2853 2394 2909 factus
2449 2856 2710 2911 custodes
2768 2871 2798 2911 a
2839 2857 3099 2927 (Ibagano
3149 2858 3350 2914 missos
3371 2856 3439 2912 ad
3478 2874 3537 2912 se

1965 2957 2122 3000 vocat
2179 2957 2342 3017 atque
2401 2949 2696 3012 interlieit,
2747 2952 3040 3018 statimque
3089 2949 3430 3006 Theodoram
3481 2951 3536 3005 in

1962 3040 2280 3096 Cbazariam
2306 3042 2557 3096 remittit.
2581 3042 2700 3111 Ipse
2726 3042 3085 3112 Pltanagoraea
3119 3043 3435 3112 profugiens
3467 3043 3535 3096 ad

1965 3132 2171 3194 fauces,
2192 3143 2354 3199 atque
2387 3132 2512 3184 inde
2547 3146 2849 3185 conscenso
2868 3131 3083 3202 navigio
3116 3131 3191 3186 ad
3217 3130 3534 3202 Symbolum

1965 3225 2117 3288 venit
2149 3238 2318 3292 prope
2345 3223 2702 3278 Chersoncm.
2743 3225 2920 3293 Atque
2953 3238 3016 3277 eo
3048 3223 3186 3278 clam
3218 3223 3402 3278 missis
3437 3222 3539 3276 mi-

1967 3318 2151 3370 nistris
2181 3316 2571 3370 Basbacurium
2599 3327 2651 3371 et
2685 3317 2902 3371 fratrem
2945 3315 3065 3384 ejus
3095 3314 3540 3384 Stephanumque

1963 3417 2017 3463 et
2053 3408 2445 3476 Metropaulum
2476 3410 2540 3460 ad
2566 3423 2622 3462 se
2649 3409 2915 3462 evocavit.
2938 3407 3072 3460 Cum
3103 3407 3185 3462 bis
3204 3407 3539 3477 abnavigans

1965 3501 2240 3568 speculam
2275 3499 2737 3562 Cbersonensem,
2772 3499 3071 3568 Neeropyla
3107 3508 3161 3553 et
3194 3500 3332 3553 ostia
3367 3498 3546 3553 Dana-

1966 3595 2143 3663 prium
2181 3601 2347 3661 atque
2378 3593 2724 3646 Danastrium
2751 3592 2942 3646 evasit.
2967 3592 3097 3647 Orta
3129 3601 3309 3646 autem
3333 3598 3542 3661 tempo-

1966 3694 2126 3747 state,
2194 3699 2319 3739 cum
2385 3684 2452 3739 de
2517 3684 2694 3740 salute
2737 3698 2833 3738 sua
2891 3698 3082 3738 omnes
3135 3683 3542 3752 desperassent,

1967 3778 2180 3848 Myaces
2235 3775 2630 3841 Iustinianum,
2686 3776 2846 3845 eujus
2888 3783 3007 3831 erat
3056 3777 3413 3841 domesticus,
3473 3775 3546 3830 ita

1966 3869 2279 3938 compellat:
2305 3869 2519 3932 Cernis,
2559 3868 2798 3930 domine,
2829 3878 3057 3924 mortem
3090 3869 3250 3923 nobis
3271 3869 3550 3938 impende-

1968 3978 2042 4016 re.
2075 3962 2222 4016 V'ove
2256 3962 2438 4030 itaque
2464 3961 2573 4015 Deo
2607 3969 2677 4025 te,
2706 3961 2751 4015 si
2787 3962 2931 4016 Deus
2967 3962 3062 4015 tibi
3096 3963 3347 4016 restituat
3380 3962 3550 4030 impc-

1971 4056 2131 4115 rium,
2188 4054 2396 4108 inimici
2455 4053 2688 4122 injurias
2753 4068 2863 4107 non
2924 4054 3189 4107 ulturum.
3248 4052 3552 4115 Respondit

1969 4147 2322 4203 Justinianus
2345 4147 2485 4202 irato
2517 4148 2702 4202 animo
2737 4166 2751 4201 :
2791 4146 2889 4202 llic
2919 4164 3004 4203 me
3037 4147 3181 4201 Deus
3215 4147 3552 4216 submergat,

1973 4244 2016 4296 si
2051 4243 2144 4296 ulli
2182 4242 2525 4296 inimicorum
2554 4255 2818 4308 parsurus
2834 4255 2974 4295 sum.
3011 4238 3243 4294 Proinde
3272 4239 3554 4309 ingressus

1975 4339 2306 4401 Danubium,
2340 4336 2618 4404 Stephano
2636 4336 2704 4390 ad
2727 4334 2982 4390 Terbelin
3013 4334 3366 4406 Bulgarorum
3391 4333 3557 4403 780

1976 4431 2279 4501 principem
2319 4427 2490 4482 misso
2514 4428 2779 4480 auxilium
2817 4426 2884 4479 ab
2916 4440 2981 4478 eo
3007 4425 3072 4479 ad
3113 4425 3553 4493 recuperandum

1977 4521 2180 4573 avitum
2203 4518 2494 4587 imperium
2527 4517 2754 4588 ﬂagitat,
2783 4531 2960 4586 eoque
2993 4516 3213 4570 nomine
3237 4531 3360 4570 eum
3387 4516 3553 4568 multa

283 4613 466 4667 νουὸιν
494 4612 737 4680 ποταμὸν
773 4608 1092 4662 ἀποστέλλει
1131 4609 1403 4676 Στέφανον
1437 4609 1573 4677 πρὸς
1608 4608 1862 4678 Τέρόελιν

1975 4611 2140 4673 dona,
2190 4620 2301 4664 tum
2346 4610 2510 4663 tiliam
2562 4623 2718 4663 suam
2761 4623 2819 4663 se
2857 4609 2904 4661 ei
2945 4617 3171 4675 nuptum
3224 4607 3552 4661 traditurum

281 4707 376 4759 τὸν
410 4706 646 4776 ἄρχοντα
683 4703 1014 4772 Βουλγαρίας
1047 4703 1137 4753 ἐπὶ
1163 4701 1243 4770 τῷ
1265 4700 1452 4753 δοῦναι
1480 4699 1629 4768 αὐτῷ
1664 4700 1867 4770 σύναρ-

287 4815 397 4863 σιν,
430 4799 576 4858 ὅπως
603 4796 855 4865 κρατήσῃ
885 4795 981 4861 τῆς
1010 4796 1344 4863 προγονικῆς
1377 4792 1543 4844 αὐτοῦ
1570 4791 1868 4862 βασιλείας,

289 4887 664 4959 ὑποσχόμενος
695 4885 845 4954 δῶρα
885 4883 1058 4935 πολλὰ
1093 4885 1185 4935 καὶ
1231 4883 1329 4952 τὴν
1361 4881 1555 4934 ἑαυτοῦ
1595 4881 1872 4950 θυγατέρα

286 4984 370 5045 εἰς
394 4983 650 5049 γυναῖκα.
684 4976 862 5031 Αὐτοῦ
881 4975 936 5029 δὲ
959 4977 1139 5028 πάντα
1167 4977 1341 5026 ποιεῖν
1375 4974 1492 5044 μεθ’
1527 4976 1706 5045 ὅρκων
1733 4977 1872 5028 ὑπο-

289 5074 582 5145 σχομένου,
618 5071 867 5137 συγκινεῖ
899 5067 1079 5120 πάντα
1125 5066 1216 5120 τὸν
1242 5067 1374 5119 λαὸν
1405 5068 1515 5118 τῶν
1548 5066 1876 5138 Βουλγὰρων

288 5169 387 5220 καὶ
431 5163 709 5227 Σθλάϐων,
739 5162 833 5214 καὶ
862 5158 1212 5220 ὁπλισθέντες
1252 5159 1344 5210 ἐπὶ
1371 5158 1471 5228 τὴν
1506 5157 1754 5228 βασιλίδα
1785 5158 1878 5230 ἔρ-

289 5273 479 5328 χονται
529 5255 644 5324 ἅμα
691 5252 771 5324 τῷ
819 5250 1205 5320 Ἰουστινιανῷ.
1258 5250 1645 5319 Ἦπλήθκευσαν
1688 5252 1743 5304 δὲ
1798 5253 1879 5314 εἰς

291 5351 393 5417 τὴν
424 5348 670 5418 Χαρσίου
716 5345 921 5415 πόρταν
969 5344 1063 5396 καὶ
1110 5343 1215 5406 ἕως
1244 5341 1352 5394 τῶν
1388 5342 1727 5413 Βλαχερνῶν.
1763 5345 1877 5396 Καὶ

294 5443 390 5500 ἐπὶ
443 5439 624 5509 τρισὶν
679 5437 918 5509 ἡμέραις
979 5435 1299 5506 προσλαλῶν
1337 5437 1450 5499 τοῖς
1507 5438 1565 5488 ἐν
1596 5439 1663 5507 τῇ
1724 5437 1880 5490 πόλει

1973 4705 2280 4774 pollicetur.
2337 4701 2588 4756 Terbelis
2652 4701 2836 4754 omnia
2893 4715 2951 4754 se
3005 4699 3276 4754 facturum
3327 4696 3553 4766 iuravit,

1973 4811 2300 4864 omnemque
2341 4793 2694 4864 Bulgarorum
2739 4802 2794 4847 et
2829 4791 3116 4846 Slavorum
3151 4789 3552 4846 multitudinem

1975 4889 2225 4942 armavit.
2257 4887 2391 4942 Cum
2421 4887 2506 4941 his
2547 4884 2899 4941 Justinianus
2936 4885 3002 4939 ad
3038 4884 3231 4954 Cpolin
3281 4883 3448 4944 venit,
3491 4896 3555 4936 ac

1974 4990 2156 5035 castra
2184 4996 2212 5034 a
2244 4979 2454 5033 Cbarsii
2485 4987 2643 5049 porta
2675 4979 2739 5032 ad
2781 4977 3113 5032 Blachernas
3146 4991 3321 5045 usque
3348 4976 3551 5044 posuit.

1977 5072 2244 5128 Triduum
2268 5087 2392 5125 cum
2415 5071 2705 5142 oppidanis
2736 5069 2928 5125 habito
2952 5067 3249 5137 colloquio,
3285 5082 3408 5122 cum
3439 5079 3553 5119 ma-

1973 5164 2056 5234 gis
2081 5164 2366 5233 magisque
2399 5162 2753 5218 contumeliis
2787 5159 3119 5223 alliceretur,
3158 5158 3348 5227 paucis
3378 5157 3552 5224 stipa~

1977 5264 2066 5308 tus
2119 5252 2408 5318 Romanis,
2451 5268 2545 5322 per
2587 5251 2969 5321 aquaeductum
3009 5250 3063 5303 in
3115 5249 3301 5303 urbem
3360 5245 3550 5310 evasit,

1975 5359 2149 5413 eoque
2176 5343 2423 5410 perfosso
2453 5357 2575 5395 mox
2612 5344 2663 5395 in
2699 5343 2902 5411 palatio
2932 5338 3320 5392 Blaehernensi
3376 5346 3554 5392 tento-

1979 5435 2120 5489 rium
2171 5435 2372 5505 posuit.
2426 5434 2500 5488 Eo
2529 5433 2767 5503 cognito.
2807 5433 3133 5494 Apsimarus
3180 5444 3305 5484 cum
3358 5439 3553 5496 magna

1494 5575 1851 5631 XYLANDRI
1886 5574 1972 5628 ET
2002 5573 2217 5630 GOARI
2248 5576 2481 5631 NOT/E.

369 5698 484 5766 (26)
518 5697 750 5752 Cltazari
829 5695 1014 5764 populi
1077 5704 1206 5748 sunt
1256 5694 1406 5763 juxta
1471 5691 1778 5745 Danubium
1824 5702 1876 5766 et

298 5765 644 5831 Patzinacas,
702 5781 935 5835 quomm
990 5767 1246 5833 princeps
1295 5767 1562 5835 claagamts
1625 5771 1678 5815 et
1746 5765 1870 5835 pet-lt

301 5840 629 5908 appellatur.
649 5834 1049 5892 Constantinus
1083 5835 1159 5908 De
1185 5835 1386 5908 «dmin.
1412 5834 1537 5908 imp.
1561 5851 1608 5908 t-_.
1647 5850 1774 5886 χιιι.
1811 5834 1868 5885 Ὀ

305 5903 414 5978 id}:
449 5909 698 5975 Χαγὰνος
729 5908 934 5968 ἐκεῖντς
972 5908 1065 5960 καὶ
1106 5904 1209 5972 trix
1238 5905 1542 5972 Χαξαρὶας.
1570 5903 1740 5957 Cum.

2057 5695 2169 5761 (27)
2209 5695 2515 5764 Φαγουρίαν
2547 5693 2692 5766 male
2725 5690 3027 5766 legebatur,
3067 5697 3122 5742 et
3156 5688 3371 5766 melior.
3393 5687 3551 5741 lectio

1980 5756 2513 5888 suprasgipta'est.
2547 5763 2690 5818 Urbs
2717 5756 2801 5816 esi
2845 5761 2912 5815 ad
2964 5759 3264 5829 Bosporum
3312 5756 3548 5812 Cimme—

1979 5852 2060 5890 ΙῚιΙ
2071 5853 2118 5888 Ill
2129 5873 2141 5888 ο
2231 5851 2280 5890 Π.
2294 5877 2307 5890 .
