4226 6444
161 451 265 517 857

1249 456 1298 514 Il
1314 456 1533 515 lSTOR
1549 457 1616 513 [Α
1629 457 1792 516 RUM
1829 459 1980 520 COM
1991 463 2210 524 PENDI
2226 468 2360 538 ΗΜ.

3321 472 3427 534 853

161 572 256 623 καὶ
286 571 446 639 φόνον
477 571 766 640 ἐποίησαν.
817 570 875 623 Ὀ
904 570 962 623 δὲ
1003 571 1379 633 Ἰουστινιανδς
1412 573 1508 623 σὺν
1535 571 1742 638 ὀλίγοις

1859 577 2028 643 ριῑγος
2060 581 2434 636 abduxerunt.
2492 581 2841 636 Justinianus
2885 600 3007 636 cum
3067 583 3256 652 paucis
3307 587 3429 651 qui-

159 665 300 716 τισ¹ιν
334 665 390 716 ὲν
419 664 494 734 τῷ
535 665 759 734 κάστρῳ
793 661 1142 731 καταφυγὼν
1172 663 1262 715 ἐπὶ
1297 662 1478 731 τρισὶν
1507 665 1744 733 ἡμέραις

160 752 452 804 ἀπέκλεισε
481 752 580 814 τάς
627 752 817 822 θύρας.
850 753 1195 822 Θεασάμενος
1227 753 1282 805 δὲ
1319 754 1415 819 τὴν
1441 753 1550 805 τῶν
1575 753 1743 804 Βουλ-

158 849 344 916 γαρων
379 847 676 914 ἐπιμονὴν,
710 846 833 906 τοὺς
867 847 1066 909 ἵππους
1103 846 1267 898 αὐτοῦ
1307 846 1742 914 νευροκοπήσας,

157 938 244 990 διὰ
279 939 379 1004 τῆς
421 937 614 1000 νυκτὸς
647 941 756 999 τοῖς
787 938 995 1001 πλοίοις
1031 937 1228 999 ἐπιϐὰς
1258 937 1532 1005 λαθραίως
1577 937 1745 1005 ἔφυγε

143 1033 253 1088 imi.
284 1032 405 1099 μετ’
433 1031 701 1100 αἰσχύνης
733 1031 804 1082 ἐν,
825 1033 895 1101 τῇ
937 1031 1092 1082 πόλει
1137 1030 1495 1101 παρεγένετο.
1524 1031 1744 1084 Ἰουστι-

154 1125 341 1186 νιανδς
369 1125 425 1175 δὲ
461 1124 818 1192 ἐπιμνησθεὶς
847 1123 943 1192 τὴν
973 1124 1096 1176 κατ’
1125 1121 1291 1174 αὑτοῦ
1324 1123 1431 1172 τῶν
1465 1123 1738 1190 Χερσωνι-

153 1215 262 1267 τῶν
311 1216 406 1268 καὶ
438 1213 823 1283 ῐςοσποριανῶν
851 1213 944 1265 καί
975 1212 1177 1264 λοιπῶν
1211 1209 1527 1278 ἐπιϐουλὴν,
1566 1212 1744 1261 πᾶσαν

153 1307 288 1360 ναῦν
324 1308 433 1361 ἀπὸ
462 1307 658 1376 μικροῦ
685 1305 789 1368 ’έως
817 1305 1061 1374 μεγάλης
1089 1303 1398 1366 ἀπέστειλε,
1433 1303 1743 1372 προσταξας

158 1404 368 1463 πάντας
405 1403 532 1462 τοὺς
563 1400 851 1461 οἰκοῦντας
879 1399 937 1450 ὲν
979 1398 1211 1458 ἐκείνοις
1238 1398 1351 1458 τοῖς
1385 1397 1569 1456 τόποις
1603 1395 1745 1463 ξίφει

152 1495 475 1565 ὀλοθρεῦσαι
507 1494 594 1565 [Ρ.
632 1490 769 1564 447]
807 1493 902 1544 καὶ
940 1490 1144 1560 μηδένα
1192 1489 1536 1555 ζωογονῐσαι.
1589 1491 1650 1541 ΟΞ
1689 1491 1745 1543 δὲ

156 1588 503 1657 πξμνροέντες
533 1586 954 1647 καταλαϐόντες,
985 1583 1081 1637 καὶ
1107 1582 1335 1652 μηδενὸς
1365 1581 1548 1643 αὐτοῖς
1593 1585 1745 1635 ἀντι-

156 1682 406 1740 στάντος,
445 1681 655 1739 πάντας
685 1678 763 1748 τῷ
796 1677 938 1746 ξίφει
974 1677 1210 1738 ἀνεῖλον,
1252 1674 1359 1728 τῶν
1404 1674 1614 1744 μικρῶν
1647 1691 1744 1743 νη-

157 1773 299 1823 πίων
331 1772 490 1838 μόνον
525 1771 847 1838 φεισάμενοι
889 1769 963 1832 ὡς
996 1769 1132 1840 προς
1170 1768 1416 1820 δουλείαν
1451 1784 1746 1836 περιποιη-

1853 671 2081 724 busdain
2119 674 2171 725 in
2205 683 2450 728 castrum
2474 677 2670 738 evasit,
2709 677 2892 746 ibique
2924 678 3165 730 triduum
3194 678 3428 746 objectis

1850 766 2022 832 portis
2051 781 2109 818 se
2143 767 2436 820 continuit.
2475 766 2577 821 Sed
2609 768 2875 838 Bulgaros
2939 769 3220 822 obsidendi
3257 785 3427 822 causa

1851 875 2201 927 perseverare
2233 860 2395 947 782
2429 863 2641 926 videns,
2691 877 2958 930 equorum
2991 878 3216 916 suorum
3247 862 3428 914 nervis

1850 952 2244 1010 incisis,noctu
2275 954 2488 1022 navigia
2519 956 2864 1018 conscendit,
2887 953 3188 1020 furtimque
3208 953 3429 1020 elapsus

1848 1057 1969 1092 cum
2004 1040 2271 1094 dedecore
2309 1040 2529 1094 donuun
2566 1042 2750 1096 rediit.
2785 1042 3101 1095 Secundum
3140 1042 3252 1093 bmc
3321 1056 3432 1093 me-

1838 1133 2022 1182 moria
2097 1132 2350 1186 recolens
2416 1133 2645 1185 insidias
2715 1132 2819 1184 sibi
2877 1147 2905 1185 a
2951 1131 3431 1186 Cliersonensibus

1850 1219 2184 1288 Bosporanis
2216 1222 2455 1289 aliisque
2488 1233 2733 1291 paratas,
2771 1222 3063 1276 adversum
3122 1238 3218 1277 eos
3268 1237 3434 1274 naves

1849 1328 1976 1363 snas
2009 1329 2034 1364 a
2071 1315 2295 1366 minima
2327 1315 2392 1367 ad
2427 1315 2718 1367 maximam
2744 1329 2937 1367 omnes
2974 1313 3146 1378 misit,
3176 1314 3433 1365 mandato

1850 1417 1904 1456 ιιι
1937 1407 2252 1472 quicunque
2285 1422 2345 1460 ea
2397 1407 2516 1460 loca
2541 1406 2875 1469 babitarcnt,
2938 1407 3181 1460 universi
3250 1407 3434 1475 gladio

1849 1497 2285 1560 trucidarentur,
2323 1513 2504 1568 neque
2542 1501 2664 1552 vitae
2717 1501 3042 1568 cujusquam
3094 1507 3432 1568 parceretur.

1848 1589 1998 1642 Missi
2033 1604 2098 1642 eo
2125 1590 2228 1643 boc
2267 1592 2638 1659 perfecerunt,
2675 1593 2893 1647 nemine
2925 1591 3058 1660 ipsis
3094 1592 3429 1645 resistente:

1851 1685 2027 1737 solum
2093 1684 2383 1739 infantium
2449 1687 2597 1740 caede
2668 1679 3072 1750 abstinuerunt,
3139 1688 3338 1755 quippe
3380 1685 3432 1737 in

1851 1779 2170 1832 servitutem
2204 1779 2600 1848 mancipandis.
2627 1777 2910 1848 Principes
2927 1779 3422 1842 Chersonensium,

155 1859 383 1919 (ἱέντων.
441 1867 548 1918 Καὶ
589 1867 712 1926 τοὺς
757 1865 857 1931 μὲν
907 1865 1292 1934 πρωτεύοντας
1332 1865 1620 1933 Χερσῶνος
1658 1863 1745 1933 μβ⁹

1859 1871 2022 1933 viros,
2067 1887 2302 1925 numero
2331 1872 2421 1928 42,
2448 1871 2632 1924 addita
2661 1872 2911 1925 custodia
2936 1870 3006 1923 ad
3042 1870 3428 1940 imperatorem

153 1959 316 2020 ὄντας
352 1956 664 2024 φαμιλικῶς
698 1956 810 2026 (⁸51)
845 1958 980 2027 πρὸς
1021 1957 1112 2008 τὸν
1146 1955 1371 2026 βασιλέα
1418 1953 1737 2019 ἐξαπέστει-

154 2051 276 2110 λαν,
330 2053 550 2119 ἑτέρους
581 2053 636 2104 δὲ
675 2050 815 2103 ἐπτά
849 2049 1086 2114 ξυλίναις
1135 2050 1388 2111 σούσλαις
1424 2065 1739 2118 προσαναρ-

151 2146 218 2212 τή
229 2161 422 2204 σαντες
445 2144 538 2194 ἐπὶ
565 2145 737 2211 πυρὸς
763 2142 1044 2212 ὤπτησαν,
1069 2143 1160 2195 καὶ
1181 2141 1376 2203 ἄλλους
1399 2144 1464 2212 τῇ
1497 2142 1738 2212 Θαλάσσῃ

154 2235 554 2304 ἑναπέῥριψαν.
593 2233 794 2285 Μαθὼν
826 2232 879 2284 δὲ
911 2233 1085 2285 ταῦτα.
1137 2232 1513 2294 Ἰουστινιανὸς
1555 2233 1645 2284 ἐπὶ
1674 2235 1738 2304 τῇ

154 2327 267 2377 τῶν
326 2327 537 2395 νηπίων
594 2327 835 2396 σωτηρίᾳ
887 2327 1086 2394 ἐμάνη.
1123 2323 1228 2377 Τοῦ
1280 2324 1335 2376 δὲ
1371 2323 1556 2377 στόλου
1607 2325 1742 2394 πρὸς

153 2419 258 2486 τὴν
291 2420 444 2470 πόλιν
473 2419 832 2480 ἁναπλέοντος
851 2419 911 2470 τὸ
941 2419 1126 2471 πλοῖον
1152 2417 1544 2471 ἐκινδύνευσεν.
1593 2419 1743 2488 Ἤρι-

156 2511 456 2579 θμήθησαν
487 2512 542 2564 δὲ
573 2513 621 2562 οἱ
657 2513 1042 2576 ἀποθανόντες,
1095 2512 1192 2564 καὶ
1238 2512 1542 2582 εὑρέθησαν
1566 2512 1742 2582 χιλιά-

155 2606 245 2667 δες
278 2613 376 2670 ογ’.
413 2604 518 2656 Τοῦ
557 2605 612 2656 δὲ
657 2604 1059 2667 Ἰουστινιανοῦ,
1098 2605 1299 2673 μᾶλλον
1324 2605 1416 2657 ἐπὶ
1449 2604 1619 2674 τούτῳ
1649 2623 1746 2674 χα-

163 2699 573 2768 ροποιηῡέντος,
592 2699 753 2750 πάλιν
772 2700 957 2768 ἕτερον
975 2698 1249 2767 ἐκπέμπει
1268 2699 1470 2762 στόλον,
1486 2700 1746 2768 ἀροτριᾷν

166 2790 391 2842 ᾶπαντα
439 2790 534 2840 καὶ
601 2788 914 2854 ὲκδαφίζειν
945 2789 1076 2858 (δι’)
1118 2788 1402 2852 κελεύσας,
1462 2790 1554 2840 καὶ
1575 2806 1747 2841 κατα-

161 2879 396 2945 σφάξειν
426 2877 673 2938 ἅπαντας
717 2877 821 2938 ἕως
856 2877 1125 2947 οὑροῦντα
1159 2879 1296 2946 πρὸς
1329 2881 1528 2947 τοῖχον.
1562 2877 1749 2932 Ταῦτα

161 2970 503 3031 ἀκούσαντες
544 2970 590 3020 οἱ
621 2968 727 3020 τῶν
761 2968 1014 3039 κάστρων
1061 2969 1287 3020 ἐκείνων
1339 2962 1565 3030 sant-ob;
1619 2986 1750 3022 κατ-

160 3064 558 3135 ησφαλεσαντο,
584 3061 827 3131 καὶπρὸς
839 3059 1090 3125 Χαγάνον
1104 3079 1126 3113 ε
1137 3063 1182 3122 ἰς
1194 3061 1477 3130 Χαζαρίαν
1495 3061 1591 3112 ἕπε
1601 3061 1750 3130 μψαν

167 3157 376 3210 στεῖλαι
409 3155 537 3207 λαὸν
572 3156 650 3216 εἰς
683 3153 931 3222 φυλακὴν
981 3153 1178 3206 αὐτῶν.
1231 3154 1664 3207 Καταλαϐόντιιιν
1694 3154 1750 3206 δὲ

165 3248 274 3300 τῶν
303 3246 398 3300 τοῦ
442 3245 823 3298 Ἰουστινιανοῦ
868 3247 1064 3296 ἐκεῖνοι
1099 3243 1195 3306 τὰς
1231 3244 1328 3312 μὲν
1362 3245 1602 3309 κεφαλὰς
1639 3245 1750 3314 (59.)

164 3341 350 3396 αὐτῶν
375 3342 751 3411 κρατήσαντες
780 3339 981 3392 ἔσωθεν
1007 3338 1114 3390 τῶν
1146 3339 1396 3406 κάστρων
1424 3339 1757 3390 ἀπέκτειναν

165 3442 216 3493 οἱ
275 3441 640 3509 Χερσωνῖται,
673 3437 764 3488 τὸν
805 3435 859 3488 δὲ
888 3435 1073 3488 λοιπον
1120 3434 1246 3485 λαὸν
1283 3433 1461 3485 αὐτῶν
1505 3435 1616 3494 τοῖς
1647 3433 1759 3484 Χα-

173 3535 364 3603 ζάροις
417 3532 764 3600 παρέδωκαν.
820 3531 883 3582 Ui.
938 3530 994 3581 δὲ
1028 3531 1125 3597 τῆς
1177 3527 1464 3595 Χερσῶνος
1509 3527 1601 3578 καὶ
1649 3525 1760 3578 τῶν

168 3626 374 3678 λοιπῶν
423 3626 679 3693 κάπρων
724 3623 816 3674 τὸν
860 3619 958 3690 μὲν
1015 3619 1393 3672 Ίουστινιανὸν
1424 3617 1760 3684 ἀνέσκαψαν,

165 3719 259 3770 τὸν
291 3717 347 3768 δὲ
393 3718 571 3768 ἐκεῖσε
604 3716 880 3785 ἐξόριστον
915 3712 1198 3781 Βαρδανην
1236 3710 1327 3762 τὸν
1363 3710 1456 3761 καὶ
1500 3709 1760 3761 Φιλιππι-

167 3810 266 3860 κὸν
299 3807 526 3877 βασιλέα
554 3807 899 3876 εὐφήμησαν.
928 3803 1116 3857 Ταῦτα
1149 3801 1340 3872 μαθὼν
1382 3801 1762 3860 ’1ουστινιανὸς

167 3900 359 3966 ἕτερον
398 3899 581 3949 στόλον
620 3895 916 3949 ἀπέστειλε
981 3893 1118 3962 μετά
1165 3889 1563 3960 τειχομαχικῶν
1595 3891 1764 3958 ἐργα-

171 3991 332 4042 λείων
363 3991 456 4040 καὶ
494 3987 690 4055 κριῶν.
739 3986 849 4037 Καὶ
889 3984 962 4046 ὼς
991 3984 1117 4044 τοὺς
1156 3983 1474 4053 κρείττονας
1516 3978 1766 4049 πύργους

174 4080 470 4150 Χερεῶνος
514 4076 836 4139 κατέϐαλον,
874 4076 1240 4142 ἁναφανέντες
1285 4074 1332 4124 οἱ
1365 4072 1609 4142 Χαζαροι
1638 4071 1763 4122 τοὺ-

173 4191 303 4234 τους
351 4171 634 4224 ἐκώλυσαν
685 4168 780 4220 τοῦ
837 4169 1262 4236 ἐγχειρήματος,
1315 4165 1344 4216 ὁ
1389 4164 1672 4234 Βαρδάνης
1710 4161 1768 4215 δὲ

173 4263 433 4332 ἐκφυγὼν
488 4261 625 4328 πρὸς
672 4260 761 4311 τὸν
801 4258 1048 4325 Χαγάνον
1099 4255 1293 4324 ᾤχετο.
1341 4255 1652 4324 Ἀπράκτου
1709 4253 1768 4304 δὲ

176 4358 464 4423 γεγονότος
509 4351 602 4404 τοῦ
651 4352 863 4411 στόλου,
905 4350 999 4401 καὶ
1051 4349 1189 4418 προς
1249 4344 1633 4398 Ὶουστινιανδν
1693 4343 1769 4414 μὴ

179 4447 488 4516 τολμῶντος
543 4442 864 4510 ἀνακάμψαι
904 4441 990 4492 διὰ
1043 4440 1104 4490 τὸ
1157 4437 1524 4507 ἀπάνθρωπον
1559 4437 1769 4489 ἐκείνου

180 4543 275 4592 καὶ
305 4540 475 4606 ὠμὸν,
511 4536 600 4587 τὸν
649 4536 745 4603 μὲν
791 4531 1166 4586 Ἰουστινιανὸν
1206 4530 1542 4597 ἀνέσκαψαν,
1579 4529 1671 4580 τὸν
1714 4529 1770 4580 δὲ

1851 1963 2139 2023 miserunt,
2185 1963 2324 2016 alios
2379 1971 2587 2031 septem
2641 1962 2835 2032 ligneis
2893 1962 3120 2015 sublicis
3168 1962 3219 2013 in
3262 1961 3431 2014 altqu

1844 2069 2140 2123 suspensos
2196 2054 2306 2123 igni
2375 2061 2651 2118 assarnnt,
2728 2054 2866 2107 alios
2937 2053 2991 2106 in
3071 2067 3222 2107 mare
3291 2051 3437 2120 abje-

1843 2156 2054 2200 cerunt.
2085 2147 2178 2200 llis
2202 2147 2435 2214 cognitis
2461 2145 2806 2201 Justinianus
2825 2146 2894 2198 ob
2929 2152 3177 2199 servatos
3199 2143 3436 2198 infantes

1846 2241 2090 2293 insaniit.
2123 2239 2260 2293 Cum
2288 2239 2340 2293 in
2366 2239 2544 2293 reditu
2578 2239 2774 2292 classis
2799 2239 2912 2306 jam
2945 2238 3205 2307 Byzantio
3238 2252 3439 2306 appro-

1849 2334 2155 2402 pinquaret.
2185 2333 2488 2403 periclitata
2535 2339 2640 2384 est.
2663 2328 3006 2383 Moutuorum
3046 2345 3305 2383 numerus
3336 2327 3441 2380 ini-

1850 2437 1959 2489 tus,
1989 2437 2348 2496 repertusque
2382 2426 2612 2478 millium
2643 2424 2732 2480 73.
2764 2423 2818 2477 Id
2855 2422 3112 2494 gaudium
3146 2419 3439 2476 Justiniani

1847 2521 2020 2572 auxit.
2060 2518 2315 2586 Misitque
2351 2516 2512 2568 aliam
2561 2515 2818 2577 classem,
2841 2529 2962 2582 quae
2991 2513 3177 2565 omnia
3219 2513 3334 2566 solo
3362 2526 3439 2564 az-

1848 2618 2043 2678 quaret
2061 2609 2348 2676 solmuque
2376 2614 2557 2658 aratro
2577 2604 2980 2675 proscinderet,
3003 2603 3442 2670 interficerctquc

1848 2715 2044 2754 omnes
2077 2713 2251 2768 usque
2275 2697 2340 2751 ad
2367 2697 2696 2766 mingentem
2729 2695 2782 2748 in
2819 2692 3285 2764 parietem..Quod
3315 2709 3439 2748 cum

1848 2793 2249 2848 intellexissent
2282 2778 2373 2859 qui
2402 2797 2586 2844 castra
2651 2788 2754 2843 ista
2800 2787 3141 2850 obtinebant,
3192 2787 3442 2840 munive-

1853 2894 1982 2938 runt
2011 2899 2152 2946 sese,
2195 2882 2492 2951 missisque
2535 2881 2587 2934 in
2635 2879 2959 2935 Cbazariam
3011 2879 3076 2931 ad
3129 2878 3443 2949 Cbaganum

1854 2977 2044 3048 legatis
2073 2976 2391 3044 praesidium
2426 2975 2531 3029 sibi
2568 2973 2636 3027 ab
2674 2988 2740 3026 eo
2763 2972 2881 3026 dari
2926 2971 3264 3038 ﬂagitarunt.
3306 2971 3443 3023 Cum

1853 3069 2158 3138 appulisset
2181 3065 2476 3120 Justiniani
2508 3065 2723 3128 classis,
2774 3065 3046 3133 primores
3073 3078 3261 3117 corum
3297 3065 3446 3116 nacti

1856 3163 1997 3215 intra
2028 3169 2204 3214 castra
2260 3159 2676 3214 Chersonenses
2707 3155 3073 3218 trucidarunt,
3117 3153 3282 3223 783
3317 3152 3449 3206 reli-

1782 3267 1824 3322 c
1860 3267 2024 3319 quam
2058 3248 2470 3302 multitudinem
2498 3247 2765 3302 Cbazaris
2803 3245 3173 3300 tradiderunt.
3211 3243 3452 3297 Proinde

1863 3343 1955 3410 qui
1977 3341 2314 3396 Cbersonem
2351 3349 2405 3394 et
2445 3340 2654 3409 reliqua
2696 3348 2881 3393 castra
2945 3338 3231 3398 tenebant,
3281 3334 3456 3389 Justi-

1862 3436 2026 3488 niano
2083 3432 2372 3502 imperium
2432 3432 2727 3499 abrogant,
2801 3440 2855 3483 et
2897 3428 3286 3498 l’liilippicum,
3364 3427 3453 3480 cui

1863 3538 1917 3580 et
1965 3525 2245 3579 Bardanes
2311 3539 2511 3577 nomen
2587 3521 2710 3584 fuit,
2804 3520 3192 3587 imperatorem
3258 3506 3480 3574 faustis.

1863 3616 2357 3671 acclamationibus
2383 3615 2693 3684 designant.
2726 3611 3078 3667 Justinianus
3121 3609 3226 3663 hoc
3261 3619 3452 3677 ρει-θοι

1862 3715 1955 3777 pto
2024 3708 2188 3759 aliam
2251 3705 2484 3759 classem
2544 3704 2734 3768 mittit,
2784 3703 3049 3757 arietibus
3109 3699 3338 3768 aliisque
3389 3697 3457 3750 ad

1864 3799 2304 3868 oppugnationes
2379 3795 2710 3850 facientibus
2761 3794 3034 3848 machinis
3101 3793 3451 3846 instructam.

1863 3895 2035 3963 Cujus
2071 3894 2275 3948 milites
2303 3907 2428 3947 cum
2458 3893 2570 3961 jam
2612 3891 2856 3959 potiores
2911 3887 3218 3944 Cliersonis
3273 3894 3456 3939 turres

1865 3986 2316 4057 prostravissent,
2403 3982 2922 4053 supervenientibus
3001 3980 3266 4035 Cbazaris
3327 3985 3459 4031 sunt

1867 4078 2132 4148 repressi.
2176 4077 2455 4132 Bardanes
2491 4076 2615 4145 luga
2652 4075 2716 4128 ad
2746 4075 3066 4142 Cbaganum
3112 4071 3311 4125 evasit.
3347 4067 3456 4122 Sed

1868 4180 1922 4226 et
1946 4170 2221 4225 classiarii
2258 4183 2318 4223 re
2346 4167 2548 4223 infecta
2578 4183 2702 4222 cum
2756 4167 2822 4220 ad
2867 4164 3243 4221 Justinianum
3275 4162 3458 4216 redire

1869 4281 1978 4320 non
2018 4265 2304 4327 auderent,
2341 4272 2467 4316 nota
2502 4263 2639 4331 ipsis
2695 4260 2934 4314 hominis
2969 4257 3192 4312 immani
3223 4253 3462 4310 crudeli-

1870 4366 2001 4420 tate,
2059 4356 2373 4411 Justiniano
2427 4352 2719 4422 imperium
2787 4352 3076 4420 abrogant,
3157 4348 3458 4400 Bardanem

1871 4451 2258 4517 imperatorem
2327 4445 2637 4507 nominant,
2702 4456 2938 4509 eumque
2988 4455 3018 4494 a
3063 4438 3323 4507 Cbagano
3369 4451 3460 4489 rc-

1875 4549 2132 4611 poscunt.
2170 4538 2272 4603 Qui
2307 4552 2431 4591 cum
2459 4536 2763 4606 postularet
2803 4534 2908 4588 sibi
2943 4534 3008 4585 de
3043 4545 3150 4583 non
3183 4528 3461 4599 prodendo

182 4633 256 4684 Ba
269 4600 466 4700 ρδόινην
501 4600 728 4696 βασιλέα
759 4627 1107 4694 εὐφήμησαν,
1138 4623 1227 4675 τὸν
1265 4622 1321 4675 δὲ
1347 4621 1599 4687 Χαγάνον
1627 4623 1754 4691 ῂτή-

1874 4634 1941 4686 ab
1996 4632 2130 4700 ipsis
2195 4629 2500 4697 Philippica
2556 4625 2758 4686 caveri,
2812 4634 2865 4678 et
2937 4638 2966 4675 a
3013 4622 3245 4689 singulis
3296 4634 3461 4672 unum

185 4741 350 4777 σαντο
379 4722 598 4788 δοθῆναι
635 4721 818 4783 αὐτοῖς
854 4719 1064 4771 τοῦτον.
1101 4715 1209 4770 Τοῦ
1237 4717 1292 4768 δὲ
1319 4715 1572 4783 Χαγάνου
1601 4717 1767 4768 ἁπαι-

179 4821 450 4888 τήσαντος
478 4815 670 4867 αὐτοὺς
699 4812 854 4880 λόγον
884 4810 977 4863 τοῦ
1010 4809 1083 4879 μὴ
1109 4808 1433 4878 προδοθῆναι
1465 4809 1554 4860 ὑπ’
1585 4806 1764 4859 αὐτῶν

181 4913 272 4962 καὶ
321 4906 418 4958 τοῦ
455 4904 788 4974 κομίσασθαι
833 4903 974 4954 κατὰ
1013 4899 1184 4968 ἄνδρα
1218 4899 1463 4967 νόμισμα
1496 4899 1574 4961 ἓν,
1612 4895 1768 4950 αὐτοὶ

182 5002 529 5074 παραχρῆμα
558 4997 729 5052 ταῦτα
771 4997 952 5058 δόντες
1007 4991 1317 5062 παρέλαϐον
1368 4990 1650 5059 Βαρδάνην
1679 4988 1770 5042 τὸν

183 5098 275 5148 καὶ
326 5091 652 5145 Φιλιππικὸν
703 5087 948 5156 βασιλέα.
997 5085 1086 5138 Ἐν
1133 5082 1190 5134 δὲ
1244 5080 1321 5151 τῷ
1377 5078 1646 5150 χρονίζειν
1677 5077 1770 5131 τὸν

187 5186 374 5238 στόλον
423 5182 520 5234 καὶ
549 5179 829 5246 ἀναφορὰν
866 5176 942 5246 μὴ
973 5172 1226 5246 ἔρχεσθαι
1263 5170 1592 5240 ἐστοχάσατο
1639 5171 1771 5222 ἰου-

190 5271 459 5332 στινιανὸς
487 5270 584 5338 τὴν
625 5268 826 5329 αἰτίαν,
871 5267 964 5319 καὶ
997 5263 1178 5319 λαϐὼν
1207 5264 1303 5316 σὺν
1332 5262 1485 5331 αὐτῷ
1523 5263 1648 5324 τοὺς
1677 5260 1771 5313 τοῦ

203 5361 454 5432 ιοψικεου
480 5359 575 5412 καὶ
597 5359 759 5429 μέρος
777 5355 1104 5428 Θρᾳκησίων
1123 5352 1353 5425 ἀνῆλθεν
1375 5354 1478 5415 ἕως
1501 5351 1770 5422 Σινώπης,

1868 4722 2138 4776 nomisma
2193 4720 2377 4788 pendi,
2441 4717 2641 4769 milites
2689 4713 2920 4783 pecunia
2984 4711 3165 4763 statim
3225 4707 3463 4776 depensa

1871 4813 2175 4867 Bardanem
2236 4807 2600 4877 Pliilippicum
2652 4819 2912 4874 recepere
2959 4803 3462 4870 imperatoremque

1874 4904 2210 4960 salutaruut.
2266 4900 2334 4952 At
2387 4897 2734 4952 Justinianus
2786 4909 2954 4948 mora
2988 4893 3186 4947 classis
3237 4903 3463 4944 causam

1874 4992 2198 5060 conjiciens,
2276 5003 2400 5041 cum
2468 4987 2735 5039 militibus
2793 4982 3108 5052 Opsicianis
3174 4994 3238 5031 ac
3312 4987 3468 5046 parte

1877 5083 2276 5139 Tbracensium
2313 5079 2764 5148 Sinopemusque
2805 5073 3088 5135 ascendit;
3121 5083 3467 5138 cernensque

1882 5178 2118 5231 classem
2161 5187 2387 5226 cursum
2426 5184 2618 5226 versus
2665 5167 2860 5235 Cpolin
2914 5163 3239 5225 intendisse,
3283 5161 3467 5229 rugitu

1883 5266 2108 5321 leonino
2130 5264 2277 5318 edito
2304 5262 2419 5329 ipse
2466 5273 2687 5330 quoque
2742 5257 2932 5310 urbem
2977 5255 3172 5324 petiit;
3229 5266 3468 5321 cumque

1882 5372 2002 5411 eam
2047 5359 2453 5425 praeocupasset
2503 5351 2612 5420 jam
2655 5347 3015 5417 Pbilippicus,
3065 5343 3357 5412 Damatrya
3410 5356 3470 5395 se

1345 5467 1702 5522 XYLANDRI
1733 5470 1820 5525 ET
1857 5471 2063 5529 GOARI
2087 5469 2315 5526 ΝΟΤᾸΞ.

266 5573 382 5640 (51)
439 5569 780 5640 ibauikixtbg,
813 5579 935 5640 cunt
962 5565 1205 5622 famulis.
1233 5571 1386 5640 puto.
1426 5563 1518 5619 Sic
1539 5571 1596 5640 et
1626 5562 1766 5620 Cus-

193 5634 306 5712 pin.
343 5634 384 5696 f.
430 5634 552 5694 199.
616 5638 846 5712 Σοῦϐλαι
880 5637 1175 5712 forte_sunt
1233 5634 1483 5712 sublicae.
1539 5634 1669 5712 .\'\_'t..
1699 5664 1767 5674 —

196 5705 434 5772 Σοὺὁλας
467 5727 618 5763 cerva
641 5711 721 5762 vel
757 5708 904 5774 palos
929 5708 1111 5774 aptius
1134 5721 1294 5772 quam
1330 5705 1560 5756 sublicas
1601 5705 1774 5774 inter-

201 5784 505 5849 pretabere.
540 5773 842 5848 lli-sycbius
864 5778 1021 5849 quasi
1080 5776 1404 5849 sclioliastes
1435 5793 1448 5827 :
1491 5773 1778 5849 _Exo'iio¢w

201 5854 271 5914 ὡς
296 5854 548 5917 επτησινο
581 5851 703 5910 τοὺς
738 5849 845 5916 γὰρ

903 5847 1165 5908 παλαιοὺς
1211 5842 1649 5912 κακουργοῦντας
1686 5847 1782 5912 ἀν-

203 5911 549 5984 ιέκολόπιζον
573 5911 851 5986 ὀξύνοντές
879 5917 1034 5985 ξύλον
1065 5917 1150 5970 διὰ
1185 5911 1397 5986 ῥάχεως
1425 5914 1518 5968 καὶ
1557 5912 1650 5966 τοῦ
1683 5911 1784 5967 νώ-

1867 5586 1984 5629 του.
2020 5567 2268 5634 καθάπερ
2337 5563 2463 5627 τοὺς
2508 5558 2855 5628 ὀπτωμένους
2919 5553 3069 5624 ῐχοῦς
3145 5552 3236 5602 ἐπὶ
3299 5550 3474 5603 ὀϐελί-

1871 5657 2037 5692 σκων.
2073 5636 2246 5690 GHAR.

1948 5708 2092 5775 (51⁸)
2136 5707 2356 5759 ltectius
2388 5699 2684 5775 ἐδαφίζειν.

1952 5760 2089 5846 ξ52)’
2118 5776 2284 5829 Valde
2319 5760 2511 5828 dubito
2555 5760 2628 5846 :de
2690 5767 2862 5846 bujus_
2904 5763 3005 5846 loci
3035 5760 3326 5846 scnt‘cntia.
3351 5761 3462 5813 Κε-

1886 5831 2064 5916 eam;
2096 5846 2442 5915 capitancos,
2471 5850 2524 5896 ut
2555 5831 2820 5910 loquitur,
2851 5834 3112 5889 intellexi.
3140 5831 3273 5885 Χῑι..
