  <div class='ocr_page' id='page_1' title='image "/cluster/home/n/w/nwhite01/storage/ocr_20150623/121/nnc1.0046980032/437.png"; bbox 0 0 4226 6444; ppageno 0'>
   <div class='ocr_carea' id='block_1_1' title="bbox 779 353 890 416">
    <p class='ocr_par' dir='ltr' id='par_1_1' title="bbox 779 353 890 416">
     <span class='ocr_line' id='line_1_1' title="bbox 779 353 890 416; baseline 0 -1"><span class='ocrx_word' id='word_1_1' title='bbox 779 353 890 416; x_wconf 85' lang='grc'><strong>859</strong></span> 
     </span>
    </p>
   </div>
   <div class='ocr_carea' id='block_1_2' title="bbox 2079 369 2773 441">
    <p class='ocr_par' dir='ltr' id='par_1_2' title="bbox 2079 369 2773 441">
     <span class='ocr_line' id='line_1_2' title="bbox 2079 369 2773 441; baseline 0.019 -12"><span class='ocrx_word' id='word_1_2' title='bbox 2079 369 2399 434; x_wconf 79' lang='lat' dir='ltr'><strong>GEORGII</strong></span> <span class='ocrx_word' id='word_1_3' title='bbox 2433 377 2773 441; x_wconf 81' lang='lat' dir='ltr'><strong>CEDRENI</strong></span> 
     </span>
    </p>
   </div>
   <div class='ocr_carea' id='block_1_3' title="bbox 3944 397 4056 460">
    <p class='ocr_par' dir='ltr' id='par_1_3' title="bbox 3944 397 4056 460">
     <span class='ocr_line' id='line_1_3' title="bbox 3944 397 4056 460; baseline 0 -1"><span class='ocrx_word' id='word_1_4' title='bbox 3944 397 4056 460; x_wconf 82' lang='lat'><strong>860</strong></span> 
     </span>
    </p>
   </div>
   <div class='ocr_carea' id='block_1_4' title="bbox 778 467 2364 582">
    <p class='ocr_par' dir='ltr' id='par_1_4' title="bbox 778 467 2360 560">
     <span class='ocr_line' id='line_1_4' title="bbox 778 467 2360 560; baseline 0.019 -44"><span class='ocrx_word' id='word_1_5' title='bbox 778 467 1411 542; x_wconf 77' lang='lat' dir='ltr'><strong>contulit.|Pl:ilippieus</strong></span> <span class='ocrx_word' id='word_1_6' title='bbox 1445 476 1734 534; x_wconf 91' lang='lat' dir='ltr'><strong>confestim</strong></span> <span class='ocrx_word' id='word_1_7' title='bbox 1761 481 1926 537; x_wconf 79' lang='lat' dir='ltr'><strong>Etiam</strong></span> <span class='ocrx_word' id='word_1_8' title='bbox 1953 489 2154 556; x_wconf 90' lang='lat' dir='ltr'><strong>popqu</strong></span> <span class='ocrx_word' id='word_1_9' title='bbox 2186 493 2360 560; x_wconf 71' lang='lat' dir='ltr'><strong>stipa~</strong></span> 
     </span>
    </p>
   </div>
   <div class='ocr_carea' id='block_1_5' title="bbox 2471 467 4064 582">
    <p class='ocr_par' dir='ltr' id='par_1_5' title="bbox 2471 498 4064 582">
     <span class='ocr_line' id='line_1_5' title="bbox 2471 498 4064 582; baseline 0.013 -34"><span class='ocrx_word' id='word_1_10' title='bbox 2471 498 2561 550; x_wconf 79' lang='grc' dir='ltr'><strong>καὶ</strong></span> <span class='ocrx_word' id='word_1_11' title='bbox 2590 498 2777 568; x_wconf 80' lang='grc' dir='ltr'><strong>βλέπει</strong></span> <span class='ocrx_word' id='word_1_12' title='bbox 2813 500 2903 555; x_wconf 79' lang='grc' dir='ltr'>τὸν</span> <span class='ocrx_word' id='word_1_13' title='bbox 2940 503 3126 558; x_wconf 88' lang='grc' dir='ltr'>στόλον</span> <span class='ocrx_word' id='word_1_14' title='bbox 3154 503 3246 558; x_wconf 74' lang='grc' dir='ltr'><strong>ἐπὶ</strong></span> <span class='ocrx_word' id='word_1_15' title='bbox 3275 505 3374 576; x_wconf 79' lang='grc' dir='ltr'>τὴν</span> <span class='ocrx_word' id='word_1_16' title='bbox 3405 507 3561 562; x_wconf 81' lang='grc' dir='ltr'>πόλιν</span> <span class='ocrx_word' id='word_1_17' title='bbox 3583 509 3903 582; x_wconf 81' lang='grc' dir='ltr'>ἐρχόμενον.</span> <span class='ocrx_word' id='word_1_18' title='bbox 3943 515 4064 568; x_wconf 75' lang='grc' dir='ltr'><strong>Καὶ</strong></span> 
     </span>
    </p>
   </div>
   <div class='ocr_carea' id='block_1_6' title="bbox 781 561 2361 645">
    <p class='ocr_par' dir='ltr' id='par_1_6' title="bbox 781 561 2361 645">
     <span class='ocr_line' id='line_1_6' title="bbox 781 561 2361 645; baseline 0.018 -36"><span class='ocrx_word' id='word_1_19' title='bbox 781 571 897 612; x_wconf 84' lang='grc' dir='ltr'>ιιιιιι</span> <span class='ocrx_word' id='word_1_20' title='bbox 931 561 987 616; x_wconf 89' lang='lat' dir='ltr'><strong>in</strong></span> <span class='ocrx_word' id='word_1_21' title='bbox 1015 561 1411 630; x_wconf 81' lang='lat' dir='ltr'><strong>Justiuianum,</strong></span> <span class='ocrx_word' id='word_1_22' title='bbox 1445 577 1501 624; x_wconf 88' lang='lat' dir='ltr'><strong>et</strong></span> <span class='ocrx_word' id='word_1_23' title='bbox 1548 569 1797 627; x_wconf 87' lang='lat' dir='ltr'><strong>Maurum</strong></span> <span class='ocrx_word' id='word_1_24' title='bbox 1851 579 2138 645; x_wconf 91' lang='lat' dir='ltr'><strong>patricium</strong></span> <span class='ocrx_word' id='word_1_25' title='bbox 2170 592 2361 637; x_wconf 87' lang='lat' dir='ltr'><strong>contra</strong></span> 
     </span>
    </p>
   </div>
   <div class='ocr_carea' id='block_1_7' title="bbox 780 651 2365 732">
    <p class='ocr_par' dir='ltr' id='par_1_7' title="bbox 780 651 2365 732">
     <span class='ocr_line' id='line_1_7' title="bbox 780 651 2365 732; baseline 0.017 -28"><span class='ocrx_word' id='word_1_26' title='bbox 780 651 1062 708; x_wconf 90' lang='lat' dir='ltr'><strong>Tiberium</strong></span> <span class='ocrx_word' id='word_1_27' title='bbox 1092 658 1311 712; x_wconf 92' lang='lat' dir='ltr'><strong>emittit.</strong></span> <span class='ocrx_word' id='word_1_28' title='bbox 1352 657 1451 715; x_wconf 86' lang='lat' dir='ltr'><strong>Hic</strong></span> <span class='ocrx_word' id='word_1_29' title='bbox 1509 664 1652 732; x_wconf 90' lang='lat' dir='ltr'><strong>apud</strong></span> <span class='ocrx_word' id='word_1_30' title='bbox 1701 664 2033 724; x_wconf 83' lang='lat' dir='ltr'><strong>Blaclternas</strong></span> <span class='ocrx_word' id='word_1_31' title='bbox 2087 670 2139 725; x_wconf 90' lang='lat' dir='ltr'><strong>in</strong></span> <span class='ocrx_word' id='word_1_32' title='bbox 2203 672 2365 730; x_wconf 85' lang='lat' dir='ltr'><strong>Tibe-</strong></span> 
     </span>
    </p>
   </div>
   <div class='ocr_carea' id='block_1_8' title="bbox 779 745 2362 826">
    <p class='ocr_par' dir='ltr' id='par_1_8' title="bbox 779 745 2362 826">
     <span class='ocr_line' id='line_1_8' title="bbox 779 745 2362 826; baseline 0.017 -33"><span class='ocrx_word' id='word_1_33' title='bbox 779 745 922 796; x_wconf 86' lang='lat' dir='ltr'><strong>rium</strong></span> <span class='ocrx_word' id='word_1_34' title='bbox 982 746 1194 810; x_wconf 82' lang='lat' dir='ltr'><strong>incidit,</strong></span> <span class='ocrx_word' id='word_1_35' title='bbox 1255 753 1568 807; x_wconf 86' lang='lat' dir='ltr'><strong>vencranda</strong></span> <span class='ocrx_word' id='word_1_36' title='bbox 1620 754 1764 826; x_wconf 85' lang='lat' dir='ltr'><strong>ligna</strong></span> <span class='ocrx_word' id='word_1_37' title='bbox 1820 761 2000 816; x_wconf 87' lang='lat' dir='ltr'><strong>crucis</strong></span> <span class='ocrx_word' id='word_1_38' title='bbox 2042 771 2096 817; x_wconf 92' lang='lat' dir='ltr'><strong>ct</strong></span> <span class='ocrx_word' id='word_1_39' title='bbox 2147 779 2362 820; x_wconf 82' lang='lat' dir='ltr'><strong>sacram</strong></span> 
     </span>
    </p>
   </div>
   <div class='ocr_carea' id='block_1_9' title="bbox 784 839 2365 917">
    <p class='ocr_par' dir='ltr' id='par_1_9' title="bbox 784 839 2365 917">
     <span class='ocr_line' id='line_1_9' title="bbox 784 839 2365 917; baseline 0.018 -32"><span class='ocrx_word' id='word_1_40' title='bbox 784 850 1025 887; x_wconf 71' lang='lat' dir='ltr'><strong>mensam</strong></span> <span class='ocrx_word' id='word_1_41' title='bbox 1063 839 1395 908; x_wconf 78' lang='lat' dir='ltr'><strong>amplexum.</strong></span> <span class='ocrx_word' id='word_1_42' title='bbox 1430 845 1589 898; x_wconf 81' lang='lat' dir='ltr'><strong>Extra</strong></span> <span class='ocrx_word' id='word_1_43' title='bbox 1626 849 1827 917; x_wconf 79' lang='lat' dir='ltr'><strong>gradus</strong></span> <span class='ocrx_word' id='word_1_44' title='bbox 1876 854 2091 908; x_wconf 77' lang='lat' dir='ltr'><strong>astabat</strong></span> <span class='ocrx_word' id='word_1_45' title='bbox 2135 856 2365 913; x_wconf 78' lang='lat' dir='ltr'><strong>Anasta-</strong></span> 
     </span>
    </p>
   </div>
   <div class='ocr_carea' id='block_1_10' title="bbox 781 926 2362 1007">
    <p class='ocr_par' dir='ltr' id='par_1_10' title="bbox 781 926 2362 1007">
     <span class='ocr_line' id='line_1_10' title="bbox 781 926 2362 1007; baseline 0.021 -33"><span class='ocrx_word' id='word_1_46' title='bbox 781 926 1203 985; x_wconf 79' lang='lat' dir='ltr'><strong>sia,Justiuiaui</strong></span> <span class='ocrx_word' id='word_1_47' title='bbox 1248 934 1414 1006; x_wconf 67' lang='grc'><strong>784</strong></span> <span class='ocrx_word' id='word_1_48' title='bbox 1445 946 1637 1003; x_wconf 81' lang='lat' dir='ltr'><strong>mater,</strong></span> <span class='ocrx_word' id='word_1_49' title='bbox 1705 943 1892 1000; x_wconf 89' lang='lat' dir='ltr'><strong>multis</strong></span> <span class='ocrx_word' id='word_1_50' title='bbox 1939 947 2121 1002; x_wconf 86' lang='lat' dir='ltr'><strong>verbis</strong></span> <span class='ocrx_word' id='word_1_51' title='bbox 2159 964 2187 1003; x_wconf 91' lang='lat' dir='ltr'><strong>a</strong></span> <span class='ocrx_word' id='word_1_52' title='bbox 2215 951 2362 1007; x_wconf 71' lang='lat' dir='ltr'><strong>caede</strong></span> 
     </span>
    </p>
   </div>
   <div class='ocr_carea' id='block_1_11' title="bbox 781 1017 2362 1108">
    <p class='ocr_par' dir='ltr' id='par_1_11' title="bbox 781 1017 2362 1108">
     <span class='ocr_line' id='line_1_11' title="bbox 781 1017 2362 1108; baseline 0.017 -38"><span class='ocrx_word' id='word_1_53' title='bbox 781 1017 986 1074; x_wconf 81' lang='lat' dir='ltr'><strong>Tiberii</strong></span> <span class='ocrx_word' id='word_1_54' title='bbox 1071 1024 1387 1080; x_wconf 68' lang='lat' dir='ltr'><strong>dehortans.</strong></span> <span class='ocrx_word' id='word_1_55' title='bbox 1454 1029 1783 1100; x_wconf 86' lang='lat' dir='ltr'><strong>Supervenit</strong></span> <span class='ocrx_word' id='word_1_56' title='bbox 1847 1047 2026 1092; x_wconf 90' lang='lat' dir='ltr'><strong>autem</strong></span> <span class='ocrx_word' id='word_1_57' title='bbox 2095 1038 2362 1108; x_wconf 80' lang='lat' dir='ltr'><strong>Joannes,</strong></span> 
     </span>
    </p>
   </div>
   <div class='ocr_carea' id='block_1_12' title="bbox 781 1113 2364 1192">
    <p class='ocr_par' dir='ltr' id='par_1_12' title="bbox 781 1113 2364 1192">
     <span class='ocr_line' id='line_1_12' title="bbox 781 1113 2364 1192; baseline 0.019 -30"><span class='ocrx_word' id='word_1_58' title='bbox 781 1113 946 1180; x_wconf 82' lang='lat' dir='ltr'><strong>vique</strong></span> <span class='ocrx_word' id='word_1_59' title='bbox 1003 1129 1031 1167; x_wconf 93' lang='lat' dir='ltr'><strong>a</strong></span> <span class='ocrx_word' id='word_1_60' title='bbox 1087 1117 1347 1184; x_wconf 76' lang='lat' dir='ltr'><strong>gradibus</strong></span> <span class='ocrx_word' id='word_1_61' title='bbox 1416 1124 1667 1178; x_wconf 87' lang='lat' dir='ltr'><strong>avulsum</strong></span> <span class='ocrx_word' id='word_1_62' title='bbox 1742 1126 2055 1186; x_wconf 77' lang='lat' dir='ltr'><strong>Cltazarica:</strong></span> <span class='ocrx_word' id='word_1_63' title='bbox 2117 1135 2364 1192; x_wconf 86' lang='lat' dir='ltr'><strong>mulieris</strong></span> 
     </span>
    </p>
   </div>
   <div class='ocr_carea' id='block_1_13' title="bbox 755 1205 2364 1291">
    <p class='ocr_par' dir='ltr' id='par_1_13' title="bbox 755 1205 2364 1291">
     <span class='ocr_line' id='line_1_13' title="bbox 755 1205 2364 1291; baseline 0.018 -36"><span class='ocrx_word' id='word_1_64' title='bbox 755 1205 955 1260; x_wconf 74' lang='lat' dir='ltr'><strong>tilium</strong></span> <span class='ocrx_word' id='word_1_65' title='bbox 1003 1208 1281 1263; x_wconf 86' lang='lat' dir='ltr'><strong>Tiberium</strong></span> <span class='ocrx_word' id='word_1_66' title='bbox 1364 1213 1430 1266; x_wconf 90' lang='lat' dir='ltr'><strong>ad</strong></span> <span class='ocrx_word' id='word_1_67' title='bbox 1504 1218 1836 1273; x_wconf 84' lang='lat' dir='ltr'><strong>vestibulum</strong></span> <span class='ocrx_word' id='word_1_68' title='bbox 1895 1233 2068 1291; x_wconf 76' lang='lat' dir='ltr'><strong>portae</strong></span> <span class='ocrx_word' id='word_1_69' title='bbox 2114 1226 2364 1284; x_wconf 85' lang='lat' dir='ltr'><strong>Callinici</strong></span> 
     </span>
    </p>
   </div>
   <div class='ocr_carea' id='block_1_14' title="bbox 783 1301 2364 1386">
    <p class='ocr_par' dir='ltr' id='par_1_14' title="bbox 783 1301 2364 1386">
     <span class='ocr_line' id='line_1_14' title="bbox 783 1301 2364 1386; baseline 0.015 -37"><span class='ocrx_word' id='word_1_70' title='bbox 783 1301 1041 1363; x_wconf 82' lang='lat' dir='ltr'><strong>extraxit,</strong></span> <span class='ocrx_word' id='word_1_71' title='bbox 1086 1301 1272 1370; x_wconf 84' lang='lat' dir='ltr'><strong>ibique</strong></span> <span class='ocrx_word' id='word_1_72' title='bbox 1307 1303 1483 1359; x_wconf 89' lang='lat' dir='ltr'><strong>instar</strong></span> <span class='ocrx_word' id='word_1_73' title='bbox 1516 1308 1745 1373; x_wconf 76' lang='lat' dir='ltr'><strong>pecudis</strong></span> <span class='ocrx_word' id='word_1_74' title='bbox 1812 1309 2064 1369; x_wconf 79' lang='lat' dir='ltr'><strong>faucibus</strong></span> <span class='ocrx_word' id='word_1_75' title='bbox 2115 1320 2364 1386; x_wconf 64' lang='lat' dir='ltr'><strong>prmcisis</strong></span> 
     </span>
    </p>
   </div>
   <div class='ocr_carea' id='block_1_15' title="bbox 785 1393 2367 1470">
    <p class='ocr_par' dir='ltr' id='par_1_15' title="bbox 785 1393 2367 1470">
     <span class='ocr_line' id='line_1_15' title="bbox 785 1393 2367 1470; baseline 0.015 -28"><span class='ocrx_word' id='word_1_76' title='bbox 785 1393 1021 1446; x_wconf 76' lang='lat' dir='ltr'><strong>necavit.</strong></span> <span class='ocrx_word' id='word_1_77' title='bbox 1057 1393 1226 1458; x_wconf 77' lang='lat' dir='ltr'><strong>Elias,</strong></span> <span class='ocrx_word' id='word_1_78' title='bbox 1256 1405 1312 1450; x_wconf 93' lang='lat' dir='ltr'><strong>ut</strong></span> <span class='ocrx_word' id='word_1_79' title='bbox 1345 1398 1394 1451; x_wconf 94' lang='lat' dir='ltr'><strong>in</strong></span> <span class='ocrx_word' id='word_1_80' title='bbox 1427 1401 1763 1470; x_wconf 78' lang='lat' dir='ltr'><strong>colloquium</strong></span> <span class='ocrx_word' id='word_1_81' title='bbox 1797 1419 1920 1459; x_wconf 92' lang='lat' dir='ltr'><strong>cum</strong></span> <span class='ocrx_word' id='word_1_82' title='bbox 1976 1409 2244 1466; x_wconf 87' lang='lat' dir='ltr'><strong>militibus</strong></span> <span class='ocrx_word' id='word_1_83' title='bbox 2268 1412 2367 1468; x_wconf 84' lang='lat' dir='ltr'><strong>Ju-</strong></span> 
     </span>
    </p>
   </div>
   <div class='ocr_carea' id='block_1_16' title="bbox 784 1483 2365 1561">
    <p class='ocr_par' dir='ltr' id='par_1_16' title="bbox 784 1483 2365 1561">
     <span class='ocr_line' id='line_1_16' title="bbox 784 1483 2365 1561; baseline 0.018 -28"><span class='ocrx_word' id='word_1_84' title='bbox 784 1483 1008 1536; x_wconf 82' lang='lat' dir='ltr'><strong>stiniuni</strong></span> <span class='ocrx_word' id='word_1_85' title='bbox 1067 1489 1235 1548; x_wconf 87' lang='lat' dir='ltr'><strong>venit,</strong></span> <span class='ocrx_word' id='word_1_86' title='bbox 1284 1505 1377 1545; x_wconf 87' lang='lat' dir='ltr'><strong>eos</strong></span> <span class='ocrx_word' id='word_1_87' title='bbox 1441 1495 1712 1561; x_wconf 91' lang='lat' dir='ltr'><strong>promissa</strong></span> <span class='ocrx_word' id='word_1_88' title='bbox 1777 1499 2076 1555; x_wconf 78' lang='lat' dir='ltr'><strong>Securitate</strong></span> <span class='ocrx_word' id='word_1_89' title='bbox 2123 1503 2188 1558; x_wconf 89' lang='lat' dir='ltr'><strong>ad</strong></span> <span class='ocrx_word' id='word_1_90' title='bbox 2244 1521 2365 1561; x_wconf 88' lang='lat' dir='ltr'><strong>sese</strong></span> 
     </span>
    </p>
   </div>
   <div class='ocr_carea' id='block_1_17' title="bbox 785 1574 2362 1651">
    <p class='ocr_par' dir='ltr' id='par_1_17' title="bbox 785 1574 2362 1651">
     <span class='ocr_line' id='line_1_17' title="bbox 785 1574 2362 1651; baseline 0.015 -27"><span class='ocrx_word' id='word_1_91' title='bbox 785 1574 1065 1640; x_wconf 78' lang='lat' dir='ltr'><strong>perduxit,</strong></span> <span class='ocrx_word' id='word_1_92' title='bbox 1116 1578 1504 1651; x_wconf 84' lang='lat' dir='ltr'><strong>desertumque</strong></span> <span class='ocrx_word' id='word_1_93' title='bbox 1571 1585 1640 1638; x_wconf 93' lang='lat' dir='ltr'><strong>ab</strong></span> <span class='ocrx_word' id='word_1_94' title='bbox 1681 1589 1937 1642; x_wconf 88' lang='lat' dir='ltr'><strong>omnibus</strong></span> <span class='ocrx_word' id='word_1_95' title='bbox 1989 1588 2362 1648; x_wconf 87' lang='lat' dir='ltr'><strong>Justinianum</strong></span> 
     </span>
    </p>
   </div>
   <div class='ocr_carea' id='block_1_18' title="bbox 784 1663 2362 1750">
    <p class='ocr_par' dir='ltr' id='par_1_18' title="bbox 784 1663 2362 1750">
     <span class='ocr_line' id='line_1_18' title="bbox 784 1663 2362 1750; baseline 0.015 -36"><span class='ocrx_word' id='word_1_96' title='bbox 784 1663 1046 1720; x_wconf 88' lang='lat' dir='ltr'><strong>iracunde</strong></span> <span class='ocrx_word' id='word_1_97' title='bbox 1093 1669 1237 1722; x_wconf 88' lang='lat' dir='ltr'><strong>collo</strong></span> <span class='ocrx_word' id='word_1_98' title='bbox 1265 1673 1644 1740; x_wconf 84' lang='lat' dir='ltr'><strong>apprehendit,</strong></span> <span class='ocrx_word' id='word_1_99' title='bbox 1664 1685 1717 1729; x_wconf 90' lang='lat' dir='ltr'><strong>et</strong></span> <span class='ocrx_word' id='word_1_100' title='bbox 1744 1677 1947 1746; x_wconf 80' lang='lat' dir='ltr'><strong>gladio,</strong></span> <span class='ocrx_word' id='word_1_101' title='bbox 1969 1695 2136 1750; x_wconf 82' lang='lat' dir='ltr'><strong>quem</strong></span> <span class='ocrx_word' id='word_1_102' title='bbox 2169 1682 2362 1738; x_wconf 85' lang='lat' dir='ltr'><strong>femori</strong></span> 
     </span>
    </p>
   </div>
   <div class='ocr_carea' id='block_1_19' title="bbox 785 1755 2363 1845">
    <p class='ocr_par' dir='ltr' id='par_1_19' title="bbox 785 1755 2363 1845">
     <span class='ocr_line' id='line_1_19' title="bbox 785 1755 2363 1845; baseline 0.016 -42"><span class='ocrx_word' id='word_1_103' title='bbox 785 1755 1064 1826; x_wconf 69' lang='lat' dir='ltr'><strong>alligatum</strong></span> <span class='ocrx_word' id='word_1_104' title='bbox 1096 1763 1370 1831; x_wconf 79' lang='lat' dir='ltr'><strong>gestabat.</strong></span> <span class='ocrx_word' id='word_1_105' title='bbox 1430 1773 1592 1834; x_wconf 88' lang='lat' dir='ltr'><strong>caput</strong></span> <span class='ocrx_word' id='word_1_106' title='bbox 1648 1772 1976 1838; x_wconf 78' lang='lat' dir='ltr'><strong>amputavit,</strong></span> <span class='ocrx_word' id='word_1_107' title='bbox 2030 1772 2244 1845; x_wconf 87' lang='lat' dir='ltr'><strong>hocque</strong></span> <span class='ocrx_word' id='word_1_108' title='bbox 2297 1777 2363 1830; x_wconf 87' lang='lat' dir='ltr'><strong>ad</strong></span> 
     </span>
    </p>
   </div>
   <div class='ocr_carea' id='block_1_20' title="bbox 786 1842 2031 1926">
    <p class='ocr_par' dir='ltr' id='par_1_20' title="bbox 786 1842 2031 1926">
     <span class='ocr_line' id='line_1_20' title="bbox 786 1842 2031 1926; baseline 0.017 -31"><span class='ocrx_word' id='word_1_109' title='bbox 786 1842 1174 1919; x_wconf 83' lang='lat' dir='ltr'><strong>Philippicum,</strong></span> <span class='ocrx_word' id='word_1_110' title='bbox 1206 1853 1362 1922; x_wconf 91' lang='lat' dir='ltr'><strong>isque</strong></span> <span class='ocrx_word' id='word_1_111' title='bbox 1397 1854 1620 1910; x_wconf 83' lang='lat' dir='ltr'><strong>Romam</strong></span> <span class='ocrx_word' id='word_1_112' title='bbox 1655 1875 1829 1926; x_wconf 88' lang='lat' dir='ltr'><strong>usque</strong></span> <span class='ocrx_word' id='word_1_113' title='bbox 1863 1862 2031 1916; x_wconf 91' lang='lat' dir='ltr'><strong>misit.</strong></span> 
     </span>
    </p>
   </div>
   <div class='ocr_carea' id='block_1_21' title="bbox 2471 585 4059 675">
    <p class='ocr_par' dir='ltr' id='par_1_21' title="bbox 2471 585 4059 675">
     <span class='ocr_line' id='line_1_21' title="bbox 2471 585 4059 675; baseline 0.013 -36"><span class='ocrx_word' id='word_1_114' title='bbox 2471 585 2673 656; x_wconf 81' lang='grc' dir='ltr'>βρύξας</span> <span class='ocrx_word' id='word_1_115' title='bbox 2717 591 2795 654; x_wconf 84' lang='grc' dir='ltr'>ὼς</span> <span class='ocrx_word' id='word_1_116' title='bbox 2831 591 2967 646; x_wconf 85' lang='grc' dir='ltr'>λέων</span> <span class='ocrx_word' id='word_1_117' title='bbox 3000 593 3095 647; x_wconf 74' lang='grc' dir='ltr'><strong>καὶ</strong></span> <span class='ocrx_word' id='word_1_118' title='bbox 3141 596 3304 660; x_wconf 74' lang='grc' dir='ltr'>αὐτὸς</span> <span class='ocrx_word' id='word_1_119' title='bbox 3334 599 3427 652; x_wconf 71' lang='grc' dir='ltr'><strong>ἐπὶ</strong></span> <span class='ocrx_word' id='word_1_120' title='bbox 3454 599 3552 670; x_wconf 85' lang='grc' dir='ltr'>τὴν</span> <span class='ocrx_word' id='word_1_121' title='bbox 3595 602 3750 655; x_wconf 87' lang='grc' dir='ltr'>πόλιν</span> <span class='ocrx_word' id='word_1_122' title='bbox 3799 603 4059 675; x_wconf 83' lang='grc' dir='ltr'>ὥρμησε,</span> 
     </span>
    </p>
   </div>
   <div class='ocr_carea' id='block_1_22' title="bbox 2467 677 4060 769">
    <p class='ocr_par' dir='ltr' id='par_1_22' title="bbox 2467 677 4060 769">
     <span class='ocr_line' id='line_1_22' title="bbox 2467 677 4060 769; baseline 0.014 -39"><span class='ocrx_word' id='word_1_123' title='bbox 2467 677 2573 731; x_wconf 78' lang='grc' dir='ltr'><strong>Τοῦ</strong></span> <span class='ocrx_word' id='word_1_124' title='bbox 2607 680 2666 733; x_wconf 83' lang='grc' dir='ltr'>δὲ</span> <span class='ocrx_word' id='word_1_125' title='bbox 2699 683 3028 739; x_wconf 82' lang='grc' dir='ltr'>Φιλιππικοῦ</span> <span class='ocrx_word' id='word_1_126' title='bbox 3066 687 3433 758; x_wconf 83' lang='grc' dir='ltr'>προλαϐόντος</span> <span class='ocrx_word' id='word_1_127' title='bbox 3467 694 3559 746; x_wconf 76' lang='grc' dir='ltr'><strong>καὶ</strong></span> <span class='ocrx_word' id='word_1_128' title='bbox 3587 694 3686 764; x_wconf 80' lang='grc' dir='ltr'>τὴν</span> <span class='ocrx_word' id='word_1_129' title='bbox 3723 697 3880 750; x_wconf 75' lang='grc' dir='ltr'>πόλιν</span> <span class='ocrx_word' id='word_1_130' title='bbox 3911 717 4060 769; x_wconf 74' lang='grc' dir='ltr'>κρα-</span> 
     </span>
    </p>
   </div>
   <div class='ocr_carea' id='block_1_23' title="bbox 2467 773 4064 859">
    <p class='ocr_par' dir='ltr' id='par_1_23' title="bbox 2467 773 4064 859">
     <span class='ocr_line' id='line_1_23' title="bbox 2467 773 4064 859; baseline 0.013 -35"><span class='ocrx_word' id='word_1_131' title='bbox 2467 773 2756 839; x_wconf 85' lang='grc' dir='ltr'>τήσαντος,</span> <span class='ocrx_word' id='word_1_132' title='bbox 2796 775 2958 841; x_wconf 82' lang='grc' dir='ltr'>αὐτὸς</span> <span class='ocrx_word' id='word_1_133' title='bbox 2983 780 3062 841; x_wconf 69' lang='grc' dir='ltr'>εἰς</span> <span class='ocrx_word' id='word_1_134' title='bbox 3094 779 3188 834; x_wconf 80' lang='grc' dir='ltr'><strong>τὸν</strong></span> <span class='ocrx_word' id='word_1_135' title='bbox 3215 783 3512 854; x_wconf 83' lang='grc' dir='ltr'>Δαματρύα</span> <span class='ocrx_word' id='word_1_136' title='bbox 3543 787 3654 856; x_wconf 78' lang='grc'><strong>(55)</strong></span> <span class='ocrx_word' id='word_1_137' title='bbox 3696 791 3955 859; x_wconf 76' lang='grc' dir='ltr'>ἀνῆλθεν.</span> <span class='ocrx_word' id='word_1_138' title='bbox 4004 792 4064 845; x_wconf 85' lang='grc' dir='ltr'><strong><em>Ὅ</em></strong></span> 
     </span>
    </p>
   </div>
   <div class='ocr_carea' id='block_1_24' title="bbox 2465 862 4064 952">
    <p class='ocr_par' dir='ltr' id='par_1_24' title="bbox 2465 862 4064 952">
     <span class='ocr_line' id='line_1_24' title="bbox 2465 862 4064 952; baseline 0.013 -36"><span class='ocrx_word' id='word_1_139' title='bbox 2465 862 2524 916; x_wconf 78' lang='grc' dir='ltr'>δὲ</span> <span class='ocrx_word' id='word_1_140' title='bbox 2570 864 2894 931; x_wconf 81' lang='grc' dir='ltr'>Φιλιππικδς</span> <span class='ocrx_word' id='word_1_141' title='bbox 2953 870 3119 952; x_wconf 82' lang='grc' dir='ltr'>εὐθὺς</span> <span class='ocrx_word' id='word_1_142' title='bbox 3177 875 3497 932; x_wconf 81' lang='grc' dir='ltr'>ἀποστέλλει</span> <span class='ocrx_word' id='word_1_143' title='bbox 3541 883 3635 934; x_wconf 80' lang='grc' dir='ltr'><strong>τὸν</strong></span> <span class='ocrx_word' id='word_1_144' title='bbox 3675 882 3865 936; x_wconf 77' lang='grc' dir='ltr'>Ἠλίαν</span> <span class='ocrx_word' id='word_1_145' title='bbox 3918 885 4064 952; x_wconf 84' lang='grc' dir='ltr'>μετὰ</span> 
     </span>
    </p>
   </div>
   <div class='ocr_carea' id='block_1_25' title="bbox 2466 951 4064 1037">
    <p class='ocr_par' dir='ltr' id='par_1_25' title="bbox 2466 951 4064 1037">
     <span class='ocr_line' id='line_1_25' title="bbox 2466 951 4064 1037; baseline 0.012 -33"><span class='ocrx_word' id='word_1_146' title='bbox 2466 953 2599 1007; x_wconf 84' lang='grc' dir='ltr'>λαοῦ</span> <span class='ocrx_word' id='word_1_147' title='bbox 2633 956 2775 1009; x_wconf 80' lang='grc' dir='ltr'>κατὰ</span> <span class='ocrx_word' id='word_1_148' title='bbox 2818 951 3226 1026; x_wconf 80' lang='grc' dir='ltr'>Ἰουστινιανοῢ,</span> <span class='ocrx_word' id='word_1_149' title='bbox 3275 965 3503 1033; x_wconf 72' lang='grc' dir='ltr'>Μαῦρον</span> <span class='ocrx_word' id='word_1_150' title='bbox 3532 968 3587 1021; x_wconf 61' lang='lat' dir='ltr'><strong>at</strong></span> <span class='ocrx_word' id='word_1_151' title='bbox 3631 971 3721 1021; x_wconf 76' lang='grc' dir='ltr'><strong>τὸν</strong></span> <span class='ocrx_word' id='word_1_152' title='bbox 3766 971 4064 1037; x_wconf 80' lang='grc' dir='ltr'>πατρίκιον</span> 
     </span>
    </p>
   </div>
   <div class='ocr_carea' id='block_1_26' title="bbox 2467 1049 4065 1133">
    <p class='ocr_par' dir='ltr' id='par_1_26' title="bbox 2467 1049 4065 1133">
     <span class='ocr_line' id='line_1_26' title="bbox 2467 1049 4065 1133; baseline 0.011 -35"><span class='ocrx_word' id='word_1_153' title='bbox 2467 1049 2612 1100; x_wconf 64' lang='lat' dir='ltr'><strong>atati</strong></span> <span class='ocrx_word' id='word_1_154' title='bbox 2648 1049 2924 1120; x_wconf 76' lang='grc' dir='ltr'>Τιϐερίου.</span> <span class='ocrx_word' id='word_1_155' title='bbox 2965 1054 3062 1115; x_wconf 80' lang='grc' dir='ltr'>’ος</span> <span class='ocrx_word' id='word_1_156' title='bbox 3108 1056 3167 1107; x_wconf 84' lang='grc' dir='ltr'>ὲν</span> <span class='ocrx_word' id='word_1_157' title='bbox 3218 1055 3553 1128; x_wconf 86' lang='grc' dir='ltr'>Βλαχέρναις</span> <span class='ocrx_word' id='word_1_158' title='bbox 3600 1063 3889 1130; x_wconf 63' lang='grc' dir='ltr'>πορευθεὶς</span> <span class='ocrx_word' id='word_1_159' title='bbox 3929 1059 4065 1133; x_wconf 72' lang='grc' dir='ltr'>εὗρε</span> 
     </span>
    </p>
   </div>
   <div class='ocr_carea' id='block_1_27' title="bbox 2470 1139 4065 1223">
    <p class='ocr_par' dir='ltr' id='par_1_27' title="bbox 2470 1139 4065 1223">
     <span class='ocr_line' id='line_1_27' title="bbox 2470 1139 4065 1223; baseline 0.01 -34"><span class='ocrx_word' id='word_1_160' title='bbox 2470 1139 2720 1209; x_wconf 79' lang='grc' dir='ltr'>Τιϐέριον</span> <span class='ocrx_word' id='word_1_161' title='bbox 2760 1143 3070 1212; x_wconf 82' lang='grc' dir='ltr'>κρατοῦντα</span> <span class='ocrx_word' id='word_1_162' title='bbox 3118 1148 3188 1201; x_wconf 81' lang='grc' dir='ltr'><strong>τὰ</strong></span> <span class='ocrx_word' id='word_1_163' title='bbox 3226 1149 3386 1219; x_wconf 84' lang='grc' dir='ltr'>τίμια</span> <span class='ocrx_word' id='word_1_164' title='bbox 3439 1150 3572 1215; x_wconf 80' lang='grc' dir='ltr'>ξύλα</span> <span class='ocrx_word' id='word_1_165' title='bbox 3615 1156 3707 1205; x_wconf 76' lang='grc' dir='ltr'><strong>καὶ</strong></span> <span class='ocrx_word' id='word_1_166' title='bbox 3757 1153 3855 1223; x_wconf 82' lang='grc' dir='ltr'>τὴν</span> <span class='ocrx_word' id='word_1_167' title='bbox 3891 1155 4065 1221; x_wconf 78' lang='grc' dir='ltr'>ἁγὶαν</span> 
     </span>
    </p>
   </div>
   <div class='ocr_carea' id='block_1_28' title="bbox 2467 1234 4066 1318">
    <p class='ocr_par' dir='ltr' id='par_1_28' title="bbox 2467 1234 4066 1318">
     <span class='ocr_line' id='line_1_28' title="bbox 2467 1234 4066 1318; baseline 0.01 -34"><span class='ocrx_word' id='word_1_168' title='bbox 2467 1234 2768 1301; x_wconf 76' lang='grc' dir='ltr'>τράπεζαν,</span> <span class='ocrx_word' id='word_1_169' title='bbox 2805 1235 3007 1300; x_wconf 79' lang='grc' dir='ltr'>ἔξωθεν</span> <span class='ocrx_word' id='word_1_170' title='bbox 3047 1237 3104 1292; x_wconf 84' lang='grc' dir='ltr'>δὲ</span> <span class='ocrx_word' id='word_1_171' title='bbox 3133 1241 3228 1312; x_wconf 81' lang='grc' dir='ltr'>τοῦ</span> <span class='ocrx_word' id='word_1_172' title='bbox 3267 1241 3512 1312; x_wconf 81' lang='grc' dir='ltr'><strong>βήματος</strong></span> <span class='ocrx_word' id='word_1_173' title='bbox 3538 1245 3903 1301; x_wconf 76' lang='grc' dir='ltr'>Ἀναστασέαν</span> <span class='ocrx_word' id='word_1_174' title='bbox 3958 1248 4066 1318; x_wconf 79' lang='grc' dir='ltr'>τὴν</span> 
     </span>
    </p>
   </div>
   <div class='ocr_carea' id='block_1_29' title="bbox 2468 1324 4064 1406">
    <p class='ocr_par' dir='ltr' id='par_1_29' title="bbox 2468 1324 4064 1406">
     <span class='ocr_line' id='line_1_29' title="bbox 2468 1324 4064 1406; baseline 0.009 -31"><span class='ocrx_word' id='word_1_175' title='bbox 2468 1324 2563 1376; x_wconf 81' lang='grc' dir='ltr'>τοῦ</span> <span class='ocrx_word' id='word_1_176' title='bbox 2592 1324 2820 1398; x_wconf 57' lang='grc' dir='ltr'>[Ρμιιθ]</span> <span class='ocrx_word' id='word_1_177' title='bbox 2849 1329 3057 1400; x_wconf 75' lang='grc' dir='ltr'>πατρὸς</span> <span class='ocrx_word' id='word_1_178' title='bbox 3085 1331 3250 1384; x_wconf 82' lang='grc' dir='ltr'>αὐτοῦ</span> <span class='ocrx_word' id='word_1_179' title='bbox 3285 1335 3518 1405; x_wconf 82' lang='grc' dir='ltr'>μητέρα,</span> <span class='ocrx_word' id='word_1_180' title='bbox 3547 1337 3670 1406; x_wconf 79' lang='grc' dir='ltr'>ἥτις</span> <span class='ocrx_word' id='word_1_181' title='bbox 3704 1338 3874 1390; x_wconf 79' lang='grc' dir='ltr'>πολλὰ</span> <span class='ocrx_word' id='word_1_182' title='bbox 3898 1338 4064 1390; x_wconf 79' lang='grc' dir='ltr'>ἐδυσ-</span> 
     </span>
    </p>
   </div>
   <div class='ocr_carea' id='block_1_30' title="bbox 2467 1413 4062 1493">
    <p class='ocr_par' dir='ltr' id='par_1_30' title="bbox 2467 1413 4062 1493">
     <span class='ocr_line' id='line_1_30' title="bbox 2467 1413 4062 1493; baseline 0.009 -28"><span class='ocrx_word' id='word_1_183' title='bbox 2467 1413 2607 1468; x_wconf 81' lang='grc' dir='ltr'>ώπει</span> <span class='ocrx_word' id='word_1_184' title='bbox 2637 1415 2796 1469; x_wconf 81' lang='grc' dir='ltr'>αὐτὸν</span> <span class='ocrx_word' id='word_1_185' title='bbox 2830 1418 2904 1487; x_wconf 83' lang='grc' dir='ltr'>μὴ</span> <span class='ocrx_word' id='word_1_186' title='bbox 2940 1419 3148 1473; x_wconf 81' lang='grc' dir='ltr'><strong>ἀνελεῖν</strong></span> <span class='ocrx_word' id='word_1_187' title='bbox 3183 1422 3454 1493; x_wconf 84' lang='grc' dir='ltr'>Τιϐέριον.</span> <span class='ocrx_word' id='word_1_188' title='bbox 3505 1427 3596 1479; x_wconf 80' lang='grc' dir='ltr'>Ἑν</span> <span class='ocrx_word' id='word_1_189' title='bbox 3625 1428 3834 1490; x_wconf 75' lang='grc' dir='ltr'><strong>τούτοις</strong></span> <span class='ocrx_word' id='word_1_190' title='bbox 3865 1429 4062 1482; x_wconf 74' lang='grc' dir='ltr'>Ἰωάν-</span> 
     </span>
    </p>
   </div>
   <div class='ocr_carea' id='block_1_31' title="bbox 2468 1508 4065 1592">
    <p class='ocr_par' dir='ltr' id='par_1_31' title="bbox 2468 1508 4065 1592">
     <span class='ocr_line' id='line_1_31' title="bbox 2468 1508 4065 1592; baseline 0.016 -34"><span class='ocrx_word' id='word_1_191' title='bbox 2468 1525 2563 1576; x_wconf 83' lang='grc' dir='ltr'><strong>νης</strong></span> <span class='ocrx_word' id='word_1_192' title='bbox 2598 1508 2769 1562; x_wconf 82' lang='grc' dir='ltr'>ἐλθὼν</span> <span class='ocrx_word' id='word_1_193' title='bbox 2801 1511 2893 1582; x_wconf 76' lang='grc' dir='ltr'><strong>βίᾳ</strong></span> <span class='ocrx_word' id='word_1_194' title='bbox 2923 1512 3239 1584; x_wconf 76' lang='grc' dir='ltr'><strong>ἀφαρπάζει</strong></span> <span class='ocrx_word' id='word_1_195' title='bbox 3289 1517 3383 1572; x_wconf 80' lang='grc' dir='ltr'>τοῦ</span> <span class='ocrx_word' id='word_1_196' title='bbox 3417 1519 3660 1590; x_wconf 76' lang='grc' dir='ltr'>βήματος</span> <span class='ocrx_word' id='word_1_197' title='bbox 3689 1523 3784 1574; x_wconf 70' lang='grc' dir='ltr'><strong>τὸν</strong></span> <span class='ocrx_word' id='word_1_198' title='bbox 3815 1522 3924 1575; x_wconf 74' lang='grc' dir='ltr'><strong>ἀπὸ</strong></span> <span class='ocrx_word' id='word_1_199' title='bbox 3956 1522 4065 1592; x_wconf 81' lang='grc' dir='ltr'><strong>τῆς</strong></span> 
     </span>
    </p>
   </div>
   <div class='ocr_carea' id='block_1_32' title="bbox 2467 1597 4068 1681">
    <p class='ocr_par' dir='ltr' id='par_1_32' title="bbox 2467 1597 4068 1681">
     <span class='ocr_line' id='line_1_32' title="bbox 2467 1597 4068 1681; baseline 0.011 -33"><span class='ocrx_word' id='word_1_200' title='bbox 2467 1597 2728 1667; x_wconf 74' lang='grc' dir='ltr'>Χαζάρας</span> <span class='ocrx_word' id='word_1_201' title='bbox 2759 1599 3033 1672; x_wconf 86' lang='grc' dir='ltr'>Τιϐέριον,</span> <span class='ocrx_word' id='word_1_202' title='bbox 3069 1605 3162 1658; x_wconf 78' lang='grc' dir='ltr'><strong>καὶ</strong></span> <span class='ocrx_word' id='word_1_203' title='bbox 3187 1605 3247 1659; x_wconf 82' lang='grc' dir='ltr'>ἐν</span> <span class='ocrx_word' id='word_1_204' title='bbox 3270 1607 3350 1676; x_wconf 84' lang='grc' dir='ltr'>τῷ</span> <span class='ocrx_word' id='word_1_205' title='bbox 3378 1608 3479 1677; x_wconf 82' lang='grc' dir='ltr'>τῆς</span> <span class='ocrx_word' id='word_1_206' title='bbox 3515 1610 3840 1663; x_wconf 80' lang='grc' dir='ltr'>Καλλινέκου</span> <span class='ocrx_word' id='word_1_207' title='bbox 3879 1629 4068 1681; x_wconf 74' lang='grc' dir='ltr'>παρα-</span> 
     </span>
    </p>
   </div>
   <div class='ocr_carea' id='block_1_33' title="bbox 2470 1691 4064 1774">
    <p class='ocr_par' dir='ltr' id='par_1_33' title="bbox 2470 1691 4064 1774">
     <span class='ocr_line' id='line_1_33' title="bbox 2470 1691 4064 1774; baseline 0.011 -33"><span class='ocrx_word' id='word_1_208' title='bbox 2470 1691 2676 1761; x_wconf 78' lang='grc' dir='ltr'>πορτίῳ</span> <span class='ocrx_word' id='word_1_209' title='bbox 2711 1694 2824 1761; x_wconf 61' lang='grc'><strong>(54)</strong></span> <span class='ocrx_word' id='word_1_210' title='bbox 2863 1694 3110 1750; x_wconf 73' lang='grc' dir='ltr'>ἐκϐαλὼν</span> <span class='ocrx_word' id='word_1_211' title='bbox 3153 1698 3312 1769; x_wconf 80' lang='grc' dir='ltr'>δίκην</span> <span class='ocrx_word' id='word_1_212' title='bbox 3355 1701 3631 1769; x_wconf 84' lang='grc' dir='ltr'>προϐάτου</span> <span class='ocrx_word' id='word_1_213' title='bbox 3689 1705 4064 1774; x_wconf 80' lang='grc' dir='ltr'>ἐλαρυγγοτό·</span> 
     </span>
    </p>
   </div>
   <div class='ocr_carea' id='block_1_34' title="bbox 2470 1780 4064 1863">
    <p class='ocr_par' dir='ltr' id='par_1_34' title="bbox 2470 1780 4064 1863">
     <span class='ocr_line' id='line_1_34' title="bbox 2470 1780 4064 1863; baseline 0.011 -33"><span class='ocrx_word' id='word_1_214' title='bbox 2470 1795 2663 1848; x_wconf 81' lang='grc' dir='ltr'>μησεν.</span> <span class='ocrx_word' id='word_1_215' title='bbox 2706 1780 2767 1834; x_wconf 85' lang='lat'><strong>&#39;0</strong></span> <span class='ocrx_word' id='word_1_216' title='bbox 2805 1782 2862 1835; x_wconf 85' lang='grc' dir='ltr'>δὲ</span> <span class='ocrx_word' id='word_1_217' title='bbox 2889 1785 3087 1849; x_wconf 77' lang='grc' dir='ltr'>’Ἠλίας</span> <span class='ocrx_word' id='word_1_218' title='bbox 3118 1789 3197 1850; x_wconf 87' lang='grc' dir='ltr'>εἰς</span> <span class='ocrx_word' id='word_1_219' title='bbox 3226 1788 3418 1856; x_wconf 81' lang='grc' dir='ltr'>λόγους</span> <span class='ocrx_word' id='word_1_220' title='bbox 3449 1791 3621 1845; x_wconf 73' lang='grc' dir='ltr'>ἐλθὼν</span> <span class='ocrx_word' id='word_1_221' title='bbox 3666 1793 3745 1863; x_wconf 83' lang='grc' dir='ltr'>τῷ</span> <span class='ocrx_word' id='word_1_222' title='bbox 3780 1795 3920 1862; x_wconf 75' lang='grc' dir='ltr'>μετὰ</span> <span class='ocrx_word' id='word_1_223' title='bbox 3961 1796 4064 1847; x_wconf 72' lang='grc' dir='ltr'>τοῦ</span> 
     </span>
    </p>
   </div>
   <div class='ocr_carea' id='block_1_35' title="bbox 2392 1856 4068 1954">
    <p class='ocr_par' dir='ltr' id='par_1_35' title="bbox 2392 1856 4068 1954">
     <span class='ocr_line' id='line_1_35' title="bbox 2392 1856 4068 1954; baseline 0.009 -34"><span class='ocrx_word' id='word_1_224' title='bbox 2392 1856 2440 1915; x_wconf 87' lang='grc' dir='ltr'><strong>Β</strong></span> <span class='ocrx_word' id='word_1_225' title='bbox 2468 1869 2852 1926; x_wconf 82' lang='grc' dir='ltr'>Ἰουστινιανοῦ</span> <span class='ocrx_word' id='word_1_226' title='bbox 2895 1876 3112 1945; x_wconf 86' lang='grc' dir='ltr'>στρατῷ</span> <span class='ocrx_word' id='word_1_227' title='bbox 3141 1879 3237 1931; x_wconf 79' lang='grc' dir='ltr'><strong>καὶ</strong></span> <span class='ocrx_word' id='word_1_228' title='bbox 3266 1879 3426 1948; x_wconf 86' lang='grc' dir='ltr'>λόγον</span> <span class='ocrx_word' id='word_1_229' title='bbox 3457 1856 3726 1944; x_wconf 61' lang='grc' dir='ltr'>ἀπαθείας</span> <span class='ocrx_word' id='word_1_230' title='bbox 3745 1856 3869 1949; x_wconf 78' lang='grc' dir='ltr'>δοὺς</span> <span class='ocrx_word' id='word_1_231' title='bbox 3907 1886 4068 1954; x_wconf 80' lang='grc' dir='ltr'>αὐτῷ</span> 
     </span>
    </p>
   </div>
   <div class='ocr_carea' id='block_1_36' title="bbox 783 1943 4065 2044">
    <p class='ocr_par' dir='ltr' id='par_1_36' title="bbox 783 1943 4065 2044">
     <span class='ocr_line' id='line_1_36' title="bbox 783 1943 4065 2044; baseline 0.011 -53"><span class='ocrx_word' id='word_1_232' title='bbox 783 1943 921 2011; x_wconf 59' lang='grc' dir='ltr'>πρὸς</span> <span class='ocrx_word' id='word_1_233' title='bbox 959 1946 1152 2020; x_wconf 79' lang='grc' dir='ltr'>ἑαυτὸν</span> <span class='ocrx_word' id='word_1_234' title='bbox 1193 1947 1433 2002; x_wconf 78' lang='grc' dir='ltr'>εἵλκυσε.</span> <span class='ocrx_word' id='word_1_235' title='bbox 1472 1951 1650 2005; x_wconf 74' lang='grc' dir='ltr'>Μόνον</span> <span class='ocrx_word' id='word_1_236' title='bbox 1689 1953 1745 2005; x_wconf 88' lang='grc' dir='ltr'>δὲ</span> <span class='ocrx_word' id='word_1_237' title='bbox 1777 1954 2197 2022; x_wconf 80' lang='grc' dir='ltr'>ὑπολειφθέντος</span> <span class='ocrx_word' id='word_1_238' title='bbox 2222 1957 2632 2029; x_wconf 80' lang='grc' dir='ltr'>ἰουστινιανοῦ,</span> <span class='ocrx_word' id='word_1_239' title='bbox 2665 1967 2722 2018; x_wconf 82' lang='grc' dir='ltr'>ἐν</span> <span class='ocrx_word' id='word_1_240' title='bbox 2789 1943 3353 2040; x_wconf 37' lang='grc' dir='ltr'><strong>θυμῷ-δραξάμενος⁷</strong></span> <span class='ocrx_word' id='word_1_241' title='bbox 3395 1971 3492 2026; x_wconf 83' lang='grc' dir='ltr'>τοῦ</span> <span class='ocrx_word' id='word_1_242' title='bbox 3557 1975 3826 2044; x_wconf 83' lang='grc' dir='ltr'>τραχήλου</span> <span class='ocrx_word' id='word_1_243' title='bbox 3849 1943 3863 1949; x_wconf 43' lang='lat'><strong>-</strong></span> <span class='ocrx_word' id='word_1_244' title='bbox 3889 1943 4065 2030; x_wconf 63' lang='grc' dir='ltr'><strong>αὖτ’)ιῖ</strong></span> 
     </span>
    </p>
   </div>
   <div class='ocr_carea' id='block_1_37' title="bbox 784 2037 4069 2144">
    <p class='ocr_par' dir='ltr' id='par_1_37' title="bbox 784 2037 4069 2144">
     <span class='ocr_line' id='line_1_37' title="bbox 784 2037 4069 2144; baseline 0.012 -55"><span class='ocrx_word' id='word_1_245' title='bbox 784 2037 972 2091; x_wconf 73' lang='grc' dir='ltr'>ἰιλξας</span> <span class='ocrx_word' id='word_1_246' title='bbox 1005 2039 1084 2109; x_wconf 80' lang='grc' dir='ltr'>τῷ</span> <span class='ocrx_word' id='word_1_247' title='bbox 1129 2045 1469 2114; x_wconf 78' lang='grc' dir='ltr'>παραμηρεῳ</span> <span class='ocrx_word' id='word_1_248' title='bbox 1517 2048 1616 2117; x_wconf 82' lang='grc' dir='ltr'>τὴν</span> <span class='ocrx_word' id='word_1_249' title='bbox 1653 2049 1896 2120; x_wconf 72' lang='grc' dir='ltr'>κεφαλὴν</span> <span class='ocrx_word' id='word_1_250' title='bbox 1932 2051 2098 2105; x_wconf 82' lang='grc' dir='ltr'>αὑτοῦ</span> <span class='ocrx_word' id='word_1_251' title='bbox 2144 2052 2366 2128; x_wconf 78' lang='grc' dir='ltr'>ἐξέτεμε</span> <span class='ocrx_word' id='word_1_252' title='bbox 2407 2061 2670 2130; x_wconf 73' lang='grc' dir='ltr'>καὶπρὸς</span> <span class='ocrx_word' id='word_1_253' title='bbox 2694 2037 3026 2119; x_wconf 42' lang='grc' dir='ltr'><strong>φιλιππιίκδ»)</strong></span> <span class='ocrx_word' id='word_1_254' title='bbox 3041 2037 3384 2124; x_wconf 72' lang='grc' dir='ltr'>ἀπέστειλεν.</span> <span class='ocrx_word' id='word_1_255' title='bbox 3414 2037 3604 2134; x_wconf 41' lang='grc' dir='ltr'>Αὐτὸς.</span> <span class='ocrx_word' id='word_1_256' title='bbox 3643 2037 3857 2144; x_wconf 53' lang='grc' dir='ltr'>ἐξεδίρι</span> <span class='ocrx_word' id='word_1_257' title='bbox 3925 2073 4069 2127; x_wconf 80' lang='grc' dir='ltr'><strong>Ῥώ-</strong></span> 
     </span>
    </p>
   </div>
   <div class='ocr_carea' id='block_1_38' title="bbox 787 2136 1476 2209">
    <p class='ocr_par' dir='ltr' id='par_1_38' title="bbox 787 2136 1476 2209">
     <span class='ocr_line' id='line_1_38' title="bbox 787 2136 1476 2209; baseline 0.01 -22"><span class='ocrx_word' id='word_1_258' title='bbox 787 2153 893 2206; x_wconf 81' lang='grc' dir='ltr'><strong>μης</strong></span> <span class='ocrx_word' id='word_1_259' title='bbox 923 2136 1126 2207; x_wconf 80' lang='grc' dir='ltr'>ταύτην</span> <span class='ocrx_word' id='word_1_260' title='bbox 1153 2139 1476 2209; x_wconf 67' lang='grc' dir='ltr'>ἐξέπεμψεν.</span> 
     </span>
    </p>
   </div>
   <div class='ocr_carea' id='block_1_39' title="bbox 854 2231 2363 2304">
    <p class='ocr_par' dir='ltr' id='par_1_39' title="bbox 854 2231 2363 2304">
     <span class='ocr_line' id='line_1_39' title="bbox 854 2231 2363 2304; baseline 0.013 -20"><span class='ocrx_word' id='word_1_261' title='bbox 854 2231 1125 2285; x_wconf 63' lang='lat' dir='ltr'><strong>Caeterum</strong></span> <span class='ocrx_word' id='word_1_262' title='bbox 1156 2233 1202 2287; x_wconf 90' lang='lat' dir='ltr'><strong>is</strong></span> <span class='ocrx_word' id='word_1_263' title='bbox 1232 2233 1298 2287; x_wconf 91' lang='lat' dir='ltr'><strong>de</strong></span> <span class='ocrx_word' id='word_1_264' title='bbox 1335 2246 1444 2302; x_wconf 82' lang='lat' dir='ltr'><strong>quo</strong></span> <span class='ocrx_word' id='word_1_265' title='bbox 1479 2244 1607 2291; x_wconf 88' lang='lat' dir='ltr'><strong>ante</strong></span> <span class='ocrx_word' id='word_1_266' title='bbox 1663 2237 1908 2296; x_wconf 75' lang='lat' dir='ltr'><strong>diximus</strong></span> <span class='ocrx_word' id='word_1_267' title='bbox 1952 2241 2363 2304; x_wconf 89' lang='lat' dir='ltr'><strong>Callistratieus</strong></span> 
     </span>
    </p>
   </div>
   <div class='ocr_carea' id='block_1_40' title="bbox 787 2325 2366 2409">
    <p class='ocr_par' dir='ltr' id='par_1_40' title="bbox 787 2325 2366 2409">
     <span class='ocr_line' id='line_1_40' title="bbox 787 2325 2366 2409; baseline 0.013 -36"><span class='ocrx_word' id='word_1_268' title='bbox 787 2325 1109 2386; x_wconf 86' lang='lat' dir='ltr'><strong>monachus,</strong></span> <span class='ocrx_word' id='word_1_269' title='bbox 1134 2325 1425 2381; x_wconf 72' lang='lat' dir='ltr'><strong>luerctieus</strong></span> <span class='ocrx_word' id='word_1_270' title='bbox 1447 2338 1498 2381; x_wconf 91' lang='lat' dir='ltr'><strong>et</strong></span> <span class='ocrx_word' id='word_1_271' title='bbox 1525 2337 1897 2400; x_wconf 85' lang='lat' dir='ltr'><strong>astronontus,</strong></span> <span class='ocrx_word' id='word_1_272' title='bbox 1917 2350 2038 2391; x_wconf 89' lang='lat' dir='ltr'><strong>cum</strong></span> <span class='ocrx_word' id='word_1_273' title='bbox 2060 2337 2366 2409; x_wconf 80' lang='lat' dir='ltr'><strong>Philippica</strong></span> 
     </span>
    </p>
   </div>
   <div class='ocr_carea' id='block_1_41' title="bbox 791 2417 2368 2500">
    <p class='ocr_par' dir='ltr' id='par_1_41' title="bbox 791 2417 2368 2500">
     <span class='ocr_line' id='line_1_41' title="bbox 791 2417 2368 2500; baseline 0.015 -35"><span class='ocrx_word' id='word_1_274' title='bbox 791 2417 1083 2484; x_wconf 76' lang='lat' dir='ltr'><strong>imperium</strong></span> <span class='ocrx_word' id='word_1_275' title='bbox 1123 2419 1384 2474; x_wconf 78' lang='lat' dir='ltr'><strong>vaticinia</strong></span> <span class='ocrx_word' id='word_1_276' title='bbox 1421 2425 1788 2491; x_wconf 86' lang='lat' dir='ltr'><strong>promitteret,</strong></span> <span class='ocrx_word' id='word_1_277' title='bbox 1834 2427 1935 2481; x_wconf 86' lang='lat' dir='ltr'><strong>hoc</strong></span> <span class='ocrx_word' id='word_1_278' title='bbox 1963 2445 2189 2500; x_wconf 89' lang='lat' dir='ltr'><strong>quoque</strong></span> <span class='ocrx_word' id='word_1_279' title='bbox 2213 2433 2368 2488; x_wconf 82' lang='lat' dir='ltr'><strong>abeo</strong></span> 
     </span>
    </p>
   </div>
   <div class='ocr_carea' id='block_1_42' title="bbox 788 2510 2366 2594">
    <p class='ocr_par' dir='ltr' id='par_1_42' title="bbox 788 2510 2366 2594">
     <span class='ocr_line' id='line_1_42' title="bbox 788 2510 2366 2594; baseline 0.014 -33"><span class='ocrx_word' id='word_1_280' title='bbox 788 2510 1083 2576; x_wconf 86' lang='lat' dir='ltr'><strong>stipulatus</strong></span> <span class='ocrx_word' id='word_1_281' title='bbox 1119 2511 1313 2576; x_wconf 86' lang='lat' dir='ltr'><strong>fuerat,</strong></span> <span class='ocrx_word' id='word_1_282' title='bbox 1343 2523 1399 2566; x_wconf 91' lang='lat' dir='ltr'><strong>ut</strong></span> <span class='ocrx_word' id='word_1_283' title='bbox 1441 2531 1508 2570; x_wconf 91' lang='lat' dir='ltr'><strong>eo</strong></span> <span class='ocrx_word' id='word_1_284' title='bbox 1540 2519 1744 2586; x_wconf 88' lang='lat' dir='ltr'><strong>potitus</strong></span> <span class='ocrx_word' id='word_1_285' title='bbox 1801 2528 2010 2574; x_wconf 77' lang='lat' dir='ltr'><strong>sextam</strong></span> <span class='ocrx_word' id='word_1_286' title='bbox 2072 2526 2366 2594; x_wconf 85' lang='lat' dir='ltr'><strong>synodum.</strong></span> 
     </span>
    </p>
   </div>
   <div class='ocr_carea' id='block_1_43' title="bbox 787 2604 2368 2683">
    <p class='ocr_par' dir='ltr' id='par_1_43' title="bbox 787 2604 2368 2683">
     <span class='ocr_line' id='line_1_43' title="bbox 787 2604 2368 2683; baseline 0.013 -32"><span class='ocrx_word' id='word_1_287' title='bbox 787 2604 991 2672; x_wconf 85' lang='lat' dir='ltr'><strong>quippe</strong></span> <span class='ocrx_word' id='word_1_288' title='bbox 1023 2619 1190 2672; x_wconf 79' lang='lat' dir='ltr'><strong>prave</strong></span> <span class='ocrx_word' id='word_1_289' title='bbox 1239 2615 1442 2670; x_wconf 86' lang='lat' dir='ltr'><strong>actam,</strong></span> <span class='ocrx_word' id='word_1_290' title='bbox 1500 2609 1778 2664; x_wconf 78' lang='lat' dir='ltr'><strong>abolcrct:</strong></span> <span class='ocrx_word' id='word_1_291' title='bbox 1838 2613 1911 2665; x_wconf 85' lang='lat' dir='ltr'><strong>ita</strong></span> <span class='ocrx_word' id='word_1_292' title='bbox 1972 2616 2261 2683; x_wconf 89' lang='lat' dir='ltr'><strong>imperium</strong></span> <span class='ocrx_word' id='word_1_293' title='bbox 2318 2620 2368 2671; x_wconf 93' lang='lat' dir='ltr'><strong>ei</strong></span> 
     </span>
    </p>
   </div>
   <div class='ocr_carea' id='block_1_44' title="bbox 789 2695 2369 2768">
    <p class='ocr_par' dir='ltr' id='par_1_44' title="bbox 789 2695 2369 2768">
     <span class='ocr_line' id='line_1_44' title="bbox 789 2695 2369 2768; baseline 0.01 -22"><span class='ocrx_word' id='word_1_294' title='bbox 789 2695 1108 2748; x_wconf 80' lang='lat' dir='ltr'><strong>diuturnum</strong></span> <span class='ocrx_word' id='word_1_295' title='bbox 1178 2697 1528 2768; x_wconf 88' lang='lat' dir='ltr'><strong>validumque</strong></span> <span class='ocrx_word' id='word_1_296' title='bbox 1612 2699 1749 2754; x_wconf 83' lang='lat' dir='ltr'><strong>fore.</strong></span> <span class='ocrx_word' id='word_1_297' title='bbox 1840 2701 2054 2757; x_wconf 67' lang='lat' dir='ltr'><strong>Iuravit</strong></span> <span class='ocrx_word' id='word_1_298' title='bbox 2153 2706 2254 2762; x_wconf 87' lang='lat' dir='ltr'><strong>hoc</strong></span> <span class='ocrx_word' id='word_1_299' title='bbox 2311 2724 2369 2762; x_wconf 88' lang='lat' dir='ltr'><strong>se</strong></span> 
     </span>
    </p>
   </div>
   <div class='ocr_carea' id='block_1_45' title="bbox 790 2787 2372 2866">
    <p class='ocr_par' dir='ltr' id='par_1_45' title="bbox 790 2787 2372 2866">
     <span class='ocr_line' id='line_1_45' title="bbox 790 2787 2372 2866; baseline 0.008 -25"><span class='ocrx_word' id='word_1_300' title='bbox 790 2787 1064 2842; x_wconf 87' lang='lat' dir='ltr'><strong>facturum</strong></span> <span class='ocrx_word' id='word_1_301' title='bbox 1113 2788 1472 2859; x_wconf 86' lang='lat' dir='ltr'><strong>Philippicus,</strong></span> <span class='ocrx_word' id='word_1_302' title='bbox 1545 2802 1598 2846; x_wconf 90' lang='lat' dir='ltr'><strong>et</strong></span> <span class='ocrx_word' id='word_1_303' title='bbox 1679 2794 1910 2863; x_wconf 86' lang='lat' dir='ltr'><strong>imperio</strong></span> <span class='ocrx_word' id='word_1_304' title='bbox 1983 2798 2210 2866; x_wconf 86' lang='lat' dir='ltr'><strong>potitus,</strong></span> <span class='ocrx_word' id='word_1_305' title='bbox 2291 2802 2372 2854; x_wconf 89' lang='lat' dir='ltr'><strong>uti</strong></span> 
     </span>
    </p>
   </div>
   <div class='ocr_carea' id='block_1_46' title="bbox 787 2882 2371 2960">
    <p class='ocr_par' dir='ltr' id='par_1_46' title="bbox 787 2882 2371 2960">
     <span class='ocr_line' id='line_1_46' title="bbox 787 2882 2371 2960; baseline 0.009 -28"><span class='ocrx_word' id='word_1_306' title='bbox 787 2882 978 2950; x_wconf 83' lang='lat' dir='ltr'><strong>jussus</strong></span> <span class='ocrx_word' id='word_1_307' title='bbox 1004 2882 1178 2936; x_wconf 80' lang='lat' dir='ltr'><strong>fuerat</strong></span> <span class='ocrx_word' id='word_1_308' title='bbox 1201 2883 1268 2936; x_wconf 84' lang='lat' dir='ltr'><strong>ab</strong></span> <span class='ocrx_word' id='word_1_309' title='bbox 1301 2884 1600 2953; x_wconf 86' lang='lat' dir='ltr'><strong>impostore</strong></span> <span class='ocrx_word' id='word_1_310' title='bbox 1648 2887 1939 2952; x_wconf 78' lang='lat' dir='ltr'><strong>monacho,</strong></span> <span class='ocrx_word' id='word_1_311' title='bbox 1975 2889 2117 2946; x_wconf 87' lang='lat' dir='ltr'><strong>falso</strong></span> <span class='ocrx_word' id='word_1_312' title='bbox 2157 2891 2371 2960; x_wconf 83' lang='lat' dir='ltr'><strong>episco-</strong></span> 
     </span>
    </p>
   </div>
   <div class='ocr_carea' id='block_1_47' title="bbox 793 2976 2370 3046">
    <p class='ocr_par' dir='ltr' id='par_1_47' title="bbox 793 2976 2370 3046">
     <span class='ocr_line' id='line_1_47' title="bbox 793 2976 2370 3046; baseline 0.01 -21"><span class='ocrx_word' id='word_1_313' title='bbox 793 2992 989 3046; x_wconf 88' lang='lat' dir='ltr'><strong>porttm</strong></span> <span class='ocrx_word' id='word_1_314' title='bbox 1043 2976 1252 3030; x_wconf 81' lang='lat' dir='ltr'><strong>indicto</strong></span> <span class='ocrx_word' id='word_1_315' title='bbox 1284 2978 1545 3041; x_wconf 91' lang='lat' dir='ltr'><strong>concilio,</strong></span> <span class='ocrx_word' id='word_1_316' title='bbox 1600 2989 1848 3034; x_wconf 90' lang='lat' dir='ltr'><strong>sanetam</strong></span> <span class='ocrx_word' id='word_1_317' title='bbox 1902 2990 1957 3036; x_wconf 90' lang='lat' dir='ltr'><strong>et</strong></span> <span class='ocrx_word' id='word_1_318' title='bbox 2004 2983 2370 3040; x_wconf 88' lang='lat' dir='ltr'><strong>universalem</strong></span> 
     </span>
    </p>
   </div>
   <div class='ocr_carea' id='block_1_48' title="bbox 795 3069 2372 3149">
    <p class='ocr_par' dir='ltr' id='par_1_48' title="bbox 795 3069 2372 3149">
     <span class='ocr_line' id='line_1_48' title="bbox 795 3069 2372 3149; baseline 0.008 -25"><span class='ocrx_word' id='word_1_319' title='bbox 795 3078 1006 3124; x_wconf 74' lang='lat' dir='ltr'><strong>soxtam</strong></span> <span class='ocrx_word' id='word_1_320' title='bbox 1033 3069 1303 3141; x_wconf 79' lang='lat' dir='ltr'><strong>synodum</strong></span> <span class='ocrx_word' id='word_1_321' title='bbox 1328 3071 1540 3126; x_wconf 89' lang='lat' dir='ltr'><strong>irritam</strong></span> <span class='ocrx_word' id='word_1_322' title='bbox 1563 3075 1960 3143; x_wconf 86' lang='lat' dir='ltr'><strong>pronuntiavit.</strong></span> <span class='ocrx_word' id='word_1_323' title='bbox 1985 3076 2104 3143; x_wconf 88' lang='lat' dir='ltr'><strong>Quo</strong></span> <span class='ocrx_word' id='word_1_324' title='bbox 2127 3087 2372 3149; x_wconf 83' lang='lat' dir='ltr'><strong>tempore</strong></span> 
     </span>
    </p>
   </div>
   <div class='ocr_carea' id='block_1_49' title="bbox 791 3164 2374 3242">
    <p class='ocr_par' dir='ltr' id='par_1_49' title="bbox 791 3164 2374 3242">
     <span class='ocr_line' id='line_1_49' title="bbox 791 3164 2374 3242; baseline 0.008 -26"><span class='ocrx_word' id='word_1_325' title='bbox 791 3180 968 3218; x_wconf 75' lang='lat' dir='ltr'><strong>vanus</strong></span> <span class='ocrx_word' id='word_1_326' title='bbox 1004 3164 1167 3218; x_wconf 89' lang='lat' dir='ltr'><strong>homo</strong></span> <span class='ocrx_word' id='word_1_327' title='bbox 1222 3165 1386 3218; x_wconf 87' lang='lat' dir='ltr'><strong>etiam</strong></span> <span class='ocrx_word' id='word_1_328' title='bbox 1419 3175 1503 3221; x_wconf 89' lang='lat' dir='ltr'><strong>est</strong></span> <span class='ocrx_word' id='word_1_329' title='bbox 1559 3175 1890 3223; x_wconf 73' lang='lat' dir='ltr'><strong>exctccatus.</strong></span> <span class='ocrx_word' id='word_1_330' title='bbox 1960 3169 2103 3241; x_wconf 78' lang='lat' dir='ltr'><strong>Cyro</strong></span> <span class='ocrx_word' id='word_1_331' title='bbox 2156 3189 2374 3242; x_wconf 86' lang='lat' dir='ltr'><strong>quoque</strong></span> 
     </span>
    </p>
   </div>
   <div class='ocr_carea' id='block_1_50' title="bbox 2555 2250 4065 2325">
    <p class='ocr_par' dir='ltr' id='par_1_50' title="bbox 2555 2250 4065 2325">
     <span class='ocr_line' id='line_1_50' title="bbox 2555 2250 4065 2325; baseline 0.003 -20"><span class='ocrx_word' id='word_1_332' title='bbox 2555 2251 2612 2305; x_wconf 84' lang='lat'><strong>&#39;0</strong></span> <span class='ocrx_word' id='word_1_333' title='bbox 2645 2251 2702 2304; x_wconf 85' lang='grc' dir='ltr'>δὲ</span> <span class='ocrx_word' id='word_1_334' title='bbox 2738 2250 3060 2322; x_wconf 66' lang='grc' dir='ltr'>προλεχθεὶς</span> <span class='ocrx_word' id='word_1_335' title='bbox 3092 2251 3345 2323; x_wconf 84' lang='grc' dir='ltr'>μοναχδς,</span> <span class='ocrx_word' id='word_1_336' title='bbox 3366 2252 3399 2307; x_wconf 76' lang='grc' dir='ltr'><strong>ὁ</strong></span> <span class='ocrx_word' id='word_1_337' title='bbox 3432 2254 3712 2324; x_wconf 75' lang='grc' dir='ltr'>αἱρετικὺς</span> <span class='ocrx_word' id='word_1_338' title='bbox 3739 2256 3833 2308; x_wconf 74' lang='grc' dir='ltr'><strong>καὶ</strong></span> <span class='ocrx_word' id='word_1_339' title='bbox 3857 2256 4065 2325; x_wconf 69' lang='grc' dir='ltr'>ἀστροο</span> 
     </span>
    </p>
   </div>
   <div class='ocr_carea' id='block_1_51' title="bbox 2470 2341 4067 2414">
    <p class='ocr_par' dir='ltr' id='par_1_51' title="bbox 2470 2341 4067 2414">
     <span class='ocr_line' id='line_1_51' title="bbox 2470 2341 4067 2414; baseline 0.001 -20"><span class='ocrx_word' id='word_1_340' title='bbox 2470 2343 2632 2410; x_wconf 75' lang='grc' dir='ltr'>νόμος</span> <span class='ocrx_word' id='word_1_341' title='bbox 2658 2341 2768 2395; x_wconf 79' lang='grc' dir='ltr'><strong>τῶν</strong></span> <span class='ocrx_word' id='word_1_342' title='bbox 2816 2342 3266 2408; x_wconf 78' lang='grc' dir='ltr'>Καλλιστράτων,</span> <span class='ocrx_word' id='word_1_343' title='bbox 3316 2343 3424 2413; x_wconf 77' lang='grc' dir='ltr'>πρὸ</span> <span class='ocrx_word' id='word_1_344' title='bbox 3449 2344 3544 2395; x_wconf 83' lang='grc' dir='ltr'><strong>τοῦ</strong></span> <span class='ocrx_word' id='word_1_345' title='bbox 3596 2343 3914 2414; x_wconf 77' lang='grc' dir='ltr'>βασιλεῦσαι</span> <span class='ocrx_word' id='word_1_346' title='bbox 3964 2345 4067 2396; x_wconf 73' lang='grc' dir='ltr'>Φι-</span> 
     </span>
    </p>
   </div>
   <div class='ocr_carea' id='block_1_52' title="bbox 2472 2434 4064 2506">
    <p class='ocr_par' dir='ltr' id='par_1_52' title="bbox 2472 2434 4064 2506">
     <span class='ocr_line' id='line_1_52' title="bbox 2472 2434 4064 2506; baseline 0.001 -22"><span class='ocrx_word' id='word_1_347' title='bbox 2472 2435 2734 2488; x_wconf 71' lang='grc' dir='ltr'>λιππικὸν</span> <span class='ocrx_word' id='word_1_348' title='bbox 2768 2436 3158 2504; x_wconf 77' lang='grc' dir='ltr'>ἐχρησμοδότει</span> <span class='ocrx_word' id='word_1_349' title='bbox 3205 2434 3357 2502; x_wconf 84' lang='grc' dir='ltr'>αὐτῷ</span> <span class='ocrx_word' id='word_1_350' title='bbox 3404 2436 3614 2505; x_wconf 86' lang='grc' dir='ltr'>λέγων·</span> <span class='ocrx_word' id='word_1_351' title='bbox 3657 2435 3814 2489; x_wconf 78' lang='grc' dir='ltr'>Ἐπεὶ</span> <span class='ocrx_word' id='word_1_352' title='bbox 3860 2438 3893 2505; x_wconf 79' lang='grc' dir='ltr'>ἡ</span> <span class='ocrx_word' id='word_1_353' title='bbox 3925 2435 4064 2506; x_wconf 75' lang='grc' dir='ltr'>ἕκτη</span> 
     </span>
    </p>
   </div>
   <div class='ocr_carea' id='block_1_53' title="bbox 2477 2528 4063 2601">
    <p class='ocr_par' dir='ltr' id='par_1_53' title="bbox 2477 2528 4063 2601">
     <span class='ocr_line' id='line_1_53' title="bbox 2477 2528 4063 2601; baseline 0 -21"><span class='ocrx_word' id='word_1_354' title='bbox 2477 2528 2690 2592; x_wconf 81' lang='grc' dir='ltr'>σύνοδος</span> <span class='ocrx_word' id='word_1_355' title='bbox 2716 2529 2901 2593; x_wconf 82' lang='grc' dir='ltr'>κακῶς</span> <span class='ocrx_word' id='word_1_356' title='bbox 2926 2530 3162 2598; x_wconf 76' lang='grc' dir='ltr'>ἐγένετο,</span> <span class='ocrx_word' id='word_1_357' title='bbox 3189 2531 3284 2584; x_wconf 78' lang='grc' dir='ltr'>ἐὰν</span> <span class='ocrx_word' id='word_1_358' title='bbox 3306 2529 3656 2601; x_wconf 80' lang='grc' dir='ltr'>βασιλεύσῃς,</span> <span class='ocrx_word' id='word_1_359' title='bbox 3683 2531 3835 2600; x_wconf 71' lang='grc' dir='ltr'>ῥῖψον</span> <span class='ocrx_word' id='word_1_360' title='bbox 3863 2529 4063 2598; x_wconf 76' lang='grc' dir='ltr'>αὐτὴν,</span> 
     </span>
    </p>
   </div>
   <div class='ocr_carea' id='block_1_54' title="bbox 2476 2620 4068 2694">
    <p class='ocr_par' dir='ltr' id='par_1_54' title="bbox 2476 2620 4068 2694">
     <span class='ocr_line' id='line_1_54' title="bbox 2476 2620 4068 2694; baseline 0.003 -23"><span class='ocrx_word' id='word_1_361' title='bbox 2476 2622 2570 2672; x_wconf 84' lang='grc' dir='ltr'><strong>καὶ</strong></span> <span class='ocrx_word' id='word_1_362' title='bbox 2609 2620 2865 2688; x_wconf 81' lang='grc' dir='ltr'>γενέσθαι</span> <span class='ocrx_word' id='word_1_363' title='bbox 2920 2639 3004 2675; x_wconf 88' lang='grc' dir='ltr'><strong>σοι</strong></span> <span class='ocrx_word' id='word_1_364' title='bbox 3049 2622 3163 2692; x_wconf 72' lang='grc' dir='ltr'>ἔχει</span> <span class='ocrx_word' id='word_1_365' title='bbox 3216 2626 3250 2694; x_wconf 78' lang='grc' dir='ltr'><strong>ἡ</strong></span> <span class='ocrx_word' id='word_1_366' title='bbox 3301 2623 3544 2694; x_wconf 79' lang='grc' dir='ltr'>βασιλεία</span> <span class='ocrx_word' id='word_1_367' title='bbox 3579 2624 3931 2694; x_wconf 81' lang='grc' dir='ltr'>πολυχρόνιος</span> <span class='ocrx_word' id='word_1_368' title='bbox 3967 2625 4068 2676; x_wconf 72' lang='grc' dir='ltr'><strong>καὶ</strong></span> 
     </span>
    </p>
   </div>
   <div class='ocr_carea' id='block_1_55' title="bbox 2476 2713 4064 2790">
    <p class='ocr_par' dir='ltr' id='par_1_55' title="bbox 2476 2713 4064 2790">
     <span class='ocr_line' id='line_1_55' title="bbox 2476 2713 4064 2790; baseline 0.002 -25"><span class='ocrx_word' id='word_1_369' title='bbox 2476 2713 2732 2782; x_wconf 82' lang='grc' dir='ltr'>κραταιά.</span> <span class='ocrx_word' id='word_1_370' title='bbox 2775 2713 2832 2766; x_wconf 86' lang='grc'><strong>’0</strong></span> <span class='ocrx_word' id='word_1_371' title='bbox 2860 2714 2917 2767; x_wconf 84' lang='grc' dir='ltr'>δὲ</span> <span class='ocrx_word' id='word_1_372' title='bbox 2955 2713 3208 2790; x_wconf 72' lang='grc' dir='ltr'>συνέθετο</span> <span class='ocrx_word' id='word_1_373' title='bbox 3243 2717 3364 2786; x_wconf 83' lang='grc' dir='ltr'>μεθ’</span> <span class='ocrx_word' id='word_1_374' title='bbox 3413 2717 3577 2786; x_wconf 80' lang='grc' dir='ltr'>ὅρκου</span> <span class='ocrx_word' id='word_1_375' title='bbox 3605 2715 3763 2769; x_wconf 73' lang='grc' dir='ltr'>τοῦτο</span> <span class='ocrx_word' id='word_1_376' title='bbox 3809 2717 4064 2786; x_wconf 74' lang='grc' dir='ltr'>ποιῆσαι.</span> 
     </span>
    </p>
   </div>
   <div class='ocr_carea' id='block_1_56' title="bbox 2479 2806 4070 2877">
    <p class='ocr_par' dir='ltr' id='par_1_56' title="bbox 2479 2806 4070 2877">
     <span class='ocr_line' id='line_1_56' title="bbox 2479 2806 4070 2877; baseline 0.001 -18"><span class='ocrx_word' id='word_1_377' title='bbox 2479 2806 2809 2869; x_wconf 80' lang='grc' dir='ltr'>Βασιλεύσας</span> <span class='ocrx_word' id='word_1_378' title='bbox 2831 2807 2889 2860; x_wconf 85' lang='grc' dir='ltr'>δὲ</span> <span class='ocrx_word' id='word_1_379' title='bbox 2915 2808 3140 2876; x_wconf 72' lang='grc' dir='ltr'>ἐποίησε</span> <span class='ocrx_word' id='word_1_380' title='bbox 3165 2808 3554 2877; x_wconf 77' lang='grc' dir='ltr'>ψευδοσύνοδον</span> <span class='ocrx_word' id='word_1_381' title='bbox 3576 2808 3894 2862; x_wconf 77' lang='grc' dir='ltr'>ἐπισκόπων</span> <span class='ocrx_word' id='word_1_382' title='bbox 3919 2809 4070 2861; x_wconf 74' lang='grc' dir='ltr'>κατὰ</span> 
     </span>
    </p>
   </div>
   <div class='ocr_carea' id='block_1_57' title="bbox 2474 2897 4069 2971">
    <p class='ocr_par' dir='ltr' id='par_1_57' title="bbox 2474 2897 4069 2971">
     <span class='ocr_line' id='line_1_57' title="bbox 2474 2897 4069 2971; baseline 0.002 -23"><span class='ocrx_word' id='word_1_383' title='bbox 2474 2898 2566 2949; x_wconf 87' lang='grc' dir='ltr'><strong>τδν</strong></span> <span class='ocrx_word' id='word_1_384' title='bbox 2608 2897 2764 2964; x_wconf 74' lang='grc' dir='ltr'>λόγον</span> <span class='ocrx_word' id='word_1_385' title='bbox 2798 2897 2892 2950; x_wconf 84' lang='grc' dir='ltr'>τοῦ</span> <span class='ocrx_word' id='word_1_386' title='bbox 2922 2897 3224 2966; x_wconf 76' lang='grc' dir='ltr'>ψευδαϐϐᾶ,</span> <span class='ocrx_word' id='word_1_387' title='bbox 3263 2899 3359 2952; x_wconf 75' lang='grc' dir='ltr'><strong>καὶ</strong></span> <span class='ocrx_word' id='word_1_388' title='bbox 3406 2899 3597 2971; x_wconf 66' lang='grc' dir='ltr'>ερριψε</span> <span class='ocrx_word' id='word_1_389' title='bbox 3625 2899 3726 2969; x_wconf 78' lang='grc' dir='ltr'>τὴν</span> <span class='ocrx_word' id='word_1_390' title='bbox 3770 2899 3934 2966; x_wconf 80' lang='grc' dir='ltr'>ἁγίαν</span> <span class='ocrx_word' id='word_1_391' title='bbox 3967 2902 4069 2951; x_wconf 79' lang='grc' dir='ltr'><strong>καὶ</strong></span> 
     </span>
    </p>
   </div>
   <div class='ocr_carea' id='block_1_58' title="bbox 2475 2989 4069 3060">
    <p class='ocr_par' dir='ltr' id='par_1_58' title="bbox 2475 2989 4069 3060">
     <span class='ocr_line' id='line_1_58' title="bbox 2475 2989 4069 3060; baseline -0.001 -19"><span class='ocrx_word' id='word_1_392' title='bbox 2475 2989 2863 3059; x_wconf 77' lang='grc' dir='ltr'>οἰκουμενικῆν</span> <span class='ocrx_word' id='word_1_393' title='bbox 2910 2989 3076 3057; x_wconf 82' lang='grc' dir='ltr'>’ἐκτην</span> <span class='ocrx_word' id='word_1_394' title='bbox 3130 2990 3371 3045; x_wconf 85' lang='grc' dir='ltr'>σύνοδον.</span> <span class='ocrx_word' id='word_1_395' title='bbox 3410 2993 3522 3045; x_wconf 73' lang='grc' dir='ltr'><strong>Καὶ</strong></span> <span class='ocrx_word' id='word_1_396' title='bbox 3566 2991 3646 3060; x_wconf 82' lang='grc' dir='ltr'>τῷ</span> <span class='ocrx_word' id='word_1_397' title='bbox 3684 2990 3835 3058; x_wconf 82' lang='grc' dir='ltr'>αύτῷ</span> <span class='ocrx_word' id='word_1_398' title='bbox 3883 2991 4069 3060; x_wconf 52' lang='grc' dir='ltr'><strong>κώνῳ</strong></span> 
     </span>
    </p>
   </div>
   <div class='ocr_carea' id='block_1_59' title="bbox 2479 3082 4067 3154">
    <p class='ocr_par' dir='ltr' id='par_1_59' title="bbox 2479 3082 4067 3154">
     <span class='ocr_line' id='line_1_59' title="bbox 2479 3082 4067 3154; baseline 0.003 -22"><span class='ocrx_word' id='word_1_399' title='bbox 2479 3082 2764 3152; x_wconf 67' lang='grc' dir='ltr'>ἐτυφλώθη</span> <span class='ocrx_word' id='word_1_400' title='bbox 2815 3083 2845 3136; x_wconf 85' lang='grc' dir='ltr'><strong>ὁ</strong></span> <span class='ocrx_word' id='word_1_401' title='bbox 2912 3083 3162 3154; x_wconf 78' lang='grc' dir='ltr'>μάταιος.</span> <span class='ocrx_word' id='word_1_402' title='bbox 3215 3085 3399 3154; x_wconf 81' lang='grc' dir='ltr'>Κῦρον</span> <span class='ocrx_word' id='word_1_403' title='bbox 3463 3085 3519 3137; x_wconf 81' lang='grc' dir='ltr'>δὲ</span> <span class='ocrx_word' id='word_1_404' title='bbox 3573 3084 3664 3136; x_wconf 81' lang='grc' dir='ltr'>τὸν</span> <span class='ocrx_word' id='word_1_405' title='bbox 3713 3085 4067 3154; x_wconf 74' lang='grc' dir='ltr'>πατριάρχην</span> 
     </span>
    </p>
   </div>
   <div class='ocr_carea' id='block_1_60' title="bbox 2480 3150 4066 3246">
    <p class='ocr_par' dir='ltr' id='par_1_60' title="bbox 2480 3150 4066 3246">
     <span class='ocr_line' id='line_1_60' title="bbox 2480 3150 4066 3246; baseline 0.003 -22"><span class='ocrx_word' id='word_1_406' title='bbox 2480 3173 2758 3243; x_wconf 80' lang='grc' dir='ltr'>ἐξωθήσας</span> <span class='ocrx_word' id='word_1_407' title='bbox 2788 3174 2886 3243; x_wconf 85' lang='grc' dir='ltr'>τῆς</span> <span class='ocrx_word' id='word_1_408' title='bbox 2911 3150 3265 3246; x_wconf 63' lang='grc' dir='ltr'>Ἐκκλησῗας,</span> <span class='ocrx_word' id='word_1_409' title='bbox 3298 3176 3556 3244; x_wconf 81' lang='grc' dir='ltr'>Ἰωάννην</span> <span class='ocrx_word' id='word_1_410' title='bbox 3587 3175 3678 3228; x_wconf 80' lang='grc' dir='ltr'>τὸν</span> <span class='ocrx_word' id='word_1_411' title='bbox 3709 3175 3875 3228; x_wconf 71' lang='grc' dir='ltr'>αὐτοῦ</span> <span class='ocrx_word' id='word_1_412' title='bbox 3907 3193 4066 3244; x_wconf 80' lang='grc' dir='ltr'>συμ-</span> 
     </span>
    </p>
   </div>
   <div class='ocr_carea' id='block_1_61' title="bbox 792 3258 2364 3340">
    <p class='ocr_par' dir='ltr' id='par_1_61' title="bbox 792 3258 2364 3337">
     <span class='ocr_line' id='line_1_61' title="bbox 792 3258 2364 3337; baseline 0.007 -27"><span class='ocrx_word' id='word_1_413' title='bbox 792 3259 1106 3328; x_wconf 66' lang='lat' dir='ltr'><strong>pat&#39;iarclia</strong></span> <span class='ocrx_word' id='word_1_414' title='bbox 1195 3258 1508 3325; x_wconf 79' lang='lat' dir='ltr'><strong>exturbato,</strong></span> <span class='ocrx_word' id='word_1_415' title='bbox 1564 3258 1826 3315; x_wconf 86' lang='lat' dir='ltr'><strong>Joannem</strong></span> <span class='ocrx_word' id='word_1_416' title='bbox 1903 3277 2014 3317; x_wconf 68' lang='lat' dir='ltr'><strong>sua:</strong></span> <span class='ocrx_word' id='word_1_417' title='bbox 2078 3265 2364 3337; x_wconf 75' lang='lat' dir='ltr'><strong>impietatis</strong></span> 
     </span>
    </p>
   </div>
   <div class='ocr_carea' id='block_1_62' title="bbox 2471 3258 3604 3340">
    <p class='ocr_par' dir='ltr' id='par_1_62' title="bbox 2484 3266 3604 3339">
     <span class='ocr_line' id='line_1_62' title="bbox 2484 3266 3604 3339; baseline 0.004 -21"><span class='ocrx_word' id='word_1_418' title='bbox 2484 3266 2692 3337; x_wconf 81' lang='grc' dir='ltr'>μύστην</span> <span class='ocrx_word' id='word_1_419' title='bbox 2719 3268 2812 3319; x_wconf 80' lang='grc' dir='ltr'><strong>καὶ</strong></span> <span class='ocrx_word' id='word_1_420' title='bbox 2845 3269 3222 3332; x_wconf 85' lang='grc' dir='ltr'>συναιρετικὸν</span> <span class='ocrx_word' id='word_1_421' title='bbox 3252 3268 3604 3339; x_wconf 86' lang='grc' dir='ltr'>προεϐάλετο.</span> 
     </span>
    </p>
   </div>
   <div class='ocr_carea' id='block_1_63' title="bbox 795 3349 1816 3417">
    <p class='ocr_par' dir='ltr' id='par_1_63' title="bbox 795 3349 1816 3417">
     <span class='ocr_line' id='line_1_63' title="bbox 795 3349 1816 3417; baseline 0.005 -13"><span class='ocrx_word' id='word_1_422' title='bbox 795 3351 1006 3404; x_wconf 74' lang='lat' dir='ltr'><strong>socium</strong></span> <span class='ocrx_word' id='word_1_423' title='bbox 1038 3350 1085 3402; x_wconf 89' lang='lat' dir='ltr'><strong>ei</strong></span> <span class='ocrx_word' id='word_1_424' title='bbox 1119 3349 1258 3402; x_wconf 91' lang='lat' dir='ltr'><strong>solio</strong></span> <span class='ocrx_word' id='word_1_425' title='bbox 1283 3350 1568 3417; x_wconf 17' lang='lat' dir='ltr'><strong>przefecit.‘</strong></span> <span class='ocrx_word' id='word_1_426' title='bbox 1812 3405 1816 3409; x_wconf 93' lang='lat'><strong>.</strong></span> 
     </span>
    </p>
   </div>
   <div class='ocr_carea' id='block_1_64' title="bbox 866 3441 2372 3516">
    <p class='ocr_par' dir='ltr' id='par_1_64' title="bbox 866 3441 2372 3516">
     <span class='ocr_line' id='line_1_64' title="bbox 866 3441 2372 3516; baseline 0.007 -23"><span class='ocrx_word' id='word_1_427' title='bbox 866 3441 991 3494; x_wconf 88' lang='lat' dir='ltr'><strong>Fuit</strong></span> <span class='ocrx_word' id='word_1_428' title='bbox 1017 3441 1104 3494; x_wconf 86' lang='lat' dir='ltr'><strong>hic</strong></span> <span class='ocrx_word' id='word_1_429' title='bbox 1145 3441 1506 3512; x_wconf 80' lang='lat' dir='ltr'><strong>Pliilippicus,</strong></span> <span class='ocrx_word' id='word_1_430' title='bbox 1556 3454 1920 3514; x_wconf 80' lang='lat' dir='ltr'><strong>cognomento</strong></span> <span class='ocrx_word' id='word_1_431' title='bbox 1969 3445 2276 3516; x_wconf 90' lang='lat' dir='ltr'><strong>Bardanes,</strong></span> <span class='ocrx_word' id='word_1_432' title='bbox 2319 3451 2372 3504; x_wconf 87' lang='lat' dir='ltr'><strong>in</strong></span> 
     </span>
    </p>
   </div>
   <div class='ocr_carea' id='block_1_65' title="bbox 793 3530 2372 3602">
    <p class='ocr_par' dir='ltr' id='par_1_65' title="bbox 793 3530 2372 3602">
     <span class='ocr_line' id='line_1_65' title="bbox 793 3530 2372 3602; baseline 0.006 -17"><span class='ocrx_word' id='word_1_433' title='bbox 793 3531 1070 3600; x_wconf 91' lang='lat' dir='ltr'><strong>colloquio</strong></span> <span class='ocrx_word' id='word_1_434' title='bbox 1096 3530 1364 3586; x_wconf 81' lang='lat' dir='ltr'><strong>facundus</strong></span> <span class='ocrx_word' id='word_1_435' title='bbox 1414 3540 1578 3601; x_wconf 90' lang='lat' dir='ltr'><strong>atque</strong></span> <span class='ocrx_word' id='word_1_436' title='bbox 1612 3532 1852 3602; x_wconf 87' lang='lat' dir='ltr'><strong>prudens</strong></span> <span class='ocrx_word' id='word_1_437' title='bbox 1887 3535 2131 3600; x_wconf 82' lang='lat' dir='ltr'><strong>habitus,</strong></span> <span class='ocrx_word' id='word_1_438' title='bbox 2175 3539 2269 3593; x_wconf 89' lang='lat' dir='ltr'><strong>sed</strong></span> <span class='ocrx_word' id='word_1_439' title='bbox 2319 3539 2372 3593; x_wconf 91' lang='lat' dir='ltr'><strong>in</strong></span> 
     </span>
    </p>
   </div>
   <div class='ocr_carea' id='block_1_66' title="bbox 796 3625 2375 3696">
    <p class='ocr_par' dir='ltr' id='par_1_66' title="bbox 796 3625 2375 3696">
     <span class='ocr_line' id='line_1_66' title="bbox 796 3625 2375 3696; baseline 0.005 -17"><span class='ocrx_word' id='word_1_440' title='bbox 796 3625 1110 3680; x_wconf 86' lang='lat' dir='ltr'><strong>actionibus</strong></span> <span class='ocrx_word' id='word_1_441' title='bbox 1134 3626 1253 3680; x_wconf 90' lang='lat' dir='ltr'><strong>suis</strong></span> <span class='ocrx_word' id='word_1_442' title='bbox 1285 3625 1493 3696; x_wconf 89' lang='lat' dir='ltr'><strong>absque</strong></span> <span class='ocrx_word' id='word_1_443' title='bbox 1529 3629 1795 3696; x_wconf 82' lang='lat' dir='ltr'><strong>gravitate</strong></span> <span class='ocrx_word' id='word_1_444' title='bbox 1843 3641 1899 3685; x_wconf 89' lang='lat' dir='ltr'><strong>et</strong></span> <span class='ocrx_word' id='word_1_445' title='bbox 1955 3631 2227 3687; x_wconf 90' lang='lat' dir='ltr'><strong>industria</strong></span> <span class='ocrx_word' id='word_1_446' title='bbox 2267 3632 2375 3687; x_wconf 85' lang='lat' dir='ltr'><strong>ulla</strong></span> 
     </span>
    </p>
   </div>
   <div class='ocr_carea' id='block_1_67' title="bbox 795 3719 2372 3789">
    <p class='ocr_par' dir='ltr' id='par_1_67' title="bbox 795 3719 2372 3789">
     <span class='ocr_line' id='line_1_67' title="bbox 795 3719 2372 3789; baseline 0.006 -19"><span class='ocrx_word' id='word_1_447' title='bbox 795 3735 1030 3774; x_wconf 83' lang='lat' dir='ltr'><strong>versans</strong></span> <span class='ocrx_word' id='word_1_448' title='bbox 1069 3737 1084 3784; x_wconf 88' lang='lat'><strong>;</strong></span> <span class='ocrx_word' id='word_1_449' title='bbox 1115 3719 1465 3789; x_wconf 89' lang='lat' dir='ltr'><strong>turpiterque</strong></span> <span class='ocrx_word' id='word_1_450' title='bbox 1494 3722 1688 3776; x_wconf 78' lang='lat' dir='ltr'><strong>vivens</strong></span> <span class='ocrx_word' id='word_1_451' title='bbox 1717 3730 2021 3778; x_wconf 76' lang='lat' dir='ltr'><strong>extremam</strong></span> <span class='ocrx_word' id='word_1_452' title='bbox 2069 3724 2175 3780; x_wconf 90' lang='lat' dir='ltr'><strong>sibi</strong></span> <span class='ocrx_word' id='word_1_453' title='bbox 2231 3724 2372 3780; x_wconf 90' lang='lat' dir='ltr'><strong>infa-</strong></span> 
     </span>
    </p>
   </div>
   <div class='ocr_carea' id='block_1_68' title="bbox 797 3812 2376 3882">
    <p class='ocr_par' dir='ltr' id='par_1_68' title="bbox 797 3812 2376 3882">
     <span class='ocr_line' id='line_1_68' title="bbox 797 3812 2376 3882; baseline 0.004 -17"><span class='ocrx_word' id='word_1_454' title='bbox 797 3814 960 3865; x_wconf 80' lang='lat' dir='ltr'><strong>miatn</strong></span> <span class='ocrx_word' id='word_1_455' title='bbox 991 3812 1224 3882; x_wconf 80' lang='lat' dir='ltr'><strong>paravit.</strong></span> <span class='ocrx_word' id='word_1_456' title='bbox 1274 3812 1684 3882; x_wconf 75' lang='lat' dir='ltr'><strong>785lnsania</strong></span> <span class='ocrx_word' id='word_1_457' title='bbox 1741 3815 1974 3880; x_wconf 88' lang='lat' dir='ltr'><strong>quadam</strong></span> <span class='ocrx_word' id='word_1_458' title='bbox 2037 3825 2226 3871; x_wconf 90' lang='lat' dir='ltr'><strong>contra</strong></span> <span class='ocrx_word' id='word_1_459' title='bbox 2285 3833 2376 3871; x_wconf 89' lang='lat' dir='ltr'><strong>sa-</strong></span> 
     </span>
    </p>
   </div>
   <div class='ocr_carea' id='block_1_69' title="bbox 797 3906 2374 3975">
    <p class='ocr_par' dir='ltr' id='par_1_69' title="bbox 797 3906 2374 3975">
     <span class='ocr_line' id='line_1_69' title="bbox 797 3906 2374 3975; baseline 0.003 -17"><span class='ocrx_word' id='word_1_460' title='bbox 797 3919 951 3958; x_wconf 87' lang='lat' dir='ltr'><strong>crum</strong></span> <span class='ocrx_word' id='word_1_461' title='bbox 983 3912 1195 3958; x_wconf 79' lang='lat' dir='ltr'><strong>sextum</strong></span> <span class='ocrx_word' id='word_1_462' title='bbox 1253 3906 1548 3958; x_wconf 89' lang='lat' dir='ltr'><strong>concilium</strong></span> <span class='ocrx_word' id='word_1_463' title='bbox 1616 3906 1876 3962; x_wconf 88' lang='lat' dir='ltr'><strong>incitatus</strong></span> <span class='ocrx_word' id='word_1_464' title='bbox 1912 3908 1966 3962; x_wconf 94' lang='lat' dir='ltr'><strong>in</strong></span> <span class='ocrx_word' id='word_1_465' title='bbox 2012 3909 2064 3963; x_wconf 88' lang='lat' dir='ltr'><strong>id</strong></span> <span class='ocrx_word' id='word_1_466' title='bbox 2107 3909 2374 3975; x_wconf 87' lang='lat' dir='ltr'><strong>incubuit,</strong></span> 
     </span>
    </p>
   </div>
   <div class='ocr_carea' id='block_1_70' title="bbox 799 3994 2381 4062">
    <p class='ocr_par' dir='ltr' id='par_1_70' title="bbox 799 3994 2381 4062">
     <span class='ocr_line' id='line_1_70' title="bbox 799 3994 2381 4062; baseline 0.004 -14"><span class='ocrx_word' id='word_1_467' title='bbox 799 4007 861 4048; x_wconf 93' lang='lat' dir='ltr'><strong>ut</strong></span> <span class='ocrx_word' id='word_1_468' title='bbox 892 3996 1076 4049; x_wconf 89' lang='lat' dir='ltr'><strong>omnia</strong></span> <span class='ocrx_word' id='word_1_469' title='bbox 1108 3994 1228 4062; x_wconf 86' lang='lat' dir='ltr'><strong>ejus</strong></span> <span class='ocrx_word' id='word_1_470' title='bbox 1257 4009 1415 4059; x_wconf 68' lang='lat' dir='ltr'><strong>sacra</strong></span> <span class='ocrx_word' id='word_1_471' title='bbox 1475 3999 1694 4050; x_wconf 88' lang='lat' dir='ltr'><strong>decreta</strong></span> <span class='ocrx_word' id='word_1_472' title='bbox 1751 3998 2022 4059; x_wconf 86' lang='lat' dir='ltr'><strong>aboleret.</strong></span> <span class='ocrx_word' id='word_1_473' title='bbox 2062 4010 2257 4055; x_wconf 89' lang='lat' dir='ltr'><strong>nactus</strong></span> <span class='ocrx_word' id='word_1_474' title='bbox 2307 4001 2381 4058; x_wconf 90' lang='lat' dir='ltr'><strong>ad</strong></span> 
     </span>
    </p>
   </div>
   <div class='ocr_carea' id='block_1_71' title="bbox 801 4087 2380 4152">
    <p class='ocr_par' dir='ltr' id='par_1_71' title="bbox 801 4087 2380 4152">
     <span class='ocr_line' id='line_1_71' title="bbox 801 4087 2380 4152; baseline 0.008 -12"><span class='ocrx_word' id='word_1_475' title='bbox 801 4087 902 4141; x_wconf 89' lang='lat' dir='ltr'><strong>hoc</strong></span> <span class='ocrx_word' id='word_1_476' title='bbox 944 4100 1134 4142; x_wconf 90' lang='lat' dir='ltr'><strong>secum</strong></span> <span class='ocrx_word' id='word_1_477' title='bbox 1192 4087 1493 4145; x_wconf 88' lang='lat' dir='ltr'><strong>sentientes</strong></span> <span class='ocrx_word' id='word_1_478' title='bbox 1541 4105 1664 4144; x_wconf 90' lang='lat' dir='ltr'><strong>cum</strong></span> <span class='ocrx_word' id='word_1_479' title='bbox 1711 4091 1976 4148; x_wconf 87' lang='lat' dir='ltr'><strong>Joannem</strong></span> <span class='ocrx_word' id='word_1_480' title='bbox 2032 4095 2194 4149; x_wconf 82' lang='lat' dir='ltr'><strong>istum</strong></span> <span class='ocrx_word' id='word_1_481' title='bbox 2238 4111 2268 4149; x_wconf 91' lang='lat' dir='ltr'><strong>a</strong></span> <span class='ocrx_word' id='word_1_482' title='bbox 2320 4112 2380 4152; x_wconf 84' lang='lat' dir='ltr'><strong>se</strong></span> 
     </span>
    </p>
   </div>
   <div class='ocr_carea' id='block_1_72' title="bbox 798 4179 2381 4256">
    <p class='ocr_par' dir='ltr' id='par_1_72' title="bbox 798 4179 2381 4256">
     <span class='ocr_line' id='line_1_72' title="bbox 798 4179 2381 4256; baseline 0.006 -24"><span class='ocrx_word' id='word_1_483' title='bbox 798 4179 1171 4247; x_wconf 88' lang='lat' dir='ltr'><strong>patriarcham</strong></span> <span class='ocrx_word' id='word_1_484' title='bbox 1199 4190 1467 4245; x_wconf 90' lang='lat' dir='ltr'><strong>creatum,</strong></span> <span class='ocrx_word' id='word_1_485' title='bbox 1510 4190 1620 4234; x_wconf 87' lang='lat' dir='ltr'><strong>tttm</strong></span> <span class='ocrx_word' id='word_1_486' title='bbox 1674 4184 1814 4237; x_wconf 90' lang='lat' dir='ltr'><strong>alios</strong></span> <span class='ocrx_word' id='word_1_487' title='bbox 1856 4185 2148 4253; x_wconf 87' lang='lat' dir='ltr'><strong>quosdam.</strong></span> <span class='ocrx_word' id='word_1_488' title='bbox 2198 4187 2291 4256; x_wconf 91' lang='lat' dir='ltr'><strong>qui</strong></span> <span class='ocrx_word' id='word_1_489' title='bbox 2327 4196 2381 4241; x_wconf 92' lang='lat' dir='ltr'><strong>et</strong></span> 
     </span>
    </p>
   </div>
   <div class='ocr_carea' id='block_1_73' title="bbox 801 4272 2378 4346">
    <p class='ocr_par' dir='ltr' id='par_1_73' title="bbox 801 4272 2378 4346">
     <span class='ocr_line' id='line_1_73' title="bbox 801 4272 2378 4346; baseline 0.004 -20"><span class='ocrx_word' id='word_1_490' title='bbox 801 4272 1056 4326; x_wconf 85' lang='lat' dir='ltr'><strong>detestati</strong></span> <span class='ocrx_word' id='word_1_491' title='bbox 1127 4273 1335 4342; x_wconf 90' lang='lat' dir='ltr'><strong>scripto</strong></span> <span class='ocrx_word' id='word_1_492' title='bbox 1389 4275 1549 4329; x_wconf 91' lang='lat' dir='ltr'><strong>istam</strong></span> <span class='ocrx_word' id='word_1_493' title='bbox 1619 4277 1891 4346; x_wconf 86' lang='lat' dir='ltr'><strong>synodum</strong></span> <span class='ocrx_word' id='word_1_494' title='bbox 1964 4285 2116 4332; x_wconf 89' lang='lat' dir='ltr'><strong>sunt.</strong></span> <span class='ocrx_word' id='word_1_495' title='bbox 2179 4278 2378 4332; x_wconf 86' lang='lat' dir='ltr'><strong>Eodem</strong></span> 
     </span>
    </p>
   </div>
   <div class='ocr_carea' id='block_1_74' title="bbox 803 4363 2380 4438">
    <p class='ocr_par' dir='ltr' id='par_1_74' title="bbox 803 4363 2380 4438">
     <span class='ocr_line' id='line_1_74' title="bbox 803 4363 2380 4438; baseline 0.007 -22"><span class='ocrx_word' id='word_1_496' title='bbox 803 4372 1052 4433; x_wconf 88' lang='lat' dir='ltr'><strong>tempore</strong></span> <span class='ocrx_word' id='word_1_497' title='bbox 1083 4363 1327 4431; x_wconf 81' lang='lat' dir='ltr'><strong>Bulgari,</strong></span> <span class='ocrx_word' id='word_1_498' title='bbox 1357 4365 1496 4420; x_wconf 89' lang='lat' dir='ltr'><strong>duce</strong></span> <span class='ocrx_word' id='word_1_499' title='bbox 1523 4365 1730 4430; x_wconf 83' lang='lat' dir='ltr'><strong>Philea,</strong></span> <span class='ocrx_word' id='word_1_500' title='bbox 1767 4368 1987 4424; x_wconf 90' lang='lat' dir='ltr'><strong>occulte</strong></span> <span class='ocrx_word' id='word_1_501' title='bbox 2040 4385 2139 4438; x_wconf 87' lang='lat' dir='ltr'><strong>per</strong></span> <span class='ocrx_word' id='word_1_502' title='bbox 2193 4370 2380 4428; x_wconf 79' lang='lat' dir='ltr'><strong>fauces</strong></span> 
     </span>
    </p>
   </div>
   <div class='ocr_carea' id='block_1_75' title="bbox 801 4457 2380 4524">
    <p class='ocr_par' dir='ltr' id='par_1_75' title="bbox 801 4457 2380 4524">
     <span class='ocr_line' id='line_1_75' title="bbox 801 4457 2380 4524; baseline 0.004 -15"><span class='ocrx_word' id='word_1_503' title='bbox 801 4457 1033 4517; x_wconf 66' lang='lat' dir='ltr'><strong>ingressi</strong></span> <span class='ocrx_word' id='word_1_504' title='bbox 1056 4471 1230 4524; x_wconf 91' lang='lat' dir='ltr'><strong>usque</strong></span> <span class='ocrx_word' id='word_1_505' title='bbox 1253 4457 1318 4509; x_wconf 89' lang='lat' dir='ltr'><strong>ad</strong></span> <span class='ocrx_word' id='word_1_506' title='bbox 1341 4472 1558 4510; x_wconf 86' lang='lat' dir='ltr'><strong>auream</strong></span> <span class='ocrx_word' id='word_1_507' title='bbox 1593 4459 1746 4513; x_wconf 87' lang='lat' dir='ltr'><strong>urbis</strong></span> <span class='ocrx_word' id='word_1_508' title='bbox 1769 4468 1982 4524; x_wconf 85' lang='lat' dir='ltr'><strong>portam</strong></span> <span class='ocrx_word' id='word_1_509' title='bbox 2006 4461 2380 4516; x_wconf 90' lang='lat' dir='ltr'><strong>incursionem</strong></span> 
     </span>
    </p>
   </div>
   <div class='ocr_carea' id='block_1_76' title="bbox 804 4547 2378 4624">
    <p class='ocr_par' dir='ltr' id='par_1_76' title="bbox 804 4547 2378 4624">
     <span class='ocr_line' id='line_1_76' title="bbox 804 4547 2378 4624; baseline 0.006 -23"><span class='ocrx_word' id='word_1_510' title='bbox 804 4547 1076 4601; x_wconf 84' lang='lat' dir='ltr'><strong>fecerunt.</strong></span> <span class='ocrx_word' id='word_1_511' title='bbox 1107 4548 1381 4603; x_wconf 83' lang='lat' dir='ltr'><strong>Numerus</strong></span> <span class='ocrx_word' id='word_1_512' title='bbox 1405 4550 1718 4604; x_wconf 88' lang='lat' dir='ltr'><strong>occisoruut</strong></span> <span class='ocrx_word' id='word_1_513' title='bbox 1753 4551 1822 4606; x_wconf 90' lang='lat' dir='ltr'><strong>ab</strong></span> <span class='ocrx_word' id='word_1_514' title='bbox 1869 4552 1938 4606; x_wconf 89' lang='lat' dir='ltr'><strong>iis</strong></span> <span class='ocrx_word' id='word_1_515' title='bbox 1988 4560 2043 4607; x_wconf 89' lang='lat' dir='ltr'><strong>et</strong></span> <span class='ocrx_word' id='word_1_516' title='bbox 2091 4563 2378 4624; x_wconf 87' lang='lat' dir='ltr'><strong>captorum</strong></span> 
     </span>
    </p>
   </div>
   <div class='ocr_carea' id='block_1_77' title="bbox 2550 3444 4068 3517">
    <p class='ocr_par' dir='ltr' id='par_1_77' title="bbox 2550 3444 4068 3517">
     <span class='ocr_line' id='line_1_77' title="bbox 2550 3444 4068 3517; baseline 0.003 -22"><span class='ocrx_word' id='word_1_517' title='bbox 2550 3444 2717 3506; x_wconf 83' lang='grc' dir='ltr'>Ουτος</span> <span class='ocrx_word' id='word_1_518' title='bbox 2746 3445 2774 3495; x_wconf 91' lang='grc' dir='ltr'><strong>ό</strong></span> <span class='ocrx_word' id='word_1_519' title='bbox 2807 3445 3132 3509; x_wconf 81' lang='grc' dir='ltr'>Φιλιππικὸς</span> <span class='ocrx_word' id='word_1_520' title='bbox 3177 3449 3205 3500; x_wconf 87' lang='grc' dir='ltr'><strong>ό</strong></span> <span class='ocrx_word' id='word_1_521' title='bbox 3249 3449 3340 3500; x_wconf 74' lang='grc' dir='ltr'><strong>καὶ</strong></span> <span class='ocrx_word' id='word_1_522' title='bbox 3377 3447 3655 3516; x_wconf 80' lang='grc' dir='ltr'>Βαρδάνης</span> <span class='ocrx_word' id='word_1_523' title='bbox 3703 3450 3762 3500; x_wconf 83' lang='grc' dir='ltr'>ἐν</span> <span class='ocrx_word' id='word_1_524' title='bbox 3813 3448 3914 3517; x_wconf 81' lang='grc' dir='ltr'>μὲν</span> <span class='ocrx_word' id='word_1_525' title='bbox 3941 3450 4068 3510; x_wconf 82' lang='grc' dir='ltr'>ταῖς</span> 
     </span>
    </p>
   </div>
   <div class='ocr_carea' id='block_1_78' title="bbox 2476 3537 4066 3611">
    <p class='ocr_par' dir='ltr' id='par_1_78' title="bbox 2476 3537 4066 3611">
     <span class='ocr_line' id='line_1_78' title="bbox 2476 3537 4066 3611; baseline 0.004 -23"><span class='ocrx_word' id='word_1_526' title='bbox 2476 3537 2774 3602; x_wconf 78' lang='grc' dir='ltr'>διαλαλιαῖς</span> <span class='ocrx_word' id='word_1_527' title='bbox 2804 3541 2968 3593; x_wconf 68' lang='grc' dir='ltr'>αὑτοῦ</span> <span class='ocrx_word' id='word_1_528' title='bbox 2995 3541 3175 3608; x_wconf 80' lang='grc' dir='ltr'>λόγιος</span> <span class='ocrx_word' id='word_1_529' title='bbox 3201 3543 3295 3594; x_wconf 73' lang='grc' dir='ltr'><strong>καὶ</strong></span> <span class='ocrx_word' id='word_1_530' title='bbox 3326 3541 3574 3611; x_wconf 80' lang='grc' dir='ltr'><strong>ἐχέφρων</strong></span> <span class='ocrx_word' id='word_1_531' title='bbox 3597 3540 3892 3608; x_wconf 76' lang='grc' dir='ltr'>ἐλογίζετο,</span> <span class='ocrx_word' id='word_1_532' title='bbox 3919 3544 3980 3594; x_wconf 82' lang='grc' dir='ltr'>ἐν</span> <span class='ocrx_word' id='word_1_533' title='bbox 4007 3545 4066 3596; x_wconf 81' lang='grc' dir='ltr'>δὲ</span> 
     </span>
    </p>
   </div>
   <div class='ocr_carea' id='block_1_79' title="bbox 2477 3631 4069 3704">
    <p class='ocr_par' dir='ltr' id='par_1_79' title="bbox 2477 3631 4069 3704">
     <span class='ocr_line' id='line_1_79' title="bbox 2477 3631 4069 3704; baseline 0.004 -20"><span class='ocrx_word' id='word_1_534' title='bbox 2477 3633 2596 3695; x_wconf 83' lang='grc' dir='ltr'>ταῖς</span> <span class='ocrx_word' id='word_1_535' title='bbox 2645 3631 2910 3703; x_wconf 78' lang='grc' dir='ltr'>πράξεσιν</span> <span class='ocrx_word' id='word_1_536' title='bbox 2966 3634 3131 3687; x_wconf 79' lang='grc' dir='ltr'>αὑτοῦ</span> <span class='ocrx_word' id='word_1_537' title='bbox 3185 3635 3439 3704; x_wconf 78' lang='grc' dir='ltr'>ἀσέμνως</span> <span class='ocrx_word' id='word_1_538' title='bbox 3491 3635 3587 3687; x_wconf 74' lang='grc' dir='ltr'><strong>καὶ</strong></span> <span class='ocrx_word' id='word_1_539' title='bbox 3639 3636 3912 3696; x_wconf 78' lang='grc' dir='ltr'>ἀνικάνως</span> <span class='ocrx_word' id='word_1_540' title='bbox 3967 3639 4069 3690; x_wconf 80' lang='grc' dir='ltr'><strong>καὶ</strong></span> 
     </span>
    </p>
   </div>
   <div class='ocr_carea' id='block_1_80' title="bbox 2479 3723 4068 3794">
    <p class='ocr_par' dir='ltr' id='par_1_80' title="bbox 2479 3723 4068 3794">
     <span class='ocr_line' id='line_1_80' title="bbox 2479 3723 4068 3794; baseline 0.002 -18"><span class='ocrx_word' id='word_1_541' title='bbox 2479 3723 2720 3792; x_wconf 77' lang='grc' dir='ltr'>αἰσχρῶς</span> <span class='ocrx_word' id='word_1_542' title='bbox 2765 3724 2852 3776; x_wconf 74' lang='grc' dir='ltr'><strong>τὸν</strong></span> <span class='ocrx_word' id='word_1_543' title='bbox 2907 3724 3018 3794; x_wconf 83' lang='grc' dir='ltr'>βίον</span> <span class='ocrx_word' id='word_1_544' title='bbox 3061 3725 3225 3778; x_wconf 81' lang='grc' dir='ltr'>αὑτοῦ</span> <span class='ocrx_word' id='word_1_545' title='bbox 3269 3727 3532 3778; x_wconf 72' lang='grc' dir='ltr'>διατελῶν</span> <span class='ocrx_word' id='word_1_546' title='bbox 3585 3726 3761 3794; x_wconf 84' lang='grc' dir='ltr'>πάντη</span> <span class='ocrx_word' id='word_1_547' title='bbox 3801 3727 4068 3794; x_wconf 75' lang='grc' dir='ltr'>ἀδόκιμος</span> 
     </span>
    </p>
   </div>
   <div class='ocr_carea' id='block_1_81' title="bbox 2479 3814 4068 3888">
    <p class='ocr_par' dir='ltr' id='par_1_81' title="bbox 2479 3814 4068 3888">
     <span class='ocr_line' id='line_1_81' title="bbox 2479 3814 4068 3888; baseline 0.001 -22"><span class='ocrx_word' id='word_1_548' title='bbox 2479 3814 2773 3870; x_wconf 76' lang='grc' dir='ltr'>ἐδείκνυτο.</span> <span class='ocrx_word' id='word_1_549' title='bbox 2831 3817 3123 3886; x_wconf 82' lang='grc' dir='ltr'>Ἐμμανῶς</span> <span class='ocrx_word' id='word_1_550' title='bbox 3167 3818 3276 3888; x_wconf 71' lang='grc' dir='ltr'><strong>γὰρ</strong></span> <span class='ocrx_word' id='word_1_551' title='bbox 3308 3820 3553 3886; x_wconf 73' lang='grc' dir='ltr'>κινηθεὶς</span> <span class='ocrx_word' id='word_1_552' title='bbox 3600 3821 3741 3872; x_wconf 64' lang='grc' dir='ltr'>κατὰ</span> <span class='ocrx_word' id='word_1_553' title='bbox 3769 3822 3868 3885; x_wconf 77' lang='grc' dir='ltr'>τῆς</span> <span class='ocrx_word' id='word_1_554' title='bbox 3899 3820 4068 3885; x_wconf 69' lang='grc' dir='ltr'>ἁγξςς</span> 
     </span>
    </p>
   </div>
   <div class='ocr_carea' id='block_1_82' title="bbox 2481 3908 4068 3978">
    <p class='ocr_par' dir='ltr' id='par_1_82' title="bbox 2481 3908 4068 3978">
     <span class='ocr_line' id='line_1_82' title="bbox 2481 3908 4068 3978; baseline 0.001 -19"><span class='ocrx_word' id='word_1_555' title='bbox 2481 3914 2533 3972; x_wconf 83' lang='grc' dir='ltr'>ς’</span> <span class='ocrx_word' id='word_1_556' title='bbox 2567 3908 2788 3961; x_wconf 83' lang='grc' dir='ltr'>συνόδου</span> <span class='ocrx_word' id='word_1_557' title='bbox 2817 3909 3148 3978; x_wconf 79' lang='grc' dir='ltr'>ἀνατρέπειν</span> <span class='ocrx_word' id='word_1_558' title='bbox 3176 3909 3406 3962; x_wconf 75' lang='grc' dir='ltr'>ἔσπευδε</span> <span class='ocrx_word' id='word_1_559' title='bbox 3445 3913 3512 3964; x_wconf 69' lang='grc' dir='ltr'>τὰ</span> <span class='ocrx_word' id='word_1_560' title='bbox 3542 3909 3634 3963; x_wconf 79' lang='grc' dir='ltr'><strong>ὑπ’</strong></span> <span class='ocrx_word' id='word_1_561' title='bbox 3661 3909 3835 3978; x_wconf 76' lang='grc' dir='ltr'>αὐτῆς</span> <span class='ocrx_word' id='word_1_562' title='bbox 3856 3910 4068 3978; x_wconf 69' lang='grc' dir='ltr'>δογμαν</span> 
     </span>
    </p>
   </div>
   <div class='ocr_carea' id='block_1_83' title="bbox 2478 3995 4067 4072">
    <p class='ocr_par' dir='ltr' id='par_1_83' title="bbox 2478 3995 4067 4072">
     <span class='ocr_line' id='line_1_83' title="bbox 2478 3995 4067 4072; baseline 0.004 -25"><span class='ocrx_word' id='word_1_563' title='bbox 2478 3995 2731 4050; x_wconf 85' lang='grc' dir='ltr'>τισθέντα</span> <span class='ocrx_word' id='word_1_564' title='bbox 2780 3997 2900 4052; x_wconf 83' lang='grc' dir='ltr'>θεῖα</span> <span class='ocrx_word' id='word_1_565' title='bbox 2931 3999 3198 4068; x_wconf 85' lang='grc' dir='ltr'>δόγματα.</span> <span class='ocrx_word' id='word_1_566' title='bbox 3237 3995 3377 4068; x_wconf 75' lang='grc' dir='ltr'>Εὗρε</span> <span class='ocrx_word' id='word_1_567' title='bbox 3423 4001 3530 4072; x_wconf 74' lang='grc' dir='ltr'>γὰρ</span> <span class='ocrx_word' id='word_1_568' title='bbox 3560 4000 3868 4070; x_wconf 64' lang='grc' dir='ltr'>ὁμόφρονες</span> <span class='ocrx_word' id='word_1_569' title='bbox 3894 4001 4067 4054; x_wconf 69' lang='grc' dir='ltr'>αὐτοῦ</span> 
     </span>
    </p>
   </div>
   <div class='ocr_carea' id='block_1_84' title="bbox 2482 4092 4067 4165">
    <p class='ocr_par' dir='ltr' id='par_1_84' title="bbox 2482 4092 4067 4165">
     <span class='ocr_line' id='line_1_84' title="bbox 2482 4092 4067 4165; baseline 0.003 -21"><span class='ocrx_word' id='word_1_570' title='bbox 2482 4093 2642 4145; x_wconf 79' lang='grc' dir='ltr'>αὐτόν</span> <span class='ocrx_word' id='word_1_571' title='bbox 2685 4109 2746 4144; x_wconf 86' lang='grc' dir='ltr'><strong>τε</strong></span> <span class='ocrx_word' id='word_1_572' title='bbox 2772 4093 2863 4145; x_wconf 76' lang='grc' dir='ltr'><strong>τὸν</strong></span> <span class='ocrx_word' id='word_1_573' title='bbox 2907 4092 3182 4161; x_wconf 83' lang='grc' dir='ltr'>Ἰωάννην,</span> <span class='ocrx_word' id='word_1_574' title='bbox 3217 4094 3276 4147; x_wconf 85' lang='grc' dir='ltr'>ὃν</span> <span class='ocrx_word' id='word_1_575' title='bbox 3316 4095 3541 4162; x_wconf 75' lang='grc' dir='ltr'>ἑποεησε</span> <span class='ocrx_word' id='word_1_576' title='bbox 3571 4095 3939 4165; x_wconf 79' lang='grc' dir='ltr'>πατριάρχην,</span> <span class='ocrx_word' id='word_1_577' title='bbox 3969 4096 4067 4148; x_wconf 78' lang='grc' dir='ltr'><strong>καὶ</strong></span> 
     </span>
    </p>
   </div>
   <div class='ocr_carea' id='block_1_85' title="bbox 2480 4185 4068 4258">
    <p class='ocr_par' dir='ltr' id='par_1_85' title="bbox 2480 4185 4068 4258">
     <span class='ocr_line' id='line_1_85' title="bbox 2480 4185 4068 4258; baseline 0.001 -19"><span class='ocrx_word' id='word_1_578' title='bbox 2480 4185 2674 4248; x_wconf 77' lang='grc' dir='ltr'>ἄλλους</span> <span class='ocrx_word' id='word_1_579' title='bbox 2719 4186 3032 4256; x_wconf 80' lang='grc' dir='ltr'>ὁμόφρονας</span> <span class='ocrx_word' id='word_1_580' title='bbox 3068 4188 3258 4251; x_wconf 84' lang='grc' dir='ltr'>αὑτοῦ,</span> <span class='ocrx_word' id='word_1_581' title='bbox 3298 4190 3394 4240; x_wconf 76' lang='grc' dir='ltr'><strong>καὶ</strong></span> <span class='ocrx_word' id='word_1_582' title='bbox 3419 4188 3712 4257; x_wconf 77' lang='grc' dir='ltr'>ἐγγράφως</span> <span class='ocrx_word' id='word_1_583' title='bbox 3738 4187 4068 4258; x_wconf 69' lang='grc' dir='ltr'>ἀνεθεμάτι-</span> 
     </span>
    </p>
   </div>
   <div class='ocr_carea' id='block_1_86' title="bbox 2482 4279 4064 4350">
    <p class='ocr_par' dir='ltr' id='par_1_86' title="bbox 2482 4279 4064 4350">
     <span class='ocr_line' id='line_1_86' title="bbox 2482 4279 4064 4350; baseline 0.002 -20"><span class='ocrx_word' id='word_1_584' title='bbox 2482 4296 2581 4331; x_wconf 82' lang='grc' dir='ltr'><strong>σαν</strong></span> <span class='ocrx_word' id='word_1_585' title='bbox 2616 4279 2810 4347; x_wconf 77' lang='grc' dir='ltr'>αὐτήν.</span> <span class='ocrx_word' id='word_1_586' title='bbox 2842 4279 2934 4348; x_wconf 83' lang='grc' dir='ltr'><strong>Τῷ</strong></span> <span class='ocrx_word' id='word_1_587' title='bbox 2976 4279 3022 4332; x_wconf 75' lang='grc' dir='ltr'>δ’</span> <span class='ocrx_word' id='word_1_588' title='bbox 3047 4280 3196 4350; x_wconf 80' lang='grc' dir='ltr'><strong>αύτῷ</strong></span> <span class='ocrx_word' id='word_1_589' title='bbox 3220 4281 3398 4350; x_wconf 82' lang='grc' dir='ltr'>χρόνῳ</span> <span class='ocrx_word' id='word_1_590' title='bbox 3438 4283 3484 4333; x_wconf 89' lang='grc' dir='ltr'>οἱ</span> <span class='ocrx_word' id='word_1_591' title='bbox 3516 4280 3814 4350; x_wconf 83' lang='grc' dir='ltr'>Βούλγαροι</span> <span class='ocrx_word' id='word_1_592' title='bbox 3848 4281 3938 4332; x_wconf 75' lang='grc' dir='ltr'><strong>διὰ</strong></span> <span class='ocrx_word' id='word_1_593' title='bbox 3968 4280 4064 4333; x_wconf 73' lang='grc' dir='ltr'>τοῦ</span> 
     </span>
    </p>
   </div>
   <div class='ocr_carea' id='block_1_87' title="bbox 2478 4372 4068 4443">
    <p class='ocr_par' dir='ltr' id='par_1_87' title="bbox 2478 4372 4068 4443">
     <span class='ocr_line' id='line_1_87' title="bbox 2478 4372 4068 4443; baseline 0.001 -21"><span class='ocrx_word' id='word_1_594' title='bbox 2478 4372 2642 4426; x_wconf 81' lang='grc' dir='ltr'>Φιλέα</span> <span class='ocrx_word' id='word_1_595' title='bbox 2670 4373 2782 4443; x_wconf 80' lang='grc'>(55)</span> <span class='ocrx_word' id='word_1_596' title='bbox 2836 4373 3012 4442; x_wconf 86' lang='grc' dir='ltr'>λάθρα</span> <span class='ocrx_word' id='word_1_597' title='bbox 3046 4372 3124 4441; x_wconf 80' lang='grc' dir='ltr'>τῷ</span> <span class='ocrx_word' id='word_1_598' title='bbox 3160 4390 3332 4439; x_wconf 78' lang='grc' dir='ltr'>στενῳ</span> <span class='ocrx_word' id='word_1_599' title='bbox 3381 4374 3769 4442; x_wconf 75' lang='grc' dir='ltr'>ἐπιρῤίψαντες</span> <span class='ocrx_word' id='word_1_600' title='bbox 3811 4374 3917 4435; x_wconf 83' lang='grc' dir='ltr'>ἓως</span> <span class='ocrx_word' id='word_1_601' title='bbox 3965 4375 4068 4438; x_wconf 68' lang='grc' dir='ltr'>τῆς</span> 
     </span>
    </p>
   </div>
   <div class='ocr_carea' id='block_1_88' title="bbox 2479 4463 4066 4535">
    <p class='ocr_par' dir='ltr' id='par_1_88' title="bbox 2479 4463 4066 4535">
     <span class='ocr_line' id='line_1_88' title="bbox 2479 4463 4066 4535; baseline 0.002 -21"><span class='ocrx_word' id='word_1_602' title='bbox 2479 4463 2705 4532; x_wconf 82' lang='grc' dir='ltr'>Χρυσῆς</span> <span class='ocrx_word' id='word_1_603' title='bbox 2735 4464 2943 4534; x_wconf 84' lang='grc' dir='ltr'>πόρτης</span> <span class='ocrx_word' id='word_1_604' title='bbox 2974 4465 3406 4535; x_wconf 69' lang='grc' dir='ltr'>διέδραμον.Τδν</span> <span class='ocrx_word' id='word_1_605' title='bbox 3437 4465 3494 4516; x_wconf 75' lang='grc' dir='ltr'>δὲ</span> <span class='ocrx_word' id='word_1_606' title='bbox 3522 4465 3756 4532; x_wconf 82' lang='grc' dir='ltr'>ἀριθμὸν</span> <span class='ocrx_word' id='word_1_607' title='bbox 3783 4465 3892 4516; x_wconf 83' lang='grc' dir='ltr'><strong>τῶν</strong></span> <span class='ocrx_word' id='word_1_608' title='bbox 3924 4481 4066 4532; x_wconf 59' lang='grc' dir='ltr'>σξα-</span> 
     </span>
    </p>
   </div>
   <div class='ocr_carea' id='block_1_89' title="bbox 2480 4555 4067 4626">
    <p class='ocr_par' dir='ltr' id='par_1_89' title="bbox 2480 4555 4067 4626">
     <span class='ocr_line' id='line_1_89' title="bbox 2480 4555 4067 4626; baseline 0.003 -21"><span class='ocrx_word' id='word_1_609' title='bbox 2480 4555 2686 4621; x_wconf 84' lang='grc' dir='ltr'>γέντων</span> <span class='ocrx_word' id='word_1_610' title='bbox 2733 4556 2828 4608; x_wconf 76' lang='grc' dir='ltr'><strong>καὶ</strong></span> <span class='ocrx_word' id='word_1_611' title='bbox 2872 4555 3441 4626; x_wconf 74' lang='grc' dir='ltr'>αἰχμαλωτισθέντων,</span> <span class='ocrx_word' id='word_1_612' title='bbox 3470 4555 3608 4621; x_wconf 81' lang='grc' dir='ltr'>ὑπὲρ</span> <span class='ocrx_word' id='word_1_613' title='bbox 3647 4555 3881 4625; x_wconf 78' lang='grc' dir='ltr'>ἀριθμὸν</span> <span class='ocrx_word' id='word_1_614' title='bbox 3910 4557 4067 4620; x_wconf 75' lang='grc' dir='ltr'>ὄντα,</span> 
     </span>
    </p>
   </div>
   <div class='ocr_carea' id='block_1_90' title="bbox 802 4641 2364 4720">
    <p class='ocr_par' dir='ltr' id='par_1_90' title="bbox 802 4641 2364 4714">
     <span class='ocr_line' id='line_1_90' title="bbox 802 4641 2364 4714; baseline 0.005 -22"><span class='ocrx_word' id='word_1_615' title='bbox 802 4641 981 4708; x_wconf 88' lang='lat' dir='ltr'><strong>major</strong></span> <span class='ocrx_word' id='word_1_616' title='bbox 1012 4652 1091 4693; x_wconf 88' lang='lat' dir='ltr'><strong>est</strong></span> <span class='ocrx_word' id='word_1_617' title='bbox 1117 4656 1278 4706; x_wconf 89' lang='lat' dir='ltr'><strong>quam</strong></span> <span class='ocrx_word' id='word_1_618' title='bbox 1298 4641 1482 4696; x_wconf 80' lang='lat' dir='ltr'><strong>ell‘erri</strong></span> <span class='ocrx_word' id='word_1_619' title='bbox 1509 4650 1568 4696; x_wconf 93' lang='lat' dir='ltr'><strong>ut</strong></span> <span class='ocrx_word' id='word_1_620' title='bbox 1595 4645 1792 4712; x_wconf 87' lang='lat' dir='ltr'><strong>possit.</strong></span> <span class='ocrx_word' id='word_1_621' title='bbox 1827 4643 1932 4714; x_wconf 90' lang='lat' dir='ltr'><strong>Ipsi</strong></span> <span class='ocrx_word' id='word_1_622' title='bbox 1966 4645 2117 4700; x_wconf 70' lang='lat' dir='ltr'><strong>illaesi</strong></span> <span class='ocrx_word' id='word_1_623' title='bbox 2155 4646 2364 4701; x_wconf 87' lang='lat' dir='ltr'><strong>domum</strong></span> 
     </span>
    </p>
   </div>
   <div class='ocr_carea' id='block_1_91' title="bbox 2471 4641 4068 4720">
    <p class='ocr_par' dir='ltr' id='par_1_91' title="bbox 2479 4647 4068 4720">
     <span class='ocr_line' id='line_1_91' title="bbox 2479 4647 4068 4720; baseline 0.001 -21"><span class='ocrx_word' id='word_1_624' title='bbox 2479 4647 2660 4713; x_wconf 72' lang='grc' dir='ltr'>λέγειν</span> <span class='ocrx_word' id='word_1_625' title='bbox 2686 4647 2788 4700; x_wconf 85' lang='grc' dir='ltr'><strong>οὐκ</strong></span> <span class='ocrx_word' id='word_1_626' title='bbox 2815 4648 3032 4718; x_wconf 78' lang='grc' dir='ltr'>ἔχομεν.</span> <span class='ocrx_word' id='word_1_627' title='bbox 3061 4649 3227 4702; x_wconf 78' lang='grc' dir='ltr'>Αὐτοὶ</span> <span class='ocrx_word' id='word_1_628' title='bbox 3251 4650 3307 4702; x_wconf 82' lang='grc' dir='ltr'>δὲ</span> <span class='ocrx_word' id='word_1_629' title='bbox 3338 4650 3596 4713; x_wconf 77' lang='grc' dir='ltr'>ἀϐλαϐεῖς</span> <span class='ocrx_word' id='word_1_630' title='bbox 3628 4652 3706 4712; x_wconf 71' lang='grc' dir='ltr'>εἰς</span> <span class='ocrx_word' id='word_1_631' title='bbox 3735 4650 3834 4719; x_wconf 78' lang='grc' dir='ltr'>τὴν</span> <span class='ocrx_word' id='word_1_632' title='bbox 3876 4649 4068 4720; x_wconf 71' lang='grc' dir='ltr'>χώραν</span> 
     </span>
    </p>
   </div>
   <div class='ocr_carea' id='block_1_92' title="bbox 801 4733 1109 4787">
    <p class='ocr_par' dir='ltr' id='par_1_92' title="bbox 801 4733 1109 4787">
     <span class='ocr_line' id='line_1_92' title="bbox 801 4733 1109 4787; baseline 0.006 -3"><span class='ocrx_word' id='word_1_633' title='bbox 801 4733 1109 4787; x_wconf 85' lang='lat' dir='ltr'><strong>redierunt.</strong></span> 
     </span>
    </p>
   </div>
   <div class='ocr_carea' id='block_1_93' title="bbox 878 4821 2376 4891">
    <p class='ocr_par' dir='ltr' id='par_1_93' title="bbox 878 4821 2376 4891">
     <span class='ocr_line' id='line_1_93' title="bbox 878 4821 2376 4891; baseline 0.008 -18"><span class='ocrx_word' id='word_1_634' title='bbox 878 4824 1036 4875; x_wconf 84' lang='lat' dir='ltr'><strong>Anno</strong></span> <span class='ocrx_word' id='word_1_635' title='bbox 1069 4821 1315 4876; x_wconf 88' lang='lat' dir='ltr'><strong>secundo</strong></span> <span class='ocrx_word' id='word_1_636' title='bbox 1367 4823 1568 4891; x_wconf 89' lang='lat' dir='ltr'><strong>placuit</strong></span> <span class='ocrx_word' id='word_1_637' title='bbox 1619 4823 1856 4881; x_wconf 87' lang='lat' dir='ltr'><strong>Bardani</strong></span> <span class='ocrx_word' id='word_1_638' title='bbox 1913 4843 2036 4881; x_wconf 91' lang='lat' dir='ltr'><strong>eum</strong></span> <span class='ocrx_word' id='word_1_639' title='bbox 2098 4831 2376 4884; x_wconf 89' lang='lat' dir='ltr'><strong>nonnullis</strong></span> 
     </span>
    </p>
   </div>
   <div class='ocr_carea' id='block_1_94' title="bbox 805 4911 2378 4980">
    <p class='ocr_par' dir='ltr' id='par_1_94' title="bbox 805 4911 2378 4980">
     <span class='ocr_line' id='line_1_94' title="bbox 805 4911 2378 4980; baseline 0.007 -14"><span class='ocrx_word' id='word_1_640' title='bbox 805 4911 1008 4966; x_wconf 77' lang='lat' dir='ltr'><strong>civium</strong></span> <span class='ocrx_word' id='word_1_641' title='bbox 1073 4912 1367 4980; x_wconf 84' lang='lat' dir='ltr'><strong>prandere.</strong></span> <span class='ocrx_word' id='word_1_642' title='bbox 1418 4914 1686 4969; x_wconf 60' lang='lat' dir='ltr'><strong>Caeterum</strong></span> <span class='ocrx_word' id='word_1_643' title='bbox 1738 4918 1968 4975; x_wconf 88' lang='lat' dir='ltr'><strong>sabbato</strong></span> <span class='ocrx_word' id='word_1_644' title='bbox 2023 4919 2378 4977; x_wconf 78' lang='lat' dir='ltr'><strong>Pentecostes</strong></span> 
     </span>
    </p>
   </div>
   <div class='ocr_carea' id='block_1_95' title="bbox 804 5002 2375 5085">
    <p class='ocr_par' dir='ltr' id='par_1_95' title="bbox 804 5002 2375 5085">
     <span class='ocr_line' id='line_1_95' title="bbox 804 5002 2375 5085; baseline 0.006 -29"><span class='ocrx_word' id='word_1_645' title='bbox 804 5002 1166 5071; x_wconf 86' lang='lat' dir='ltr'><strong>Philippicum</strong></span> <span class='ocrx_word' id='word_1_646' title='bbox 1240 5005 1621 5060; x_wconf 87' lang='lat' dir='ltr'><strong>meridiantem</strong></span> <span class='ocrx_word' id='word_1_647' title='bbox 1700 5007 1893 5064; x_wconf 66' lang='lat' dir='ltr'><strong>Rullus</strong></span> <span class='ocrx_word' id='word_1_648' title='bbox 1950 5007 2375 5085; x_wconf 72' lang='lat' dir='ltr'><strong>()psicianorum</strong></span> 
     </span>
    </p>
   </div>
   <div class='ocr_carea' id='block_1_96' title="bbox 805 5094 2376 5170">
    <p class='ocr_par' dir='ltr' id='par_1_96' title="bbox 805 5094 2376 5170">
     <span class='ocr_line' id='line_1_96' title="bbox 805 5094 2376 5170; baseline 0.008 -24"><span class='ocrx_word' id='word_1_649' title='bbox 805 5094 1118 5163; x_wconf 66' lang='lat' dir='ltr'><strong>praefectus,</strong></span> <span class='ocrx_word' id='word_1_650' title='bbox 1156 5111 1281 5150; x_wconf 87' lang='lat' dir='ltr'><strong>cum</strong></span> <span class='ocrx_word' id='word_1_651' title='bbox 1316 5095 1624 5154; x_wconf 86' lang='lat' dir='ltr'><strong>Thracibus</strong></span> <span class='ocrx_word' id='word_1_652' title='bbox 1676 5114 1817 5170; x_wconf 86' lang='lat' dir='ltr'><strong>quos</strong></span> <span class='ocrx_word' id='word_1_653' title='bbox 1870 5117 2057 5155; x_wconf 87' lang='lat' dir='ltr'><strong>secum</strong></span> <span class='ocrx_word' id='word_1_654' title='bbox 2120 5102 2376 5167; x_wconf 88' lang='lat' dir='ltr'><strong>ducebat,</strong></span> 
     </span>
    </p>
   </div>
   <div class='ocr_carea' id='block_1_97' title="bbox 2482 4739 3050 4810">
    <p class='ocr_par' dir='ltr' id='par_1_97' title="bbox 2482 4739 3050 4810">
     <span class='ocr_line' id='line_1_97' title="bbox 2482 4739 3050 4810; baseline 0.002 -19"><span class='ocrx_word' id='word_1_655' title='bbox 2482 4739 2662 4791; x_wconf 81' lang='grc' dir='ltr'>αὐτῶν</span> <span class='ocrx_word' id='word_1_656' title='bbox 2686 4740 3050 4810; x_wconf 83' lang='grc' dir='ltr'>ὑπέστρεψαν.</span> 
     </span>
    </p>
   </div>
   <div class='ocr_carea' id='block_1_98' title="bbox 2558 4829 4068 4903">
    <p class='ocr_par' dir='ltr' id='par_1_98' title="bbox 2558 4829 4068 4903">
     <span class='ocr_line' id='line_1_98' title="bbox 2558 4829 4068 4903; baseline 0.002 -22"><span class='ocrx_word' id='word_1_657' title='bbox 2558 4830 2646 4899; x_wconf 80' lang='grc' dir='ltr'>Τῷ</span> <span class='ocrx_word' id='word_1_658' title='bbox 2679 4829 2724 4900; x_wconf 88' lang='grc' dir='ltr'>β’</span> <span class='ocrx_word' id='word_1_659' title='bbox 2756 4831 2866 4883; x_wconf 82' lang='grc' dir='ltr'>ἔτει</span> <span class='ocrx_word' id='word_1_660' title='bbox 2932 4832 3080 4897; x_wconf 79' lang='grc' dir='ltr'>ἔδοξε</span> <span class='ocrx_word' id='word_1_661' title='bbox 3108 4832 3188 4903; x_wconf 82' lang='grc' dir='ltr'><strong>τῷ</strong></span> <span class='ocrx_word' id='word_1_662' title='bbox 3211 4833 3522 4902; x_wconf 79' lang='grc' dir='ltr'>Φιλιππικῷ</span> <span class='ocrx_word' id='word_1_663' title='bbox 3553 4833 3692 4902; x_wconf 87' lang='grc' dir='ltr'>μετά</span> <span class='ocrx_word' id='word_1_664' title='bbox 3712 4851 3876 4886; x_wconf 88' lang='grc' dir='ltr'>τινων</span> <span class='ocrx_word' id='word_1_665' title='bbox 3908 4834 4068 4884; x_wconf 69' lang='grc' dir='ltr'>πολι-</span> 
     </span>
    </p>
   </div>
   <div class='ocr_carea' id='block_1_99' title="bbox 2483 4921 4065 4994">
    <p class='ocr_par' dir='ltr' id='par_1_99' title="bbox 2483 4921 4065 4994">
     <span class='ocr_line' id='line_1_99' title="bbox 2483 4921 4065 4994; baseline 0.001 -21"><span class='ocrx_word' id='word_1_666' title='bbox 2483 4923 2592 4974; x_wconf 82' lang='grc' dir='ltr'>τῶν</span> <span class='ocrx_word' id='word_1_667' title='bbox 2627 4921 2943 4992; x_wconf 84' lang='grc' dir='ltr'>ἀριστῆσαι.</span> <span class='ocrx_word' id='word_1_668' title='bbox 2982 4925 3071 4976; x_wconf 88' lang='grc' dir='ltr'>Ἐν</span> <span class='ocrx_word' id='word_1_669' title='bbox 3095 4924 3152 4977; x_wconf 81' lang='grc' dir='ltr'>δὲ</span> <span class='ocrx_word' id='word_1_670' title='bbox 3176 4923 3254 4994; x_wconf 78' lang='grc' dir='ltr'>τῷ</span> <span class='ocrx_word' id='word_1_671' title='bbox 3283 4925 3539 4993; x_wconf 88' lang='grc' dir='ltr'>σαϐϐάτῳ</span> <span class='ocrx_word' id='word_1_672' title='bbox 3557 4925 3658 4994; x_wconf 81' lang='grc' dir='ltr'>τῆς</span> <span class='ocrx_word' id='word_1_673' title='bbox 3679 4924 4065 4992; x_wconf 74' lang='grc' dir='ltr'>Πεντηκοττῆς</span> 
     </span>
    </p>
   </div>
   <div class='ocr_carea' id='block_1_100' title="bbox 2489 5016 4065 5091">
    <p class='ocr_par' dir='ltr' id='par_1_100' title="bbox 2489 5016 4065 5091">
     <span class='ocr_line' id='line_1_100' title="bbox 2489 5016 4065 5091; baseline 0.001 -24"><span class='ocrx_word' id='word_1_674' title='bbox 2489 5016 2937 5086; x_wconf 80' lang='grc' dir='ltr'>μεσημϐριάζων,</span> <span class='ocrx_word' id='word_1_675' title='bbox 2959 5017 3187 5081; x_wconf 75' lang='grc' dir='ltr'>ἐξάπινα</span> <span class='ocrx_word' id='word_1_676' title='bbox 3204 5020 3292 5072; x_wconf 78' lang='grc' dir='ltr'><strong>διὰ</strong></span> <span class='ocrx_word' id='word_1_677' title='bbox 3314 5020 3415 5090; x_wconf 87' lang='grc' dir='ltr'>τῆς</span> <span class='ocrx_word' id='word_1_678' title='bbox 3436 5022 3642 5091; x_wconf 82' lang='grc' dir='ltr'>χρυσῆς</span> <span class='ocrx_word' id='word_1_679' title='bbox 3661 5020 3868 5090; x_wconf 82' lang='grc' dir='ltr'>πόρτης</span> <span class='ocrx_word' id='word_1_680' title='bbox 3885 5019 4065 5070; x_wconf 71' lang='grc' dir='ltr'>εἰσελ-</span> 
     </span>
    </p>
   </div>
   <div class='ocr_carea' id='block_1_101' title="bbox 2485 5104 4065 5180">
    <p class='ocr_par' dir='ltr' id='par_1_101' title="bbox 2485 5104 4065 5180">
     <span class='ocr_line' id='line_1_101' title="bbox 2485 5104 4065 5180; baseline 0.001 -22"><span class='ocrx_word' id='word_1_681' title='bbox 2485 5104 2595 5158; x_wconf 84' lang='grc' dir='ltr'>θὼν</span> <span class='ocrx_word' id='word_1_682' title='bbox 2641 5106 2870 5176; x_wconf 77' lang='grc' dir='ltr'>Ῥοῦφος</span> <span class='ocrx_word' id='word_1_683' title='bbox 2912 5109 3407 5180; x_wconf 83' lang='grc' dir='ltr'>πρωτοστράτηγος</span> <span class='ocrx_word' id='word_1_684' title='bbox 3455 5109 3552 5163; x_wconf 85' lang='grc' dir='ltr'><strong>τοῦ</strong></span> <span class='ocrx_word' id='word_1_685' title='bbox 3613 5109 3881 5179; x_wconf 72' lang='grc' dir='ltr'>ὐψικξου,</span> <span class='ocrx_word' id='word_1_686' title='bbox 3940 5108 4065 5178; x_wconf 76' lang='grc' dir='ltr'>μεθ’</span> 
     </span>
    </p>
   </div>
   <div class='ocr_carea' id='block_1_102' title="bbox 1919 5218 2937 5282">
    <p class='ocr_par' dir='ltr' id='par_1_102' title="bbox 1919 5218 2937 5282">
     <span class='ocr_line' id='line_1_102' title="bbox 1919 5218 2937 5282; baseline 0.009 -11"><span class='ocrx_word' id='word_1_687' title='bbox 1919 5218 2272 5274; x_wconf 79' lang='lat' dir='ltr'><strong>XYLANDRI</strong></span> <span class='ocrx_word' id='word_1_688' title='bbox 2335 5219 2422 5275; x_wconf 87' lang='lat' dir='ltr'><strong>ET</strong></span> <span class='ocrx_word' id='word_1_689' title='bbox 2453 5221 2662 5280; x_wconf 81' lang='lat' dir='ltr'><strong>GOARI</strong></span> <span class='ocrx_word' id='word_1_690' title='bbox 2705 5223 2937 5282; x_wconf 65' lang='lat' dir='ltr'><strong>NOTAE.</strong></span> 
     </span>
    </p>
   </div>
   <div class='ocr_carea' id='block_1_103' title="bbox 883 5306 1639 5376">
    <p class='ocr_par' dir='ltr' id='par_1_103' title="bbox 883 5306 1639 5376">
     <span class='ocr_line' id='line_1_103' title="bbox 883 5306 1639 5376; baseline 0.003 -17"><span class='ocrx_word' id='word_1_691' title='bbox 883 5307 996 5375; x_wconf 81' lang='lat'>(&#39;53)</span> <span class='ocrx_word' id='word_1_692' title='bbox 1021 5306 1284 5376; x_wconf 73' lang='lat' dir='ltr'><strong>Bithyniae</strong></span> <span class='ocrx_word' id='word_1_693' title='bbox 1313 5307 1539 5371; x_wconf 90' lang='lat' dir='ltr'><strong>urbem;</strong></span> <span class='ocrx_word' id='word_1_694' title='bbox 1570 5307 1639 5361; x_wconf 88' lang='lat' dir='ltr'><strong>de</strong></span> 
     </span>
    </p>
   </div>
   <div class='ocr_carea' id='block_1_104' title="bbox 807 5376 1625 5444">
    <p class='ocr_par' dir='ltr' id='par_1_104' title="bbox 807 5376 1625 5444">
     <span class='ocr_line' id='line_1_104' title="bbox 807 5376 1625 5444; baseline -0.002 -13"><span class='ocrx_word' id='word_1_695' title='bbox 807 5378 1192 5441; x_wconf 72' lang='lat' dir='ltr'><strong>Mommacho,</strong></span> <span class='ocrx_word' id='word_1_696' title='bbox 1223 5394 1276 5444; x_wconf 87' lang='lat' dir='ltr'><strong>p.</strong></span> <span class='ocrx_word' id='word_1_697' title='bbox 1305 5379 1430 5431; x_wconf 67' lang='grc'>645.</span> <span class='ocrx_word' id='word_1_698' title='bbox 1461 5376 1625 5431; x_wconf 79' lang='grc' dir='ltr'>ϐοΑιι.</span> 
     </span>
    </p>
   </div>
   <div class='ocr_carea' id='block_1_105' title="bbox 881 5447 2380 5520">
    <p class='ocr_par' dir='ltr' id='par_1_105' title="bbox 881 5447 2380 5520">
     <span class='ocr_line' id='line_1_105' title="bbox 881 5447 2380 5520; baseline 0.006 -22"><span class='ocrx_word' id='word_1_699' title='bbox 881 5448 993 5520; x_wconf 65' lang='grc'><strong>(54)</strong></span> <span class='ocrx_word' id='word_1_700' title='bbox 1023 5447 1368 5520; x_wconf 80' lang='grc' dir='ltr'>Παραπύλιον</span> <span class='ocrx_word' id='word_1_701' title='bbox 1404 5449 1846 5520; x_wconf 22' lang='grc' dir='ltr'>εοτίρεὶιλοιιοιηι-</span> <span class='ocrx_word' id='word_1_702' title='bbox 1883 5465 1934 5520; x_wconf 88' lang='lat' dir='ltr'><strong>p.</strong></span> <span class='ocrx_word' id='word_1_703' title='bbox 1974 5449 2097 5513; x_wconf 69' lang='lat'><strong>“5,</strong></span> <span class='ocrx_word' id='word_1_704' title='bbox 2121 5454 2380 5518; x_wconf 80' lang='lat' dir='ltr'><strong>posticum</strong></span> 
     </span>
    </p>
   </div>
   <div class='ocr_carea' id='block_1_106' title="bbox 807 5517 2382 5587">
    <p class='ocr_par' dir='ltr' id='par_1_106' title="bbox 807 5517 2382 5587">
     <span class='ocr_line' id='line_1_106' title="bbox 807 5517 2382 5587; baseline 0.005 -17"><span class='ocrx_word' id='word_1_705' title='bbox 807 5517 1100 5587; x_wconf 63' lang='lat' dir='ltr'><strong>videlicet.</strong></span> <span class='ocrx_word' id='word_1_706' title='bbox 1142 5519 1256 5570; x_wconf 89' lang='lat' dir='ltr'><strong>sive</strong></span> <span class='ocrx_word' id='word_1_707' title='bbox 1290 5517 1542 5570; x_wconf 85' lang='lat' dir='ltr'><strong>minorem</strong></span> <span class='ocrx_word' id='word_1_708' title='bbox 1577 5517 1642 5570; x_wconf 91' lang='lat' dir='ltr'><strong>ad</strong></span> <span class='ocrx_word' id='word_1_709' title='bbox 1694 5517 1918 5587; x_wconf 78' lang='lat' dir='ltr'><strong>majoris</strong></span> <span class='ocrx_word' id='word_1_710' title='bbox 1970 5517 2200 5578; x_wconf 89' lang='lat' dir='ltr'><strong>alterius</strong></span> <span class='ocrx_word' id='word_1_711' title='bbox 2237 5525 2382 5578; x_wconf 88' lang='lat' dir='ltr'><strong>latus</strong></span> 
     </span>
    </p>
   </div>
   <div class='ocr_carea' id='block_1_107' title="bbox 806 5586 2381 5654">
    <p class='ocr_par' dir='ltr' id='par_1_107' title="bbox 806 5586 2381 5654">
     <span class='ocr_line' id='line_1_107' title="bbox 806 5586 2381 5654; baseline 0.007 -16"><span class='ocrx_word' id='word_1_712' title='bbox 806 5597 1038 5654; x_wconf 75' lang='lat' dir='ltr'><strong>portum.</strong></span> <span class='ocrx_word' id='word_1_713' title='bbox 1081 5586 1173 5641; x_wconf 88' lang='lat' dir='ltr'><strong>Sic</strong></span> <span class='ocrx_word' id='word_1_714' title='bbox 1219 5588 1624 5654; x_wconf 81' lang='grc' dir='ltr'>παρεκκλήσιον</span> <span class='ocrx_word' id='word_1_715' title='bbox 1656 5602 1739 5643; x_wconf 86' lang='lat' dir='ltr'><strong>eSt</strong></span> <span class='ocrx_word' id='word_1_716' title='bbox 1774 5586 1946 5643; x_wconf 75' lang='lat' dir='ltr'><strong>utinor</strong></span> <span class='ocrx_word' id='word_1_717' title='bbox 2000 5591 2221 5647; x_wconf 68' lang='lat' dir='ltr'><strong>ecclesia</strong></span> <span class='ocrx_word' id='word_1_718' title='bbox 2265 5595 2381 5649; x_wconf 81' lang='lat' dir='ltr'><strong>sive</strong></span> 
     </span>
    </p>
   </div>
   <div class='ocr_carea' id='block_1_108' title="bbox 809 5658 2379 5730">
    <p class='ocr_par' dir='ltr' id='par_1_108' title="bbox 809 5658 2379 5730">
     <span class='ocr_line' id='line_1_108' title="bbox 809 5658 2379 5730; baseline 0.005 -20"><span class='ocrx_word' id='word_1_719' title='bbox 809 5659 1014 5723; x_wconf 78' lang='lat' dir='ltr'><strong>capella</strong></span> <span class='ocrx_word' id='word_1_720' title='bbox 1073 5659 1136 5710; x_wconf 90' lang='lat' dir='ltr'><strong>ad</strong></span> <span class='ocrx_word' id='word_1_721' title='bbox 1172 5658 1440 5730; x_wconf 84' lang='lat' dir='ltr'><strong>majorem</strong></span> <span class='ocrx_word' id='word_1_722' title='bbox 1474 5661 1600 5730; x_wconf 82' lang='lat' dir='ltr'><strong>sila.</strong></span> <span class='ocrx_word' id='word_1_723' title='bbox 1643 5661 2018 5730; x_wconf 76' lang='grc' dir='ltr'>παρα).αύριον</span> <span class='ocrx_word' id='word_1_724' title='bbox 2049 5665 2221 5717; x_wconf 77' lang='lat' dir='ltr'><strong>minus</strong></span> <span class='ocrx_word' id='word_1_725' title='bbox 2265 5681 2379 5718; x_wconf 88' lang='lat' dir='ltr'><strong>mo-</strong></span> 
     </span>
    </p>
   </div>
   <div class='ocr_carea' id='block_1_109' title="bbox 812 5727 2362 5852">
    <p class='ocr_par' dir='ltr' id='par_1_109' title="bbox 812 5727 2362 5852">
     <span class='ocr_line' id='line_1_109' title="bbox 812 5727 2362 5852; baseline 0.007 -75"><span class='ocrx_word' id='word_1_726' title='bbox 812 5730 1099 5852; x_wconf 60' lang='lat' dir='ltr'><strong>iénstcrium</strong></span> <span class='ocrx_word' id='word_1_727' title='bbox 1163 5729 1319 5797; x_wconf 82' lang='lat' dir='ltr'><strong>juxta</strong></span> <span class='ocrx_word' id='word_1_728' title='bbox 1398 5727 1602 5796; x_wconf 84' lang='lat' dir='ltr'><strong>majus,</strong></span> <span class='ocrx_word' id='word_1_729' title='bbox 1655 5727 1735 5783; x_wconf 80' lang='lat' dir='ltr'><strong>et</strong></span> <span class='ocrx_word' id='word_1_730' title='bbox 1780 5731 1847 5784; x_wconf 82' lang='lat' dir='ltr'><strong>ab</strong></span> <span class='ocrx_word' id='word_1_731' title='bbox 1903 5727 1970 5785; x_wconf 83' lang='lat' dir='ltr'><strong>eo</strong></span> <span class='ocrx_word' id='word_1_732' title='bbox 2029 5730 2362 5802; x_wconf 66' lang='lat' dir='ltr'><strong>dependens.</strong></span> 
     </span>
     <span class='ocr_line' id='line_1_110' title="bbox 863 5813 1931 5851; baseline 0.007 -4"><span class='ocrx_word' id='word_1_733' title='bbox 863 5813 983 5851; x_wconf 71' lang='lat' dir='ltr'><strong>om.</strong></span> <span class='ocrx_word' id='word_1_734' title='bbox 1914 5817 1931 5830; x_wconf 86' lang='lat'><strong>&quot;</strong></span> 
     </span>
    </p>
   </div>
   <div class='ocr_carea' id='block_1_110' title="bbox 863 5813 1931 5851">
    <p class='ocr_par' dir='ltr' id='par_1_110' title="bbox 863 5813 1931 5851">
     <span class='ocr_line' id='line_1_111' title="bbox 863 5813 1931 5851; baseline 0.008 -4"><span class='ocrx_word' id='word_1_735' title='bbox 863 5813 983 5851; x_wconf 71' lang='lat' dir='ltr'><strong>om.</strong></span> <span class='ocrx_word' id='word_1_736' title='bbox 1914 5817 1931 5830; x_wconf 88' lang='lat'><strong>&quot;</strong></span> 
     </span>
    </p>
   </div>
   <div class='ocr_carea' id='block_1_111' title="bbox 1680 5309 2386 5376">
    <p class='ocr_par' dir='ltr' id='par_1_111' title="bbox 1680 5309 2386 5376">
     <span class='ocr_line' id='line_1_112' title="bbox 1680 5309 2386 5376; baseline 0.01 -15"><span class='ocrx_word' id='word_1_737' title='bbox 1680 5322 1786 5376; x_wconf 86' lang='lat' dir='ltr'><strong>qua</strong></span> <span class='ocrx_word' id='word_1_738' title='bbox 1827 5309 2022 5364; x_wconf 89' lang='lat' dir='ltr'><strong>iterum</strong></span> <span class='ocrx_word' id='word_1_739' title='bbox 2081 5320 2276 5367; x_wconf 89' lang='lat' dir='ltr'><strong>auctor</strong></span> <span class='ocrx_word' id='word_1_740' title='bbox 2331 5317 2386 5368; x_wconf 94' lang='lat' dir='ltr'><strong>in</strong></span> 
     </span>
    </p>
   </div>
   <div class='ocr_carea' id='block_1_112' title="bbox 2568 5315 4066 5386">
    <p class='ocr_par' dir='ltr' id='par_1_112' title="bbox 2568 5315 4066 5386">
     <span class='ocr_line' id='line_1_113' title="bbox 2568 5315 4066 5386; baseline 0.001 -18"><span class='ocrx_word' id='word_1_741' title='bbox 2568 5315 2678 5386; x_wconf 79' lang='grc'><strong>(55)</strong></span> <span class='ocrx_word' id='word_1_742' title='bbox 2707 5320 2924 5386; x_wconf 78' lang='lat' dir='ltr'><strong>Autper</strong></span> <span class='ocrx_word' id='word_1_743' title='bbox 2957 5318 3218 5383; x_wconf 81' lang='lat' dir='ltr'><strong>Phileam,</strong></span> <span class='ocrx_word' id='word_1_744' title='bbox 3254 5326 3315 5371; x_wconf 89' lang='lat' dir='ltr'><strong>ut</strong></span> <span class='ocrx_word' id='word_1_745' title='bbox 3367 5319 3471 5372; x_wconf 89' lang='lat' dir='ltr'><strong>loci</strong></span> <span class='ocrx_word' id='word_1_746' title='bbox 3531 5319 3600 5371; x_wconf 88' lang='lat' dir='ltr'><strong>sit</strong></span> <span class='ocrx_word' id='word_1_747' title='bbox 3641 5332 3838 5372; x_wconf 87' lang='lat' dir='ltr'><strong>nomen</strong></span> <span class='ocrx_word' id='word_1_748' title='bbox 3876 5335 3890 5369; x_wconf 92' lang='lat'><strong>:</strong></span> <span class='ocrx_word' id='word_1_749' title='bbox 3927 5317 4066 5372; x_wconf 88' lang='lat' dir='ltr'><strong>nihil</strong></span> 
     </span>
    </p>
   </div>
   <div class='ocr_carea' id='block_1_113' title="bbox 2497 5388 4066 5444">
    <p class='ocr_par' dir='ltr' id='par_1_113' title="bbox 2497 5388 4066 5444">
     <span class='ocr_line' id='line_1_114' title="bbox 2497 5388 4066 5444; baseline 0.003 -6"><span class='ocrx_word' id='word_1_750' title='bbox 2497 5390 2642 5440; x_wconf 90' lang='lat' dir='ltr'><strong>enim</strong></span> <span class='ocrx_word' id='word_1_751' title='bbox 2672 5389 2849 5442; x_wconf 88' lang='lat' dir='ltr'><strong>habeo</strong></span> <span class='ocrx_word' id='word_1_752' title='bbox 2878 5399 3112 5444; x_wconf 89' lang='lat' dir='ltr'><strong>certum.</strong></span> <span class='ocrx_word' id='word_1_753' title='bbox 3171 5388 3331 5444; x_wconf 86' lang='lat' dir='ltr'><strong>Certe</strong></span> <span class='ocrx_word' id='word_1_754' title='bbox 3390 5389 3589 5444; x_wconf 88' lang='lat' dir='ltr'><strong>Suidas</strong></span> <span class='ocrx_word' id='word_1_755' title='bbox 3643 5388 3746 5442; x_wconf 89' lang='lat' dir='ltr'><strong>loci</strong></span> <span class='ocrx_word' id='word_1_756' title='bbox 3811 5391 4066 5443; x_wconf 88' lang='lat' dir='ltr'><strong>meminit</strong></span> 
     </span>
    </p>
   </div>
   <div class='ocr_carea' id='block_1_114' title="bbox 2499 5457 4060 5513">
    <p class='ocr_par' dir='ltr' id='par_1_114' title="bbox 2499 5457 4060 5513">
     <span class='ocr_line' id='line_1_115' title="bbox 2499 5457 4060 5513; baseline 0.003 -6"><span class='ocrx_word' id='word_1_757' title='bbox 2499 5457 2601 5510; x_wconf 89' lang='lat' dir='ltr'><strong>hoe</strong></span> <span class='ocrx_word' id='word_1_758' title='bbox 2629 5459 2852 5513; x_wconf 90' lang='lat' dir='ltr'><strong>nomine</strong></span> <span class='ocrx_word' id='word_1_759' title='bbox 2881 5475 2894 5511; x_wconf 77' lang='grc' dir='ltr'><strong>ι</strong></span> <span class='ocrx_word' id='word_1_760' title='bbox 2940 5459 3030 5513; x_wconf 91' lang='lat' dir='ltr'><strong>ubi</strong></span> <span class='ocrx_word' id='word_1_761' title='bbox 3060 5470 3244 5513; x_wconf 84' lang='lat' dir='ltr'><strong>autem</strong></span> <span class='ocrx_word' id='word_1_762' title='bbox 3272 5460 3514 5513; x_wconf 85' lang='lat' dir='ltr'><strong>locorum</strong></span> <span class='ocrx_word' id='word_1_763' title='bbox 3565 5458 3635 5513; x_wconf 90' lang='lat' dir='ltr'><strong>sit</strong></span> <span class='ocrx_word' id='word_1_764' title='bbox 3665 5473 3771 5512; x_wconf 93' lang='lat' dir='ltr'><strong>non</strong></span> <span class='ocrx_word' id='word_1_765' title='bbox 3800 5457 4060 5512; x_wconf 86' lang='lat' dir='ltr'><strong>habetur.</strong></span> 
     </span>
    </p>
   </div>
   <div class='ocr_carea' id='block_1_115' title="bbox 2491 5525 4062 5596">
    <p class='ocr_par' dir='ltr' id='par_1_115' title="bbox 2491 5525 4062 5596">
     <span class='ocr_line' id='line_1_116' title="bbox 2491 5525 4062 5596; baseline 0.002 -18"><span class='ocrx_word' id='word_1_766' title='bbox 2491 5525 2622 5580; x_wconf 73' lang='grc' dir='ltr'>Χγι..</span> <span class='ocrx_word' id='word_1_767' title='bbox 2658 5558 2729 5568; x_wconf 93' lang='grc'><strong><em>-</em></strong></span> <span class='ocrx_word' id='word_1_768' title='bbox 2786 5527 3012 5592; x_wconf 88' lang='lat' dir='ltr'><strong>Locum,</strong></span> <span class='ocrx_word' id='word_1_769' title='bbox 3075 5545 3183 5582; x_wconf 92' lang='lat' dir='ltr'><strong>non</strong></span> <span class='ocrx_word' id='word_1_770' title='bbox 3229 5530 3506 5583; x_wconf 86' lang='lat' dir='ltr'><strong>hominem</strong></span> <span class='ocrx_word' id='word_1_771' title='bbox 3563 5530 3652 5583; x_wconf 89' lang='lat' dir='ltr'><strong>hic</strong></span> <span class='ocrx_word' id='word_1_772' title='bbox 3703 5529 4062 5596; x_wconf 79' lang='lat' dir='ltr'><strong>interpretati</strong></span> 
     </span>
    </p>
   </div>
   <div class='ocr_carea' id='block_1_116' title="bbox 2492 5597 4059 5679">
    <p class='ocr_par' dir='ltr' id='par_1_116' title="bbox 2492 5597 4059 5679">
     <span class='ocr_line' id='line_1_117' title="bbox 2492 5597 4059 5679; baseline 0 -29"><span class='ocrx_word' id='word_1_773' title='bbox 2492 5597 2608 5679; x_wconf 75' lang='lat' dir='ltr'><strong>ipsa</strong></span> <span class='ocrx_word' id='word_1_774' title='bbox 2645 5599 2900 5679; x_wconf 76' lang='lat' dir='ltr'><strong>dictionis</strong></span> <span class='ocrx_word' id='word_1_775' title='bbox 2924 5601 3264 5679; x_wconf 75' lang='lat' dir='ltr'><strong>constructio</strong></span> <span class='ocrx_word' id='word_1_776' title='bbox 3289 5601 3531 5679; x_wconf 78' lang='lat' dir='ltr'><strong>postulat</strong></span> <span class='ocrx_word' id='word_1_777' title='bbox 3565 5618 3595 5679; x_wconf 43' lang='grc' dir='ltr'><strong>ε.</strong></span> <span class='ocrx_word' id='word_1_778' title='bbox 3637 5608 3721 5653; x_wconf 89' lang='lat' dir='ltr'><strong>est</strong></span> <span class='ocrx_word' id='word_1_779' title='bbox 3755 5605 3942 5679; x_wconf 65' lang='lat' dir='ltr'><strong>autem</strong></span> <span class='ocrx_word' id='word_1_780' title='bbox 3993 5599 4059 5679; x_wconf 80' lang='lat' dir='ltr'><strong>ad</strong></span> 
     </span>
    </p>
   </div>
   <div class='ocr_carea' id='block_1_117' title="bbox 2487 5667 4059 5740">
    <p class='ocr_par' dir='ltr' id='par_1_117' title="bbox 2487 5667 4059 5740">
     <span class='ocr_line' id='line_1_118' title="bbox 2487 5667 4059 5740; baseline 0.002 -20"><span class='ocrx_word' id='word_1_781' title='bbox 2487 5667 2632 5740; x_wconf 80' lang='lat' dir='ltr'><strong>latus</strong></span> <span class='ocrx_word' id='word_1_782' title='bbox 2661 5670 2813 5740; x_wconf 82' lang='lat' dir='ltr'><strong>urbis</strong></span> <span class='ocrx_word' id='word_1_783' title='bbox 2863 5671 3023 5740; x_wconf 67' lang='lat' dir='ltr'><strong>regiae</strong></span> <span class='ocrx_word' id='word_1_784' title='bbox 3075 5667 3363 5740; x_wconf 79' lang='lat' dir='ltr'><strong>Oppidum,</strong></span> <span class='ocrx_word' id='word_1_785' title='bbox 3403 5673 3545 5725; x_wconf 89' lang='lat' dir='ltr'><strong>inter</strong></span> <span class='ocrx_word' id='word_1_786' title='bbox 3583 5669 3758 5739; x_wconf 83' lang='lat' dir='ltr'><strong>ipsam</strong></span> <span class='ocrx_word' id='word_1_787' title='bbox 3797 5678 3852 5722; x_wconf 91' lang='lat' dir='ltr'><strong>et</strong></span> <span class='ocrx_word' id='word_1_788' title='bbox 3897 5667 4059 5723; x_wconf 76' lang='lat' dir='ltr'><strong>Ponti</strong></span> 
     </span>
    </p>
   </div>
   <div class='ocr_carea' id='block_1_118' title="bbox 2489 5737 3392 5796">
    <p class='ocr_par' dir='ltr' id='par_1_118' title="bbox 2489 5737 3392 5796">
     <span class='ocr_line' id='line_1_119' title="bbox 2489 5737 3392 5796; baseline 0.002 -5"><span class='ocrx_word' id='word_1_789' title='bbox 2489 5739 2683 5792; x_wconf 67' lang='lat' dir='ltr'><strong>littxini</strong></span> <span class='ocrx_word' id='word_1_790' title='bbox 2712 5737 2902 5796; x_wconf 89' lang='lat' dir='ltr'><strong>fauces</strong></span> <span class='ocrx_word' id='word_1_791' title='bbox 2929 5737 3188 5795; x_wconf 73' lang='lat' dir='ltr'><strong>inediam.</strong></span> <span class='ocrx_word' id='word_1_792' title='bbox 3221 5739 3392 5794; x_wconf 76' lang='lat' dir='ltr'><strong>Cum.</strong></span> 
     </span>
    </p>
   </div>
  </div>
