4226 6444
718 391 830 463 863

2018 393 2340 454 GEORGII
2377 395 2719 457 CEDRENI

3882 389 3999 455 864

720 505 899 559 induit
927 510 983 558 et
1005 501 1454 557 Thessalonicam
1488 512 1572 557 est
1629 502 1972 572 deportatus.
2029 505 2300 559 Caeterum

2412 508 2729 577 ἀπήγαγον.
2788 505 2898 570 Οὓς
2947 503 3288 575 θεασάμενος
3347 501 3668 574 Ἀρτέμιος,
3722 501 3881 571 λόγον
3934 521 3996 556 τε

716 594 830 649 Leo
857 596 1083 649 lsaurus
1125 591 1487 648 Orientalium
1541 594 1672 661 dux,
1726 611 1825 664 pro
1868 595 2113 651 Artemio
2167 611 2293 666 pro-

717 702 994 755 pu,nans,
1054 684 1370 740 Theodosio
1421 702 1527 739 non
1566 688 1765 755 paruit,
1826 690 2038 742 socium
2097 690 2305 745 habens

716 777 1084 832 Artahasdum
1164 779 1485 833 Armenium
1557 778 1794 841 ducem,
1847 782 1932 835 cui
2008 792 2064 836 et
2137 782 2303 835 tiliam

718 881 947 937 nuptum
978 886 1037 925 se
1063 871 1320 923 daturum
1353 884 1507 921 suam
1549 871 1946 938 spOponderat.

2406 599 2681 661 ἀπαθείας
2715 598 2919 663 λαϐὼν,
2968 596 3029 650 τὸ
3063 594 3349 667 μοναδικδν
3387 593 3745 665 περιεϐάλετο
3775 594 3991 664 σχῆμα,

2410 696 2504 746 καὶ
2526 696 2606 757 είς
2631 693 3035 761 Θεσσαλονίκην
3059 689 3386 759 ἐξορίζεται.
3410 688 3565 741 Λέων
3593 688 3651 740 δὲ
3683 688 3712 739 6
3740 686 3996 751 Ἰσαυρος

2410 785 2521 837 τῶν
2578 783 2941 837 Ἀνατολικῶν
3010 780 3319 851 στρατηγὸς
3372 777 3485 850 (42)
3542 777 3637 840 ῶν,
3702 778 4000 847 Ἀρτεμίου

2413 873 2753 945 ὑπερμαχῶν
2783 873 2881 942 οὐχ
2915 873 3167 940 ὑπετάγη
3196 868 3486 939 Θεοδοσίῳ,
3521 868 3660 939 ἔχων
3689 884 3999 935 συναγωνι-

717 963 943 1033 ξάμενον
1016 965 1381 1035 Ἀρτάϐασδον
1450 964 1737 1035 Ἀρμένιον
1821 966 2132 1037 στρατηγὸν
2186 967 2297 1020 τῶν
2336 968 2737 1041 Ἀρμενιακῶν,
2772 962 2817 1038 ᾧ
2874 971 2970 1022 καὶ
3001 968 3186 1022 δοῦναι
3239 968 3496 1020 συνέθετο
3539 967 3641 1035 τὴν
3683 965 3821 1019 ἰδίαν
3901 967 4000 1019 Θυ-

675 1115 679 1119 _
718 1072 950 1126 γατερα.

785 1147 1129 1203 Theodosius
1166 1149 1452 1218 imperium
1508 1150 1811 1205 Romanum
1838 1153 2011 1208 lenuit
2040 1169 2213 1208 annos
2244 1154 2300 1208 2.

725 1238 800 1291 Eo
862 1240 1164 1308 imperante
1221 1242 1510 1298 Masalmas
1571 1244 1999 1299 Sarracenorum
2045 1247 2303 1315 princeps

720 1329 1093 1384 Romanorum
1153 1334 1349 1387 ditioui
1414 1336 1610 1388 bellum
1678 1336 1881 1390 intulit.
1935 1339 2181 1407 Cumque
2235 1339 2301 1392 ad

721 1422 1005 1475 Arnorium
1042 1430 1404 1490 pervenisset,
1455 1427 1621 1481 Leoni
1664 1426 1848 1483 Isauro
1875 1430 1926 1481 in
1962 1430 2101 1483 hanc
2127 1431 2305 1498 scrip-

720 1513 791 1565 sit
820 1517 1146 1568 sententiam
1178 1517 1288 1569 :Ad
1311 1525 1362 1570 te
1386 1520 1620 1586 pertinet
1640 1519 1941 1581 Romanum
1971 1522 2257 1588 imperium
2285 1536 2299 1572 :

723 1604 867 1668 veni,
897 1614 951 1658 et
991 1607 1057 1659 de
1098 1622 1229 1675 pace
1270 1608 1670 1679 colloquemur.
1704 1612 1847 1665 Misit
1878 1626 2007 1681 ergo
2052 1612 2119 1665 ad
2173 1629 2298 1666 eum

726 1696 933 1763 legatos
966 1698 1074 1753 Leo
1101 1715 1398 1770 pacemque
1424 1703 1731 1771 composuit
1759 1719 1773 1767 ;
1805 1713 1859 1756 et
1883 1704 2180 1772 imperator
2204 1720 2298 1759 sa-

724 1792 934 1848 lutatus
978 1796 1218 1849 maximo
1244 1813 1365 1850 cum
1414 1799 1660 1851 exercitu
1716 1798 1780 1851 ad
1816 1796 2186 1853 Nicomediam
2216 1816 2308 1854 ve-

723 1886 837 1947 nit;
871 1887 1055 1955 ibique
1082 1887 1376 1943 Theodosii
1406 1888 1578 1942 lilium
1607 1889 1915 1953 offendens,
1968 1907 2145 1960 pugna
2172 1908 2308 1946 eon-

2482 1152 2767 1214 Θεοδόσιος
2802 1149 3058 1220 βασιλεὺς
3102 1144 3389 1218 Ῥωμαίων
3425 1147 3520 1216 ἔτη
3559 1145 3625 1216 β’,
3661 1148 3747 1214 ἐφ’
3779 1140 3843 1200 οὗ
3873 1148 3998 1201 Μα-

2412 1245 2626 1314 σαλμᾱς
2670 1245 2698 1297 6
2741 1242 2852 1296 τῶν
2900 1240 3238 1312 Σαρακηνῶν
3292 1240 3536 1310 ἀρχηγὸς
3586 1240 3998 1309 ἐπεστράτευσε

2411 1338 2554 1391 κατά
2599 1335 2908 1407 Ῥωμαίων.
2962 1336 3071 1388 Καὶ
3104 1334 3242 1404 πρὸς
3272 1332 3341 1385 τὰ
3371 1332 3514 1402 μέρη
3562 1330 3657 1384 τοῦ
3714 1331 3998 1402 Ἀμωρίου

2411 1428 2705 1497 γενόμενος
2767 1427 2972 1495 γράφει
3031 1425 3167 1496 πρὸς
3221 1425 3425 1477 Λέοντα
3476 1423 3585 1475 τῶν
3631 1423 3999 1476 Ἀνατολικῶν

2414 1519 2750 1589 στρατηγόν·
2786 1519 2850 1572 'H
2880 1518 3129 1587 βασιλεία
3150 1518 3259 1569 τῶν
3294 1515 3586 1583 Ῥωμαίων
3624 1533 3709 1568 σοι
3735 1516 3994 1585 ἀρμόξει.

2418 1611 2575 1664 ἘλΘέ
2606 1606 2700 1663 οὖν
2734 1608 2818 1681 [Ρ.
2858 1607 2988 1680 450]
3010 1608 3105 1660 καὶ
3134 1606 3445 1676 λαλήσομεν
3482 1607 3552 1659 τά
3578 1606 3714 1677 πρὸς
3746 1609 3997 1678 εἰρήνην.

2419 1702 2478 1754 '0
2512 1703 2566 1754 δὲ
2608 1701 2744 1771 πρὸς
2800 1700 2964 1753 αὐτὸν
3008 1698 3343 1760 ἀποστείλας
3388 1700 3629 1760 ὑπάτους
3660 1699 3756 1751 καὶ
3804 1699 3999 1765 λόγους

2407 1795 2630 1865 εἰρήνης
2666 1792 3066 1861 ποιησάμενος,
3102 1793 3198 1845 καὶ
3241 1791 3317 1855 ὡς
3365 1793 3621 1863 βασιλεὺς
3672 1791 3999 1862 φημισθεὶς,

2408 1886 2499 1938 ἐπὶ
2524 1884 2622 1954 τὴν
2647 1884 3029 1953 Νικομήδειαν
3048 1883 3271 1954 ἔρχεται
3294 1885 3431 1953 μετὰ
3459 1883 3714 1936 πλείστου
3738 1883 4000 1953 στρατοῦ.

721 1992 970 2044 gressus,
996 1978 1142 2033 hunc
1181 1996 1306 2035 cum
1359 1983 1507 2035 omni
1554 1982 1900 2052 imperatoris
1964 1983 2301 2052 supellectile

2412 1976 2499 2029 Ἐν
2598 1975 2677 2045 τῷ
2705 1974 2800 2027 τοῦ
2835 1975 3117 2028 Θεοδοσίου
3176 1975 3277 2045 υίῷ
3326 1975 3637 2045 περιτυχὼν
3684 1978 3742 2027 έν
3773 1974 4005 2044 πολέμῳ

724 2082 787 2119 ac
819 2070 1006 2136 palatii
1060 2073 1378 2139 proceribus
1410 2074 1461 2125 iu
1499 2090 1651 2127 suam
1685 2082 2005 2143 potestatem
2069 2075 2301 2145 redegit.

725 2158 857 2215 lude
887 2162 1243 2231 Chrysopolin
1298 2168 1467 2219 venit.
1507 2164 1850 2221 Theodosius
1908 2176 2088 2220 autem
2137 2169 2206 2220 ab
2239 2184 2304 2223 eo

724 2251 829 2303 sibi
866 2255 1226 2308 securitatem
1262 2257 1555 2324 stipulatus
1584 2259 1812 2327 imperio
1876 2259 2065 2321 cessit,
2098 2258 2305 2313 factus-

726 2361 833 2413 que
860 2356 943 2397 est
974 2362 1082 2398 una
1114 2364 1235 2399 eum
1274 2348 1383 2401 ﬁlio
1409 2351 1665 2405 clericus.
1714 2350 1836 2403 Fuit
1864 2350 1953 2403 hic
1988 2349 2151 2403 etiam
2182 2350 2303 2404 auri

722 2437 981 2506 scriptor.
1035 2437 1285 2494 Mortuus
1319 2452 1402 2495 est
1440 2442 1661 2510 Ephesi,
1687 2452 1739 2494 et
1781 2442 1923 2494 infra
1948 2450 2152 2494 terram
2179 2456 2304 2495 con-

725 2528 874 2583 ditus
936 2530 987 2582 in
1047 2529 1172 2584 fauo
1234 2534 1408 2586 sancti
1471 2536 1721 2604 Philippi.
1786 2536 1954 2605 788
2019 2536 2306 2606 Inscripsit

724 2638 827 2678 suo
875 2626 1129 2694 sepulcro
1166 2626 1449 2681 :Sanitas.
1504 2629 1734 2695 Quidam
1802 2632 2104 2685 incolarum
2153 2636 2307 2686 aiunt

721 2734 849 2772 eum
884 2720 1146 2774 miracula
1168 2721 1432 2775 edidisse.

796 2898 965 2953 Porro
1017 2900 1304 2956 Masalmas
1348 2902 1672 2969 Pergamum
1716 2904 1943 2960 adortus
1972 2905 2139 2985 cepit.
2166 2905 2299 2961 Nam

721 2992 983 3060 oppidani
1045 2996 1187 3064 magi
1247 2996 1531 3065 cujusdam
1598 2996 1861 3051 instinctu
1932 3008 2304 3068 prtegnantcm

723 3083 1007 3138 mulierem
1037 3084 1443 3151 dissecueraul,
1464 3086 1711 3157 fmtuque
1743 3090 1795 3142 in
1837 3090 2042 3143 caeabo
2073 3091 2304 3156 elixato,

725 3183 995 3243 quotquot
1024 3177 1261 3233 militare
1287 3180 1506 3244 vellent,
1541 3180 1595 3233 iu
1622 3181 1963 3234 exsecrando
1998 3180 2102 3235 hoc
2125 3184 2306 3236 sacri-

727 3266 851 3321 ﬁcio
928 3268 1181 3322 manicas
1261 3271 1575 3323 dextrarum
1647 3288 1871 3326 suarum
1948 3273 2307 3328 intinxerant.

2409 2070 2504 2121 καὶ
2527 2068 2946 2139 χειρωσάμενος
2967 2067 3109 2137 μετά
3127 2068 3225 2137 τῆς
3246 2067 3533 2137 βασιλικῆς
3553 2069 3861 2139 ὑπηρεσίας
3885 2070 4003 2139 (45)

2410 2160 2592 2230 πάσης
2626 2159 2719 2211 καὶ
2748 2158 2857 2211 τῶν
2886 2160 2945 2211 ἐν
2983 2158 3125 2211 τέλει
3147 2160 3243 2211 τοῦ
3264 2161 3552 2222 παλατίου,
3580 2160 4003 2229 καταλαμϐάνει

2406 2252 2506 2321 τὴν
2556 2251 2923 2320 Χρυσόπολιν.
2972 2252 3032 2304 '0
3076 2252 3131 2304 δὲ
3162 2251 3444 2314 Θεοδόσιος
3496 2252 3689 2320 λόγους
3724 2253 4000 2315 ἀπαθείας

2410 2345 2543 2412 παρ’
2571 2343 2739 2397 αὐτοῦ
2770 2342 2953 2398 λαϐὼν
2978 2343 3377 2415 παρεχώρησεν
3402 2345 3552 2415 αὐτῷ
3571 2345 3668 2411 τῆς
3694 2346 4001 2416 βασιλείας,

2410 2437 2671 2505 κληρικὸς
2700 2438 2797 2489 σὺν
2827 2435 2905 2506 τῷ
2937 2436 3039 2503 υἱῷ
3070 2439 3385 2505 γενόμενος.
3420 2430 3590 2498 Οὗτος
3629 2433 3698 2507 ἦν
3739 2438 3835 2491 καὶ
3862 2456 4002 2506 χρυ-

2412 2530 2687 2598 σογράφος
2728 2530 2862 2599 (Η).
2896 2530 3136 2599 Τελευτᾷ
3178 2529 3235 2582 δὲ
3269 2530 3326 2580 ἐν
3360 2530 3597 2599 Ἐφέσῳ.
3644 2531 3737 2582 καὶ
3783 2530 3999 2583 τίθεται

2408 2623 2466 2672 ἐν
2491 2622 2566 2690 τῷ
2597 2622 2710 2691 ναῷ
2740 2624 2835 2675 τοῦ
2866 2623 3049 2690 Ἀγίου
3076 2622 3341 2674 Φιλίππου
3388 2622 3494 2674 ὑπὸ
3531 2623 3655 2691 γῆν,
3697 2625 3900 2691 γράφει
3940 2626 4000 2677 δὲ

2411 2716 2468 2767 ἐν
2520 2715 2597 2781 τῷ
2648 2715 2807 2783 τάφῳ
2844 2716 3033 2768 αὐτοῦ·
3082 2715 3294 2784 Ὑγεία.
3333 2716 3566 2782 Λέγουσι
3615 2715 3671 2767 δέ
3706 2732 3853 2777 τινες
3884 2717 4004 2769 τῶν

2414 2806 2676 2860 ἐντοπίων
2716 2805 3156 2875 θαυματουργεῖν
3186 2806 3372 2859 αὐτόν.

2494 2896 2697 2950 Ἐλθὼν
2726 2898 2782 2949 δὲ
2819 2899 3131 2967 Μασαλμᾶς
3160 2900 3218 2950 έν
3263 2897 3544 2966 Περγάμῳ
3587 2897 3793 2965 ταύτην
3851 2917 3999 2969 παρ-

2411 2990 2605 3043 έλαϐεν
2628 3007 2642 3020 °
2673 2991 2992 3059 είσηγήσεσι
3024 2990 3131 3061 γάρ
3181 3007 3326 3052 τινος
3374 2991 3550 3058 μάγου
3590 2990 3918 3056 ἐνέγκαντες
3950 2992 4003 3043 οἱ

2409 3081 2509 3150 τῆς
2560 3080 2769 3141 πόλεως
2800 3080 2999 3147 ἔγκυον
3043 3083 3279 3147 γυναῖκα
3316 3080 3523 3149 ταύτην
3564 3081 3852 3149 ἀνέτεμον,
3903 3084 4007 3134 καὶ

2412 3173 2473 3225 τὸ
2508 3172 2709 3241 βρέφος
2758 3173 2814 3222 ἐν
2862 3170 3094 3241 κακάϐῳ
3126 3171 3430 3241 ἑψήσαντες
3479 3173 3556 3233 είς
3608 3172 3709 3240 τὴν
3736 3172 4004 3242 τοιαύτην

2416 3262 2806 3318 θεοϐδέλυκτον
2842 3263 3036 3316 Θυσίαν
3066 3266 3268 3326 πάντες
3307 3266 3356 3317 οἱ
3387 3266 3643 3334 πολεμεῖν
3682 3265 4007 3334 βουλόμενοι

725 3358 1030 3427 Eapropter
1102 3360 1255 3429 justo
1310 3360 1399 3416 Dei
1438 3362 1647 3430 judicio
1723 3363 1977 3419 hostibus
2018 3377 2145 3419 sunt
2192 3374 2303 3420 tra-

2412 3357 2475 3407 τὰ
2508 3353 2735 3423 μανίκια
2762 3354 2859 3423 τῆς
2880 3356 3062 3420 δεξιᾶς
3082 3358 3261 3424 χείρ’..ς
3286 3356 3466 3408 αὐτῶν
3490 3357 3719 3425 ἔϐαψαν.
3753 3357 4005 3410 Κάντεῦ-

725 3448 848 3499 tliti.

798 3627 958 3679 Anno
1014 3625 1209 3679 mundi
1263 3626 1425 3687 6209,
1487 3628 1890 3684 incarnationis
1948 3632 2145 3687 divinae
2203 3632 2309 3688 703

729 3716 836 3767 Leo
879 3718 1124 3778 lesurus,
1166 3720 1256 3786 qui
1289 3728 1341 3770 et
1372 3719 1559 3771 Conon
1591 3728 1644 3773 et
1676 3720 1746 3773 ob
1776 3721 2019 3790 deiectas
2044 3725 2309 3794 imagines

726 3807 1129 3862 lconomachus
1187 3808 1640 3878 cognominatur,
1688 3811 1973 3881 imperium
2012 3815 2165 3879 iniit,
2228 3826 2308 3870 te-

736 3899 967 3966 ﬁnitque
998 3914 1170 3953 annos
1200 3900 1290 3951 24.
1322 3900 1519 3953 Pam-is
1562 3911 1855 3969 antequam
1891 3903 2164 3973 imperare
2198 3904 2307 3961 Leo

735 3989 902 4055 carpit
945 3991 1125 4050 annis,
1179 3989 1388 4044 Hebraei
1447 3992 1669 4059 quidam
1704 3992 1973 4049 LaodiCca
2021 3996 2311 4052 Pliteuiciaa

730 4077 955 4130 oriundi
1020 4072 1269 4133 'lzethum
1334 4082 1574 4134 Arabum
1638 4084 1942 4153 principem
1998 4086 2305 4152 adiveruut,

732 4171 1115 4237 promittentes
1166 4174 1214 4227 ei
1283 4175 1351 4227 40
1401 4189 1575 4228 annos
1627 4175 1955 4231 duraturum
2009 4180 2061 4233 in
2102 4183 2312 4238 Arabas

729 4262 1043 4329 imperium,
1066 4265 1111 4317 si
1144 4262 1486 4319 venerandas
1520 4276 1575 4320 et
1608 4270 1659 4319 in
1711 4270 1927 4337 templis
1971 4272 2312 4328 Christiano-

728 4369 849 4404 rum
888 4354 1095 4407 honore
1124 4356 1304 4410 cultas
1338 4358 1603 4425 imagines
1647 4376 1742 4428 per
1776 4376 1997 4416 omnem
2042 4381 2195 4417 suam
2226 4366 2311 4420 di-

730 4445 933 4497 tionem
986 4446 1316 4501 destruerct.
1387 4448 1715 4503 Persuasum
1772 4455 1870 4507 hoe
1907 4465 1991 4509 est
2020 4456 2172 4511 l’atuo
2197 4458 2314 4512 lze-

731 4536 848 4599 tho,
895 4548 949 4589 et
1005 4538 1287 4592 decretum
1354 4542 1665 4596 universale
1723 4557 1913 4599 centra
1971 4552 2312 4606 venerandas

736 4628 1005 4696 imagines
1043 4634 1376 4699 composuit.
1438 4634 1543 4687 Sed
1598 4634 1784 4691 favore
1829 4638 1919 4691 Dei
1952 4649 2006 4693 et
2040 4641 2307 4709 depreca-

732 4716 981 4771 tionihus
1037 4718 1284 4786 Deiparm
1343 4724 1700 4792 omniumque
1742 4727 1995 4780 divorum
2051 4730 2302 4785 effectum
2340 4703 2384 4757 ο

730 4815 813 4861 est
855 4817 913 4860 ut
943 4809 1107 4863 celeri
1147 4821 1321 4865 morte
1350 4815 1831 4887 praeventus(ante
1857 4819 2067 4873 exitum
2103 4824 2303 4891 quippe

730 4898 858 4948 anni
902 4897 1087 4951 divina
1128 4916 1253 4953 eum
1293 4902 1528 4959 vindicta
1556 4907 1756 4975 attigit)
1808 4909 1860 4962 id
1897 4925 1995 4977 per
2034 4927 2188 4964 suam
2222 4915 2305 4966 di-

733 4986 934 5039 tionem
965 4990 1071 5042 noti
1092 4992 1413 5048 dimitteret.
1430 4995 1601 5050 Filius
1620 5014 1787 5066 regno
1821 5002 2027 5069 potitus
2046 5001 2305 5059 llebraros

732 5076 998 5133 dimissos
1031 5089 1089 5133 ut
1157 5084 1488 5152 impostores
1547 5104 1743 5143 necare
1775 5093 1943 5145 voluit
1976 5112 1990 5159 ;
2048 5098 2191 5163 quod
2228 5098 2304 5151 illi

737 5171 1033 5225 sentientes
1057 5174 1271 5243 profugi
1305 5177 1356 5229 in
1396 5178 1655 5233 Isauriam
1680 5181 2043 5241 deﬂexeruut.
2078 5186 2301 5242 Ibiequ

733 5273 792 5311 se
822 5261 886 5313 ad
946 5260 1153 5316 fontem
1207 5268 1500 5333 quemdam
1549 5270 1956 5341 refrigerarent,
1992 5278 2159 5347 789
2215 5296 2307 5333 su—

742 5352 991 5417 pervenit
1018 5351 1149 5420 Leo,
1185 5356 1629 5417 adolescentulus
1663 5366 1984 5431 etiamnum,
2034 5370 2306 5425 formosus

2414 3446 2505 3498 θεν
2545 3446 2735 3516 δικαία
2774 3447 2869 3498 τοῦ
2924 3446 3059 3499 Θεοῦ
3113 3448 3295 3517 κρίσει
3336 3450 3448 3509 τοῖς
3498 3447 3715 3518 ἐχθροῖς
3765 3450 4008 3520 παρεδό-

2412 3538 2603 3608 θησαν.

2485 3627 2705 3697 Κόσμου
2762 3626 2881 3689 ἔτος
2933 3625 3095 3691 ,gaO’,
3152 3630 3253 3696 τῆς
3306 3627 3461 3690 Θείας
3504 3628 3835 3696 σαρκώσεως
3884 3629 4002 3697 eg",

2412 3721 2566 3773 Λέων
2606 3720 2634 3770 ὁ
2680 3719 2774 3771 καὶ
2828 3718 3038 3782 Κόνων,
3090 3720 3117 3770 6
3169 3721 3419 3787 Ἰσαυρος
3473 3721 3567 3771 καὶ
3617 3721 4002 3790 είκονομάχος,

2412 3811 2770 3863 ἐϐασίλευσεν
2804 3810 2896 3880 ἔτη
2929 3807 3026 3863 κδ’.
3069 3811 3184 3880 Πρὸ
3230 3811 3429 3876 ὀλίγων
3463 3810 3626 3863 τινῶν
3659 3812 3869 3880 χρόνων
3899 3815 4005 3881 τῆς

2415 3902 2694 3972 βασιλείας
2726 3903 2955 3965 Λέοντος
2990 3901 3236 3971 Ἐϐραῖοί
3267 3919 3410 3965 τινες
3450 3904 3515 3955 ἐκ
3549 3904 3872 3966 Λαοδικέας
3898 3905 4005 3972 τῆς

2413 3997 2671 4062 Φοινίκης
2707 3991 2873 4064 ἦλθον
2905 3994 3043 4062 πρὸς
3103 3993 3245 4064 Ίζὴθ
3294 3994 3387 4045 τὸν
3440 3994 3684 4063 ἀρχηγὸν
3724 3995 4000 4064 Ἀράϐων,

2414 4090 2882 4159 ἐπαγγελλόμενοι
2912 4089 3064 4159 αὐτῷ
3094 4089 3190 4158 ἐτη
3227 4089 3278 4158 μ’
3315 4090 3590 4159 κρατῆσαι
3626 4090 3723 4158 τῆς
3747 4091 4004 4159 Ἀράϐων

2414 4182 2613 4251 ἀρχῆς,
2649 4182 2697 4232 εί
2730 4180 2829 4241 τὰς
2863 4183 2922 4233 έν
2970 4183 3091 4243 ταῖς
3138 4180 3459 4250 ἐκκλησίαις
3498 4181 3607 4235 τῶν
3650 4183 4004 4251 Χριστιανῶν

2414 4272 2737 4340 τιμωμένας
2770 4270 2976 4333 σεπτάς
3027 4271 3245 4332 είκόνας
3286 4272 3345 4323 ἐν
3377 4271 3527 4343 πάσῃ
3561 4274 3625 4340 τῇ
3658 4272 3797 4340 ἀρχῇ
3828 4272 4001 4323 αὑτοῦ

2415 4364 2735 4417 καταλύσει.
2773 4362 2999 4425 Τούτοις
3031 4362 3277 4425 πεισθεὶς
3306 4365 3335 4415 6
3375 4364 3601 4432 ἀνόητος
3634 4363 3775 4433 Ἰζὴο
3818 4364 4001 4432 δόγμα

2416 4452 2702 4506 καθολικὴν
2739 4452 3047 4521 ἐψηφίσατο
3096 4454 3236 4504 κατά
3280 4454 3389 4506 τῶν
3430 4453 3601 4519 ἁγίων
3646 4457 3739 4506 καὶ
3781 4457 4003 4506 σεπτῶν

2415 4547 2661 4598 εἰκόνων.
2704 4546 2866 4597 ’Λλλά
2901 4547 3087 4614 χάριτι
3134 4546 3375 4616 Χριστοῦ
3412 4548 3505 4599 καὶ
3534 4550 3653 4609 ταῖς
3678 4549 4001 4616 πρεσϐείαις

2414 4639 2513 4705 τῆς
2546 4637 2825 4703 πανάγνου
2866 4638 3131 4690 θεοτόκου
3163 4639 3259 4691 καὶ
3284 4638 3502 4691 πάντων
3531 4639 3639 4691 τῶν
3664 4642 3836 4707 ἁγίων
3867 4658 4000 4694 συν-

2413 4730 2595 4795 τόμως
2618 4728 2898 4796 τεθνηκὼς
2922 4730 2983 4781 οὐ
3014 4729 3327 4799 διαπέμψαι
3370 4732 3501 4783 αὐτὸ
3520 4733 3759 4802 ⁴1’,δι›νήθ·ιπ;
3790 4736 3870 4795 είς

2415 4824 2778 4892 ἐπικράτειαν
2831 4824 3039 4877 αὐτοῦ*
3084 4825 3239 4878 οὔπω
3299 4826 3409 4896 γάρ
3453 4828 3667 4894 διῆλθεν
3724 4831 3999 4896 ἐνιαυτξς,

2415 4915 2564 4983 καὶὴ
2601 4914 2720 4967 θεία
2748 4914 2873 4985 δίκη
2911 4916 3179 4987 μετῆλθεν
3209 4918 3393 4970 αὐτόν.
3430 4912 3507 4970 Oi:
3535 4921 3563 4970 6
3589 4921 3705 4978 υίὸς
3736 4919 3836 4988 τὴν
3866 4923 4003 4990 ἡγε-

2414 5006 2607 5069 μονίαν
2631 5006 2924 5074 δεξάμενος
2958 5008 3034 5071 ὡς
3060 5009 3452 5079 ψευδομάντεις
3483 5011 3683 5073 αὐτοὺς
3723 5013 3999 5084 ἐϐουλήθη

2413 5100 2755 5152 ἀποκτεῖναι.
2826 5101 3005 5170 Ὅπερ
3055 5101 3319 5171 μαθόντες
3379 5103 3705 5170 ἀνέκαμψαν
3770 5106 3830 5157 έν
3878 5107 3999 5168 τοίς

2413 5191 2744 5261 Ἰσαυρικοίς
2779 5192 3029 5260 μέρεσιν,
3061 5194 3157 5257 Είς
3184 5194 3367 5263 πηγὴν
3390 5194 3447 5246 δέ
3465 5214 3585 5248 τινα
3608 5197 3999 5266 ἀναψυχὸντων

2414 5282 2616 5348 αὐτῶν,
2657 5285 2767 5338 ἰδοὺ
2798 5279 2954 5349 οὗτος
2999 5288 3027 5339 ό
3071 5288 3224 5341 Λέων
3252 5289 3538 5351 νεανίσκος
3588 5290 3667 5340 ἔτι
3696 5288 3795 5353 ῶν,
3828 5290 4000 5354 καλὸς

2416 5373 2492 5442 τῷ
2526 5375 2656 5429 εῖδει
2722 5378 2818 5430 καὶ
2865 5377 3118 5448 εὐμήκης
3162 5379 3241 5450 τῷ
3301 5381 3538 5450 σώματι,
3591 5379 3860 5450 βάναυσος
3893 5381 4000 5453 τὴν

1842 5507 2198 5564 XYLANDRI
2237 5510 2330 5566 ET
2366 5514 2580 5572 GOARI
2637 5515 2869 5574 ΝΟΤᾸΞ.

993 5609 1177 5697 Nuper
1257 5616 1558 5697 στρατηγὸς
1619 5620 1725 5697 ἐίς
1788 5622 1856 5674 τὰ
1921 5624 2307 5697 καϐαλλαρικά

739 5679 941 5801 (ἔριζε,
1007 5682 1182 5750 primo
1247 5679 1582 5755 σπαθάρίοςσ
1615 5689 1643 5742 δ
1697 5679 2095 5764 σωματοφύλαξ
2139 5679 2313 5753 ἐστίν.

792 5765 852 5801 ολ
900 5789 912 5800 .

792 5765 912 5801 οη.

818 5817 930 5887 (ιῦ)
960 5818 1200 5878 Zonaras
1231 5823 1535 5898 ἀποσκευῇ.
1562 5825 1733 5883 Cum.

2492 5633 2605 5704 (44)
2640 5634 2716 5689 Ad
2750 5633 2980 5688 verbum
3014 5634 3132 5689 haec
3163 5635 3422 5690 obscura.
3470 5633 3715 5687 Zonaras
3770 5635 3998 5703 quidem

2418 5706 2766 5776 vectigalium
2831 5706 3548 5776 publicorumrexactorem
3612 5710 3747 5776 ante
3820 5707 4004 5775 itupe.

2414 5772 2589 5897 riuum
2623 5772 2949 5835 [uisse—ait.
3027 5774 3134 5832 Sed
3205 5775 3294 5831 hic
3362 5774 3524 5832 credo
3574 5772 3721 5829 ³ηυά
3788 5772 3995 5834 Πυιάτίο

2465 5860 2547 5897 γι.

2465 5860 2521 5898 Π.
2533 5885 2547 5899 .
