4226 6444
695 400 800 460 879

2000 393 2317 452 t'jLURC-II
2362 393 2557 453 (IEUH
2571 395 2695 455 ENI

3865 401 3974 464 830

695 517 948 569 ".t'tztt'ium
987 514 1260 582 publicum
1296 509 1738 578 conferrijussit.
1786 507 1849 560 Et
1881 508 2154 563 mandavit
2195 509 2278 563 in-

2395 512 2708 565 εποπτεύειν
2738 529 2793 564 τε
2823 513 2912 564 καὶ
2941 512 3354 582 ἀναγράφεσῢαι
3381 515 3445 567 τὰ
3470 517 3763 586 τικτόμενα
3793 518 3972 591 {spe-1:1;

694 609 830 676 spici
879 617 1043 676 atque
1082 602 1320 658 describi
1365 601 1603 656 infantes
1644 601 1738 668 qui
1794 601 2188 664 nascebantur,
2220 610 2277 655 ut

695 714 896 754 census
951 700 1051 754 iste
1098 695 1166 750 de
1219 694 1450 765 singulis
1505 691 1778 761 capitibus
1809 690 2276 762 (Cephaletioneni

695 791 912 859 rorant)
950 788 1089 859 exigi
1124 795 1327 858 posset.

765 883 939 936 Annis
966 879 1053 944 18,
1083 880 1150 934 l9
1178 889 1230 933 et
1257 878 1346 942 9|,
1386 876 1666 932 Suleiman
1714 875 1874 932 lsatni
1921 877 2066 932 filius
2116 876 2280 931 factis

697 979 748 1030 in
822 976 1007 1029 Asiam
1091 970 1497 1026 incursionibus
1577 969 1779 1024 multos
1859 969 2108 1039 captivus
2183 967 2280 1022 ab—

694 1067 874 1124 duxit.
912 1065 1037 1119 Fuit.
1069 1065 1210 1119 inter
1235 1062 1336 1116 hos
1361 1061 1526 1117 etiam
1563 1062 1933 1133 Pergamenus
1962 1063 2122 1133 801
2153 1062 2281 1131 qui-

695 1162 845 1224 dam,
905 1161 995 1230 qui
1053 1172 1111 1213 se
1163 1157 1381 1212 dicebat
1448 1155 1729 1210 Tiberium
1795 1170 1916 1210 esse
1981 1154 2278 1210 .lustiniani

700 1252 892 1308 filium.
944 1249 1103 1304 Hunc
1146 1248 1359 1304 lsamus
1414 1248 1466 1301 in
1521 1247 1784 1302 honorem
1845 1246 1939 1301 ﬁlii
1968 1247 2077 1313 sui,
2112 1253 2282 1314 utque

696 1353 968 1399 terrorem
1020 1342 1450 1413 imperatoribus
1489 1340 1776 1409 objicerct,
1810 1339 1958 1410 regio
1986 1339 2040 1393 in
2073 1340 2282 1393 honore

699 1433 1188 1499 habuit,exercitui
1222 1431 1486 1500 praefecit,
1523 1441 1690 1500 utque
1722 1431 1790 1484 ab
1828 1430 2082 1484 omnibus
2111 1427 2282 1482 videri

701 1537 905 1598 posset,
928 1525 1302 1596 Hierosolyma
1322 1538 1444 1578 eum
1472 1537 1533 1577 ac
1563 1539 1655 1592 per
1681 1531 1846 1577 totam
1878 1522 2088 1592 Syriam
2110 1522 2280 1574 misit.

770 1619 914 1675 Idem
955 1617 1232 1673 Sulcimau
1263 1630 1409 1670 anno
1443 1615 1512 1668 25
1560 1613 1771 1683 imperii
1832 1613 2028 1668 Leonis
2074 1612 2284 1668 excrci-

699 1725 811 1768 tutn
835 1713 904 1766 90
926 1711 1149 1764 millium
1184 1710 1236 1762 in
1268 1707 1543 1760 Romanos
1569 1706 1758 1770 duxit;
1795 1705 2078 1774 captisque
2101 1704 2282 1760 multis

699 1816 755 1860 et
802 1803 1016 1873 oppidis
1065 1812 1118 1855 ct
1164 1799 1502 1863 hominibus,
1544 1798 1720 1854 ferreo
1767 1799 1930 1853 etiam
1977 1808 2159 1853 castro
2206 1798 2280 1869 (id

701 1900 842 1953 enim
873 1905 957 1950 est
999 1893 1458 1961 Siderocastruin)
1496 1901 1726 1956 vastato,
1760 1891 1959 1946 illaesus
1990 1891 2150 1946 rediit
2187 1891 2282 1945 do-

702 2006 870 2043 ιιιυιιι.

771 2086 928 2136 Anno
967 2080 1036 2134 2i.
1077 2078 1143 2133 ab
1217 2077 1508 2132 llieracitis
1561 2076 1798 2130 taberna:
1854 2085 1982 2131 sunt
2025 2077 2284 2142 incensas,

703 2175 974 2242 multique
1002 2186 1194 2226 cnrunt
1229 2170 1502 2239 supplicio
1533 2168 1736 2224 affecti.
1789 2169 1884 2224 Die
1913 2170 2165 2226 Octobris
2193 2171 2285 2235 26,

703 2283 826 2336 qua:
861 2265 923 2319 D.
961 2263 1234 2320 Demetrio
1288 2277 1444 2316 sacra
1478 2270 1581 2324 est,
1635 2260 1766 2316 feria
1800 2263 1852 2325 4,
1887 2261 2018 2316 hora
2045 2263 2097 2326 8,
2133 2273 2289 2318 terra:

703 2368 887 2415 motus
911 2359 1102 2427 ingens
1123 2363 1284 2425 alque
1311 2352 1568 2408 terribilis
1596 2353 1748 2423 Cpoli
1783 2352 1904 2416 fuit.
1938 2355 2028 2424 qui
2063 2356 2284 2424 templa,

707 2451 1062 2512 monasteria,
1088 2449 1389 2517 domosque
1414 2448 1612 2500 multas
1634 2449 1944 2516 prostravit,
1978 2449 2288 2517 multosque

703 2546 974 2600 homines.
1012 2541 1235 2596 Corruit
1278 2540 1442 2593 etiam
1474 2539 1694 2593 Arcadii
1728 2549 1907 2593 statua
1951 2541 2004 2592 in
2056 2539 2285 2594 Xerolo-

704 2639 815 2708 pho
845 2644 900 2691 et.
952 2635 1072 2688 alia:
1113 2632 1316 2694 multae,
1357 2639 1520 2697 atque
1577 2630 1720 2683 inuri
1769 2630 1934 2684 etiam
1996 2638 2286 2686 terrestres

706 2728 883 2792 urbis,
921 2726 1049 2782 etin
1081 2723 1317 2778 Thracia
1340 2721 1505 2776 urbes
1546 2730 1709 2789 atque
1748 2721 1996 2784 castella,
2047 2734 2145 2775 nec
2175 2735 2285 2774 non

705 2823 907 2890 Nicaea,
947 2821 1262 2876 Nicomedia
1291 2829 1345 2874 et
1377 2818 1677 2882 Prienettts,
1713 2819 1841 2886 quin
1891 2825 1943 2870 et
1979 2832 2129 2870 mare
2163 2814 2288 2885 qui-

705 2915 940 2972 busdam
967 2913 1021 2968 in
1053 2913 1189 2966 locis
1219 2924 1249 2963 a
1290 2908 1560 2963 limitibus
1607 2909 1724 2963 suis
1773 2908 1989 2976 refugit.
2041 2906 2291 2961 Obtinuit

707 3015 870 3063 terra:
901 3014 1079 3060 motus
1115 3002 1216 3057 iste
1248 3016 1469 3057 menses
1501 3000 1588 3053 lt.
1628 2999 1928 3068 imperator
1979 2999 2134 3052 ruina
2171 3012 2290 3050 mu-

707 3115 897 3156 rorum
925 3099 1140 3168 cognita
1171 3096 1317 3150 cives
1361 3094 1430 3147 ita
1461 3100 1543 3148 est
1592 3093 1863 3146 allocutus
1903 3109 1915 3144 :
1955 3091 2063 3145 \‘os
2118 3092 2289 3144 muris

2383 604 2518 671 πρὸς
2548 603 2608 657 τὺ
2638 603 2987 657 ἀπαιτεῖσθαι
3013 605 3105 656 τὸν
3135 606 3427 676 λεγόμενον
3454 609 3862 679 κεφαλητίωνα.

2455 876 2543 945 Τῴ
2594 883 2680 945 ιη’,
2717 878 2808 930 καὶ
2854 877 2940 943 ιθ¹,
2974 879 3066 932 καὶ
3122 887 3205 933 κα⁹
3273 881 3381 933 ἔτει
3431 882 3735 950 Σουλεῖμὰν
3788 884 3815 934 ὁ
3856 883 3974 945 υίὸς

2395 965 2550 1036 Ἰσαμ
2579 967 2678 1038 τὴν
2717 968 2901 1020 Ἀσίαν
2921 968 3290 1040 καταδραμὼν
3320 970 3548 1034 πολλοὺς
3586 972 3971 1042 αἰχμαλώτους

2384 1059 2659 1128 ἐποίησεν.
2711 1061 3131 1132 ᾙχμαλὼτευσε
3167 1064 3223 1116 δὲ
3271 1065 3365 1117 καί
3420 1083 3542 1118 τινα
3580 1067 3968 1136 Περγαμηνὶν,

2383 1149 2439 1212 ὃς
2463 1149 2647 1216 ἔλεγεν
2687 1152 2878 1206 ἑαυτὸν
2919 1154 3172 1222 Τιϐέριον
3224 1150 3364 1209 εἶναι
3403 1158 3514 1211 υίὶν
3563 1157 3970 1212 Ἰουστινιανοῦ.

2385 1241 2587 1293 Τοῦτον
2631 1243 2790 1312 Ἰσὰμ
2835 1248 2912 1309 είς
2967 1248 3134 1318 τιμὴν
3168 1249 3262 1302 τοῦ
3303 1251 3432 1303 ἰδίου
3484 1251 3672 1314 παιδὸς
3711 1254 3807 1304 καὶ
3861 1253 3973 1303 τῶν

2388 1332 2651 1402 βασιλέων
2685 1337 2984 1408 ἐκφόϐησιν
3024 1341 3162 1410 μετὰ
3188 1342 3352 1412 τιμῆς
3373 1343 3656 1413 βασιλικῆς
3688 1348 3779 1397 καὶ
3809 1363 3974 1414 στρα-

2385 1427 2671 1496 τευμάτων
2718 1426 2900 1498 εἷχενυ
2941 1432 3000 1484 ὃν
3029 1432 3306 1502 ἐκπέμπει
3347 1438 3427 1498 είς
3478 1436 3839 1507 Ἰερουσαλὴμ
3876 1440 3973 1490 καὶ

2387 1521 2466 1584 είς
2496 1521 2625 1590 ὅλην
2657 1520 2754 1590 τὴν
2787 1523 2988 1591 Συρίαν
3024 1525 3158 1593 πρὸς
3188 1526 3314 1579 θέαν
3342 1527 3580 1580 πάντων.

2461 1611 2551 1682 Τῷ
2585 1611 2668 1680 κγ’
2721 1612 2830 1666 ἔτει
2870 1615 3269 1694 ἐπεστράτευσε
3303 1619 3604 1689 Σουλεῖμᾶν
3651 1620 3792 1674 κατὰ
3842 1621 3975 1674 Ῥω-

2391 1706 2586 1768 μαίων,
2624 1703 2764 1774 ἔχων
2809 1705 3079 1775 μυριάδας
3117 1709 3189 1774 Lf.
3233 1709 3341 1761 Καὶ
3389 1711 3587 1781 πολλὴν
3648 1710 3850 1764 ἅλωσιν
3877 1715 3975 1764 καὶ

2389 1796 3484 1876 αἰχμαλωσίανξποιησὰμενος,πορθήσας
3517 1808 3610 1860 καὶ
3648 1808 3710 1860 τὸ
3751 1807 3978 1878 Σιδηρο-

2389 1907 2646 1962 καστρον,
2689 1892 2930 1964 ἀϐλαϐὴς
2967 1896 3295 1966 ὑπέστρεψε.

2462 2077 2551 2148 Τῷ
2588 2077 2666 2131 κδ’
2696 2077 2806 2131 ἔτει
2857 2079 3168 2151 ἐκαύθησαν
3200 2084 3252 2135 αἱ
3285 2083 3480 2154 ἀγοραὶ
3531 2085 3635 2138 ὑπὸ
3663 2084 3770 2140 τῶν
3804 2087 3980 2158 Ἱερα-

2392 2171 2562 2225 κιτῶν
2591 2171 2727 2240 (71),
2759 2171 2852 2224 xa‘t
2889 2172 3072 2225 πολλοὶ
3103 2173 3161 2237 ἐξ
3194 2174 3376 2229 αὐτῶν
3397 2177 3850 2248 ὲφουλκίσθησαν.
3893 2182 3974 2250 Τῇ

2389 2260 2481 2326 κς⁹
2541 2259 2634 2316 τοῦ
2696 2261 3028 2333 Ὀκτωϐρίου
3089 2263 3276 2334 μηνὸς,
3325 2265 3416 2317 το)
3447 2267 3602 2334 ἁγίου
3635 2269 3978 2338 Δημητρίου,

2391 2351 2574 2424 ἡμέρα
2613 2350 2652 2405 δ’
2682 2352 2801 2424 ὦρᾳ
2839 2350 2912 2422 η’,
2950 2355 3174 2426 σεισμὸς
3213 2356 3387 2426 μέγας
3417 2359 3607 2427 γέγονε
3627 2361 3721 2413 καὶ
3747 2361 3982 2432 φοϐερὸς

2390 2447 2447 2497 ἐν
2488 2445 3061 2499 Κωνσταντινουπό).ει
3088 2486 3103 2512 ,
3145 2451 3239 2500 καὶ
3290 2449 3615 2521 ἐπτώθησαν
3683 2452 3979 2523 ἐκκλησίαι

2389 2535 2480 2588 καὶ
2515 2539 2856 2608 μοναστήρια
2883 2538 2977 2592 καὶ
3019 2535 3181 2605 οἶκοι,
3213 2539 3308 2592 καὶ
3329 2540 3455 2604 λαὸς
3481 2543 3650 2605 πολὺς
3681 2542 3980 2598 ἀπέθανεν.

2391 2628 2593 2680 Ἔπεσε
2611 2627 2668 2680 δὲ
2690 2630 2783 2681 καὶ
2810 2630 2843 2698 ἡ
2866 2629 3033 2700 στήλη
3065 2630 3350 2700 ’Δρκαδίου
3376 2633 3432 2684 ἐν
3451 2631 3527 2702 τῷ
3550 2633 3626 2700 Ξη
3637 2634 3844 2704 ρολὸφῳ
3865 2635 3981 2704 (7‘2)

2389 2718 2484 2771 καὶ
2520 2717 2676 2772 ἄλλαι
2695 2719 2914 2783 πολλαὶ,
2947 2720 3041 2772 καὶ
3071 2720 3138 2773 τὰ
3163 2725 3392 2789 χερσαῖα
3429 2724 3529 2790 τῆς
3560 2724 3768 2787 πόλεως
3794 2726 3978 2794 τείχη,

2391 2811 2484 2863 καὶ
2518 2810 2704 2872 πόλεις
2739 2811 2834 2863 καὶ
2867 2813 3044 2880 χωρία
3080 2812 3136 2864 ἐν
3166 2815 3229 2881 τῇ
3272 2813 3465 2883 Θρᾴκῃ
3494 2853 3508 2877 ,
3637 2813 3722 2884 [Ρ.
3758 2815 3888 2882 458]
3924 2835 3984 2870 τε

2389 2902 2592 2956 Νίκαια
2617 2902 2711 2953 καὶ
2748 2901 3090 2972 Νικομήδεια
3121 2903 3216 2956 καὶ
3244 2903 3564 2972 Πραίνετος.
3621 2907 3900 2976 Ἀπέφυγε
3923 2910 3984 2962 δὲ

2379 2992 2539 3062 ,καὶὴ
2570 2991 2819 3046 θάλασσα
2847 2992 2955 3044 τῶν
2989 2993 3136 3046 ἰδίων
3162 2995 3305 3064 ὅρων
3329 2995 3385 3048 ἐν
3412 3013 3520 3048 τισι
3541 2997 3749 3062 τόποις.
3784 2999 3985 3071 Ἐκρᾶο

2389 3101 2470 3137 τει
2499 3084 2554 3137 δέ
2585 3085 2678 3138 καὶ
2707 3087 2734 3138 6
2764 3087 2984 3155 σεισμὸς
3023 3087 3200 3156 μῆνας
3246 3087 3334 3142 ια’.
3383 3089 3530 3144 Ἰδὼν
3566 3092 3622 3144 δὲ
3671 3094 3699 3145 6
3731 3093 3987 3162 βασιλεὺς

707 3192 866 3249 urbis
890 3188 1208 3246 reliciundis
1237 3201 1360 3241 cum
1409 3200 1515 3239 non
1549 3185 1666 3238 sitis
1699 3199 1880 3255 pares,
1926 3197 2024 3236 nos
2052 3192 2285 3251 quresto-

2396 3177 2462 3230 τὰ
2477 3177 2631 3247 τείχη
2652 3179 2750 3247 τῆς
2775 3181 2979 3242 πόλεως
3000 3182 3302 3249 πτωθέντα,
3325 3183 3543 3255 διελαλη
3555 3202 3612 3237 σε
3643 3185 3753 3257 (75')
3783 3187 3983 3256 λέγων,

707 3284 866 3340 ribus
895 3280 1100 3338 nostris
1135 3278 1410 3349 negotium
1445 3275 1698 3330 dedimus
1735 3285 1793 3328 ut
1827 3273 1972 3327 ultra
2023 3271 2291 3326 constitu-

707 3385 826 3430 tum
863 3373 1125 3427 tributum
1153 3369 1207 3422 in
1237 3366 1446 3435 singula
1481 3363 1807 3418 nomismata
1869 3360 2137 3430 accipiant
2183 3358 2291 3411 mi-

709 3466 978 3524 liarisium
996 3476 1188 3526 unum,
1205 3458 1365 3529 idque
1384 3458 1435 3511 in
1455 3457 1703 3511 zerarium
1723 3463 1970 3508 nostrum
1987 3451 2292 3516 conferant,

713 3578 779 3617 ex
814 3575 922 3630 quo
965 3572 1063 3612 nos
1088 3568 1274 3608 muros
1309 3551 1631 3606 condatuus.
1678 3548 1889 3600 Exinde
1943 3545 2181 3599 obtinuit
2235 3551 2294 3595 ut

713 3650 956 3706 dicerata
984 3661 1079 3700 seu
1123 3643 1249 3698 bina
1285 3640 1490 3694 ceratia
1523 3634 1891 3706 quaestoribus
1923 3633 2288 3688 solverentur.

710 3741 932 3797 Ceratia
969 3745 1149 3792 autem
1201 3731 1542 3804 appellantur
1578 3728 1644 3781 12
1676 3726 1833 3782 folles
1888 3727 2003 3781 sive
2058 3723 2290 3787 nummi,

715 3836 797 3890 sic
831 3832 964 3888 dicti
999 3846 1028 3884 a
1064 3829 1241 3883 Numa
1271 3823 1458 3878 Romae
1503 3821 1666 3891 802
1721 3835 1870 3889 rege,
1933 3818 2024 3887 qui
2084 3817 2295 3887 primus

715 3928 906 3984 obolos
937 3939 1035 3980 sua
1073 3923 1242 3992 ipsius
1273 3917 1446 3989 elligie
1486 3914 1744 3985 signavit,
1779 3911 2009 3981 ideoque
2039 3921 2292 3963 nummos

717 4023 783 4076 de
820 4033 920 4074 suo
943 4016 1160 4072 nomine
1195 4008 1545 4080 nuncupavit.
1581 4006 1724 4062 Idem
1754 4017 1809 4060 ct
1854 4004 2088 4059 officium
2121 4001 2294 4072 quod-

716 4113 840 4167 dam
876 4108 1184 4170 constituit,
1217 4103 1357 4174 quod
1388 4101 1608 4173 quidam
1641 4099 1812 4171 ipsius
1843 4097 2172 4151 famulorum
2199 4112 2291 4166 ge-

718 4219 846 4259 rens
872 4203 940 4256 ab
974 4199 1282 4269 unoquoris
1313 4209 1501 4249 eorum
1534 4191 1628 4263 qui
1655 4208 1683 4245 a
1727 4189 1930 4260 palatio
1959 4188 2292 4259 stipendium

721 4294 1030 4357 sumebant,
1057 4287 1357 4358 accipiebat
1383 4283 1541 4338 folles
1580 4283 1645 4337 12
1669 4296 1769 4337 ceu
1800 4296 1968 4335 unum
2004 4279 2293 4334 ceratium.

720 4391 906 4459 itaque
934 4395 989 4442 et
1018 4384 1263 4440 ceration
1295 4379 1604 4436 dicebatur.
1645 4376 1906 4430 Faciebat
1960 4375 2063 4428 hoc
2099 4374 2164 4427 ad
2209 4373 2296 4427 in-

722 4479 962 4536 eundum
1003 4487 1293 4528 numerum
1325 4483 1516 4524 eorum
1561 4466 1760 4536 quibus
1789 4465 2056 4533 stipendia
2087 4462 2297 4517 daban-

2400 3271 2502 3335 ὅτι,
2537 3271 2722 3339 Ὑμεῖς
2742 3274 2786 3324 οί
2815 3274 2912 3341 τῆς
2934 3272 3143 3336 πόλεως
3165 3276 3470 3330 ὰδυνατεῖτε
3490 3279 3557 3331 τὰ
3582 3281 3731 3350 τείχη
3754 3284 3984 3349 κτίζειν,

2401 3363 2538 3416 ἀλλὰ
2571 3365 2989 3434 προσετάξαμεν
3025 3369 3138 3428 τοῖς
3173 3368 3471 3440 διοικηταῖς
3504 3371 3617 3440 (74)
3654 3372 3763 3425 τῶν
3815 3374 3990 3444 θεμά-

2399 3470 2508 3508 των
2547 3453 2798 3507 ἀπαιτεῖν
2831 3456 2910 3518 εἰς
2939 3457 3031 3509 τὸν
3062 3459 3264 3514 κανόνα
3287 3463 3426 3516 κατὰ
3467 3464 3712 3530 νόμισμα
3739 3467 3989 3537 μιλιαρί-

2403 3562 2516 3598 σιον
2547 3545 2626 3612 ἓν,
2665 3549 2760 3600 καὶ
2796 3546 3065 3619 λαμϐάνει
3097 3551 3289 3623 αὐτδή
3348 3552 3620 3621 βασιλεία,
3664 3559 3760 3609 καὶ
3809 3559 3991 3623 κτίζει

2401 3639 2562 3695 αὐτά.
2594 3641 2902 3695 Κάντεῦθεν
2941 3643 3328 3715 ἀπεκρατησεν
3359 3647 3392 3715 ὴ
3439 3648 3692 3718 συνήθεια
3723 3653 3992 3722 παρέχειν

2400 3733 2470 3785 τὰ
2502 3731 2763 3801 δικέρατα
2781 3734 2894 3795 τοῖς
2925 3732 3244 3803 διοικηταῖς.
3275 3735 3522 3805 Κεράτια
3567 3738 3624 3790 δὲ
3664 3741 3718 3792 αἱ
3755 3740 3820 3809 ιβ’
3857 3744 3990 3811 φά).-

2403 3825 2514 3888 λεις
2545 3824 2967 3896 ὠνομάσθησαν,
3023 3826 3140 3894 ἦτοι
3174 3826 3406 3898 νοῦμμοι
3459 3831 3566 3883 ἀπὸ
3599 3832 3792 3902 Νουμᾶ
3827 3834 3991 3902 βασι-

2403 3917 2540 3978 λέως
2598 3915 2842 3985 Ῥώμης,
2886 3917 2944 3979 ὃς
2979 3916 3070 3969 καὶ
3101 3917 3315 3987 πρῶτος
3367 3921 3492 3984 τοὺς
3520 3921 3744 3986 ὀϐολοὺς
3775 3928 3841 3995 τῇ
3881 3928 3990 3998 ἰδία

2403 4007 2570 4061 εἰκόνι
2602 4009 2838 4080 ἐχάραξε
2885 4009 2982 4061 καὶ
3037 4009 3315 4080 νούμμους
3345 4015 3543 4078 αὐτοὺς
3585 4019 3725 4069 κατὰ
3753 4021 3814 4071 τι
3854 4020 3990 4073 ἴδιον

2403 4100 2573 4170 ὄνομα
2597 4101 2877 4154 ἐκάλεσεν.
2917 4094 3086 4166 Οὗτος
3118 4103 3210 4156 καὶ
3233 4106 3486 4173 ὀιρφίκιον
3517 4110 3814 4175 ἐτύπωσεν,
3850 4114 3992 4183 ὅπερ

2404 4189 2483 4256 εἷς
2512 4193 2619 4246 τῶν
2655 4192 2959 4264 ἀνθρώπων
2980 4194 3144 4248 αὑτοῦ
3176 4197 3314 4266 ἒχων
3337 4198 3642 4267 ἐλάμϐανεν
3671 4201 3728 4265 ἐξ
3755 4204 3990 4259 ἑκάστου

2403 4285 2511 4338 τῶν
2542 4285 2650 4339 ἀπὸ
2678 4285 2773 4340 τοῦ
2807 4287 3069 4342 παλατίου
3103 4291 3482 4360 ρογευομένων
3513 4294 3725 4361 φολλεις
3771 4293 3838 4363 ιβ’
3870 4300 3993 4367 ἦτοι

2406 4377 2660 4447 κεράτιον
2689 4378 2766 4433 ἓν.
2803 4379 2893 4432 Διὸ
2927 4381 3022 4434 καὶ
3057 4381 3274 4449 ἐλέγετο
3307 4385 3334 4436 6
3392 4378 3666 4454 κεράτιον.
3727 4386 3900 4440 Τοῦτο
3935 4389 3992 4442 δὲ

2404 4465 2472 4542 ἦν
2497 4471 2571 4534 ὠς
2601 4473 2658 4524 ἐν
2689 4471 2846 4542 τύπῳ
2869 4473 3051 4544 ψήφου
3075 4473 3183 4526 τῶν
3217 4475 3591 4544 ρογευσμένων
3620 4478 3730 4530 ἀπὸ
3756 4479 3850 4530 τοῦ
3885 4497 3994 4532 πα-

721 4583 810 4626 tur
842 4589 853 4624 :
895 4583 1066 4637 nequc
1101 4565 1246 4620 enim
1284 4577 1349 4616 eo
1375 4568 1620 4629 tempore
1654 4572 1855 4612 census
1889 4554 2075 4610 Romae
2105 4555 2285 4625 agebat

2407 4562 2627 4615 λατίου·
2687 4563 2839 4616 οὔπω
2890 4565 2997 4636 γὰρ
3051 4566 3172 4617 τότε
3210 4566 3529 4636 ἁπογραᾳαὶ
3583 4568 3722 4620 κατὰ
3771 4569 3994 4640 Ῥώμην

721 4674 833 4720 tur.
889 4659 1038 4714 V'ixit
1102 4659 1150 4712 is
1216 4656 1388 4710 Numa
1445 4668 1511 4709 eo
1577 4665 1822 4720 tempore
1892 4666 2002 4720 quo
2063 4651 2298 4720 primum

724 4754 959 4811 Israelus
1008 4750 1260 4820 captivus
1313 4745 1584 4800 abductus
1619 4743 1740 4805 fuit,
1796 4743 1956 4797 annis
2009 4757 2038 4795 a
2093 4741 2298 4796 mundo

723 4853 906 4899 creato
933 4841 1092 4895 4780.

796 4937 905 4991 Leo
933 4936 1176 4998 lsaurus,
1215 4933 1305 5002 qui
1334 4942 1387 4988 et
1419 4931 1631 4996 Conon,
1666 4931 1952 5000 imperium
1985 4929 2154 5002 gessit
2201 4945 2297 4983 an-

728 5044 828 5083 nos
866 5027 956 5092 24,
1008 5041 1224 5080 menses
1245 5026 1300 5089 2,
1336 5024 1450 5078 dies
1479 5023 1568 5077 25.
1607 5021 1856 5084 Mortuus
1881 5033 1963 5078 est
1991 5038 2057 5076 ex
2091 5023 2304 5075 intesti-

735 5136 931 5175 norum
955 5118 1168 5186 morbo,
1201 5117 1377 5169 anima
1409 5129 1528 5169 cum
1548 5129 1774 5184 corpore
1801 5125 2074 5184 pereunte.
2109 5113 2298 5169 infelix

2407 4649 2567 4721 ἦσαν.
2613 4655 2701 4707 Ἐν
2737 4655 2793 4707 δὲ
2825 4659 2889 4724 τῇ
2947 4656 3143 4730 πρώτῃ
3201 4658 3552 4728 αἰχμαλωσίᾳ
3608 4658 3702 4710 τοῦ
3772 4661 3993 4730 Ἰσραὴλ

2405 4739 2560 4810 οὗτος
2590 4749 2617 4800 6
2648 4748 2872 4818 Νουμᾶς
2901 4749 3139 4818 ἐγένετο,
3165 4753 3224 4803 ἐν
3253 4752 3330 4823 τῷ
3359 4753 3496 4823 ,ὄψετ’
3516 4753 3624 4806 ἔτει
3649 4753 3746 4820 τῆς
3781 4755 3992 4823 κόσμου

2406 4837 2657 4902 κτίσεως.

2493 4929 2877 4984 Ἐϐασίλευσεν
2899 4928 2992 4982 οὖν
3026 4931 3176 4983 Λέων
3206 4932 3234 4983 6
3270 4932 3361 4984 καὶ
3391 4933 3600 4994 Κόνων,
3637 4935 3665 4986 6
3715 4935 3992 5005 Ἴσαυρος,

2408 5024 2504 5091 ετη
2539 5023 2613 5075 κδ’
2653 5024 2824 5093 μῆνας
2884 5022 2929 5091 β’
2960 5025 3172 5095 ἡμέρας
3213 5032 3311 5082 κε’.
3341 5027 3464 5092 ﬁliai.
3509 5027 3735 5097 θνήσκει
3771 5030 3869 5082 σὺν
3916 5031 3996 5098 τῷ

2417 5117 2719 5186 σωματικῷ
2752 5118 2845 5168 καὶ
2875 5118 2966 5170 τὸν
2993 5117 3225 5186 ψυχικὸν
3265 5118 3514 5184 θάνατον,
3551 5120 3690 5188 νόσῳ
3744 5122 3992 5176 δυσεντε-

1901 5256 2263 5312 XYLANDRI
2297 5257 2387 5312 ET
2416 5259 2626 5313 GOARI
2664 5258 2893 5315 NOTAE.

806 5381 919 5449 ﬁt)
955 5378 1256 5449 Hieracita:_
1300 5377 1392 5445 qui
1447 5377 1673 5440 fuerint,
1724 5375 1967 5429 nondum
1999 5377 2140 5449 scio.
2166 5375 2300 5449 Novi

735 5465 795 5504 ea
818 5446 1216 5519 tempestatem
1244 5446 1392 5519 italia
1409 5449 1866 5519 γυναικοῖέρακας
1898 5449 2082 5519 fuisse.
2111 5446 2214 5519 Sed
2251 5448 2299 5500 hi

736 5519 869 5572 nihil
902 5515 1028 5572 huc.
1087 5518 1297 5572 XvL.—-
1333 5515 1405 5588 T6
1471 5517 1635 5588 Ἱερόν
1687 5524 1871 5572 lauccs
1918 5517 2303 5586 Propontidos,

737 5602 766 5641 a
797 5590 994 5658 quibus
1025 5587 1329 5642 liieracitae.
1364 5585 1536 5642 Con.

812 5648 923 5727 (72)
950 5659 1212 5713 Columna
1248 5667 1329 5710 est
1363 5658 1538 5726 qualis
1561 5648 1793 5726 Trajana
1822 5659 1906 5711 vel
1934 5658 2305 5714 Antoniniana

745 5730 950 5794 Romae,
983 5743 1046 5781 ex
1103 5742 1210 5780 uno
1265 5727 1382 5780 solo
1425 5728 1622 5794 lapide,
1652 5742 1715 5780 ac
1767 5727 1887 5782 ideo
1917 5728 2110 5783 incolis
2147 5734 2304 5797 μονὸο

746 5813 921 5866 πετρα
949 5807 1161 5858 vocata,
1193 5812 1222 5850 e
1263 5797 1421 5864 cujus
1453 5798 1729 5852 radicibus
1766 5799 1965 5863 gradus
1996 5802 2302 5857 cochlearis

745 5880 842 5936 per
869 5868 1102 5924 niedium
1149 5866 1215 5923 ad
1243 5867 1363 5936 ejus
1400 5881 1609 5922 summa
1664 5869 1927 5925 ascendit.
1991 5868 2302 5940 Ξηρολόφος

2415 5379 2572 5447 quasi
2616 5379 2778 5432 moles
2803 5379 2957 5431 arida
2999 5389 3242 5432 vocatur.
3278 5378 3535 5432 Pluribus
3567 5377 3632 5433 dc
3664 5379 3753 5432 illa
3792 5377 3996 5438 Suidas

2417 5457 2470 5501 ct
2508 5449 2753 5503 Codinus
2788 5450 2841 5501 in
2887 5447 3038 5518 Orig.
3067 5449 3172 5502 Cl’.
3208 5449 3394 5517 (ioue,

2489 5519 2601 5586 (73)
2639 5519 2923 5570 Διαλαλεῖν
2948 5534 3058 5572 ιιοη
3103 5530 3185 5574 eSt
3231 5521 3368 5573 cives
3400 5521 3622 5586 alloqui,
3660 5535 3850 5575 verum
3881 5527 3994 5575 edi-

2420 5598 2558 5640 ctum
2589 5589 2946 5658 promulgare,
2978 5606 3097 5643 voce
3123 5592 3380 5657 pra’conis
3399 5592 3600 5659 jubere.
3622 5590 3794 5645 ϐου..

2495 5660 2606 5726 (Ἠ)
2637 5659 2738 5724 Qui
2766 5673 2793 5710 a
2829 5661 3062 5728 singulis
3079 5663 3366 5716 ordinibus
3397 5661 3659 5715 tributum
3688 5663 3997 5730 exigerent.

2422 5732 2660 5791 Κάνονος
2695 5745 2794 5782 vox
2829 5730 3096 5799 hodieque
3119 5747 3217 5799 pro
3243 5736 3540 5785 constituta
3574 5736 3802 5796 pecunia
3834 5749 3997 5784 u~ur~

2415 5809 2578 5869 patur
2615 5800 2796 5868 vulgo,
2855 5815 2976 5866 quae
3019 5816 3198 5855 annua
3235 5803 3500 5857 solvatur.
3541 5800 3670 5855 Χη.
3705 5831 3767 5840 -
3807 5800 3998 5855 Turu-

2419 5883 2528 5926 tam
2557 5871 2837 5940 capitatim
2862 5870 3042 5926 ediCto
3072 5873 3250 5941 posito
3274 5874 3620 5942 pendendum.
3654 5871 3827 5927 Con.
