4226 6444
257 457 367 522 885

1339 448 1888 509 IIISTORIARUM
1932 448 2466 512 COMPENDIUM.

3435 455 3544 518 886

256 580 333 640 si;
362 573 677 643 νομίσματα
713 569 781 640 ιβ’
807 569 902 624 καὶ
932 567 1004 622 τὰ
1040 566 1206 621 λοιπὰ
1234 565 1456 637 ὁμοίως.
1497 563 1604 618 Τοῦ
1629 565 1686 618 δὲ
1717 563 1850 617 λαοῦ

1975 568 2291 622 ioznismata
2346 563 2700 632 venderetur,
2762 566 3063 639 eademque
3129 576 3275 623 esset
3327 568 3550 638 reliquae

255 671 584 737 θνήσκοντος
615 663 714 716 καὶ
745 659 1120 729 ἀπολλυμένου
1143 657 1466 729 ἠναγκάσθη
1487 657 1546 712 Ἀ
1558 655 1854 727 ρτάϐασδος

255 760 517 816 ἀπολύειν
572 755 740 812 αὑτὸν
793 755 890 809 καὶ
937 752 1260 824 ὲξέρχεσθαι
1316 750 1426 804 ἀπὸ
1459 750 1558 818 τῆς
1621 749 1851 811 πόλεως.

256 855 503 924 Νικήτας
529 851 586 905 δὲ
611 851 639 903 ὁ
675 849 790 912 υίὸς
815 845 1182 918 Ἀρταϐἀσδου
1217 841 1549 907 ὲπισυνάξας
1581 839 1709 894 λαὸν
1737 840 1856 892 ἱκα-

254 948 348 1000 νὸν
377 942 544 1016 ἦλθεν
601 942 711 1005 ἓως
747 938 1183 1011 Χρυσουπόλεως
1229 934 1367 1005 (81).
1407 936 1516 987 Καὶ
1549 932 1800 1002 περάσας
1831 933 1860 984 ὁ

258 1038 648 1110 Κοπρώνυμος
672 1032 891 1098 ἐδίωξεν
923 1031 1088 1085 αὑτὸν
1127 1030 1226 1083 καὶ
1255 1046 1424 1082 κατα)
1459 1025 1584 1079 ,ϐὼν
1640 1023 1859 1095 ἐχειρώο

263 1147 421 1184 σατο.
479 1130 592 1182 Καὶ
624 1127 814 1180 τοῦτον
844 1123 1107 1193 πεδήσας,
1159 1120 1330 1173 ἐλθὼν
1379 1119 1470 1173 διὰ
1499 1120 1596 1172 τοῦ
1619 1119 1856 1187 τείχους,

260 1224 337 1292 τῷ
367 1225 540 1293 πατρὶ
568 1220 954 1274 ὲπεδείκνυσεν
983 1219 1026 1272 ³.
1089 1217 1286 1285 Ἀφνω
1337 1216 1393 1268 δὲ
1461 1212 1859 1285 παραταξάμε-

263 1333 354 1380 νος
403 1315 491 1369 διὰ
517 1313 612 1366 τοῦ
642 1311 906 1383 χερσαίου
939 1309 1158 1380 τείχους
1220 1308 1320 1379 τὴν
1366 1305 1526 1360 πόλιν
1559 1305 1858 1375 παρέλαϐε,

263 1411 358 1464 καὶ
384 1408 795 1480 χειρωσάμενος
833 1403 1206 1476 Ἀρτάϐασδον
1235 1403 1332 1453 καὶ
1376 1399 1504 1462 τοὺς
1556 1399 1655 1451 σὺν
1687 1395 1857 1466 αὐτῷ,

262 1501 457 1554 τοῦτον
493 1503 590 1570 μὲν
623 1501 720 1554 σὺν
746 1499 860 1561 τοῖς
884 1498 1037 1548 δυσὶν
1077 1493 1244 1547 αὐτοῦ
1274 1493 1412 1555 υἱοῖς
1443 1489 1746 1560 ἐτύφλωσε,
1773 1490 1864 1540 τδν

263 1594 322 1647 εὲ
352 1594 684 1660 Βάκταγμον
710 1586 1119 1662 χειροκοπήσας
1149 1585 1207 1635 ὲν
1240 1581 1318 1653 τῷ
1349 1579 1612 1650 κυνηγίῳ
1659 1578 1864 1632 ἀπεκε-

267 1685 487 1754 φάλισε,
545 1681 778 1744 πολλοὺς
825 1679 883 1732 δὲ
921 1678 1017 1732 καὶ⁵
1089 1674 1282 1737 ἄλλους
1340 1673 1452 1725 τῶν
1515 1671 1864 1742 προύχόντων

265 1778 471 1842 ἀνεῖλε,
510 1777 605 1829 καὶ
634 1775 734 1837 τὰς
768 1773 962 1833 οὐσίας
992 1768 1173 1823 αὐτῶν
1221 1766 1543 1836 ἐδήμευσεν.
1615 1760 1864 1816 Ἱππικὸν

264 1872 322 1924 δὲ
371 1871 606 1939 ποιήσας
637 1867 905 1936 εἰσήγαγε
929 1862 1021 1916 τὸν
1057 1859 1425 1931 ’Δρτάϐασδον
1459 1858 1558 1911 σὺν
1592 1857 1705 1918 τοῖς
1731 1857 1865 1917 υἱοῖς

1960 676 2193 714 annome
2243 661 2467 714 caritas.
2521 658 2785 714 Moriente
2813 674 2942 730 ergo
2965 668 3014 713 et
3039 670 3301 730 pereunte
3324 663 3548 732 populo,

1960 761 2188 807 coactus
2218 761 2302 806 est
2327 752 2672 809 Artabasdus
2708 767 2774 807 eo
2803 751 3035 808 dimisso
3071 751 3225 823 Cpoli
3259 756 3548 811 excedere.

1963 843 2068 898 Sed
2108 843 2252 898 [ilius
2273 844 2395 912 ejus
2419 843 2636 900 Nicetas
2677 845 2906 900 collecto
2923 859 3032 899 non
3055 847 3369 916 pcenitendo
3393 863 3549 904 exer-

1961 936 2075 990 citu
2140 950 2319 1005 usque
2375 936 2444 989 ad
2489 935 2858 1008 ChrySOpolin
2923 938 3194 1008 pervenit.
3241 937 3306 992 Et
3336 938 3551 1009 Copro-

1961 1042 2164 1100 nymus
2203 1028 2321 1085 suis
2369 1028 2541 1098 copiis
2574 1030 2820 1097 trajectis
2853 1045 2978 1084 cum
3013 1029 3344 1100 proﬂigavit,
3385 1032 3553 1101 inque

1967 1119 2092 1190 fuga
2132 1122 2276 1190 cepit
2311 1127 2364 1176 et
2392 1121 2756 1190 Compedibus
2801 1124 3052 1178 vinctum
3095 1124 3161 1178 ad
3195 1141 3417 1180 llilll‘llm
3455 1142 3554 1198 ag-

1965 1227 2190 1282 gressus
2223 1213 2365 1281 patri
2412 1211 2680 1268 ostendit.
2720 1211 3024 1284 Subitoque
3057 1231 3086 1270 a
3119 1218 3369 1274 terrestri
3398 1199 3567 1272 muro"

1967 1304 2191 1359 adortus
2223 1305 2413 1360 urbem
2444 1307 2614 1376 cepit.
2647 1305 2723 1362 Ita
2767 1308 3079 1363 Artabasdo
3123 1310 3176 1363 in
3219 1325 3374 1366 suam
3402 1321 3556 1382 pete-

1967 1406 2163 1453 statem
2197 1399 2442 1462 redacto,
2473 1409 2527 1454 et
2555 1401 2622 1457 iis
2664 1401 2759 1471 qui
2786 1417 2910 1457 eum
2966 1403 3397 1468 comitabantur,
3450 1405 3556 1476 ipsi

1967 1487 2295 1559 duobusque
2329 1489 2450 1558 ejus
2481 1489 2607 1546 ﬁliis
2649 1493 2844 1547 oculos
2886 1493 3113 1562 eﬂ‘odit;
3173 1494 3555 1566 Bactagmum,

1969 1580 2228 1636 manibus
2264 1581 2420 1652 prius
2461 1585 2785 1651 amputatis,
2826 1585 2881 1639 in
2909 1585 3154 1658 Cynegio
3183 1588 3363 1657 capite
3397 1597 3557 1643 trun~

1974 1672 2140 1728 cavit.
2173 1671 2372 1727 Multos
2407 1689 2630 1744 quoque
2663 1688 2924 1743 proceres
2975 1693 3004 1731 e
3047 1676 3160 1734 vita
3224 1679 3448 1734 sustulit
3505 1690 3562 1736 et

1969 1781 2159 1820 eorum
2203 1768 2344 1820 bona
2370 1767 2690 1837 publicavit.
2719 1767 2851 1823 Inde
2871 1779 3156 1839 equestres
3187 1770 3348 1830 ludos
3367 1771 3558 1835 edens,

1972 1855 2337 1911 Artabasdum
2374 1857 2627 1926 ﬁliosque
2654 1865 2708 1911 et
2754 1857 2962 1914 amicos
2993 1857 3114 1928 ejus
3147 1862 3359 1915 vinctos
3391 1861 3563 1914 intro-

266 1915 322 1924 "
378 1915 604 1939 ""1""
640 1915 897 1936 ""ll"l'
946 1915 981 1916 η
1123 1915 1134 1931 ι
1686 1915 1699 1918 -
1846 1915 1856 1917 ε

266 1960 436 2018 αὖτοῦ
467 1961 563 2014 καὶ
595 1961 708 2022 τοῖς
739 1957 914 2026 φίλοις
942 1955 1249 2024 δεδεμένοις
1271 1953 1390 2023 ἅμα
1418 1949 1757 2016 Ἀναστασὲῳ
1787 1947 1863 2016 τῷ

1975 1950 2102 2004 duci
2130 1950 2320 2018 jussit,
2353 1966 2461 2005 una
2496 1964 2623 2004 cum
2653 1950 2971 2017 Anastasio,
3018 1952 3113 2022 qui
3162 1966 3222 2006 se
3271 1951 3411 2009 falso
3459 1967 3562 2022 pro

265 2053 608 2124 ψευδωνύμῳ
663 2050 983 2122 πατριάρχῃ
1036 2044 1601 2116 τυφθέντιδημοσίως
1629 2042 1724 2096 καὶ
1770 2042 1865 2094 ἐπὶ

270 2148 382 2218 ϐνῳ
418 2143 798 2214 ἀντιστρόφως
851 2140 1233 2210 καθεζομένῳ.
1301 2138 1428 2200 Τοῖς
1457 2136 1514 2190 δὲ
1569 2136 1667 2191 σὺν
1713 2133 1864 2205 αὐτῷ

270 2239 521 2294 ἐλθοῦσιν
548 2238 833 2302 ὲξωτικοῖς
863 2233 1162 2288 ἐκέλευσεν
1218 2229 1566 2301 εἱσέρχεσθαι
1627 2228 1709 2292 είς
1735 2227 1865 2290 τους

271 2334 458 2395 οἴκους
492 2332 587 2385 καὶ
618 2328 942 2402 διαρπάζειν
975 2326 1076 2389 τὰς
1111 2323 1301 2385 οὐσίας
1326 2323 1435 2375 τῶν
1464 2319 1722 2374 πολιτῶν.
1759 2318 1864 2371 Τὸν

269 2428 330 2481 δὲ
359 2425 719 2496 ψευδώνυμον
748 2422 1096 2492 πατριάρχην
1117 2417 1191 2481 ὡς
1231 2415 1511 2488 ὁμόφρονα
1543 2412 1731 2478 αὑτοῦ,
1771 2414 1865 2466 ἐκ·

273 2521 522 2590 φοϐήσας
574 2517 670 2573 καὶ
709 2515 1007 2580 δουλώσας,
1071 2513 1236 2567 πάλιν
1299 2513 1358 2563 ἐν
1418 2509 1497 2580 τῷ
1551 2507 1726 2578 θρόνῳ
1769 2507 1866 2576 τῆς

276 2612 580 2685 ἱερωσύνης
610 2608 1053 2678 ἀποκατέστησε.

339 2705 430 2776 Τῷ
452 2704 494 2759 δ’
554 2702 666 2757 ἔτει
726 2701 901 2771 ἐφάνη
957 2698 1211 2769 κομήτης
1265 2696 1438 2766 μέγας
1466 2693 1606 2748 κατᾶ
1639 2693 1867 2764 τήνΣυ-

280 2800 426 2869 ρίαν,
459 2797 554 2851 καὶ
593 2795 873 2864 Μαρουὰμ
897 2793 1009 2846 τῶν
1037 2790 1285 2861 Ἀράϐιον
1313 2788 1613 2859 ἐκράτησε,
1642 2788 1737 2840 καὶ
1764 2803 1869 2838 παρ

275 2892 542 2964 ρακλὴσει
595 2889 702 2941 τῶν
728 2889 788 2942 ὲν
832 2889 904 2957 τῇ
945 2885 1092 2955 Ἐᾡα
1132 2880 1477 2952 Χριστιανῶν
1523 2877 1870 2948 συνεχώρησε

277 2982 730 3055 χειροτονηθῆναι
759 2977 1143 3049 Θεοφύλακτον
1171 2973 1549 3047 πρεσϐύτερον
1585 2970 1871 3040 Ἐδεσηνδν

280 3079 635 3148 πατριὰρχην
704 3073 1067 3143 Ἀντιοχείας,
1144 3067 1509 3138 κοιμηθέντος
1572 3067 1868 3134 Στεφάνου.

281 3170 391 3221 Καὶ
440 3167 636 3220 τοῦτον
693 3167 990 3236 γράμμασι
1035 3161 1342 3222 καθολικῶς
1397 3159 1664 3230 τιμᾶσθαι
1723 3158 1874 3229 παρὰ

278 3261 389 3312 τῶν
432 3258 683 3329 Ἀράϐων
724 3256 1052 3328 προσέταξε.

354 3354 445 3422 Τῷ
495 3359 535 3405 ε’
576 3353 686 3405 ἔτει
729 3351 915 3405 ἄδειαν
981 3347 1159 3419 εὑρὼν
1193 3349 1223 3401 ὁ
1273 3348 1656 3416 Κοπρώνυμος

296 3446 559 3516 ’Δνατολῇ
595 3443 672 3506 ὡς
705 3442 813 3496 τῶν
857 3441 1107 3511 Ἀράϐων
1143 3440 1281 3510 πρὸς
1317 3439 1580 3509 ἀλλήλους
1630 3439 1879 3510 μαχομέ-

284 3556 417 3603 νων,
450 3537 488 3589 Γ
492 3536 856 3608 ερμανίκειαν
881 3534 994 3605 (82)
1035 3531 1459 3602 παραλαμϐάνει
1484 3531 1579 3584 καὶ
1613 3532 1879 3602 ἐπιστρα-

281 3630 714 3702 τεύειΔουλιχίᾳ.
768 3630 882 3698 (85)
914 3627 1009 3680 καὶ
1048 3626 1334 3697 Ἀσσυρίᾳ.
1397 3625 1773 3696 Προσελάϐετο
1824 3623 1880 3676 δὲ

282 3729 381 3780 καὶ
436 3727 560 3788 τοὺς
611 3723 749 3794 πρὸς
784 3721 991 3793 μητρὸς
1046 3723 1352 3788 συγγενεῖς,
1383 3721 1481 3772 καὶ
1513 3720 1570 3772 ἐν
1601 3716 1878 3787 Βυζαντίῳ

286 3817 588 3888 μετώκισε,
621 3816 720 3866 σὺν
755 3813 938 3874 αὐτοῖς
967 3812 1023 3864 δὲ
1051 3811 1147 3863 καὶ
1191 3810 1422 3872 πολλοὺς
1454 3809 1663 3880 Σύρους
1697 3807 1874 3861 Μονο-

286 3911 541 3978 φνσξτας.
582 3908 777 3974 Γέγονε
810 3905 866 3956 δὲ
903 3905 1010 3959 ἀπὸ
1054 3910 1083 3956 ι’
1113 3902 1429 3971 Αὐγούστου
1461 3902 1564 3964 ἕως
1596 3908 1654 3953 ιε’
1686 3901 1878 3964 σκότος

1713 3346 1770 3398 ἐν
1813 3347 1877 3415 τῇ

282 4003 606 4074 ὁμιχλώδες.

359 4095 582 4171 [ΡΑϐΞ]
599 4095 688 4166 Τῷ
703 4094 756 4160 ς’
772 4093 882 4147 ἔτει
903 4093 1118 4162 ἐγένετο
1143 4090 1367 4161 σεισμὸς
1395 4091 1569 4160 μέγας
1591 4091 1646 4142 ἐν
1673 4089 1879 4143 Παλαι-

287 4192 442 4262 στίνῃ
462 4191 558 4242 καὶ
586 4191 643 4241 ὲν
667 4188 743 4259 τῷ
778 4187 1019 4265 Ἰορδάνῃ
1049 4185 1145 4239 καὶ
1164 4187 1221 4236 ἐν
1247 4185 1395 4254 πάσῃ
1425 4185 1490 4253 τῇ
1525 4182 1715 4252 Συρίᾳ,
1751 4182 1882 4252 μηνὶ

300 4283 614 4352 Ἰανουαρίῳ
644 4284 723 4344 εἱς
765 4282 865 4350 τὴν
893 4278 985 4350 ιη’,
1009 4279 1128 4349 ὥρα
1156 4277 1219 4344 δ’,
1259 4278 1353 4330 καὶ
1381 4275 1747 4346 ἀναρίθμητοι
1781 4294 1881 4346 μυ-

289 4379 472 4445 ριαδες
491 4376 838 4443 τεθνήκασιν,
876 4369 1168 4441 ἐκκλησίαι
1200 4385 1260 4420 τε
1282 4367 1373 4421 καὶ
1407 4368 1748 4438 μοναστήρια
1781 4385 1880 4419 πε-

287 4471 561 4532 πτώκασι,
599 4467 693 4518 καὶ
751 4465 983 4532 μάλιστα
1037 4460 1177 4514 κατὰ
1209 4462 1307 4531 τὴν
1347 4458 1553 4530 ἔρημον
1581 4459 1680 4528 τῆς
1718 4461 1880 4527 ἁγίας

289 4561 518 4620 πόλεως.
550 4557 640 4624 Τῷ
665 4555 815 4624 αὐτῷ
850 4553 960 4607 ἔτει
992 4553 1267 4622 λοιμώδης
1304 4551 1531 4614 θάνατος
1573 4551 1680 4604 ἀπὸ
1720 4552 1879 4604 Σικε--

1971 2044 2288 2114 patriarcha
2344 2044 2591 2116 gerebat,
2647 2053 2702 2100 et
2766 2054 2897 2100 tunc
2954 2046 3177 2115 publice
3238 2045 3561 2100 verberatus

1973 2138 2132 2193 asino
2189 2147 2523 2207 praepostere
2590 2137 2883 2208 impositus
2949 2136 3196 2192 sedebat.
3270 2137 3562 2193 Extraaeis

1973 2247 2114 2301 quos
2152 2231 2316 2301 807
2360 2246 2558 2285 secum.
2604 2230 2931 2294 adduxerat,
2961 2230 3245 2286 mandavit
3279 2239 3340 2286 ut
3370 2231 3566 2285 domos

1975 2324 2178 2382 civium
2205 2324 2528 2394 diriperent.
2551 2322 2655 2382 Sed
2683 2322 3054 2395 patriarcham
3087 2323 3237 2379 illum
3257 2323 3340 2379 sui
3359 2323 3567 2380 erroris

1976 2428 2324 2486 sectatorem,
2377 2421 2627 2476 territum
2663 2429 2829 2491 atque
2864 2420 3181 2484 subactum,
3241 2435 3460 2476 rursum
3510 2420 3568 2474 in

1975 2515 2208 2584 pristino
2230 2512 2368 2569 solio
2397 2513 2707 2569 collocavit.

2050 2700 2208 2753 Anno
2249 2701 2281 2754 4
2323 2701 2376 2754 in
2412 2699 2571 2772 Syria
2624 2716 2858 2774 magnus
2912 2712 3129 2758 cometa
3182 2701 3456 2772 apparuit.
3515 2710 3572 2755 et

1980 2791 2296 2848 Maruamus
2332 2793 2384 2847 in
2435 2794 2644 2850 Arabes
2688 2795 2977 2864 imperium
3028 2795 3198 2865 cepit.
3248 2795 3347 2849 Hic
3409 2793 3571 2849 Chrio

1981 2885 2290 2940 stianorum
2328 2886 2420 2956 qui
2450 2901 2546 2956 per
2578 2885 2859 2942 Orientem
2903 2894 3037 2942 sunt
3086 2887 3569 2943 cohortationibus

1982 2994 2306 3050 persuasus,
2343 2981 2626 3036 concessit
2659 2990 2717 3034 ut
2770 2978 3219 3052 Thcophylaetus
3255 2981 3571 3037 Edessenus

1982 3071 2274 3142 presbyter
2353 3072 2658 3128 Antiochia:
2762 3073 3148 3143 designaretur
3228 3073 3570 3144 patriarcha,

1983 3172 2202 3218 mortuo
2255 3172 2370 3218 tum
2436 3164 2739 3235 Stephano,
2805 3181 3041 3235 eumque
3117 3167 3338 3236 publico
3390 3167 3573 3223 edicto

1906 3285 1954 3345 α
1981 3256 2150 3326 jussit
2175 3257 2244 3310 ab
2277 3257 2555 3312 Arabibus
2585 3259 2638 3311 in
2675 3258 2885 3312 honore
2918 3258 3130 3312 haberi.

2056 3350 2215 3404 Anno
2246 3349 2686 3422 5Copronymus
2738 3363 2932 3405 nactus
2989 3354 3334 3408 occasionem
3371 3352 3448 3407 rei
3517 3353 3573 3410 in

1986 3443 2208 3497 Oriente
2243 3444 2518 3512 gerendae,
2554 3443 2699 3498 inter
2732 3444 2941 3499 Arabes
2977 3445 3126 3499 civili
3158 3447 3370 3516 vigente
3402 3446 3568 3510 belio,

1987 3533 2392 3587 Gerinaniriam
2421 3535 2636 3603 recipit,
2668 3537 3086 3606 exercitumque
3139 3535 3205 3590 ad
3259 3535 3568 3590 Dulichiam

1985 3636 2041 3681 ct
2068 3627 2122 3680 in
2158 3627 2441 3696 Assyriam
2467 3625 2620 3680 ducit
2682 3625 2872 3682 Matris
2904 3644 3124 3698 quoque
3156 3644 3270 3683 sua:
3307 3640 3570 3698 cognatos

1986 3718 2091 3772 sibi
2130 3717 2413 3782 adsciscit,
2438 3725 2492 3772 et
2525 3717 2846 3788 Byzantium
2877 3734 2972 3775 eos
3008 3719 3292 3786 transfert,
3343 3722 3568 3776 multos-

1986 3824 2092 3878 que
2127 3822 2252 3861 cnm
2309 3808 2394 3862 his
2458 3806 2648 3878 Syros,
2703 3808 2922 3866 Christo
2975 3826 3191 3865 unicam
3249 3811 3569 3882 alimgentcs

1985 3909 2264 3964 naturam,
2296 3902 2390 3970 qui
2416 3901 2681 3954 dicuntur
2730 3901 3148 3975 MODOpinSii'J}.
3201 3905 3241 3956 A
3279 3905 3344 3958 i0
3394 3921 3570 3974 usque

1986 3994 2051 4047 ad
2111 3993 2176 4046 15
2203 3994 2346 4047 diem
2375 3996 2607 4064 Augusti
2673 3996 2910 4050 tenebrae
2952 3997 3173 4050 filerunt
3235 3999 3568 4068 caliginosae.

2058 4084 2217 4139 Anno
2238 4094 2396 4140 sexto
2417 4101 2649 4154 magnus
2672 4084 2774 4140 fuit
2795 4087 2847 4141 in
2875 4085 3166 4143 Palaestina
3187 4097 3344 4144 terra:
3367 4099 3572 4157 motus,

1985 4188 2042 4234 et
2073 4181 2140 4232 ad
2196 4176 2493 4233 Jordanem
2558 4195 2764 4249 perque
2819 4181 3137 4236 universam
3192 4183 3428 4254 Syriam,
3483 4185 3570 4241 die

1988 4271 2195 4326 mensis
2227 4269 2476 4325 Januarii
2506 4269 2592 4334 18,
2620 4271 2752 4325 hora
2773 4271 2828 4335 4,
2857 4272 3258 4342 iunumeraque
3293 4275 3571 4329 hominum

1987 4365 2273 4436 perierunt
2308 4364 2498 4428 millia,
2542 4374 2875 4418 corruerunt
2907 4368 3106 4436 templa
3129 4381 3180 4420 et
3215 4369 3571 4435 monasteria,

1987 4462 2222 4514 maxime
2251 4477 2346 4530 per
2373 4462 2722 4516 solitudinem
2751 4461 2901 4517 urbis
2941 4473 3167 4517 sanctae.
3198 4465 3404 4519 Eodem
3431 4481 3578 4521 anno

1989 4555 2184 4623 pestis,
2229 4553 2297 4607 ab
2333 4552 2520 4607 Sicilia
2564 4562 2618 4607 et
2652 4555 2906 4608 Calabria
2932 4565 3154 4625 sumpto
3198 4558 3376 4623 initio,
3405 4559 3576 4614 veluti

287 4651 408 4714 λίας
445 4651 536 4702 καὶ
578 4647 896 4716 Καλαϐρίιας
929 4645 1235 4715 ἀρξάμενος
1287 4639 1398 4696 οἷόν
1440 4660 1492 4695 τι
1551 4643 1660 4712 πῦρ
1697 4645 1869 4696 ὲτιινε·

1990 4647 2131 4716 ignis
2168 4645 2419 4714 proxima
2468 4645 2775 4714 corripit-ns
2827 4645 3258 4701 Monembasiam
3316 4665 3490 4719 usque
3520 4661 3574 4706 et

293 4747 530 4818 μὸμενον
551 4745 645 4797 ἐπὶ
668 4744 766 4812 τὴν
793 4739 1186 4810 Μονεμϐασὶαν
1223 4740 1318 4791 καὶ
1381 4738 1610 4791 Ἑλλάδα
1642 4738 1736 4791 καὶ
1787 4737 1888 4802 τὰς

291 4837 708 4908 παρακειμένας
746 4835 946 4904 νήσους
985 4828 1115 4902 ἦλθε
1143 4829 1210 4882 δι’
1231 4829 1359 4900 ὅλης
1393 4831 1493 4900 τῆς
1525 4828 1582 4883 ιδ’
1616 4830 1886 4886 ἱνδικτιῶ-

289 4945 398 4990 νος.
459 4927 502 4977 Τ
506 4929 538 4996 ᾗ
563 4926 618 4977 δὲ
645 4921 706 4976 ιε’
745 4923 984 4994 ἤρξαντο
1024 4923 1081 4974 ἐν
1109 4921 1175 4990 τῇ
1205 4918 1439 4987 βασιλίδι
1504 4921 1656 4973 πόλει
1687 4922 1888 4992 αἴφνης

292 5020 546 5089 ἀοράτως
583 5016 836 5084 γίνεσθαι
868 5015 926 5066 ἐν
961 5031 1019 5066 τε
1053 5015 1165 5076 τοῖς
1191 5013 1300 5066 τῶν
1321 5011 1626 5082 ἀνθρώπων
1649 5013 1884 5084 ἱματίοις

290 5115 471 5164 καὶέν
498 5113 612 5171 τοῖς
636 5109 744 5160 τῶν
797 5104 1132 5174 ’ἐκκλησιῶν
1182 5103 1437 5167 ὲπίπλοις
1473 5103 1584 5175 (84)
1645 5105 1876 5175 σταυρία

289 5203 523 5271 ἐλαιώδη
557 5203 806 5254 πλεῖστα.
850 5200 1100 5268 Ἐγένετο
1124 5197 1219 5251 οὖν
1242 5197 1490 5252 ἐντεῦθεν
1524 5201 1636 5262 τοῖς
1668 5198 1878 5269 ἀνθρώ-

1987 4736 2042 4790 in
2075 4735 2340 4790 Graeciam
2369 4751 2492 4790 sese
2524 4737 2848 4808 propagavit
2899 4739 3222 4810 insulasque
3276 4743 3577 4812 circumja-

1987 4836 2192 4886 centes.
2230 4827 2335 4883 Per
2361 4838 2530 4884 totam
2553 4830 2724 4900 808
2755 4831 3110 4886 indic-tionem
3150 4835 3217 4889 Η
3249 4844 3302 4889 ct
3331 4836 3487 4891 initio
3514 4837 3575 4892 15

1985 4922 2142 4991 Cpoli
2180 4921 2365 4976 subito
2415 4931 2468 4976 et
2503 4923 2619 4976 visu
2666 4940 2776 4978 non
2824 4926 3158 4982 observante
3211 4929 3478 4984 exsistere
3517 4932 3570 4984 in

1987 5015 2272 5069 hominum
2332 5016 2578 5072 vestibus
2637 5027 2690 5073 et
2774 5019 2827 5073 in
2885 5021 3131 5075 ecclesia:
3193 5025 3573 5092 suppellectile

1986 5108 2236 5186 plurima:
2277 5125 2496 5175 cruces,
2542 5111 2703 5179 quasi
2765 5126 2830 5166 ex
2865 5112 2986 5167 oleo
3027 5112 3205 5182 facta),
3255 5127 3566 5186 cmperunt.

1987 5201 2108 5268 Quo
2139 5183 2296 5266 siquo
2328 5201 2459 5272 quid
2505 5204 2946 5272 portenderetur,
2997 5223 3119 5262 cum
3177 5209 3427 5264 homines
3458 5225 3565 5265 non

1425 5379 1781 5436 XYLANDRI
1825 5382 1913 5435 ΕΤ
1956 5383 2168 5438 GOMU
2210 5384 2435 5438 NOTAE.

364 5547 477 5617 (8|)
512 5544 1056 5617 Cirrysopolisuirbs
1079 5546 1226 5601 Asiae
1266 5557 1418 5617 trans
1459 5545 1870 5615 Propontidem,

289 5637 318 5673 e
342 5615 566 5683 regione
597 5620 849 5681 Cpolcos,
885 5615 1099 5670 δαμίογὶ
1127 5631 1274 5670 nunc
1317 5615 1512 5670 Turcis
1549 5619 1716 5681 dicta,
1755 5633 1879 5686 ραι-ς

293 5705 476 5758 peram
506 5701 537 5740 a
571 5687 901 5756 quibusdam
951 5703 1074 5740 enin
1121 5687 1467 5742 Chalcedone
1492 5687 1869 5741 confunditur.

288 5764 475 5898 ὺυδςῗὶ.)
511 5827 932 5898 Γερμανὶκειαν,
956 5825 1126 5897 Syria:
1150 5827 1361 5881 urbem.
1393 5826 1668 5896 (Ptolem.)
1694 5827 1867 5884 Gesn.

362 5901 474 5970 (κῆ)
527 5897 778 5966 Δουλιχία
837 5900 1006 5971 altera
1070 5897 1241 5959 Syria:
1305 5900 1432 5952 urbs
1501 5906 1603 5963 cst,
1658 5899 1871 5956 Doliche

1981 5552 2272 5605 Ptoletnmo
2298 5555 2460 5606 dicta.
2506 5555 2677 5606 GUAR.

2055 5623 2165 5690 (84)
2193 5622 2494 5687 Ἐπὶπλοις,
2517 5624 2680 5690 pepli:
2713 5634 2761 5677 et
2786 5626 2908 5677 retis
2933 5627 3118 5678 sacris.
3152 5624 3372 5682 Simeon
3397 5630 3493 5683 'l'lu
3515 5649 3568 5686 s-

1978 5693 2077 5770 sal.
2134 5693 2201 5746 de
2247 5694 2448 5770 templo
2497 5693 2934 5770 niepbvﬁnmlov
2989 5695 3302 5770 τῆς-ἁγίας
3360 5703 3567 5770 τραπέο

1976 5765 2079 5889 En,-
2138 5770 2300 5818 vocat
2357 5763 2543 5818 altaris
2593 5765 2996 5830 indumentum,
3074 5766 3123 5820 id
3172 5763 3256 5823 est
3298 5763 3565 5839 mappam.

2023 5849 2146 5888 οΑιι.

2023 5849 2146 5888 οΑιι.
