4226 6444
249 444 357 512 839

1360 450 1911 517 HISTORIARUM
1951 454 2483 528 COMPENDIUM.

3430 480 3537 547 890

313 550 406 625 Τῷ
428 551 495 608 ια’
522 550 632 609 ἔτει
657 553 1066 621 Κωνστανττνος
1099 556 1200 625 τὴν
1220 557 1668 616 Θιοδοσιούπολιν
1700 578 1811 635 παρ

1916 612 1923 622 .
2019 565 2182 625 Anno
2217 569 2275 627 ιι
2313 570 2715 633 Constantinus
2743 575 3212 655 Theodosiopolin
3241 590 3298 643 et
3329 583 3542 644 Melite-

241 645 437 701 ἐλαϐεν
495 645 615 718 ἅμα
668 650 734 718 τῇ
790 647 1092 723 Μελιτηνῇ,
1165 653 1579 724 αἰχμαλωτίσας
1631 657 1840 725 πάντας

239 740 369 804 τοὺς
404 741 607 795 iusin.
666 742 779 795 Καὶ
801 742 1075 813 προφάσει
1126 746 1223 800 τοῦ
1277 746 1570 803 θανατικιῦ
1601 752 1840 822 προσλα-

240 830 470 902 ϐόμενος
502 831 631 897 τοὺς
655 838 940 903 συγγενεῖς
967 836 1132 892 αὐτοῦ
1162 839 1480 911 ’Λρμενίους
1514 842 1608 897 καὶ
1632 844 1837 915 Σύρους

238 926 555 994 αἱρετικοὺς
586 925 667 992 εἷς
715 944 773 981 τε
810 928 871 981 τὸ
921 927 1221 995 Βυζάντιον
1270 934 1545 1007 μετῴκισε
1596 938 1691 992 καὶ
1736 938 1836 1010 τὴν

239 1017 469 1089 Θρᾴκην
501 1036 515 1051 ·
540 1020 592 1074 οἳ
628 1021 793 1093 μέχρι
817 1022 914 1077 τοῦ
945 1023 1040 1078 νῦν
1063 1024 1160 1097 τὴν
1193 1029 1393 1099 αῖρεσι.
1455 1031 1535 1085 λοῦ
1567 1034 1833 1105 τυράννου

235 1112 657 1182 θιακρατοῦσιν.
700 1113 822 1185 Ὑφ’
850 1108 926 1172 ὧν
955 1117 1053 1173 καὶ
1082 1120 1395 1195 ὲπλατύνθη
1430 1124 1463 1195 ή
1488 1125 1699 1198 αἵρεσις
1725 1128 1833 1182 τῶν

236 1206 647 1263 Παυλικιανῶν.

309 1300 400 1369 Τῷ
429 1299 494 1371 ιβ’
552 1301 661 1356 ἔτει
709 1305 738 1357 6
787 1305 1058 1376 δυσσεϐὴς
1098 1304 1471 1374 Ἀναστάσιος,
1498 1312 1544 1366 ‘6
1590 1314 1827 1383 ἁνίερος,

229 1392 471 1464 τέθνηκε
508 1396 606 1450 σὺν
632 1400 697 1468 τῇ
747 1399 896 1470 ψυχῇ
920 1401 1014 1454 καὶ
1039 1401 1118 1472 τῷ
1151 1403 1365 1473 σώματι
1391 1407 1647 1479 οἰκτίστῳ
1666 1410 1828 1463 πάθει

229 1487 310 1552 τις)
339 1484 616 1557 λεγομένῳ
642 1490 921 1560 χορδάψῳ,
951 1493 1161 1562 κόπρον
1182 1493 1270 1574 διὰ
1299 1496 1568 1565 στόματος
1595 1501 1618 1552 ὲ
1629 1502 1825 1570 μέσας,

230 1577 392 1642 ἀξίαν
418 1578 577 1642 τὶσας
617 1580 776 1652 δίκην
830 1582 972 1656 ὺπέρ
1003 1601 1063 1637 τε
1093 1586 1190 1657 τῆς
1225 1588 1368 1642 κατὰ
1407 1590 1545 1644 Θεοῦ
1580 1594 1675 1648 καὶ
1729 1593 1823 1647 τοῦ

225 1669 556 1725 διδασκάλου
589 1673 703 1743 (86)
736 1675 964 1745 τόλμης.

303 1766 393 1835 Τῷ
430 1773 497 1833 ιγ’
532 1768 639 1820 ἔτει
672 1770 1086 1836 Κωνσταντῖνος
1141 1775 1169 1827 6
1231 1775 1501 1849 δυσσεϐὴς
1541 1780 1683 1833 κατᾶ
1713 1780 1821 1833 τῶν

226 1859 404 1925 ἁγίων
474 1861 568 1912 καὶ
627 1862 842 1915 σεπτῶν
896 1867 1122 1919 εἰκόνιον
1176 1869 1498 1940 παράνομον
1545 1873 1822 1942 συνέδριον

222 1949 343 2019 τλη⁹
374 1951 695 2005 ὲπιεκόπων
720 1954 1003 2020 συνέλεξεν
1030 1957 1087 2009 ἐν
1114 1959 1192 2029 τῷ
1214 1961 1316 2028 τῆς
1350 1962 1549 2031 Συρίας
1578 1963 1822 2035 παλατίῳ

225 2043 363 2110 (87),
420 2039 496 2097 ὧν
555 2046 752 2116 ἐξῆρχε
801 2048 1086 2115 Θεοδόσιος
1134 2055 1163 2106 6
1229 2054 1345 2118 υίὸς
1416 2056 1734 2126 σἰὶῷιμάρου
1793 2060 1822 2110 6

236 2138 466 2205 Ἐφέσου
510 2142 606 2195 καὶ
653 2143 943 2211 ῙΙαστηλᾶς
978 2147 1005 2197 ὁ
1037 2145 1274 2216 Πέργης.
1330 2150 1394 2202 Oi
1439 2151 1563 2204 καθ’
1594 2153 1821 2218 ἑαυτοὺς

219 2230 292 2283 τὰ
346 2231 577 2295 δόξαντα
642 2234 1102 2304 δογματίσαντςς,
1165 2242 1398 2309 μηδενὸς
1457 2244 1725 2315 παρόντος
1757 2247 1821 2297 ἐκ

218 2321 333 2374 τῶν
394 2324 702 2377 καθολικῶν
775 2326 984 2396 θρόνων
1068 2332 1383 2403 (Ῥώμης,
1470 2341 1651 2407 φημὶ,

237 2413 652 2484 Ἀλεξανδρείας
696 2419 792 2471 καὶ
835 2420 1172 2493 Ἀντιοχείας
1226 2428 1323 2479 καὶ
1376 2428 1815 2501 Ἱεροσολύμων),

221 2507 321 2559 καὶ
385 2507 494 2559 ἀπὶ
575 2515 605 2561 ι’
659 2511 755 2563 τοῦ
834 2513 1204 2587 Φεϐρουαρίου
1276 2520 1446 2589 μηνὸς
1517 2522 1817 2592 ἀρξάμενοι

219 2595 521 2666 διήρκεσαν
595 2599 703 2663 ἓως
789 2609 839 2672 η’
895 2604 1215 2673 Αὐγούστου
1282 2610 1382 2678 τῆς
1450 2612 1621 2679 αὐτῆς
1684 2614 1817 2667 ἰνδι-

219 2691 473 2755 κτιῶνος.
540 2695 683 2748 Καθ’
727 2698 795 2767 ἢν
826 2698 884 2749 ὲν
917 2699 1259 2770 Βλαχέρναις
1313 2704 1563 2769 ἐλθόντες
1614 2710 1661 2760 οἱ
1718 2709 1818 2778 τῆς

218 2784 487 2837 Θεοτόκου
542 2787 816 2858 πολέμιοι,
897 2793 1099 2862 ἀνῆλθε
1163 2797 1258 2850 καὶ
1318 2798 1730 2863 Κωνσταντῖνος
1789 2804 1817 2854 ὁ

219 2878 563 2943 Καϐαλλῖνος
597 2881 657 2933 ἐν
706 2882 785 2952 τῷ
830 2885 1068 2955 ἄμϐωνι,
1125 2891 1346 2960 κρατῶν
1405 2892 1817 2948 Κωνσταντῖνον

220 2970 478 3039 μοναχὸν,
538 2972 840 3028 ἐπίσκοπον
904 2978 1198 3049 γενόμενον
1255 2981 1348 3035 τοῦ
1405 2977 1636 3038 Συλαίου
1671 3003 1684 3016 ⁸
1722 2988 1816 3042 καὶ

214 3063 590 3133 ἐπευξάμενος
614 3065 718 3137 ἔφη
775 3070 989 3143 μεγάλῃ
1052 3074 1118 3143 τῇ
1152 3078 1303 3146 φωνῇ
1340 3091 1354 3105 ·
1404 3094 1423 3128 ι
1463 3078 1812 3134 Κωνσταντί-

212 3167 308 3203 νου
329 3154 712 3223 οἱκουμενικοῦ
755 3159 1098 3230 πατριάρχου
1162 3162 1334 3216 πολλὰ
1361 3166 1429 3218 τὰ
1473 3166 1590 3236 ἐτη.
1634 3187 1652 3219 ι
1701 3172 1812 3226 Καὶ

1724 2341 1822 2394 καὶ

1946 671 2071 712 nam
2105 663 2333 733 recepit,
2369 668 2552 737 captis
2575 678 2853 742 quotquot
2883 674 2958 730 ibi
3014 684 3173 734 erant
3234 678 3535 747 omnibus;

1943 767 2188 825 ususque
2219 760 2388 828 pestis
2417 763 2837 836 praescriptione
2863 777 3131 839 cognatos
3169 783 3303 827 suos
3334 770 3537 829 Arme-

1940 847 2064 903 nios
2091 859 2145 905 et
2179 849 2348 922 Syros
2376 851 2667 914 llazreticos
2698 859 2765 914 ad
2808 874 2870 915 se
2902 868 3157 933 receptos
3206 864 3456 936 Byzantii
3479 872 3537 921 et

1938 941 1992 997 in
2026 943 2261 1001 Thracia
2299 947 2627 1017 collocavit;
2661 953 2755 1023 qui
2788 953 2843 1008 in
2889 953 3038 1011 hunc
3073 972 3251 1026 usque
3293 958 3439 1014 diem
3476 961 3533 1017 in

1939 1034 2135 1093 haeresi
2172 1041 2396 1109 tyranni
2434 1043 2757 1109 persistunt.
2784 1046 2867 1102 Ab
2901 1046 3099 1104 iisdem
3133 1057 3187 1105 et
3210 1047 3531 1107 Pauliciana

1938 1124 2168 1185 haeresis
2207 1139 2293 1186 est
2309 1141 2653 1205 “propagata.
2720 1118 2731 1128 ’

2007 1308 2167 1363 Anno
2206 1310 2274 1364 t2
2298 1310 2499 1382 impius
2522 1319 2579 1368 et
2607 1313 2876 1383 profanus
2900 1314 2992 1371 ille
3018 1317 3265 1387 pontifex
3294 1318 3530 1375 Anasta-

1932 1402 2050 1458 sius
2079 1404 2261 1457 anima
2293 1420 2414 1459 cum
2440 1422 2672 1477 corpore
2706 1420 2969 1478 pereunte
3017 1421 3271 1469 mortuus
3302 1422 3406 1474 est.
3454 1429 3525 1469 ex

1930 1493 2246 1548 miserrimo
2281 1496 2475 1553 morbo
2498 1499 2591 1568 qui
2625 1499 2970 1570 chordapsus
3017 1502 3245 1567 dicitur,
3268 1502 3275 1508 ’
3300 1515 3520 1561 stercus

1927 1602 2026 1657 per
2062 1604 2125 1642 os
2175 1604 2427 1659 egerens,
2479 1592 2782 1663 dignasque
2816 1595 2982 1667 dedit
3042 1612 3237 1667 poenas
3298 1614 3523 1654 suarum

1925 1680 1980 1733 in
2022 1680 2191 1735 Deum
2217 1694 2269 1737 et
2294 1693 2686 1754 prmceptorem
2737 1665 3093 1755 iniuriarum.

1995 1775 2155 1829 Anno
2190 1776 2256 1830 15
2284 1776 2687 1833 Constantinus
2718 1779 2944 1849 impium
2988 1782 3094 1837 558
3124 1784 3519 1855 episcoporum

1924 1864 2222 1918 concilium
2256 1867 2521 1922 adversus
2545 1884 2735 1924 sacras
2766 1871 3032 1942 imagines
3074 1875 3252 1945 coegit
3280 1859 3333 1929 in
3372 1877 3523 1945 pala-

1928 1957 2004 2009 tio
2036 1958 2227 2028 Syriae.
2292 1959 2577 2031 Principes
2625 1974 2785 2018 erant
2830 1966 3178 2045 Theodosius
3231 1969 3511 2038 Apsimari

1930 2048 2076 2104 filius
2100 2048 2302 2121 Ephesi
2340 2062 2396 2109 et
2429 2054 2674 2111 Pastelas
2723 2056 2909 2127 Perga;
2952 2061 3224 2131 episeOpi.
3261 2061 3328 2115 Hi
3385 2048 3520 2118 suas

1927 2146 2231 2200 sententias
2266 2149 2488 2218 propria
2514 2151 2851 2208 auctoritate
2882 2160 3033 2207 ratas
3066 2168 3191 2210 esse
3234 2155 3519 2224 jubentes,

1912 2237 2150 2303 'nemine
2181 2252 2213 2292 a
2246 2238 2537 2296 catholicis
2567 2242 2723 2299 soliis
2768 2242 3022 2313 (Romam
3074 2245 3219 2309 dico,
3271 2247 3516 2302 Alexan-

1924 2328 2127 2394 driam,
2168 2329 2522 2387 Antiochiam
2557 2334 2626 2401 et;
2663 2333 3064 2410 Hierosolyma)
3126 2346 3422 2409 praesente.
3483 2354 3514 2395 a

1923 2422 2133 2477 decima
2176 2423 2466 2481 Februarii
2502 2445 2678 2497 usque
2706 2430 2774 2486 ad
2814 2439 3068 2486 octavam
3108 2421 3344 2505 Augusti
3367 2434 3513 2489 diem

1922 2516 2170 2583 ejusdem
2204 2520 2332 2573 anni
2364 2521 2633 2590 synodum
2664 2524 3090 2578 continuarunt.
3131 2525 3205 2579 Ea
3253 2524 3344 2581 die
3386 2540 3515 2580 cum

1924 2609 1978 2662 in
2007 2608 2418 2667 Blacherncnse
2473 2613 2657 2668 fanum
2696 2618 3091 2671 convenissent
3138 2616 3386 2687 Deiparae
3434 2617 3513 2672 illi

1923 2700 2252 2765 adversarii,
2291 2705 2619 2760 conscendit
2659 2707 2949 2763 ambonem
2986 2708 3328 2775 Caballinus,
3370 2708 3515 2787 Com

1921 2794 2227 2847 stantinum
2293 2798 2627 2849 monachum
2686 2808 2913 2854 tenens.
2970 2800 3063 2869 qui
3126 2798 3287 2876 Sylaei
3335 2798 3515 2863 fuerat

1920 2885 2272 2954 episcopus;
2335 2898 2705 2959 precatusque
2764 2904 2960 2960 magna
3019 2906 3205 2946 voce:
3276 2908 3296 2941 ι
3353 2889 3510 2947 Multi

1918 2977 2081 3048 811
2130 2978 2261 3044 sint,
2312 2980 2511 3050 inquit.
2567 2983 2697 3036 anni
2759 2984 2882 3037 vita:
2933 2982 3299 3040 Constantino
3357 2997 3514 3041 mcu-

1918 3072 2134 3126 menico
2173 3074 2524 3142 patriarchae.
2562 3093 2580 3126 ι
2638 3075 2733 3130 llis
2780 3077 2950 3146 gestis
3014 3078 3319 3147 imperator
3378 3092 3510 3134 cum

1918 3177 2062 3219 novo
2097 3167 2412 3233 patriarcha
2455 3168 2509 3222 in
2541 3165 2721 3223 forum
2749 3178 2833 3223 est
2855 3185 3209 3242 progressus,
3230 3186 3295 3227 ac
3316 3186 3509 3228 coram

217 3245 361 3311 μετὰ
390 3244 564 3298 ταῦτα
626 3247 859 3318 ἀνῆλθον
917 3252 1219 3324 ἀμφότεροι
1271 3257 1330 3309 ἐν
1366 3257 1446 3329 τῷ
1476 3259 1648 3330 φόρῳ,
1710 3263 1808 3317 καὶ⁷

1916 3255 2177 3312 universo
2214 3260 2418 3328 populo
2447 3274 2673 3329 pravam
2698 3276 2857 3316 suam
2904 3262 3141 3318 hzercsin
3194 3263 3508 3334 proclama-

212 3336 571 3407 ἐξεφώνησαν
594 3341 693 3409 τὴν
740 3343 921 3395 αὐτῶν
955 3346 1248 3411 κακόδοξον
1303 3350 1518 3422 αἵρεσιν
1575 3352 1805 3408 ἐνώπιον

213 3425 414 3489 παντὸς
473 3429 567 3482 τοῦ
632 3429 785 3499 λαοῦ,
840 3433 1345 3504 ἀναθεματίσαντες
1394 3440 1482 3514 [Ρ.
1520 3443 1652 3516 464]
1712 3446 1802 3499 τὸν

209 3518 520 3585 ἁγιώτατον
554 3522 836 3594 Γερμανὸν
867 3528 962 3581 καὶ
1008 3528 1282 3601 Γεὼργιον
1326 3534 1418 3588 τὸν
1446 3536 1675 3608 Κύπρου
1709 3542 1805 3593 καὶ

221 3612 479 3680 Ἰωάννην
503 3615 595 3668 τὸν
630 3620 1017 3690 Δαμασκηνὸν,
1049 3624 1250 3695 ἄνδρας
1305 3629 1495 3697 ἁγίους
1534 3634 1628 3685 καὶ
1660 3634 1803 3687 αἰδε-

211 3702 405 3773 σίμους
437 3705 818 3772 διδασκάλους.
857 3712 951 3780 Τῷ
983 3713 1028 3765 δ’
1065 3715 1217 3785 αὐτῷ
1271 3716 1383 3771 ἔτει
1442 3720 1717 3791 ἐζήτησαν
1752 3724 1801 3775 οἱ

206 3794 513 3866 Βοὺλγαροι
551 3800 734 3854 πάκτα
763 3801 851 3856 διὰ
885 3805 953 3857 τὰ
984 3808 1275 3864 κτισθέντα
1308 3811 1544 3881 κάστρα,
1592 3814 1800 3867 καὶτοῦ

205 3886 478 3957 βασιλέως
513 3892 890 3961 ἀτιμάσαντος
920 3897 1012 3957 τὸν
1033 3901 1586 3974 ἀποκρισιάριον(88)
1618 3909 1800 3962 αὐτῶν

202 3981 427 4048 ἐξῆλθον
454 3983 558 4047 ἓως
592 3986 700 4037 τῶν
741 3991 973 4060 μακρῶν
1004 3993 1225 4063 τειχῶν,
1262 3997 1355 4050 καὶ
1408 3998 1608 4070 πολλὴν
1630 4001 1797 4071 αἰχμ-

201 4073 445 4127 αλωσίαν
481 4079 808 4148 ποιήσαντες
840 4082 1191 4155 ὑπέστρεψαν
1226 4088 1507 4153 ἀϐλαϐεῖς.

274 4166 366 4236 Τῷ
403 4166 467 4219 ιθ⁰
501 4169 611 4222 ἔτει
643 4170 671 4221 6
722 4172 975 4242 βασιλεὺς
1006 4178 1417 4250 ἐπεστράτευσε
1452 4184 1593 4237 κατὰ
1630 4184 1794 4240 Βουλ-

199 4259 409 4328 γάρων,
455 4260 548 4312 καὶ
593 4262 763 4315 ἐλθὼν
810 4266 893 4327 είς
934 4266 1034 4338 τὴν
1080 4268 1405 4342 κλείσουραν
1454 4274 1793 4346 Βερεγάϐαν,

198 4350 432 4412 πολλοὺς
462 4353 759 4417 ἀπολέσας,
794 4356 1110 4427 ὑπέστρεψε
1146 4364 1269 4429 μετ’
1302 4364 1590 4435 αἰσχύνης.

269 4440 361 4508 Τῷ
402 4446 450 4492 κ’
480 4441 592 4495 ἔτει
624 4444 845 4515 δοκίτης
880 4448 1057 4517 ἀστὴρ
1089 4449 1262 4521 ἐφάνη
1309 4454 1450 4506 κατὰ
1487 4456 1588 4522 τὴν
1626 4455 1788 4525 ἑῴαν,

196 4532 605 4604 λαμπρότατος,
658 4537 753 4591 ἐπὶ
787 4538 1001 4609 ἡμέρας
1048 4546 1102 4604 ι’,
1146 4544 1240 4596 καὶ
1271 4539 1429 4607 αὖθις
1466 4547 1603 4615 πρὸς
1637 4548 1792 4601 δύσιν

194 4624 416 4693 ἡμέρας
451 4629 559 4679 καν.

262 4799 357 4866 Τῷ
389 4798 478 4851 κα¹
514 4797 627 4852 ἔτει
683 4801 944 4874 Ἀνδρέαν
983 4804 1073 4857 τδν
1102 4805 1349 4877 ἀοίδιμον
1398 4810 1657 4879 μοναχὸν,
1696 4812 1790 4864 τὸν

193 4892 491 4963 λεγόμενον
524 4893 860 4964 Καλυὸίτην,
904 4896 964 4948 ὲν
993 4897 1329 4969 Βλαχέρναις
1361 4902 1657 4972 ἐλέγχοντα
1688 4906 1789 4957 αὑ·-

191 4983 286 5035 τοῦ
315 4983 417 5054 τὴν
448 4984 708 5039 ἀσέϐειαν
735 4987 1023 5041 ἀπέκτεινε
1051 4989 1139 5042 διὰ
1172 4992 1457 5061 μαστίγων
1489 4994 1518 5046 6
1551 4996 1787 5066 Κοπρώ-

192 5094 386 5145 νυμος.

260 5170 357 5239 Τῷ
396 5170 484 5238 κγ’
522 5171 633 5226 ετει
673 5175 867 5243 γέγονε
911 5175 1085 5248 ψῦχος
1134 5178 1280 5249 μέγα
1313 5181 1403 5233 καὶ
1454 5183 1786 5253 πικρότατον

190 5265 335 5318 κατὰ
365 5264 464 5333 τὴν
499 5265 749 5335 βασιλίδα
780 5271 876 5322 καὶ
909 5270 1011 5340 τὴν
1042 5271 1312 5344 ἀνατολὴν
1341 5275 1434 5327 καὶ
1467 5276 1670 5346 ἄρκτον
1689 5280 1787 5330 καὶ

189 5357 366 5421 δύσιν,
405 5357 549 5412 ὥστε
577 5361 679 5430 τὴν
722 5361 979 5433 ἀρκτῴαν
1011 5365 1107 5419 τοῦ
1140 5368 1344 5420 Πόντου
1381 5371 1658 5441 παραλίαν
1688 5375 1783 5425 ἐπὶ

190 5452 390 5504 ἑκατὸν
432 5452 587 5521 μίλια
634 5453 696 5507 τὸ
739 5456 980 5526 πέλαγος
1009 5459 1420 5533 ἀπολιθωθῆναι
1459 5465 1554 5517 καὶ
1597 5467 1691 5518 ἐπὶ
1739 5466 1782 5518 λ’

190 5542 387 5612 πήχεις
449 5544 513 5596 τὸ
573 5545 746 5608 πάθος
816 5548 1103 5618 παγῆναιο
1167 5546 1343 5622 οὗπερ
1415 5556 1781 5624 χιονισθέντος

1821 4614 1873 4673 D

1916 3359 2136 3415 verunt,
2192 3354 2546 3407 anathemate
2595 3353 2857 3409 ferientes
2909 3356 3325 3411 sanctissimum
3371 3354 3510 3412 Ger-

1915 3456 2161 3507 manum,
2197 3441 2493 3513 Georgium
2531 3444 2695 3515 Cypri
2747 3447 3071 3517 episc0pum
3127 3457 3184 3503 et
3233 3448 3505 3504 Joannem

1914 3531 2341 3598 Damascenum,
2366 3536 2515 3590 viros
2538 3552 2596 3589 sa
2607 3548 2763 3594 netos
2782 3550 2835 3594 et
2855 3541 3198 3597 venerabiles
3218 3541 3502 3596 doctores.

1915 3624 2030 3680 Hoc
2088 3627 2207 3696 ipso
2238 3642 2383 3681 anno
2440 3629 2662 3698 Bulgari
2724 3639 2949 3701 propter
3000 3633 3252 3703 quaedam
3319 3643 3505 3690 castra

1910 3727 2199 3774 exstructa
2251 3722 2536 3785 postulant
2574 3738 2713 3777 nova
2774 3735 2953 3793 pacta.
2996 3726 3248 3798 Cumque
3307 3748 3502 3788 eorum

1912 3812 2147 3884 legatum
2227 3813 2631 3871 Constantinus
2717 3817 3087 3888 ignominiose
3176 3833 3500 3895 tractasset,

1909 3904 2243 3959 excursione
2316 3922 2496 3976 usque
2571 3908 2639 3964 ad
2715 3908 2965 3981 Longum
3037 3930 3255 3971 murum
3313 3919 3498 3986 facta,

1906 3994 2113 4065 ingenti
2141 3996 2321 4065 pra'tla
2381 3998 2566 4066 potiti.
2605 3998 2914 4073 incolumes
2961 4004 3188 4061 domum
3243 4009 3499 4066 redeunt.

1978 4088 2140 4142 Anno
2198 4089 2266 4142 19
2326 4089 2624 4158 imperator
2669 4092 3079 4163 expeditionem
3131 4099 3183 4152 in
3237 4088 3499 4170 Bulgaros

1907 4179 2054 4235 fecit.
2083 4181 2335 4249 Cumque
2358 4181 2424 4235 ad
2461 4185 2748 4253 angustias
2777 4202 2952 4257 usque
2993 4189 3195 4259 quibus
3222 4191 3496 4264 Beregaba

1905 4288 2130 4337 nomen,
2172 4274 2431 4339 venisset,
2468 4276 2655 4331 multis
2713 4293 2942 4337 suorum
3009 4284 3233 4340 amissis
3273 4287 3495 4341 domum

1903 4379 2026 4419 cum
2055 4365 2331 4420 dedecore
2367 4368 2616 4423 revertit.

1973 4457 2136 4510 Anno
2175 4456 2246 4512 20
2288 4467 2522 4521 cometa,
2578 4459 2673 4529 qui
2741 4475 2772 4514 a
2834 4462 3009 4520 trabis
3059 4464 3234 4527 forma
3286 4468 3494 4528 Graecis

1901 4547 2113 4603 dociles
2141 4548 2363 4612 dicitur,
2401 4549 2844 4618 fulgentissimus
2879 4557 3135 4625 apparuit
3158 4574 3255 4628 per
3286 4560 3350 4614 10
3374 4561 3493 4618 dies

1901 4642 1953 4695 in
2024 4650 2178 4710 parte
2231 4641 2514 4706 orientali,
2595 4658 2906 4715 rursusque
2965 4662 3231 4706 occasum
3291 4668 3488 4710 versus

1896 4733 2033 4787 alios
2061 4734 2151 4786 2!.

1964 4827 2123 4881 Anno
2185 4827 2249 4880 2|
2313 4826 2697 4898 Copronymus
2762 4828 3038 4885 Andream
3106 4848 3476 4905 cognomento

1895 4918 2208 4989 Calybiten,
2276 4920 2551 4974 celebrem
2611 4921 2665 4972 in
2739 4919 3061 4978 Blacbernis
3128 4927 3486 4993 monachum,

1892 5006 2080 5076 ﬂagris
2106 5005 2407 5073 interfecit,
2435 5007 2584 5077 quod
2620 5008 2668 5064 is
2699 5009 2875 5080 ipsius
2922 5012 3261 5082 impietatem
3295 5033 3487 5089 repre-

1895 5099 2199 5156 ltcndissel.

1964 5192 2121 5246 Anno
2153 5192 2225 5247 25
2256 5192 2454 5264 ingens
2480 5193 2584 5249 fuit
2617 5201 2672 5249 et
2705 5194 3076 5252 saevissimum
3106 5198 3280 5270 frigus
3302 5201 3483 5273 Cpoli,

1891 5300 1954 5337 ac
1986 5298 2181 5340 versus
2208 5293 2416 5346 ortum,
2492 5287 2929 5355 septentrionem
2968 5299 3025 5343 et
3081 5305 3364 5349 occasum.
3426 5294 3485 5351 Id

1893 5391 2046 5430 mare
2077 5376 2505 5444 septentrionale
2543 5391 2571 5429 a
2607 5385 2754 5432 terra
2787 5378 2854 5433 ad
2887 5379 2989 5433 100
3022 5397 3199 5451 usque
3223 5384 3483 5440 milliaria

1892 5469 1946 5523 in
1978 5468 2214 5540 lapidem
2243 5470 2474 5537 redegit.
2516 5470 2775 5526 crassitie
2796 5472 2867 5527 50
2896 5472 3235 5530 cubitorum.
3263 5476 3329 5530 Et
3357 5478 3483 5533 nive

1890 5561 2082 5632 glaciei
2116 5560 2407 5631 superfusa
2449 5572 2608 5619 aucta
2640 5569 2725 5618 est
2748 5564 3037 5621 crassities
3065 5567 3190 5623 aliis
3217 5567 3289 5623 20
3319 5568 3479 5624 cubi-

1322 5695 1681 5756 XYLANDRI
1724 5701 1810 5757 ET
1842 5701 2056 5760 GOARI
2090 5702 2333 5757 NOTAE.

260 5783 738 5864 germanum
778 5796 931 5864 puto,
971 5792 1133 5864 cujus
1172 5792 1274 5848 fuit
1299 5794 1595 5864 syncellus.
1626 5796 1762 5851 XVL.

262 5854 372 5934 ($7)
398 5855 577 5934 Lagus
598 5859 697 5934 fuit
727 5854 869 5934 haud
892 5854 1059 5919 dubie
1074 5866 1252 5934 Cpoli.
1281 5854 1412 5919 Acta
1440 5868 1604 5931 hujus
1627 5884 1763 5920 con-

192 5925 325 5993 ciiii,
352 5929 496 5998 quod
540 5942 610 5984 ut
650 5930 994 6000 (Spolitanum
1051 5925 1274 5998 dicitur,
1325 5925 1529 6003 palatio
1575 5938 1764 5993 Hirritc

1879 5800 2085 5867 legunt.
2113 5798 2245 5853 ΧΠ..

1951 5870 2061 5938 (88)
2097 5869 2306 5924 Latinis
2344 5886 2563 5940 quoque
2612 5886 2710 5927 νοτ
2756 5872 2869 5926 haec
2916 5870 3203 5927 familiaris
3239 5886 3336 5940 pro
3384 5871 3468 5927 lc-

1881 5954 2025 6007 gato,
2071 5942 2267 6009 placita
2329 5958 2666 6011 responsavc
2701 5942 2826 5997 hinc
2868 5943 2995 5998 inde
3032 5943 3262 6001 ferente.
3287 5944 3462 5999 Cosa.
