4226 6444
687 416 790 482 891

1929 415 2252 478 GEORGII
2291 416 2631 477 CEDRENI

3852 399 3964 464 892

690 542 778 586 iis.
816 533 1006 600 itaque
1035 546 1184 586 mare
1219 531 1472 600 protinus
1495 540 1656 587 terrm
1687 531 1852 603 812
1891 533 2100 603 aequale
2142 533 2310 598 fuit,t

2399 530 2580 600 ιῦξὴθη
2616 527 2710 581 ἐπὶ
2747 526 2914 589 ἄλλας
2941 530 2991 578 κ’
3037 523 3255 595 πήχεις,
3303 521 3446 575 ὥστε
3484 518 3964 589 συμμορφωθῆναι

692 622 1042 694 pedestrique
1075 625 1252 677 itineri
1298 624 1606 689 hominum,
1634 625 1868 679 ferarum
1899 640 1962 679 ac
2001 626 2266 682 domesti--

690 729 882 767 corum
918 714 1238 768 animalium
1269 716 1475 784 glacies
1529 716 1709 770 locum
1747 717 1921 781 dedit,
1980 732 2011 772 a
2067 717 2267 771 Zachia

693 821 868 873 usque
896 808 960 858 ad
995 805 1306 861 Danubium
1342 808 1660 877 ctCupbam
1710 808 1934 864 fluvium
1967 826 2030 865 ac
2065 811 2274 866 Danas-

693 898 799 948 trin
842 907 894 950 et
924 896 1202 966 Danaprin
1241 909 1293 952 et
1349 898 1651 969 Necropyla
1684 901 2083 970 reliquumque
2116 903 2272 958 littus

694 1002 868 1055 usque
931 988 1000 1041 ad
1062 987 1443 1044 Mesetnhriam
1522 1003 1572 1045 et
1641 990 1910 1047 Mmsiam.
1971 993 2272 1051 Februario

694 1095 885 1135 mense
921 1082 1124 1150 glacies
1156 1081 1260 1135 ista
1300 1082 1580 1153 Deijussn
1619 1085 1672 1138 in
1730 1086 1963 1153 plurima
2003 1090 2270 1141 montium

694 1170 895 1225 similia
920 1172 1094 1226 frusta
1117 1173 1395 1238 discessit,
1424 1191 1544 1245 quae
1565 1187 1851 1231 ventorum
1877 1179 1924 1230 vi
1954 1177 2019 1230 ad
2049 1177 2273 1234 llierum

696 1262 905 1327 (fanum
936 1263 1150 1333 Latine)
1173 1265 1350 1319 delata
1380 1266 1507 1320 inde
1537 1283 1632 1336 per
1658 1268 1942 1337 angustias
1984 1267 2050 1322 ad
2084 1269 2273 1324 urbem

696 1354 1058 1420 devenerunt,
1095 1357 1366 1426 littusqne
1394 1375 1554 1414 omne
1583 1359 1649 1412 ad
1681 1358 2070 1428 Propontidem
2105 1377 2277 1431 usque

696 1459 749 1500 ct
775 1447 1022 1518 Abydum
1047 1458 1099 1503 et
1132 1450 1342 1504 insulas
1368 1451 1713 1506 obtcxcrunt.
1743 1453 1909 1506 Erant
1937 1454 2002 1507 iis
2030 1455 2274 1508 immixta

697 1533 938 1590 ferarum
967 1548 1022 1592 ct
1059 1543 1306 1593 cicurum
1345 1543 1663 1595 animalium
1711 1543 2000 1598 cadavera.
2053 1543 2278 1598 [.icelzat

696 1625 865 1679 veluti
918 1642 972 1679 in
1005 1635 1150 1680 terra
1199 1627 1432 1696 pedibus
1487 1630 1589 1684 iter
1645 1630 1828 1685 facere
1890 1647 1920 1686 a
1982 1631 2278 1702 Sophianis

699 1734 878 1788 usque
909 1719 978 1772 ad
1039 1721 1227 1772 urbem
1262 1729 1316 1773 et
1372 1720 1755 1792 aCbrysopoli
1819 1739 1994 1794 usque
2049 1725 2116 1778 ad
2167 1726 2279 1780 divi

701 1805 996 1863 Mamantis
1035 1816 1090 1864 ct
1121 1808 1364 1865 Galatas.
1402 1811 1582 1866 Unum
1615 1814 1684 1868 de
1715 1815 1798 1869 his
1830 1814 2024 1870 frustis
2055 1817 2280 1871 allisum

2369 622 2468 691 τὴν
2499 620 2779 675 θάλασσαν
2820 619 2886 689 τῇ
2923 616 3084 687 ξηρᾷ,
3123 614 3218 667 καὶ
3250 610 3677 682 πεζοπορείσθαι
3719 609 3964 679 ὕπερθεν

2371 712 2465 767 τοῦ
2495 711 2696 783 κρύους
2729 709 2884 778 παρά
2911 725 2970 760 τε
3007 704 3312 776 ἀνθρώπων
3336 705 3431 756 καὶ
3458 699 3616 767 ζώων
3644 701 3871 771 ἡμέρων
3904 719 3964 752 τε

2373 805 2469 858 καὶ
2485 802 2694 872 ἀγρίων
2715 803 2776 854 τὸ
2798 799 3054 866 πέλαγος,
3073 798 3182 851 ἀπό
3197 814 3257 850 τε
3282 795 3508 866 Ζικχίας
3524 793 3636 862 (89)
3671 794 3836 863 μέχρι
3860 797 3965 845 Δα-

2373 897 2608 958 νούΰεως
2638 896 2734 949 καὶ
2765 893 2860 947 τοῦ
2886 892 3081 962 Κούφη
3107 888 3360 959 ποταμοῦ
3386 887 3483 940 τοῦ
3511 884 3871 956 Δανάστρεώς
3901 902 3967 937 τε

2374 991 2471 1045 καὶ
2497 991 2836 1059 Δανάπρεως
2860 987 2958 1040 καὶ
2987 987 3096 1038 τῶν
3124 981 3499 1052 Νεκροττύλων
3525 980 3619 1033 καὶ
3642 979 3741 1047 τῆς
3769 977 3970 1047 λοιπῆς

2374 1084 2551 1152 ἀκτῆς
2616 1081 2780 1152 μέχρι
2840 1077 3214 1148 Μεσημϐρίας
3280 1077 3375 1128 καὶ
3432 1072 3697 1141 Μηδείας.
3757 1070 3851 1140 Τῷ
3910 1070 3971 1122 δὲ

2373 1174 2731 1245 Φεϐρουαρίῳ
2762 1173 2894 1242 μηνὶ
2920 1171 3014 1224 τοῦ
3049 1169 3294 1224 τοιούτου
3333 1168 3512 1236 πάγου
3538 1164 3680 1218 κατά
3711 1164 3970 1216 κέλευσεν

2375 1267 2512 1320 Θεοῦ
2558 1267 2636 1329 είς
2681 1263 2910 1317 πλείστα
2948 1261 3227 1332 ὀρεοφανῆ
3273 1260 3537 1329 τμήματα
3575 1254 3971 1325 διαιρεθέντος,

2377 1360 2471 1412 καὶ
2502 1361 2568 1429 τῇ
2598 1357 2708 1409 τῶν
2730 1355 2947 1426 ἀνέμων
2977 1353 3070 1425 βίᾳ
3102 1354 3196 1406 ἐπὶ
3227 1352 3288 1405 τὸ
3323 1349 3491 1422 Ἱερὸν
3521 1347 3973 1417 κατενεχθέντος,

2375 1451 2463 1505 διὰ
2508 1449 2602 1502 τοῦ
2653 1447 2842 1501 στενοῦ
2900 1447 2993 1500 ἐπὶ
3039 1447 3142 1514 τὴν
3189 1443 3341 1497 πόλιν
3376 1441 3637 1510 ἔφθασεν,
3673 1439 3768 1491 καὶ
3805 1437 3976 1508 μέχρι

2376 1543 2476 1612 τῆς
2501 1540 2864 1612 Προποντίδος
2908 1539 3004 1592 καὶ
3041 1537 3151 1590 τῶν
3179 1538 3362 1606 νήσων
3396 1536 3490 1587 καὶ
3531 1532 3754 1586 Ἀϐύδου
3789 1532 3979 1584 πᾶσαν

2379 1631 2477 1700 τὴν
2531 1629 2806 1699 παραλίαν
2847 1627 3200 1695 ἐπλήρωσαν,
3252 1627 3309 1676 ἐν
3350 1620 3433 1687 οἷς
3469 1625 3680 1692 ὑπῆρχε
3718 1622 3813 1674 καὶ
3859 1621 3981 1685 ζῶα

2379 1721 2546 1790 ἄγριά
2575 1737 2630 1772 τε
2665 1722 2760 1774 καὶ
2792 1720 2982 1790 ἣμερα
3018 1717 3314 1770 τεθνεῶτα.
3354 1717 3467 1778 Πᾶς
3503 1715 3560 1768 δὲ
3593 1717 3621 1767 6
3654 1713 3981 1782 βουλόμενος

2382 1813 2491 1866 ἀπὸ
2533 1810 2815 1880 Σοφιανῶν
2858 1811 2964 1872 ἕως
2993 1812 3093 1878 τῆς
3133 1809 3344 1869 πόλεως
3387 1806 3482 1859 καὶ⁸
3520 1805 3630 1858 ἀπὸ
3656 1803 3986 1872 Χρυσουπὸ-

705 1899 849 1954 arcis
901 1901 1064 1954 scalae
1093 1917 1212 1956 eam
1275 1902 1568 1974 confregit.
1626 1905 1790 1959 Aliud
1849 1922 2007 1962 muro
2061 1908 2277 1964 allisum

2399 1917 2520 1968 leui;
2541 1905 2643 1968 ἕως
2667 1906 2758 1957 τοῦ
2788 1903 2976 1971 Ἀγίου
2995 1901 3298 1971 Μάμαντος
3318 1899 3412 1952 καὶ
3440 1897 3548 1950 τῶν
3575 1895 3831 1950 Γαλατῶν
3862 1892 3984 1965 (9G)

702 1993 1056 2048 vehementer
1079 2009 1204 2049 eum
1237 1997 1542 2064 concussit,
1575 1999 1942 2054 sentientibus
1989 2010 2280 2056 tremorem

704 2085 773 2140 iis
798 2085 962 2139 etiam
995 2087 1090 2156 qui
1125 2088 1272 2142 intus
1299 2087 1643 2144 habitabant.
1666 2090 1798 2145 lude
1826 2093 1878 2146 in
1917 2102 2028 2148 tres
2064 2105 2284 2164 ruptum

703 2187 890 2245 partes
925 2178 1115 2232 urbem
1149 2180 1342 2243 cinxit,
1383 2195 1410 2233 a
1446 2180 1731 2253 Manganis
1764 2200 1938 2253 usque
1967 2187 2033 2240 ad
2075 2186 2284 2256 Bospo-

706 2271 871 2334 rium,
931 2271 1220 2327 altitudine
1268 2288 1456 2329 muros
1508 2291 1799 2344 superans.
1852 2277 2047 2335 Martio
2101 2295 2288 2335 mense

707 2361 1002 2416 confertim
1043 2364 1218 2418 stellae
1248 2363 1313 2418 de
1340 2367 1480 2421 cmlo
1523 2367 1866 2435 ceciderunt,
1903 2371 1979 2424 ita
2034 2380 2092 2426 ut
2125 2374 2288 2444 vulgo

707 2453 986 2508 diceretur
1024 2453 1149 2509 linis
1181 2457 1369 2510 mundi
1421 2459 1752 2526 appetiisse;
1804 2461 2135 2532 siccitasque
2190 2467 2290 2518 luit

711 2547 924 2616 ingens,
957 2562 1064 2614 qua
1094 2555 1146 2601 et
1172 2544 1353 2602 fontes
1382 2559 1434 2602 et
1466 2551 1691 2604 llumina
1738 2563 2096 2608 exaruerunt.
2157 2556 2290 2623 Quae

712 2637 913 2706 impius
952 2637 1041 2691 ille
1068 2654 1300 2694 cernens
1327 2649 1493 2711 atque
1527 2643 1843 2710 inaudicns,
1895 2660 2005 2700 non
2035 2649 2209 2701 sensit
2261 2664 2290 2701 a

711 2728 823 2783 Deo
861 2731 958 2782 has
987 2731 1206 2786 immitti
1231 2734 1420 2802 plagas
1459 2735 1633 2803 ipsius
1661 2751 1691 2789 a
1717 2737 1968 2805 profanis
2003 2741 2293 2797 conatibus

715 2821 995 2873 avertemli
1025 2835 1214 2891 gratia.
1255 2824 1397 2888 Quin
1427 2829 1536 2878 imo
1565 2830 1826 2882 ’vocatum
1859 2829 1926 2884 ad
1962 2847 2021 2886 se
2057 2833 2292 2901 patriar-

713 2911 872 2963 c‘nam
915 2911 1274 2980 interrogavit
1310 2932 1323 2968 :
1363 2933 1381 2966 ι
1417 2915 1623 2986 Ecquid
1657 2919 1780 2973 mali
1813 2920 1977 2977 nobis
2013 2923 2139 2978 inde
2168 2925 2292 2991 erit,

713 3001 758 3054 si
786 3015 884 3070 pro
927 3000 1154 3071 Deipara
1181 3003 1576 3074 Christiparam
1608 3009 1894 3065 dicamus?
1927 3030 1945 3063 ι
1981 3013 2146 3084 813
2191 3015 2295 3068 [‘a-

715 3094 962 3146 iriarcha
993 3093 1380 3164 imperatorem
1413 3099 1740 3169 amplexus;
1798 3122 1816 3152 ε
1855 3101 2137 3169 Miserere,
2191 3107 2290 3174 ait,

2388 1996 2685 2060 ἀκωλύτως
2717 1996 2792 2060 ὡς
2826 1995 2921 2048 ἐπὶ
2959 1994 3132 2065 ξηρᾶς
3164 1992 3437 2056 ἐϐάδιζον.
3486 1991 3582 2043 Ἐν
3613 1990 3671 2043 δὲ
3707 1988 3766 2054 ἐξ
3797 1989 3984 2041 αὐτῶν

2391 2088 2712 2158 προσφάξαν
2730 2089 2797 2157 τῇ
2823 2088 2922 2156 τῆς
2945 2083 3298 2156 ἀκροπόλεως
3323 2083 3500 2153 σκάλᾳ
3521 2081 3633 2153 (9|)
3657 2081 3986 2148 συνέτριψεν

2391 2182 2587 2252 αὐτὴν.
2651 2181 2880 2250 Ἕτερον
2936 2177 2992 2230 δὲ
3057 2175 3136 2246 τῷ
3191 2174 3361 2244 τείχει
3439 2173 3752 2244 προσραγὲν
3821 2171 3988 2224 τοῦτο

2396 2275 2651 2346 μεγάλως
2703 2272 2978 2342 ἐδόνησεν,
3018 2270 3094 2333 ὡς
3132 2270 3228 2324 καὶ
3264 2271 3390 2332 τοὺς
3438 2268 3648 2320 ἔνδοθεν
3695 2265 3988 2328 οἰκοῦντας

2394 2366 2810 2436 συμμετασχεῖν
2842 2363 2936 2417 τοῦ
2982 2362 3167 2416 σάλου.
3210 2363 3305 2424 Εἰς
3343 2361 3470 2430 τρία
3500 2360 3554 2412 δὲ
3603 2359 3771 2424 ῥατὲν
3809 2358 3983 2418 έζωτε

2393 2461 2492 2528 τὴν
2526 2458 2682 2511 πόλιν
2715 2455 2823 2510 ἀπὸ
2861 2455 2969 2507 τῶν
3002 2454 3318 2521 Μαγγάνων
3352 2452 3457 2514 ἓως
3501 2451 3594 2502 τοῦ
3649 2450 3980 2515 ΒοσπορΞο-λ.

2394 2544 2606 2611 οὗτινος
2655 2549 2716 2601 τὸ
2776 2547 2908 2617 ὕψος
2975 2548 3231 2618 ὑπερεῖχε
3293 2544 3392 2614 τῆς
3467 2542 3698 2604 πόλεως.
3754 2541 3848 2613 Τῷ
3931 2542 3985 2594 ἰέ

2395 2644 2628 2714 Μαρτίῳ
2664 2643 2794 2712 μηνὶ
2839 2641 3074 2711 ἀστέρες
3113 2639 3328 2710 ἀθρόως
3360 2640 3424 2690 ἐκ
3453 2635 3548 2687 τοῦ
3594 2635 3825 2703 οὐρανοῦ
3869 2636 3959 2685 Ξπι
3989 2664 3998 2669 ~

2397 2749 2552 2796 πτον,
2583 2732 2659 2794 ὡς
2686 2732 2868 2798 λέγειν
2899 2729 3112 2791 πάντας
3140 2727 3455 2780 συντέλειαν
3495 2719 3657 2776 εἶναι.
3685 2723 3906 2791 Αὖχμὸς
3931 2738 3989 2773 τε

2397 2825 2566 2887 πολὺς
2592 2824 2816 2890 γέγονεν
2843 2821 2918 2886 ὠς
2961 2820 3299 2890 ξηρανθῆναι
3341 2817 3526 2887 πηγὰς
3568 2818 3663 2869 καὶ
3687 2816 3987 2883 ποταμούς.

2400 2915 2486 2987 [Ρ.
2526 2914 2654 2986 465]
2687 2915 2884 2968 Ἀτινα
2930 2913 3147 2983 βλέπων
3188 2911 3281 2964 καὶ
3313 2909 3528 2962 ἀκούων
3567 2911 3595 2961 ὀ
3638 2908 3847 2969 ἀνόσιος
3891 2909 3993 2959 οὐκ

2397 3003 2662 3075 ᾐσθάνετο
2695 3003 2968 3073 μάστιγας
3000 2996 3142 3056 εἶναι
3183 2999 3277 3052 τοῦ
3311 2999 3448 3052 Θεοῦ
3495 2998 3630 3068 πρὸς
3657 2997 3997 3067 ὲκιστροξὴν

2397 3096 2507 3148 τῶν
2549 3094 2794 3166 βεϐήλων
2843 3092 3010 3148 αὕτοῦ
3063 3092 3158 3146 καὶ
3203 3091 3500 3161 αἰσχίστων
3551 3090 3821 3160 πράξεων,
3878 3091 3993 3141 ἀλλ’

716 3185 960 3250 domine,
990 3202 1168 3257 neque
1198 3189 1300 3243 hoc
1336 3191 1388 3243 in
1425 3193 1670 3246 animum
1704 3203 1854 3248 tuum
1891 3197 2078 3252 venire
2123 3202 2292 3268 patia-

2401 3186 2624 3256 ἀγαγὼν
2667 3187 2867 3257 μᾶλλον
2907 3187 2998 3238 τὸν
3041 3185 3392 3255 πατριάρχην
3437 3183 3584 3249 λέγει
3620 3183 3768 3249 αὒτῷ
3799 3197 3812 3212 ·
3861 3202 3877 3232 ι
3929 3183 3996 3233 ΤΞ

715 3279 815 3332 ris.
856 3276 1049 3333 Nonne
1110 3281 1255 3334 enim
1305 3282 1460 3337 vides
1513 3285 1715 3347 quibus
1759 3288 2214 3347 damnationibus
2247 3305 2301 3348 et

722 3369 1177 3426 anathematibus
1232 3373 1453 3428 infamis
1490 3375 1558 3427 ab
1619 3376 1874 3431 universa
1926 3379 2174 3436 Ecclesia
2231 3385 2304 3438 sit

720 3462 898 3515 factus
956 3461 1277 3519 Nestorius?
1319 3484 1336 3515 ι
1397 3467 1535 3520 Tum
1608 3468 2010 3527 Constantinus
2053 3473 2302 3529 discendi

719 3567 885 3606 causa
920 3567 979 3606 se
1009 3555 1331 3622 quaesivisse
1370 3556 1466 3618 ait,
1505 3557 1834 3626 mamlatqne
1866 3575 1933 3614 ne
1993 3561 2139 3616 hunc
2182 3579 2305 3618 ser-

721 3657 938 3697 monem
974 3645 1068 3698 ulli
1106 3645 1389 3700 hominum
1433 3649 1662 3717 aperiat.
1720 3649 1908 3720 Neque
1968 3655 2142 3708 multo
2183 3665 2305 3726 post

721 3734 943 3804 dignam
1008 3749 1036 3787 a
1099 3751 1158 3790 se
1216 3741 1514 3790 constituto
1597 3739 1923 3808 patriarchae
1996 3747 2301 3800 mercedem

724 3829 996 3898 rependit,
1025 3837 1084 3884 ut
1108 3831 1275 3900 paulo
1305 3831 1538 3886 inferius
1568 3831 1948 3890 ostendemus.

796 4099 956 4155 Anno
981 4099 1051 4153 24
1084 4099 1484 4156 Constantinus
1517 4116 1653 4172 pace
1701 4116 1824 4156 cum
1864 4101 2084 4172 Pagano
2113 4105 2317 4174 Bulga-

725 4207 912 4245 rorum
946 4192 1194 4260 principe
1220 4191 1363 4246 facta
1399 4194 1586 4248 subito
1614 4202 1700 4248 est
1733 4194 1801 4247 ab
1829 4196 1965 4249 urbe
2005 4210 2131 4250 cum
2160 4212 2320 4250 exer-

727 4285 838 4338 citu
892 4283 1205 4352 profectus;
1238 4286 1606 4356 claustrisque
1634 4287 1961 4342 custodibus
1995 4289 2066 4341 ob
2122 4303 2308 4355 pacem

731 4379 992 4430 nimirum
1052 4380 1213 4433 istam
1266 4377 1674 4434 fraudulentam
1712 4380 1899 4434 vacuis
1949 4381 2212 4440 inventis.
2249 4382 2308 4433 in

729 4465 1042 4537 Bulgariam
1080 4468 1368 4524 Tumtzam
1405 4486 1581 4540 usque
1611 4486 1964 4542 progressus.
1999 4472 2234 4543 tuguriis
2261 4471 2316 4525 in

2402 3282 2550 3349 ἡμᾶς
2596 3279 2848 3348 βλάπτει,
2882 3278 2980 3331 ἐὰν
3030 3277 3278 3345 λέγωμεν
3314 3275 3412 3344 τὴν
3444 3273 3708 3326 Θεοτόκον
3761 3274 4003 3340 Χριστοο

2401 3372 2594 3437 τόκον;
2629 3392 2648 3421 ι
2685 3371 2742 3423 ’0
2765 3371 2821 3423 δὲ
2850 3369 3330 3440 περιπτυξάμενος
3361 3372 3520 3424 αὑτὸν
3545 3371 3724 3436 λέγει·
3758 3389 3775 3420 ι
3809 3371 4003 3436 Ἐλέηο

2405 3483 2518 3526 σον,
2557 3464 2816 3526 δέσποτα,
2873 3465 3010 3534 μηδὲ
3059 3467 3140 3527 είς
3189 3464 3398 3518 ἔννοιάν
3462 3481 3553 3516 σου
3607 3463 3736 3534 ἔ).οῃ
3785 3457 3946 3524 οὗτος
3979 3463 4006 3512 6

2406 3555 2586 3623 λόγος.
2637 3556 2752 3625 Οὐχ
2784 3555 2918 3624 ὁρᾷς
2968 3555 3068 3607 ὅσα
3114 3553 3496 3624 στηλιτεύεται
3544 3553 3639 3604 καὶ
3670 3552 4006 3618 meame-

2409 3650 2564 3712 ζεται
2599 3645 2898 3718 Νεστόριος
2927 3645 3033 3699 ὑπὸ
3065 3646 3247 3716 πάσης
3281 3646 3382 3714 τῆς
3431 3646 3795 3712 Ἐκκλησὶαςς
3839 3664 3856 3694 ι
3900 3645 4012 3695 Καὶ

2409 3741 2436 3791 ὁ
2473 3738 2750 3808 βασιλεὺς,
2790 3756 2808 3788 ι
2845 3735 2990 3804 Ἐγὼ
3037 3737 3229 3806 μαθεῖν
3271 3737 3440 3790 θέλων
3479 3736 3762 3806 ἠρώτησα,
3802 3754 3871 3802 φτ
3889 3737 3996 3796 τὶν,

2411 3829 2518 3891 ἓως
2550 3828 2630 3895 ,δὲ
2671 3828 2765 3880 σοῦ
2813 3827 2954 3881 ἔστω
2984 3830 3011 3880 ὁ
3071 3828 3248 3895 λόγος.
3295 3848 3312 3880 ι
3356 3830 3431 3882 0-3
3476 3830 3612 3881 πολὺ
3642 3828 3700 3880 τὸ
3728 3830 3786 3879 ὲν
3831 3831 4009 3897 uix),

2417 3925 2511 3974 καὶ
2565 3919 2693 3984 ἄξια
2739 3922 2819 3984 εἰς
2875 3920 2966 3973 τὸν
3028 3921 3484 3992 χειροτονηθέντα
3537 3921 3629 3972 ὑπ’
3681 3920 3848 3974 αἰτοῦ
3901 3937 4010 3974 πα-

2416 4015 2685 4086 τριάρχην
2712 4013 3069 4083 διεπράξατο,
3097 4013 3254 4066 ἅτινα
3287 4013 3404 4084 μετ’
3432 4014 3481 4064 6}
3500 4014 3613 4080 ίγον
3637 4012 3899 4082 ἐροῦμεν.

2490 4106 2580 4174 Τῷ
2608 4101 2686 4158 κδ’
2719 4103 2833 4157 ἔτει
2862 4105 3083 4175 ἀγάπην
3115 4104 3276 4174 δῆθεν
3308 4106 3540 4176 ποιήσας
3586 4106 3723 4172 μετά
3753 4105 3863 4170 Παῖ
3882 4105 4013 4158 άνου

2417 4197 2512 4250 τοῦ
2555 4195 2746 4266 κυρίου
2794 4196 3145 4265 Βουλγάρων,
3198 4195 3460 4264 ἐξαίφνης
3504 4195 3736 4259 ἐξελθὼν
3772 4197 3870 4264 τῆς
3913 4197 4014 4248 7.6-

2420 4287 2556 4349 λεως
2587 4288 2682 4338 καὶ
2713 4287 3060 4355 ἀφυλάκτους
3095 4286 3274 4355 εὑρὼν
3307 4288 3403 4349 τάς
3444 4288 3766 4356 κ).εισο’5ρας
3799 4286 3890 4338 διὰ
3915 4289 4015 4359 τέςν

2422 4379 2711 4449 ἀπατηλὴν
2761 4379 3012 4450 εἰρήνην,
3060 4379 3313 4448 εἰσῆλθεν
3373 4381 3450 4443 εἰς
3509 4379 3845 4448 Βουλγαρίαν
3911 4379 4017 4437 ἓως

2426 4469 2712 4540 Τούμτζας
2776 4471 2912 4541 (9'2),
2974 4472 3069 4525 καὶ
3133 4472 3314 4542 βαλὼν
3379 4471 3490 4540 ςτῦρ
3542 4475 3623 4533 εἰς
3679 4472 3778 4534 τὰς
3842 4470 4018 4532 abii;

1859 4626 2212 4681 XYLANDRI
2255 4626 2344 4682 ET
2383 4624 2604 4682 GOARI
2643 4625 2882 4681 NOTAE.

809 4746 924 4820 (89)
963 4743 1360 4820 Apparellluvii
1396 4760 1594 4801 nomen
1631 4760 1760 4820 esse
1780 4747 2026 4820 Ζικχξας.
2049 4744 2313 4820 Ιέι-ιηιιιιο
2347 4750 2392 4805 D

735 4815 842 4874 line
876 4814 1218 4887 eincndatius
1250 4817 1355 4883 legi
1388 4827 1518 4887 puto
1539 4831 1703 4885 quam
1741 4814 1962 4887 Lyciam
1993 4817 2046 4870 in
2076 4817 2313 4887 Diacouo

735 4892 877 4944 hanc
920 4888 1095 4954 ipsam
1147 4885 1430 4939 historiam
1487 4887 1706 4941 totidem
1745 4885 1914 4956 prope
1955 4887 2136 4940 verbis
2173 4885 2314 4942 refe-

739 4968 890 5013 rente
923 4957 959 5008 l.
999 4969 1132 5008 xxii.
1167 4956 1436 5009 Caeterum
1479 4972 1543 5010 ex
1599 4956 1702 5009 hoc
1734 4959 1852 5011 loco
1902 4959 2071 5012 lector
2107 4957 2158 5010 in
2193 4972 2316 5026 per-

737 5031 1034 5082 multornin
1069 5027 1419 5096 propriorntn
1448 5026 1727 5096 nominum
1761 5029 2006 5081 notitiam
2032 5029 2317 5096 pervenire

737 5105 947 5167 potest.
971 5095 1172 5167 quibus
1200 5098 1315 5149 loca
1348 5097 1500 5165 Cpoli
1538 5095 1718 5149 vicina
1755 5095 2043 5160 uelantur,
2087 5108 2152 5167 et
2195 5113 2317 5166 quia

742 5164 795 5220 in
830 5168 915 5220 his
940 5164 1188 5236 bismriis
1225 5164 1429 5234 passim
1455 5178 1777 5220 occurrunt.
1821 5167 1966 5221 Idem
2002 5183 2100 5236 pro
2127 5164 2315 5236 Cupba

739 5239 902 5290 habet
932 5235 1225 5302 Euphrant.
1286 5237 1566 5306 llanztstris
1611 5246 1664 5290 et
1693 5236 1958 5306 Danapris
1997 5235 2318 5290 mentiosu-

743 5321 838 5376 pra
877 5307 1015 5376 facta
1056 5312 1157 5376 est
1197 5305 1249 5376 in
1290 5305 1640 5376 llhinotnyeto
1677 5324 1688 5358 :
1728 5305 2065 5374 nonprocul
2105 5308 2318 5359 Euxino

745 5373 918 5430 Ponto
943 5373 1111 5427 fuisse
1148 5374 1271 5428 inde
1299 5375 1486 5443 liquet.
1528 5375 1748 5431 Masiain
1787 5394 1851 5431 ex
1876 5373 2125 5430 ’Uiacono
2155 5382 2318 5430 vii-is-

745 5447 848 5517 sim
897 5444 1128 5510 sumpsi,
1183 5459 1306 5498 cum
1364 5461 1519 5500 meus
1561 5446 1758 5499 haheat
1802 5447 2054 5510 Mediam,
2083 5445 2316 5517 Μηδίας.

745 5515 876 5568 Χγιη

820 5583 1163 5656 (θολϐαίαια
1194 5584 1324 5656 urbs
1353 5585 1791 5640 neminatissima
1832 5602 1896 5640 ex
1933 5588 2163 5639 adverso
2193 5603 2320 5656 por-

754 5665 872 5725 tus”
894 5653 1091 5725 Ciﬁcx
1123 5655 1282 5725 cujus
1339 5664 1492 5720 parte
1519 5665 1675 5710 erant
1705 5659 1903 5725 palatia
1937 5653 2237 5725 Sophiana,
2269 5667 2323 5711 et

751 5723 908 5775 abiis
940 5724 1058 5792 gelu
1088 5724 1226 5777 mari
1280 5734 1586 5792 compacto,
1623 5723 1765 5780 sicut
1805 5742 1869 5780 ex
1901 5723 2152 5793 Opposita
2183 5728 2324 5779 Δςὶπε

752 5793 1096 5859 (lbrysopoli.
1129 5796 1390 5849 transitus
1427 5793 1602 5848 facilis
1632 5805 1769 5855 erat.
1810 5812 1984 5860 usque
2015 5797 2079 5848 ad
2117 5798 2174 5848 ll.
2215 5797 2322 5849 Ma-

760 5867 963 5917 inautis
990 5862 1042 5916 in
1072 5862 1174 5917 (ΞΡ.
1214 5864 1411 5918 intimo
1437 5879 1606 5918 cornu
1640 5867 1830 5920 situm.
1859 5866 2031 5921 Gosa.

2493 4745 2608 4815 (91)
2643 4745 2825 4799 Σκάλα
2853 4746 3128 4799 climacem
3156 4744 3374 4812 quidem
3418 4753 3470 4797 ct
3498 4744 3702 4814 gradus
3730 4758 4016 4813 quoscun-

2419 4833 2528 4888 que
2577 4831 2975 4888 nonnunquam
3018 4815 3292 4888 signiticat
3341 4831 3354 4867 :
3399 4815 3486 4868 hic
3535 4827 3715 4888 antem
3767 4833 3799 4888 _a
3850 4817 4016 4870 scala:

2419 4885 2585 4942 sensu
2623 4885 2964 4941 deturbanda
2985 4887 3278 4949 estdictio,
3309 4893 3362 4938 et
3396 4886 3573 4937 navali
3610 4900 3702 4938 seu
3731 4886 3777 4936 ei
3816 4893 4017 4954 portus

2420 4961 2540 5012 loco
2563 4957 2628 5009 ad
2653 4972 2813 5024 quem
2835 4971 2864 5009 e
2898 4956 3127 5009 navibus
3155 4970 3364 5008 merces
3385 4955 3686 5008 efferuntur
3706 4964 3756 5005 ct
3787 4957 4015 5009 descen-

2422 5030 2557 5083 dunt
2622 5037 2802 5080 nautae
2850 5025 3135 5094 adigenda.
3167 5025 3382 5094 ὐρμον
3433 5025 3648 5094 proprie
3681 5036 3837 5077 vocat
3898 5025 4017 5077 Mo-

2421 5099 2742 5165 scbopulns.
2783 5097 2838 5147 τὸ
2883 5097 3048 5163 μέρος
3071 5095 3165 5146 τοῦ
3195 5095 3436 5162 λιμένος,
3478 5098 3557 5156 εἰς
3590 5094 3618 5146 6
3643 5095 3936 5161 ἑλκόμεναι
3957 5097 4017 5147 αἱ

2423 5169 2549 5236 νῆες
2581 5167 2846 5228 δέδενται,
2871 5166 2964 5218 θοὶ
3002 5167 3174 5218 κοινοὶ
3216 5166 3428 5236 σκάλαν
3456 5165 3698 5229 λέγουσι.
3744 5167 3816 5217 Ue
3847 5167 4020 5236 sciilts

2429 5235 2717 5290 maritimis
2747 5235 2849 5290 (ΣΡ.
2906 5237 3156 5304 pluribus
3211 5235 3552 5288 Pani-irollns
3601 5249 3789 5302 opusc.
3827 5235 3894 5286 de
3958 5235 4021 5287 14

2429 5309 2581 5360 urbis
2607 5307 2849 5372 ejusdem
2891 5307 3227 5373 regionibus.
3255 5304 3429 5359 Com.

2494 5378 2612 5500 l£92)
2645 5375 2796 5429 Zitas
2818 5377 2980 5430 habet
3028 5375 3322 5431 Diaconus.
3351 5385 3406 5428 et
3442 5376 3559 5428 haec
3619 5375 3783 5444 paulo
3835 5373 4018 5428 fusius

2515 5456 2618 5500 ert.
2666 5444 2765 5500 Ubi
2817 5446 2961 5500 quod
3027 5447 3224 5500 legitur
3289 5447 3450 5498 misso
3506 5447 3621 5500 iam:
3660 5446 3712 5497 iu
3757 5445 4014 5500 cohortes.

2433 5444 2618 5500 refert.
2666 5444 2765 5500 Ubi
2817 5446 2961 5515 quod
3027 5447 3224 5514 legitur
3289 5447 3450 5498 misso
3506 5447 3621 5513 igne
3660 5446 3712 5497 iu
3757 5445 4014 5504 cohortes.

2432 5520 2687 5571 mendum
2717 5525 2839 5571 est:
2873 5517 3004 5585 quid
3038 5521 3182 5569 enim
3225 5525 3308 5566 est
3341 5518 3520 5583 ignem
3565 5515 3888 5585 cohortibus
3931 5517 4021 5566 in-

2427 5587 2638 5654 jicere?
2692 5584 2900 5655 potest
2934 5596 3116 5639 autem
3173 5586 3398 5652 corrigi,
3448 5586 3492 5639 si
3555 5599 3653 5653 pro
3692 5584 4023 5640 cohortibus

2434 5659 2580 5727 legas
2613 5669 2779 5709 caries
2805 5673 2823 5707 :
2865 5671 2986 5708 nam
3010 5655 3218 5727 Noster
3253 5655 3418 5718 αὐλάς
3451 5664 3630 5715 vocat,
3658 5670 3756 5727 nos
3777 5655 4021 5727 tuguria.

2435 5724 2771 5795 Stephanum
2808 5726 3136 5795 monachum
3164 5725 3285 5778 νέον
3320 5733 3504 5779 vocat.
3531 5726 3676 5795 quod
3710 5726 4019 5794 cpithetum

2435 5794 2572 5864 apud
2602 5797 2736 5852 alios
2777 5797 2948 5850 abest.
3001 5794 3129 5848 XvL.
