4226 6444
226 451 331 519 901

1330 443 1876 506 HISTORIARUM
1910 437 2446 501 COMPENDIUM.

3411 443 3517 507 902

229 573 313 642 τῇ
355 571 413 623 δὲ
465 567 606 640 μέσῃ
640 563 896 634 ἑϐδομάδι
925 563 1032 617 τῶν
1065 561 1350 632 Νηστειῶν
1407 555 1568 633 εὗρεν
1620 563 1679 615 ἐν
1736 561 1814 633 τῷ

1928 560 2227 634 septimana
2289 560 2592 628 imperator
2647 557 2783 612 duas
2845 559 3114 629 imagines
3185 560 3390 629 reperit
3459 564 3515 618 in

226 658 658 736 προσκεφαλαίῳ
695 657 935 729 Εἰρήνης
966 655 1065 726 τῆς
1095 655 1354 722 γυναικὸς
1383 653 1551 710 αὑτοῦ
1599 655 1817 718 εἰκόνας

225 759 345 818 δύο,
377 755 445 817 ἃς
474 753 761 823 θεωρήσας
792 750 886 803 καὶ
919 749 1219 820 ἀνακρίνας
1250 744 1411 818 εὗρεν
1441 749 1524 801 ὃτι
1551 750 1580 800 ό
1609 749 1819 810 παπίας

227 848 328 903 τοῦ
359 847 621 901 παλατίου
650 842 766 916 (15)
799 841 1146 908 εἰσεκόμισεν
1177 840 1349 902 αὐτάς
1372 839 1466 894 καί
1494 857 1642 903 τινες
1671 841 1817 895 ἄλλοι

228 940 339 994 τῶν
370 937 750 1010 πριμικηρίων
781 934 895 1006 (16)
927 950 940 964 ⁸
970 931 1055 1004 [Ρ.
1091 929 1218 1002 469]
1243 931 1335 994 οὓς
1370 930 1624 1001 βασάνοις
1667 931 1818 984 πλεί-

230 1049 390 1094 σταις
440 1030 535 1082 καὶ
573 1027 868 1099 τιμωρίαις
929 1022 1304 1078 καθυπέϐαλε.
1332 1021 1414 1094 T.‘
1482 1023 1542 1076 δὲ
1581 1023 1820 1090 γυναῖκα

227 1121 396 1178 αὐτοῦ
459 1121 698 1190 Εἰρήνην
763 1113 1010 1184 σφοδρῶς
1076 1114 1386 1184 ἐπιπλήξας
1460 1114 1822 1178 ὲξουδένωσεν

226 1212 425 1268 εἰπών·
454 1232 472 1264 ι
499 1209 690 1273 Οὕτως
709 1207 931 1279 ὤμοσας
959 1206 1036 1277 τῷ
1053 1207 1221 1277 πατρί
1251 1224 1354 1277 μου
1386 1205 1464 1275 τῷ
1493 1206 1708 1275 βασιλεῖ
1731 1204 1822 1256 ἐπὶ

224 1309 336 1360 τῶν
358 1303 605 1374 φρικτῶν
623 1303 718 1356 καὶ
739 1301 1027 1371 ἁχράντων
1043 1302 1142 1371 τῆς
1167 1300 1404 1361 πίστεως
1426 1296 1743 1367 μυστηρίων
1763 1317 1774 1361 ;
1801 1314 1816 1343 ι

227 1399 376 1468 Αὐτὴ
435 1397 493 1450 δὲ
539 1394 914 1464 διισχυρίσατο
947 1392 1024 1461 μὴ
1072 1391 1382 1460 ἑωρακέναι
1425 1390 1618 1451 αὑτάς.
1650 1389 1824 1452 Αὐτὸς

229 1487 318 1541 ὧν
351 1486 618 1542 ἀπώσατο
651 1481 845 1552 αὐτὴν,
876 1479 950 1550 μὴ
1004 1477 1265 1546 ἐγνωκὼς
1311 1478 1485 1550 αὐτὴν
1515 1479 1614 1532 ἐτι.
1665 1478 1824 1531 Λιθο-

228 1581 407 1648 μανὴς
441 1577 498 1631 δὲ
527 1576 648 1628 λίαν
688 1575 952 1644 ὑπάρχων
979 1572 1200 1642 ἠράσθη
1234 1570 1330 1624 τοῦ
1369 1572 1684 1641 στέμματος
1722 1569 1825 1637 τῆς

227 1669 493 1738 Μεγάλης
555 1665 908 1735 Ἐκκλησίας,
960 1665 1096 1734 ὅπερ
1152 1658 1220 1734 ἦν
1271 1663 1600 1732 Ἡρακλείου
1649 1676 1663 1689 ·
1731 1662 1828 1714 καὶ

227 1763 412 1816 λαϐὼν
443 1761 704 1830 ὲφόρεσεν
729 1758 863 1812 αὐτὸ
895 1757 988 1810 καὶ
1012 1756 1307 1828 προῆλθεν.
1349 1753 1826 1823 ’Υποστραψέντος

225 1856 283 1909 δὲ
312 1850 728 1924 ἁπηνθρακώθη
758 1849 950 1914 δεινῶς
1004 1852 1037 1920 ἡ
1073 1848 1290 1918 κεφαλὴ
1325 1845 1519 1910 αὑτοῦ,
1557 1849 1653 1900 καὶ
1697 1864 1824 1914 σφο-

1925 655 2198 725 pulvinari
2234 653 2423 708 uxoris
2459 665 2573 707 suae
2607 649 2820 713 lrenes;
2876 667 3014 720 quas
3058 667 3185 707 cum
3226 653 3519 723 diligenter

1924 752 2069 800 esset
2105 744 2534 813 contemplatus,
2578 742 2945 812 inquisitione
2982 743 3124 798 facta
3153 744 3521 812 deprehendit

1922 850 2019 893 eas
2045 851 2074 889 a
2109 835 2267 905 papia
2305 835 2544 903 palatino
2583 835 2821 904 aliisque
2855 836 3138 890 nonnullis
3168 837 3520 905 primicerio-

1923 943 2047 983 rum
2085 927 2257 983 fuisse
2290 927 2497 994 illatas,
2532 942 2674 997 quos
2724 938 2778 982 et
2826 927 3171 982 cruciatibus
3203 931 3519 998 suppliciis-

1923 1035 2033 1089 que
2071 1019 2419 1087 gravissimis
2453 1017 2685 1071 addixit.
2709 1016 2766 1072 ln
2793 1031 3019 1071 uxorem
3046 1031 3267 1086 quoque
3306 1015 3519 1069 lrenam

1927 1110 2129 1164 acriter
2187 1117 2271 1164 est
2332 1110 2626 1172 invectus,
2687 1122 2923 1178 eamque
2979 1110 3142 1163 nauci
3185 1124 3310 1164 esse
3361 1109 3520 1171 dixit,

1927 1205 2096 1274 820
2159 1219 2333 1272 «quae
2380 1217 2482 1257 suo
2553 1202 2698 1272 patri
2765 1201 3084 1267 imperatori
3160 1201 3525 1256 horribilibus

1926 1309 2089 1367 atque
2124 1298 2467 1352 intemeratis
2519 1297 2642 1350 lidei
2675 1297 2957 1367 mysteriis
2986 1295 3210 1364 prolatis
3239 1295 3520 1349 diversum

1928 1387 2375 1457 planejurasset.
2410 1405 2428 1437 ι
2465 1387 2797 1443 Constanter
2829 1397 3244 1442 asseverantem
3273 1401 3303 1438 a
3339 1401 3396 1440 se
3425 1400 3468 1438 e:
3493 1398 3520 1438 s

1927 1494 2040 1533 non
2110 1479 2258 1533 visas
2318 1478 2543 1548 repulit,
2599 1495 2776 1550 neque
2828 1487 3020 1549 postea
3083 1492 3199 1530 rem
3233 1492 3358 1530 cum
3404 1478 3523 1545 ipsa

1931 1572 2143 1626 habuit.
2208 1571 2345 1624 Cum
2398 1581 2580 1626 autem
2624 1572 2821 1625 insano
2864 1571 3237 1640 pretiosorum
3280 1568 3521 1636 lapidum

1931 1676 2117 1716 amore
2180 1668 2482 1730 ageretur,
2555 1675 2817 1713 coronam
2883 1675 3104 1728 quoque
3161 1657 3404 1712 Hcraclii
3466 1658 3522 1709 in

1933 1768 2130 1818 magna
2163 1753 2276 1806 aede
2313 1753 2620 1806 dedicatam
2670 1752 2968 1813 adamavit,
3025 1751 3376 1818 ablatamque
3432 1765 3526 1818 ge-

1933 1846 2102 1901 stavit
2137 1846 2193 1898 in
2232 1844 2513 1914 publicum
2568 1859 2918 1914 progressus.
2975 1843 3104 1896 lude
3153 1843 3377 1896 domum
3436 1856 3527 1893 re-

228 1944 478 2014 δροτάτῳ
500 1940 725 2012 πυρετῷ
764 1939 1128 2008 συνεχόμενος
1156 1939 1336 2006 κακὴν
1369 1937 1556 2000 κακῶς
1583 1938 1683 2008 τὴν
1722 1936 1822 2005 ψυ-

1931 1934 2077 1990 versi
2136 1941 2300 2002 caput
2371 1934 2722 1988 carbunculis
2791 1933 3037 2004 graviter
3090 1942 3178 1988 est
3245 1931 3524 1996 aﬂectnm,

229 2037 334 2108 χὴν
389 2035 670 2106 ἀπέρρηξε
707 2073 722 2098 ,
779 2033 879 2101 τῆς
946 2029 1254 2100 ἱεροσυλίας
1324 2030 1698 2101 κομισάμενος
1758 2030 1824 2082 τά

229 2147 510 2199 επιχειρα.

306 2308 530 2378 Κόσμον
580 2306 700 2367 ἔτος
747 2310 944 2374 ιςσογκ
974 2303 1072 2372 τῆς
1110 2302 1260 2366 θείας
1294 2301 1630 2371 σαρκώσεως
1678 2300 1818 2369 ψοοῖ

231 2400 647 2460 Κωνσταντῖνος
675 2397 774 2449 σὺν
792 2397 856 2465 τῇ
894 2396 1064 2464 μητρὶ
1089 2393 1256 2445 αὑτοῦ
1298 2393 1508 2464 Εἰρήνῃ
1551 2391 1828 2462 ὀρθόδοξοι

232 2494 594 2549 ἐϐασίλευσαν
649 2489 744 2559 ἔτη
779 2486 830 2541 ι’.
869 2487 1058 2556 Τούτῳ
1104 2487 1182 2558 τῷ
1224 2485 1335 2539 ἔτει
1364 2487 1397 2555 ή
1458 2486 1828 2557 εὐσεϐεστάτη

233 2588 445 2658 Εἰρήνη
481 2587 598 2654 ἅμα
637 2583 716 2651 τῷ
768 2581 867 2650 υἰῷ
909 2581 1311 2648 Κωνσταντίνῳ
1350 2579 1536 2632 θεόθεν
1591 2579 1831 2650 παραδό-

235 2679 342 2746 ξως
381 2679 480 2748 τὴν
512 2676 794 2746 βασιλείαν
815 2672 1209 2741 ἐγχειρίζεται.
1257 2671 1413 2725 Μετὰ
1436 2670 1493 2723 δὲ
1527 2666 1579 2740 μ’
1613 2669 1828 2740 ἡμέρας

232 2771 381 2834 τινες
422 2771 521 2838 τῆς
579 2766 890 2836 συγκλήτου
930 2764 1208 2833 ἠθέλησαν
1251 2763 1622 2834 προϐαλέσθαι
1657 2766 1829 2835 Νικῃ·

235 2866 405 2931 φόρον
459 2860 551 2913 τὸν
583 2860 692 2914 ἀπὸ
719 2857 1020 2926 Καισάρων
1060 2857 1140 2917 εἰς
1190 2855 1419 2922 βασιλέα
1448 2871 1461 2884 °
1500 2855 1592 2918 οὒς
1623 2857 1828 2926 κρατή-

249 2970 393 3006 σασα
446 2953 479 3020 ἡ
525 2950 735 3019 βασιλὶς
771 2949 935 3014 ἔτυψε
962 2947 1058 2999 καὶ
1092 2945 1344 3015 ἐξώρισε.
1384 2947 1523 3010 Τοὺς
1557 2947 1615 3000 δὲ
1668 2947 1829 3018 ἀνδρ-

239 3044 509 3111 αδέλφοιις
530 3041 701 3107 αὐτῆς
735 3039 1021 3110 Καίσαρας
1055 3038 1152 3090 καὶ⁵
1203 3039 1631 3108 νωϐελισσίμους
1666 3041 1824 3100 ὄντας

231 3136 579 3205 ἀποκείρασα
613 3132 927 3201 ἰερατεῦσαι
956 3133 1048 3183 καὶ
1083 3129 1411 3200 μεταδοῦναι
1450 3129 1530 3200 τῷ
1580 3131 1696 3200 λαῷ
1727 3149 1826 3184 πε-

233 3229 427 3298 ποίηκε
462 3230 529 3296 τῇ
561 3227 722 3294 ἑορτῇ
768 3224 866 3292 τῆς
902 3223 1147 3292 Χριστοῦ
1185 3221 1529 3287 Γεννήσεως’
1565 3225 1623 3274 ἐν
1732 3221 1828 3275 καὶ

234 3318 578 3387 προελθοῦσα
610 3317 706 3368 σὺν
757 3314 838 3383 τῷ
879 3314 980 3383 υἱῷ
1020 3313 1271 3367 δεκαετεῖ
1310 3313 1614 3385 ὑπάρχοντι
1655 3332 1825 3384 προσ-

233 3415 432 3482 ήνεγκε
485 3412 550 3478 τῇ
589 3408 855 3477 ἐκκλησία
879 3407 942 3459 τὸ
971 3406 1078 3460 ὑπὸ
1105 3405 1200 3459 τοῦ
1234 3406 1427 3476 ἀνδρὸς
1463 3407 1633 3476 αὐτῆς
1663 3409 1829 3478 ἀρθὲν

235 3503 480 3570 στέμμα,
511 3497 1004 3552 ὲπικαλλωττίσασα
1030 3498 1118 3551 διὰ
1169 3497 1498 3567 μαργάρων.
1529 3498 1619 3566 Τῷ
1677 3501 1828 3569 αὐτῷ

235 3595 414 3661 χρόνῳ
467 3591 514 3643 οἰ
575 3588 813 3658 Ἀραϐες
878 3589 1025 3653 μετὰ
1095 3586 1387 3654 Ῥωμαίων
1455 3588 1826 3657 συμϐαλόντες

236 3683 531 3752 ἡττῶνται.
571 3681 836 3749 Ἀρχεται
874 3679 930 3732 δὲ
975 3681 1008 3748 ἡ
1059 3679 1315 3734 εὐσέϐεια
1357 3681 1499 3734 καλό
1550 3681 1705 3749 λόγος
1734 3681 1826 3734 τοῦ

233 3775 369 3827 ί)εοῦ
438 3772 834 3835 πλατύνεσθαι,
896 3772 991 3824 καλ.
1043 3772 1153 3824 πᾶν
1209 3770 1416 3839 ἀγαθὸν
1480 3773 1826 3843 σωτηριῶδες

239 3871 374 3933 ἐςαν
395 3865 608 3935 agnito.
653 3866 792 3916 Τότε
845 3863 940 3916 καὶ
969 3863 1069 3932 τῆς
1128 3865 1489 3932 πανευφήμου
1551 3865 1826 3933 μάρτυρος

232 3959 383 4026 Εὑεῃ
396 3957 526 4024 μίας
565 3955 626 4008 τὸ
660 3955 933 4025 λείψανον,
969 3956 1109 4024 ὅπερ
1152 3955 1381 4011 ἀένναον
1425 3959 1601 4025 μύρον
1633 3955 1824 4024 βλύζον

229 4049 480 4114 διετέλει,
516 4049 624 4102 ἀπὸ
671 4049 771 4116 τῆς
796 4049 1020 4116 Λήμνου
1056 4047 1090 4116 ή
1132 4047 1390 4118 θεοφιλὴς
1439 4048 1647 4118 Εἰρήνη
1703 4049 1824 4102 ἑκό-

234 4158 380 4209 μισε.
420 4141 512 4192 καὶ
561 4139 652 4191 τὸν
703 4138 932 4208 πλησίον
975 4137 1072 4190 τοῦ
1114 4138 1456 4209 ἱπποδρόμου
1496 4140 1624 4194 ναὸν
1653 4141 1824 4210 αὐτῆς

229 4229 651 4300 περικαθάρασα
673 4231 788 4281 ἐκεῖ
813 4228 946 4281 αὐτὸ
972 4228 1252 4283 κατέθετο.
1279 4229 1463 4284 Ταῦτα
1487 4231 1542 4285 δὲ
1567 4232 1822 4300 γέγονεν,

233 4323 308 4385 ὡς
349 4323 417 4374 ἂν
446 4319 820 4392 θαυμαστωθῇ
851 4322 879 4372 ὁ
909 4319 1064 4384 Θεὸς,
1094 4320 1195 4372 οὐκ
1237 4323 1296 4373 ἐν
1347 4322 1578 4392 δυνάμει
1611 4323 1822 4392 ἀνδρῶν

228 4417 325 4467 καὶ
354 4414 627 4474 συνέσεως
659 4410 970 4480 περιουσίᾳ,
1007 4409 1122 4464 ἀλλ’
1157 4412 1216 4464 ὲν
1252 4412 1512 4483 ἀσθενείᾳ
1558 4415 1822 4480 γυναικὸς

232 4506 372 4572 μετὰ
402 4503 591 4563 παιδος
622 4499 862 4571 ὀρφανοῦ
892 4500 1267 4572 καθαιρούσης
1293 4503 1391 4573 τὴν
1422 4505 1662 4574 ἄμετρον
1697 4505 1820 4559 κατ’

1930 2026 2535 2096 vehementissimaque
2613 2041 2738 2079 eum
2799 2026 2999 2082 invasit
3059 2025 3271 2091 febris;
3341 2025 3529 2094 itaque

1931 2117 2130 2172 malam
2190 2118 2429 2170 animam
2499 2115 2802 2172 infeliciter
2857 2116 3181 2182 exhalavit,
3241 2117 3525 2186 praemium

1931 2209 2211 2281 sacrilegii
2243 2210 2455 2278 justum
2490 2221 2848 2265 consecutus.

2001 2303 2164 2358 Anno
2191 2302 2381 2357 mundi
2415 2303 2577 2363 6273.
2617 2301 3072 2358 incarnatiVerbi
3096 2302 3222 2370 779,
3255 2301 3528 2358 Constan-

1932 2393 2086 2449 tinus
2129 2405 2183 2450 et
2219 2403 2396 2449 mater
2417 2395 2539 2464 ejus
2570 2395 2725 2448 Ireno
2766 2395 3060 2450 orthodoxi
3095 2395 3388 2464 imperium
3421 2394 3528 2449 ini-

1933 2497 2152 2549 verunt,
2197 2487 2364 2558 idque
2412 2487 2745 2543 decennium
2796 2495 3112 2558 gesserunt,
3161 2487 3431 2542 divinitus
3461 2502 3527 2541 ac

1931 2588 2130 2648 praeter
2164 2579 2452 2633 hominum
2507 2579 2826 2649 opinionem
2883 2594 3111 2633 summae
3146 2593 3328 2633 rerum
3385 2594 3529 2649 prac-

1934 2672 2085 2728 lecti.
2142 2672 2278 2728 Post
2316 2673 2436 2728 dies
2497 2673 2568 2727 40
2620 2673 2877 2728 nonnulli
2914 2683 3230 2728 senatorum
3293 2671 3527 2726 consilia

1931 2769 2217 2822 inivcruut
2266 2766 2333 2821 de
2391 2765 2679 2821 evehendo
2736 2765 2805 2820 ad
2863 2765 3157 2836 imperium
3213 2764 3530 2834 Nicephoro

1930 2857 2190 2913 Caesare:
2235 2858 2329 2912 sed
2363 2873 2462 2912 eos
2504 2857 2831 2925 imperatrix
2869 2865 3061 2925 captos
3089 2856 3527 2927 verberibusque

1935 2951 2196 3004 multatos
2235 2949 2522 3017 relegavit.
2570 2949 2749 3003 Mariti
2798 2949 2884 3004 sui
2941 2949 3141 3004 fratres
3191 2948 3442 3005 Caesares
3473 2956 3528 3002 et

1932 3042 2313 3095 nobilissimas
2350 3055 2478 3095 raso
2529 3044 2710 3110 capite
2762 3043 2815 3094 in
2855 3043 3108 3096 ordinem
3167 3041 3525 3098 sacerdotum

1932 3133 2163 3201 redegit,
2205 3135 2300 3202 qui
2355 3133 2610 3188 natalitio
2645 3134 2850 3188 Christi
2894 3135 3036 3189 festo
3065 3138 3239 3191 sacris
3265 3138 3526 3207 populum

1934 3224 2297 3293 impertirent.
2373 3225 2497 3291 Quo
2531 3226 2619 3280 die
2662 3227 2781 3295 ipsa
2839 3241 3060 3297 quoque
3109 3243 3232 3283 cum
3289 3230 3401 3282 lilio
3460 3229 3527 3283 l0

1931 3332 2108 3371 annus
2134 3327 2262 3371 nato
2296 3331 2582 3387 progressa
2614 3318 2864 3374 ecclesiae
2896 3319 3094 3374 obtulit
3125 3335 3154 3374 a
3186 3324 3386 3376 marito
3419 3339 3524 3378 suo

1931 3412 2205 3465 sublatam
2278 3426 2539 3465 coronam
2575 3451 2592 3477 ,
2651 3413 2971 3482 margaritis
3022 3428 3052 3466 a
3109 3429 3169 3469 se
3237 3425 3520 3476 ornatam.

1931 3502 2136 3555 Eodem
2190 3510 2436 3570 torpore
2469 3503 2682 3558 Arabes
2711 3518 2832 3558 cum
2867 3504 3135 3561 Romanis
3165 3508 3353 3576 praelia
3385 3523 3522 3563 cou-

1926 3595 2099 3664 gressi
2129 3595 2448 3649 vincuntur.
2483 3595 2682 3666 Incipit
2708 3607 2893 3651 autem
2922 3607 2976 3653 et
3001 3599 3177 3668 pietas
3203 3609 3258 3654 et
3293 3605 3518 3657 verbum

1928 3686 2023 3740 Dei
2057 3689 2404 3755 ampliﬁcari,
2443 3690 2744 3759 omniaque
2770 3689 3035 3744 salutaria
3066 3691 3208 3745 bona
3243 3706 3364 3748 sese
3392 3707 3523 3762 pro-

1930 3782 2092 3836 l'erre.
2157 3779 2310 3835 Tunc
2348 3797 2403 3836 et
2460 3782 2778 3853 Euphemiae
2828 3786 3229 3849 laudatissima:
3266 3790 3523 3859 martyris

1926 3874 2214 3941 reliquias,
2267 3874 2430 3943 821
2496 3891 2740 3944 perenne
2788 3888 3133 3946 unguentum
3188 3880 3308 3934 sine
3356 3882 3525 3935 inter-

1927 3964 2194 4018 missione
2227 3967 2528 4030 stillantes,
2581 3982 2609 4020 a
2646 3967 2855 4024 Lemno
2904 3970 3061 4026 Irena
3114 3974 3323 4037 retulit,
3357 3975 3524 4045 inque

1927 4056 2057 4110 fauo
2104 4058 2250 4126 quod
2286 4059 2439 4113 circo
2466 4070 2552 4114 est
2584 4065 2978 4132 propinquum,
3009 4077 3316 4135 expurgatu
3355 4068 3522 4137 depo-

1926 4150 2056 4201 suit.
2089 4147 2232 4215 Haec,
2257 4161 2315 4203 ut
2347 4153 2639 4206 admiratio
2669 4151 2764 4207 Dei
2790 4155 3160 4221 excitaretur,
3185 4167 3338 4227 gesta
3368 4169 3519 4228 sunt,

1926 4253 2035 4294 non
2076 4243 2320 4309 potentia
2355 4243 2600 4296 virorum
2621 4259 2800 4313 neque
2821 4247 3127 4314 prudentiae
3155 4248 3518 4316 abundantia,

1926 4337 2020 4386 sed
2071 4333 2446 4388 imbecillitate
2493 4337 2766 4399 mulieris,
2824 4353 2947 4406 qua:
2976 4353 3104 4392 cum
3153 4356 3327 4411 puero
3361 4351 3520 4412 patre

1925 4422 2060 4476 orbo
2095 4423 2446 4479 immodicam
2480 4426 2535 4480 in
2569 4425 2740 4484 Deum
2790 4438 2845 4484 et
2897 4430 3019 4499 ejus
3052 4430 3287 4488 famulos
3327 4435 3520 4505 impie—

1926 4525 2090 4572 tatem
2125 4519 2411 4586 repressit.
2447 4519 2652 4574 Eodem
2683 4536 2830 4575 anno
2868 4524 3013 4591 apud
3046 4523 3242 4595 longos
3267 4524 3520 4596 Thracia:

228 4593 398 4648 αὑτοῦ
469 4593 564 4646 καὶ
621 4592 733 4646 τῶν
799 4593 1148 4663 θεραπόντων
1230 4594 1397 4648 αὑτοῦ
1476 4595 1815 4653 δυσσέϐειαν.

1931 4625 2121 4665 muros
2179 4609 2397 4666 fodiens
2453 4611 2676 4680 quidam
2737 4614 2792 4666 in
2855 4614 3051 4669 cistam
3115 4592 3354 4684 incidit;
3408 4592 3516 4689 qua

227 4686 420 4753 Τούτῳ
451 4682 527 4752 τῷ
559 4682 670 4735 ἔτει
694 4683 752 4734 ὲν
778 4684 891 4744 τοῖς
921 4685 1158 4755 μακροῖς
1208 4684 1414 4754 τείχεσι
1446 4685 1546 4756 τῆς
1597 4687 1822 4758 Θρᾴκης

231 4777 524 4848 ἄνθρωπός
555 4793 641 4838 τις
688 4776 938 4846 ὀρύσσων
991 4771 1123 4846 εὗρε
1160 4777 1431 4848 λάρνακα,
1461 4781 1558 4834 καὶ
1618 4783 1822 4852 ταύτην

228 4867 590 4936 ἁποκαθάρας
628 4867 724 4918 καὶ
753 4866 1150 4928 ἀποσκεπάσας
1189 4863 1352 4939 εὗρεν
1414 4870 1587 4941 ἄνδρα
1630 4873 1822 4944 κείμε-

228 4979 318 5014 νον
385 4961 561 5030 μέγαν
621 4960 721 5014 καὶ
768 4960 1076 5031 γράμματα
1121 4961 1576 5033 ἐγκεκολαμμένα
1622 4967 1681 5020 ὲν
1752 4970 1819 5040 τῇ

227 5052 466 5122 λάρνακι
489 5052 813 5122 περιέχοντα
839 5069 852 5082 ⁸
897 5070 914 5102 ι
958 5051 1192 5124 Χριστὸς
1221 5052 1402 5122 μέλλει
1437 5057 1731 5121 γεννᾶσθαι
1756 5061 1823 5116 ὲκ

230 5145 540 5214 Παρθένου,
573 5145 668 5198 καὶ
699 5145 940 5197 πιστεύω
994 5146 1076 5206 εἰς
1127 5144 1310 5199 αὐτόν.
1375 5145 1498 5197 Ἐπὶ
1543 5148 1600 5200 δὲ
1657 5151 1816 5206 Κωνο

227 5236 512 5286 παντίνου
541 5237 898 5306 καὶΕἰρήνης
938 5235 1122 5302 πάλιν,
1183 5229 1230 5288 ὦ
1272 5237 1413 5307 ἥλιε,
1447 5237 1568 5308 ὄψει
1605 5258 1697 5312 με.
1737 5262 1755 5294 ι

1930 4711 2162 4774 purgata
2213 4715 2265 4756 et
2325 4705 2544 4760 reclusa
2616 4707 2829 4761 invenit
2901 4710 3051 4764 intus
3106 4712 3516 4767 recumbentem

1928 4795 2109 4847 virum
2144 4809 2430 4865 magnum.
2481 4798 2804 4866 litterasque
2848 4800 3001 4855 cistas
3035 4803 3359 4872 insculptas,
3394 4821 3518 4872 quae

1930 4882 2074 4937 hanc
2121 4887 2452 4940 sententiam
2499 4890 3087 4961 comprehendebant:
3121 4913 3138 4944 ι
3178 4895 3433 4951 Christus
3485 4915 3517 4954 e

1929 4975 2154 5046 Virgine
2200 4988 2504 5042 nascetur,
2557 4979 2723 5050 inque
2771 4998 2897 5038 eum
2965 4999 3068 5055 ego
3124 4988 3310 5042 credo.
3365 4988 3513 5044 Cun-

1929 5070 2177 5125 stantino
2231 5079 2286 5126 et
2330 5070 2487 5128 lrena
2545 5073 2968 5146 imperantibus,
3018 5079 3122 5144 sol,
3175 5095 3262 5136 me
3319 5097 3513 5139 rursus

1926 5161 2159 5218 videbis.
2193 5182 2210 5212 ι

1363 5351 1726 5413 XYLANDRI
1766 5359 1856 5416 ET
1895 5361 2109 5417 GOARI
2148 5362 2374 5418 NOTAE.

301 5443 413 5513 (l5)
459 5441 684 5495 Primus
713 5440 1151 5520 interpalatinos
1193 5447 1510 5520 sacerdotes
1544 5458 1664 5502 erat
1719 5466 1817 5520 pa-

229 5511 374 5583 pias,
396 5521 450 5586 et
473 5524 665 5586 custqs
703 5511 917 5586 palatii,
942 5512 1030 5565 cui
1052 5521 1174 5586 tum
1206 5527 1272 5568 ex
1306 5516 1578 5586 religione
1610 5511 1816 5576 tum'ex

231 5581 780 5653 auctoritategl‘acile
837 5582 1019 5653 funerat
1048 5585 1386 5653 imperatrici
1417 5581 1632 5646 'sacras
1680 5592 1819 5646 ima-

253 5654 386 5727 {ines
417 5651 863 5709 subministrare.
900 5651 978 5711 De
1035 5651 1194 5727 papia
1251 5660 1595 5716 commodius
1663 5662 1816 5717 alibi.

278 5740 418 5862 0875')
474 5791 831 5864 Primicerios
906 5793 1045 5850 istos
1098 5795 1508 5852 ecclesiasticos
1568 5811 1817 5864 autumo.

240 5877 348 5920 non
439 5863 734 5935 palatinos,
793 5879 936 5936 quos
1004 5865 1292 5937 religionis
1344 5868 1578 5942 ﬁdeique
1614 5863 1814 5931 sensus

1923 5469 2032 5533 non
2083 5456 2155 5533 ita
2213 5457 2462 5533 prasinae
2516 5457 2919 5533 tangebat._lle
2975 5462 3061 5533 bi_s
3122 5463 3339 5533 imperii
3403 5465 3512 5519 No-

1923 5525 2066 5604 titia,
2123 5527 2190 5604 de
2245 5526 2365 5604 illis
2424 5525 2669 5604 Cadmus
2727 5531 2834 5604 c.l
2903 5539 2958 5586 et
3017 5525 3411 5604 Euclio-legium
3438 5537 3510 5592 de

1924 5591 2078 5674 Qme.
2132 5594 2410 5674 Ecclesiae
2445 5596 2550 5652 ΟΡ.
2625 5598 2884 5674 Lexicum
2971 5591 3301 5674 anonymum
3372 5591 3504 5664 bibl.

1921 5662 2107 5748 Regia:
2177 5670 2543 5748 πριμικῄριον
2595 5687 2707 5748 uno
2777 5673 2945 5748 verbo
3012 5662 3237 5748 esponit
3286 5662 3503 5748 πρωτοέ

1923 5737 2191 5815 ταξωτην.
2221 5739 2424 5792 ordinis
2455 5741 3005 5809 cujuslibetprimum.
3035 5737 3096 5798 Hi
3130 5761 3271 5815 quos
3323 5737 3504 5803 eccle-

1923 5807 2178 5861 siasncos
2209 5817 2456 5875 autumo,
2493 5807 2651 5877 primi
2689 5807 2977 5869 cantorum
3010 5815 3063 5868 in
3095 5807 3265 5871 clioro
3312 5833 3508 5875 recen-

1929 5887 2216 5936 scaantur.
2256 5878 2424 5933 Cum.
