4226 6444
220 436 327 503 905

1313 421 1853 483 IIISTORIAR‘UM
1896 417 2423 481 COMPENDIUM.

3381 415 3489 479 906

218 557 337 614 ὁδου
388 551 597 624 χρόνων
658 541 772 616 ρκβ¹
818 541 903 616 [Ρ.
945 538 1072 611 ΓΗ]
1120 538 1345 607 γέγονεν
1379 539 1435 590 ἐν
1491 536 1699 606 Νικαία
1732 538 1797 588 οἰ-

1918 549 2032 589 :mae
2066 534 2205 599 fuit,
2262 533 2464 602 elapsis
2502 530 2568 586 ad
2613 529 2666 585 id
2699 545 2727 583 a
2768 539 2923 587 sexto
2954 528 3110 584 anuis
3145 536 3370 584 centum
3405 531 3489 583 vi-

229 641 523 716 ιουμενικὴ
574 639 619 705 ζ’
676 635 897 696 σῦνοδος
930 675 945 699 ,
996 633 1092 686 καὶ
1120 628 1398 686 ἀπέλαϐεν
1448 629 1481 697 ἡ
1535 627 1799 698 καθολικὴ

233 733 529 806 Ἐκκλησία
583 730 671 785 διὰ
700 726 978 797 Ταρασίου
1029 723 1124 777 τοῦ
1172 721 1480 790 ἁγιωτάτου
1531 720 1801 789 πατριάρο

223 846 319 900 λου
352 828 441 880 τὸν
471 824 700 896 ἀρχαῖον
744 818 949 888 κόσμον
1008 816 1202 880 αὐτῆς,
1230 811 1594 866 συνελθόντων
1625 810 1802 862 Πατέ-

226 939 336 993 ρων
362 923 420 973 ἐν
438 916 647 985 Nini;
697 912 760 965 τὸ
787 910 1040 980 δεύτερον
1092 905 1193 973 τν’,
1232 906 1282 960 οἰ
1320 903 1420 957 τὰρ
1445 904 1662 965 εἰκόνας
1708 902 1804 954 σὺν

221 1017 299 1085 τῷ
329 1010 548 1081 σταυρῷ
575 1006 910 1080 διορίσαντες
962 998 1408 1074 προσκυνεῖσθαι,
1436 997 1590 1051 οὐδὲν
1619 996 1805 1049 καινὸν

219 1101 653 1175 δογματίσαντες
698 1094 835 1151 ἀλλὰ
886 1100 955 1147 τὰ
1007 1092 1116 1147 τῶν
1167 1090 1340 1158 ἁγίων
1389 1089 1483 1143 καὶ
1515 1087 1804 1159 μακαρίων

224 1196 485 1265 Ιιατέρων
535 1190 781 1261 δόγματα
829 1185 1103 1241 ἁσάλευτα
1138 1181 1525 1252 φυλάττεσθαι,
1552 1179 1647 1232 καὶ
1706 1178 1805 1248 τὴν

220 1290 351 1340 νέαν
398 1285 611 1356 αἵρεσιν
673 1277 1148 1350 ἁποκηρύξαντες,
1180 1275 1308 1338 τοὺς
1336 1274 1478 1343 τρεῖς
1525 1268 1805 1340 ψευδωνύ-

226 1399 362 1451 μους
391 1379 737 1450 πατριάρχας
782 1370 1198 1441 ἀνεθεμάτισαν,
1238 1364 1609 1427 ’Λναστάσιον,
1637 1359 1799 1430 φημὶ,

224 1475 320 1527 καὶ
351 1469 764 1525 Κωνσταντῐνον
794 1463 890 1517 καὶ
915 1462 1006 1515 τὸν
1033 1460 1281 1530 Νικὴταν
1336 1453 1615 1525 εὐνοῦχον.
1669 1452 1803 1504 ’Υπ-

224 1561 436 1632 ἐγραψε
475 1560 531 1612 δὲ
555 1559 651 1611 καὶ
675 1560 703 1611 6
733 1554 985 1627 βασιλεὺς
1017 1553 1112 1606 καὶ
1147 1552 1181 1623 ἡ
1214 1551 1397 1621 μήτηρ
1435 1545 1601 1600 αὑτοῦ
1640 1546 1696 1598 ὲν
1724 1544 1802 1612 τῷ

222 1655 400 1724 τόμῳ,
429 1654 524 1705 καὶ
553 1650 868 1721 εἰρήνευσεν
889 1650 922 1717 ἡ
954 1645 1047 1699 τοῦ
1080 1644 1219 1696 Θεοῦ
1275 1638 1600 1706 Ἐκκλησία,
1628 1638 1675 1688 εἰ
1706 1636 1800 1689 καὶ

223 1747 254 1799 ὸ
286 1744 479 1816 ἐχθρὸς
529 1743 597 1796 τὰ
620 1738 815 1794 ἑαυτοῦ
847 1737 1066 1804 ζιζάνια
1092 1737 1151 1788 ὲν
1200 1737 1312 1795 τοῖς
1356 1732 1507 1792 ἰδίοις
1539 1728 1802 1800 ἐργάταις

1907 628 2043 697 ginti
2097 626 2336 681 duobus.
2422 624 2687 694 Tuncque
2728 620 2941 678 Tarasii
3004 621 3336 679 sanctissimi
3392 636 3491 691 pa-
3534 640 3535 643 η

1912 719 2163 773 triarchaa
2202 733 2369 787 Opera
2418 717 2710 786 pristinum
2755 730 2920 770 suum
2959 723 3213 769 ornatum
3259 716 3490 786 recepit.

1909 812 2297 867 Convenerunt
2345 824 2412 863 eo
2461 807 2648 863 Patres
2699 807 2834 871 550,
2896 808 2991 878 qui
3049 806 3313 876 imagines
3361 822 3490 862 cum

1909 916 2071 953 cruce
2119 897 2429 953 adorandas
2478 904 2829 963 statuerunt,
2896 896 3031 952 nihil
3070 897 3107 951 ii
3152 912 3352 952 novum
3392 899 3491 952 dc-

1911 1000 2201 1047 eernentes
2228 1028 2242 1056 ,
2280 990 2374 1045 sed
2402 998 2719 1045 sanctorum
2747 988 2967 1044 Patrum
3006 990 3229 1046 decreta
3266 989 3492 1045 immota

1912 1084 2142 1153 relinqui
2191 1084 2463 1152 jubentes.
2544 1084 2732 1150 Iidem,
2778 1098 2913 1138 nova
2958 1086 3151 1141 Itzeresi
3198 1085 3491 1150 damnata,

1912 1175 2260 1229 anathemate
2308 1177 2561 1231 detestati
2613 1185 2741 1233 sunt
2801 1184 2911 1231 tres
2956 1180 3092 1231 istos
3134 1175 3275 1232 falso
3316 1175 3485 1247 patri-

1911 1268 2106 1321 archas
2145 1267 2400 1332 habitos,
2442 1268 2812 1331 Anastasium,
2846 1268 3266 1325 Constantinum
3304 1278 3361 1325 et
3394 1270 3494 1322 Ni-

1912 1368 2110 1414 eetam.
2191 1358 2652 1428 Subseripseruut
2716 1362 2866 1416 Actis
2928 1362 3148 1416 concilii
3200 1361 3495 1428 imperatur

1913 1460 2197 1521 materque
2222 1453 2364 1522 ejus.
2442 1450 2607 1506 Juxta
2648 1467 2751 1522 pax
2789 1461 2900 1506 tum
2938 1453 3197 1508 Ecclesia:
3229 1450 3323 1509 Dei
3357 1452 3456 1506 fuit
3480 1493 3496 1516 ,

1914 1545 2132 1599 tametsi
2182 1544 2441 1598 inimicus
2487 1559 2585 1614 per
2629 1559 2760 1599 suos
2805 1544 3088 1601 ministros
3134 1543 3345 1599 zizania
3395 1559 3497 1599 sua

1917 1652 2098 1691 servre
2133 1650 2238 1689 nou
2273 1644 2469 1691 cesset.
2552 1634 2729 1691 Vincit
2769 1643 2955 1691 tamen
2995 1651 3209 1706 semper
3250 1635 3345 1692 Dei
3394 1633 3500 1689 Ec-

1919 1727 2083 1783 clesia
2115 1730 2237 1797 ejus
2270 1728 2473 1783 favore.

226 1842 474 1909 σπείρειν
493 1839 555 1892 οὑ
588 1836 845 1892 παύεται.
880 1832 1021 1886 Ἀλλ’
1044 1831 1078 1901 ἡ
1108 1828 1202 1883 τοῦ
1231 1827 1365 1881 Θεοῦ
1407 1824 1704 1895 Ἐκκλησία
1727 1825 1795 1893 τῇ
1832 1822 1999 1877 αὑτοῦ
2029 1821 2213 1892 χάριτι
2232 1824 2449 1882 πάντως
2477 1818 2860 1891 πολεμουμένη
2887 1821 3032 1892 νικᾷ.

299 1954 394 2026 Τῷ
422 1954 465 2007 θ’
496 1951 606 2005 ἔτει
636 1948 846 2002 λύσασα
870 1947 904 2017 η
928 1943 1139 2016 βασιλὶς
1168 1940 1376 2013 Εἰρήνη
1400 1940 1497 2011 τὴν
1514 1938 1650 2007 πρὸς
1679 1938 1807 1999 τοὺς

1980 1937 2141 1991 Anno
2184 1936 2216 1991 9
2250 1936 2567 2006 imperatrix
2616 1948 2778 2006 pacto
2817 1952 2940 1992 eum
2982 1936 3208 1994 Francis
3255 1939 3498 1996 rescisso

227 2049 516 2120 ψράγγους
553 2040 897 2109 συναλλαγὴν
924 2039 1103 2108 ηταγε
1159 2034 1328 2105 κόρην
1383 2035 1449 2086 ὲκ
1498 2031 1608 2083 τῶν
1679 2030 1807 2097 Ἀρ-

232 2138 511 2211 μενιακῶν
559 2135 669 2188 ἀπὸ
730 2131 987 2203 ’Δμνείας
1023 2170 1040 2196 ,
1082 2129 1310 2199 ὀνόματι
1358 2126 1615 2186 Μαρῖναν
1645 2164 1660 2188 ,
1718 2120 1810 2175 καὶ

229 2228 454 2296 ἔζευξεν
484 2228 655 2297 αὐτὴν
701 2221 1098 2291 Κωνσταντίνῳ
1129 2218 1208 2285 τῷ
1244 2216 1345 2287 υἱῷ
1388 2215 1556 2286 αὐτῆς
1604 2211 1678 2285 μὴ
1724 2212 1809 2265 θέ-

228 2325 400 2387 λοντι,
429 2319 524 2374 καὶ
555 2317 778 2388 ἐποίησε
808 2317 934 2378 τοὺς
952 2315 1184 2383 γάμους.

301 2414 394 2484 Τῷ
427 2410 457 2465 ι’
493 2411 600 2465 ἔτει
630 2410 820 2477 γέγονε
855 2406 1078 2474 σεισμὸς
1109 2402 1506 2474 φοϐερώτατος.
1543 2398 1727 2467 Φοόνῳ
1755 2396 1812 2450 δέ

228 2524 375 2569 τινες
407 2504 697 2575 φερόμενοι
744 2499 853 2553 τῶν
890 2496 1204 2569 προσφιλῶν
1252 2494 1514 2562 Εἰρήνης,
1565 2490 1808 2559 καὶβου-

227 2598 446 2665 λόμενοι
477 2588 624 2647 οὗτοι
652 2591 721 2645 τὰ
768 2590 1074 2660 πράγματα
1101 2585 1344 2646 διοικεῖν,
1370 2581 1661 2634 συνέϐαλον
1709 2578 1808 2649 τὴν

232 2688 448 2757 μητέρα
472 2685 612 2738 κατὰ
632 2682 726 2736 τοῦ
747 2681 884 2744 υἱοῦ,
903 2680 1189 2741 πείσαντες
1212 2674 1403 2743 αὐτὴν,
1435 2673 1509 2737 ὡς
1535 2673 1647 2727 Οὐκ
1667 2672 1812 2724 ἔστιν

227 2775 537 2848 ὡρισμένον
566 2771 717 2841 παρὰ
743 2770 864 2838 Θεῷ
885 2768 1157 2837 κρατῆσαι
1180 2766 1272 2817 τὸν
1298 2765 1415 2816 υἱόν
1447 2780 1539 2814 σου
1563 2779 1576 2792 ·
1604 2761 1673 2831 σὴ
1706 2763 1814 2831 γάρ

229 2874 380 2923 ἔστιν
414 2870 449 2937 ἡ
479 2864 744 2936 βασιλεία.
774 2861 923 2931 Αὕτη
976 2859 1059 2925 δὲ,
1111 2857 1187 2921 ὡς
1222 2858 1316 2911 ac;
1342 2856 1497 2926 γυνὴ,
1542 2855 1815 2925 ἐξαπατη-

233 2962 412 3023 Θείσα,
446 2960 750 3028 στέργουσα
788 2954 846 3009 at
875 2952 1049 3007 καὶτὸ
1070 2950 1354 3021 φίλαρχον,
1389 2949 1691 3019 ἐϐεϐαιώοη
1738 2947 1815 3016 τῷ

233 3050 501 3111 manus;
521 3045 680 3101 εἶναι.
716 3047 775 3099 '0
813 3046 944 3113 γοῦν
963 3042 1215 3113 βασιλεὺς
1250 3040 1569 3110 εἰκοσαετὴς
1604 3039 1679 3091 ὣν
1723 3039 1815 3090 καὶ

234 3138 665 3212 ῥωμαλεώτατος
693 3136 835 3190 πάνυ
887 3137 985 3188 καὶ
1055 3133 1240 3196 ἱκανὸς
1275 3134 1333 3185 ὲν
1389 3135 1501 3195 τοῖς
1558 3129 1815 3200 πολέμοις

1912 2045 1976 2083 ex
2020 2029 2273 2083 Armenia
2320 2029 2388 2083 ab
2426 2029 2630 2083 Amnea
2681 2030 2922 2100 puellam
2972 2033 3194 2085 nomine
3231 2028 3499 2087 Marinam

1912 2122 2065 2177 duxit
2099 2123 2320 2193 ﬁlioque
2351 2137 2452 2176 suo
2483 2122 2883 2187 Constantino,
2922 2125 3048 2179 licet
3076 2125 3250 2182 invito
3272 2164 3289 2192 ,
3330 2138 3502 2195 copu-

1911 2214 2079 2278 lavit,
2126 2225 2182 2268 et
2234 2216 2457 2283 nuptias
2494 2214 2750 2270 confecit.

1984 2395 2143 2448 Anno
2174 2403 2241 2448 ιυ
2273 2404 2433 2451 terra:
2463 2406 2647 2453 motus
2676 2396 2782 2453 iuit
2812 2400 3013 2470 oppido
3044 2401 3331 2459 terribilis.
3409 2402 3498 2459 ln-

1916 2488 2070 2540 terim
2102 2487 2324 2556 quidam
2356 2487 2424 2543 de
2455 2490 2647 2545 amicis
2680 2491 2852 2547 lrenas
2885 2492 3085 2547 invidia
3117 2493 3304 2558 ducti,
3351 2504 3407 2551 ct
3443 2504 3504 2551 ut

1914 2581 2017 2635 sibi
2045 2595 2230 2636 rerum
2262 2581 2798 2639 administrationem
2824 2584 3185 2651 vindicarent,
3208 2585 3504 2658 825nm-

1918 2685 2055 2727 trem
2108 2689 2232 2727 cum
2289 2672 2399 2727 ﬁlio
2450 2675 2825 2742 committunt,
2877 2677 3275 2747 persttadentes
3332 2678 3505 2736 lrena

1915 2767 2203 2834 imperium
2232 2767 2403 2836 ipsius
2427 2768 2706 2836 proprium
2726 2782 2873 2835 esse,
2892 2784 3074 2838 neque
3105 2770 3159 2824 id
3190 2769 3304 2826 ﬁlio
3333 2786 3364 2825 a
3391 2771 3504 2828 Deo

1917 2858 2275 2913 destinatum.
2303 2856 2425 2924 Quo
2455 2857 2583 2913 dolo
2616 2858 2731 2923 illa,
2767 2867 2953 2929 utpote
2992 2861 3212 2926 mulier,
3250 2863 3501 2935 decepta,

1920 2949 2222 3019 cupiditate
2270 2956 2432 3005 etiam
2493 2949 3075 3022 imperandi'alioluin
3122 2966 3371 3027 urgente,
3426 2958 3505 3013 ita

1920 3055 2033 3093 rem
2071 3041 2271 3096 habere
2299 3042 2438 3112 ame
2471 3043 2715 3096 animum
2759 3059 2919 3099 suum
2955 3061 3055 3116 pro
3103 3058 3255 3103 certo
3286 3051 3501 3104 statuit.

1920 3131 1991 3184 At
2037 3132 2337 3201 imperator
2374 3149 2576 3187 annum
2619 3133 2732 3203 jam
2779 3151 2951 3206 agens
2982 3139 3327 3208 vigesimum,
3370 3142 3506 3198 viri-

232 3233 485 3286 ἐλυπεῖτο
510 3228 740 3299 μηδενὸς
772 3225 1101 3291 ἐξουσιάζων
1135 3224 1229 3277 καὶ
1260 3223 1494 3291 ἐμελέτα
1529 3220 1671 3274 κατὰ
1716 3221 1814 3288 τῆς

1921 3222 2134 3293 busque
2167 3224 2578 3279 valentissimus
2624 3233 2676 3280 et
2718 3226 2785 3280 ad
2819 3228 2958 3283 bella
2991 3230 3222 3288 idoneus
3245 3271 3261 3296 ,
3295 3233 3504 3288 nullius

237 3325 446 3395 μητρὸς
471 3320 659 3375 αὑτοῦ.
690 3319 756 3374 Ἦ
787 3318 843 3371 δὲ
887 3317 1045 3370 τοῦτο
1078 3312 1322 3383 μαθοῦσα
1342 3312 1495 3383 παρὰ
1523 3312 1617 3365 τοῦ
1642 3312 1816 3364 Σταυ-

238 3419 456 3487 ρακίου,
480 3412 608 3474 τοὺς
630 3411 729 3481 μὲν
762 3409 999 3470 οἰκείους
1039 3405 1359 3478 ἀνθρώπους
1385 3403 1550 3459 αὑτοῦ
1606 3404 1817 3466 πάντας

233 3507 454 3575 τύψασα
470 3501 720 3574 ἐξώρισε,
752 3501 844 3554 τὸν
871 3499 927 3553 δὲ
953 3499 1252 3569 μάγιστρον
1284 3498 1378 3549 καὶ
1404 3496 1681 3566 Θεόδωρον
1713 3513 1816 3548 πα-

234 3598 445 3668 τρίκιον
464 3595 555 3651 τὸν
576 3591 953 3664 Καμουλιανδν
973 3590 1065 3643 καὶ
1103 3589 1321 3659 ἑτέρους
1356 3588 1464 3641 τῶν
1495 3589 1552 3640 ὲν
1567 3587 1709 3639 τέλει
1732 3586 1816 3650 ἐξ.

233 3689 438 3759 ώρισεν
460 3688 516 3737 ἐν
535 3682 858 3752 Καῖστορίᾳ.
879 3680 983 3734 Τὸν
999 3680 1053 3732 δὲ
1079 3679 1192 3731 υἰὸν
1211 3679 1379 3746 αὐτῆς
1397 3677 1815 3746 πολλάλοιδορή-

237 3790 379 3829 σασα
404 3774 662 3844 ἀπρόῖτον
683 3770 942 3838 εποίησεν
972 3767 1057 3837 ἐφ’
1091 3766 1304 3836 ἡμέρας
1326 3766 1537 3830 ἱκανάς.
1562 3766 1748 3820 Πάντα
1762 3765 1818 3819 δὲ

236 3869 329 3921 τὸν
347 3865 582 3933 στρατὸν
613 3862 929 3923 κα¹ιπάντας
957 3860 1082 3922 τοὺς
1109 3862 1164 3913 ἐν
1194 3860 1336 3912 τέλει
1362 3859 1559 3930 ὀμόσαι
1588 3859 1817 3929 πεποίη-

238 3973 360 4019 κεν,
388 3956 472 4009 ὅτι
506 3954 654 4016 Ἕως
681 3946 742 4005 οὗ
794 3951 912 4021 ζῇς,
941 3951 1001 4003 οὐ
1038 3950 1439 4018 καταδεξόμεθα
1478 3950 1569 4003 τὸν
1588 3951 1703 4003 υἱόν
1724 3967 1817 4003 σου

237 4046 535 4116 κρατῆσαι.
570 4043 919 4114 Ἀρμενιακοὶ
931 4042 985 4093 δὲ
1009 4042 1157 4110 μόνοι
1172 4042 1328 4093 τοῦτο
1350 4042 1410 4094 οὺ
1434 4042 1812 4108 κατεδέξαντο,

236 4135 374 4189 ἀλλὰ
408 4136 820 4189 Κωνσταντίνον
843 4132 937 4187 καὶ
966 4132 1203 4203 Εἰρήνην
1232 4132 1307 4195 ώς
1352 4132 1411 4197 ἐξ
1438 4133 1614 4204 ἀρχῆς
1647 4134 1816 4204 εὺφή-

242 4243 380 4296 μουν
411 4266 427 4291 ,
466 4224 562 4277 τοῦ
607 4224 853 4277 διαϐόλου
923 4222 1021 4294 τὴν
1077 4222 1333 4292 τοιαύτην
1387 4226 1673 4295 ἐπιορκίαν
1723 4226 1819 4278 καὶ

238 4318 472 4387 ἄρνησιν
498 4315 893 4378 ὑποϐάλλοντος
932 4318 1044 4377 τοῖς
1080 4315 1410 4386 ἀνθρώποις.
1446 4317 1820 4387 Συναχθέντες

238 4407 296 4461 δὲ
324 4409 374 4461 οἰ
398 4406 685 4477 Θεματικοὶ
733 4407 792 4459 ἐν
815 4406 891 4476 τῷ
923 4406 1136 4477 Ἀτρώᾳ
1166 4406 1368 4469 πάντες
1415 4411 1569 4479 κοινῇ
1625 4410 1823 4481 γνώμῃ

238 4496 517 4568 ἐζήτησαν
568 4497 980 4550 Κωνσεαντῖνον
1036 4495 1285 4564 βασιλέα.
1320 4496 1628 4565 Φοϐηῡεῖαα
1679 4498 1736 4550 δὲ
1786 4499 1820 4566 ή

1921 3328 1980 3369 se
2005 3315 2079 3368 rei
2110 3322 2437 3385 potestatem
2476 3316 2676 3372 habere
2710 3317 2935 3390 indigne
2963 3319 3193 3389 ferebat,
3224 3332 3279 3379 et
3311 3335 3504 3379 contra

1920 3416 2146 3461 matrem
2207 3421 2361 3462 suam
2401 3409 2514 3478 jam
2566 3411 2814 3479 quasdam
2862 3413 3299 3471 maehiuabatur.
3347 3418 3505 3484 Quod

1918 3513 2043 3554 eum
2079 3516 2143 3554 ex
2186 3500 2472 3556 Stanraeio
2517 3503 2881 3561 intellexisset
2936 3507 3118 3572 Irene,
3170 3508 3505 3566 domesticos

1921 3587 2013 3643 ﬁlii
2062 3606 2254 3646 omnes
2296 3594 2618 3649 verberibus
2666 3596 2925 3654 inuitatos
2968 3601 3275 3673 relegavit;
3333 3607 3506 3674 magi-

1920 3687 2095 3731 strum
2121 3688 2175 3733 et
2215 3678 2313 3733 Th.
2335 3686 2566 3736 odorum
2604 3686 2897 3753 patricium
2925 3688 3310 3748 Camulianum
3337 3695 3507 3750 alios-

1921 3785 2027 3840 que
2049 3786 2305 3841 proceres
2324 3773 2685 3840 Quzestoriam
2714 3780 3043 3849 deportavit.
3060 3782 3258 3841 Filium
3287 3802 3507 3858 quoque

1920 3863 2124 3918 acriter
2151 3868 2419 3920 conviciis
2453 3870 2718 3923 insectata
2750 3874 3062 3943 complures
3086 3875 3203 3932 dies
3238 3878 3294 3931 in
3325 3879 3508 3948 publi-

1920 3968 2044 4007 cum
2098 3954 2316 4023 prodire
2364 3960 2556 4013 vetuit.
2599 3959 2921 4019 Juramcnlo
2948 3981 3170 4037 quoque
3201 3972 3505 4026 exercitum

1921 4055 1975 4099 et
2006 4057 2258 4102 senatum
2294 4049 2617 4114 obstrinxit,
2653 4068 2749 4108 eos
2783 4055 2900 4124 ipsa
2940 4058 3158 4115 vivente
3191 4059 3303 4117 ﬁlio
3332 4061 3506 4132 impe-

1923 4138 2065 4192 rium
2119 4153 2230 4193 nou
2289 4140 2591 4197 delaturos.
2644 4143 2757 4199 Soli
2807 4146 3121 4205 Armeniaci
3183 4152 3385 4209 milites
3452 4154 3507 4208 id

1922 4238 2270 4295 recusarunt,
2304 4229 2734 4288 Constantinum
2765 4243 2819 4290 et
2841 4235 3075 4307 lrenam,
3094 4240 3240 4298 sicut
3256 4244 3325 4298 ab
3347 4247 3506 4305 initio

1923 4319 2281 4387 imperatores
2329 4325 2656 4392 salutantes,
2708 4329 2857 4397 quod
2908 4340 2961 4385 et
3002 4335 3225 4404 reliqua:
3263 4338 3509 4409 legiones

1924 4418 2053 4462 sunt
2074 4411 2594 4493 aemulatar,diabolo
2624 4417 2736 4472 haec
2766 4419 3009 4489 perjuria
3039 4435 3091 4478 et
3116 4426 3508 4498 abnegationes

1926 4497 2241 4556 hominibus
2300 4517 2642 4574 suggerente.
2708 4510 2908 4566 Omnes
2947 4511 3116 4582 igitur
3159 4497 3401 4588 legiones
3449 4522 3506 4577 in

238 4591 449 4660 Εἰρήνη
475 4588 537 4642 τὸ
568 4590 795 4659 ὅρμημα
837 4586 933 4640 τοῦ
975 4585 1128 4653 λαοῦ,
1186 4586 1456 4640 ἀπέλυσεν
1496 4588 1675 4641 αὐτόν.
1711 4589 1814 4651 Καὶ

1928 4588 2151 4643 Atroam
2199 4607 2542 4666 congregatae
2592 4614 2702 4651 uno
2749 4615 3025 4659 consensu
3079 4585 3501 4668 Constantinum

238 4680 397 4733 αὐτοὶ
452 4680 550 4748 μὲν
596 4681 696 4745 τὴν
742 4679 954 4748 μητέρα
988 4679 1176 4731 τούτου
1226 4678 1601 4749 ἁπεκήρυξαν,
1632 4680 1723 4732 τὸν
1762 4679 1818 4732 δὲ

240 4770 651 4823 Κιονσταντίνον
673 4768 1047 4838 αὐτοκράτορα
1077 4768 1423 4838 εὐφήμησαν.
1461 4767 1733 4823 Εἰσελθὼν
1764 4770 1821 4823 δὲ

239 4861 269 4913 6
289 4857 543 4930 βασιλεὺς
575 4860 631 4911 ἐν
660 4861 727 4929 τῇ
768 4859 920 4912 πόλει
955 4858 1161 4923 πάντας
1190 4862 1316 4924 τοὺς
1364 4864 1677 4926 οἰκειακοὺς
1726 4863 1820 4916 τοῦ

240 4951 453 5020 πατρὸς
484 4950 598 5021 (l9)
630 4949 821 5015 αὐτοῦ,
846 4949 982 5003 ἀλλὰ
1028 4952 1123 5003 καὶ
1155 4951 1246 5003 τὸν
1266 4952 1607 5022 Σταυράκιον
1637 4954 1822 5025 δείρας

239 5042 337 5095 καὶ
361 5042 669 5113 κουρεύσας
696 5043 947 5115 ἐξώρισε,
973 5042 1059 5115 [Ρ.
1084 5042 1214 5117 472]
1250 5043 1347 5114 τὴν
1384 5044 1439 5098 δὲ
1470 5047 1685 5117 μητέρα
1725 5050 1821 5102 αὺ-

239 5131 337 5185 τοῦ
367 5133 508 5203 μετὰ
535 5134 633 5202 τῆς
663 5134 931 5195 ἀπαθείας
960 5121 1142 5205 αὐτῆξ
1152 5137 1407 5191 ἐκάθισεν
1443 5141 1501 5193 ὲν
1524 5139 1603 5209 τῷ
1649 5142 1824 5195 παλα-

239 5225 341 5294 τίῳ
371 5225 481 5278 τῶν
521 5224 881 5296 Ἐλευθερίου,
927 5226 955 5280 ὃ
987 5228 1126 5299 αὐτὴ
1176 5228 1546 5302 ᾠκοδόμησεν,
1573 5234 1631 5286 ἐν
1660 5225 1705 5301 ᾧ
1752 5235 1821 5289 τὰ

242 5315 477 5370 πλεῖστα
521 5318 784 5388 χρήματα
818 5321 1186 5392 κατέκρυψεν.
1223 5323 1472 5391 Ἐγένετο
1496 5325 1556 5378 δὲ
1601 5328 1822 5398 ἐμπρη-

244 5403 402 5472 σμὸς,
436 5405 529 5457 καὶ
560 5406 763 5477 ἐκαύθη
793 5410 822 5462 ὅ
847 5425 905 5462 τε
932 5410 1199 5481 τρίκλινος
1224 5411 1319 5465 τοῦ
1352 5416 1768 5485 πατριάρχείου,
1794 5418 1823 5470 6

242 5493 537 5564 λεγόμενος
558 5496 873 5571 Θωμαῖτης,
896 5502 990 5553 καὶ
1007 5502 1064 5555 αἱ
1084 5502 1338 5557 ὑποκάτω
1355 5504 1519 5557 αὑτοῦ
1548 5507 1821 5575 καμάραι,

243 5585 372 5641 ἔνθα
410 5587 673 5643 ἀπέκειτο
729 5590 799 5645 τὰ
849 5592 1013 5664 σχέδη
1052 5594 1232 5667 πάσης
1286 5595 1534 5668 Γραφῆς,
1569 5596 1605 5652 ἃ
1639 5598 1822 5670 ἡρμή-

1927 4681 2313 4751 imperatorem
2347 4689 2781 4757 requisiverunt.
2822 4694 3013 4765 Itaque
3045 4711 3299 4755 metuens
3326 4706 3510 4760 multi-

1925 4773 2132 4830 tudinis
2163 4776 2422 4843 impetum
2465 4781 2644 4847 lrena,
2701 4784 2867 4838 lilium
2912 4787 3121 4845 ditnisit
3160 4807 3371 4862 ;qnem
3426 4797 3504 4850 illi

1926 4865 2112 4920 statim
2137 4866 2335 4923 faustis
2369 4873 2857 4932 acclamationibus
2885 4880 3269 4950 imperatorem
3292 4888 3504 4943 saluta-

1925 4968 2073 5022 runt,
2104 4959 2361 5030 abrogato
2387 4961 2556 5018 lreua:
2590 4966 2842 5036 imperio.
2879 4971 3279 5032 Constantinus
3318 4978 3506 5047 impe-

1925 5058 2075 5103 rator
2112 5050 2166 5106 in
2197 5054 2387 5110 urbem
2416 5057 2629 5114 intrans
2659 5076 2851 5118 omnes
2872 5068 3044 5132 patris
3058 5067 3144 5122 sui
3170 5067 3507 5127 domesticos

1928 5152 2093 5214 atque
2141 5149 2321 5218 ipsqu
2371 5148 2723 5207 Stauracium
2776 5156 3094 5217 verberatos
3135 5170 3300 5233 atque
3351 5179 3521 5220 rasos.

1926 5235 2236 5308 deportavit
2278 5258 2294 5308 ;
2340 5252 2570 5297 matrem
2625 5245 2678 5298 in
2729 5247 2896 5318 825
2939 5252 3143 5320 palatio
3181 5255 3506 5321 Eleutherii,

1926 5331 2072 5398 quod
2114 5332 2233 5401 ipsa
2283 5342 2652 5402 exstruxerat,
2690 5341 2988 5397 securitate
3023 5342 3150 5399 data
3189 5348 3501 5414 collocavit,

1926 5435 2038 5489 quo
2068 5429 2120 5476 et
2168 5423 2462 5491 plurimum
2494 5440 2555 5478 ea
2590 5427 2710 5481 auri
2748 5428 2977 5488 abdidit.
3008 5433 3326 5493 Incendium
3363 5452 3508 5510 quo-

1932 5526 2039 5580 que
2074 5510 2369 5568 triclinium
2402 5517 2727 5584 patriarchae
2757 5520 2973 5591 domus,
3012 5528 3159 5595 quod
3189 5527 3506 5588 Thomaites

1931 5601 2328 5671 appellabatur,
2371 5613 2426 5659 et
2473 5606 2524 5659 ei
2570 5608 2851 5676 subjeclas
2892 5628 3140 5672 cameras
3170 5617 3503 5691 absumpsit,

1369 5734 1725 5790 XYLANDRI
1759 5734 1846 5791 ET
1897 5735 2112 5795 GOARI
2141 5738 2373 5796 NOTAE.

315 5809 427 5884 (19)
466 5811 675 5871 Mallem
711 5820 921 5875 matris.
946 5820 1111 5879 Atroa
1145 5834 1200 5881 et
1227 5825 1531 5893 Qumstoria
1582 5832 1674 5903 qui
1718 5832 1822 5887 loci
1865 5832 1993 5906 sint,
2026 5833 2345 5891 videndum.
2384 5836 2511 5892 Χη.

588 5907 857 5974 Ρλτιιοι.
898 5912 1016 5977 Gn.
1048 5914 1270 5983 CXXI.

3067 5931 3142 5994 29
