4226 6444
243 401 351 464 909

1350 402 1890 465 HISTORIAle
1929 404 2459 470 COMPENDIUM.

3419 409 3521 475 910

245 513 397 583 αὑτῷ
435 511 549 579 (29.)
593 511 787 577 είπὼν,
825 512 904 564 ὅτι
944 531 960 563 ι
997 505 1097 565 Οἴα
1156 513 1221 583 δὴ
1268 514 1468 584 πρέπει
1521 533 1604 568 σοι
1646 517 1828 570 πάκτα

1935 521 2160 591 scripsit
2213 522 2558 592 imperator:
2606 539 2623 572 ι
2659 519 2814 588 Quod
2845 522 3050 587 decuit,
3080 538 3146 580 ex
3209 531 3372 595 pacto
3415 525 3514 579 tibi

241 602 560 658 ἀπέστειλα.
598 603 782 676 Γέρων
803 603 861 657 δὲ
887 600 958 671 εἴ,
986 605 1082 658 καὶ¹
1118 606 1180 658 οὐ
1225 606 1364 660 θέλω
1402 608 1720 678 κοπωθῆναί
1769 625 1828 660 σε

243 694 350 756 ἕως
381 693 491 748 τῶν
518 689 642 757 ὦδε,
668 694 784 748 ἀλλ’
828 695 940 763 ἐγὼ
995 694 1225 766 ἔρχομαι
1257 699 1396 769 πρὸς
1450 700 1532 764 σὲ,
1567 700 1734 752 uate!
1781 717 1834 752 τι

244 786 423 854 κρίνει
474 785 503 837 ὁ
536 785 693 848 Θεός.
728 803 748 838 t
791 785 1158 858 Συναθροίσας
1207 788 1264 841 δὲ
1319 791 1348 841 ὁ
1398 788 1652 859 βασιλεὺς
1706 791 1834 843 λαὸν

246 877 437 948 ἐξῆλθε
465 879 588 932 κατ’
615 878 781 932 αὑτοῦ
811 881 905 932 καὶ
932 879 1152 947 ἐδίωξεν
1182 880 1344 934 αὑτὸν
1371 883 1477 947 ἓως
1501 885 1580 946 είς
1603 883 1671 937 τὰ
1700 885 1830 938 ἴδια.

312 1061 406 1131 τῷ
435 1061 480 1124 ζ’
511 1059 621 1113 ἔτει
645 1059 871 1128 ἐξῆλθεν
901 1064 927 1114 ὁ
961 1059 1219 1129 βασιλεὺς
1251 1061 1347 1114 σὺν
1371 1064 1433 1130 τῇ
1464 1063 1632 1132 μητρὶ
1667 1063 1834 1115 αὐτοῦ

245 1156 302 1206 ἐν
331 1157 398 1223 τῇ
444 1152 662 1224 Προύσῃ
695 1153 804 1224 (23)
831 1152 1126 1223 Θερμῆσαι,
1181 1155 1275 1206 καὶ
1308 1152 1427 1222 μεο⁹
1483 1154 1696 1224 ἡμέρας
1727 1155 1837 1208 ὀλί-

245 1263 346 1310 γας
379 1245 574 1315 ἐτέχθη
607 1243 684 1315 τῷ
710 1243 924 1313 βασιλεί
953 1246 1088 1307 υίὸς,
1129 1245 1188 1298 ὃν
1222 1245 1552 1315 ἐπωνόμασε
1605 1246 1831 1299 Λέοντα.

247 1337 428 1405 Ὅπερ
465 1335 649 1406 μαθὼν
675 1336 704 1388 ὸ
737 1335 993 1405 βασιλεὺς
1023 1338 1433 1408 καταλιμπάνει
1458 1338 1558 1408 τὴν
1618 1338 1834 1409 μητέρα

245 1425 413 1480 αὐτοῦ
446 1427 542 1478 σὺν
562 1428 628 1496 τῇ
661 1426 916 1497 βασιλικῇ
959 1429 1106 1498 πάσῃ
1136 1428 1286 1494 τάξει
1323 1427 1416 1481 καλ¹
1448 1432 1558 1492 τοῖς
1580 1429 1832 1498 ἄρχουσι,

245 1519 342 1570 καὶ
378 1519 710 1588 ὑποστρέφει
740 1519 1000 1591 δρομαῖος
1050 1522 1142 1574 ἐπὶ
1170 1521 1269 1591 τὴν
1337 1521 1511 1574 πόλιν.
1573 1521 1825 1591 Εὺροῦσα

243 1609 302 1662 δὲ
329 1610 582 1680 ἄδειανή
618 1611 810 1664 τούτου
883 1612 1068 1682 μήτηρ
1121 1615 1331 1676 πάντας
1391 1612 1654 1685 ὑποσύρει
1707 1616 1834 1678 τοὺς

243 1701 354 1752 τῶν
385 1702 680 1770 ταγμάτων
707 1703 978 1772 ἄρχοντας
1000 1704 1138 1772 πρὸς
1181 1706 1243 1757 τὸ
1267 1705 1516 1759 καθελεῖν
1563 1707 1656 1758 τὸν
1715 1707 1830 1759 υἱὸν

246 1790 419 1862 αὐτῆς
443 1794 536 1843 καὶ
572 1795 1075 1864 μονοκρατορῆσαι.
1123 1796 1235 1848 Καὶ
1266 1795 1331 1866 δὴ
1382 1797 1831 1868 παραγενόμενον

247 1883 308 1935 ὲν
336 1882 418 1952 τῷ
481 1882 754 1954 παλατίῳ,
784 1885 886 1955 τῆς
929 1886 1137 1956 μητρὸς
1176 1888 1344 1940 αὑτοῦ
1387 1890 1462 1960 μὴ
1523 1889 1829 1961 παρούσης,

245 1974 590 2029 ἀπέκλεισαν
621 1976 785 2031 αὑτὸν
810 1980 858 2029 oi.
893 1981 1220 2048 μεγιστᾶνες
1265 1981 1329 2032 ὲκ
1365 1980 1682 2052 συμϐουλῆς
1734 1983 1830 2051 τῆς

250 2069 457 2138 μητρὸς
476 2068 664 2132 αὑτοῦ,
697 2070 755 2122 ὲν
781 2071 846 2139 τῇ
902 2070 1168 2142 "op-sup;
1213 2070 1327 2142 (24)
1357 2074 1414 2126 ὲν
1544 2073 1831 2144 ἐγεννήθη,

245 2160 717 2230 καὶὲκτυφλοῦσιν
744 2161 910 2216 αὐτὸν
939 2162 1131 2226 δεινῶς
1167 2164 1259 2217 καὶ
1306 2165 1540 2228 ἀνιάτως
1579 2165 1716 2236 πρὸς
1768 2167 1830 2219 τὸ

242 2254 498 2307 τεθνάναι
531 2256 597 2324 τῇ
629 2253 824 2325 γνώμῃ
852 2257 951 2324 τῆς
1015 2256 1224 2327 μητρὸς
1281 2257 1469 2310 αὑτοῦ.
1515 2258 1833 2328 Ἐσκοτίσθη

244 2347 304 2400 δὲ
339 2350 367 2400 ὸ
403 2348 554 2418 ἥλιος
585 2348 707 2400 τότε
733 2346 828 2399 ἐπὶ
855 2347 1074 2417 ἡμέρας
1129 2349 1218 2413 ιζ’,
1257 2350 1352 2402 καὶ
1384 2349 1484 2402 οὐκ
1529 2349 1698 2402 ἔδωκε
1737 2351 1834 2412 τὰς

245 2441 476 2504 ἀκτῖνας
502 2438 692 2502 αὐτοῦ,
725 2438 800 2502 ὠς
851 2439 1056 2503 πάντας
1113 2441 1296 2508 λέγειν
1354 2440 1436 2493 ὅτι
1468 2441 1559 2494 διὰ
1609 2442 1710 2513 τὴν
1739 2441 1832 2495 τοῦ

246 2532 515 2602 βασιλέως
564 2529 842 2599 τύφλωσιν
894 2529 1055 2584 τοῦτο
1111 2531 1360 2599 ἐγένετο·
1425 2533 1665 2587 τοιοῦτον
1725 2534 1835 2604 γὰρ

246 2624 443 2685 σκότος
474 2622 689 2690 ἐγένετο
717 2623 858 2675 ὥστε
891 2622 1077 2675 καὶτὰ
1106 2625 1264 2676 πλοῖα
1295 2624 1626 2678 πλανᾶσθαι.
1684 2624 1838 2676 Ἀλλ’

243 2719 353 2787 ὅρα
391 2716 486 2768 καὶ
519 2714 588 2768 τά
609 2713 706 2766 τοῦ
737 2713 878 2766 Θεοῦ
927 2714 1329 2786 ἀνεξερεύνητα
1365 2717 1613 2786 κρίματα
1637 2732 1649 2746 ·
1697 2717 1836 2786 μετὰ

245 2811 355 2878 γὰρ
391 2814 428 2860 ε’
463 2806 560 2874 ἐτη
582 2805 662 2876 τῷ
696 2804 848 2875 αὐτῷ
883 2809 1014 2876 μηνὶ
1047 2807 1141 2860 καὶ
1188 2811 1254 2876 τῇ
1284 2808 1423 2876 αὐτῇ
1463 2809 1648 2879 ἡμέρα
1694 2811 1754 2862 έν

247 2900 610 2968 ἀπετύφλωσε
634 2901 760 2962 τοὺς
793 2898 973 2962 Θείους
1005 2900 1199 2966 αὐτοῦ,
1246 2900 1546 2969 τυφλοῦται
1602 2902 1697 2954 καὶ
1739 2903 1836 2955 αὺ-

247 2993 360 3053 τός.
417 2991 719 3063 Ἐκράτησε
742 2993 1024 3062 δὲΕίρήνη
1053 2995 1086 3062 ἡ
1128 2994 1310 3064 μήτηρ
1353 2991 1520 3046 αὐτοῦ
1555 2993 1688 3064 μόνη
1740 2994 1835 3065 ἔτη

247 3091 310 3138 ε’.
355 3084 720 3138 Ἐστασίασαν
767 3084 822 3136 δὲ
865 3087 912 3136 οἱ
945 3084 1298 3155 ἀνδράδελφοι
1344 3085 1536 3155 αὐτῆς,
1593 3085 1687 3148 οὓς
1744 3087 1837 3138 καὶ

249 3176 513 3246 ἐξώρισεν
570 3177 628 3228 ἐν
694 3175 978 3244 Ἀθήναις·
1043 3175 1093 3226 οἳ
1139 3175 1364 3227 κάκεῖσε
1411 3174 1835 3246 βουλευσάμενοι

248 3271 380 3338 περὶ
417 3267 696 3336 βασιλείας
731 3266 884 3336 παρὰ
910 3265 1016 3318 τῶν
1043 3267 1314 3318 ὲντοπιων
1342 3267 1710 3337 ἀνῃρέθησαν,
1741 3268 1836 3320 καὶ

249 3359 526 3428 ἠφανίσθη
575 3357 636 3410 τὸ
674 3357 767 3411 τοῦ
826 3355 1024 3425 μιαροῦ
1074 3356 1457 3429 Κοπρωνύμου
1523 3360 1668 3412 ἅπαν
1741 3357 1838 3425 γέ-

248 3469 339 3513 νος
373 3451 512 3516 (Ξὸ).
539 3451 616 3519 Τῇ
651 3449 705 3502 δὲ
735 3449 964 3518 δευτέρᾳ
987 3445 1080 3499 τοῦ
1115 3447 1267 3514 ἁγίου
1305 3450 1496 3518 Πάσχα
1524 3448 1837 3502 ἀπελθοῦσα

247 3544 280 3608 ἡ
315 3540 607 3610 βασίλισσα
635 3539 727 3591 ἐπὶ
760 3541 827 3607 τῇ
862 3536 1003 3588 κατὰ
1036 3536 1208 3588 τύπον
1242 3541 1510 3608 γενομένῃ
1572 3538 1833 3607 προελεύ-

253 3647 335 3685 σει
360 3633 577 3693 είςτοὶρς
611 3630 827 3696 ’Λγίους
863 3628 1238 3692 Ἀποστὸλους,
1266 3629 1446 3700 δείλης
1480 3631 1748 3701 προῆλθεν
1780 3634 1836 3682 έν

251 3726 487 3793 ὀχήματι
517 3721 723 3792 χρυσῷ,
755 3722 1098 3790 ἐποχουμένη
1128 3720 1422 3790 τέσσαρσιν
1461 3722 1668 3786 ἵπποις,
1701 3739 1833 3792 κρα-

249 3814 486 3883 τουμένη
521 3811 626 3865 ὑπὸ
679 3812 1004 3884 πατρικίων,
1067 3810 1272 3881 ῥίψασα
1329 3814 1595 3868 ὑπατείαν
1641 3817 1698 3866 έν
1765 3817 1832 3885 τῇ

255 3907 402 3976 μέσῃ
433 3905 657 3974 πολλὴν.

323 3997 414 4065 Τῷ
466 3995 514 4063 γ’
566 3996 678 4048 ἔτει
741 3997 1078 4067 Σταυράκιος
1137 3998 1424 4070 τυραννίδα
1474 3998 1831 4067 ἐμελέτησεν,

251 4093 387 4159 ὅπερ
423 4089 668 4158 μαθοῦσα
709 4092 740 4157 ἡ
773 4090 983 4160 βασιλὶς
1010 4093 1266 4146 ἐθέσπισε
1298 4093 1371 4162 μὴ
1434 4092 1834 4160 προσπελάζειν

250 4183 370 4234 τινὰ
398 4182 724 4252 Σταυρακίῳ
751 4201 764 4213 ·
795 4185 822 4235 ὁ
863 4183 920 4235 δὲ
944 4187 1008 4254 τῇ
1033 4183 1179 4256 λύπῃ
1234 4183 1659 4254 καταπονηθεὶς,
1694 4178 1833 4253 αἷμα

253 4279 318 4329 ὲκ
344 4276 440 4328 τοῦ
481 4275 780 4342 πνεύμονος
811 4275 1121 4342 ἀναγαγὼν,
1160 4275 1408 4346 τέθνηκε.

325 4368 342 4440 [
369 4369 432 4420 Ρ.
464 4367 570 4420 4η
597 4365 615 4436 ]
649 4366 739 4436 Τῷ
768 4367 808 4419 δ’
866 4367 978 4419 ἔτει
1012 4370 1045 4436 ή
1076 4367 1306 4436 εὐσεϐὴς
1353 4367 1558 4438 Εἰρήνη
1595 4373 1704 4432 τοῖς
1734 4371 1834 4421 Bu-

253 4459 493 4524 ζαντίοις
519 4461 644 4522 τοὺς
680 4457 994 4521 πολιτικοὺς
1029 4457 1323 4528 ἐχαρίσατο
1355 4459 1574 4528 φόρους,
1624 4464 1721 4529 τῆς
1775 4460 1834 4512 δὲ

265 4551 492 4604 ’Λϐὐδου
529 4550 624 4604 καὶ
649 4549 745 4602 τοῦ
781 4548 950 4618 Ἰεροῦ
972 4549 1372 4618 τὰκομμέρκια
1407 4548 1519 4616 (26)
1553 4550 1830 4618 ἐκούφισε.

324 4643 416 4714 Τῷ
443 4641 485 4695 ε’
509 4641 619 4694 ἔτει
648 4643 838 4695 στάσιν
865 4641 1008 4694 κατά
1037 4641 1135 4710 τῆς
1168 4639 1450 4708 βασιλείας
1472 4641 1522 4693 οἱ
1560 4641 1834 4695 Ἀνατολι-

253 4737 342 4789 καὶ
406 4734 766 4804 ἐμελέτησαν.
831 4731 1117 4800 Ἔφοασαν
1160 4731 1217 4783 δὲ
1243 4731 1355 4784 ἀπὸ
1410 4731 1694 4801 Καρούλου
1739 4732 1833 4784 τοῦ

256 4825 582 4894 στεφθέντος
647 4825 914 4894 βασιλέως
983 4823 1203 4893 Ῥώμης
1255 4821 1411 4892 παρὰ
1453 4825 1686 4885 Λέοντος
1736 4824 1830 4876 τοῦ

255 4920 418 4972 πάπα
441 4918 856 4988 ἀποκρισιάριοι
892 4915 1030 4988 πρὸς
1053 4915 1152 4985 τὴν
1203 4913 1602 4984 εὐσεϐεστάτην
1659 4916 1830 4985 Εἰρή-

1935 614 2082 668 misi.
2124 610 2302 668 Senex
2331 615 2498 684 827
2545 629 2606 670 es
2644 632 2658 668 :
2713 613 2833 669 ideo
2871 623 2924 670 te
2969 615 3186 688 fatigari
3230 617 3360 672 nolo
3407 616 3515 670 huc

1939 721 2114 773 usque
2141 707 2566 774 proficiscendo,
2598 710 2695 766 sed
2729 709 2845 780 ipse
2896 710 2964 764 ad
3009 719 3063 766 te
3098 712 3332 767 veniam.
3371 711 3516 767 Deus

1937 795 2202 850 decernet
2236 813 2251 863 ;
2304 815 2322 849 ι
2360 809 2754 869 contraetoque
2781 801 3022 856 exercitu
3073 801 3130 856 in
3174 816 3298 857 eum
3339 801 3518 871 duxit,

1938 886 2398 960 proﬂigatumque
2444 891 2501 946 in
2535 907 2691 948 suam
2734 907 2909 963 usque
2958 893 3222 949 ditionem
3270 903 3356 949 est
3394 908 3521 964 per-

1938 988 2179 1037 εεευιυε.

2008 1075 2169 1127 Anno
2219 1073 2250 1125 7
2297 1073 2593 1144 imperator
2623 1092 2747 1132 cum
2785 1088 2957 1134 matre
2989 1078 3218 1134 Prusam
3259 1081 3326 1135 ad
3369 1080 3520 1135 ther-

1939 1180 2056 1218 mas
2096 1165 2212 1220 ivit.
2251 1165 2500 1235 Cutnque
2530 1169 2577 1222 ei
2609 1178 2730 1238 post
2763 1184 2969 1240 paucos
3005 1171 3124 1226 dics
3160 1171 3304 1226 filius
3329 1187 3522 1228 nasce-

1941 1267 2110 1324 retur,
2146 1263 2232 1314 cui
2278 1257 2451 1316 Leoni
2504 1277 2701 1317 nomen
2753 1265 2869 1333 ipse
2928 1263 3082 1329 fecit,
3125 1267 3292 1320 allato
3326 1267 3521 1320 nuntio

1941 1364 2169 1406 matrem
2194 1369 2318 1408 cum
2343 1355 2493 1408 omni
2519 1357 2867 1424 imperatorio
2890 1357 3206 1427 relinquens
3231 1359 3518 1421 comitatu,

1940 1447 1992 1498 in
2025 1454 2216 1500 urbem
2252 1448 2506 1500 recurrit.
2537 1447 2612 1500 lbi
2645 1446 2798 1502 lrene
2829 1449 3107 1503 licentiam
3138 1459 3297 1502 nacta
3327 1463 3520 1502 omnes

1937 1535 2191 1591 ordinum
2250 1537 2524 1606 principes
2570 1539 2899 1608 corrumpit,
2960 1545 3015 1592 nt
3077 1539 3186 1592 tilio
3229 1539 3518 1609 imperium

1937 1628 2200 1697 abrogent
2231 1643 2400 1697 seque
2426 1630 2600 1684 solam
2632 1629 2904 1700 imperare
2927 1631 3128 1685 sinant.
3155 1631 3343 1700 Itaque
3377 1631 3519 1684 Con-

1938 1719 2241 1772 stantinnm
2273 1722 2497 1774 absente
2535 1729 2709 1775 matre
2741 1720 2793 1773 in
2828 1722 2951 1788 ejus
2985 1719 3251 1790 palatium
3296 1719 3521 1773 venien-

1939 1822 2045 1864 tem
2099 1825 2361 1882 proceres
2411 1813 2468 1866 in
2511 1812 2814 1884 Porphyra,
2843 1813 2932 1866 ubi
2979 1823 3142 1867 natus
3193 1811 3391 1878 fuerat,
3451 1811 3521 1867 do

1874 1899 1915 1954 Β
1941 1904 2214 1958 sententia
2247 1903 2428 1960 lrenes
2465 1905 2774 1971 includunt,
2809 1906 3106 1975 oculosque
3158 1905 3207 1961 ei
3268 1907 3342 1959 ita
3391 1904 3520 1962 επο-

1935 1995 2177 2051 diuntut
2206 1997 2390 2052 nullus
2421 1996 2706 2052 medicina:
2741 1997 2896 2052 locus
2923 1997 3257 2068 superfuerit
3292 2013 3356 2054 ac
3390 2008 3517 2052 tau-

1938 2095 2050 2140 tum
2101 2103 2212 2142 non
2262 2089 2319 2143 in
2361 2103 2556 2144 eorum
2586 2089 2840 2144 manibus
2878 2089 3198 2160 exspirarit.
3240 2090 3334 2144 Sol
3387 2100 3519 2146 tunc

1937 2195 2034 2250 per
2072 2180 2134 2234 Π
2169 2182 2288 2237 dies
2315 2182 2648 2239 obscuratus
2672 2192 2776 2247 est,
2806 2185 2984 2241 nullos
3008 2186 3268 2241 emittens
3299 2184 3518 2252 radios;

1936 2284 1990 2328 et
2020 2273 2185 2342 vulgo
2219 2272 2270 2327 id
2311 2274 2382 2328 ob
2419 2276 2845 2329 excaacationem
2889 2277 3238 2345 imperatoris
3267 2278 3520 2333 evenisse

1937 2365 2205 2420 ferebant.
2245 2366 2434 2423 Tanta:
2464 2376 2648 2421 autem
2695 2366 2920 2421 fuerunt
2961 2367 3198 2422 tenebrae
3246 2374 3307 2422 ut
3350 2383 3521 2425 naves

1937 2473 2157 2528 quoque
2207 2472 2237 2512 a
2278 2474 2446 2514 cursu
2477 2474 2578 2513 suo
2610 2459 3007 2515 aberraverint.
3041 2459 3146 2515 Sed
3179 2460 3267 2515 hic
3320 2463 3523 2531 imper-

1938 2551 2256 2604 scrutabilia
2285 2550 2379 2606 Dei
2407 2551 2619 2621 judicia
2653 2553 2944 2606 considera
2977 2570 2991 2606 :
3029 2566 3152 2606 nam
3192 2561 3315 2623 post
3363 2555 3522 2622 quin-

1940 2643 2238 2712 quennium
2267 2642 2336 2698 ab
2361 2658 2426 2698 eo
2454 2643 2542 2698 die
2562 2658 2672 2712 quo
2696 2643 2905 2712 patruis
2926 2644 3115 2699 oculos
3136 2645 3303 2710 eruit,
3327 2644 3519 2700 eodem

1939 2737 2066 2789 anni
2097 2745 2152 2791 et
2183 2737 2386 2792 mensis
2414 2737 2501 2792 die
2528 2737 2644 2807 ipse
2673 2752 2890 2806 quoque
2917 2738 3094 2791 oculis
3122 2737 3386 2794 multatus
3415 2750 3519 2794 εει.

1940 2831 2094 2882 lren‘a
2149 2840 2326 2884 mater
2375 2831 2494 2899 ejus
2539 2830 2655 2883 sola
2691 2829 2983 2898 imperium
3029 2829 3206 2884 tenuit
3243 2845 3422 2887 annos
3463 2831 3515 2885 5.

1939 2919 2187 2988 Cumque
2220 2919 2420 2974 fratres
2460 2919 2642 2973 mariti
2685 2920 2805 2988 ejus
2847 2920 3173 2975 seditionem
3215 2931 3520 2987 moverent,

1937 3011 2008 3063 ab
2029 3024 2090 3062 ea
2125 3017 2256 3064 sunt
2285 3010 2530 3064 Athenas
2566 3011 2812 3077 relegati,
2853 3011 3057 3080 ibique,
3097 3025 3224 3066 cum
3262 3012 3329 3067 de
3350 3027 3522 3068 occu-

1942 3100 2120 3170 pando
2174 3116 2342 3170 regno
2387 3101 2619 3156 consilia
2665 3103 2970 3172 agitarent,
3013 3103 3184 3174 828
3221 3105 3290 3158 ab
3325 3105 3522 3161 incolis

1889 3244 1903 3260 ,
1941 3198 2070 3244 ειιιιι
2118 3190 2414 3243 interfecti.
2455 3190 2546 3246 Sic
2585 3191 2914 3260 Copronymi
2965 3208 3140 3262 genus
3184 3195 3518 3250 exstinctum

1939 3292 2042 3335 est.
2073 3280 2342 3336 Postridie
2362 3283 2539 3336 sam-ti
2570 3283 2852 3339 Paschalis
2873 3285 3030 3339 lrena
3060 3287 3113 3340 in
3149 3287 3521 3355 processione,

1938 3388 2061 3442 qum
2092 3388 2157 3426 ex
2188 3375 2406 3428 statutis
2436 3376 2832 3430 ecclesiasticis
2869 3378 2945 3440 fit,
2991 3377 3042 3429 in
3077 3378 3245 3431 aedem
3289 3377 3522 3448 Aposto-

1942 3463 2118 3518 lorum
2159 3466 2250 3518 ivit
2279 3481 2294 3530 ;
2323 3475 2485 3534 atque.
2514 3468 2616 3521 sub
2640 3483 2926 3538 vesperam
2959 3469 3012 3522 in
3040 3469 3319 3539 publicum
3353 3485 3521 3524 aureo

1940 3571 2107 3610 curru
2160 3573 2189 3611 a
2243 3569 2483 3628 quatuor
2536 3561 2693 3630 equis
2748 3569 3005 3630 provecta
3053 3569 3156 3627 est,
3205 3563 3520 3618 tenentibus

1938 3665 2162 3704 currum
2193 3652 2460 3720 patriciis,
2498 3654 2842 3723 multumque
2873 3654 3122 3724 pecunia:
3165 3654 3216 3708 in
3258 3654 3515 3724 ρορυιυπι

1937 3741 2164 3810 sparsit.

2007 4013 2166 4065 Anno
2213 4015 2246 4067 5
2305 4012 2629 4068 Stauracius
2696 4014 3038 4083 tyrannidem
3099 4019 3182 4069 est
3239 4013 3509 4076 molitus;

1937 4105 2084 4172 quod
2115 4118 2240 4158 cum
2276 4105 2585 4159 rescivisset
2618 4105 2794 4168 lrena,
2827 4105 3082 4159 onmibus
3119 4105 3241 4174 ejus
3275 4119 3513 4158 consue-

1937 4194 2128 4250 tudine
2159 4195 2460 4250 interdixit.
2494 4195 2654 4264 lsque
2689 4211 2925 4252 mcerore
2958 4211 3257 4266 oppressus
3293 4195 3514 4265 sangui-

1937 4301 2057 4340 nein
2083 4302 2149 4340 ex
2184 4287 2532 4355 pulmonibus
2559 4298 2816 4342 eruetans
2844 4287 3025 4357 periit.

2005 4378 2218 4432 Anno‘
2267 4379 2351 4446 pia
2395 4379 2547 4432 lrene
2569 4379 2882 4450 Byzantinis
2915 4379 3075 4433 civile
3121 4379 3386 4435 tributum
3425 4395 3511 4435 re-

1937 4468 2109 4532 misit,
2144 4467 2431 4539 Abydique
2459 4477 2514 4522 et
2541 4469 2689 4523 llieri
2717 4468 3046 4523 commercia
3071 4468 3402 4525 sublevavit.

2015 4644 2171 4697 Anno
2235 4643 2268 4698 5
2322 4642 2644 4697 seditionem
2703 4649 2893 4696 contra
2942 4641 3151 4696 lrenam
3216 4640 3513 4695 machinati

1943 4741 2071 4789 sunt
2103 4733 2434 4786 Orientales.
2465 4730 2745 4785 Venerunt
2797 4733 2962 4786 etiam
3000 4747 3030 4785 a
3089 4730 3307 4794 Carolo,
3349 4746 3512 4801 quem

1941 4822 2049 4876 Leo
2104 4823 2290 4876 Romae
2350 4835 2486 4891 papa
2537 4821 2790 4891 imposita
2852 4837 3054 4876 corona
3108 4823 3334 4892 imperio
3398 4822 3512 4876 Ro-

1939 4930 2105 4968 mano
2149 4917 2595 4982 inauguraverat,
2655 4915 2816 4984 legati
2868 4917 2936 4971 ad
2968 4915 3202 4981 lrenam,
3257 4931 3374 4971 eam
3405 4914 3513 4972 Ca-

1388 5006 1748 5062 XYLANDItl
1783 5008 1870 5063 ET
1910 5009 2119 5065 GOABI
2152 5007 2386 5063 NOTAE.

326 5108 440 5180 (ἳὲ)
473 5107 714 5162 Zonaras
759 5109 945 5173 habet,
987 5107 1408 5180 Constantinum
1456 5122 1568 5180 pro
1628 5108 1833 5160 tributo

254 5178 471 5233 stercus
504 5183 875 5246 jtnnentorum
915 5181 1148 5247 Bulgaro
1191 5179 1424 5232 misisse.
1456 5178 1585 5229 Xvu

328 5251 442 5319 (εδ)
474 5250 863 5319 ᾼειιυείιοιιιιιε
900 5265 1008 5302 non
1026 5246 1200 5317 longe
1233 5263 1261 5299 a
1292 5248 1636 5319 Nicomedia.
1654 5246 1830 5319 Gotn.

327 5317 441 5387 (9.1)
477 5317 748 5387 I’orpltyra
781 5322 1034 5372 locusest
1057 5321 1109 5371 in
1146 5319 1350 5386 palatio
1391 5318 1695 5385 puerperiis
1728 5321 1832 5369 im-

256 5400 594 5458 perat-arum,
639 5391 872 5440 inexinie
900 5388 1406 5444 Constantinorum.
1442 5389 1708 5458 celebris;
1740 5390 1829 5456 qui

253 5457 558 5526 cognoinen
581 5459 647 5511 ab
668 5473 732 5526 eo
756 5459 1047 5516 duxerunt.
1071 5467 1130 5510 ut
1155 5468 1415 5526 vocentur
1438 5457 1824 5526 Porphyroge-

259 5525 403 5598 niti:
420 5526 548 5581 Χῖιη
567 5553 634 5566 ——
661 5525 812 5580 Unde
846 5528 1367 5598 Porpliyrogenitus.
1388 5525 1757 5593 Luitprandus
1796 5542 1834 5589 l,

253 5598 331 5652 9.:
374 5597 874 5666 Porphyrogenitum
936 5597 1112 5650 autem
1159 5598 1336 5650 nonin
1377 5611 1635 5662 purpura,
1665 5600 1754 5649 sed
1778 5599 1835 5650 in

254 5670 412 5721 domo
462 5653 577 5735 (iure
630 5653 911 5736 Porphyra
959 5669 1160 5720 dicitur
1198 5653 1387 5720 natum.
1430 5653 1653 5735 appello.
1687 5667 1831 5720 Con-

255 5739 526 5792 stantinus
573 5737 710 5790 enim
762 5739 979 5790 domum
1021 5739 1183 5790 istam
1235 5737 1493 5804 wdi/icari
1525 5737 1714 5805 jussit,
1746 5737 1832 5789 cui

260 5809 536 5876 l’orphyra
594 5823 778 5860 nomen
831 5808 1107 5877 imposuit,
1153 5808 1417 5875 voluitque
1469 5823 1832 5877 successuram

256 5875 550 5930 nobilitatis
579 5893 689 5931 sure
727 5875 958 5932 sobolem
996 5878 1112 5930 istic
1144 5879 1196 5929 in
1231 5877 1394 5930 furem
1438 5875 1665 5945 prodire,
1699 5893 1832 5945 qua-

1939 5117 2086 5161 tenus
2126 5110 2214 5176 qui
2255 5125 2350 5162 suo
2398 5125 2462 5163 ea:
2513 5120 2789 5164 stemmate
2839 5117 3203 5171 nascerentur,
3247 5109 3515 5163 luculenta

1937 5180 2033 5231 hac
2069 5178 2422 5246 appellatione
2459 5179 2890 5250 Porp/rgrogenili
2926 5182 3342 5248 appeflarcntur.
3390 5181 3515 5234 llgec

1935 5251 2026 5372 ἓιε
2049 5265 2226 5302 rerum
2252 5251 2563 5304 tinearum
2585 5253 2636 5304 in
2661 5267 2754 5304 sua
2776 5254 3041 5320 legatione
3063 5253 3218 5303 testis
3240 5251 3513 5304 oculatus.

1984 5333 2106 5372 om.

1984 5333 2106 5372 0A“.

2009 5391 2123 5455 (‘25)
2149 5389 2468 5458 Copronymi
2511 5405 2672 5458 genus
2704 5390 3044 5442 exstinctum.
3066 5386 3199 5458 Nam
3234 5387 3345 5442 Leo
3366 5403 3516 5442 non-

1937 5464 2164 5514 stantini
2189 5460 2249 5529 F.
2275 5469 2517 5512 mortuus
2541 5462 2838 5527 f'ueratjam
2873 5467 2997 5512 ante
3031 5457 3342 5529 (Zonaras).
3377 5458 3510 5513 Χςι..

2011 5530 2122 5598 (26)
2183 5528 2391 5583 Fauces
2457 5529 2821 5597 Propontidos
2878 5538 3008 5582 sunt
3066 5530 3254 5592 infra,
3319 5545 3513 5582 versus

1940 5598 2184 5669 dig-arum
2243 5615 2431 5663 inare;
2469 5597 2660 5653 Sestos
2704 5607 2757 5652 et
2797 5599 3038 5669 Abydos,
3085 5615 3276 5667 supra,
3321 5615 3516 5669 versus

1938 5667 2170 5723 Pontum
2202 5669 2491 5730 Euxinum,
2534 5669 2593 5720 τὸ
2631 5670 2818 5737 Ἱερόν,
2845 5667 2911 5722 ex
2942 5667 3188 5723 Thracia:
3219 5681 3390 5738 parte.
3423 5668 3518 5725 llis

1938 5741 1990 5792 in
2019 5741 2295 5810 faucibus,
2318 5755 2383 5790 ne
2404 5739 2552 5805 Cpoli
2579 5739 2952 5800 defrandetnr,
2981 5741 3233 5810 penditur
3257 5740 3514 5810 vectigal,

1937 5813 2078 5880 quod
2112 5811 2179 5864 ab
2211 5809 2402 5864 Eirene
2435 5810 2704 5863 minutum
2761 5822 2952 5863 auctor
2983 5807 3284 5864 'inernorat.
3325 5807 3502 5864 Con.
