4226 6444
224 426 343 497 9Ῑὸ

1338 436 1880 501 HISTORIARUM
1917 445 2440 510 COMPENDIUM.

3396 441 3502 508 9H

235 567 320 602 σιν
353 545 658 615 ποιήσω,εί
713 542 838 606 τοὺς
887 543 1193 615 θησαυρούς
1251 561 1348 599 σου
1400 549 1811 618 καταμηνύσεις
1842 557 1887 611 Λ

1842 557 1887 611 Λ
1917 556 2263 625 promittens,
2318 559 2364 612 si
2424 559 2490 613 de
2526 558 2808 613 thesauris
2836 559 2952 612 suis
2990 557 3284 612 certiorem
3309 555 3492 625 ipsum

235 655 346 708 μοι.
391 656 410 688 ι
455 635 518 689 Ἤ
545 636 601 687 δὲ
652 633 860 702 συνετῷ
886 635 962 703 τῷ
1015 636 1326 704 φρονήματι
1369 639 1506 707 πρὸς
1556 640 1645 692 τὸν
1695 641 1820 708 χθὲς

234 724 334 792 μὲν
357 721 543 775 δοῦλον
570 720 847 790 ὲπίορκον,
879 723 1120 792 σήμερον
1136 723 1192 776 δὲ
1215 724 1475 795 τύραννον
1496 727 1599 795 ἔφη
1624 729 1822 796 ἰἘγὼ

234 812 354 881 μὲν,
397 805 442 862 ὦ
461 809 735 880 ἄνθρωπε,
767 809 898 862 Θεὸν
928 810 1168 879 ἡγοῦμαι
1206 814 1298 867 τὸν
1328 814 1622 884 ὑψώσαντά
1653 837 1719 886 με
1740 821 1819 882 εἰς

229 902 433 967 ταύτην
456 901 552 970 τὴν
590 900 889 969 βασιλείαν,
941 905 1058 964 ταῖς
1109 903 1152 956 δ’
1185 905 1345 974 ἐμαῖς
1392 907 1692 978 ἁμαρτίαις
1723 911 1820 979 τὴν

231 993 551 1062 καθαίρεσιν
621 992 872 1062 ἐμαυτῆς
932 995 1264 1062 προσάπτω·
1306 999 1363 1050 ὲν
1400 1001 1533 1053 πάσι
1590 1002 1644 1054 δὲ
1699 1004 1821 1054 τού-

232 1101 347 1144 τοις
367 1083 453 1152 εἴη
482 1084 542 1134 τὸ
594 1084 764 1153 ὄνομα
800 1085 1006 1156 Κυρίου
1047 1088 1438 1159 εὐλογημένον.
1487 1093 1561 1145 Οὐ
1626 1095 1730 1164 μὴν
1765 1095 1822 1148 δὲ

232 1175 450 1241 ἀγνοεῖς
494 1175 592 1237 τὰς
617 1175 755 1252 κατὰ
788 1175 880 1228 σοῦ
921 1178 1250 1246 μηνυθείσας
1285 1180 1598 1245 ἐπιϐουλὰς,
1645 1178 1735 1247 αἷς
1771 1185 1820 1238 εί

238 1266 617 1335 συνυπήχθην,
656 1267 951 1322 ἀκωλύτως
989 1265 1132 1337 εἶχον
1179 1270 1272 1322 τοῦ
1305 1271 1512 1323 ἀνελεῖν
1539 1289 1618 1326 σε.
1661 1274 1820 1327 Ἀλλὰ

232 1359 292 1410 τὸ
327 1375 423 1425 μεν
447 1361 555 1420 τοῖς
589 1360 700 1417 σοῖς
732 1360 915 1428 ὅρκοις
943 1360 1267 1430 πειθομένη,
1304 1361 1366 1413 τὸ
1416 1361 1473 1414 δὲ
1529 1363 1818 1435 φειδομένῃ

236 1468 332 1502 σου
378 1451 555 1504 πάντα
580 1453 1155 1523 παρελογισάμην,τῷ
1185 1453 1305 1523 Θεῷ
1353 1456 1680 1510 ἀποδιδοῦσά
1736 1475 1819 1520 σε,

238 1541 262 1556 δ

233 1541 302 1594 δι’
347 1537 407 1595 οὗ
435 1542 679 1610 βασιλεῖς
716 1544 1058 1612 βασιλεύουσι
1125 1547 1218 1598 καὶ
1265 1546 1525 1602 δυνάσται
1569 1549 1820 1612 κατεξου-

237 1634 508 1695 σιάζουσι.
537 1635 644 1686 Καὶ
664 1637 732 1688 τὰ
757 1636 851 1688 νῦν
865 1635 940 1699 ὡς
967 1637 1167 1706 εὐσεϐῆ
1193 1655 1250 1690 σε
1286 1641 1377 1691 καὶ
1403 1642 1467 1692 ἐκ
1497 1639 1632 1692 Θεοῦ
1684 1657 1819 1710 προ·
1847 1708 1850 1709 ν

240 1725 512 1792 ϐληθέντα
553 1727 776 1796 βασιλέα
812 1730 1132 1796 προσκυνῶ,
1160 1732 1252 1783 καὶ
1311 1729 1570 1801 αἰτοῦμαι
1626 1732 1818 1800 φείσα-

237 1817 363 1870 σθαί
388 1836 490 1888 μου
523 1819 623 1886 τῆς
657 1821 942 1884 ἁσθενεῖας
974 1823 1067 1875 καὶ
1099 1823 1451 1893 συγχωρῆσαί
1498 1841 1563 1893 με
1596 1827 1672 1888 εἰς
1729 1826 1820 1880 τὸν

1936 646 2213 711 redderet,
2245 648 2554 703 tle-summa
2607 665 2668 704 se
2699 650 2750 702 ei
2812 648 2998 718 quiete
3056 656 3501 717 prospecturum.

1932 737 2022 789 llla
2053 739 2535 806 autem'prudente
2559 741 2740 793 animo
2768 756 2890 794 eum
2926 739 3016 808 qui
3073 739 3189 792 heri
3253 735 3505 808 perjurus

1932 839 2122 879 servus
2156 825 2351 892 fuerat,
2388 828 2550 883 hodie
2584 829 2926 899 tyrannidem
2964 828 3210 896 gerebat,
3239 829 3318 883 sic
3340 828 3503 882 allata

1929 930 2011 971 est
2038 935 2051 969 :
2088 936 2105 968 ι
2135 917 2279 974 Heus
2306 927 2385 982 tu,
2413 919 2578 974 Deum
2613 934 2712 989 ego
2740 935 2976 988 agnosco
3013 919 3182 973 fuisse
3212 919 3303 989 qui
3329 933 3414 971 me
3436 915 3504 970 ad

1932 1005 2220 1075 imperium
2264 1009 2368 1063 hoc
2421 1011 2684 1070 erexerit.
2744 1024 2828 1063 me
2890 1023 3018 1063 vero
3082 1009 3220 1062 meis
3286 1005 3506 1061 delictis

1933 1099 2223 1159 meruisse.
2292 1108 2350 1152 ut
2408 1115 2474 1154 eo
2514 1101 2853 1154 exciderem.
2889 1097 2945 1152 In
2980 1098 3350 1153 his-omnibus
3388 1097 3506 1150 laus

1930 1191 2000 1243 sit
2036 1189 2222 1243 divino
2259 1191 2487 1243 nomini.
2542 1190 2725 1259 Neque
2756 1205 2885 1244 vero
2917 1201 2974 1243 tu
3013 1190 3192 1244 nescis
3222 1188 3402 1242 delata
3439 1183 3509 1240 ad

1930 1297 2015 1335 me
2044 1283 2216 1337 fuisse
2251 1283 2319 1337 de
2347 1285 2459 1337 tuis
2487 1283 2705 1338 insidiis
2733 1285 2954 1345 iudicia,
2997 1283 3198 1351 quibus
3236 1281 3280 1334 si
3323 1278 3510 1334 credi-

1929 1374 2160 1438 dissem,
2228 1375 2450 1430 nemine
2503 1383 2720 1430 vetante
2777 1375 3086 1430 interficere
3123 1382 3174 1427 te
3201 1379 3445 1442 poteram
3492 1385 3510 1424 :

1929 1465 2021 1519 sed
2048 1464 2242 1534 partim
2266 1465 2594 1536 juramentis
2630 1465 2739 1518 tuis
2790 1465 2945 1517 fidem
2980 1461 3247 1516 adhibens
3274 1499 3288 1525 ,
3314 1456 3511 1527 partim

1933 1555 2027 1608 tibi
2096 1569 2349 1624 parcens,
2395 1555 2499 1610 ista
2550 1553 2732 1608 omnia
2791 1553 3023 1622 neglexi,
3087 1549 3196 1604 Deo
3250 1557 3302 1603 te
3339 1546 3512 1602 relin-

1931 1662 2130 1716 quens,
2189 1662 2301 1716 quo
2360 1654 2588 1700 auctore
2641 1660 2796 1712 reges
2859 1649 3088 1712 regnant
3139 1651 3190 1696 et
3233 1639 3510 1708 principes

1929 1739 2297 1793 dominantur.
2327 1737 2477 1792 Nunc
2504 1738 2665 1790 etiam
2709 1735 2807 1789 tibi
2840 1743 2898 1788 ut
2929 1735 3016 1802 pio
3040 1741 3094 1786 et
3116 1747 3143 1785 a
3182 1730 3290 1785 Deo
3314 1727 3378 1781 ad
3405 1729 3510 1780 im-

1932 1829 2137 1896 perium
2169 1841 2357 1881 erceto
2388 1825 2702 1896 imperatori
2731 1823 3001 1894 supplico,
3060 1831 3250 1890 petens
3294 1828 3346 1870 ut
3379 1831 3514 1870 mea:

240 1909 331 1961 ὑπ’
387 1910 522 1979 ἐμοῦ
553 1911 840 1965 κτισθέντα
873 1913 981 1965 τῶν
1015 1914 1354 1984 Ἐλευθερίου
1380 1911 1548 1974 οἷκον,
1577 1918 1652 1978 είς
1680 1916 1820 1985 ψυχ-
1849 1907 1897 1965 Β

1849 1907 1897 1965 Β
1928 1920 2314 1977 imbecillitatis
2345 1921 2608 1973 rationem
2641 1919 2876 1980 habens,
2919 1915 3145 1985 patiaris
3182 1927 3266 1966 me
3295 1907 3509 1964 inhahi-

238 2003 487 2068 αγωγίαν
537 2005 635 2072 τῆς
702 2004 1036 2073 ἀσυγκρίτου
1103 2021 1202 2074 μου
1253 2008 1557 2078 συμφορᾶς.
1593 2026 1611 2057 ι
1657 2007 1716 2060 '0
1766 2007 1823 2060 δὲ

239 2093 344 2162 ἔφη
369 2111 380 2122 ·
418 2114 436 2145 ι
473 2096 580 2148 Καὶ
604 2097 652 2148 εἰ
685 2097 844 2149 τοῦτο
871 2096 1044 2158 θέλεις
1067 2114 1148 2150 σοι
1174 2098 1428 2164 γενέσθαι
1483 2098 1684 2167 δμοσόν
1729 2116 1824 2167 μοι

242 2187 318 2255 μὴ
350 2187 666 2257 ἀποκρύψαι
689 2206 734 2240 τι
759 2188 867 2240 τῶν
900 2188 1212 2259 θησαυρῶν,
1245 2192 1338 2243 καὶ
1366 2191 1549 2244 πᾶσαν
1579 2207 1672 2244 σου
1731 2191 1820 2244 θε-

241 2275 477 2341 ραπείαν
520 2278 680 2329 ποιῶ.
730 2297 748 2329 ι
794 2278 858 2330 Ἢ
890 2278 944 2331 δὲ
995 2277 1210 2346 ὤμοσεν
1273 2279 1442 2350 αὐτῷ,
1494 2281 1825 2346 ὑποδείξασα

240 2363 336 2415 καὶ
369 2363 594 2416 πλοῦτον
618 2365 804 2420 πολύν.
821 2367 880 2419 '0
897 2368 952 2419 δὲ
978 2368 1070 2420 τοῦ
1107 2369 1442 2437 ποθουμένου
1473 2369 1650 2440 τυχὼν
1676 2357 1826 2441 ’παρ-

241 2456 372 2508 stt-'1')
426 2456 682 2527 ἐξώρισεν
715 2459 884 2529 αὐτὴν
940 2461 998 2514 ὲν
1027 2464 1092 2531 τῇ
1139 2462 1449 2532 Πριγκήπῳ
1506 2462 1642 2533 (28),
1679 2465 1760 2527 εἰς
1801 2465 1828 2518 ὃ

239 2547 383 2616 αὕτη
411 2549 729 2620 ᾠκοδόμησε
752 2553 1143 2623 μοναστήριον.
1187 2553 1334 2606 Ἰδὼν
1359 2554 1416 2608 δὲ
1459 2555 1672 2618 πάντας
1700 2556 1830 2620 τοὺς

242 2642 302 2691 ὲν
327 2640 472 2729 τνέλει
492 2641 862 2713 λυπουμένους
892 2644 978 2696 ἐπ’
1001 2645 1137 2715 αὐτῇ
1166 2644 1256 2697 διὰ
1274 2645 1372 2714 τὴν
1393 2644 1699 2714 ἀπληστίαν
1733 2647 1832 2700 αὖ·

241 2731 363 2797 τοῦ,
392 2732 648 2802 φοϐηθεὶς
675 2735 749 2805 μή
783 2752 913 2789 ποτε
943 2737 988 2789 οἱ
1013 2737 1133 2790 λαοὶ¹
1163 2736 1502 2806 μεμνημένοι
1523 2737 1632 2791 τῶν
1669 2739 1828 2809 εὔερ-

243 2823 450 2887 ϊεσιών
492 2824 662 2894 αὐτῆς
725 2826 970 2894 μέλλωσι’
1015 2827 1180 2881 πάλιν
1231 2828 1404 2898 αὐτὴν
1455 2829 1830 2900 ἀναγορεύειν,

243 2913 516 2982 χειμῶνος
537 2916 886 2984 ἐπικειμένου
925 2917 1229 2988 βαρυτάτην
1273 2919 1374 2972 οὐκ
1423 2920 1692 2990 ᾤκτειρεν
1734 2922 1832 2974 αὐ-

245 3004 366 3072 τὴν,
394 3005 787 3076 ἀλλ’ὲξώρισεν
820 3011 899 3071 εἰς
942 3010 1277 3078 Μιτυλήνην,
1338 3012 1698 3083 φρουρεῖσθαι
1737 3014 1836 3066 αὑ-

251 3097 352 3163 τὴν
385 3097 718 3166 προστάξας.
766 3099 842 3170 Τῇ
874 3100 926 3152 δὲ
952 3102 995 3153 θ’
1035 3101 1127 3154 τοῦ
1193 3103 1502 3164 Αὐγούστου
1553 3105 1720 3173 μηνὸς
1771 3107 1836 3158 ὲκ

247 3190 424 3258 λύπης
454 3191 543 3241 καὶ
566 3190 802 3257 ἀθυμίας
828 3192 1180 3257 ἐτελεύτησεν
1221 3196 1277 3245 ἐν
1305 3197 1370 3264 τῇ
1413 3196 1550 3264 αὐτῇ
1613 3196 1826 3264 Λέσϐῳ.

248 3280 593 3351 Μετεκόμισε
621 3282 676 3334 δὲ
704 3283 763 3335 τὸ
799 3284 960 3352 σῶμα
983 3285 1154 3354 αὐτῆς
1179 3287 1205 3338 ὁ
1235 3286 1492 3355 βασιλεὺς
1518 3289 1575 3339 ὲν
1605 3291 1670 3358 τῇ
1701 3293 1835 3360 μονῇ

249 3374 350 3441 τῆς
378 3374 722 3444 Πριγκήπου,
752 3375 819 3444 ἣν
843 3375 980 3446 αὐτὴ
1004 3376 1340 3446 ᾠκοδόμησε.
1374 3377 1590 3447 Σφόδρα
1614 3379 1722 3449 γὰρ
1748 3380 1837 3432 εὑ-

253 3465 420 3535 σεϐὴς
455 3469 549 3518 καὶ
582 3467 873 3537 φιλάρετος
901 3464 1034 3522 οὖσα
1060 3468 1231 3522 πολλὰ
1272 3469 1576 3538 ξενοδοχεῖα
1613 3470 1707 3523 καὶ
1731 3487 1836 3538 γη-

261 3560 548 3626 ρωκομεῖα
572 3560 662 3610 καί
687 3560 1028 3630 μοναστήρια
1068 3560 1467 3624 κατεσκεύασε,
1522 3560 1619 3612 καὶ
1653 3560 1835 3630 φόρων

252 3650 596 3717 κουφισμοὺς
619 3649 713 3701 καὶ
746 3649 882 3704 ἄλλα
915 3633 1146 3704 πλεῖστα
1195 3650 1618 3719 κατωρθώσατο.
1680 3654 1841 3705 Κων-

254 3740 536 3789 σταντίνον
568 3737 624 3790 δὲ
642 3737 731 3790 τὸν
750 3739 862 3790 υίὸν
885 3739 1074 3807 αὐτῆς,
1099 3739 1436 3811 φιλαργυρίᾳ
1462 3741 1665 3811 μᾶλλον
1711 3741 1841 3808 ἀγό-

255 3844 419 3896 μενος
449 3828 480 3898 ἢ
512 3829 697 3897 οἴκτῳ,
734 3830 1102 3900 προσελάϐετο
1130 3832 1410 3884 συνέστιον
1455 3832 1622 3902 αὐτῷ,
1664 3835 1844 3902 οἰόμε-

253 3935 342 3981 νος
374 3919 602 3972 πλοῦτον
634 3919 1090 3991 ἐγκεκρυμμένον
1115 3922 1430 3992 φανερῶσαι
1457 3922 1629 3993 αὐτῷ.
1674 3923 1734 3977 '0
1783 3927 1839 3979 δὲ

257 4010 742 4080 φιλοφρονούμενος
770 4013 860 4064 ὑπ’
889 4011 1054 4066 αὑτοῦ
1075 4015 1371 4083 κουφότητι
1387 4015 1612 4084 γνώμης
1631 4016 1842 4071 ὑπέδει-

257 4101 344 4164 ξεν
368 4101 515 4172 αὐτῷ
538 4103 629 4156 τὸν
664 4104 722 4156 ὲν
743 4103 818 4174 τῷ
850 4104 1181 4174 ἡμικυκλίῳ,
1209 4105 1236 4158 ὃ
1259 4104 1354 4159 νῦν
1383 4106 1603 4177 λέγεται
1628 4108 1839 4178 Σῖγμα,

257 4194 530 4264 θησαυρὸν
557 4195 950 4250 ἀνακτισθέντα
976 4197 1043 4250 δι’
1100 4197 1658 4269 ὀρθομαρμαρώσεως
1703 4201 1839 4271 (29).

259 4287 370 4340 Καὶ
393 4287 582 4341 τοῦτον
608 4289 944 4357 ἀφελόμενος
973 4290 1067 4342 καὶ
1109 4291 1272 4344 αὑτὸν
1300 4292 1502 4362 ὁμοίως
1548 4296 1614 4364 τῇ
1673 4296 1844 4366 μητρὶ

260 4376 425 4430 αὑτοῦ
458 4379 702 4448 παρεῖδε.
738 4377 823 4450 [Ρ.
865 4379 969 4434 476
992 4378 1014 4451 ]
1042 4380 1289 4449 Νικήταν
1317 4397 1378 4433 τε
1406 4379 1496 4433 τὸν
1520 4381 1844 4451 Τριφύλλνον

258 4469 425 4534 ἀξίως
454 4471 551 4540 τῆς
571 4471 769 4525 ἑαυτοῦ
798 4473 1024 4542 γνώμης
1055 4472 1439 4543 ἀμειϐόμενος,
1467 4474 1543 4537 ὡς
1594 4491 1844 4542 συναγω-

259 4561 514 4614 νισθέντα
538 4562 689 4632 αὐτῷ
711 4566 787 4624 εἰς
810 4568 870 4617 τὸ
895 4565 1190 4632 κατασχεῖν
1219 4564 1319 4632 τὴν
1351 4564 1652 4633 βασιλείαν,
1692 4581 1767 4633 φα
1776 4583 1835 4635 ρ-

263 4652 426 4721 μάκῳ
465 4653 696 4719 ἀνεῖλεν,
722 4652 786 4706 εὖ
818 4669 882 4720 γε
912 4652 1013 4722 τῆς
1038 4653 1194 4717 ἀξίας
1215 4653 1622 4715 ἀνταποδιδούς.

1931 2021 2045 2066 tare
2090 2013 2311 2067 domum
2367 2010 2808 2067 Eleutherianam
2843 2024 2871 2061 a
2910 2023 2993 2060 me
3028 2003 3336 2064 conditam,
3394 2014 3506 2070 quo

1931 2101 2415 2169 incomparabilem
2481 2114 2656 2153 meam
2694 2097 2948 2151 consoler
2968 2093 3387 2147 calamitateth
3430 2085 3510 2140 Ad

1931 2192 2045 2247 haec
2116 2191 2458 2261 Nicephorus
2518 2187 2822 2258 respondit,
2887 2184 3108 2256 quando
3162 2183 3235 2236 ita
3284 2179 3512 2248 cupiat,

1933 2303 1990 2343 se
2015 2303 2108 2357 per
2131 2287 2317 2341 omnia
2350 2283 2398 2339 ei
2433 2281 2816 2336 liberalissime
2843 2277 3276 2349 gratificaturum
3305 2290 3319 2325 :
3345 2269 3506 2340 831

1929 2384 2143 2451 juraret
2199 2377 2362 2432 modo
2417 2374 2624 2429 nullum
2690 2387 2750 2427 se
2818 2371 3138 2425 thesaurum
3195 2365 3511 2420 celaturam.

1931 2472 2145 2529 Juravit
2177 2470 2360 2533 lrena,
2414 2476 2468 2522 et
2500 2480 2726 2538 magnas
2753 2465 2803 2519 ei
2839 2477 2974 2533 opes
3037 2454 3508 2515 commonstravit.

1935 2562 2039 2618 Sed
2072 2559 2412 2630 Nieephorus
2472 2555 2674 2626 Optatis
2724 2553 2952 2623 potitus,
2994 2549 3176 2605 statim
3224 2560 3342 2600 eam
3375 2543 3514 2596 rele-

1934 2655 2081 2726 gavit
2114 2653 2167 2707 in
2193 2650 2580 2707 monasterium
2600 2646 2744 2718 quod
2771 2645 2822 2699 in
2849 2642 3118 2712 Principis
3138 2639 3398 2710 appellata
3421 2636 3512 2689 in-

1935 2747 2054 2802 sula
2091 2747 2206 2816 ipsa
2251 2741 2590 2798 condiderat.
2638 2739 2879 2793 Cernens
2928 2733 3122 2790 deinde
3148 2726 3510 2785 insatiabilem

1936 2851 2092 2892 suam
2113 2834 2401 2888 avaritiam
2425 2831 2684 2885 omnilms
2713 2827 3033 2899 proceribus
3065 2823 3350 2878 molestam
3369 2833 3514 2884 esse,

1938 2929 1991 2982 in
2051 2937 2255 2981 metum
2321 2926 2466 2979 venit
2523 2938 2592 2977 ne
2658 2922 2891 2992 populus
2948 2915 3248 2987 aliquando
3277 2913 3516 2976 lrenam,

1941 3020 2203 3073 memoria
2239 3027 2587 3087 acceptorum
2645 3014 2712 3068 ab
2751 3028 2816 3066 ea
2885 3009 3273 3064 beneficiorum
3314 3010 3516 3066 motus,

1939 3108 2005 3162 ad
2039 3109 2326 3177 imperium
2364 3113 2648 3160 remearet
2677 3121 2693 3169 ;
2743 3101 2950 3155 idcirco
2981 3113 3102 3152 eam
3137 3097 3342 3164 absque
3370 3091 3516 3146 omni

1941 3199 2296 3253 miseratione
2364 3196 2677 3267 Mitylenem
2711 3191 2998 3262 relegavit,
3031 3187 3356 3259 gravissima
3413 3184 3520 3236 im-

1945 3293 2191 3344 minente
2231 3295 2575 3357 tempestate.
2607 3287 2784 3353 Atque
2814 3282 2887 3337 ibi
2917 3281 3007 3337 illa
3041 3282 3094 3334 in
3138 3277 3315 3332 Lesbo
3341 3273 3515 3330 insula

1942 3397 2004 3435 ex
2070 3380 2239 3434 animi
2308 3378 2636 3450 agritudine
2690 3376 2948 3437 decessit,
3026 3373 3058 3427 9
3115 3369 3347 3439 Augusti
3403 3367 3512 3421 die.

1939 3470 2152 3540 Corpus
2213 3470 2332 3538 ejus
2368 3471 2664 3537 imperator
2711 3465 2764 3519 in
2818 3461 3208 3519 monasterium
3240 3457 3513 3526 Principis

1940 3563 2153 3625 retulit,
2183 3560 2328 3628 quod
2365 3559 2434 3613 ab
2461 3574 2522 3614 ea
2556 3557 2727 3613 fuisse
2787 3555 3116 3610 aedificatum
3150 3551 3514 3607 oStendimus.

1942 3653 2078 3708 Nam
2114 3669 2214 3724 pro
2271 3652 2469 3722 insigni
2523 3651 2724 3719 pietate
2776 3663 2839 3703 ac
2864 3649 3062 3700 virtute
3085 3659 3183 3700 sua
3213 3644 3381 3698 multa
3416 3655 3516 3712 pro

1943 3743 2275 3814 recipiendis
2309 3739 2611 3812 peregrinis
2644 3747 2696 3794 et
2734 3737 2978 3794 fovendis
3007 3736 3231 3791 senibus
3261 3731 3514 3796 aedilicia,

1944 3837 2118 3892 multa
2181 3833 2515 3890 monasteria
2573 3830 2920 3897 condiderat,
2971 3842 3244 3884 annonam
3299 3839 3518 3894 quoque

1950 3931 2204 3984 leviorem
2238 3929 2549 3997 redegerat,
2607 3926 2824 3995 aliaque
2881 3924 3051 3977 multa
3089 3920 3350 3991 pra'clara
3373 3918 3517 3973 facta

1946 4021 2219 4076 ediderat.
2259 4018 2435 4072 Porro
2472 4015 2814 4086 Nicephorus
2870 4013 3296 4070 Constantinum
3333 4011 3517 4064 lrenes

1947 4113 2138 4175 filium,
2175 4111 2402 4164 avaritia
2459 4109 2630 4179 magis
2674 4109 2870 4164 ductus
2902 4121 3066 4177 quam
3117 4100 3515 4165 misericordia,

1948 4203 2002 4257 in
2067 4217 2226 4258 suum
2279 4199 2698 4256 contubernium
2740 4198 2965 4268 recepit,
3001 4211 3098 4266 spe
3136 4194 3516 4248 thesaurorum

1947 4295 2015 4349 ab
2053 4309 2119 4348 eo
2150 4292 2484 4362 percipiendi
2518 4291 2716 4346 indicia
2740 4299 2823 4344 :et
2849 4289 3066 4358 quidem
3097 4285 3329 4341 comiter
3355 4282 3424 4336 ab
3447 4296 3515 4334 eo

1949 4393 2220 4440 tractatus
2281 4382 2705 4445 Constantinus,
2771 4388 2830 4433 ut
2893 4386 3011 4433 erat
3069 4375 3213 4430 futili
3277 4373 3519 4443 ingenio.

1950 4476 2347 4531 demonstravit
2379 4476 2427 4529 ei
2461 4477 2781 4530 thesam-um
2821 4474 2872 4525 in
2925 4467 3282 4527 Semicirculo
3311 4465 3522 4536 (Signia

1953 4567 2115 4622 hodie
2160 4567 2380 4634 meant)
2440 4565 2710 4630 abditum,
2768 4563 2873 4619 sub
2929 4561 3128 4616 erectis
3158 4557 3524 4613 marmoribus

1960 4665 2279 4712 constructo
2307 4671 2506 4722 muro;
2542 4671 2704 4726 quem
2750 4661 2948 4709 nactus
2981 4649 3322 4719 Nicephorus
3357 4646 3520 4700 istum

263 4760 372 4801 non
399 4760 560 4801 secus
589 4761 655 4801 ac
693 4755 920 4801 matrem
968 4747 1226 4818 neglexit.
1270 4745 1510 4801 Nicetam
1544 4762 1674 4802 vero
1697 4747 2082 4820 Triphyllium,
2145 4749 2308 4816 cujus
2366 4759 2591 4804 strenua
2646 4746 2897 4818 opera_in
2932 4741 3163 4814 imperio
3194 4738 3526 4809 asquirendo

263 4855 398 4896 usus
449 4839 648 4905 fuerat,
705 4839 969 4908 prteclare
1008 4839 1223 4894 scilicet
1295 4838 1464 4892 relata
1520 4841 1716 4910 gratia,
1785 4857 1997 4897 veneno
2051 4841 2292 4896 sustulit.

332 4931 626 5002 Βαρδάνιος
647 4931 704 4984 δὲ
730 4931 827 5001 τῆς
847 4929 1134 4999 Ἀνατολῆς
1155 4931 1457 4999 στρατηγὸς
1492 4929 1566 4983 ὢν
1585 4934 1638 4983 ὲν
1663 4932 1842 5002 ἑαυτῷ

264 5025 547 5096 ἐφρόντιζε
575 5027 672 5094 τῆς
693 5023 969 5095 βασιλείας
998 5021 1378 5076 ἐπιλαϐέσθαι.
1413 5022 1524 5090 Τὴν
1545 5022 1834 5094 διατριϐὴν

260 5118 319 5171 δὲ
358 5120 416 5171 ὲν
467 5117 548 5186 τῷ
608 5116 902 5186 Φιλομιλίῳ
956 5115 1278 5183 ποιούμενος
1318 5115 1532 5185 μοναχῷ
1580 5133 1686 5169 τινι
1735 5117 1842 5169 τῶν

265 5208 631 5280 προγνώσεως
649 5207 974 5278 ἠξιωμένων
1010 5206 1079 5259 τὰ
1097 5206 1195 5274 τῆς
1223 5205 1416 5275 βουλῆς
1439 5206 1838 5274 ἀνακοινοῦται,

268 5300 558 5370 συνίστορα
601 5299 740 5369 ἔχων
773 5299 980 5352 Λέοντα
1013 5297 1104 5352 τὸν
1146 5296 1454 5366 Ἀρμένιον.
1491 5296 1759 5360 Ἀκούσας
1781 5297 1839 5350 δὲ

264 5385 464 5452 οὗτοςὰ
491 5389 786 5458 Βαρδὰνιος
819 5387 971 5458 παρά
996 5387 1089 5440 τοῦ
1119 5385 1355 5457 μοναχοῦ
1402 5386 1503 5456 τὴν
1531 5387 1630 5456 τῆς
1674 5386 1837 5440 αὑτοῦ

2020 4932 2183 5003 832
2220 4932 2296 4987 Eo
2329 4943 2572 5001 tempore
2633 4929 2942 4986 Bardanius
2994 4930 3214 4998 quidam
3279 4925 3524 4983 Orientis

1949 5023 2080 5091 dux,
2131 5027 2199 5080 de
2257 5025 2488 5096 imperio
2543 5024 2651 5080 sibi
2701 5022 3032 5078 vindicando
3091 5023 3358 5091 cogitans.
3396 5036 3521 5074 cum

1950 5115 2174 5188 degeret
2227 5115 2564 5181 Philomelii,
2597 5114 2886 5169 consilium
2918 5129 3078 5169 suum
3111 5113 3380 5168 monacho
3407 5112 3524 5165 cui-

1949 5205 2099 5270 dam,
2133 5223 2295 5278 quem
2328 5206 2637 5260 futurorum
2683 5205 3026 5274 praescientia
3083 5203 3229 5257 Deus
3267 5202 3526 5271 dignatus

1950 5297 2148 5365 fuerat,
2181 5299 2375 5368 aperit,
2400 5297 2622 5352 conscio
2648 5297 2724 5350 rei
2758 5294 2936 5350 Leone
2956 5292 3234 5348 Armenio.
3268 5289 3526 5346 Praadixit

1951 5388 2000 5443 ei
2042 5389 2368 5452 monachus,
2417 5387 2462 5442 si
2522 5387 2810 5457 imperium
2860 5383 3162 5446 aﬂectarct‘,
3209 5393 3265 5438 et
3318 5381 3521 5452 opibus

1389 5523 1744 5581 XYLANDRI
1799 5526 1881 5580 ΕΤ
1913 5528 2125 5584 (ιοΑιιι
2169 5527 2392 5584 NOTAE.

340 5643 454 5715 (28)
485 5643 753 5715 Zonaram
779 5651 1001 5700 secutus
1019 5659 1170 5715 sum,
1191 5640 1411 5715 tametsi
1440 5651 1623 5715 noster
1648 5644 1842 5715 crebro

271 5711 630 5784 ita'appellat.
667 5712 795 5768 XrL.
843 5744 912 5753 —
963 5713 1038 5782 Τῇ
1073 5712 1406 5784 "pq-amiare).
1471 5711 1838 5782 Propontidos

273 5783 621 5841 insulainfra
653 5784 886 5852 Cpolim,
914 5787 969 5841 in
1000 5789 1269 5840 Astaceno
1309 5783 1454 5838 sinu.
1495 5784 1666 5838 Goan.

345 5855 457 5917 (29)
515 5857 666 5909 treus
720 5852 935 5921 aediﬁcii
984 5854 1393 5912 semicirculum
1450 5863 1503 5909 et
1548 5858 1832 5927 antiquum

1953 5646 2124 5713 σίγμα
2157 5645 2197 5698 C
2240 5642 2426 5713 refert.
2475 5651 2530 5698 et
2581 5640 2787 5710 junctis
2847 5641 3100 5713 interr-se
3150 5635 3520 5691 marmoribus

1951 5710 2310 5770 Con-struitur.
2352 5712 2458 5767 Sub
2514 5713 2696 5765 erectis
2764 5710 3118 5763 marmoribus
3189 5717 3523 5760 constructus

1954 5802 2136 5842 murus
2169 5785 2514 5841 inconditum
2547 5792 2631 5839 est
2671 5781 2931 5853 Xylandri
2991 5776 3300 5834 mdlﬂciutn.
3347 5774 3528 5831 Gen.
