4226 6444
732 382 843 444 915

2035 397 2356 458 GEORGII
2396 399 2726 462 CEDBEN]

3884 412 3991 478 916

734 493 852 548 suis
887 499 944 548 et
981 491 1160 550 oculis
1185 493 1478 564 spoliatum
1511 496 1598 551 iri.
1635 497 1770 553 Cum
1803 501 1976 558 tristis
1999 503 2304 561 discederet

2413 509 2732 580 περιουσίας
2752 510 2941 582 dep-stipa
2969 530 3042 564 nu
3067 515 3156 568 καὶ
3179 515 3289 568 τῶν
3327 516 3624 587 ὀφθαλμῶν
3650 521 3748 589 τὴν
3802 523 3994 593 πήρωο

732 579 1039 639 Dardanius
1089 583 1392 656 famulique
1450 601 1624 657 equos
1671 589 2028 658 adducerent,
2091 595 2148 650 in
2202 596 2304 652 hos

737 673 972 730 intuitus
999 675 1302 731 monachus
1330 693 1473 733 reret
1489 680 1527 732 ti
1568 678 1633 734 ad
1671 697 1729 737 se
1760 681 2090 741 Bardanium
2113 687 2300 758 jussit,

732 767 1084 836 sperantique
1117 768 1323 838 aliquid
1357 785 1416 826 se
1442 786 1632 827 eorum
1665 778 2057 847 quaacupiebat
2086 780 2305 835 auditu-

736 871 876 920 rum,
942 858 1125 914 denuo
1182 863 1441 933 praecepit
1501 880 1569 920 ne
1622 865 1690 921 de
1747 870 2017 937 potiundo
2074 871 2304 942 imperio

729 945 1030 1016 quidquam
1067 949 1369 1018 cogitaret:
1401 967 1526 1006 nattt
1561 955 1678 1009 sive
1714 956 1764 1010 id
1813 959 1957 1012 ultro
1981 961 2097 1015 sive
2143 962 2304 1016 aliter

728 1044 1038 1093 tentaturus
1067 1050 1235 1107 esset,
1261 1039 1376 1096 fore
1395 1051 1592 1098 utcum
1621 1047 1818 1118 Opibus
1842 1052 2030 1109 oculos
2053 1053 2302 1122 amittat;

727 1133 984 1178 cmterum
1026 1141 1090 1180 ex
1147 1129 1215 1184 iis
1244 1132 1336 1200 qui
1369 1147 1542 1203 equos
1570 1135 1951 1204 adduxissent,
1991 1144 2227 1212 primum
2251 1154 2306 1200 et

732 1216 1037 1270 secundum
1079 1218 1389 1277 diademate
1447 1226 1722 1294 petituros
1753 1248 1766 1284 :
1803 1233 2023 1286 tertium
2083 1250 2306 1307 quoque

727 1306 1113 1374 imperatorem
1148 1311 1488 1369 declaratum
1520 1317 1608 1384 iri,
1632 1320 1724 1373 sed
1756 1324 1940 1377 statim
1977 1306 2300 1394 periturum,

727 1397 955 1454 minime
1013 1413 1371 1460 consecutum
1436 1410 1578 1477 quod
1633 1414 1936 1482 cupiverat.
2002 1418 2306 1475 Dardanius

727 1489 832 1544 hoc
852 1506 1178 1560 responsum
1198 1495 1390 1564 Leoni,
1409 1499 1673 1558 Michaelo
1700 1514 1753 1560 et
1772 1507 1994 1564 Thomas
2016 1512 2261 1566 recitavit
2289 1531 2300 1566 :

730 1599 748 1630 ι
776 1578 855 1635 Tu
876 1583 1116 1653 quidem,
1148 1603 1180 1642 ο
1205 1587 1334 1655 Leo,
1358 1591 1632 1660 inquiens,
1657 1595 1974 1665 imperator,
1994 1610 2045 1655 et
2068 1600 2305 1660 Thomas

726 1671 1028 1744 imperator
1079 1680 1419 1748 designatus,
1457 1700 1486 1737 a
1548 1685 1814 1743 Michaelo
1877 1691 2302 1759 interliciemini,

725 1766 882 1834 isque
914 1767 1202 1836 imperium
1231 1775 1435 1828 tenebit
1465 1795 1477 1831 :
1515 1778 1595 1832 sic
1625 1779 1769 1834 enim
1828 1783 1962 1837 mihi
1996 1787 2304 1843 monachus

723 1859 1055 1915 vaticinatus
1115 1872 1256 1916 est.»
1290 1865 1410 1920 Non
1471 1872 1641 1925 multo
1674 1881 1794 1940 post
1826 1884 2067 1944 tempore
2097 1878 2302 1947 aliquot

728 1951 1007 2006 exercitus
1048 1955 1260 2011 crebris
1283 1957 1578 2029 Niccplturi
1605 1965 1992 2020 exactionibus
2026 1968 2207 2023 coacti
2235 1971 2303 2024 ab

726 2040 1058 2110 imperatore
1084 2045 1456 2115 desciverunt,
1483 2052 1925 2127 Bardaniumque
1942 2069 2303 2130 cognomento

724 2131 966 2191 Turcum
1025 2139 1408 2209 imperatorem
1447 2155 1727 2203 crearunt.
1762 2148 1864 2215 Qui
1901 2153 2114 2206 tametsi
2158 2163 2300 2207 metu

727 2225 955 2292 periculi
985 2228 1089 2282 sibi
1125 2229 1430 2287 denuntiati
1451 2234 1615 2306 833
1649 2247 1955 2304 recusaret,
1986 2243 2300 2310 compulsus

721 2327 900 2370 tamen
927 2327 978 2372 ct
1008 2319 1301 2390 eil'ugiendi
1328 2324 1586 2381 facultate
1615 2328 1911 2386 destitutus
1934 2331 2297 2403 Chrysopolin

727 2407 897 2472 venit,
955 2409 1142 2481 ibique
1177 2413 1450 2468 salutatus
1505 2427 1589 2472 est
1640 2420 1958 2489 imperator.
1995 2423 2090 2479 His
2119 2423 2299 2491 factis,

728 2497 836 2552 Leo
874 2507 930 2554 et
953 2500 1257 2559 Mieltaelus
1297 2504 1362 2558 ad
1397 2505 1770 2579 Nicephorum
1809 2527 1867 2568 se
1905 2515 2297 2572 contulerunt:

725 2592 919 2644 horum
982 2593 1118 2648 alter
1157 2594 1575 2665 foederatorum,
1627 2603 1767 2658 alter
1818 2608 2037 2662 comitis
2087 2609 2297 2663 cohorti

722 2686 1036 2754 prmiicitur.
1071 2689 1308 2747 Thomas
1347 2709 1475 2749 vero
1506 2704 1566 2749 ut
1599 2695 1756 2751 ﬁdem
1791 2697 2014 2753 domino
2063 2714 2166 2755 suo
2186 2715 2300 2754 ser-

718 2779 1106 2841 varet,nullum
1155 2784 1460 2851 periculum
1495 2786 1877 2843 reformidavit
1909 2805 1926 2855 ;
1961 2806 2084 2844 mox
2119 2799 2297 2847 autem

718 2867 1051 2937 Dardanius,
1109 2884 1169 2928 ut
1201 2883 1321 2928 erat
1366 2877 1458 2931 Dei
1505 2887 1780 2944 metuens,
1811 2882 2020 2937 veritus
2053 2899 2120 2936 ne
2150 2884 2296 2938 civili

720 2961 864 3018 bello
890 2978 1114 3018 causam
1147 2968 1432 3036 prteberet.
1459 2971 1645 3025 missis
1671 2972 1808 3026 clam
1831 2973 1897 3027 ad
1925 2973 2296 3044 Nicephorum

719 3054 929 3109 nuntiis
967 3055 1345 3126 impunitatem
1370 3062 1640 3128 postulat,
1669 3075 1844 3131 eaque
1872 3063 2158 3132 impetrata
2202 3081 2295 3134 per

2410 618 2515 668 σιν,
2535 602 2584 653 εί
2606 601 2766 656 τοῦτο
2789 621 3015 657 κατατοι
3034 607 3260 675 μήσειεν
3279 609 3706 682 ὑποστήσεσθαι,
3733 614 3870 683 μετᾶ
3893 613 3990 665 λύ-

2408 709 2517 763 πης
2548 694 2908 764 ὑπέστρεψεν.
2954 698 3034 760 Ὡ,
3063 699 3117 750 δὲ
3137 705 3261 764 τοὺς
3305 702 3506 767 ἵππους
3525 705 3674 776 αὐτῷ
3722 707 3992 779 προσεκό-

2411 801 2575 855 μισαν
2591 786 2639 837 οἱ
2669 785 3382 861 τούτῳὲξυπηρετοᾶμενοι,
3425 794 3638 860 τούτοις
3677 799 3704 850 ό
3753 800 3992 868 μοναχδς

2407 878 2718 941 ένατενίσας
2738 879 3052 934 ὐπονοστεια
3102 888 3414 953 προσφωνεῖ
3431 887 3522 939 τὸν
3564 885 3880 957 Βαρδάνιον.
3929 889 3991 940 Ὀ

2407 968 2464 1022 δὲ
2506 972 2882 1043 προσδοκήσας
2936 990 2990 1026 τι
3025 974 3132 1027 τῶν
3179 976 3323 1043 αὐτῷ
3375 978 3722 1047 καταθυμίων
3774 981 3992 1049 μέλλειν

2409 1062 2582 1112 εἰπεῖν
2601 1061 2689 1114 τὸν
2719 1063 2969 1133 μοναχὸν,
3008 1066 3208 1134 ἤκουσε
3236 1067 3362 1135 παρ’
3381 1068 3547 1122 αὐτοῦ
3579 1069 3672 1123 τοῦ
3695 1087 3708 1100 ο
3749 1089 3767 1122 t
3802 1069 3992 1140 Μηδέν

2409 1165 2492 1203 σοι
2510 1155 2976 1223 πεφροντισμένον
2996 1155 3138 1210 ἔστω
3165 1160 3297 1228 περὶ
3320 1161 3418 1228 τῆς
3450 1159 3753 1229 βασιλείας.
3782 1163 3900 1216 Κᾶν
3929 1180 3989 1215 τε

2409 1243 2516 1312 γὰρ
2546 1242 2726 1295 ἑκοντὶ
2755 1244 2858 1298 κᾶν
2899 1262 2959 1298 τε
2993 1246 3091 1316 μὴ.
3125 1248 3200 1319 μὴ
3241 1249 3399 1301 τοῦτο
3429 1252 3884 1322 κατατολμήσεις.
3924 1253 3992 1306 ΕΞ

2408 1332 2564 1385 τοῦτο
2581 1333 2636 1385 δὲ
2673 1337 2961 1407 πειραθῇς,
2988 1337 3096 1390 τῶν
3121 1339 3229 1392 σῶν
3256 1342 3540 1410 ὀμμάτων,
3577 1343 3648 1405 ὡς
3678 1343 3838 1411 ἔφην,
3892 1345 3990 1396 καὶ

2408 1424 2504 1493 τῆς
2528 1425 2816 1496 ὑπάρξεως
2841 1428 3123 1500 ύποστήσῃ
3147 1431 3246 1501 τὴν
3263 1433 3641 1503 ἀλλοτρίωσιν.
3676 1435 3740 1488 Oi
3765 1435 3820 1488 δὲ
3859 1436 3991 1497 τοὺς

2411 1517 2611 1580 ἵππους
2642 1535 2736 1570 σου
2760 1520 3109 1589 κομίσαντες,
3135 1523 3344 1578 τούτων
3375 1528 3402 1578 ὁ
3432 1529 3650 1596 πρῶτος
3675 1528 3768 1580 καὶ
3817 1529 3844 1580 ό
3866 1528 3993 1581 δειξ-

2407 1626 2564 1678 τερος
2608 1610 3234 1685 διαδηματοφορήσουσι,
3281 1617 3423 1669 καὶὸ
3463 1617 3644 1688 τρίτος
3686 1621 3989 1688 ἀναγορευ-

2409 1699 2520 1762 θεὶς
2547 1703 2759 1771 ταχέως
2779 1705 3081 1771 ἀπολεῖται,
3113 1707 3188 1778 μὴ
3233 1708 3412 1779 τυχὼν
3465 1703 3539 1762 ὧν
3572 1711 3802 1778 ἐφίεται.
3847 1731 3866 1763 ι
3926 1712 3992 1764 Ὁ

2409 1791 2591 1845 τοίνυν
2614 1794 2912 1864 Βαρδὰνιος
2945 1795 3014 1848 τὰ
3042 1796 3136 1848 τοῦ
3156 1798 3421 1866 λογισμοῦ
3447 1799 3595 1869 αὐτῷ
3619 1817 3678 1852 τε
3695 1801 3773 1870 τῷ
3795 1801 3989 1852 Λέοντι

2409 1883 2502 1934 καὶ
2527 1882 2744 1953 Μιχαὴλ
2764 1886 2858 1937 καὶ
2891 1886 3062 1956 Θωμᾷ
3110 1887 3437 1958 παρεδήλου,
3494 1890 3718 1958 φάσκων
3771 1893 3986 1944 τοιάδε·

2411 1992 2429 2025 ι
2451 1976 2522 2026 Σὺ
2548 1975 2666 2045 μὲν,
2697 1970 2741 2028 ὧ
2765 1975 2918 2040 Δέον,
2951 1976 3298 2046 βασιλεύσας,
3339 1981 3433 2032 καὶ
3458 1983 3485 2034 ό
3508 1981 3707 2052 Θωμᾶς
3739 1983 3992 2054 ἀναῤῥη-

2406 2062 2540 2124 θεὶς,
2574 2064 2726 2132 παρὰ
2746 2064 2966 2134 Μιχαὴλ
2993 2065 3389 2134 φονευθήσεσθε
3417 2071 3434 2136 (
3475 2068 3617 2120 οὕτω
3638 2071 3746 2141 γαρ
3773 2073 3800 2122 ὁ
3822 2088 3991 2139 μονα-

2403 2149 2494 2218 χὸς
2525 2149 2706 2213 ἑξείπέ
2743 2169 2830 2219 μοι
2861 2151 2900 2221 ),
2950 2153 3114 2221 μόνου
3141 2154 3235 2208 τοῦ
3272 2156 3492 2228 Μιχαὴλ
3551 2158 3994 2229 διαφυλαχῡησοο

2407 2243 2569 2310 μένου
2597 2245 2654 2294 ὲν
2677 2247 2742 2314 τῇ
2775 2243 3046 2315 βασιλείᾳ.
3095 2266 3114 2298 ι
3151 2249 3222 2300 Ού
3255 2250 3393 2302 πολὺ
3442 2251 3502 2304 τὸ
3538 2252 3596 2304 ἐν
3650 2253 3823 2322 μέσῳ,
3885 2254 3989 2305 καὶ

2401 2334 2512 2387 τῶν
2561 2335 2815 2404 Οεματων
2885 2338 2902 2404 (
2939 2337 3052 2407 ’50)
3085 2338 3256 2392 πολλὰ
3297 2344 3866 2412 καταναγκαζομένων
3895 2344 3987 2396 διὰ

2403 2424 2500 2486 τὰς
2523 2425 2868 2488 ὲπιτεθείσας
2899 2427 3082 2492 αὐτοῖς
3106 2429 3432 2500 ἀπαιτήσεις
3483 2432 3635 2503 παρὰ
3667 2432 3990 2503 Νικηφόρου

2403 2517 2909 2587 ἀποσκιρτήσαντες
2941 2519 3321 2590 ἀνηγόρευσαν
3385 2523 3610 2593 βασιλέα
3662 2524 3985 2593 Βαρδανιον,

2401 2601 2446 2676 ᾧ
2475 2608 2704 2677 ἐπίκλην
2723 2608 2984 2680 Τοῦρκος.
3020 2611 3120 2674 ’Ὀς
3153 2630 3216 2681 γε
3233 2616 3515 2687 δυσφορῶν
3535 2619 3625 2669 ἐπὶ
3651 2618 3826 2686 τούτῳ
3850 2633 3994 2686 παρ-

2403 2708 2606 2776 ῃτεῖτο,
2672 2705 2744 2775 μὴ
2789 2706 3043 2777 δυνηθεὶς
3093 2708 3148 2760 δὲ
3192 2707 3475 2778 διαδρᾶναι
3517 2707 3840 2777 βιαζόμενκ
3891 2704 3991 2761 ὑπ’

2402 2798 2580 2851 αὐτῶν
2647 2800 2918 2868 κατῆλθεν
3005 2801 3064 2852 ἐν
3138 2801 3980 2871 Χρυσοιπῦλειεὐφημούμενος.

2401 2892 2618 2946 Τούτων
2651 2895 2707 2946 δὲ
2734 2895 3064 2964 γενομένων,
3094 2896 3244 2947 Λέων
3268 2897 3361 2948 καὶ
3390 2897 3605 2964 Μιχαὴλ
3653 2895 3728 2963 τῷ
3780 2893 3997 2964 βασιλεῖ

2401 2982 2849 3054 προσερῤύησαν,
2885 2977 2962 3036 ὧν
3001 2985 3030 3035 ό
3061 2984 3160 3053 μὲν
3190 2988 3282 3054 τῆς
3312 2985 3420 3036 τῶν
3457 2985 3826 3053 φοιδεράτων(
3857 2985 3919 3038 Si
3947 2986 3983 3046 ).

2399 3076 2494 3128 ὅδὲ
2525 3076 2620 3144 τῆς
2642 3076 2734 3126 τοῦ
2767 3076 3007 3144 κόμητος
3026 3077 3230 3146 κόρτης
3261 3077 3369 3149 (52
3404 3079 3541 3143 μὴν
3580 3078 3754 3146 ἀρχὴν
3804 3079 3990 3145 ἐγχει-

721 3153 941 3198 noctem
972 3149 1190 3218 navigio
1223 3150 1482 3221 profugit,
1518 3160 1571 3206 et
1604 3153 1658 3207 in
1694 3156 2086 3209 monasterium
2121 3158 2295 3211 Hera-

2407 3168 2664 3236 ρίζονται,
2704 3167 2904 3236 Θωμᾶς
2931 3167 2986 3218 δε
3021 3169 3184 3237 μέχρι
3209 3169 3468 3222 κινδύνων
3499 3168 3576 3236 τῷ
3605 3169 3718 3237 ἰδίῳ
3743 3169 3984 3238 δεσπότῃ

717 3237 833 3304 clii,
868 3238 1017 3307 quod
1049 3250 1132 3294 est
1184 3243 1237 3294 in
1279 3243 1585 3309 Catabolio,
1625 3245 1842 3300 delatus
1877 3247 1950 3300 ibi
1995 3249 2298 3304 monachus

717 3337 801 3381 est
861 3328 1060 3385 iactus.
1114 3329 1376 3400 Populus,
1432 3335 1523 3404 qui
1553 3335 1656 3389 sub
1690 3351 1756 3390 eo
1814 3336 2012 3401 fuerat,
2077 3339 2299 3392 domum

717 3419 1002 3477 discessit.
1053 3423 1125 3478 At
1179 3424 1481 3494 imperator
1531 3427 1702 3483 missa
1753 3430 1940 3483 celoce
1996 3430 2217 3485 simulat
2243 3447 2303 3486 se

717 3511 1048 3569 Dardanium
1081 3514 1275 3586 Cpolin
1309 3532 1578 3585 evocare;
1615 3521 1708 3590 qui
1761 3537 1887 3575 cum
1944 3523 2190 3579 venisset
2245 3526 2298 3580 in

718 3603 939 3662 Protam
1005 3609 1270 3676 insulam,
1328 3611 1395 3664 ad
1453 3616 1845 3670 monasterium
1901 3617 2049 3687 quod
2111 3618 2183 3672 ibi
2244 3619 2298 3672 in

717 3699 1039 3756 suburbano
1094 3711 1504 3770 construxerat,
1536 3721 1601 3760 ex
1666 3716 1850 3763 mente
1905 3709 2298 3780 voluntateque

718 3790 1070 3861 imperatoris
1153 3795 1300 3850 oculi
1367 3797 1415 3852 ei
1469 3814 1497 3850 a
1555 3797 1904 3869 Lycaonibus
1966 3802 2296 3868 quibusdam

718 3895 1016 3939 eruuntur.
1083 3885 1145 3940 Et
1196 3887 1538 3958 Nicephorus
1597 3891 1649 3945 id
1702 3891 1903 3946 factum
1967 3894 2071 3948 sibi
2113 3894 2298 3950 dolere

719 3973 986 4030 simulans
1012 3975 1333 4044 iuramento
1364 3981 1623 4037 omnibus
1657 3982 1948 4037 confirmat
1974 3999 2033 4038 se
2064 3985 2118 4039 in
2172 3987 2294 4040 cul-

717 4078 785 4132 pa
817 4064 938 4134 ejus
974 4081 1083 4120 non
1114 4083 1260 4135 esse,
1288 4085 1414 4125 cum
1474 4087 1544 4127 ne
1598 4073 1736 4129 alias
1794 4074 2016 4144 quidem
2055 4092 2297 4145 unquam

718 4173 907 4212 verum
944 4158 1210 4229 iurasset.

2405 3261 2623 3326 ἀφοσιοῖ
2648 3259 2716 3312 τὰ
2742 3260 2842 3328 τῆς
2879 3259 3136 3322 πίστεως.
3188 3255 3319 3314 Εἶτα
3351 3262 3444 3314 τὸν
3506 3261 3604 3313 τοῦ
3650 3260 3785 3313 Θεοῦ
3823 3261 3991 3329 φόὸεν

2407 3350 2464 3401 ὲν
2505 3350 2700 3420 καρδία
2728 3352 3113 3422 κεκτημένοςό
3144 3352 3464 3423 Βαρδάνιος,
3517 3353 3612 3403 καὶ
3665 3349 3853 3413 δεδιὼς
3913 3352 3988 3419 μή

2407 3459 2524 3505 πως
2576 3441 2645 3495 δι’
2683 3443 2846 3497 αὑτὸν
2907 3444 3174 3514 ἐμφύλιος
3230 3445 3457 3512 γένηται
3506 3445 3760 3513 πόλεμος,
3812 3443 3994 3512 λάθρα

2411 3533 2549 3602 πρὸς
2565 3533 2658 3584 τὸν
2685 3533 2910 3602 βασιλέα
2945 3534 3223 3604 ἐκπέμπει
3250 3534 3442 3602 λόγους
3470 3534 3739 3596 ἀπαθείας
3785 3533 3987 3600 ζητῶν·

2409 3624 2500 3676 καὶ
2537 3624 2716 3677 λαϐὼν
2766 3627 3097 3698 ναυσιπόρος
3133 3627 3315 3698 διέδρα
3349 3621 3561 3691 νυκτὸς,
3595 3626 3690 3677 καὶ
3734 3625 3990 3677 ἀπελθὼν

2401 3712 2460 3764 ἐν
2511 3711 2588 3782 τῷ
2637 3713 2961 3783 Καταίίολίῳ
3011 3713 3174 3784 (53)
3223 3716 3303 3776 είς
3352 3717 3453 3783 τὴν
3502 3713 3598 3766 τοῦ
3661 3711 3991 3781 Ἡρακλείου

2405 3804 2574 3876 μονὴν
2641 3806 2830 3873 γέγονε
2904 3808 3155 3878 μσναχός.
3244 3808 3301 3862 Ὀ
3345 3808 3400 3860 δὲ
3470 3808 3588 3877 μετ’
3636 3803 3803 3858 αύτοῦ
3864 3804 3990 3866 λαδς

2401 3897 2580 3950 οἴκαδε
2634 3897 2827 3967 ᾤχετο.
2858 3899 3347 3969 Σχηματισάμενσς
3398 3898 3441 3952 δ’
3476 3901 3504 3952 ὁ
3554 3897 3812 3970 βασιλεὺς
3844 3897 3988 3961 517:1-

2400 3991 2517 4057 γεϊν
2562 3989 2656 4042 τὸν
2697 3989 2990 4058 Βαρδάνιον
3039 3991 3098 4043 ὲν
3154 3994 3221 4062 τῇ
3299 3991 3449 4044 πόλει
3509 3991 3759 4061 δρόμωνα
3817 3986 3990 4052 ἔξειπε

2414 4082 2639 4135 έστειλε.
2667 4081 2774 4133 Τοῦ
2818 4082 2875 4134 δὲ
2910 4083 3358 4152 παραγενομένου
3415 4086 3473 4134 ἐν
3521 4087 3588 4152 τῇ
3631 4083 3826 4151 Πρώτη
3879 4082 3990 4148 (31)

2412 4172 2562 4240 νήσῳ
2591 4170 2729 4241 πρὸς
2766 4171 2866 4239 τὴν
2894 4171 3062 4240 μονὴν
3095 4174 3161 4240 ἢν
3186 4172 3347 4234 αὐτὸς
3407 4173 3801 4235 κατεσκεύασε,
3856 4187 3991 4239 προ·

716 4249 932 4304 ἁστειον
966 4248 1130 4306 οὖσαν
1153 4254 1340 4320 αὑτοῦ,
1371 4256 1737 4326 ἐκτυφλοῦται
1765 4259 1870 4312 ὑπὸ
1903 4260 2198 4315 Λυκαόνων
2247 4262 2414 4316 τινῶν
2449 4263 2644 4334 γνώμῃ
2662 4264 2754 4316 τοῦ
2781 4262 3066 4332 βασιλέως.
3093 4263 3179 4334 [Ρ.
3205 4263 3331 4336 477]
3353 4264 3442 4316 Διδ
3485 4265 3577 4317 ἐπὶ
3631 4268 3696 4334 τῇ
3763 4265 3995 4335 τοιαύτῃ

717 4344 1482 4420 ύποκρίσειδῆθενλυπηοεὶς,
1512 4352 1721 4416 πάντας
1755 4352 1877 4423 μεθ’
1906 4354 2086 4424 ὅρκων
2121 4355 2571 4426 ἐπληροφόρησεν
2599 4355 2842 4411 ἀναίτιον
2867 4356 3031 4410 αὐτον
3085 4353 3225 4410 εἶναι
3286 4354 3380 4408 τοῦ
3460 4356 3704 4409 τοιούτου
3773 4356 3988 4426 δραμα-

714 4452 808 4499 τος
835 4437 865 4490 ό
887 4437 1156 4506 μηδέποτε
1205 4440 1534 4514 εύορκήσας.

788 4528 949 4582 Anno
973 4528 1009 4582 2
1048 4529 1394 4586 Stauracium
1428 4532 1598 4587 ﬁlium
1630 4549 1790 4589 suum
1826 4545 2074 4599 coronat,
2118 4536 2296 4591 homi-

2473 4533 2562 4602 Τῷ
2609 4534 2653 4604 β’
2686 4534 2796 4586 έτει
2826 4534 3021 4603 tam}:
3079 4536 3173 4587 τὸν
3232 4534 3346 4587 υἱὸν
3404 4534 3571 4587 αὐτοῦ
3619 4536 3990 4603 Σταυράκιονς

722 4635 845 4674 nem
877 4636 1055 4691 neque
1098 4622 1272 4677 forma
1310 4639 1488 4693 neque
1525 4627 1711 4680 animo
1743 4641 1922 4696 neque
1957 4628 2168 4681 viribus
2205 4643 2303 4681 no-

720 4710 906 4765 bilem.
957 4711 1157 4767 Eodcm
1212 4729 1355 4769 anno
1409 4715 1463 4768 in
1499 4715 1705 4771 Arabes
1752 4719 2052 4772 exercitum
2087 4719 2245 4772 duxit
2285 4735 2303 4785 ;

717 4801 1007 4872 victusque
1039 4813 1090 4857 et
1119 4806 1512 4874 propemodum
1549 4809 1616 4861 ab
1657 4807 1907 4863 hostibus
1940 4819 2131 4879 captus
2158 4811 2304 4880 (qui-

718 4893 844 4948 dam
879 4895 1024 4947 enitn
1055 4893 1256 4950 ducum
1292 4896 1577 4972 fortissimi
1612 4914 1753 4970 aegre
1782 4913 1908 4972 eum
1949 4899 2305 4969 eripuerunt)

721 5001 846 5040 cum
877 4987 1141 5044 dedecore
1166 4989 1390 5043 domtnn
1428 4992 1608 5045 rediit.

2404 4629 2668 4696 ἀποίητον
2690 4627 2707 4696 (
2735 4627 2805 4680 55
2828 4629 2846 4694 )
2873 4627 3001 4679 ὄντα
3027 4630 3091 4696 τῇ
3117 4643 3176 4679 τε
3206 4627 3319 4696 ἰδέα
3352 4627 3447 4679 καὶ
3471 4628 3661 4697 γνώμῃ
3687 4629 3779 4679 καὶ
3802 4629 3986 4698 ῥώμη.

2411 4719 2598 4786 Τούτῳ
2637 4718 2716 4786 τῷ
2774 4719 2885 4770 ἔτει
2945 4719 3137 4784 ἐξῆλθε
3187 4719 3329 4771 κατᾶ
3403 4717 3671 4788 Ἀράϐων,
3722 4722 3820 4772 καὶ
3871 4724 3989 4787 μετ’

2411 4811 2674 4879 αἰσχύνης
2702 4809 2958 4880 ἡττηθεὶς
2985 4811 3316 4879 ὑπέστρεψε,
3348 4811 3498 4880 παρὰ
3547 4811 3742 4881 μιγρὸν
3792 4829 3990 4879 συσχε-

2419 4903 2532 4965 θεὶς
2571 4903 2666 4955 καὶ
2698 4904 2880 4964 αὐτὸς,
2921 4905 2968 4954 εί
2993 4904 3064 4972 μή
3106 4920 3250 4966 τινες
3280 4904 3385 4956 τῶν
3429 4905 3704 4974 ἀρχόντων
3744 4905 3990 4974 ἀνδρειό-

2415 5012 2568 5047 τατοι
2595 4993 2784 5046 τοῦτον
2819 4994 2971 5062 μόλις
2996 5011 3059 5046 πε
3073 4993 3402 5064 ριεσώσαντο

1843 5103 2198 5159 XYLANDRI
2253 5105 2340 5158 ET
2391 5103 2602 5160 GOARI
2637 5103 2873 5159 ΝΟΤιιΕ.

795 5194 935 5266 (50)-
949 5193 1253 5266 Exercitus,
1276 5197 1420 5266 quod
1446 5199 1768 5265 provincias,
1791 5200 1952 5254 etiam
1981 5203 2118 5256 alias
2150 5203 2299 5255 desi-

719 5263 868 5337 gnat.
905 5263 1010 5337 Sed
1040 5263 1510 5322 Zonaras'scribit
1549 5269 1686 5336 Ἐῷα
1721 5271 1999 5337 τάγματα,
2027 5274 2299 5327 exercitus

719 5334 982 5408 Orientis.
1017 5351 1138 5390 eum
1173 5352 1394 5408 creasse
1423 5334 1842 5408 imperatorem]
1863 5341 1994 5395 XvL.

793 5404 908 5481 (ξι)
929 5404 1046 5481 _Pro
1079 5407 1439 5481 φοιεεράτων,
1466 5404 1613 5481 quod
1646 5411 1780 5464 nihil
1805 5410 2296 5481 (puto)signiiicat,

724 5473 1058 5550 φοιδεράτων
1093 5473 1158 5528 ex
1197 5473 1522 5550 conjectura
1564 5479 1688 5547 legi.
1733 5473 2081 5550 qua-nquam-
2108 5473 2298 5534 rursus

725 5541 780 5597 in
805 5541 984 5597 Lenne
1013 5541 1644 5622 érnicuioipotéspjtwv
1681 5541 1916 5622 legatur.-
1947 5550 2051 5606 Sed
2084 5552 2155 5606 ibi
2193 5550 2298 5604 Zo-

731 5628 894 5684 tiaras
918 5613 1250 5684 φοιδεράτων
1270 5613 1448 5669 habet.
1464 5613 1612 5670 ’Χῑιη

798 5683 910 5746 (52)
936 5683 1038 5747 Qui
1075 5683 1245 5737 comes
1298 5688 1708 5742 cartinariorum
1747 5705 1776 5742 a
1817 5691 2026 5744 Codino
2060 5691 2293 5745 dicitur:

733 5751 1062 5829 ὑπηρετούσι
1087 5755 1146 5807 δὲ
1198 5756 1247 5806 οἱ
1288 5759 1620 5829 κορτινάριοι
1648 5762 1726 5821 είς
1751 5760 1849 5828 τὴν
1899 5761 1994 5813 τοῦ
2035 5761 2297 5829 βασιλέως

734 5824 958 5893 σκηνήν.
992 5822 1051 5878 lit
1077 5826 1272 5880 iterum
1310 5822 1462 5897 ειείσὶ
1491 5822 1583 5879 καὶ
1607 5822 1934 5901 κορῖινᾶριοι
1969 5822 2180 5901 ἔχοντες
2205 5822 2297 5884 καὶ

2409 5194 2554 5254 οὗτοι
2583 5199 2785 5269 ἔνοχον.
2814 5201 2872 5263 ὃς
2901 5202 3079 5271 κόμης
3109 5202 3373 5256 καλεῖται.
3407 5202 3578 5258 Com.

2481 5271 2595 5341 (55)
2639 5272 2693 5324 Si
2749 5287 2855 5324 non
2915 5273 3223 5340 prem-ium,
3293 5283 3506 5340 portum
3561 5283 3649 5326 aut
3695 5273 3991 5328 stationem

2407 5342 2626 5395 navium
2659 5341 2927 5396 denotare
2972 5343 3206 5397 videtur.
3234 5342 3364 5396 Χγι..
3389 5373 3456 5383 -
3478 5342 3685 5397 Ciliciae
3721 5344 3852 5398 urbs
3878 5359 3988 5402 esu.

2405 5415 2610 5465 Anton.
2640 5411 2814 5464 Com.

2479 5481 2590 5549 (54)
2617 5479 2782 5535 Juxm
2813 5481 3038 5549 urbem.
3063 5480 3424 5549 Propontidos
3451 5483 3646 5535 insula.
3679 5483 3854 5538 Com.

2477 5548 2588 5620 ('55)
2622 5552 2887 5620 Ineptum,
2918 5548 3115 5605 nulli'ts
3152 5552 3332 5618 pretii.
3379 5556 3689 5620 ungemacht
3719 5555 3854 5607 oder
3882 5571 3984 5607 un-

2403 5622 2722 5691 geschaﬂ’en,
2754 5631 2811 5673 ut
2837 5637 2944 5691 nos
2969 5623 3268 5691 loquimur.
3311 5621 3558 5674 Zonaras
3600 5639 3710 5675 rem
3743 5626 3989 5690 eapfica-

2403 5689 2476 5745 vit
2503 5694 2784 5746 disertius.
2835 5690 2965 5744 XtL.
2994 5689 3063 5731 -4
3107 5689 3334 5764 lf‘ntuitiri
3379 5701 3430 5744 et
3460 5694 3714 5764 _inerlem,
3774 5689 3865 5764 qui
3917 5711 3988 5749 nc

2406 5763 2702 5834 quidquam
2732 5777 2892 5833 agerc
2917 5774 3008 5816 aut
3037 5763 3208 5815 imliri
3231 5771 3424 5832 potest.
3447 5762 3617 5816 Cum.
