4226 6444
228 433 333 500 917

303 543 396 614 Τῷ
417 540 466 612 γ’
495 539 605 595 ἔτει
636 539 812 611 εὑρὼν
851 539 1054 612 μικρὰν
1093 541 1247 594 ἄδεια
1275 572 1278 574 ~
1342 550 1433 593 ὲκτ
1467 559 1553 592 σε·-

233 654 343 709 ραν
359 633 632 696 Γαλατίας
661 635 753 686 καὶ
785 632 881 703 τήν
904 632 1089 703 Θήϐαν
1133 632 1226 688 καὶ
1262 640 1356 686 τὸν
1402 635 1663 697 Ἀνόρτσο

299 727 392 798 Τῷ
411 725 453 778 δ’
485 725 592 778 ἔτει
621 724 937 794 Ταράσιοςὸ
957 723 1266 791 ἀγιὼτατος
1286 731 1634 794 πατριάρχης
1663 727 1805 777 Κων-

230 818 735 880 σταντινουπόλεως
765 816 979 869 ἀπεὸίω
1010 814 1258 880 ἐνδόξως,
1285 833 1373 869 καί
1417 818 1589 880 etiam
1630 819 1684 868 ἐκ.
1745 835 1815 885 τις)

229 912 321 964 ὑπ’
356 909 526 963 αὐτοῦ
559 908 836 962 κτισθέντι
861 909 1212 979 μοναστηρίῳ
1245 911 1300 961 ὲν
1329 908 1401 977 tv}
1426 909 1620 979 Στενῴ.
1673 909 1751 980 Τῇ
1778 913 1812 958 ο⁷

227 1002 330 1070 τῆς
358 1001 583 1071 πρώτης
606 998 900 1069 ἑϐδομάδος
924 1000 1034 1052 τῶν
1056 997 1344 1070 Νηστειῶν
1403 1018 1442 1042 νε
1513 1003 1578 1069 τῇ
1606 999 1819 1070 μεγάλῃ

228 1093 486 1162 κυριακῇ
511 1091 896 1163 ἐχειροτονήθη
934 1092 1248 1160 Νικηφόρος
1285 1093 1314 1144 6
1353 1093 1661 1158 ἀείιωτατος
1710 1109 1818 1144 πα-

227 1185 497 1255 τριάρχης
529 1185 641 1238 άπὸ
670 1185 999 1256 ἀσηκρῆτις,
1063 1185 1230 1256 ψήφῳ
1291 1188 1490 1246 παντὸς
1536 1185 1666 1238 λαοῦ
1723 1187 1818 1237 ναὶ

227 1277 323 1331 τοῦ
359 1277 626 1348 βασιλέως
661 1279 757 1331 καὶ
785 1277 895 1331 τῶν
936 1279 1146 1349 ίερέων.
1179 1279 1406 1333 Πλάτων
1457 1278 1512 1330 δὲ
1547 1279 1638 1331 καὶ
1683 1279 1812 1330 Θεό-

225 1373 400 1441 δωρος
431 1370 741 1441 ἡγούμενος
774 1371 882 1424 τῶν
908 1372 1159 1424 Στουδίου
1195 1372 1256 1424 οὐ
1285 1373 1696 1442 συνηυόόκησαν
1749 1379 1814 1442 τῇ

227 1463 536 1532 χειροτονίᾳ
558 1461 907 1532 Νικηφόρου,
945 1463 1084 1516 ἀλλά
1111 1463 1206 1515 καὶ
1258 1462 1465 1532 σχίσμα
1526 1463 1812 1530 ἐποίησαν,

227 1554 410 1606 αἰτίαν
433 1554 598 1623 δῆθεν
625 1553 852 1622 εὔλογον
883 1553 1100 1624 ἔχοντες
1123 1556 1183 1607 τὸ
1205 1555 1280 1624 μὴ
1309 1555 1421 1608 δεῖν
1455 1557 1563 1608 ἀπο
1610 1554 1815 1607 λαῖκῶν

227 1647 442 1717 ἀθρόως
463 1648 545 1710 είς
585 1647 889 1700 ὲπίιῑκοπον
946 1647 1295 1717 ἀνατρέχειν·
1357 1647 1504 1709 οὓςό
1561 1646 1814 1711 βασιλεὺς

227 1738 328 1806 τῆς
349 1738 558 1800 πόλεως
585 1739 856 1791 ἀπελάσαι
879 1738 1164 1809 βουληθεὶς
1188 1740 1475 1810 ἀνετράπη
1540 1755 1691 1802 παρα
1746 1758 1815 1792 ει-

225 1848 356 1882 νων.
389 1831 497 1882 Καὶ
537 1830 638 1883 οὐκ
664 1825 732 1899 ἦν
763 1831 822 1883 τὸ
855 1827 1270 1904 πράγμαῆξένον
1318 1831 1440 1884 οὐδὲ
1480 1847 1811 1900 προσφάτων

228 1919 539 1990 ἐπι-νοηθὲν,
577 1920 714 1974 ἀλλά
748 1922 843 1973 καὶ
898 1921 1086 1974 πολλοὶ
1119 1921 1270 1978 ἄλλοι
1311 1922 1420 1975 ἀπὸ
1459 1923 1656 1975 λαῖκίιν.
1720 1929 1814 1976 έπ-

227 2013 572 2081 εσκιεπησαν,
601 2012 770 2077 ἀξίως
797 2013 876 2083 τῷ
916 2012 1036 2083 Θεῷ
1059 2014 1494 2084 ίερατεύσαντες.
1520 2016 1706 2086 Τούτῳ
1737 2015 1814 2083 τῷ

223 2103 336 2156 ἔτει
363 2105 623 2174 Ἀαρὼνὸ
653 2105 762 2157 τῶν
809 2105 1060 2176 Ἀράϐων
1110 2105 1355 2176 ἀρχηγὸς
1407 2106 1808 2176 ἐπεστράτευσ-

226 2197 371 2249 κατά
406 2196 715 2267 Ῥωμανίας
736 2199 877 2267 μετὰ
913 2196 1167 2267 χιλιάδων
1191 2204 1256 2261 τ’,
1293 2199 1384 2250 καὶ⁸
1411 2199 1584 2252 ἐλθὼν
1633 2208 1713 2262 είς
1748 2205 1816 2254 τά

226 2287 415 2341 Τύανα
467 2287 820 2357 ᾠκοδόμησεν
871 2283 1022 2341 οἷκον
1080 2288 1180 2358 τῆς
1218 2287 1572 2358 βλασφημίας
1624 2289 1813 2348 αὑτοῦ,

225 2375 324 2428 καὶ
350 2375 632 2443 παρέλαϐε
667 2375 881 2444 κάστρα
925 2377 1152 2442 ἄπειρα.
1192 2377 1508 2430 Ἀπέστειλε
1548 2377 1606 2430 δὲ
1648 2379 1815 2448 κουρ-

227 2482 323 2517 σον
405 2463 522 2533 56)
563 2464 605 2531 ξ’
636 2467 880 2536 χιλιάδας
910 2466 1016 2529 ἓως
1067 2467 1368 2536 ’Λγκύρας,
1403 2469 1498 2520 καὶ
1535 2468 1812 2536 ἀφανίσας

227 2557 407 2609 πάντα
436 2557 806 2627 ὑπέστρεψεν.
853 2557 1076 2626 eam;
1102 2558 1158 2611 δὲ
1191 2559 1287 2611 καὶ
1320 2561 1348 2612 6
1377 2559 1696 2630 Νικηφόρος
1761 2564 1816 2612 ὲν

223 2649 539 2716 ἀπογνώσει
574 2650 642 2702 τὰ
671 2654 899 2717 γενναῖα
922 2652 1019 2720 τῆς
1073 2650 1452 2716 ταλαιπωρίας
1515 2654 1820 2705 ἐπιδεικνξη

228 2755 414 2808 μενος,
443 2742 536 2794 καὶ
563 2741 626 2808 δὴ
651 2741 996 2810 σκεψάμενος
1024 2741 1232 2810 πέμπει
1254 2743 1389 2812 πρὸς
1444 2741 1610 2794 αὐτὸν
1663 2745 1815 2813 εἰρήο

223 2849 324 2900 νην
354 2833 630 2899 γενέσθαι,
675 2833 925 2902 δηλώσας
957 2832 1162 2896 οὕτως·
1204 2855 1222 2884 ι
1259 2834 1378 2886 Ἵνα
1416 2833 1468 2886 τί
1511 2835 1818 2906 ὲπιχαίρεις

222 2925 349 2986 ταῖς
365 2923 603 2988 ἀδικίαις
623 2925 719 2978 καὶ
734 2929 851 2988 ταῖς
875 2925 1354 2994 αἱματεκχυσίαις,
1382 2926 1456 2996 μὴ
1478 2927 1819 2996 ἀρκούμενος

225 3019 307 3076 εἰς
334 3015 400 3068 τά
419 3016 548 3081 ἴδια,
564 3018 701 3069 ἀλλὰ
723 3017 1082 3087 παραϐαίνεις
1107 3019 1305 3087 ὅρκους
1325 3019 1586 3088 ἀρχαίους
1606 3021 1700 3071 καὶ
1722 3038 1821 3072 πα-

224 3105 469 3176 τρῴους;
498 3111 648 3171 ποῖος
673 3111 781 3178 γάρ
818 3127 900 3162 σοι
921 3111 1210 3180 προφήτης
1244 3109 1388 3174 θεῖος
1421 3109 1597 3164 ταῦτα
1643 3115 1819 3166 ποιεῖν

226 3200 450 3270 εἴρηκεν
474 3216 488 3266 ;
509 3201 642 3270 Οὐχὶ
666 3200 992 3270 Μουχούμετ
1021 3204 1048 3254 6
1080 3201 1371 3271 προφήτης
1394 3217 1489 3254 σου
1508 3204 1816 3273 παρήγγει-

225 3293 317 3345 λεν
346 3293 424 3354 ὡς
455 3295 683 3362 ἀδελφὸν
714 3295 858 3364 ἔχειν
891 3296 1218 3366 Χριστιανὸν
1249 3296 1430 3349 πάντα
1463 3298 1556 3349 καὶ
1599 3297 1812 3366 λέγειν;

227 3386 321 3455 Μὴ
342 3388 449 3455 γὰρ
478 3388 504 3440 6
537 3387 758 3440 πάντων
790 3387 945 3452 Θεὸς,
964 3389 992 3440 6
1017 3387 1362 3458 Δημιουργὺς
1382 3388 1474 3439 καὶ
1511 3388 1818 3458 προνοητὴς

227 3481 560 3551 ἀμφοτέρων
577 3522 593 3548 ,
625 3481 853 3552 αἵμασιν
879 3481 1184 3551 ἀνθρώπων
1212 3481 1411 3544 ἀδίκως
1432 3483 1818 3553 ὲκχυνομένοις

228 3572 410 3641 χαίρει
429 3588 445 3639 ;
464 3574 555 3640 Μὴ
573 3573 784 3640 γένοιτο
803 3575 814 3627 l
840 3574 909 3626 ’Ἡ
927 3575 1194 3644 ἀργυρίου
1223 3576 1317 3627 καὶ
1337 3574 1563 3644 χρυσίου
1585 3574 1682 3628 καὶ
1709 3575 1818 3628 τῶν

227 3664 433 3718 λοιπῶν
460 3666 864 3735 ὑστερούμενος
907 3666 1136 3735 ἐξῆλθες
1186 3666 1449 3734 ἀδικῆσαι
1485 3669 1610 3731 τοὺς
1653 3668 1818 3739 μηδὲν

228 3757 600 3826 ἀδικήσαντάς
624 3774 682 3810 σε
705 3775 719 3822 ;
745 3759 940 3811 Καίτοι
963 3775 1025 3827 γε
1043 3759 1111 3810 τὰ
1138 3759 1403 3813 κάλλιστα
1421 3761 1517 3812 καὶ
1543 3761 1576 3830 ή
1587 3761 1678 3828 μίν
1693 3761 1819 3814 δυσ·

230 3849 470 3918 πόριστα
500 3849 594 3900 καὶ
626 3848 912 3917 ὲπέραστα
947 3850 1278 3918 κατακόρως
1301 3849 1468 3919 ἔχεις.
1499 3850 1560 3903 Εἰ
1583 3851 1637 3903 δέ
1672 3869 1818 3916 τινος

226 3940 338 3993 τῶν
366 3940 656 4010 ήμετέρων
710 3940 894 4010 ἐνδεής
926 3937 996 4004 εἶ,
1038 3942 1239 3995 αὐτίκα
1300 3943 1616 4013 παρέξομεν
1670 3944 1820 4013 φιλοο

230 4030 492 4101 στοργίας
521 4031 732 4102 τρόπῳ.
767 4031 854 4099 LP.
906 4030 1033 4101 478]
1070 4031 1162 4100 Μὴ
1214 4031 1398 4084 τοίνυν
1454 4032 1529 4094 ὠς
1556 4031 1820 4085 ἀθάνατοι

229 4124 327 4174 καὶ
353 4120 503 4174 ἄθεοι
524 4120 646 4174 κατ’
668 4119 915 4188 ἀλλήλων
949 4120 1406 4190 στρατευώμεθα,
1466 4120 1563 4173 καὶ
1623 4121 1716 4174 τὸν
1753 4123 1820 4174 ἐκ

228 4213 505 4283 δαιμόνων
527 4211 647 4264 κατ’
679 4211 984 4282 ἀνθρώπων
1015 4212 1253 4281 πόλεμον
1287 4213 1350 4264 ἐκ
1387 4211 1582 4280 φθόνου
1642 4213 1822 4282 μιμώ-

233 4306 396 4375 μεθα,
429 4304 792 4374 γινώσκοντες
822 4305 905 4358 ὅτι
936 4306 1132 4376 μικρὸν
1157 4303 1387 4375 ὕστερον
1418 4303 1818 4374 τελευτήσομεν

230 4399 327 4451 καὶ
358 4398 496 4466 πρὸς
527 4399 721 4467 κριτὴν
744 4397 1044 4451 ἀδέκαστον
1093 4395 1532 4467 ἀπελευσόμεθα,
1579 4396 1637 4460 δς
1687 4399 1821 4450 ἀπο-

229 4488 392 4544 δώσει
425 4489 640 4559 ἑκάστῳ
682 4491 821 4544 κατά
848 4489 916 4543 τὰ
970 4489 1107 4559 ἔργα
1162 4487 1347 4542 αὐτοῦ.
1411 4507 1430 4539 ι
1485 4488 1671 4542 Ταῦτα
1723 4488 1815 4542 τοῦ

1224 434 1418 492 ’ἰΠᾹΤί
1441 435 1537 492 ιίὶῐ
1557 433 1766 493 \RUM
1806 428 2344 498 COMPENDIUM.

1843 1888 1890 1948 Β

3391 434 3504 500 918

1645 545 1818 595 Αυκυ-
1848 544 1892 597 Α
1992 540 2160 613 834
2192 545 2348 596 Anno
2379 543 2432 604 '5.
2477 541 2876 612 aliquantulum
2925 543 3023 599 otii
3065 551 3288 611 nactus,
3325 545 3507 620 Ancy-

1923 647 2039 686 ram
2077 631 2303 687 Galatiae
2332 633 2688 702 Thebamque
2727 642 2782 687 et
2815 633 3126 690 Andrasum
3168 636 3435 693 condidit.

1993 723 2208 777 Annoi
2241 721 2506 779 Tarasius
2551 724 2940 778 sanctissimus
2971 723 3157 794 Cpolis
3194 727 3509 796 patriarcha

1923 813 2153 870 honeste
2177 815 2342 868 vitam
2376 815 2596 879 clausit,
2629 815 2987 886 sepultusque
3022 823 3108 871 est
3142 817 3194 870 in
3228 827 3510 875 monaste-

1922 909 2008 961 rio
2035 905 2180 974 quod
2209 905 2326 973 ipse
2354 914 2706 962 exstruxerat
2747 905 2800 960 in
2833 905 3142 977 Augustiis.
3187 907 3390 974 Quarta
3418 910 3510 966 die

1921 999 2110 1068 prima:
2137 997 2453 1069 septimanae
2481 996 2849 1068 Jejuniorum,
2879 1008 2936 1054 et
2973 1013 3165 1071 magna
3202 999 3506 1069 ﬂaminica,

1919 1090 2263 1158 Nicepliorus
2298 1092 2633 1146 secretarius
2661 1101 2881 1147 creatur
2909 1091 3296 1148 sanctissimus
3337 1095 3511 1164 patri-

1920 1182 2110 1244 archa,
2161 1183 2332 1238 totius
2386 1183 2596 1254 populi,
2650 1183 3000 1252 imperatoris
3049 1193 3106 1243 et
3159 1186 3508 1242 sacerdotum

1918 1277 2216 1347 suﬂ'ragiis.
2243 1277 2396 1330 Plato
2422 1285 2607 1332 autem
2638 1284 2692 1330 et
2712 1275 3036 1332 Theodorus
3057 1276 3310 1332 Studiani
3339 1279 3508 1335 colle-

1919 1369 1991 1438 gii
2051 1369 2343 1437 praefectus
2392 1383 2512 1424 eam
2574 1368 2898 1423 electionem
2950 1367 3405 1438 improbaverunt
3451 1378 3513 1425 et

1927 1461 2329 1515 discessionem
2386 1465 2657 1525 fecerunt,
2706 1461 2977 1530 probabili
3029 1463 3113 1518 usi
3162 1470 3508 1532 argumento,

1922 1567 2031 1605 nou
2059 1553 2262 1607 debere
2295 1553 2511 1608 scilicet
2541 1553 2724 1608 subito
2753 1554 2990 1622 aliquem
3023 1553 3092 1608 de
3123 1553 3262 1608 laico
3291 1555 3511 1624 episco-

1923 1659 2049 1712 pum
2084 1644 2222 1698 iieri.
2264 1643 2412 1710 Quos
2446 1645 2744 1713 imperator
2771 1645 2904 1700 urbe
2926 1645 3199 1713 ejecisset,
3233 1644 3337 1700 nisi
3377 1659 3512 1700 con-

1920 1741 2102 1793 silium
2126 1739 2245 1806 ejus
2271 1739 2494 1809 quidam
2523 1739 2890 1795 inﬂexissent.
2919 1738 3067 1795 Sane
3101 1739 3155 1792 id
3205 1754 3383 1809 neque
3407 1753 3516 1793 no-

1919 1844 2048 1882 vum
2090 1844 2269 1898 neque
2304 1845 2497 1884 recens
2540 1831 2911 1900 excogitatum
2951 1828 3058 1884 {uit
3101 1830 3307 1885 factum
3333 1870 3348 1895 ,
3384 1845 3509 1887 cum

1921 1921 2075 1977 multi
2101 1921 2263 1975 etiam
2286 1921 2468 1976 aliide
2495 1921 2650 1977 laicis
2687 1921 2929 1992 episcopi
2952 1922 3118 1976 creati
3163 1921 3275 1976 Deo
3310 1937 3512 1978 conve-

1924 2013 2139 2066 nienter
2192 2029 2250 2068 se
2297 2013 2349 2066 in
2396 2028 2461 2067 eo
2515 2028 2744 2068 munere
2801 2015 3180 2068 tractaverint.
3213 2012 3330 2070 lloc
3360 2027 3512 2072 anno

1920 2109 2098 2161 Aaron
2133 2107 2373 2160 Arabum
2398 2105 2508 2161 dux
2537 2107 2591 2161 in
2628 2104 2931 2161 Romanam
2973 2105 3235 2160 ditionem
3263 2114 3509 2162 trecenta

1921 2201 2089 2255 millia
2119 2201 2297 2263 duxit,
2333 2216 2567 2269 cumque
2593 2199 2779 2270 Tyana
2819 2201 3182 2269 pervenisset,
3219 2198 3391 2255 aedem
3434 2199 3509 2254 ibi

1921 2311 2032 2348 suae
2069 2295 2334 2363 impietati
2361 2293 2570 2363 posuit.
2609 2291 2824 2346 lnlinita
2851 2300 3028 2347 castra
3061 2293 3204 2362 cepit
3241 2311 3255 2360 ;
3297 2292 3512 2349 emisit-

1919 2402 2026 2456 que
2059 2386 2346 2456 sexaginta
2394 2384 2590 2450 millia,
2638 2385 2732 2454 qui
2780 2384 3190 2439 incursionibus
3233 2386 3508 2455 Ancyram

1923 2494 2096 2546 usque
2149 2477 2328 2547 vagati
2376 2487 2524 2539 sunt,
2572 2475 2944 2544 erastatisque
2988 2477 3038 2528 in
3080 2490 3201 2544 qua;
3245 2476 3510 2531 incideret

1921 2570 2181 2623 omnibus
2207 2608 2220 2631 ,
2254 2570 2478 2622 domum
2532 2569 2715 2624 rediit.
2747 2567 2950 2622 Eduxit
2994 2583 3124 2622 suos
3153 2568 3317 2622 etiam
3343 2565 3508 2623 Nice-

1920 2663 2149 2732 pliorus,
2183 2661 2492 2732 desperatis
2519 2661 2633 2731 jaru
2669 2660 2834 2715 rebus
2861 2675 3016 2715 suam
3039 2661 3292 2714 virtutem
3321 2668 3509 2716 osteno

1922 2758 2058 2808 dens
2094 2772 2108 2819 ;
2152 2754 2394 2823 initoque
2445 2752 2700 2809 consilio.
2752 2752 2819 2805 ad
2877 2751 3110 2805 Arabem
3143 2751 3295 2821 pacis
3336 2752 3511 2821 impe-

1917 2847 2128 2900 trandae
2163 2861 2331 2900 causa
2381 2846 2594 2899 litteras
2626 2845 2871 2914 scripsit.
2919 2858 3147 2914 quarum
3195 2844 3509 2913 exemplum

1921 2938 2198 3006 sequitur:
2225 2939 2527 3001 «Quorsum
2549 2935 2814 3005 injustitia
2826 2944 2882 2990 et
2899 2933 3137 2990 caedibus
3153 2934 3381 3005 gaudes,
3402 2949 3508 2990 non

1921 3039 2212 3087 contentus
2246 3029 2376 3088 tuis.
2407 3028 2654 3096 ﬁnesque
2677 3037 2886 3080 veteres
2910 3035 2964 3079 et
2993 3035 3251 3094 paternos
3269 3025 3471 3080 transis
3488 3025 3515 3079 1'

1921 3121 2184 3186 Quisnam
2226 3121 2443 3172 divinus
2472 3128 2625 3174 vates
2653 3119 2769 3174 haec
2799 3126 2853 3172 te
2884 3116 3050 3187 835
3089 3131 3252 3187 agch
3289 3118 3459 3185 jussit
3487 3116 3513 3171 τ

1845 3237 1888 3295 (τ
1923 3215 2115 3269 Nonne
2146 3213 2534 3267 Mucliumclus
2563 3220 2690 3266 tuus
2717 3219 2868 3265 vates
2897 3226 3114 3266 onmem
3134 3211 3509 3265 Christianum

1925 3318 1976 3361 te
2028 3322 2123 3374 pro
2172 3306 2339 3359 fratre
2387 3308 2588 3359 habere
2628 3315 2795 3373 atque
2846 3318 3150 3373 agnoscere
3193 3303 3509 3372 jubetiAn

1921 3399 2164 3453 omnium
2195 3396 2376 3465 opifex
2410 3395 2574 3459 Deus,
2602 3403 2657 3448 et
2689 3402 3049 3462 utrorumque
3071 3406 3259 3446 curam
3292 3405 3510 3462 gerens,

1921 3491 2188 3558 sanguine
2236 3487 2520 3542 hominum
2567 3486 2774 3555 injuste
2816 3483 2942 3539 fuso
2988 3484 3299 3539 delectatur
3337 3482 3362 3536 τ
3405 3482 3512 3538 Ab-

1922 3580 2035 3634 sit!
2077 3581 2156 3631 An
2194 3579 2318 3633 ideo
2347 3577 2531 3632 exiisti
2564 3575 2750 3642 domo,
2801 3575 3007 3646 injuria
3048 3573 3304 3628 affectum
3346 3587 3444 3629 eos
3479 3588 3511 3628 a

1920 3671 2121 3740 quibus
2174 3671 2334 3723 la‘sus
2387 3684 2497 3723 non
2549 3682 2629 3732 es,
2672 3667 2798 3738 quia
2839 3681 2999 3729 auro,
3050 3671 3279 3735 argento
3321 3664 3513 3719 aliisve

1922 3764 2086 3817 rebus
2144 3762 2443 3830 indigeas?
2491 3760 2654 3830 Atqui
2713 3757 3118 3828 pretiosissima
3175 3771 3406 3825 quisque
3456 3762 3512 3810 et

1922 3854 2084 3908 nobis
2127 3854 2309 3919 magni
2355 3851 2623 3906 aestimata
2656 3857 2964 3918 paratuque
3011 3843 3250 3899 diliicilia
3297 3841 3512 3898 abunde

1922 3946 2197 4014 possides.
2224 3943 2430 4010 Quodsi
2465 3957 2572 4011 qua
2595 3957 2653 3995 re
2690 3951 2878 3994 nostra
2921 3952 3062 4007 opus
3103 3936 3292 4002 babes,
3327 3933 3510 3990 statim

1923 4051 2026 4092 nos
2054 4052 2172 4090 eam
2209 4036 2305 4088 tibi
2344 4043 2594 4087 amanter
2631 4030 3014 4102 praebebimus.
3059 4027 3178 4081 Non
3223 4041 3374 4096 ergo,
3418 4039 3515 4094 pe-

1922 4129 2080 4182 rinde
2112 4142 2173 4181 ae
2212 4128 2257 4182 si
2296 4127 2637 4181 immortales
2676 4137 2923 4178 essemus
2954 4119 3202 4189 nullique
3234 4119 3345 4173 Deo
3374 4118 3510 4172 sub-

1923 4221 2045 4286 diti,
2107 4220 2250 4274 inter
2291 4235 2392 4272 nos
2443 4217 2842 4286 depugnemus,
2885 4212 3151 4266 malorum
3201 4210 3508 4266 daan'sonum

1924 4309 2064 4367 bella
2107 4311 2370 4366 adversus
2399 4311 2650 4364 homines
2683 4307 2904 4372 imitati,
2933 4321 3058 4360 cum
3082 4307 3325 4358 sciamus
3350 4301 3512 4372 paulo

1925 4412 2047 4476 post
2073 4419 2176 4459 nos
2212 4404 2532 4462 morituros,
2570 4408 2626 4454 et
2657 4412 2841 4453 coram
2872 4395 3079 4466 judice,
3112 4394 3205 4464 qui
3230 4390 3512 4461 corrumpi

1924 4514 1982 4552 se
2031 4512 2138 4551 non
2176 4496 2404 4567 patitur,
2456 4493 2882 4564 comparituros,
2931 4488 3024 4557 qui
3077 4486 3255 4542 cuivis
3289 4484 3508 4555 dignam

234 4580 502 4650 βασιλέως
531 4581 851 4653 Νικηφόρου
889 4581 1297 4642 ἐπιστείλαντος
1333 4578 1702 4648 μετά.δώρων
1737 4598 1815 4633 τι-

1923 4602 2147 4643 suorum
2197 4587 2464 4641 factorum
2505 4582 2810 4638 mercedem
2854 4580 3062 4635 reddet.
3100 4597 3122 4630 ι
3156 4577 3250 4632 llis
3282 4577 3506 4640 litteris.

229 4673 360 4734 νῶν,
387 4674 416 4726 6
443 4674 627 4744 Ἄραψ
677 4674 1008 4742 ἀγαθυνθεὶς
1060 4678 1152 4727 καὶ
1184 4671 1614 4734 ἀνταποστείλας
1668 4671 1819 4744 δῶρα

231 4766 468 4818 πλεῖστά
499 4782 560 4819 τε
589 4766 685 4820 καὶ
725 4765 1005 4836 θαυμάσια
1045 4768 1163 4835 μετ’
1212 4768 1434 4836 εἰρήνης
1484 4765 1813 4835 ὑπέστρεψε,

229 4861 330 4928 τὴν
360 4858 678 4929 Νικηφόρου
706 4859 924 4913 σύνεσιν
967 4857 1430 4929 ὑπερθαυμάζων.
1464 4857 1570 4910 Καὶ
1600 4858 1816 4927 στοιχή-

233 4967 334 5013 σας
366 4953 488 5003 κατ’
522 4949 640 5012 ἔτος
671 4951 946 5005 τελεῖσθαι
981 4951 1166 5013 αὐτοῖς
1197 4952 1510 5020 νομίσματα
1568 4951 1814 5021 χιλιάδας

233 5040 296 5106 λ’,
321 5043 418 5094 καὶ
436 5040 539 5094 άνά
561 5040 686 5111 τρία
714 5042 1026 5111 νομίσματα
1048 5043 1211 5096 αὐτὸν
1236 5043 1325 5094 τὸν
1349 5042 1575 5112 βασιλέα
1609 5043 1699 5096 καὶ
1723 5044 1812 5095 τὸν

233 5136 347 5186 υἱὸν
376 5133 566 5198 αὑτοῦ,
594 5135 651 5186 ὲν
680 5133 832 5198 τάξει
861 5134 1266 5204 κεφαλητίωνος
1302 5136 1435 5204 (⁸57),
1466 5137 1559 5188 καὶ
1589 5135 1722 5205 μηδὲ
1749 5134 1815 5187 τά

231 5224 665 5295 παραληφθέντα
700 5226 792 5279 ὑπ’
821 5226 987 5279 αὐτοῦ
1020 5229 1233 5298 κάστρα
1283 5227 1591 5296 κτισθῆναι,
1626 5227 1814 5298 ἀπῄει.

232 5315 453 5369 Τούτων
485 5316 541 5369 δὲ
568 5317 1025 5388 ὑποστρεψάντων
1057 5319 1258 5381 εὐθέως
1289 5319 1317 5369 6
1368 5312 1620 5388 βασιλεὺς
1670 5321 1816 5372 ἔκτι-

235 5424 326 5460 σεν
356 5409 497 5460 αὑτά
534 5410 629 5461 καὶ
673 5411 1092 5480 κατωχύρωσεν.
1132 5414 1308 5482 Ὅπερ
1353 5411 1540 5481 μαθὼν
1593 5414 1620 5464 6
1688 5413 1813 5463 Ἀα-

236 5498 344 5568 ρὼν
369 5499 694 5564 ἀποστείλας
731 5500 893 5554 πάλιν
929 5497 1039 5554 εἷλε
1068 5503 1166 5572 τὴν
1197 5502 1404 5573 Θήϐαν,
1433 5502 1528 5555 καὶ
1588 5502 1810 5572 πέμψας

235 5591 422 5644 στόλον
453 5593 532 5654 είς
565 5593 787 5664 Κύπρον
823 5595 916 5658 τάς
941 5611 1001 5647 τε
1033 5593 1325 5664 ἐκκλησίας
1360 5594 1695 5664 κατέστρεψε
1721 5594 1814 5646 καὶ

1925 4679 2130 4747 quibus
2189 4686 2242 4732 et
2301 4678 2440 4729 dona
2482 4673 2726 4742 qua-dam
2772 4679 2929 4726 erant
2972 4670 3206 4738 adjeCta,
3259 4669 3508 4740 placatus

1924 4769 2102 4823 Arabs
2133 4769 2363 4838 plurima
2394 4777 2448 4820 ιιι
2491 4765 2758 4820 mirabilia
2790 4776 3020 4818 munera
3060 4760 3304 4818 vicissim
3351 4759 3507 4813 Nice-

1925 4859 2097 4925 phoro
2132 4859 2300 4923 misit,
2339 4859 2641 4910 admiratus
2667 4856 2788 4924 ejus
2811 4867 3066 4915 acumen,
3105 4861 3159 4906 et
3196 4865 3331 4920 pace
3362 4849 3504 4903 faeta

1922 4947 2200 5004 discessit.
2232 4946 2456 5000 Pactum
2504 4956 2682 5000 autem
2719 4943 2821 4998 fuit
2861 4952 2920 4997 ut
2961 4941 3194 4996 Romani
3231 4939 3504 4995 Arabibus

1921 5042 2218 5114 quotannis
2242 5043 2464 5112 triginta
2497 5043 2664 5094 millia
2694 5041 3076 5094 nomismatum
3096 5037 3418 5108 penderent,
3448 5043 3504 5091 et

1920 5147 2072 5192 terna
2101 5137 2216 5206 ipse
2246 5137 2543 5206 imperator
2575 5133 2803 5202 ejusque
2835 5132 2978 5185 lilius
3013 5131 3358 5195 nomismata,
3384 5129 3504 5182 loco

1920 5244 2120 5283 census
2153 5228 2438 5297 iu‘capita,
2476 5240 2610 5279 ιιι-νε
2651 5223 2883 5278 Romani
2919 5231 3097 5277 castra
3134 5223 3203 5276 ab
3231 5222 3506 5278 Arabibus

1919 5331 2080 5392 capta
2111 5321 2421 5375 reﬁcerent.
2467 5317 2760 5371 Enimvero
2793 5316 3065 5369 Arabibus
3094 5314 3360 5386 digressis
3388 5324 3507 5367 διαι-

1919 5415 2017 5469 tim
2052 5428 2114 5466 ea
2163 5410 2504 5479 Neepborus
2544 5407 2872 5464 instauravit
2920 5415 3085 5475 atque
3126 5405 3342 5459 muniit.
3384 5401 3506 5469 Quo

1923 5505 2144 5576 cognito
2165 5504 2346 5558 Aaron
2369 5519 2586 5558 rursum
2608 5505 2777 5556 misso
2803 5501 3046 5555 exercitu
3067 5497 3304 5553 Tltebam
3334 5495 3502 5565 cepit,

1927 5600 2202 5664 missaque
2261 5595 2316 5647 in
2373 5592 2612 5664 Cyprum
2646 5591 2856 5648 classe
2919 5590 3123 5662 templa
3200 5588 3398 5647 evertit
3449 5602 3506 5643 ιι

1359 5706 1716 5764 XYLANDRI
1748 5708 1836 5763 ET
1876 5709 2085 5767 GOARI
2147 5707 2380 5765 NOTAE.

307 5798 420 5873 (ξοδ)
447 5800 728 5873 -Κοῦρσοῇ
759 5804 1045 5871 piraticum
1078 5804 1283 5858 navale.
1317 5804 1491 5860 Goan.

304 5871 418 5935 (37)
447 5870 704 5929 Videatur
725 5870 917 5931 auctor
938 5892 989 5946 p.
1019 5875 1122 5930 457
1147 5891 1290 5930 anno
1311 5875 1505 5932 Leonis
1532 5874 1697 5934 Isauri
1725 5875 1802 5931 l6.
1842 5874 2011 5932 Cosa.
