4226 6444
730 378 834 444 923

1994 366 2311 431 GEORGII
2348 366 2648 426 CEDBEN
2656 366 2684 425 Ι

3894 354 4001 416 924

724 507 900 561 genus
940 494 1377 543 commentorum
1430 485 1716 557 multiplex
1748 483 1987 540 varietas
2044 479 2303 554 cognosci
2337 514 2348 540 λ

2419 479 2471 533 ἐν
2504 477 2786 549 κεφαλαίῳ
2836 476 3010 547 μικρά
3064 491 3155 545 μοι
3187 470 3692 542 ἐστηλογράφηται,
3722 467 3995 539 δηλοῦντα

725 583 920 654 possit.
949 579 1241 634 Omisimus
1272 579 1416 632 enim
1459 594 1596 648 quas
1626 576 1681 630 in
1717 577 1862 645 regia
1907 575 2042 631 urbe
2086 573 2307 638 summi,

729 673 895 727 medii
950 681 1004 724 ct
1050 669 1222 725 intimi
1259 670 1361 724 loci
1413 678 1577 737 atque
1616 667 1949 722 conditionis
1996 665 2310 720 hominibus

727 763 912 816 intulit
961 761 1212 829 injurias,
1251 762 1433 830 plures
1463 775 1627 828 quam
1673 769 1728 813 ut
1761 758 2024 827 perscribi
2071 759 2306 825 possint.

725 853 895 919 Cujus
937 853 1156 922 generis
1188 862 1336 915 sunt,
1359 852 1503 921 quod
1536 851 1764 906 divitum
1818 867 2007 906 servos
2039 852 2311 903 suborna-

727 945 827 1010 rit,
887 945 977 1012 qui
1025 943 1162 997 falso
1213 960 1343 997 suos
1398 943 1649 997 dominus
1690 944 1921 996 crimine
1962 949 2310 1004 accusarent,

733 1037 1180 1104 tlclatoribttsque
1214 1037 1475 1088 honorem
1524 1035 1736 1098 habuit,
1773 1035 2045 1087 calumnia
2075 1034 2313 1086 circum-

729 1138 924 1184 vcntos
994 1137 1220 1199 argento
1270 1130 1528 1184 multatis.
1574 1127 1714 1193 Quin
1765 1137 1819 1182 et
1877 1143 1942 1181 eo
1998 1129 2310 1196 rapinarum

731 1222 1003 1290 processit
1028 1231 1087 1276 ut
1116 1223 1404 1292 quemdam
1425 1221 1592 1292 839
1622 1223 1797 1276 mellis
1821 1236 2070 1289 ceraeque
2102 1221 2313 1272 instito-

730 1326 847 1367 rem
881 1313 938 1368 in
982 1313 1102 1368 foro
1125 1316 1435 1382 degentem,
1487 1315 1580 1384 qtti
1629 1330 1728 1368 suo
1767 1315 1949 1367 labore
1985 1312 2312 1366 sullieientes

730 1405 839 1460 sibi
869 1421 1000 1475 opes
1031 1415 1343 1474 paraverat,
1371 1405 1436 1460 ad
1465 1421 1525 1460 se
1554 1417 1806 1460 vocatum
1834 1405 2060 1474 jusserit
2091 1419 2310 1457 manum

729 1497 894 1567 capiti
926 1497 1276 1566 imperatoris
1303 1498 1606 1567 imponere,
1633 1497 2074 1565 itaquejuratum
2101 1495 2313 1550 edicere

729 1598 996 1656 quantum
1041 1589 1346 1658 possideret
1386 1590 1527 1642 auri.
1561 1588 1811 1657 Cumque
1851 1588 1896 1644 is
1933 1596 2148 1641 centum
2191 1586 2310 1639 auri

729 1683 900 1736 libras
961 1683 1062 1736 sibi
1124 1697 1245 1734 esse
1295 1679 1580 1744 fateretur,
1629 1683 1815 1735 statim
1869 1689 1924 1730 ut
1967 1694 2060 1733 eas
2093 1678 2312 1732 aﬂerret

733 1775 1033 1829 mandarit.
1068 1773 1186 1840 Quo
1220 1775 1363 1828 facto
1390 1815 1402 1838 ,
1431 1793 1449 1824 ‹
1476 1776 1772 1840 Quorsum,
1797 1774 1996 1840 inquit,
2035 1773 2128 1825 tibi
2156 1771 2310 1825 solli-
2339 1812 2386 1871 Β

732 1867 976 1920 citudine
1031 1868 1133 1920 ista
1186 1883 1324 1935 opus
1361 1866 1493 1920 est?
1546 1865 1755 1919 Prande
1790 1880 2027 1928 mecum,
2059 1874 2311 1918 centum-

732 1975 840 2027 que
870 1960 1295 2015 nomismatibus
1335 1971 1516 2014 tecum
1547 1960 1769 2013 domum
1796 1958 1994 2013 ablatis
2020 1964 2312 2012 contentus

731 2061 872 2106 esto.
913 2072 930 2102 ι

805 2144 964 2195 Anno
999 2140 1032 2194 9
1059 2141 1174 2198 suis
1213 2150 1402 2196 contra
1451 2140 1797 2196 Christianos
1829 2137 2156 2194 commentis
2192 2153 2311 2191 ma-

731 2235 817 2303 gis
850 2234 1132 2303 magisque
1165 2235 1436 2299 incubuit,
1492 2233 1688 2301 impias
1740 2247 1903 2297 opum
1941 2230 2311 2300 inspectiom's

735 2341 1017 2390 exercens,
1044 2325 1419 2392 coemptiones
1454 2324 1688 2392 injustas
1713 2322 1958 2374 omnium
1991 2321 2309 2374 animalium

738 2421 1025 2470 brutorum
1078 2425 1132 2470 et
1191 2417 1426 2485 pecoris,
1476 2413 1877 2485 publicationes
1934 2413 2203 2467 bonorum
2262 2421 2316 2466 et

739 2511 942 2564 multas
1000 2524 1307 2575 procerum,
1372 2523 1572 2562 usuras
1639 2507 1705 2561 de
1745 2506 1979 2575 navigiis
2041 2513 2311 2572 captatus,

735 2615 860 2653 cum
891 2599 1110 2652 interim
1137 2614 1196 2653 re
1227 2598 1454 2653 foenebri
1487 2599 1608 2652 aliis
1637 2598 1890 2652 omnibus
1920 2596 2312 2662 interdixisset,

735 2692 959 2760 aliaque
986 2691 1198 2744 infinita
1232 2692 1372 2744 mala
1399 2693 1747 2758 excogitans,
1803 2706 1923 2758 qua:
1962 2688 2314 2758 cupientibus

739 2798 826 2837 res
852 2791 1033 2853 gestas
1061 2784 1386 2852 compendio
1429 2797 1763 2852 cognoscere
1816 2781 2079 2836 molestus
2121 2782 2192 2836 sit
2229 2780 2315 2834 fu-

737 2886 930 2941 turus,
993 2879 1039 2932 si
1096 2878 1219 2946 quis
1280 2877 1412 2931 velit
1460 2877 1773 2945 Singulatim
1837 2891 2142 2930 recensere.
2192 2875 2317 2928 Fuit

736 2971 902 3023 etiam
961 2985 1179 3024 Summo
1236 2969 1420 3024 studio
1473 2969 1691 3021 deditus
1737 2967 2050 3021 Manichaeis
2104 2969 2172 3021 iis
2223 2968 2313 3035 qui

737 3075 886 3115 nunc
926 3060 1227 3113 Paulieiani
1276 3068 1328 3113 et
1373 3059 1666 3128 Athingani
1699 3059 1978 3121 dicuntur,
2019 3076 2116 3130 per
2148 3059 2318 3128 Phry-

2413 570 2474 622 τὸ
2505 572 2639 640 πρὸς
2672 570 2780 621 πᾶν
2819 565 2957 631 εἶδος
3004 563 3316 629 πλεονεξίας
3363 562 3525 618 αὑτοῦ
3590 562 3998 632 πολυμήχανον.

2417 660 2502 732 [Ρ.
2533 639 2658 733 ίὸθ]
2696 659 2775 712 Τὰ
2807 659 2918 729 γὰρ
2967 658 3104 710 κατά
3155 657 3257 724 τὴν
3297 653 3542 723 βασιλίδα.
3582 655 3695 715 τοῖς
3747 655 3803 704 ἐν
3851 651 4004 704 τέλει

2415 753 2510 804 καὶ
2561 751 2748 822 μέσοις
2791 750 2888 802 καὶ
2941 747 3209 801 εὐτελέσιι
3269 743 3608 812 ἐνδειχθέντα
3668 742 3819 796 δεινά
3869 741 4003 810 παρ’

2415 842 2580 896 αὐτοῦ
2630 841 2774 910 πέρα
2828 839 3161 910 συγγραφῶν
3215 837 3344 889 ὅντα
3399 834 3796 904 παρελίπομεν,
3849 833 4003 894 ὅπως

2412 935 2536 995 τοὺς
2567 933 2838 1003 πονηροὺς
2864 932 2970 983 τῶν
3010 929 3234 982 οἰκετῶν
3261 926 3606 980 καθυπέὸαλε
3641 925 4003 992 συκοφαντεῖν

2414 1022 2540 1084 τοὺς
2594 1022 2803 1074 ἑαυτῶν
2865 1019 3155 1083 δεσπότας,
3220 1019 3337 1070 ὅσοι
3390 1015 3591 1086 δηλαδὴ
3654 1015 3711 1066 ἐν
3766 1011 4004 1084 εὐπορίᾳ

2414 1112 2626 1184 ἔτυχον,
2657 1115 2783 1176 τοὺς
2834 1112 2933 1184 μὲν
2965 1110 3348 1172 διαϐάλλοντας
3375 1107 3540 1177 τιμῆς
3569 1104 3757 1171 ἀξιῶν,
3783 1105 3911 1166 τοὺς
3932 1103 3998 1157 δέ

2415 1205 2879 1276 διαὸαλλομένους
2940 1201 3338 1273 ἐξαργυρίζων.
3385 1200 3548 1258 Ὥστε
3584 1196 3677 1251 καί
3727 1215 3850 1250 τινα
3892 1214 4002 1263 κηο

2417 1293 2704 1365 ρου).άριον
2729 1292 2859 1345 ὄντα
2915 1293 2972 1343 ἐν
3025 1291 3103 1360 τῷ
3153 1290 3326 1360 φὸρῳ,
3378 1287 3602 1357 ἀνενδεῆ
3656 1286 4002 1355 τυγχάνοντα

2416 1387 2480 1438 ἐκ
2534 1386 2712 1437 πόνων
2768 1384 2955 1449 ίδίων,
3035 1380 3532 1452 μεταστειλάμενος
3602 1380 3631 1431 ὁ
3698 1379 4003 1449 παμφάγος

2416 1476 2550 1544 φησί
2581 1491 2593 1503 °
2651 1494 2668 1526 ι
2696 1474 2798 1536 Θὲς
2842 1474 2941 1543 τὴν
2974 1474 3131 1542 χεῖρά
3163 1488 3254 1524 σου
3285 1471 3379 1523 ἐπὶ
3426 1469 3526 1540 τὴν
3569 1469 3813 1540 κεφαλήν
3871 1487 4001 1538 μου,

2416 1568 2509 1621 καὶ
2533 1567 2728 1634 ὄμοσον
2754 1565 2915 1627 πόσος
2946 1563 3144 1633 χρυσός
3179 1559 3260 1615 σοί
3295 1563 3472 1616 ἐστιν.
3512 1579 3529 1612 ι
3586 1561 3645 1612 Ὀ
3697 1560 3752 1614 δέ
3805 1559 4004 1628 λίτρας

2416 1658 2610 1708 ἐκατδν
2643 1657 2856 1721 ἐξεῖπεν
2881 1653 3046 1724 ἔχειν.
3089 1653 3146 1706 ’0
3173 1653 3228 1705 δέ
3257 1654 3487 1719 ἀγαγεῖν
3510 1650 3713 1714 ταύτας
3745 1651 3868 1704 κατ’
3896 1654 4004 1704 αὖ·

2415 1749 2511 1816 τὴν
2543 1750 2640 1818 τὴν
2677 1748 2826 1818 ὥραν
2855 1746 2978 1816 ἔφη.
3011 1741 3110 1798 Ὧν
3142 1745 3476 1814 ἐνεχθέντων
3517 1743 3683 1813 φησιν
3727 1743 3755 1795 ὀ
3781 1744 4004 1796 ἐσκοτι-

2415 1840 2614 1910 σμένος
2636 1855 2648 1868 ·
2708 1860 2725 1890 ι
2759 1841 2830 1893 Σὺ
2863 1839 2915 1891 τί
2971 1837 3160 1909 χρείαν
3201 1838 3343 1908 ἔχεις
3369 1834 3754 1906 περισπασμοῦ
3789 1853 3803 1901 ;
3863 1837 4008 1889 Συν-

2415 1933 2708 2002 αρίστησόν
2765 1949 2880 2002 μοι,
2912 1933 3005 1984 καὶ
3036 1934 3175 2002 ἄρας
3202 1929 3517 1999 νομίσματα
3542 1928 3735 1981 ἑκατὸν
3761 1929 4006 2000 πορεύου

2414 2025 2754 2097 ἀρκούμενος
2778 2026 2979 2087 αὐτοῖς.
3016 2043 3036 2074 ι

2485 2139 2574 2209 Τῷ
2603 2139 2644 2192 θ’
2691 2141 2801 2192 ἔτει
2838 2139 2936 2202 τὰς
2997 2138 3141 2192 κατὰ
3182 2135 3526 2208 Χριστιανῶν
3580 2135 3824 2199 ἐπινοίας
3873 2136 4007 2190 ἐπέ-

2413 2249 2610 2296 τεινεν,
2643 2233 2872 2302 ἐποψίας
2892 2231 3106 2296 ἀθέους,
3131 2230 3553 2301 ἐπαγορασμοὺς
3583 2228 3850 2282 παντοίων
3874 2230 4010 2282 ἀλό-

2415 2343 2526 2394 γων
2559 2327 2923 2395 βοσκημάτων
2953 2342 3010 2378 τε
3039 2326 3132 2378 καὶ
3169 2322 3422 2393 καρπῶν,
3454 2320 3673 2384 ἀδίκους
3706 2321 4009 2391 δημεύσεις

2416 2420 2509 2471 καὶ
2566 2417 2772 2487 ζημίας
2830 2417 2940 2470 τῶν
2998 2420 3054 2470 ἐν
3107 2417 3270 2481 τέλει,
3329 2418 3623 2486 τοκισμοὺς
3681 2416 3740 2466 ἐν
3796 2414 4008 2478 πλοίοις

2415 2513 2442 2564 ὁ
2475 2513 2604 2564 πᾶσι
2633 2510 2939 2580 νομοθετῶν
2969 2512 3029 2564 τὸ
3065 2514 3140 2580 μὴ
3178 2511 3435 2574 τοκίζειν,
3466 2510 3560 2562 καὶ
3593 2508 3757 2571 ἄλλας
3799 2511 4010 2579 μυρίας

2417 2600 2606 2656 κακῶν
2638 2600 2900 2663 ἐπινοίας,
2924 2594 2999 2655 ὧν
3031 2602 3063 2669 ἡ
3110 2599 3252 2653 κατὰ
3290 2600 3453 2670 μέρος
3506 2601 3716 2669 ἱστορία
3760 2601 4006 2669 φορτική

2416 2696 2529 2756 τοῖς
2555 2695 2822 2762 ἐπιτετμη
2834 2693 3008 2762 μένως
3035 2692 3261 2760 ζητοῦσι
3291 2693 3586 2761 μανθάνειν
3607 2692 3676 2744 τά
3696 2692 4010 2761 πράγματα

2419 2788 2648 2854 πέφυκε.
2692 2785 2811 2837 Τῶν
2845 2784 2900 2836 δὲ
2927 2783 3267 2852 Μανιχαίων,
3314 2783 3420 2835 τῶν
3469 2783 3565 2836 νῦν
3623 2783 4013 2838 Παυλικιανῶν

2419 2879 2514 2931 καὶ
2542 2877 2901 2942 Ἀθιγκάνων,
2947 2875 3053 2926 τῶν
3105 2876 3246 2928 κατὰ
3287 2875 3526 2943 Φρυγίαν
3561 2875 3654 2926 καὶ
3694 2874 4011 2926 Λυκαονίαν

2421 2969 2812 3038 ἀγχιγειτὸνων
2867 2966 3015 3037 αὑτῷ
3053 2965 3285 3035 (ἐκεῖθεν
3319 2966 3427 3034 γάρ
3457 2966 3718 3033 ἐγεγόνει)
3748 2966 3902 3032 φίλος
3933 2961 4011 3036 ἦν

2423 3059 2708 3130 διάπυρος,
2755 3059 3025 3128 χρησμοῖς
3071 3058 3168 3109 καὶ
3190 3055 3435 3117 τελεταῖς
3466 3056 3645 3108 αὐτῶν
3677 3055 4008 3124 ἐπιχαίρων.

736 3153 879 3220 giam
911 3162 964 3205 et
993 3150 1325 3220 Lycaoniam
1357 3150 1681 3219 degentibus
1708 3158 1762 3203 et
1795 3149 1898 3202 sibi
1939 3151 2133 3203 vicinis
2166 3150 2312 3217 (inde
2343 3163 2348 3195 ε

2424 3144 2584 3204 Οῦτοι
2637 3150 2822 3220 χώραν
2853 3149 3046 3204 ἔλαϐον
3079 3149 3172 3202 ἐπὶ
3209 3148 3306 3216 τῆς
3343 3147 3620 3217 βασιλείας
3653 3146 3820 3199 αὑτοῦ
3854 3147 4014 3214 ἀφό-

736 3243 884 3296 euim
944 3252 1100 3296 ortus
1147 3243 1313 3312 erat),
1371 3241 1610 3295 oraculis
1665 3256 1853 3293 eorum
1915 3250 1969 3294 et
2022 3241 2316 3295 sacrificiis

736 3333 999 3402 gaudens.
1051 3331 1090 3385 li
1126 3347 1255 3401 ergo
1307 3332 1426 3401 ipso
1483 3332 1784 3400 imperante
1845 3331 2120 3386 licentiam
2173 3333 2316 3384 nacti

740 3441 842 3480 suo
880 3439 1031 3478 more
1089 3423 1299 3477 vivendi
1344 3422 1544 3476 multos
1591 3422 1762 3476 futilis
1817 3421 2022 3492 ingenii
2069 3422 2319 3477 homines

741 3517 966 3572 nefariis
1011 3517 1127 3572 suis
1189 3516 1539 3584 opinionibus
1609 3515 1940 3569 infecerunt.
2009 3514 2132 3568 Fuit
2202 3522 2316 3568 tum

739 3612 795 3664 in
862 3609 1118 3665 exteriori
1200 3607 1484 3662 columella
1557 3606 1810 3661 Nicolaus
1886 3606 2108 3676 quidam
2183 3604 2320 3660 falso

741 3702 986 3756 eremitae
1044 3700 1264 3754 nomine
1313 3698 1593 3769 praeditus,
1659 3699 1753 3768 qui
1801 3714 1921 3752 cum
1981 3702 2099 3752 suis
2153 3697 2319 3751 sociis

742 3807 885 3846 verae
949 3791 1196 3860 religioni
1253 3798 1307 3844 et
1369 3788 1700 3844 venerandis
1760 3787 2093 3856 imaginibus
2156 3787 2321 3856 impie

741 3885 1168 3953 obloquebatur.
1219 3883 1326 3936 Eos
1367 3884 1667 3951 imperator
1718 3881 2053 3950 amplectens
2083 3880 2320 3948 patriar-

742 3979 902 4031 cham
933 3977 1175 4045 aliosque
1210 3977 1324 4044 pios
1359 3975 1611 4029 vexabat.
1665 3974 1854 4044 Itaque
1897 3973 1949 4025 in
1979 3971 2146 4042 840
2196 3986 2318 4025 eum

744 4083 888 4136 asa-pe
942 4065 1390 4133 indignabundus
1443 4065 1753 4128 patriarcha
1811 4064 2193 4116 invehebatur.
2255 4069 2323 4114 At

743 4159 1089 4226 Nicephorus
1139 4171 1396 4225 magnum
1454 4171 1521 4210 ex
1569 4155 1775 4208 mutuis
1814 4153 1955 4207 odiis
1992 4152 2322 4221 percipiebat

743 4249 1003 4318 gaudium
1043 4263 1057 4312 ;
1093 4256 1260 4316 utque
1293 4254 1410 4301 erat
1434 4245 1744 4299 divinorum
1781 4259 2006 4298 eversor
2034 4243 2322 4296 mandato-

745 4355 888 4405 rum,
962 4339 1202 4392 ludibrio
1256 4337 1492 4391 habebat
1548 4351 1738 4390 omnes
1796 4336 2106 4404 proximum
2159 4348 2321 4388 suum

744 4432 1032 4500 niligentes
1063 4428 1431 4484 Christianos.
1485 4427 1662 4483 Duces
1712 4441 1931 4496 quoque
1980 4426 2319 4480 exercituum

739 4523 911 4590 jussit
941 4522 1214 4591 episcopis
1243 4529 1298 4574 et
1348 4519 1564 4572 clericis
1607 4519 2004 4587 mancipiorum
2043 4517 2164 4569 loco
2217 4515 2316 4576 uti,

745 4629 844 4682 pro
894 4628 991 4668 Sua
1054 4613 1384 4666 auctoritate
1425 4610 1477 4664 in
1534 4610 1743 4664 adibus
1799 4609 2207 4677 episr-Opztlibus
2265 4615 2319 4660 et

746 4706 1095 4760 monasteriis
1126 4705 1422 4762 divertere.
1455 4717 1757 4772 eorumque
1780 4702 1944 4755 rebus
1970 4716 2064 4768 pro
2093 4700 2319 4752 arbitrio

743 4797 918 4851 abuti.
984 4795 1341 4864 \‘ituperabat
1397 4810 1493 4850 eos
1547 4794 1639 4862 qui
1684 4794 1751 4846 ab
1799 4792 1947 4846 omni
1999 4800 2158 4844 atate
2208 4791 2317 4843 Deo

741 4904 906 4942 aurea
966 4891 1049 4941 vel
1107 4896 1360 4956 argentea
1428 4901 1555 4939 vasa
1613 4895 2054 4948 eonsccrassent,
2113 4894 2166 4938 ct
2229 4899 2318 4938 res

741 4981 1069 5050 templorum
1125 4993 1308 5033 sacras
1363 4979 1416 5032 in
1451 4977 1709 5048 profanos
1741 4978 1938 5032 debere
1993 4992 2126 5030 usus
2182 4993 2318 5030 con-

741 5073 879 5127 verti
923 5070 1220 5126 statuebat.
1254 5068 1459 5125 Omnes
1487 5080 1612 5123 ante
1644 5071 1822 5139 ipsum
1859 5069 2216 5133 imperatores
2256 5079 2316 5121 nt

741 5163 1083 5230 gubernandi
1126 5163 1338 5218 nescios
1362 5163 1634 5231 culpabat,
1672 5161 2078 5217 Providentiam
2113 5162 2164 5214 in
2199 5162 2319 5214 uui-

744 5270 966 5311 versum
999 5255 1212 5320 tollens,
1246 5255 1633 5323 allirmansque
1676 5255 1944 5309 neminem
1990 5254 2316 5321 imperatore

2423 3243 2531 3305 ὁως
2560 3240 2961 3302 πολιτεύεσθαι,
2994 3241 3087 3292 καὶ
3113 3239 3300 3291 πολλοὶ
3323 3239 3429 3290 τῶν
3488 3241 3833 3308 κουφοτέρων
3888 3240 4011 3302 ταῖς

2419 3333 2701 3402 ἀθεμίτοις
2754 3331 2938 3384 αὐτῶν
2993 3329 3370 3399 διεφθάρησαν
3410 3328 3611 3394 δόξαις.
3683 3329 3771 3381 Ἐν
3820 3329 3878 3381 δὲ
3928 3331 4012 3399 τῷ

2433 3424 2755 3494 Ἐξωκιονίῳ
2783 3423 2894 3494 (45)
2929 3423 3336 3493 ψευδερημίτης
3367 3417 3435 3491 ἦν
3473 3420 3738 3485 Νικόλαος
3767 3419 4011 3490 τοῦνομα

2421 3519 2476 3580 ὃς
2503 3519 2599 3570 σὺν
2628 3519 2740 3579 τοῖς
2774 3517 2870 3568 σὺν
2901 3515 3051 3583 αὗτῷ
3081 3516 3221 3567 κατὰ
3251 3513 3346 3566 τοῦ
3379 3512 3540 3584 ὀρθοῦ
3579 3513 3740 3580 λόγου
3771 3514 3868 3566 καὶ
3896 3514 4012 3567 τῶν

2423 3609 2636 3661 σεπτῶν
2675 3610 2900 3661 είκόνων
2939 3607 3345 3677 ἐϐλασφήμουν.
3393 3601 3496 3658 Ἦν
3558 3605 4013 3676 ἀντιποιούμενος

2421 3703 2448 3754 ὁ
2496 3700 2747 3768 βασιλεὺς
2796 3699 2984 3750 ἐλύπει
3030 3700 3120 3750 τὸν
3167 3697 3432 3768 ἀρχιερέα
3472 3697 3566 3750 καὶ
3619 3699 3828 3759 πάντας
3879 3700 4013 3761 τοὺς

2424 3793 2562 3845 κατά
2597 3793 2727 3844 Θεὸν
2756 3792 2984 3855 ζῶντας.
3024 3789 3290 3854 Πολλάκις
3322 3790 3430 3858 γὰρ
3458 3793 3577 3843 κατ’
3626 3789 3792 3841 αὑτοῦ
3835 3792 4010 3858 ἐγκα-

2423 3884 2530 3936 λῶν
2580 3883 2963 3953 ἡγανακτήθη,
3008 3886 3122 3944 τοῖς
3163 3883 3302 3951 πρὸς
3354 3882 3622 3950 ἀλλήλους
3657 3883 4013 3952 ἐχθραίνουσι

2427 3975 2628 4046 σφόδρα
2678 3976 3011 4044 συγχαίρων,
3077 3975 3172 4026 καὶ
3238 3974 3594 4037 ἐπιτωθάζων
3654 3975 3821 4026 παντὶ
3870 3975 4012 4045 Χρι-

2426 4066 2628 4134 στιανῷ
2659 4066 2906 4134 φιλοῦντι
2937 4065 3026 4117 τδν
3089 4065 3317 4135 πλησίον
3371 4066 3448 4126 ὡς
3500 4067 3845 4131 άνατροπεῦς
3901 4066 4015 4120 τῶν

2425 4157 2584 4210 θείων
2611 4156 2863 4209 ἐντολῶν.
2890 4157 3028 4219 Τοὺς
3067 4157 3494 4226 στρατιωτικοὺς
3526 4157 3794 4224 ἄρχοντας
3829 4157 4014 4208 δουλι-

2424 4246 2534 4310 κῶς
2569 4245 2802 4317 χρῆσθαι
2835 4249 2947 4310 τοῖς
2974 4249 3294 4310 ἐπισκόποις
3326 4249 3420 4299 καὶ
3454 4247 3735 4315 κληρικοῖς
3760 4249 4010 4311 ἐκέλευε,

2425 4339 2838 4408 καταγομένους
2869 4339 3202 4400 αὐθεντικῶς
3237 4339 3294 4390 ἐν
3347 4340 3459 4400 τοῖς
3506 4340 3882 4400 ἐπισκοπείοις
3917 4343 4017 4391 καὶ

2429 4430 2833 4499 μοναστηρίοις,
2895 4431 2990 4483 καὶ
3038 4429 3422 4499 καταχρῆσθαι
3473 4428 3543 4481 τά
3607 4429 3808 4482 αὐτῶν.
3867 4429 4013 4493 Τοὺς

2425 4522 2523 4574 ἀπ’
2573 4521 2769 4583 αἰῶνος
2822 4521 3190 4587 ἀναθεμένους
3223 4520 3301 4590 τῷ
3334 4521 3455 4588 Θεῷ
3486 4521 3663 4588 χρυσᾶ
3699 4520 3732 4590 ἢ
3788 4521 4016 4591 ἀργυρᾶ

2427 4611 2596 4680 σκεύη
2629 4612 2814 4679 ἔψεγε,
2842 4614 2938 4666 καὶ
2967 4613 3035 4665 τά
3060 4613 3168 4664 τῶν
3213 4613 3520 4682 ἐκκλησιῶν
3548 4613 3670 4682 ίερά
3696 4612 4015 4666 κοινοῦσθαι

2425 4703 2573 4768 ἀξιον
2617 4703 2962 4772 ἐδογμάτιζε.
3015 4704 3152 4765 Τοὺς
3209 4703 3315 4774 πρὸ
3359 4703 3525 4756 αἰτοῦ
3563 4703 3802 4772 βασιλεῖς
3828 4703 4012 4756 ἀπαν-

2422 4811 2518 4856 τας
2552 4793 2626 4856 ὡς
2663 4794 3037 4863 ἁκυὸερνήτας
3083 4797 3382 4864 ἐμέμφετο,
3435 4795 3664 4847 καθόλου
3709 4794 3810 4864 τὴν
3865 4795 4016 4866 Πρόο

2424 4900 2574 4935 νοιαν
2637 4883 2903 4952 ἀναιρῶν,
2970 4885 3066 4936 καὶ
3127 4883 3333 4954 μηδένα
3384 4884 3567 4950 λέγων.
3611 4883 3854 4950 γίνεσθαι
3917 4885 4013 4937 τοῦ

2424 4975 2751 5045 κρατοῦντος
2796 4975 3190 5046 δυνατώτερον,
3245 4977 3293 5028 εἰ
3343 4976 3585 5045 βούλοιτο
3617 4978 3645 5027 ὁ
3677 4975 3897 5044 κρατῶν
3922 4978 4014 5028 ἐν-

2418 5068 2626 5137 τρεχῶς
2689 5069 2896 5138 ἄρχειν.
2957 5067 3042 5140 [Ρ.
3086 5068 3212 5140 481]
3251 5070 3360 5122 Καὶ
3415 5068 3732 5139 ἐματαιώθη
3781 5069 3839 5120 ἐν
3896 5071 4016 5132 τοῖς

2419 5160 2792 5230 διαλογισμοῖς
2843 5160 3012 5214 αὐτοῦ
3066 5164 3094 5212 ὁ
3149 5162 3376 5230 ἀνόητος
3445 5161 3537 5214 καὶ
3588 5160 3868 5230 θεομισής.
3921 5161 4013 5230 Τῷ

2423 5251 2530 5322 γὰρ
2557 5251 2756 5323 πρώτῳ
2778 5252 3033 5322 σαὸὅάτῳ
3059 5253 3164 5304 τῶν
3192 5253 3472 5321 Νηστειῶν
3507 5253 3604 5320 τῆς
3651 5253 3692 5303 δ’
3739 5253 4010 5304 ίνδικτιῶ-

1860 5457 2215 5512 XYLANDRI
2257 5456 2344 5510 ET
2384 5455 2597 5512 GOARI
2638 5454 2871 5511 NOTAE.

814 5576 924 5646 (45)
949 5574 1124 5643 Supra
1167 5576 1536 5642 conjecturam
1579 5593 1752 5630 meatu
1800 5577 2052 5645 exposui.
2110 5576 2213 5632 Sed
2261 5586 2316 5632 et

745 5648 847 5700 hoc
881 5649 1147 5714 suspicari
1181 5648 1327 5711 licet,
1360 5657 1509 5702 cura
1541 5649 1806 5702 urbemin
1838 5649 2020 5717 aliquo
2055 5648 2315 5704 suburbio

747 5717 916 5777 hunc,
947 5718 1203 5769 simulata
1262 5733 1290 5771 a
1353 5718 1556 5772 mundo
1583 5719 1942 5780 discessione,
1969 5719 2021 5771 in
2056 5719 2314 5773 columna

748 5787 930 5855 aliqua
976 5788 1312 5854 constitisse,
1380 5788 1570 5859 quales
1626 5805 1788 5859 supra
1851 5788 2038 5845 Daniel
2089 5789 2314 5860 Stylites

2427 5577 2630 5644 aliique
2687 5584 2817 5630 sunt
2866 5575 3305 5630 commemorati.
3338 5572 3395 5629 In
3422 5572 3762 5644 autographa
3786 5573 3894 5637 ἐξω
3928 5590 4011 5633 ιλιι

2425 5643 2553 5702 sine
2579 5659 2835 5709 accentu,
2893 5654 2952 5701 ut
3005 5646 3159 5714 quasi
3202 5645 3479 5700 cohaerere
3519 5643 3575 5700 et
3636 5643 3926 5698 coaluisse
3952 5650 4006 5700 in

2425 5733 2587 5772 unam
2614 5732 2797 5771 vocem
2831 5731 2959 5770 cum
2992 5715 3175 5784 κιονίῳ
3206 5715 3474 5771 videatur.
3509 5714 3640 5782 Quae
3675 5723 4006 5784 sequuntur,

2433 5769 2669 5858 prorsus
2694 5769 3106 5843 suntconfusa.
3145 5769 3280 5842 Xrt.
