4226 6444
758 355 862 418 927

1995 361 2323 424 GEORGII
2375 362 2712 423 CEDRENI

3904 359 4024 425 928

753 464 1005 519 irritatus
1040 464 1222 520 aditus
1242 465 1530 536 exitusque
1554 481 1667 523 sua:
1703 467 1928 524 ditionis
1965 469 2163 543 ligneis
2212 487 2334 525 mu-

2436 474 2550 537 τοῖς
2610 474 2832 528 συνοῦσι
2892 473 2962 527 τὰ
3028 473 3125 543 τῆς
3185 473 3461 537 ἀπωλείας
3547 473 3876 544 προέλεγεν,
3937 476 4035 529 ὅτι

752 555 1055 610 nitionihus
1094 554 1347 613 occlusit.
1389 555 1455 611 Et
1486 555 1832 629 Nicephorus
1880 558 2088 615 cladem
2133 576 2334 632 przcsa-

749 648 904 718 giens
938 647 1055 702 suis
1090 648 1229 703 dixit
1261 666 1274 701 :
1314 667 1333 701 ι
1380 646 1551 705 Nemo
1579 662 1828 706 nostrum
1876 653 2175 720 perniciem
2218 654 2332 709 evi-

750 738 908 803 tabit,
966 753 1034 792 ne
1088 739 1133 794 si
1165 739 1418 795 volucres
1441 741 1661 811 quidem
1690 740 1909 797 ﬁamus.
1951 761 1969 793 ι
2013 742 2185 798 Biduo
2209 754 2334 815 post

750 828 1030 886 Barbarus
1060 832 1262 900 populo
1295 832 1527 887 collecto
1559 835 1858 889 tentorium
1904 833 2198 907 Niccpltori
2239 853 2333 909 ag-

748 937 971 990 gressus
995 929 1102 977 est.
1140 922 1216 977 lbi
1242 922 1585 995 Nicephorus
1613 927 2006 982 miserabiliter
2036 930 2332 983 obtrunca-

747 1023 837 1067 tus
865 1025 969 1076 est,
995 1029 1298 1086 omnesque
1324 1032 1450 1071 cum
1484 1032 1549 1071 eo
1574 1018 1743 1072 duces
1766 1028 1821 1074 et
1850 1019 2061 1073 inﬁnita
2090 1021 2328 1074 militum

748 1104 1065 1166 multitudo,
1118 1106 1921 1177 omnibusqueimpedimentis
1989 1110 2143 1178 potiti
2199 1120 2331 1164 sunt

750 1194 986 1264 liulgari.
1020 1196 1192 1265 Caput
1226 1195 1519 1268 Nicephori
1560 1203 1847 1263 praecisum
1891 1199 2128 1256 Crumus
2168 1212 2331 1257 conto

748 1286 979 1356 praeﬁxit
1001 1288 1367 1359 ontnibusque
1393 1291 1815 1345 demonstravit.
1840 1290 2043 1346 Deinde
2066 1307 2128 1348 os
2155 1293 2330 1348 cranii

748 1378 1014 1431 nudatum
1042 1391 1271 1449 argento
1312 1381 1558 1445 inclusit,
1587 1381 1861 1452 jussitque
1892 1384 2168 1454 principes
2202 1384 2332 1437 Bul-

746 1483 1004 1538 garorum
1032 1485 1098 1524 ex
1143 1485 1209 1524 eo
1245 1470 1454 1536 bibere,
1509 1481 1676 1543 atque
1712 1473 1980 1529 insultare
2024 1474 2332 1543 Nicephoro

748 1570 804 1613 ut
876 1560 1245 1614 inexsatiabili
1309 1571 1366 1616 et
1431 1578 1623 1633 pacem
1689 1563 2041 1619 detrectanti.
2109 1565 2326 1619 Nullum

747 1660 967 1723 tempus
1033 1654 1367 1711 Christianis
1435 1656 1811 1712 calamitosius
1870 1657 1976 1711 hoc
2035 1656 2327 1727 Nicephori

749 1747 981 1815 imperio
1039 1746 1181 1800 fuit:
1240 1747 1378 1801 adeo
1438 1748 1860 1803 crudelissimos
1930 1764 2150 1820 quoque
2199 1765 2330 1805 suos

748 1847 1131 1896 antecessores
1176 1840 1579 1895 inhumanitate
1615 1844 1916 1911 superavit.
1949 1842 2121 1912 Cujus
2138 1843 2181 1896 si
2209 1842 2331 1912 quis

749 1930 1015 1985 maleﬁcia
1050 1931 1362 2002 singulatim
1401 1935 1745 2002 perscribere
1789 1935 1937 1996 velit,
1971 1950 2147 2004 neque
2192 1943 2333 1987 tem-

750 2035 855 2088 pus
884 2022 1119 2078 suﬁiciet
1149 2033 1203 2079 et
1225 2041 1422 2079 manus
1451 2026 1789 2095 fatigabitur.
1813 2026 1920 2082 Sed
1950 2043 2017 2083 ex
2054 2027 2169 2097 ipsa
2229 2041 2326 2081 ora

749 2114 885 2170 satis
916 2123 1096 2185 potest
1122 2115 1191 2172 de
1222 2116 1647 2187 textojudicari.

820 2248 1218 2308 Gravissimum
1268 2256 1433 2310 etiam
1489 2256 1687 2312 vulnus
1743 2258 1953 2327 accepit
2005 2254 2329 2312 Stanracius

750 2342 804 2396 in
842 2344 1169 2408 vertebram,
1202 2361 1453 2417 :egreque
1482 2363 1548 2403 ex
1602 2364 1784 2419 pugna
1840 2350 1997 2404 vivus
2040 2351 2229 2405 evasit.
2269 2349 2332 2404 Et

750 2449 876 2489 cum
936 2436 1346 2507 Adrianopolim
1408 2442 1769 2507 pervenisset,
1827 2440 2125 2509 imperator
2169 2442 2330 2494 etiam

750 2528 958 2582 dictus.
992 2527 1056 2582 Et
1088 2530 1216 2597 quia
1257 2544 1397 2600 equo
1426 2531 1549 2586 vehi
1588 2546 1696 2586 non
1738 2540 1978 2602 poterat,
2019 2531 2211 2586 lectica
2251 2540 2333 2586 est

750 2618 806 2674 in
839 2617 1027 2673 urbem
1064 2611 1315 2686 delatus;
1370 2620 1535 2693 843
1591 2630 1756 2692 atque
1802 2622 1873 2677 ob
1904 2622 2106 2676 vulnus
2139 2625 2194 2677 in
2231 2639 2332 2691 pu-

748 2708 954 2766 blicum
989 2709 1209 2779 prodire
1267 2726 1378 2765 non
1436 2713 1628 2768 valens
1683 2713 1737 2767 in
1791 2713 1995 2784 palatio
2049 2713 2330 2771 decubuit.

754 2799 1036 2855 Statuerat
1098 2798 1425 2856 Michaelum
1496 2802 1898 2872 curopalatam,
1951 2803 2158 2859 sororis
2222 2819 2335 2859 sua:

749 2891 1034 2957 maritum,
1067 2890 1244 2946 oculis
1280 2893 1519 2961 privare,
1554 2892 1958 2963 imperiumque
2013 2895 2170 2950 uxori
2219 2910 2334 2951 sua:

751 2979 1144 3051 Theophauoni
1214 2983 1544 3053 relinquere.
1605 2982 1714 3039 Sed
1764 2982 2063 3041 Michaelus
2112 2987 2335 3055 cognito

750 3074 986 3128 consilio
1024 3073 1203 3128 etl‘ecit
1243 3085 1301 3129 ut
1334 3077 1447 3143 ipse
1479 3076 1662 3130 statim
1710 3076 1764 3130 in
1807 3076 1965 3131 Circo
1997 3092 2025 3130 a
2056 3087 2245 3133 senatu
2280 3087 2334 3133 et

750 3166 1087 3221 exercitibus
1142 3167 1439 3236 imperator
1482 3166 1877 3230 declararetur,
1921 3169 2182 3223 nimirum
2236 3184 2332 3236 sne

748 3257 899 3310 omni
931 3257 1042 3326 jam
1084 3256 1152 3311 de
1202 3256 1493 3311 Stauracio
1546 3257 1778 3326 abjecta.
1833 3257 1944 3313 Iloc
2000 3264 2056 3312 ut
2111 3259 2333 3314 rescivit

747 3348 1096 3414 Stauracius,
1128 3349 1331 3417 palatio
1372 3363 1628 3418 egressus
1669 3365 1729 3405 se
1769 3357 1823 3405 et
1867 3366 2090 3405 uxorem
2140 3366 2333 3405 mona-

747 3438 1098 3493 sticohahitu
1130 3440 1330 3502 induit,
1360 3440 1525 3509 inque
1582 3442 1918 3496 monasterio
1968 3440 2138 3496 Braca
2189 3443 2332 3497 diem

751 3528 911 3594 obiit,
944 3537 1137 3595 estque
1186 3528 1240 3582 in
1293 3528 1472 3601 Satyri
1532 3531 1869 3586 monasterio
1925 3532 2199 3600 sepultus.
2231 3531 2331 3586 Pa-

754 3621 999 3676 triarcha
1028 3630 1143 3674 tum
1176 3620 1278 3676 fuit
1301 3623 1694 3678 sanctissimus
1723 3622 2087 3695 Nicephorus.

826 3849 1127 3906 Michaelus
1182 3852 1564 3921 curopalates,
1621 3862 1989 3922 cognomento
2030 3854 2335 3918 Rancabes,

755 3954 926 4007 gener
948 3939 1242 4008 Nicephori
1285 3941 1654 4013 imperatoris,
1707 3957 1734 3996 a
1792 3951 1986 3996 senatu
2032 3943 2339 4013 populoque

751 4031 993 4086 delatum
1019 4034 1122 4088 sibi
1148 4034 1435 4103 imperium
1463 4035 1733 4104 principio
1757 4036 2046 4099 recusavit,
2077 4035 2339 4104 imparem

752 4141 818 4180 se
856 4132 1023 4179 tanta
1075 4140 1258 4180 rerum
1318 4126 1450 4181 moli
1505 4127 1806 4181 tractanda:
1854 4141 2115 4194 causans,
2179 4126 2340 4199 idque

753 4216 926 4271 Leoni
965 4216 1220 4286 patricio,
1262 4219 1483 4273 natione
1528 4218 1815 4283 Armenio,
1848 4217 2211 4273 Orientalium
2246 4233 2341 4272 co-

755 4306 971 4374 piarum
995 4305 1119 4361 duci
1148 4308 1484 4372 concedens,
1513 4311 1607 4377 qui
1631 4308 1912 4364 animosus
1936 4310 2018 4362 vir
2038 4318 2325 4364 strenuus-

751 4411 866 4465 que
900 4395 1225 4452 habebatur.
1258 4395 1363 4453 Sed
1397 4397 1508 4454 Leo
1535 4399 1735 4464 renuit,
1774 4399 1921 4470 quod
1966 4399 2250 4470 indignum
2284 4416 2343 4456 se

2445 581 2464 614 ι
2499 563 2621 617 Κᾶν
2689 564 2960 635 πτερωτοὶ
3016 561 3307 633 γενώμεθα
3334 602 3349 626 ,
3411 563 3586 627 οὐδεὶς
3650 563 3867 634 ἐκφύγῃ
3929 563 4037 616 τὸν

2435 654 2679 726 ὄλεθρον.
2717 674 2736 709 ι
2769 655 2881 709 Καὶ
2909 653 3027 724 μεθ’
3071 655 3287 725 ἡμέρας
3342 655 3436 707 δύο
3488 653 3851 724 συναθροίσας
3893 653 4038 708 λαὸν

2434 745 2463 798 6
2488 746 2777 817 Βάρϐαρος
2804 745 3006 814 ἐπῆλθε
3029 746 3172 799 κατὰ
3198 745 3296 813 τῆς
3328 745 3423 799 τοῦ
3449 745 3767 815 Νικηφόρου
3792 746 4033 815 σκηνῆς.

2435 837 2546 891 Καὶ
2606 839 2797 891 τοῦτον
2849 837 3166 911 ἀναιροῦσιν
3211 839 3445 909 οίκτρῶς
3493 839 3589 892 καὶ
3635 838 3845 907 πάντας
3896 836 4039 901 τοῦς

2435 929 2532 982 σὺν
2562 928 2710 999 αὐτῷ
2757 929 3026 1001 ἄρχοντας
3087 931 3181 983 καὶ
3242 930 3336 984 τοῦ
3391 927 3524 983 λαοῦ
3575 929 3754 999 πλήθη
3795 929 4033 998 ἄπειρα.

2434 1022 2529 1074 καὶ
2559 1023 2740 1074 πᾶσαν
2790 1024 2892 1091 τὴν
2944 1023 3260 1082 ἀποσκευὴν
3316 1022 3661 1078 ἀνελάϐοντο.
3702 1020 3813 1093 Τὴν
3842 1023 3900 1075 δὲ
3927 1039 4033 1075 κε-

2435 1113 2611 1182 φαλὴν
2678 1111 2775 1165 τοῦ
2827 1113 3148 1183 Νικηφόρου
3211 1115 3239 1165 6
3302 1114 3561 1183 Κροῦμος
3625 1114 3865 1182 ἐκκόψας
3930 1114 4037 1166 ἐπὶ

2435 1201 2594 1266 ξύλου
2628 1203 2933 1273 ἀνήρτησεν
2997 1205 3078 1266 είς
3141 1204 3399 1269 ἐπίδειξιν
3433 1206 3677 1269 πάντων,
3715 1200 3815 1257 εἶθ’
3845 1202 4035 1268 οὕτως

2433 1292 2728 1362 γυμνώσας
2752 1295 2811 1346 τὸ
2841 1295 3034 1347 ὀστοῦν
3059 1294 3155 1347 καὶ
3179 1296 3643 1366 περιαργυρώσας
3664 1294 3823 1365 πέριξ
3846 1296 4033 1349 πίνειν

2433 1385 2513 1444 εἰς
2538 1384 2670 1436 αὐτὸ
2702 1386 2829 1446 τοὺς
2862 1385 3191 1456 Βουλγάρων
3244 1388 3513 1457 ἄρχοντας
3566 1387 3877 1452 ἐκέλευσεν,
3926 1389 4028 1454 ἑγ-

2432 1475 2821 1545 καυχωμένους
2849 1477 2969 1528 κατ’
3011 1477 3177 1530 αὐτοῦ
3208 1477 3283 1539 ὡς
3307 1478 3585 1547 ἀπλήστου
3618 1478 3713 1530 καὶ
3737 1478 3835 1549 τὴν
3866 1480 4028 1549 είρή-

2433 1582 2531 1635 νην
2586 1567 2681 1635 μὴ·
2721 1565 3072 1635 ϐελήσαντος.
3121 1568 3328 1622 Τούτου
3386 1568 3482 1622 τοῦ
3539 1570 3859 1639 Νικηφόρον
3920 1572 4025 1640 τῆς

2433 1650 2609 1721 ἀρχῆς
2632 1653 2947 1721 Χριστιανοὶ
2976 1655 3278 1726 βαρύτερον
3304 1656 3480 1710 οὐδενὶ
3501 1659 3679 1730 χρόνῳ
3700 1658 3987 1730 ἠτύχησαν
4008 1676 4026 1693 ο

2436 1744 2650 1807 πάντας
2684 1746 2793 1815 γὰρ
2814 1747 2940 1809 τοῦς
2966 1747 3072 1817 πρὸ
3105 1748 3273 1802 αὐτοῦ
3311 1749 3628 1817 ὠμοτάτους
3673 1752 3918 1821 βασιλεῖς
3953 1755 4027 1823 τῇ

2365 1819 2404 1874 Β
2434 1836 2806 1907 ἁπανθρωπίᾳ
2861 1838 3293 1909 ὑπερηκόντισεν
3344 1837 3519 1908 οὗτος,
3572 1836 3747 1915 οὗπερ
3780 1846 3829 1898 εί
3877 1845 4027 1900 κατά

2438 1929 2603 1997 μέρος
2632 1947 2717 1993 τις
2757 1930 2993 2001 βουληθῇ
3052 1932 3307 1998 διεξιέναι
3353 1934 3423 1988 τά
3460 1937 3670 2008 πονηρὰ
3730 1936 4027 2007 ἐπιτηδεύ-

2437 2035 2603 2086 ματα,
2657 2021 2686 2072 6
2737 2022 2930 2091 χρόνος
2991 2023 3258 2093 ἐπιλείψει
3317 2024 3415 2078 καὶ
3472 2026 3507 2095 ἡ
3572 2027 3692 2097 χεὶρ
3746 2026 4025 2098 ἀτονήσει.

2436 2110 2581 2180 Πλὴν
2606 2112 2669 2164 ὲκ
2689 2112 2783 2165 τοῦ
2822 2114 3132 2183 κρασπέδου
3161 2116 3222 2168 τὸ
3261 2114 3494 2187 ὕφασμα
3520 2117 3809 2189 πρόδηλον.

2505 2244 2881 2316 Τιτρώσκεται
2939 2248 2996 2302 δὲ
3048 2250 3143 2303 καὶ
3203 2252 3546 2322 Σταυράκιος
3602 2254 3632 2306 6
3688 2253 3807 2318 υίὸς
3853 2256 4025 2309 αὐτοῦ

2435 2338 2665 2407 καιρίως
2713 2339 2853 2392 κατὰ
2893 2340 2987 2393 τοῦ
3032 2343 3347 2398 σπονδύλου.
3382 2344 3492 2398 Καὶ
3535 2345 3685 2415 μόλις
3715 2346 3815 2415 τῆς
3844 2349 4029 2417 μάχης

2434 2429 2626 2497 ἐξῆλθε
2682 2429 2813 2493 ζῶν,
2870 2431 2965 2485 καὶ
3025 2434 3349 2487 καταλαϐὼν
3410 2439 3512 2506 τὴν
3582 2438 4026 2509 Ἀδριανούπολιν

2438 2518 2855 2587 ἀναγορεύεται.
2884 2521 2997 2575 Καὶ
3043 2523 3116 2593 μὴ
3144 2523 3442 2591 δυνάμενος
3474 2525 3790 2595 ἐποχεῖσθαι
3816 2528 4028 2597 φορείῳ

2436 2609 2534 2679 τὴν
2565 2611 2722 2665 πόλιν
2764 2611 3091 2669 κατέλαϐεν.
3147 2617 3242 2677 Ὃς
3288 2613 3375 2668 διὰ
3416 2615 3514 2687 τὴν
3564 2617 3780 2689 πληγὴν
3829 2620 3891 2673 ὲν
3944 2618 4029 2690 τῷ

2435 2701 2690 2771 παλατίῳ
2751 2704 3006 2772 κείμενος
3057 2707 3321 2775 ἀπρόῖτος
3377 2702 3468 2776 ἦν,
3530 2708 3786 2762 ἐϐούλετο
3820 2709 3879 2763 δὲ
3931 2711 4028 2765 τὸν

2438 2795 2858 2866 κουροπαλάτην
2889 2796 3109 2866 Μιχαὴλ
3140 2798 3231 2850 τὸν
3264 2798 3514 2869 γαμϐρὸν
3540 2800 3705 2854 αὐτοῦ
3729 2801 4018 2870 ἐκτυφλῶ-

2439 2902 2552 2950 σαι,
2587 2891 2654 2956 τῇ
2681 2887 2736 2938 δὲ
2787 2890 3003 2957 γαμετῇ
3049 2887 3313 2957 Θεοφανοῖ
3357 2891 3457 2958 civ
3487 2889 3766 2958 βασιλείαν
3799 2892 4026 2946 καταλι-

2438 2978 2581 3030 πεῖν.
2612 2977 2779 3040 Γνοὺς
2806 2978 2861 3030 δὲ
2888 2978 3047 3031 τοῦτο
3074 2980 3103 3032 6
3130 2980 3349 3049 Μιχαὴλ
3386 2982 3648 3052 ἐξαίφνης
3686 2984 4022 3053 ἀναγορεύε-

2436 3085 2527 3121 ται
2557 3068 2812 3139 βασιλεὺς
2846 3071 2903 3121 ἐν
2922 3068 2999 3140 τῷ
3027 3069 3372 3142 ίπποδρομίῳ
3392 3074 3542 3142 ποιρά
3576 3072 3679 3141 τῆς
3711 3075 4024 3145 συγκλήτου

2356 3152 2402 3215 C
2436 3164 2534 3215 καὶ
2550 3162 2660 3215 τῶν
2692 3161 2993 3230 ταγμάτων
3025 3162 3100 3225 ὡς
3134 3164 3232 3234 ήδη
3267 3164 3694 3235 ἀπεγνωσμένου
3721 3165 3816 3218 τοῦ
3845 3168 4022 3221 Σταυ-

2438 3251 2657 3323 ρακίου.
2718 3252 2898 3320 Ὅπερ
2959 3252 3151 3320 μαθὼν
3203 3254 3542 3324 Σταυράκιος
3605 3255 3701 3308 τοῦ
3752 3256 4023 3311 παλατῖοδ

2434 3340 2691 3406 ἐξελθὼν,
2736 3342 2798 3395 τὸ
2835 3343 3125 3412 μοναδικὸν
3180 3344 3383 3400 αὐτίκα
3432 3347 3528 3400 σὺν
3573 3351 3639 3418 τῇ
3669 3354 3891 3413 γυναικὶ
3923 3353 4024 3403 αύ-

2435 3435 2531 3487 τιςῦ
2571 3437 2835 3503 Θεοφανοί
2866 3435 3248 3506 περιθέμενος,
3292 3440 3371 3500 εἰς
3399 3438 3469 3491 τὰ
3513 3439 3703 3508 Βρακᾶ
3754 3448 4027 3512 μοναστή-

2442 3545 2553 3599 ριον
2583 3527 2729 3580 ὲτελε
2741 3528 2928 3597 ύτησε,
2951 3528 3047 3581 καὶ
3068 3529 3244 3601 ἐτάφη
3284 3531 3342 3582 ἐν
3364 3533 3431 3602 τῇ
3468 3534 3601 3601 μονῇ
3632 3532 3726 3585 τοῦ
3753 3534 4023 3607 Σατύρου.

2436 3619 2540 3672 Τὸν
2577 3619 2633 3673 δὲ
2666 3623 2762 3690 τῆς
2796 3620 3214 3693 ἀρχιερωσύνης
3252 3620 3443 3693 Θρύνον
3476 3627 3730 3695 κατεῖχεν
3778 3629 3808 3680 6
3854 3629 4025 3697 ἀγιὼο

2437 3724 2597 3772 τατος
2625 3710 2963 3781 Νικηφόρος.
3417 3718 3426 3725 ”

2510 3843 2729 3914 Μιχαὴλ
2784 3843 2842 3898 δὲ
2898 3845 2927 3897 6
2988 3848 3405 3919 κουροπαλάτης
3466 3852 3563 3903 καὶ
3615 3852 3870 3923 γαμϐρὸς
3930 3856 4026 3910 τοῦ

2441 3931 2706 4003 βασιλέως
2729 3935 3072 4006 Νικηφόρου,
3098 3930 3142 4005 ᾧ
3185 3938 3459 4009 Ῥαγκαϐὲ
3490 3936 3557 4012 ἧν
3592 3944 3625 4011 ή
3653 3948 4023 4013 προσηγορία,

2439 4025 2715 4096 ἐγκρατὴς
2749 4027 2857 4080 τῶν
2919 4026 3245 4098 Ῥωμαῖκῶν
3305 4031 3393 4084 διὰ
3436 4032 3529 4084 τοῦ
3583 4032 3758 4102 δήμου
3798 4038 3894 4090 καὶ
3930 4036 4029 4105 τῆς

2443 4116 2752 4186 συγκλήτου
2820 4117 3202 4174 ἀναδείκνυται
3268 4123 3583 4193 σκήπτρων,
3639 4125 4029 4195 ἀπωθούμενος

2444 4207 2544 4278 μὲν
2572 4209 2673 4278 τὴν
2697 4208 2893 4281 ἀρχὴν,
2931 4212 3026 4264 καὶ
3085 4213 3160 4283 μὴ
3215 4213 3400 4277 ἱκανὸς
3454 4210 3594 4269 εἶναι
3647 4215 3826 4283 λέγων
3864 4219 4028 4287 δγκον

2440 4301 2712 4354 τοσούτων
2767 4305 3112 4374 πραγμάτων
3170 4305 3698 4374 πῳσαναζώσασοαι
3726 4328 3741 4340 ·
3795 4309 3876 4381 τῷ
3930 4328 4032 4364 πα-

2440 4392 2637 4462 τρικίῳ
2667 4393 2726 4446 δὲ
2763 4393 2956 4448 Λέοντι
2981 4394 3059 4465 τῷ
3100 4396 3160 4464 ἐξ
3202 4397 3534 4469 Ἀρμενίων,
3566 4399 3724 4467 ἀνδρὶ
3751 4398 4032 4469 θυμοειδεῖ

756 4487 1115 4557 imperatorio
1143 4490 1284 4543 solio
1309 4489 1539 4551 diceret,
1569 4489 1734 4559 idque
1765 4489 1831 4544 ad
1861 4487 2185 4543 Michaelum
2215 4505 2336 4560 per-

2442 4482 2691 4537 δοκοῦντι
2744 4488 2839 4539 καὶ
2876 4487 3191 4557 δραστηρίῳ
3228 4489 3323 4541 καί
3348 4488 3444 4541 τοῦ
3474 4492 3890 4559 στρατεύματος
3920 4495 4029 4546 τῶν

753 4580 954 4633 tinere.
996 4578 1168 4645 Quem
1204 4581 1529 4636 cohortatus
1568 4589 1652 4635 est
1695 4580 1764 4635 ad
1809 4578 2216 4651 suscipiendam
2252 4594 2337 4636 re-

757 4685 881 4724 rum
919 4670 1394 4740 gubernationem,
1433 4672 1788 4743 promittens,
1820 4687 1885 4727 ac
1921 4674 2191 4743 promissa
2220 4666 2338 4743 gra-

759 4766 1001 4821 cissimis
1029 4765 1357 4835 iuramentis
1402 4767 1682 4832 sanciens,
1734 4766 1998 4822 famulum
2053 4783 2114 4823 se
2159 4769 2337 4838 ipsius

757 4872 857 4928 per
884 4873 1099 4912 omnem
1145 4858 1308 4913 vitam
1345 4857 1831 4929 ﬁdelissimumque
1864 4867 1919 4915 et
1955 4859 2336 4915 alacerrimum

757 4947 1153 5006 administrttm
1189 4949 1328 5006 fore.
1361 4950 1442 5005 Ita
1476 4950 1778 5007 Michaelus
1803 4960 1994 5006 contra
2030 4953 2199 5007 animi
2252 4953 2339 5008 sui

759 5040 1103 5111 propositum
1151 5041 1365 5110 imperii
1414 5041 1657 5099 habenas
1695 5044 2013 5099 tractandas
2071 5046 2335 5115 suscepit.

756 5133 826 5189 At
846 5133 1082 5190 Crnmus
1101 5135 1453 5206 Bulgarorum
1470 5137 1745 5208 princeps,
1768 5138 2122 5194 successibus
2142 5139 2336 5205 elatus,

758 5240 886 5279 cum
938 5225 1138 5279 videret
1196 5227 1317 5282 suis
1362 5242 1584 5297 quoque
1645 5232 1860 5285 animos
1911 5229 2080 5302 846,
2132 5232 2336 5286 recenti

759 5317 992 5371 victoria
1040 5326 1257 5380 auctos,
1284 5318 1552 5374 incendiis
1582 5328 1638 5374 et
1684 5321 2129 5391 populationibus
2178 5321 2341 5377 Occi-

760 5407 979 5461 dentem
1030 5408 1305 5462 vastabat.
1358 5407 1495 5464 Huic
1539 5409 1680 5463 bello
1724 5410 2125 5465 occurrendum
2170 5413 2342 5482 repri-

762 5495 1099 5565 mendasque
1129 5498 1250 5566 ejus
1295 5510 1561 5567 quantum
1610 5500 1723 5554 ﬁeri
1767 5509 1953 5571 posset
1995 5502 2341 5559 incursiones

768 5586 1067 5641 Michaelus
1112 5588 1387 5656 judicans,
1446 5590 1698 5645 celeriter
1753 5591 1995 5647 dimissis
2050 5592 2103 5645 in
2149 5608 2341 5648 omnes

765 5688 951 5749 partes
983 5680 1181 5736 edictis
1235 5684 1513 5739 exercitus
1562 5685 1785 5756 colligit.
1837 5683 1943 5740 Sed
1998 5693 2052 5737 at
2104 5685 2341 5740 Crumus

760 5770 833 5828 de
883 5770 1231 5843 imperatoris
1300 5776 1645 5852 expeditione
1690 5779 1892 5835 certior
1951 5776 2154 5846 factus,
2212 5793 2341 5838 suos

2452 4577 2814 4631 ’Λνατολικῶν
2846 4578 3070 4649 ἄρχοντι
3115 4580 3440 4650 τηνικαῦτα,
3464 4582 3780 4653 παρεχώρει
3809 4586 3910 4654 τῆς
3938 4587 4029 4653 ἐξα

2438 4669 2648 4734 ουσίας,
2676 4670 2782 4725 κᾶν
2828 4672 3037 4736 tacetve;
3070 4672 3356 4745 διδομένην
3383 4674 3572 4728 λαϐεῖν
3600 4675 3701 4728 οὐκ
3735 4676 4026 4747 ἠθέλησεν,

2441 4760 2662 4827 ἀνάξιον
2706 4762 2901 4816 ἑαυτὸν
2963 4764 3259 4817 ἀποκαλῶν
3316 4763 3414 4818 τοῦ
3471 4764 3753 4834 βασιλικοῦ
3806 4766 4026 4837 Θρονίου.

2442 4853 2827 4923 Προύτρέπετο
2852 4855 2910 4909 δὲ
2942 4856 3147 4925 μᾶλλον
3185 4857 3278 4910 τὸν
3325 4856 3546 4927 Μιχαὴλ
3595 4857 3671 4921 ὡς
3710 4859 3859 4929 αύτῷ
3892 4861 4030 4929 πρέ-

2444 4962 2544 4999 πον
2573 4944 2940 5011 ἀναδὲξασθαι
2977 4947 3039 5000 τὸ
3097 4948 3319 5013 κράτος,
3367 4949 3463 5002 καὶ
3513 4948 3676 5013 αὐτὸς
3709 4949 4030 5021 ὑπισχνεῖτο

2442 5037 2660 5107 οἰκέτης
2694 5037 2915 5091 ἔσεσθαι
2947 5038 3037 5092 διά
3082 5037 3199 5109 βίου
3228 5039 3325 5092 καὶ
3355 5038 3666 5110 λειτουργος
3700 5042 4030 5108 πιστότατός

2441 5148 2501 5184 τε
2535 5131 2627 5184 καὶ
2666 5129 3128 5202 δραστικώτατος,
3188 5132 3282 5186 καὶ
3339 5132 3525 5201 ὅρκοις
3561 5134 4030 5203 φρικωδεστάτους

2444 5223 2697 5276 ἑνεπὲδου
2756 5226 2858 5287 τὰς
2905 5223 3251 5293 ὑποσχέσεις.
3308 5222 3396 5295 [Ρ.
3443 5223 3574 5291 485]
3612 5223 3771 5278 Οῦτω
3825 5224 3884 5279 δὲ
3930 5227 4026 5280 τοῦ

2444 5313 2669 5384 Μιχαὴλ
2704 5314 2799 5366 καὶ
2859 5314 3011 5383 παρά
3060 5314 3151 5366 τὸν
3204 5316 3406 5367 οἰκεῖον
3458 5316 3659 5370 σκοπὸν
3708 5317 3813 5380 τὰς
3864 5322 4028 5385 ἡνίας

2444 5404 2849 5475 ἀναδεξαμένου
2882 5406 2981 5475 τῆς
3013 5404 3313 5475 βασιλείας,
3341 5405 3603 5476 Κρούμου
3636 5424 3693 5460 τε
3729 5408 3827 5462 τοῦ
3860 5411 4029 5464 Βουλ-

2444 5499 2633 5568 γὰρων
2682 5498 2942 5568 ἄρχοντος
2987 5501 3109 5563 ταῖς
3162 5497 3474 5570 ἔμπροσθεν
3538 5500 3819 5569 εὐτυχίαις
3856 5504 4028 5575 imp-

2444 5588 2650 5654 Θέντος,
2690 5591 2784 5641 καὶ
2814 5589 2921 5641 τῶν
2955 5588 3279 5659 Βουλγάρων
3320 5590 3879 5661 φρονηματισθέντων
3909 5597 4029 5658 ταῖς

2443 5683 2647 5746 νίκαις,
2680 5681 2749 5735 τὰ
2778 5684 2878 5753 τῆς
2899 5682 3111 5745 Atinate;
3136 5683 3478 5753 ἐπυρπόλουν
3510 5700 3567 5736 τε
3593 5685 3685 5736 καὶ
3724 5685 4025 5755 ἐληΐζοντο.

2450 5775 2669 5842 ’Ἐδοξεν
2702 5774 2794 5829 οὖν
2833 5774 2915 5845 τῷ·
2953 5775 3160 5845 βασιλεῖ
3194 5775 3411 5847 Μιχαὴλ
3455 5777 3857 5848 ἐκστρατεῦσαι
3907 5779 4026 5833 κατ’
