4226 6444
228 406 335 471 929

1324 403 1869 464 IIISTORIABUM
1902 402 2429 470 COMPENDIUM.

3384 404 3492 468 930

224 516 405 570 αὐτῶν
430 517 519 568 καὶ
550 514 668 569 καθ’
700 516 825 569 ὅσον
843 510 958 569 οἷόν
981 532 1035 568 τε
1069 516 1310 584 ἐπισχεῖν
1343 516 1439 567 καὶ
1463 513 1806 585 ἀναχαιτίσαι

1920 527 1979 567 ex
2048 515 2473 584 praedationibus
2527 521 2818 571 revocatos
2870 512 2926 569 in
2986 525 3159 569 tinum
3208 512 3489 576 conducit.

225 609 321 668 τὰς
353 607 723 677 Βουλγαρικάς
746 608 1047 677 προνομάς.
1082 607 1232 676 Ταχύ
1258 622 1316 659 τε
1339 602 1432 658 οὖν
1463 605 1807 671 διατάγματα

226 699 538 768 ἐπέμποντο
599 698 877 770 πανταχοῦ
939 700 1033 752 καὶ
1092 701 1228 768 ταχῦ
1295 697 1362 750 τά
1430 696 1810 767 στρατεύματα

230 789 670 860 συνηθροίζοντο.
715 791 826 845 Καὶ
852 791 881 842 ό
908 790 1164 860 Κροῦμος
1199 790 1257 842 δὲ
1279 790 1380 859 τὴν
1411 788 1505 841 τοῦ
1545 788 1810 858 βασιλέως

228 881 529 949 πυθόμενος
549 882 791 949 κίνησιν,
813 880 906 934 τδν
926 879 1122 933 ἑαυτοῦ
1148 880 1276 932 λαὸν
1307 880 1373 932 ἐκ
1404 880 1504 948 τῆς
1530 878 1812 949 προνομῆς

229 972 707 1038 ἀνακαλεσάμενος
728 972 827 1025 καὶ
867 972 959 1038 ὑφ’
998 971 1056 1025 ἒν
1094 972 1480 1041 συναθροίσας,
1515 970 1815 1040 στρατόπε-

229 1064 321 1115 δόν
368 1081 426 1113 τε
478 1065 748 1136 καρτερὸν
783 1064 930 1131 μάλα
964 1063 1206 1133 ἐπήξατο
1235 1065 1329 1117 καὶ
1366 1065 1589 1117 ἐπιόντα
1644 1080 1813 1134 προσ-

233 1144 405 1223 έμενεν
447 1153 541 1207 τὸν
591 1153 837 1224 βασιλέα.
877 1154 967 1217 Ὠς
1009 1153 1066 1208 δὲ
1098 1154 1191 1207 καὶ
1239 1147 1395 1217 οὗτος
1445 1154 1672 1220 ἀφίκετο
1719 1155 1813 1206 καὶ

233 1246 818 1316 παρεστρατοπέδευσε
877 1245 956 1310 τῷ
1006 1244 1251 1316 Κρούμῳ
1309 1244 1482 1314 ἀγχοῦ
1553 1260 1657 1295 που
1716 1245 1815 1312 τῆς

248 1338 744 1407 Ἀδριανονπόλεως
798 1337 1142 1407 αὐλιζομένῳ
1170 1373 1187 1400 ,
1260 1336 1654 1407 ἀκροϐολισμοὶ
1719 1336 1835 1416 μὲν,

233 1430 477 1494 ἐγίνοντο
538 1432 784 1499 συνεχεῖς
840 1429 934 1481 καὶ
981 1429 1106 1481 ὅσον
1167 1430 1225 1481 ὲν
1268 1428 1574 1498 ἑκηϐολίαις
1643 1429 1813 1497 μάχη.

234 1521 334 1574 καὶ
382 1522 439 1572 ἐν
471 1522 670 1583 πάσαις
719 1521 912 1583 αὐταῖς
942 1520 1378 1591 ἐπικρατέστερα
1409 1521 1477 1574 τὰ
1532 1521 1818 1591 Ῥωμαίων

237 1611 510 1679 ἐφαίνετο,
547 1611 623 1675 ὡς
665 1612 760 1664 καὶ
791 1610 1136 1681 φυσηθέντας
1176 1611 1263 1664 διὰ
1304 1609 1463 1664 τοῦτο
1497 1612 1623 1673 τοὺς
1654 1628 1819 1680 στρα-

236 1700 438 1763 τιώτας
484 1702 664 1772 όρμᾷν
713 1703 809 1754 καὶ
849 1701 1143 1770 σφαδάζειν
1199 1702 1335 1771 πρὸς
1380 1703 1693 1772 ἀγχέμαχον
1724 1702 1820 1755 καὶ

239 1791 539 1854 καθολικὴν
572 1794 918 1863 συμπλοκήν.
966 1792 1287 1862 Ἐπέχοντος
1329 1792 1386 1846 δὲ
1432 1793 1525 1846 τοῦ
1557 1794 1819 1863 βασιλέως

240 1880 340 1934 καὶ
386 1881 775 1952 διατρίϐοντος,
828 1884 940 1935 εἴτε
989 1880 1078 1934 διὰ
1103 1881 1328 1945 δειλίαν,
1356 1881 1546 1953 ὥσπερ
1579 1882 1817 1951 ἐλέγετο,

240 1971 354 2025 εἴτε
393 1973 489 2026 καὶ
518 1975 707 2042 καιρὸν
733 1971 1022 2039 ζητοῦντος
1053 1974 1147 2026 τὸν
1193 1972 1517 2043 ἐπιτήδειον,
1551 1975 1630 2037 είς
1675 1975 1825 2028 ἀναι-

245 2064 505 2132 σχυντίαν
539 2063 601 2115 τὺ
626 2064 831 2134 πλῆθος
852 2065 1087 2142 ἐτράπη,
1112 2064 1209 2117 καὶ
1238 2063 1517 2117 κατεῦόων
1547 2067 1627 2127 είς
1654 2065 1824 2133 πρόσ-

242 2172 394 2209 ωπον
421 2155 517 2209 τοῦ
574 2155 859 2226 βασιλέως,
907 2158 1004 2211 καὶ
1059 2159 1109 2210 εί
1171 2155 1245 2227 μὴ
1304 2155 1506 2223 ἐξάξει,
1559 2157 1824 2225 ἠπείλουν

245 2245 402 2298 αὐτοί
443 2262 503 2299 τε
549 2246 839 2317 διαρρῆξαι
872 2248 963 2299 τὸν
1004 2247 1222 2316 χάρακα
1273 2247 1369 2300 καὶ
1417 2248 1682 2319 συρράξαι
1716 2250 1826 2311 τοῖς

244 2336 535 2399 ἐναντίοις.
589 2336 813 2400 Τούτοις
852 2337 1252 2402 κατακλασθεὶς
1299 2340 1410 2401 τοῖς
1450 2339 1631 2407 λόγοις
1677 2341 1706 2392 ὁ
1734 2338 1828 2408 βα-

249 2429 435 2490 σιλεὺς
459 2429 738 2497 ἀνοίγνυσί
772 2446 831 2481 τε
858 2428 956 2492 τὰς
1001 2429 1174 2493 πύλας
1217 2429 1310 2482 τοῦ
1341 2431 1703 2500 στρατοπέδου
1734 2433 1827 2484 καὶ

249 2521 387 2592 πρὸς
442 2522 750 2593 παράταξιν
803 2523 1012 2576 ἵστατο.
1062 2523 1136 2575 Τὸ
1187 2522 1234 2576 δ’
1288 2522 1420 2575 αὐτὸ
1468 2524 1623 2577 τοῦτο
1664 2525 1757 2577 καὶ
1800 2527 1827 2578 ὁ

247 2609 507 2680 Κροῦμος
542 2614 859 2683 εἰργάσατο,
904 2615 997 2667 καὶ
1047 2612 1139 2666 τὸν
1177 2611 1373 2667 ἑαυτοῦ
1406 2614 1671 2677 συντάξας
1701 2614 1829 2668 λαὸν

246 2692 581 2772 ἀντίρροπός
626 2703 758 2775 ἔστη
813 2704 889 2772 τῷ
938 2704 1166 2774 βασιλεῖ.
1236 2703 1433 2756 Πολλάυ
1467 2704 1511 2756 δ’
1569 2698 1724 2769 οὗτός
1770 2723 1829 2759 τε

249 2792 502 2854 κάκεῖνος
531 2792 621 2844 τὸν
641 2792 837 2846 ἑαυτοῦ
869 2792 1099 2856 ἕκαστος
1140 2792 1534 2859 παρακαλέσας
1560 2795 1705 2859 λαὸν,
1738 2796 1832 2848 καὶ

248 2883 443 2952 λόγους
483 2885 806 2952 ἐπαγωγοὺς
840 2888 934 2939 καὶ
976 2884 1329 2954 παραινέσεις
1364 2886 1612 2949 εἰπόντες
1649 2905 1831 2958 παρα-

249 2977 480 3029 καλέσαι
512 2976 825 3045 δυναμένας
851 2975 987 3047 πρὺς
1023 2976 1219 3047 ἀλκὴν,
1246 2976 1401 3041 τέλος
1431 2977 1492 3030 τὸ
1540 2978 1833 3046 πολεμικὸν

248 3071 371 3130 ταῖς
425 3067 678 3135 σάλπιγξι
733 3067 1110 3139 σημηνάμενοι
1141 3068 1392 3138 ἀλλήλοις
1426 3069 1830 3140 προσέρῤαξαν.

1912 607 2220 675 castrisque
2263 609 2482 677 egregie
2526 605 2755 659 munitis
2781 606 3070 659 adventum
3109 604 3232 673 ejus
3267 613 3493 673 presta-

1913 698 2076 751 latur.
2106 696 2172 753 Ut
2200 699 2349 752 venit
2378 699 2697 767 imperator,
2725 702 3018 764 castraque
3057 697 3245 751 Crumi
3286 695 3493 751 castris

1912 789 2170 856 opposuit
2198 788 2341 842 haud
2381 787 2574 858 procul
2607 786 2983 858 Adrianopoli,
3026 787 3238 845 levibus
3282 787 3495 859 praeliis

1914 880 2144 934 subinde
2174 889 2443 935 certatum
2487 886 2572 933 est
2604 879 2929 950 eminusque
2986 879 3112 935 telis
3170 890 3493 950 pugnatum.

1914 972 2124 1038 Quibus
2175 988 2297 1026 cum
2357 989 2572 1043 semper
2611 974 2859 1044 superior
2889 979 3036 1028 esset
3085 970 3175 1026 res
3224 970 3498 1035 Romana,

1915 1064 2086 1119 inﬂati
2145 1066 2346 1120 milites
2396 1066 2610 1135 justum
2645 1067 2891 1135 praelium
2926 1068 3184 1119 ardenter
3239 1072 3499 1134 appetere

1916 1168 2081 1227 atque
2110 1158 2388 1226 postulare
2428 1169 2734 1227 coeperunt.
2777 1156 3025 1226 Cumque
3063 1158 3359 1227 imperator
3382 1155 3502 1211 sive

1916 1261 2087 1315 metu,
2114 1256 2175 1302 ut
2231 1248 2529 1315 ferebatur,
2567 1250 2682 1304 sive
2720 1247 3075 1303 occasionem
3102 1256 3328 1314 captans
3377 1245 3499 1299 ido-

1919 1356 2075 1393 neam
2115 1339 2383 1393 inhiberet
2423 1353 2748 1405 moramque
2789 1338 3061 1406 injiceret,
3103 1335 3170 1389 ad
3209 1334 3499 1404 impuden-

1920 1433 2047 1487 tiam
2076 1432 2341 1501 prolapsi.
2384 1433 2438 1485 in
2467 1433 2675 1485 faciem
2730 1433 3113 1499 imperatorem
3170 1428 3502 1497 importunis

1917 1522 2254 1577 clamoribus
2289 1522 2671 1592 objurgaruut,
2733 1523 2838 1577 nisi
2892 1525 3176 1585 educeret,
3227 1529 3414 1576 castra
3441 1534 3503 1574 eo

1919 1624 2179 1684 rupturos
2213 1615 2374 1683 inque
2398 1615 2612 1669 hostem
2643 1616 2902 1683 impetum
2928 1612 3174 1668 facturos
3205 1613 3501 1670 minantes.

1921 1708 1993 1762 lis
2053 1708 2216 1762 minis
2271 1707 2478 1763 fractus
2545 1708 2882 1776 imperator,
2941 1707 3115 1775 portis
3192 1716 3503 1760 castrorqu

1924 1796 2149 1864 apertis,
2180 1811 2311 1851 suos
2348 1797 2400 1851 in
2429 1796 2601 1850 aciem
2645 1796 2831 1850 educit
2877 1796 3215 1865 ordinesque
3257 1795 3503 1849 instrui'.

1924 1888 2071 1943 Idem
2100 1895 2155 1943 et
2203 1889 2440 1944 Crutnus
2484 1888 2636 1943 facit.
2686 1888 2822 1944 Cum
2877 1896 3111 1958 uterque
3150 1888 3341 1943 multis
3372 1904 3506 1942 suos

1925 1980 1991 2034 ad
2043 1979 2420 2037 fortitudinem
2475 1987 2626 2036 esset
2677 1980 3035 2043 exhortatus,
3094 1982 3311 2035 tandem
3368 1980 3510 2034 clas-

1925 2073 2098 2128 sicum
2149 2072 2316 2144 845
2367 2074 2535 2136 canit,
2593 2081 2649 2127 et
2680 2072 2895 2129 infesm
2946 2076 3095 2128 acies
3146 2082 3504 2128 concurrunt.

1925 2162 2160 2232 Jamque
2217 2163 2507 2234 Bulgarica
2570 2179 2659 2218 res
2716 2164 3055 2219 atterebatur
3103 2171 3158 2219 et
3201 2163 3268 2219 ad
3328 2162 3508 2233 fugam

1925 2255 2179 2325 protinus
2220 2255 2527 2324 spectabat,
2558 2255 2702 2325 quod
2733 2263 2788 2309 et
2816 2253 3050 2309 Romani
3084 2253 3299 2309 fortiter
3322 2254 3512 2310 hostes

1927 2345 2305 2399 subsistebant
2329 2353 2493 2414 atque
2519 2346 2738 2400 heroica
2773 2346 2975 2399 virtute
3001 2358 3236 2415 pugnam
3260 2344 3509 2410 obibant,

1928 2447 1981 2494 et
2013 2440 2128 2510 ipse
2156 2440 2267 2508 jam
2318 2438 2560 2493 Crumus
2609 2439 2857 2509 undique
2898 2436 3413 2507 circumequitando
3458 2447 3512 2487 et

1929 2532 2153 2586 ordines
2184 2530 2495 2585 laborantes
2525 2529 2819 2585 reficiendo
2849 2527 3186 2600 defatigatus
3213 2538 3352 2591 erat,
3385 2541 3510 2581 cum

1933 2623 2040 2677 Leo
2088 2622 2194 2675 dux
2228 2619 2614 2682 Orientalium,
2651 2622 2865 2689 imperii
2911 2622 3166 2692 cupidus,
3189 2634 3320 2675 suos
3348 2618 3513 2674 d'ctis

1932 2725 2222 2784 corruptos
2242 2713 2311 2767 ab
2347 2714 2468 2768 acie
2500 2713 2705 2782 reliqua
2755 2713 2960 2776 avellit,
2994 2711 3256 2782 nullaque
3287 2708 3514 2782 urgente

1932 2807 2261 2861 necessitate
2319 2803 2501 2873 fugam
2561 2802 2716 2857 facit.
2774 2801 2888 2857 lloc
2939 2803 3118 2858 visum
3177 2802 3513 2872 reliquormn

1934 2897 2147 2951 animos
2198 2896 2435 2964 perculit
2498 2895 2852 2965 vigoremque
2904 2892 3242 2949 fortitudinis
3291 2891 3513 2948 retudit.

1937 2988 1997 3039 Et
2049 2986 2291 3056 Bulgari,
2322 2986 2428 3055 fqui
2483 2985 2706 3054 jamjam
2756 2985 2809 3038 in
2870 2983 3052 3053 fugam
3099 2998 3159 3038 se
3213 2981 3514 3050 coniectori

1936 3076 2284 3138 Videbantur,
2316 3077 2519 3129 animis
2542 3077 2778 3144 receptis
2812 3088 2877 3128 ac
2909 3075 3151 3127 clamore
3191 3080 3249 3126 ct
3278 3072 3513 3142 strepitu

252 3157 554 3229 Εῠρὼστως
582 3158 636 3212 δὲ
660 3158 770 3212 τῶν
814 3158 1103 3229 Ῥωμαίων
1137 3161 1489 3213 ὑποστάντων
1508 3162 1632 3222 τοὺς
1670 3163 1829 3215 πολε-

1934 3167 2152 3222 sublato
2184 3169 2236 3220 iu
2265 3166 2543 3220 Romanos
2571 3166 2873 3219 irruerunt.
2923 3161 3000 3218 Ita
3040 3163 3271 3217 victoria
3330 3163 3384 3215 in
3436 3161 3517 3214 al-

255 3250 435 3320 μίους,
464 3250 718 3320 ἡρωῖκῶς
745 3268 804 3304 τε
830 3253 926 3304 καὶ
965 3251 1225 3321 ἀνδρείως
1246 3251 1683 3321 ἀγωνιζομένων,
1711 3255 1838 3307 ἐδα-

252 3342 465 3394 πανᾶτο
512 3342 584 3395 τά
634 3340 743 3394 τῶν
789 3340 1141 3413 Βουλγάρων,
1190 3344 1285 3396 καὶ
1336 3345 1416 3405 είς
1479 3344 1715 3414 παντελῆ
1771 3345 1837 3398 ἂν

251 3434 474 3487 ἀπεῖδεν
504 3434 806 3506 ὑπαγωγὴν
839 3433 963 3505 (ἤδη
1012 3433 1122 3504 γὰρ
1169 3436 1265 3488 καὶ
1298 3436 1458 3500 αὐτὸς
1508 3440 1537 3490 ό
1578 3437 1835 3507 Κροῦμος

253 3525 546 3595 ἀπέκαμεν
563 3525 879 3597 ἁπανταχοῦ
904 3525 1340 3595 ἐξιππαζόμενος
1362 3529 1455 3579 καὶ
1478 3529 1543 3580 τά
1569 3528 1833 3580 πονοῦντα

252 3619 363 3672 τῶν
396 3619 825 3688 στρατευμάτων
872 3616 1320 3687 ἀναλαμϐάνων),
1382 3620 1429 3670 εί
1483 3618 1556 3686 μὴ
1606 3620 1755 3671 Λέων
1807 3621 1834 3672 ό

252 3710 367 3763 τῶν
402 3710 763 3765 ’Δνατολικῶν
792 3713 1094 3783 στρατηγὸς
1124 3711 1221 3779 τῆς
1264 3711 1539 3779 βασιλείας
1576 3713 1715 3781 ἐρὼν
1742 3715 1834 3764 καὶ

251 3799 323 3851 τὰ
356 3799 446 3853 ὑπ’
497 3800 660 3853 αὐτὸν
701 3799 1017 3871 διαφθείρας
1061 3801 1340 3870 τάγματα.
1382 3800 1478 3852 σὺν
1510 3801 1694 3863 αὐτοῖς
1736 3807 1835 3871 τὴν

252 3890 411 3956 τάξιν
435 3889 718 3944 ἀπολιπὼν
759 3890 933 3962 ᾤχετο
961 3891 1178 3960 φεύγων
1227 3894 1404 3952 αἰτιας
1440 3892 1627 3959 χωρίς.
1666 3892 1834 3944 Τοῦτο

250 3981 312 4034 δέ
338 3983 434 4035 καὶ
476 3982 505 4034 ό
525 3982 712 4045 λοιπὸς
744 3983 977 4053 στρατὸς
1024 3980 1260 4036 κατιδὼν
1304 3982 1579 4050 ἐξεπλάγη
1616 3985 1708 4034 καὶ
1739 3984 1831 4037 τὸν

1940 3269 2112 3314 teram
2154 3258 2372 3313 transiit
2403 3267 2634 3328 partem.
2678 3256 2817 3311 Nam
2875 3254 3104 3311 Romani
3165 3270 3389 3309 suorum
3428 3253 3517 3307 di-

1941 3346 2224 3402 scessione
2246 3347 2458 3401 animos
2479 3345 2703 3414 dejecti,
2730 3346 2993 3415 impetum
3023 3343 3382 3416 Bulgarorum
3409 3359 3516 3397 non

1938 3438 2343 3500 sustinuerunt,
2377 3436 2474 3492 sed
2513 3435 2700 3491 statim
2744 3445 2897 3505 terga
2929 3434 3222 3491 dederunt.
3253 3433 3404 3488 Multi
3441 3434 3515 3488 ibi

1938 3528 2142 3583 milites
2173 3534 2228 3581 et
2264 3541 2373 3581 non
2408 3528 2565 3596 pauci
2594 3526 2856 3581 ductores
2887 3525 3229 3581 ceciderunt.
3277 3525 3519 3596 Impera-

1937 3627 2022 3674 tor
2043 3634 2186 3689 πει-ε
2219 3633 2342 3673 cum
2390 3626 2545 3688 parte
2573 3618 2851 3673 exercitus
2874 3617 3086 3688 integra
3118 3617 3515 3686 Adrianopolin

1938 3719 2206 3783 pervenit,
2238 3724 2401 3779 atque
2440 3712 2566 3766 inde
2602 3710 3127 3778 Constantinopolin
3161 3710 3344 3770 rediit,
3374 3709 3517 3763 Leo-

1936 3820 2061 3858 nem
2094 3819 2217 3858 cutn
2256 3804 2374 3859 suis
2410 3802 2463 3856 in
2496 3802 2733 3856 Thracia
2767 3802 3109 3872 relinquens,
3153 3810 3215 3856 ut
3268 3801 3520 3872 praesidio

1937 3896 2149 3964 regioni
2206 3904 2354 3951 esset
2419 3894 2877 3964 incursionesque
2931 3892 3291 3963 Bulgarorum
3343 3894 3519 3963 repri-

1940 3994 2130 4040 meret.

252 4072 409 4127 τόνον
437 4074 538 4145 τῆς
568 4076 791 4145 ἀνδρίας
819 4076 1114 4146 ἐχαύνωσε.
1150 4077 1263 4129 Kal.
1286 4077 1334 4128 οἱ
1366 4075 1664 4145 Βουλγαροι
1703 4079 1827 4130 ὅσον
1872 4077 2083 4131 οὐδέπω
2108 4081 2301 4149 φυγεῖν
2326 4077 2561 4143 ἐπίδοξοι
2583 4078 2759 4142 ὄντες,
2784 4110 2787 4111 ν
2813 4077 3297 4149 ἀναθαρρήσαντες
3351 4074 3521 4142 ἐπῆλ·

254 4164 348 4217 θον
386 4168 504 4235 μετ’
538 4168 856 4239 ἀλαλαγμοῦ
876 4172 990 4233 τοῖς
1028 4169 1321 4239 Ῥωμαίοις
1388 4172 1481 4221 καὶ
1539 4169 1903 4238 παλίντροπον
1940 4169 2039 4240 τὴν
2066 4175 2224 4242 νίκην
2248 4173 2594 4241 εἰργάσαντο.
2625 4171 2714 4241 Τῷ
2743 4170 3014 4239 συμϐάντι
3038 4170 3151 4239 γὰρ
3167 4170 3215 4222 ot
3260 4170 3521 4238 Ῥωμαῖοι

253 4254 690 4325 καταϐληθέντες
718 4258 816 4322 τὰς
850 4258 1031 4328 ψυχας
1057 4259 1156 4329 τὴν
1197 4260 1306 4313 τῶν
1354 4258 1682 4328 Βουλγάρων
1734 4261 1834 4312 οὐκ
1867 4260 2117 4326 ἐδέξαντο
2160 4262 2488 4334 προσϐολὴν,
2525 4261 2642 4315 ἀλλ’
2695 4260 2857 4323 εὐθὺς
2908 4260 3060 4331 πρὸς
3125 4258 3303 4328 φυγὴν
3359 4260 3519 4329 ἐτρά-

252 4364 462 4418 πησαν.
509 4350 810 4404 ’Δπώλοντο
871 4352 971 4421 μὲν
1047 4347 1143 4404 οὖν
1195 4351 1290 4404 καὶ
1380 4351 1489 4404 τῶν
1548 4353 1896 4420 στρατιωτῶν
1932 4354 2143 4419 πολλοὶ,
2172 4355 2432 4407 πίπτουσι
2463 4355 2517 4406 δὲ
2551 4354 2644 4406 καὶ⁸
2676 4354 2785 4406 τῶν
2839 4351 3162 4423 στρατηγῶν
3192 4352 3292 4404 οὐκ
3323 4351 3519 4418 ὀλίγοι,

252 4433 312 4495 ιν
372 4435 456 4503 οἷς
504 4440 601 4495 καὶ
654 4441 872 4511 Μιχαὴλ
928 4440 1228 4509 μάγιστρος
1276 4439 1305 4491 ὁ
1362 4439 1826 4509 Λακανοδράσιος.
1869 4440 1955 4510 [Ρ.
1998 4441 2128 4507 484]
2189 4443 2249 4495 Ὀ
2305 4441 2361 4494 δὲ
2405 4440 2658 4511 βασιλεὺς
2706 4441 2858 4510 μόλις
2926 4439 3071 4510 μετά
3123 4456 3272 4501 τινος
3321 4438 3522 4509 μέρους

250 4531 560 4601 ἀθραύστου
616 4532 696 4593 είς
734 4531 1175 4602 Ἀρκαδιούπολιν
1212 4531 1573 4594 ἀνασώζεται,
1606 4530 1816 4584 ἐκεῖθέν
1856 4549 1914 4584 τε
1936 4532 2032 4601 τὴν
2057 4532 2303 4602 βασιλίδα
2326 4531 2762 4600 καταλαμϐάνει,
2821 4531 2916 4583 τὸν
2976 4530 3267 4601 εἰρημένον
3316 4530 3524 4582 Λέοντα

253 4624 397 4690 μετὰ
428 4623 537 4676 τῶν
566 4624 704 4694 ἀμφ’
745 4623 908 4676 αὐτὸν
964 4625 1024 4674 ἐν
1063 4623 1259 4703 Θρᾴκη
1308 4622 1649 4687 καταλιπὼν,
1682 4622 1823 4677 ὥστε
1861 4625 2193 4695 προσμένειν
2219 4625 2313 4677 καὶ
2369 4623 2467 4686 τὰς
2520 4621 2810 4692 λεηλασίας
2863 4621 2994 4674 τῶν
3033 4619 3360 4689 Βουλγάρων
3426 4621 3523 4674 καὶ

250 4715 351 4775 τὰς
380 4714 655 4784 ἐκδρομὰς
685 4714 1036 4767 ἀνακόπτειν.

335 4845 397 4902 ὐ
429 4845 485 4898 δὲ
511 4844 631 4897 καθ’
660 4844 849 4895 ἑαυτὸν
876 4843 999 4914 ἀρτι
1033 4843 1341 4912 γενόμενος,
1363 4843 1430 4913 ἣν
1453 4841 1639 4896 ὤδινεν
1672 4845 1725 4895 ὲν
1753 4843 1828 4907 τῷ

2006 4844 2072 4896 At
2133 4842 2261 4905 Leo.
2321 4842 2568 4910 digresso
2602 4841 2949 4911 imperatore,
2983 4856 3145 4910 quam
3184 4839 3276 4893 ditt
3308 4840 3523 4896 occulte

252 4939 509 5011 κρυπτῷ,
537 4939 615 5000 εἰς
650 4936 764 5002 φῶς
804 4936 987 5002 ἐξάγει
1019 4936 1379 4987 ἀποστασίαν.
1415 4936 1832 5004 Κοινωσάμεννης

252 5032 364 5102 γάρ
388 5031 503 5092 τοῖς
553 5026 722 5081 αὑτοῦ
775 5025 1093 5089 θιασώταις,
1138 5024 1234 5078 καὶ
1286 5025 1479 5094 καιρὸν
1533 5027 1832 5095 ἐπιτήδεια)

257 5120 398 5177 εἶναι
434 5122 613 5189 quisa;
643 5118 723 5182 είς
756 5117 817 5170 τὸ
848 5117 1137 5186 πληρῶσαι
1170 5117 1231 5170 τὸ
1258 5115 1715 5186 σπουδαζόμενον,
1742 5120 1836 5169 καί

254 5214 324 5269 δι’
352 5211 534 5266 αὐτῶν
560 5209 755 5277 λόγους
796 5207 1135 5278 ὑποσπείρας
1173 5206 1371 5261 ἅπαντι
1401 5206 1478 5277 τῷ
1513 5206 1729 5278 στρατῷ
1763 5208 1839 5270 ὡς

253 5305 321 5374 τῇ
350 5299 580 5372 ἀφελείᾳ
620 5297 715 5351 τοῦ
758 5296 1025 5367 βασιλέως
1062 5297 1156 5349 καὶ
1214 5299 1279 5367 τῇ
1308 5296 1446 5366 πρὸς
1487 5296 1592 5359 τὰς
1636 5313 1838 5366 στρατ.

254 5393 458 5464 ηγικάς
489 5390 718 5460 μελέτας
749 5387 1056 5457 ἀνασκησία
1078 5387 1148 5440 τά
1174 5403 1233 5438 τε
1248 5386 1535 5454 Ῥωμαϊκὰ
1565 5385 1838 5455 ἠφανίσθη

256 5482 444 5553 πλήθη
473 5482 568 5534 καὶ
625 5481 661 5549 ἠ
720 5478 930 5531 παλαιά
976 5477 1104 5544 δόξα
1149 5478 1245 5529 καὶ
1289 5474 1513 5529 εὔκλεια
1541 5473 1712 5545 ᾤχετο
1734 5473 1842 5527 τῶν

265 5564 578 5643 Ῥωμαίων,
632 5571 726 5623 καὶ
780 5569 923 5623 οὕτω
963 5568 1286 5640 διαφθείρας
1322 5567 1449 5629 τοὺς
1497 5565 1836 5640 στρατιώτας

256 5666 381 5735 ἄρτι
413 5660 689 5733 σποράδας
709 5662 774 5714 ἐκ
788 5661 886 5732 τῆς
908 5661 1117 5731 τροπῆς
1143 5659 1615 5729 ἐπανερχομένους
1637 5657 1837 5720 πεζοὺς

257 5757 352 5809 καὶ
384 5753 628 5824 γυμνοὺς
652 5754 745 5806 κα)⁸
777 5752 1140 5823 μιγνυμένους
1160 5751 1237 5823 τῷ
1260 5753 1359 5807 σὺν
1392 5750 1543 5822 αὐτῷ
1568 5748 1802 5822 στρατεύ
1818 5777 1835 5790 ο

261 5863 429 5917 ματι,
474 5843 653 5898 πείθει
702 5842 839 5914 πρὸς
888 5843 1188 5915 ἀνταρσίαν
1236 5843 1386 5900 ἰδεῖν.
1416 5843 1509 5898 Ἐκ
1559 5845 1686 5915 μιᾶς
1736 5842 1844 5913 γάρ

1947 4939 2338 5006 parturiverat,
2360 4933 2724 4986 defectionem
2757 4932 2810 4985 iu
2842 4932 3015 4984 lucem
3048 4929 3238 4983 edidit.
3268 4928 3344 4983 [te
3372 4932 3520 4985 enim

1943 5043 2064 5081 cum
2121 5028 2236 5080 suis
2284 5024 2614 5079 satellitibus
2665 5023 3086 5083 communicata,
3117 5019 3524 5091 846jamque

1944 5127 2160 5186 tempus
2190 5124 2394 5187 optatae
2416 5115 2493 5169 rei
2519 5112 2873 5168 conficiendae
2900 5111 3199 5182 appetiisse
3236 5112 3517 5181 inquiens,

1944 5223 2134 5263 eorum
2179 5223 2345 5277 Opera
2377 5220 2653 5260 rumorem
2688 5218 2786 5273 per
2844 5202 3161 5258 universum
3215 5202 3520 5257 exercitum

1947 5300 2178 5370 spargit,
2227 5297 2577 5368 imperatoris
2607 5295 2959 5365 simplicitate
2982 5299 3037 5348 et
3070 5291 3394 5347 bellicarum
3422 5308 3524 5347 cu-

1944 5404 2128 5442 rarum
2195 5387 2466 5456 imperitia
2523 5385 2799 5440 Romanas
2828 5387 3018 5453 copias
3074 5382 3321 5446 deletas,
3378 5391 3525 5438 vete-

1944 5496 2170 5549 remque
2206 5481 2386 5549 gentis
2411 5480 2640 5550 gloriam
2680 5486 2846 5548 atque
2882 5476 3082 5530 famam
3125 5475 3378 5544 periisse.
3405 5473 3525 5531 lloc

1944 5568 2106 5623 modo
2135 5568 2335 5623 animis
2369 5567 2601 5622 militum
2638 5566 2942 5635 corruptis,
2971 5565 3063 5633 qui
3095 5579 3164 5619 ex
3193 5561 3321 5634 fuga
3361 5576 3524 5634 spar-

1943 5661 2046 5717 sim
2081 5659 2289 5726 pedites
2323 5660 2563 5728 nudique
2610 5661 3049 5721 revertebantur,
3083 5669 3184 5712 eos
3235 5653 3352 5710 suis
3396 5668 3527 5724 per-

1942 5753 2185 5815 miscuit,
2237 5752 2620 5822 persuasitque
2654 5758 2715 5806 ut
2753 5766 2785 5805 a
2818 5749 3085 5804 Micltaelo
3137 5747 3525 5804 desciscerent.

1953 5841 2096 5914 Ergo
2124 5843 2327 5901 milites
2353 5857 2463 5899 uno
2489 5857 2685 5900 omnes
2726 5842 2933 5913 impetu
2984 5838 3284 5896 tentorium
3320 5835 3524 5897 Leonis
