4226 6444
771 371 877 431 935

2033 373 2361 435 GEORGII
2399 375 2736 438 CEDRENI

3931 381 4047 446 93G

757 484 936 553 puella
966 484 1228 538 docuerat
1271 495 1333 534 ex
1380 480 1530 536 notis
1591 486 1830 554 agnovit,
1882 497 2112 554 eamque
2164 487 2336 541 sensit

2463 490 2545 542 καὶ
2571 489 2827 549 Θεόδοτος
2857 487 3208 557 ὴκριὸώσατο
3244 490 3321 552 εἰς
3347 489 3435 543 τὸν
3464 492 3752 563 εἰρημένον
3783 493 4047 550 ἀπελθὼν

758 577 984 630 minime
1023 573 1220 626 falsum
1274 572 1598 641 praedicere.
1648 574 1835 644 Neque
1867 583 2051 629 tamen
2097 578 2348 647 impera-

763 668 868 720 tori
911 681 1023 719 rem
1057 666 1296 733 aperuit,
1327 667 1424 718 sed
1457 667 1648 736 nugari
1681 666 2061 722 mulierculam
2101 684 2350 736 vanaque

756 760 876 827 l'jUS
893 757 1054 809 verba
1071 756 1280 809 nullum
1322 758 1568 812 veritatis
1594 757 1878 826 vestigium
1895 761 2176 813 continere
2191 760 2349 812 dixit.

757 847 875 916 Ipse
906 847 1143 902 Leonem
1172 863 1334 901 manu
1361 848 1835 918 apprehensumin
1861 849 2029 902 tndem
2057 849 2166 902 divi
2196 847 2351 904 Pauli

756 939 900 1008 apud
931 939 1472 1008 orphanotropheum
1509 939 1613 1008 (sic
1646 949 1874 992 vocatur
1913 938 2112 993 domus
2168 941 2350 1008 pupil-

757 1034 828 1088 lis
862 1031 1109 1087 fovendis
1167 1031 1454 1099 destinata)
1485 1030 1730 1093 deducit,
1765 1030 2004 1101 dataque
2038 1040 2092 1086 et
2122 1042 2350 1100 accepta

761 1127 887 1190 fide,
923 1128 1116 1196 puella:
1153 1126 1380 1179 historia
1446 1123 1817 1188 dissimulata,
1872 1127 2056 1179 divina
2110 1125 2350 1195 quadam

767 1219 1145 1287 patefactione
1191 1234 1248 1272 se
1281 1223 1434 1271 certo
1486 1219 1809 1286 cognovisse
1837 1220 1909 1272 ait
1959 1217 2194 1272 Leonem
2241 1217 2350 1271 Ro-

763 1325 1051 1362 manorum
1090 1312 1478 1378 imperatorem
1521 1309 1665 1362 haud
1700 1310 1864 1363 dubie
1924 1307 2073 1374 fore;
2106 1311 2352 1379 petitque

762 1410 822 1453 ut
854 1401 994 1454 hanc
1020 1400 1431 1469 prmdietionem
1467 1413 1661 1455 eventu
1694 1401 2106 1470 comprobante,
2142 1416 2200 1456 se
2246 1402 2349 1454 hu-

757 1493 987 1562 juslam
1037 1494 1173 1547 laeta:
1211 1494 1288 1547 rei
1314 1495 1566 1546 nuntium
1622 1502 2104 1548 remuneraturum
2133 1496 2180 1550 is
2237 1495 2352 1563 pol-

767 1585 1025 1638 liceatur.
1059 1585 1371 1651 Stipulatur
1405 1582 1536 1649 Leo,
1579 1584 1851 1654 siquidem
1879 1586 2061 1638 exitus
2093 1587 2178 1638 his
2229 1603 2349 1640 ver-

764 1678 847 1730 bis
887 1680 960 1730 sit
995 1692 1385 1745 responsurus,
1419 1675 1761 1731 Theodotum
1795 1691 1822 1728 a
1863 1692 1922 1729 se
1974 1677 2109 1729 nihil
2145 1676 2349 1730 frustra

766 1771 1089 1838 petiturum.
1117 1771 1293 1838 Atque
1334 1773 1405 1822 ita
1433 1769 1648 1839 quidem
1686 1768 1827 1822 inter
1851 1771 1949 1822 hos
1981 1778 2094 1821 tum
2129 1780 2346 1838 pactum

765 1868 872 1914 cst.

836 2057 1106 2112 Caeterum
1138 2057 1340 2112 bellum
1382 2058 1522 2112 inter
1552 2057 1828 2114 Romanos
1851 2067 1905 2114 et
1926 2061 2210 2130 Bulgaros,
2245 2075 2354 2130 quo

773 2148 982 2203 cladem
1000 2163 1188 2216 passos
1215 2159 1438 2203 nostros
1471 2149 1770 2217 imperante
1791 2149 1953 2220 852
1977 2151 2235 2206 Rancaba
2256 2152 2353 2206 de.

778 2242 1233 2303 monstravimus,
1271 2256 1394 2296 cum
1422 2240 1547 2294 aliis
1577 2241 1644 2294 de
1677 2244 1862 2296 causis
1895 2241 2190 2297 conflatum
2240 2243 2356 2298 fue-

772 2341 878 2394 rat,
924 2339 1039 2384 tum
1078 2346 1198 2384 eam
1228 2331 1312 2386 vel
1343 2333 1678 2401 prtecipuam
1729 2333 1918 2388 habuit
1948 2349 2112 2403 quam
2149 2335 2355 2390 refere-

772 2438 919 2477 mus.
979 2422 1266 2492 Bulgarica
1326 2425 1572 2492 quaedam
1635 2440 1793 2492 gens,
1837 2427 2082 2493 paternis
2134 2428 2355 2482 sedibus

773 2514 1004 2576 relictis,
1053 2516 1108 2568 in
1169 2515 1431 2568 ditionem
1501 2513 1802 2568 Romanam
1839 2517 2264 2584 immigraverat,
2292 2533 2354 2572 ac

772 2608 1114 2660 concedente
1167 2608 1499 2674 imperatore
1533 2608 1816 2671 BanCaba,
1871 2609 1999 2662 hinc
2029 2609 2153 2664 inde
2198 2614 2356 2666 sedes

779 2704 1059 2763 posuerat.
1101 2695 1205 2750 Sed
1242 2707 1296 2750 et
1319 2695 1692 2750 Romanorum
1729 2698 1950 2766 quidam
1983 2699 2358 2768 superioribus

781 2786 942 2841 hellis
970 2802 998 2838 a
1031 2785 1282 2855 Bulgaris
1307 2787 1447 2854 rapti
1475 2787 1650 2855 ruptis
1683 2789 1914 2843 vinculis
1938 2789 2158 2842 domum
2182 2790 2358 2844 redic-

783 2886 927 2929 rant.
966 2875 1069 2930 Eos
1126 2878 1414 2931 universos
1442 2877 1683 2930 Crumus
1713 2877 2069 2949 Bulgarorum
2102 2882 2356 2949 princeps

775 2969 898 3022 dedi
931 2968 1034 3022 sibi
1065 2970 1458 3037 postulaverat.
1489 2969 1555 3023 Et
1577 2985 1710 3024 sane
1740 2970 1959 3038 quidam
1988 2970 2355 3025 Romanorum

787 3058 1068 3112 dedendos
1096 3060 1504 3128 judicaverant,
1547 3062 1603 3114 in
1654 3077 1884 3129 eamque
1924 3064 2250 3116 sententiam
2304 3073 2358 3116 et

2455 581 2642 646 τόπον,
2691 581 2782 634 τὸν
2821 580 2988 647 ἄνδρα
3037 598 3096 632 τε
3150 581 3545 651 κατεφώρασεν
3581 585 3778 638 ἐκτῶν
3827 603 4042 657 γνιυρι⁴

2457 675 2701 742 σμὰτων,
2760 672 2854 724 καὶ
2897 671 3019 725 κατ’
3079 673 3232 725 οὐδὲν
3295 673 3676 742 διαψεύδεσθαι
3730 677 3872 745 ἔγνω
3934 681 4047 748 τὴν

2455 765 2766 836 ἄνθρωπον.
2794 766 2883 836 Τῷ
2912 765 3010 836 μὲν
3037 762 3131 818 οῦν
3162 765 3376 835 βασιλεῖ
3396 768 3698 837 ἀπήγγειλε
3718 771 3827 824 τῶν
3867 774 4048 841 ἐγνω-

2456 861 2670 930 σμένων
2703 859 2877 922 οὐδὲν,
2897 857 3210 926 κενολογίαν
3240 858 3298 911 δὲ
3327 861 3396 912 τὰ
3423 861 3521 930 τῆς
3552 862 3810 930 γυναικὸς
3845 866 4046 918 ἐκάλει

2456 955 2677 1023 ῥήματα
2703 955 2795 1005 καὶ
2817 951 3085 1022 φλυαρίαν
3107 952 3272 1023 μηδὲν
3295 952 3440 1022 ἴχνος
3455 956 3729 1022 φέρουσαν
3752 955 4045 1024 ἀληθείας.

2456 1047 2558 1099 Τὸν
2589 1047 2794 1099 Λέοντα
2847 1046 2904 1099 δὲ
2954 1045 3134 1098 λαϐὼν
3165 1047 3262 1115 τῆς
3291 1045 3498 1115 χειρὸς,
3529 1049 3623 1099 καὶ
3653 1049 3731 1110 είς
3778 1049 3866 1100 τὶν
3909 1051 4048 1102 ναῖν

2458 1137 2717 1192 εἰσελθὼν
2745 1137 2961 1190 Παύλου
2988 1139 3084 1190 τοῦ
3103 1137 3426 1190 Ἀποστόλου
3457 1140 3596 1190 κατὰ
3620 1140 3680 1192 τὸ
3703 1139 4047 1212 ὁρφανοτρο-

2455 1235 2627 1301 φεῖον,
2663 1231 2760 1285 καὶ
2797 1231 3008 1292 πίστεις
3036 1229 3160 1293 δοὺς
3194 1232 3343 1300 αὐτῷ
3397 1233 3490 1284 καὶ
3529 1231 3731 1297 λαϐὼν,
3764 1233 4051 1288 ἀνακαλύ-

2455 1341 2581 1377 πτει
2627 1331 2694 1377 τὰ
2733 1324 2974 1394 ἐκφορα,
3031 1323 3132 1390 τὴν
3192 1322 3291 1390 μὲν
3352 1323 3610 1393 ἀλήθειαν
3658 1324 4051 1392 ἀποκαλύψας,

2455 1415 2626 1467 εἰπὼν
2660 1415 2705 1468 δ’
2750 1417 2815 1469 ἐκ
2867 1415 3015 1478 θείας
3054 1412 3457 1482 ἀποκαλύψεως
3509 1416 4050 1486 πεπληροφορῆσθαι

2453 1507 2528 1569 ὡς
2558 1507 2656 1574 τῆς
2713 1506 3002 1574 Ῥωμαίων
3055 1505 3350 1576 ἡγεμονίας
3401 1505 3842 1570 πάντωςὸΛέων

2455 1614 2608 1650 σεται
2645 1597 2946 1666 ἐγκρατής.
2991 1597 3389 1667 Ἐκϐεϐηκυίας
3425 1597 3481 1649 δὲ
3529 1597 3632 1664 τῆς
3679 1599 4050 1668 προρρήσεως

2454 1689 2640 1759 ἐζήτει
2680 1690 2753 1760 μὴ
2787 1687 3018 1758 ἄμισθον
3041 1689 3192 1758 αύτῷ
3218 1690 3472 1757 γενέσθαι
3489 1690 3548 1741 τὸ
3571 1690 3910 1756 εὐαγγέλιον.
3931 1689 4054 1743 Καὶ

2453 1783 2482 1834 6
2511 1782 2666 1833 Λέων
2687 1822 2701 1846 ,
2733 1784 2782 1834 εἰ
2813 1783 2840 1834 6
2889 1780 3045 1847 λόγος
3078 1781 3158 1843 είς
3188 1781 3348 1850 ἔργον
3389 1780 3606 1849 ἐκϐαίη,
3647 1782 3914 1849 ὑπέσχετο
3968 1775 4052 1834 ὧν

2453 1872 2626 1926 δέοιτο
2667 1873 2741 1942 μὴ
2791 1874 3090 1942 ἀτυχήσειν
3129 1872 3316 1928 αὐτόν.
3358 1873 3521 1926 Ἀλλὰ
3549 1872 3722 1926 ταῦτα
3778 1873 3876 1944 μὲν
3915 1889 4056 1926 συν-

2456 1965 2666 2018 ετίθετο
2694 1965 2887 2028 οὕτως.

2529 2059 2738 2127 Συνέϐη
2775 2058 2831 2112 δὲ
2863 2058 2957 2111 καὶ
2991 2057 3058 2110 δι’
3090 2059 3256 2122 ἄλλας
3310 2057 3410 2127 μὲν
3455 2059 3630 2123 αἰτίας
3662 2058 3955 2128 Ῥωμαίοις
3990 2075 4054 2109 τε

2457 2151 2551 2202 καὶ
2601 2150 2934 2220 Βουλγάροις
2994 2149 3458 2221 ἀναρριπισθῆναι
3506 2148 3598 2202 τὸν
3653 2150 4055 2220 προρρηθέντα

2456 2241 2718 2310 πόλεμον,
2743 2245 2841 2310 οὐχ
2875 2243 3080 2312 ἥκιστα
3097 2243 3152 2295 δὲ
3185 2244 3280 2295 καὶ
3311 2242 3399 2294 διὰ
3421 2242 3519 2312 τὴν
3550 2241 3888 2311 ῥηθήσεσθαι
3915 2244 4057 2310 μέλ-

2457 2335 2673 2386 λουσαν.
2723 2333 3027 2402 Βούλγαροί
3076 2351 3220 2397 τινες
3265 2333 3326 2398 ἐξ
3361 2334 3510 2402 ἠθῶν
3555 2334 3891 2393 ἀναστάντες

2461 2426 2732 2493 πατρῴων
2758 2425 2857 2493 τὴν
2911 2425 3202 2492 Ῥωμαίων
3247 2423 3722 2492 καταλαμϐάνουσι
3755 2424 4056 2488 παγγενε“τ,

2460 2520 2555 2570 καὶ
2601 2519 2750 2586 παρά
2797 2518 2890 2570 τοῦ
2925 2518 3190 2587 βασιλέως
3237 2514 3660 2586 προσδεχθέντες
3713 2514 3936 2584 Μιχαὴλ
3995 2517 4056 2566 ἐν

2457 2606 2739 2677 διαφόροις
2764 2609 3236 2674 ὲγκατοικίζονται
3261 2606 3492 2678 χώραις.
3514 2608 3620 2660 Καί
3652 2623 3794 2668 τινες
3827 2607 3883 2657 δέ
3914 2606 4059 2658 Ῥω-

2464 2701 2612 2766 μαῖοι
2641 2698 2749 2751 τῶν
2770 2701 2823 2750 ὲν
2847 2702 2958 2760 τοῖς
2984 2699 3472 2768 προηγησαμένοις
3496 2698 4060 2765 αἰχμαλωτισθέντων

2462 2789 2720 2858 πολέμοις
2773 2787 2841 2840 τὰ
2888 2788 3064 2858 δεσμά
3109 2787 3503 2856 διαρρήξαντες
3553 2787 3634 2848 εἰς
3684 2786 3780 2846 τὰς
3838 2786 4061 2837 ἑαυτῶν

2460 2881 2738 2946 ἐπανῆκον
2767 2880 3055 2948 πατρίδας.
3085 2878 3322 2940 Τούτους
3351 2878 3597 2938 ἅπαντας
3623 2879 3650 2929 ὁ
3672 2875 3780 2928 τῶν
3803 2875 4027 2941 Βουλγά
4045 2905 4060 2915 -

2464 2991 2572 3041 ρων
2600 2971 2842 3042 ἀρχηρδς
2867 2969 3124 3040 Κροῦμος
3156 2968 3512 3036 ἐκδοθῆναίοὶ
3537 2968 3758 3037 ἀπῄτει.
3793 2967 3916 3017 Τισῖ
3953 2967 4058 3034 μὲν

2461 3061 2553 3114 οῦν
2582 3063 2689 3114 τῶν
2731 3063 3022 3130 Ῥωμαίων
3075 3061 3338 3129 ἐπαινετὴ
3368 3059 3602 3127 eam”:
3637 3056 3869 3116 ἐκδοσις,
3903 3052 4054 3126 ᾗτινι

3876 1524 3938 1573 γε
3949 1509 4051 1575 νή-

3934 2334 4057 2384 τῶν

780 3149 1082 3216 imperator
1130 3159 1183 3203 et
1220 3151 1398 3219 magni
1430 3150 1898 3218 aliquotnominis
1938 3154 2189 3206 monachi
2223 3169 2350 3206 eon-

2468 3156 2559 3205 καὶ
2603 3156 2630 3206 6
2674 3153 2928 3221 βασιλεὺς
2957 3153 3049 3204 καί
3088 3168 3236 3213 τινες
3264 3150 3539 3217 ἀξιόλογοι
3594 3147 4059 3216 συγκατετίθεντο

778 3248 1058 3292 cesserant
1087 3255 1100 3291 :
1129 3238 1482 3308 perfugarum
1523 3240 1672 3294 enim
1704 3240 1987 3296 deditione
2020 3258 2077 3297 se
2107 3243 2355 3296 barbari-

778 3327 860 3382 eis
917 3328 1351 3397 praedationibus
1417 3330 1708 3382 liberatum
1769 3331 1833 3382 iri
1897 3333 2213 3400 sperabant.
2254 3335 2359 3388 Alii

785 3426 971 3472 autent
1031 3434 1149 3472 eam
1206 3421 1534 3473 sententiam
1599 3421 2065 3489 improbaverant,
2126 3439 2362 3494 quorum

781 3512 1040 3582 princteps
1110 3513 1453 3581 Nicephorus
1517 3515 1827 3582 patriarcha
1890 3526 1947 3569 et
2015 3516 2364 3574 Theoctistus

788 3605 1071 3674 magister,
1101 3619 1200 3657 sua
1235 3612 1396 3658 tetate
1429 3606 1634 3660 virtute
1658 3616 1710 3660 et
1754 3607 2042 3676 prudentia
2095 3623 2363 3679 przestan-

783 3695 1052 3762 tissimus,
1079 3697 1279 3763 aliique
1306 3712 1412 3750 non
1443 3698 1624 3764 pauci.
1653 3697 1786 3752 Nam
1809 3699 1861 3752 hi
1881 3699 1991 3754 Deo
2020 3703 2366 3757 committen-

782 3785 909 3838 dam
943 3801 1099 3841 suam
1135 3787 1730 3856 salutcmjudicabant,
1752 3805 1929 3860 neque
1961 3791 2366 3862 transfugarum

785 3875 1061 3928 deditione
1085 3875 1446 3930 Barbarorum
1463 3877 1785 3946 placandam
1819 3881 2150 3949 superbiam,
2182 3883 2362 3935 omni-

786 3969 997 4035 potenti
1055 3967 1263 4021 auxilio
1344 3967 1434 4021 Dei
1486 3969 1816 4036 posthabito.
1876 3973 2110 4027 Proinde
2165 3973 2368 4028 Crumo

791 4059 1067 4127 repulsam
1130 4074 1297 4127 passo
1361 4059 1565 4114 bellum
1629 4062 1681 4113 id
1739 4062 1967 4128 exarsit,
2013 4079 2122 4132 quo
2176 4065 2367 4134 ingens

787 4148 1160 4204 Romanorum
1189 4151 1389 4205 accidit
1419 4153 1622 4219 clades,
1655 4154 1806 4209 aliud
1832 4156 2090 4210 nimirum
2122 4156 2232 4212 Deo
2253 4159 2365 4226 jam

788 4253 903 4295 tum
944 4242 1149 4314 aliquid
1194 4244 1583 4311 praemonente.

857 4440 926 4492 At
983 4437 1094 4493 Leo
1154 4438 1381 4507 imperio
1433 4440 1640 4508 potitus
1709 4439 2019 4508 Thomam,
2085 4459 2254 4497 unum
2300 4460 2364 4499 ex

806 4531 984 4584 tribus
1014 4531 1081 4585 iis
1115 4546 1254 4599 quos
1270 4530 1543 4584 Bardanio
1577 4530 1822 4586 adfuisse
1848 4534 2218 4598 narravimus,
2243 4551 2365 4589 cum

792 4621 838 4674 is
867 4620 1172 4675 Philomelii
1207 4621 1533 4674 monachum
1557 4624 1892 4686 consuleret,
1921 4625 2174 4692 juvenem
2203 4626 2367 4697 853

793 4711 936 4764 acris
965 4710 1154 4774 animi,
1209 4721 1402 4764 turture
1453 4712 1659 4765 ordinis
1692 4711 2080 4768 foederatorum
2109 4718 2366 4783 praeficit;

793 4801 1120 4856 Michaelum
1181 4818 1310 4857 vero
1369 4804 1632 4869 Balbum,
1699 4805 1844 4859 hunc
1897 4821 2115 4876 quoque
2179 4824 2240 4864 ex
2303 4811 2369 4865 iis

793 4894 973 4950 tribus
1003 4911 1196 4959 unum,
1232 4896 1391 4964 cujus
1429 4896 1597 4948 filium
1622 4912 1688 4950 ex
1720 4911 1880 4950 sacro
1909 4898 2128 4954 lavacro
2183 4917 2370 4957 susce-

795 4993 968 5052 perat,
1007 4986 1298 5054 patricium
1331 4994 1485 5040 creat
1516 4995 1570 5040 et
1603 4988 1862 5042 comitem
1911 4989 2113 5044 schola:
2139 4994 2366 5045 excubi-

792 5081 974 5127 torum
1031 5073 1186 5137 facit,
1261 5076 1611 5145 reliquasque
1674 5077 1888 5147 imperii
1945 5093 2032 5132 res
2101 5095 2199 5147 pro
2266 5097 2368 5136 suo

794 5167 1022 5222 arbitrio
1050 5169 1350 5221 constituit.
1375 5167 1587 5222 Interea
1612 5166 1830 5238 Bulgari
1860 5171 2067 5224 recenti
2101 5171 2278 5225 adhuc
2302 5173 2369 5226 de

804 5256 1069 5311 Romanis
1113 5260 1344 5313 victoria
1398 5259 1568 5312 inﬂati
1600 5261 1651 5313 in
1685 5259 1973 5315 Thraciam
2019 5263 2367 5319 incursiones

799 5348 1096 5410 faciebant,
1129 5361 1182 5404 et
1216 5351 1376 5405 obvia
1413 5367 1644 5421 quaeque
1677 5353 2040 5422 depraedando
2099 5356 2366 5424 populan-

794 5442 974 5511 doque
1005 5444 1305 5496 vastabant.
1337 5442 1528 5500 Visum
1557 5459 1686 5515 ergo
1705 5453 1786 5499 est
1813 5447 2127 5514 imperatori
2163 5449 2369 5517 legatos

797 5535 949 5603 pacis
1008 5538 1400 5605 componendae
1453 5552 1623 5593 causa
1662 5539 1727 5593 ad
1757 5539 2048 5610 Bulgarum
2103 5542 2363 5596 mittere:

2475 3245 2725 3316 μοναχοίσ
2779 3244 2948 3314 ᾢοντο
2977 3243 3088 3312 γὰρ
3138 3242 3226 3296 διὰ
3278 3243 3378 3312 τῆς
3405 3243 3514 3294 τῶν
3546 3240 4060 3310 προσφύγωνέκδὸ-

2475 3355 2614 3400 σειος
2645 3339 2745 3405 τῆς
2791 3335 3147 3407 Βαρϐαρικῆς
3196 3333 3681 3404 ἀπαλλαγήσεσθαι
3736 3334 4054 3403 λεηλατας.

2471 3429 2628 3491 Τινὲς
2659 3428 3098 3497 δ’ἀπηρέσκοντο
3130 3427 3265 3494 πρὸς
3290 3426 3388 3494 τὴν
3428 3424 3674 3494 γνώμην,
3707 3423 3791 3493 [Ρ.
3819 3423 3948 3495 487]
3978 3417 4058 3476 ὧν

2471 3521 2764 3589 κορυφαῖος
2814 3517 3076 3585 ἐτύγχανε
3125 3515 3439 3584 Νικηφόρος
3496 3515 3525 3564 6
3564 3513 3912 3582 πατριάρχης
3961 3516 4060 3588 καὶ

2471 3610 2499 3661 6
2532 3609 2832 3678 μάγιστρος
2859 3606 3182 3666 Θεόκτιστος
3205 3605 3289 3657 ἐπ’
3321 3604 3492 3673 ἀρετῇ
3522 3604 3617 3656 καὶ
3648 3603 3862 3654 συνέσει
3897 3620 4056 3672 πρωο

2470 3700 2642 3752 τεύων
2660 3699 2737 3768 τῷ
2757 3699 2903 3758 τότε,
2929 3698 3023 3750 καὶ⁵
3047 3697 3195 3751 ἄλλοι
3221 3696 3275 3748 δὲ
3306 3695 3406 3747 οὐκ
3424 3695 3615 3761 ὀλίγοι,
3636 3695 3842 3760 ἐφεῖναι
3866 3692 4062 3757 λέγον.

2469 3808 2560 3853 τες
2591 3791 2657 3843 τὰ
2692 3789 2814 3843 καθ’
2861 3790 3083 3850 ἑαυτοὺς
3125 3787 3201 3856 τῷ
3221 3787 3362 3856 Θεῷ,
3385 3789 3479 3839 xxi.
3511 3787 3585 3856 μὴ
3603 3787 3689 3839 διὰ
3720 3785 4061 3853 προσεξύγων

2470 3883 2736 3944 ἐκδόσεως
2766 3883 2865 3949 τὴν
2889 3883 2982 3932 τοῦ
3018 3879 3154 3931 Θεοῦ
3189 3878 3592 3946 παραλιπόντας
3633 3878 3882 3948 παναλκῆ
3928 3877 4062 3948 βοή-

2469 3976 2623 4031 θειαν
2656 3975 2754 4044 τὴν
2790 3973 2883 4026 τοῦ
2914 3971 3202 4042 Βαρόἀρου
3233 3969 3674 4040 ἐξευμενίζεσθαι
3715 3968 4059 4030 ἀλαζονεία-λ.

2468 4066 2758 4136 Μηδαμῶς
2802 4065 2857 4117 δὲ
2887 4065 3173 4134 συμϐάσης
3197 4065 3294 4132 τῆς
3327 4061 3586 4128 τοιαύτης
3618 4063 3922 4123 ἐπιτάσεως
3966 4064 4062 4113 τοῦ

2470 4161 2752 4230 Κρούμου,
2783 4159 2810 4210 6
2845 4155 3164 4225 προλεχθεὶς
3195 4151 3554 4224 ἀνερῤιπίσθη
3599 4154 3854 4220 πόλεμος.
3901 4156 4000 4203 καὶ
4027 4156 4061 4220 ἡ

2467 4250 2644 4320 τροπὴ
2672 4249 2768 4302 καὶ
2789 4247 2994 4306 ὁπολὺς
3014 4245 3209 4313 ψθὸρος
3237 4245 3343 4296 τῶν
3374 4242 3658 4310 Ῥωμαίων
3689 4243 3866 4311 ὲπηκο
3889 4240 4066 4310 ,κύθηο

2474 4358 2584 4406 σεν,
2611 4341 2738 4393 ἄλλο
2764 4357 2814 4392 τι
2843 4337 2936 4390 τοῦ
2960 4336 3117 4400 Θεοῦ,
3149 4337 3223 4398 ὡς
3253 4335 3415 4400 ἔοικε,
3447 4332 3990 4408 προοικονομοῦντες.

2549 4453 2699 4513 Τέως
2751 4452 2806 4504 δὲ
2851 4449 2948 4519 τὴν
3007 4448 3277 4517 βασίλειον
3314 4447 3487 4514 ἀρχὴν
3535 4447 3993 4515 περιζωσάμενος
4039 4451 4065 4497 ο

2480 4543 2630 4597 Λέων
2658 4543 2859 4611 Θωμᾶν
2916 4540 3042 4608 μὲν,
3079 4539 3176 4591 ἕνα
3218 4538 3323 4590 τῶν
3355 4537 3520 4605 τριῶν
3561 4539 3687 4589 ὅντα
3719 4537 3810 4600 οῦς
3836 4541 3863 4590 6
3905 4539 4064 4603 λάγος

2479 4635 2734 4703 ίστῦρησε
2784 4631 2994 4701 φθάσας
3059 4632 3296 4682 συνεῖναι
3358 4630 3434 4699 τῷ
3497 4629 3778 4700 Βαρδανίῳ
3825 4632 4066 4696 ὁπηνίκα

2479 4724 2614 4792 πρὸς
2650 4724 2738 4776 τὸν
2773 4725 3008 4793 μοναχὸν
3038 4724 3095 4776 ὲν
3125 4722 3202 4790 τῷ
3223 4721 3514 4789 duim-.215?
3545 4721 3853 4786 ὲςοίτησεν,
3894 4720 4065 4790 ἄνδρα

2479 4816 2597 4869 νέον
2621 4816 2714 4868 καὶ
2736 4815 3008 4884 ὁρμητίαν
3033 4815 3387 4883 τουρμᾶρλην
3413 4810 3646 4874 ἀνέδειξε
3679 4811 3771 4863 τοῦ
3802 4813 4063 4879 ᾳοιδερὰι

2479 4924 2586 4958 των
2606 4906 2721 4976 (54)
2741 4908 3038 4975 τάγματος,
3065 4904 3282 4972 Μιχαὴλ
3305 4904 3359 4956 δὲ
3378 4902 3467 4954 τὸν
3498 4901 3762 4970 Τραυλδν,
3790 4901 3885 4952 καὶ
3901 4902 4064 4952 αἰιτίν

2477 4998 2574 5050 ’ἐνα
2598 4999 2706 5050 τῶν
2731 4997 2896 5067 τριῶν
2926 4997 3075 5060 ὄντα,
3109 4991 3170 5048 οὗ
3201 4998 3291 5048 τὸν
3321 4997 3434 5048 υἱὸν
3466 4997 3528 5046 ἐκ
3553 4995 3647 5063 τῆς
3681 4995 3838 5060 ἁγίας
3880 4994 4066 5046 ἀνεδέ-

2479 5088 2606 5155 ξατο
2632 5089 3039 5160 κολυμϐἡθρας,
3057 5088 3343 5158 πατρίκιον
3379 5088 3566 5139 ἀνεῖπε
3599 5086 3694 5138 καὶ
3724 5086 3942 5155 κόμητα
3963 5086 4062 5153 τῆς

2476 5180 2586 5231 τῶν
2611 5179 2938 5243 ὲξκουϐίτων
2969 5179 3184 5248 σχολῆς,
3211 5178 3304 5230 καὶ
3336 5173 3506 5229 τᾶλλα
3527 5176 3760 5228 διεπόνει
3788 5175 3885 5243 τῆς
3910 5175 4063 5245 βασι-

2477 5271 2628 5333 λείας
2681 5270 2979 5340 καθώσπερ
3028 5266 3098 5340 ἧν
3134 5270 3288 5339 αὐτῷ
3341 5268 3616 5337 βουλητὸν.
3659 5267 3720 5320 ΟΞ
3755 5267 4059 5337 Βούλγαροι

2477 5359 2534 5412 δὲ
2557 5360 2721 5412 πλέον
2757 5362 2827 5429 τῇ
2875 5359 2985 5428 πρὸ
3023 5359 3221 5429 μικροῦ
3258 5358 3366 5409 τῶν
3404 5359 3690 5426 Ῥωμαίων
3719 5358 3859 5428 ἥττῃ
3897 5360 4061 5424 ἐκφυ-

2479 5451 2738 5521 σηθέντες
2770 5455 2869 5519 τὴν
2893 5452 3114 5522 Θρᾴκην
3136 5453 3465 5521 κατέτρεχον
3484 5451 3575 5503 καὶ
3589 5449 3657 5502 τὰ
3676 5453 3732 5502 ἐν
3757 5452 4051 5520 ποσὶν-ἐδή-

2476 5559 2570 5596 ουν
2602 5543 2698 5596 καὶ
2718 5543 3018 5614 ὲληῖζοντο.
3053 5543 3268 5608 Ἐδοξεν
3292 5539 3385 5597 οὖν
3411 5543 3489 5613 τῷ
3520 5541 3732 5613 βασιλεῖ
3763 5543 4060 5612 πρεσϐεία-δ

1936 5675 2290 5731 XYLANDBI
2333 5678 2421 5732 ET
2462 5679 2675 5736 GOARI
2719 5681 2953 5740 ΝΟΤᾹΞ.

872 5790 984 5860 (54)
1015 5789 1339 5872 Φοιδεράτου
1357 5791 1659 5872 legendum
1691 5792 2132 5872 aliquiputautn:
2159 5795 2350 5851 retinet

2463 5797 2751 5870 ιιὸεράτου,
2793 5799 2862 5856 de
2920 5801 3138 5872 agmine
3187 5800 3396 5855 dictum
3431 5814 3460 5854 a
3489 5799 3759 5867 [ademtis
3809 5800 4056 5867 diverso;

811 5859 882 5917 de
905 5859 1013 5930 quo
1048 5869 1238 5919 auctor
1269 5876 1323 5933 p.
1357 5861 1464 5921 755
1501 5859 1544 5917 D
1572 5869 1628 5921 et
1669 5859 2031 5920 nosibidem.
2070 5863 2245 5920 GOAR.
