4226 6444
721 392 826 454 939

2016 392 2334 451 GEORGII
2366 391 2698 454 CEDIlliNl

3880 405 3977 468 Sit

724 520 831 574 que
883 501 1173 556 sententize
1229 501 1738 570 obtemperandum.
1803 499 1924 553 llaec
1961 516 2085 556 eum
2119 501 2300 556 Leone

2422 502 2694 558 πάσασθαι
2726 503 2823 571 τὴν
2863 501 3141 567 ἀσέϐειαν,
3190 502 3476 572 ὑποτίθησι
3514 505 3591 573 τῷ
3625 504 3833 574 βασιλεί
3872 523 3974 558 τοι-

727 598 943 650 loeutus
997 591 1184 647 statim
1237 591 1304 644 ab
1335 590 1435 643 hoc
1465 590 1529 644 ad
1564 589 1892 645 monachum
1921 606 2045 645 eum
2082 606 2142 645 se
2169 605 2301 644 con-

733 687 858 753 fert,
889 687 1210 754 indicatque
1241 685 1625 753 imperatorem
1677 683 1764 736 vili
1798 683 1987 738 habitu
2019 685 2085 738 ad
2119 684 2300 753 ipsum

727 781 979 850 proxima
1034 784 1194 832 nocte
1249 785 1566 840 venturum,
1595 783 1648 829 et
1675 773 1742 828 de
1774 775 2042 845 religione
2071 775 2298 831 consul-

727 885 911 927 turum
943 871 1180 940 aliisque
1204 867 1557 939 gravissimis
1607 865 1868 937 negotiis.
1903 867 2138 923 Proinde
2185 883 2300 922 n;e-

653 1037 655 1039 ι
731 966 982 1020 minissct
1012 964 1062 1019 ei
1095 969 1421 1036 praesentem
1448 959 1664 1030 imperii
1689 959 1924 1030 vitaique
1951 961 2301 1015 amissionem

737 1059 1081 1127 denuntiare,
1115 1057 1225 1112 nisi
1270 1056 1415 1111 ultro
1471 1054 1672 1109 Leonis
1720 1053 1896 1108 Isauri
1950 1051 2306 1121 imperatoris

734 1153 1014 1209 decretum
1074 1150 1413 1219 amplectens
1465 1147 1609 1203 idola
1647 1147 1751 1217 (sic
1801 1158 1988 1200 sacras
2041 1145 2307 1213 imagines

735 1245 1068 1318 appellabat)
1121 1243 1326 1301 divinis
1381 1241 1592 1297 aedibus
1649 1239 1962 1296 exturbaret
2013 1256 2026 1292 :
2087 1239 2170 1293 sin
2206 1239 2306 1291 hoc

733 1340 978 1404 fecisset,
1009 1337 1128 1392 fore
1189 1335 1618 1392 dominationem
1644 1333 1924 1402 vitamque
1946 1333 2066 1402 ejus
2091 1331 2305 1385 diutur-

727 1450 854 1489 nam
885 1442 1050 1504 atque
1079 1432 1316 1488 felicem.
1345 1431 1460 1484 Hoc
1488 1427 1651 1484 modo
1676 1429 1986 1483 subornato
2018 1426 2306 1490 monacho,

729 1535 784 1578 et
843 1539 966 1592 quae
1014 1537 1140 1577 cum
1204 1520 1540 1588 imperatore
1580 1517 1732 1587 loqui
1762 1516 1989 1572 deberet
2018 1516 2306 1580 instructo,

729 1618 887 1676 abiit.
944 1613 1114 1668 Paulo
1167 1619 1294 1683 post
1328 1617 1493 1665 noctu
1541 1609 1928 1679 imperatorem
1996 1607 2086 1660 vili
2119 1607 2309 1660 habitu

730 1709 968 1763 velatum
1033 1705 1100 1759 ad
1161 1703 1492 1758 monachum
1562 1699 1805 1754 adducit.
1859 1698 1937 1755 lbi
1987 1699 2154 1771 856
2195 1699 2308 1769 jam

729 1798 871 1852 inito
913 1794 1210 1862 colloquio,
1263 1789 1568 1846 monachus
1618 1790 1866 1859 proxime
1923 1788 1992 1843 ad
2020 1789 2312 1858 imperato-

2403 594 2530 650 άνδε
2579 594 2703 646 τινὰ
2764 591 3102 662 συμϐουλήν.
3160 591 3402 662 Μοναχόν
3451 611 3568 645 τινα
3618 597 3794 666 φήσας
3847 591 3985 648 εἶναι

2405 685 2581 754 ἔργων
2618 681 2934 752 παραδόξων
2984 681 3338 752 δημιουργὸν,
3377 683 3473 746 τὰς
3521 684 3762 752 οἰκήσεις
3799 684 3987 736 ποιού-

2409 795 2568 848 μενον
2599 777 2701 830 ἀνᾶ
2729 777 2822 829 τὸν
2848 776 3141 845 Δαγιστέα,
3178 794 3196 827 ι
3228 774 3416 844 Τούτῳ
3461 771 3560 843 δεῖ,
3591 776 3748 846 φησι,
3818 793 3990 846 προσ-

2406 867 2702 922 αναθέσθαι
2733 866 2832 938 τὴν
2863 866 3082 938 πρᾶξιν,
3115 868 3210 921 καὶ
3242 867 3380 939 ὅπερ
3399 865 3466 920 ἂν
3489 869 3694 930 ἐκεῖνος
3712 866 3990 935 ὑπόθοιτο,

2404 961 2563 1015 τοῦτο
2610 961 2692 1013 δεῖ
2744 963 2838 1013 καὶ
2871 960 3117 1029 ποιῆσαι.
3144 978 3163 1012 ι
3220 959 3330 1014 Kal.
3369 957 3540 1012 ταῦτα
3572 960 3672 1028 μὲν
3701 955 3821 1011 εἷπε
3854 960 3990 1029 πρὸς

2405 1054 2495 1106 τὸν
2533 1052 2775 1124 βασιλέα,
2807 1054 3017 1106 ἐκεῖθεν
3044 1053 3099 1106 δὲ
3129 1051 3366 1116 ἐξελθὼν
3383 1052 3569 1106 ἄπεισι
3597 1051 3809 1120 ταχέως
3848 1051 3990 1120 πρὸς

2405 1149 2496 1202 τὸν
2513 1148 2830 1219 μονάζοντα,
2855 1149 2946 1202 καί
2966 1148 3256 1219 φησιςπρδς
3291 1148 3476 1213 αὐτὸν,
3497 1148 3574 1214 ὡς
3601 1167 3621 1200 ι
3649 1147 3728 1218 Τῇ
3760 1149 3995 1220 ἐπιούσῃ

2407 1245 2565 1296 νυκτί
2598 1241 2875 1296 ἐλεύσεταί
2905 1258 2990 1295 σοι
3029 1243 3057 1295 ὁ
3098 1241 3354 1311 βασιλεὺς
3384 1243 3442 1294 ἐν
3479 1242 3690 1294 εὐτελεῖ
3718 1243 3784 1312 τῇ
3835 1259 3997 1312 περι-

2409 1334 2561 1405 ϐολῇ,
2592 1337 2886 1405 ἐρωτήσων
2919 1336 3047 1403 περί
3077 1337 3174 1404 τῆς
3205 1335 3442 1396 πίστεως
3476 1335 3573 1386 καὶ
3604 1333 3778 1389 ἄλλων
3816 1335 3986 1399 αναγι

2411 1425 2716 1477 καιοτάτων
2768 1423 3131 1494 πραγμάτων.
3207 1425 3278 1478 Σὺ
3319 1424 3375 1477 δὲ
3418 1422 3557 1476 ἀλλὰ
3610 1425 3855 1493 μέμνησο
3892 1440 3990 1474 ται*

2411 1515 2562 1584 χείάν
2607 1531 2666 1567 τε
2699 1516 2794 1568 τοῦ
2828 1515 2944 1585 βίου
2980 1514 3364 1586 καταστροφὴν
3407 1514 3502 1568 καὶ
3553 1515 3654 1582 τῆς
3712 1513 3994 1583 βασιλείας

2411 1609 2686 1663 ἔκπτωσιν
2718 1610 3010 1679 ἀπειλῆσαι
3041 1608 3209 1677 αύτῷ,
3234 1611 3282 1661 εἰ
3313 1611 3386 1678 μὴ
3419 1609 3558 1661 ἐκών
3582 1624 3643 1677 γε
3678 1608 3885 1676 αἱροῖτο
3917 1603 3996 1674 τῷ

2409 1700 2506 1754 τοῦ
2535 1698 2801 1770 βασιλέως
2833 1701 3062 1762 Λέοντος
3091 1698 3184 1752 τοῦ
3216 1700 3274 1764 ἐξ
3333 1699 3603 1770 Ἰσαυρίας
3628 1697 3998 1766 προστεθῆναι

2414 1795 2647 1865 δόγματι
2694 1795 2789 1848 καὶ
2829 1796 2899 1846 τά
2942 1795 3137 1847 εἴδωλα
3175 1793 3282 1846 τῶν
3337 1793 3498 1847 θείων
3533 1794 3717 1864 σηκῶν
3752 1792 4001 1862 ἐξορίσαι

733 1905 849 1944 rem
882 1888 1172 1950 assistens,
1233 1882 1404 1938 veluti
1434 1880 1528 1951 qui
1567 1881 1756 1935 divino
1787 1879 2050 1935 instinctu
2077 1879 2301 1948 impera-

2422 1853 2537 1952 (τάς
2568 1881 2718 1946 θείας
2746 1882 2963 1946 εἰκόνας
2998 1881 3143 1936 οὕτω
3173 1881 3456 1949 καλέσας),
3482 1853 3912 1952 ἐπαγγείλασθαί
3937 1896 3998 1934 τι

733 1983 932 2036 loriam
991 1979 1340 2048 majestatem
1398 1973 1594 2052 adesse
1651 1973 1886 2028 sentiret
1925 1989 1938 2028 :
1972 1969 2088 2024 Non
2141 1978 2311 2028 recte.

733 2075 932 2143 inquit,
976 2074 1074 2127 abs
1135 2081 1188 2127 te
1246 2069 1454 2126 factum
1493 2078 1598 2132 est,
1657 2064 1978 2136 imperator,
2035 2060 2179 2131 quod
2213 2073 2312 2115 nos

734 2167 935 2237 privati
1002 2164 1192 2219 habitu
1237 2161 1525 2232 decepisti,
1592 2159 1741 2213 intus
1809 2154 2102 2210 occultans
2164 2161 2311 2207 tuam

741 2273 1059 2329 personam.
1098 2255 1205 2310 Sed
1237 2266 1554 2323 quanquam
1593 2259 1648 2305 tu
1693 2251 1798 2304 hoc
1829 2249 1966 2318 agis,
2005 2261 2106 2302 nos
2136 2255 2316 2301 tamen

738 2348 914 2417 gratia
952 2345 1124 2400 divini
1157 2342 1396 2414 Spiritus
1459 2354 1568 2395 non
1622 2339 1831 2394 diutius
1861 2345 1947 2392 est
1996 2349 2160 2406 passa
2194 2349 2223 2388 a
2263 2341 2317 2390 te

741 2439 872 2494 t'alli.
933 2437 1047 2492 Hoc
1077 2444 1137 2491 ut
1163 2434 1678 2504 audiitimperator,
1718 2445 1887 2501 seque
1918 2429 2126 2485 frustra
2152 2443 2317 2484 cona-

741 2545 856 2586 tum
912 2531 1004 2585 vili
1041 2529 1232 2583 habitu
1283 2525 1700 2596 imperatoriam
1754 2523 2081 2594 dignitatem
2135 2521 2318 2576 celare

752 2623 985 2695 putavit,
1019 2620 1262 2674 animum
1304 2615 1592 2687 perculsus
1630 2624 1734 2680 est,
1770 2622 1829 2668 ut
1876 2628 1976 2684 par
2004 2620 2123 2667 erat
2157 2612 2318 2667 istius

748 2709 1176 2770 machinationis
1217 2709 1514 2778 ignarum;
1578 2705 2018 2773 monachumun
2072 2702 2318 2757 divinum

743 2807 1018 2862 hominem
1073 2817 1199 2859 esse
1248 2803 1456 2866 fassus,
1492 2799 1758 2868 imperata
1790 2798 1858 2851 ab
1903 2811 1968 2850 eo
2007 2795 2322 2850 obedienter

741 2909 794 2952 et
845 2898 968 2953 sine
1022 2908 1180 2950 mora
1239 2907 1300 2948 se
1343 2890 1620 2945 facturum
1683 2887 1975 2958 promittit,
2027 2897 2188 2956 atque
2246 2887 2322 2941 ita

742 2989 1140 3046 venerabilium
1165 2985 1464 3056 imaginum
1497 2983 1565 3036 ab
1595 2997 1662 3035 eo
1705 2980 2016 3034 mandatam
2055 2979 2322 3048 dejectio-

741 3098 867 3138 nem
905 3096 1007 3137 suo
1038 3079 1303 3150 suffragio
1356 3077 1576 3147 probat.
1625 3073 1907 3142 Principio
1947 3071 2146 3127 deinde
2170 3071 2322 3142 cogi-

745 3174 880 3230 tavit
937 3186 1048 3242 quo
1104 3177 1266 3242 pacto
1318 3167 1596 3238 promissa
1651 3164 1869 3218 occulte
1911 3163 2188 3232 impleret,
2253 3179 2324 3218 ne

744 3281 908 3337 quam
941 3279 1004 3319 ea
1061 3279 1152 3318 res
1183 3262 1237 3315 in
1269 3258 1518 3315 Ecclesia
1545 3258 1807 3312 excitaret
1840 3256 2182 3310 seditionem.
2215 3254 2320 3309 Sed

749 3370 872 3431 post
901 3358 1120 3427 publice
1151 3370 1375 3427 quoque
1404 3354 1686 3408 decretum
1725 3365 1790 3405 ea
1825 3351 1891 3404 de
1926 3366 1985 3406 re
2011 3351 2318 3420 proposuit,

749 3451 1073 3524 proceribus
1131 3458 1187 3504 et
1240 3444 1637 3502 ecclesiasticis
1696 3442 1898 3513 partim
1951 3442 2095 3497 ultro
2124 3443 2323 3512 partim

750 3555 942 3600 contra
976 3543 1289 3598 animorum
1324 3554 1552 3595 suorum
1585 3538 1913 3592 sententiam
1935 3536 2324 3604 obtemperan-

747 3639 918 3694 tibus.
941 3636 1194 3706 Magnum
1215 3645 1432 3703 quoque
1458 3630 1669 3688 etinter
1693 3627 2034 3697 patriarchas
2056 3627 2324 3682 celebrem

750 3731 1119 3801 Nicephorum
1175 3741 1374 3798 cegere
1428 3724 1602 3780 voluit
1638 3732 1696 3776 ut
1722 3721 1902 3777 edicto
1932 3719 1982 3775 ei
2015 3719 2328 3775 subscribe-

753 3837 858 3889 ret,
923 3823 1186 3891 nulloque
1213 3817 1375 3874 modo
1406 3828 1688 3888 parentem
1717 3815 2131 3870 Proconnesum
2186 3812 2330 3867 rele-

747 3918 917 3990 gavit.
952 3915 1120 3970 Multo
1147 3920 1275 3968 ante
1306 3911 1352 3966 is
1383 3909 1584 3966 Leonis
1644 3907 2056 3979 perversitatem
2090 3919 2327 3976 praesen-

749 4015 920 4070 serat,
952 4008 1022 4060 ab
1050 4019 1225 4075 eoque
1239 4019 1329 4060 res
1355 4002 1616 4059 Ecclesiae
1647 4000 1912 4071 agitatum
1937 3996 2330 4065 turbatumque

751 4101 842 4156 iri.
861 4099 997 4153 Nam
1026 4113 1136 4167 quo
1163 4107 1409 4166 tempore
1430 4092 1684 4148 diadema
1704 4089 1870 4160 capiti
1895 4088 2016 4158 ejus
2041 4087 2328 4157 imposuit,

753 4194 908 4248 visus
939 4189 1105 4261 857
1159 4187 1265 4242 sibi
1297 4185 1478 4240 fuerat
1506 4183 1682 4254 spinis
1739 4195 1803 4235 ac
1833 4179 2052 4235 tribulis
2109 4192 2328 4232 manum

751 4282 1070 4353 eompungi,
1097 4279 1262 4348 idque
1294 4290 1458 4331 omen
1481 4287 1677 4330 eorum
1707 4285 1830 4341 qua:
1854 4279 2042 4340 postea
2070 4275 2332 4323 eventura

752 4381 942 4430 essent
978 4371 1248 4426 malorum
1302 4367 1700 4436 interpretatus
1748 4361 1950 4416 fuerat.
1981 4359 2119 4414 Cum
2151 4368 2332 4414 autent

752 4467 1172 4522 Proconnesum
1197 4461 1591 4520 abduceretur,
1624 4453 1994 4523 Theophanes
2023 4451 2334 4516 confessor,

2417 1973 2511 2027 τοῦ
2549 1975 2841 2045 εἰρημένου
2868 1973 2982 2044 βίοι)
3011 1974 3291 2044 γενομένῳ
3313 1973 3458 2043 ζωῆς
3483 1991 3543 2027 τε
3571 1974 3785 2045 μακράν
3816 1974 4000 2046 βιοτὴν

2419 2066 2512 2118 καὶ
2554 2065 2652 2136 τὴς
2691 2065 2971 2137 βασιλείας
2998 2065 3330 2136 κυϐέρνησιν
3360 2066 3566 2136 εὐτυχῆ
3611 2084 3669 2119 τε
3698 2068 3794 2122 καὶ
3829 2068 3964 2119 πολυ

2417 2157 2648 2228 χρόνιον.
2680 2173 2702 2210 ι
2740 2155 2899 2210 Οὕτω
2948 2157 3378 2227 παιδαγωγήσας
3407 2157 3498 2210 τὸν
3536 2160 3786 2230 μοναχὸν,
3825 2162 3918 2212 καὶ
3967 2162 4004 2213 ἃ

2422 2246 2608 2318 μέλλει
2635 2246 2817 2315 λέγειν
2841 2247 2898 2310 ἐς
2932 2244 3162 2316 βασιλέα
3201 2249 3521 2315 παιδεύσας,
3552 2247 3819 2304 ἐπάνεισι.
3843 2249 3961 2305 Ms:
3979 2256 4007 2300 ὴ

2421 2337 2619 2409 μικρὸν
2656 2337 2834 2391 δὲκαὶ
2861 2337 2954 2391 τὸν
3001 2336 3227 2406 βασιλέα
3276 2338 3472 2402 νυκτὸς
3523 2342 3581 2393 ἐν
3627 2337 3874 2410 ταπεινῷ
3928 2342 4011 2392 τῶ

2422 2430 2661 2499 σχήματι
2690 2429 3134 2499 προσλαὸόμενος
3165 2429 3385 2501 ἔρχεται
3426 2431 3564 2501 πρὸς
3617 2431 3707 2483 τὸν
3751 2430 4008 2501 μοναχὴν,

2420 2520 2514 2572 καὶ
2559 2520 2657 2589 τῆς
2697 2519 2988 2587 διαλέξεως
3021 2521 3123 2592 ἤδη
3154 2520 3542 2592 λαμϐανούσης
3575 2519 3752 2592 ἀρχὴν
3779 2520 4012 2590 ἐγχεστα

2419 2611 2513 2664 τὸν
2565 2610 2792 2680 βασιλέα
2840 2612 3339 2682 παραστησάμενος
3385 2612 3416 2665 ό
3471 2611 3701 2684 μοναχδς
3739 2612 3815 2674 ὡς
3867 2612 4012 2678 me

2422 2701 2787 2774 προεγνωκὼς
2820 2704 2884 2756 ἐκ
2923 2704 3074 2766 θείας
3102 2703 3398 2768 ἐπιπνοίας
3434 2705 3496 2756 τὸ
3529 2702 3809 2773 βασιλικόν
3838 2703 4011 2768 ἀξιο-

2427 2812 2504 2865 μα
2531 2810 2546 2824 ο
2591 2813 2609 2845 ι
2637 2795 2750 2848 Οὐκ
2781 2795 3000 2864 εὔλογα,
3028 2795 3155 2865 ἔφη,
3192 2799 3388 2859 ποιεῖς,
3423 2789 3729 2865 ὧβασιλεῦ,
3764 2793 3852 2865 [Ρ.
3880 2795 4010 2846 489’

2426 2885 2936 2957 παραλογιζόμενος
2992 2888 3140 2956 ἡμᾶς
3186 2890 3254 2957 τῇ
3304 2888 3550 2954 ἰδιωτικῇ
3580 2887 3889 2956 ἀμπεχόνῃ,
3919 2887 4017 2936 καὶ

2422 2981 2514 3032 τὸν
2545 2979 2694 3032 ἔνδον
2719 2980 2894 3047 αὐτῆς
2926 2981 3300 3049 κρυπτόμενον
3337 2980 3726 3033 ἐπικαλύπτων
3760 2976 4012 3048 βασιλέα.

2437 3070 2583 3123 Ἀλλ’
2629 3071 2676 3122 εἰ
2709 3072 2805 3123 καὶ
2847 3071 2910 3123 σὺ
2945 3071 3044 3140 μὲν
3088 3070 3287 3132 οὕτως,
3320 3072 3436 3123 ἀλλ’
3467 3071 3500 3140 ἡ
3531 3070 3626 3122 τού
3658 3071 3803 3122 θείου
3838 3069 3978 3121 Ιινεύ
4001 3091 4014 3107 -

2351 3192 2395 3249 ρ
2431 3177 2598 3249 ματος
2636 3160 2796 3231 χάρις
2823 3161 2974 3230 ἡμᾶς
3001 3160 3102 3212 οὐκ
3123 3159 3307 3212 εἴασεν
3339 3159 3432 3211 ἐπὶ
3477 3159 3640 3211 πλέον
3665 3155 3810 3210 οὕτω
3842 3173 4019 3210 κατα-

2430 3247 2746 3319 σοφίζεσθαι
2778 3249 2882 3301 ύπὸ
2908 3248 3029 3302 σοῦ.
3063 3268 3082 3299 ι
3126 3248 3299 3300 Τοῦτο
3324 3246 3399 3308 ὡς
3427 3247 3658 3314 ἤκουσεν
3681 3246 3708 3297 ὀ
3734 3245 4017 3315 βασιλεζς,

2429 3342 2525 3395 καὶ
2570 3341 2646 3402 ὡς
2697 3340 2798 3392 οὐκ
2837 3338 3031 3392 ἔλαθεν
3062 3341 3120 3390 ὲν
3164 3339 3374 3391 εὐτελεῖ
3397 3339 3744 3407 προσχήματι
3773 3337 3832 3388 τὶ
3862 3337 4002 3406 βασεδ

2428 3431 2578 3485 λικδν
2610 3429 2872 3502 κρύπτων
2901 3431 3142 3498 ἀξίωμα,
3179 3429 3499 3499 κατεπλάγη
3532 3447 3613 3494 τε,
3637 3426 3710 3490 ὡς
3734 3424 3804 3501 ἦν
3841 3427 4017 3493 εἰκὸς,

2427 3525 2519 3577 τὸν
2545 3524 2606 3577 τὸ
2635 3523 2966 3594 σκαιώρημα
2995 3522 3316 3591 ἀγνοοῦντα,
3348 3523 3445 3575 καὶ
3476 3522 3566 3574 τόν
3585 3539 3644 3574 τε
3678 3520 3914 3590 μοναχὸν
3941 3519 4013 3582 ὼ,

2431 3613 2573 3668 θεῖον
2621 3614 2791 3684 ἄνδρα
2838 3613 3130 3684 ἐγνώρισε,
3168 3614 3260 3666 καὶ
3291 3611 3358 3665 τά
3401 3608 3855 3681 προσταττόμενα
3886 3626 3999 3676 παρ

2433 3706 2597 3760 αὑτοῦ
2627 3705 2897 3769 εύπειθῷς
2927 3706 3023 3758 καὶ
3055 3706 3195 3774 μετὰ
3226 3703 3532 3771 ταχύτητος
3562 3700 3809 3769 ποιήσειν
3839 3702 4010 3767 ἐπηγ-

2432 3797 2611 3866 γελτο,
2660 3797 2889 3850 καὶτῶν
2937 3795 3248 3863 σεὸασμίων
3272 3794 3497 3846 εἰκόνων
3530 3790 3846 3859 ἐπιψηφίζει
3880 3791 3986 3843 καθ

2430 3888 2658 3960 αἰρεσιν.
2702 3885 2813 3940 Kal.
2860 3886 3125 3955 πρότερον
3186 3883 3286 3953 μὲν
3339 3881 3502 3962 ἐνστῷ
3529 3879 3776 3950 λεληθότι
3807 3879 4017 3931 διεσκο-

2435 3983 2590 4034 πεῖτο
2625 3977 2744 4041 πῶς
2776 3978 2842 4031 ἂν
2884 3977 3064 4030 αὐτῶν
3099 3975 3396 4044 ἐκτελεσθῇ
3445 3974 3506 4025 τὸ
3546 3972 3890 4041 σπούδασμα,
3923 3985 4021 4025 και

2439 4074 2512 4142 μή
2545 4089 2631 4134 τις
2660 4071 2850 4133 στάσις
2871 4068 3141 4140 ἁνεγερθῇ
3180 4065 3309 4138 περὶ
3333 4067 3432 4135 τὴν
3459 4061 3809 4132 Ἐκκλησίαν·
3831 4061 4024 4115 ἐπει-α

2437 4164 2530 4217 καὶ
2581 4164 2662 4225 εἰς
2708 4161 3020 4232 τούμφανὲς
3064 4160 3125 4213 τὸ
3160 4157 3338 4228 δόγμα
3364 4155 3647 4224 ἐξήνεγκε,
3686 4156 3779 4208 καί
3815 4153 3927 4206 τῶν
3964 4154 4026 4206 ἐν

2436 4257 2581 4310 τέλει
2625 4257 2720 4310 καὶ
2766 4256 2875 4309 τῶν
2906 4255 3004 4326 τῆς
3045 4253 3378 4321 Ἐκκλησίας
3401 4252 3450 4304 οἰ
3485 4250 3582 4320 μὲν
3615 4249 3832 4312 ἑκόντες
3871 4249 3922 4300 οἰ
3968 4248 4026 4300 is

2439 4349 2666 4410 ἄκοντες
2710 4347 3027 4400 ὑπέκυπτον
3059 4345 3138 4413 τῷ
3173 4343 3584 4415 προστάγματι.
3649 4339 4028 4407 Ἠναγκάζετο

2440 4441 2496 4494 δὲ
2523 4441 2614 4493 καὶ
2645 4439 2674 4491 ὁ
2707 4438 2882 4509 μέγας
2911 4437 2970 4489 ἐν
3016 4436 3387 4507 πατριάρχαις
3419 4433 3661 4502 ἀοίδιμος
3708 4431 4029 4502 Νικηφόρτς

756 4555 1081 4613 monasterii
1107 4553 1290 4622 magni
1311 4549 1438 4620 Agri
1464 4549 1783 4619 praefectus,
1813 4561 1939 4600 eum
1967 4543 2186 4614 navigio
2204 4557 2301 4613 pra

2445 4535 2503 4586 ἐν
2527 4531 2628 4602 ,τῷ
2657 4531 2756 4599 τῆς
2810 4527 3189 4597 καθαιρέσεως
3216 4527 3326 4578 τῶν
3361 4526 3533 4591 ἁγίων
3563 4524 3785 4575 εἰκόνων
3821 4524 4028 4592 Camer;

757 4649 966 4704 tervehi
983 4647 1170 4702 divino
1189 4644 1452 4698 instinctu
1473 4639 1740 4703 sentiens,
1763 4653 1886 4692 cum
1907 4637 1961 4691 in
1981 4647 2133 4706 parte
2150 4635 2338 4705 praedii

760 4738 997 4810 quadam
1031 4739 1147 4807 ipse
1169 4744 1373 4805 ageret,
1401 4733 1582 4788 sumtu
1607 4739 1660 4786 et
1686 4729 1862 4785 cereis
1887 4735 2209 4797 prosecutus
2235 4733 2337 4780 est.

763 4833 868 4887 Sed
903 4840 956 4884 et
983 4828 1328 4897 Nicephorus
1353 4825 1579 4879 intentis
1603 4821 1864 4876 manibus
1891 4817 2136 4872 vicissim
2163 4813 2340 4869 Theo-

762 4926 994 4996 phanem
1025 4919 1303 4984 salutavit,
1328 4917 1593 4984 ﬂexisque
1616 4913 1850 4985 genibus
1876 4925 2088 4965 summe
2113 4921 2343 4963 venera-

762 5027 854 5072 tus
881 5011 1179 5078 benedixit,
1209 5025 1332 5064 cum
1370 5009 1594 5079 quidem
1629 5012 1826 5060 neuter
1849 5004 2079 5058 alterum
2108 4998 2339 5063 videret,

762 5103 859 5160 sed
889 5103 1006 5156 acie
1065 5100 1296 5170 spiritus
1348 5105 1543 5152 mutuo
1599 5109 1722 5149 sese
1770 5099 2060 5148 cernentes
2116 5090 2340 5159 dignum

767 5196 1001 5251 invicem
1061 5193 1326 5246 honorem
1379 5187 1768 5243 exhibuerunt.
1825 5182 2046 5238 Etcum
2115 5178 2340 5250 quidam

768 5301 870 5339 una
894 5283 1264 5351 navigantium
1287 5284 1553 5349 quaereret
1580 5287 1874 5345 quemnam
1909 5272 1984 5326 ita
2012 5269 2263 5324 manibus
2286 5267 2343 5322 in

766 5378 1001 5430 sublime
1030 5375 1251 5429 elevatis
1281 5372 1609 5437 salutarem
1638 5366 2085 5432 Sanctissimum,
2114 5377 2344 5434 respon-

774 5470 870 5533 dit,
890 5465 1283 5535 Tthphanem
1313 5463 1693 5519 confessorem
1718 5466 1774 5514 et
1801 5458 1930 5528 Agri
1964 5455 2342 5526 praepositum,

767 5562 854 5630 qui
880 5574 978 5614 nos
1007 5558 1218 5612 faetbus
1236 5564 1288 5611 et
1322 5554 1502 5611 sumtu
1522 5549 1992 5622 excepitaNeque
2020 5547 2193 5601 multo
2224 5552 2346 5614 post

767 5650 949 5704 exitus
973 5645 1457 5715 veramNicephori
1486 5641 1903 5713 praedictionem
1927 5637 2183 5693 ostendit.
2211 5633 2345 5687 Nam

771 5754 890 5792 mox
927 5753 1049 5791 cum
1082 5737 1268 5789 multis
1293 5735 1415 5789 aliis
1472 5729 1834 5801 Theophanes
1856 5739 2074 5796 quoque
2101 5720 2347 5777 Ecclesia

769 5830 981 5900 eiectus
1033 5828 1372 5897 inﬁnitisque
1436 5831 1671 5880 vexatus
1740 5819 1919 5877 modis
1979 5812 2345 5874 confessionis

2447 4624 2721 4695 μὴνασθαι
2745 4622 2897 4692 τόμῳ
2915 4639 2928 4651 ·
2956 4621 3014 4673 ὃν
3040 4617 3306 4689 μηδαμῶς
3341 4617 3790 4685 πειθαρχήσαντα
3853 4617 3960 4666 ὑπε
3973 4633 4029 4680 ρο

2443 4717 2590 4785 όριον
2633 4716 2736 4768 ἀνά
2759 4713 2856 4784 τὴν
2886 4711 3253 4782 Προικόνησον
3293 4708 3498 4778 τίθησι,
3533 4706 3701 4758 πάλαι
3733 4705 4026 4774 προαισθο-

2448 4823 2609 4879 μενον
2643 4809 2738 4876 τὴν
2768 4804 2863 4858 τοῦ
2896 4803 3124 4864 Λέοντος
3169 4798 3579 4869 σκαιοτροπίαν,
3614 4797 3707 4848 καὶ
3749 4794 3825 4857 ὡς
3855 4795 4029 4862 κυκή-

2446 4915 2529 4950 σει
2561 4891 2716 4960 οὗτος
2747 4895 2842 4948 καὶ
2879 4889 3201 4958 συνταράξει
3231 4889 3300 4940 τά
3331 4885 3802 4955 τῆςἘκκλησίας.
3839 4884 4028 4952 Ἔδοξε

2443 4989 2553 5060 γὰρ
2592 4987 2670 5057 τῷ
2706 4985 2984 5056 μακαρίτῃ
3033 4979 3356 5050 Νικηφόρῳ,
3408 4977 3646 5047 ὁπηνίκα
3690 4976 3750 5028 τὸ
3781 4973 4027 5044 διάδημα

2444 5075 2750 5149 περιετίθει
2791 5077 2859 5144 τῇ
2917 5072 3011 5125 τοῦ
3041 5072 3269 5133 Λέοντος
3317 5068 3552 5140 κεφαλῇ,
3601 5065 3868 5126 ἀκάνθαις
3932 5062 4029 5120 καὶ

2443 5169 2714 5241 τρισόλοις
2750 5165 2850 5238 τὴν
2883 5168 3040 5234 χεῖρα
3065 5163 3443 5233 περιπαρῆναι
3466 5177 3478 5190 ⁸
3541 5161 3634 5212 καὶ
3685 5157 3844 5210 τοῦτο
3884 5156 3995 5224 σύμ
4017 5176 4034 5189 ι

2446 5262 2604 5318 σολον
2648 5261 2744 5315 καὶ
2805 5257 2995 5312 οἰωνὸν
3032 5256 3185 5308 ἔθετο
3232 5255 3340 5307 τῶν
3373 5253 3510 5324 μετὰ
3547 5251 3715 5305 ταῦτα
3753 5245 4002 5318 σνμσεὸτ,

2445 5357 2620 5410 κότων
2650 5352 2857 5406 κακῶν.
2917 5347 3277 5417 Ἀπαγομένῳ
3306 5345 3362 5398 δὲ
3406 5344 3483 5414 τῷ
3515 5343 3732 5413 μεγάλῳ
3757 5343 3893 5411 πρὸς
3927 5345 4027 5394 ’τί-ο.

2446 5445 2745 5519 ὑπερορίαν
2775 5445 2806 5498 ό
2833 5440 3170 5512 ὁμολογητὴς
3195 5437 3472 5505 Θεοφάνης
3511 5438 3539 5488 ό
3567 5434 3662 5502 τῆς
3694 5432 3788 5486 τοῦ
3841 5433 4004 5501 May:

2445 5537 2540 5591 λου
2606 5532 2802 5605 Ἀγροῦ
2869 5531 3038 5601 μονῆς
3097 5529 3552 5598 καθηγούμενος,
3612 5525 3936 5594 αἰσθόμενος
3971 5529 4030 5587 ἐξ

2446 5627 2733 5689 ἐπιπνοίας
2769 5624 2961 5692 θεῖκῆς
3010 5625 3110 5690 τὴν
3144 5620 3408 5675 διέλευσιν
3457 5619 3667 5680 τούτου,
3710 5616 3832 5668 κατ’
3858 5616 4029 5684 ἀγρτι

2445 5738 2569 5776 τινα
2591 5716 2964 5788 ἐνδιατρίὸων,
2992 5713 3300 5782 θυμιάμασι
3327 5711 3421 5764 καὶ
3449 5712 3640 5779 κηροῖς
3666 5705 4029 5776 προεπεμπεν

2449 5814 2616 5869 αὐτὸν
2665 5809 2802 5883 μετὰ
2849 5807 2948 5872 τῆς
2979 5804 3104 5877 νηὸς
3131 5803 3356 5861 διιόντα.
3410 5803 3582 5866 Aine;
3616 5817 3674 5853 τε
3702 5801 3730 5852 ό
3762 5800 4014 5867 πατριάρ
