4226 6444
254 389 358 456 941

1316 398 1683 459 HISTORIA
1696 401 1860 461 RUM
1892 400 2430 466 COMPENDIUM.

3422 412 3527 474 942

248 522 353 575 χης
393 509 833 577 προσκυνήσεσιν
870 509 1127 578 ἐσχάταις
1180 510 1449 574 ἐδεξιοῦτο
1487 513 1581 565 καὶ
1614 513 1834 566 ἐκτάσει

1944 530 2199 569 coronam
2238 515 2577 585 reportavit;
2629 532 2806 585 neque
2836 519 2885 573 ei
2930 520 3115 576 datum
3173 529 3256 578 est
3294 524 3529 593 patriar-

244 600 450 670 χειρῶν
491 601 586 653 καὶ
616 600 894 669 εὐλογίαις
930 602 1093 655 αὑτὸν
1139 603 1547 673 κατησπάζετο,
1602 606 1676 673 μὴ
1704 603 1837 657 θεώ-

246 708 408 760 μενος
438 692 514 762 μὴ
545 692 843 761 θεώμενον,
882 694 1015 747 ἀλλά
1043 697 1153 757 τοῖς
1187 698 1581 763 πνευματικοῖς
1621 696 1830 763 ὀφθαλ-

245 786 366 850 μοῖς
429 784 691 856 ἀλλήλους
751 786 970 851 ἰδόντες,
1039 789 1133 842 καὶ
1181 788 1240 840 τὸ
1288 791 1567 858 προσῆκον
1603 790 1834 852 ἕκαστος

242 875 462 947 ἑκάστῳ
516 879 883 947 ἀπονέμοντες
939 881 1123 943 σέϐας.
1192 880 1312 935 Τῶν
1364 883 1750 951 συμπλεόντων
1779 883 1835 935 δέ

240 985 389 1031 τινος
437 970 722 1040 εἰρηκότος
785 972 865 1041 τῷ
924 974 1234 1049 πατριάρχῃ
1267 1015 1282 1039 ,
1347 993 1364 1025 t
1400 976 1436 1027 Ι,
1470 977 1541 1036 ,ὃς
1591 975 1712 1027 τίνα
1741 1016 1753 1037 ,
1791 969 1835 1027 ὦ

241 1055 498 1123 δέσποτα,
555 1060 656 1120 τὰς
703 1060 894 1134 χεῖρας
932 1062 1106 1133 αἴρων
1134 1065 1211 1126 είς
1246 1063 1377 1130 ὕψος
1416 1065 1507 1117 τὸν
1543 1063 1837 1132 ἀσπασμὸν

242 1147 430 1199 ἑποίου
456 1166 470 1212 ;
510 1166 632 1201 r—t
664 1151 806 1220 Πρὸς
837 1153 926 1205 τὸν
954 1152 1267 1215 ὁσιώτατον,
1287 1154 1414 1221 ἔφη.
1445 1153 1535 1205 καὶ
1568 1153 1839 1222 ὁμολογη-

240 1238 342 1306 τὴν
376 1240 679 1312 Θεοφάνην,
715 1243 805 1296 τὸν
838 1244 1153 1316 καθηγητὴν
1176 1248 1270 1298 τοῦ
1320 1247 1542 1315 ’Λγροῦ,
1573 1246 1823 1313 λαμπάσι

1939 610 2096 664 cliam
2124 623 2287 677 porro
2322 610 2527 673 videre,
2565 624 2633 664 ne
2656 612 2777 679 ejus
2802 611 2887 665 vel
2913 611 3017 666 hac
3046 614 3098 667 in
3130 624 3282 682 parte
3315 615 3531 673 falleret

1950 699 2298 752 vaticinium.
2319 698 2577 768 llelegato
2599 698 3118 769 Nicephurosolium
3148 705 3527 774 archiepisco-

1938 790 2059 858 pale
2088 789 2307 860 indigne
2338 795 2662 848 conscendit
2680 793 2801 862 ipso
2822 791 3260 850 Resurreetionis
3283 794 3527 851 Domini-

1943 896 2020 933 (σαι
2045 879 2133 934 die
2166 880 2487 937 Theodotus
2514 883 2871 945 Melissenus,
2905 899 3065 953 quem
3096 894 3151 938 et
3207 884 3526 941 Cassiteran

1944 972 2154 1026 dictum
2209 987 2375 1042 supra
2424 976 2763 1030 monuimus.
2796 974 2849 1031 Is
2905 991 2972 1030 eo
3004 987 3249 1042 evectus,
3273 985 3326 1030 et
3356 978 3531 1048 impe-

1949 1062 2150 1115 ratoris
2209 1063 2510 1131 potentiam
2564 1062 2735 1133 858
2787 1064 2888 1117 sibi
2938 1064 3149 1119 habens
3184 1066 3526 1134 adjumento,

1950 1168 2058 1206 non
2084 1153 2201 1221 jam
2248 1154 2302 1206 in
2331 1154 2572 1210 tenebris
2623 1164 2677 1209 et
2707 1156 2925 1224 angulis
2952 1157 3046 1211 sed
3072 1159 3253 1227 palam
3282 1167 3337 1213 et
3363 1159 3527 1228 pleno

1933 1258 2027 1297 ore
2046 1244 2559 1314 imaginiperdarum
2585 1249 2952 1317 promulgavit
2971 1250 3245 1308 haeresim.

244 1334 338 1384 καὶ
378 1332 723 1403 θυμιάμασιν
759 1339 905 1407 ημᾶς
940 1337 1299 1406 δεξιούμενον.
1337 1356 1355 1388 ι
1412 1338 1545 1390 Μετ’
1579 1338 1639 1389 οὐ
1691 1335 1828 1387 πολὺ
1861 1334 1916 1387 δὲ
1954 1335 2045 1385 καὶ
2076 1336 2108 1405 ἡ
2141 1332 2236 1385 τοῦ
2266 1337 2606 1406 πατριάρχου
2638 1338 2801 1409 ἐξέϐη
2867 1341 2949 1403 εἰς
2980 1341 3140 1410 ἔργον
3194 1345 3524 1417 πρόρρησις·

247 1428 390 1497 μετά
457 1427 669 1479 πολλῶν
720 1428 828 1498 γάρ
887 1432 981 1482 καὶ
1035 1431 1210 1485 ἄλλων
1270 1433 1328 1483 ὲν
1390 1432 1448 1483 οὐ
1500 1429 1699 1500 μακρῷ
1734 1433 1832 1501 τῆς
1880 1428 2209 1498 Ἑκκλησίας
2262 1430 2578 1499 ἀφορισθεὶς
2636 1434 2730 1483 καὶ
2820 1434 3043 1496 πολλαῖς
3131 1437 3227 1488 καὶ
3278 1439 3529 1509 ἀπείροις

243 1520 563 1575 κακώσεσιν
596 1519 924 1588 ύποϐληθεὶς
964 1521 1054 1574 τὸν
1082 1524 1183 1591 τῆς
1213 1524 1500 1592 ὁμολογίας
1535 1525 1832 1595 ἀνεδήσατο
1863 1525 2145 1592 στέφανον,
2187 1526 2385 1592 μηκέτι
2435 1523 2738 1578 θεάσασθαι
2770 1526 2865 1577 τοῦ
2897 1526 3085 1583 λοιποῦ
3165 1532 3258 1585 τὸν
3324 1552 3527 1605 πατρι-

246 1615 421 1683 άρχην
472 1613 751 1677 ἀξιωθεὶς,
805 1613 891 1665 ἵνα
928 1613 1050 1682 μηδ’
1083 1615 1144 1665 ἐν
1202 1615 1377 1683 τούτῳ
1427 1616 1657 1687 διαπέσῃ
1708 1619 1761 1687 *ἠ
1797 1614 1891 1670 τοῦ
1930 1615 2272 1684 πατριάρχου
2300 1616 2629 1685 πρόρρησις.
2684 1618 2981 1689 ’Υπερορίᾳ
3014 1622 3071 1673 δὲ
3122 1624 3217 1675 τοῦ
3247 1628 3523 1695 πατριάρ-

245 1726 341 1778 χου
378 1706 900 1775 παραπεμφθέντος,
938 1709 1013 1769 ὡς
1045 1708 1293 1779 εἴπομεν,
1345 1711 1551 1763 ἄνεισιν
1592 1710 1828 1775 ἀναξίως
1864 1710 1944 1773 είς
1997 1709 2089 1761 τὸν
2126 1709 2225 1776 τῆς
2257 1709 2673 1779 ἀρχιερωσύνης
2728 1711 2943 1781 θρόνον,
3005 1717 3126 1767 κατ’
3202 1717 3370 1785 αὐτὴν
3425 1720 3526 1787 τὴν

244 1801 345 1868 τῆς
395 1798 775 1861 Ἀναστάσεως
829 1798 923 1851 τοῦ
976 1800 1179 1868 Κυρίου
1238 1802 1470 1870 ἡμέραν,
1533 1802 1788 1864 Θεόδοτος
1838 1803 1866 1853 ὁ
1905 1800 2269 1867 Μελισσηνὸς,
2305 1800 2363 1852 ὃν
2411 1802 2501 1852 καὶ
2533 1802 2891 1873 Κασσιτηρᾶν
2926 1808 3435 1877 προσαγορεύεσθαι
3496 1817 3526 1865 6

248 1895 408 1962 λόγος
440 1892 655 1962 φθάσας
696 1891 1032 1960 παρέστησε.
1064 1890 1153 1962 ῘΡ.
1190 1892 1319 1964 490]
1369 1895 1479 1947 Καὶ
1517 1893 1612 1946 τοῦ
1637 1894 1827 1965 θρόνου
1865 1894 2086 1955 ἐπιϐὰς,
2122 1891 2260 1961 ἔχων
2292 1890 2348 1942 δὲ
2382 1894 2873 1962 συνεπαρήγουσαν
2904 1899 2997 1948 καὶ
3071 1899 3173 1969 τὴν
3238 1899 3526 1970 βασιλικὴν

246 1989 520 2053 ἐξουσίαν,
561 1988 661 2040 οὑκ
699 1988 756 2040 ἐν
812 1988 989 2040 σκότει
1053 1988 1147 2039 καὶ
1200 1988 1426 2055 γωνίαις
1473 1986 1577 2052 ἔτι,
1631 1987 1744 2041 ἀλλ’
1796 1990 1853 2040 ἐν
1904 1986 2155 2055 ὑπαίθρῳ
2202 1985 2297 2037 καὶ
2339 1986 2624 2057 παρρησία
2652 1985 2751 2057 τὴν
2775 1987 2989 2061 αἵρεσιν
3008 1992 3118 2042 τῶν
3138 1992 3525 2063 Εἰκονομάχων

246 2084 592 2155 ἐδημοσίευε.

319 2180 472 2233 Λέων
507 2178 564 2230 δέ
613 2178 641 2230 ὁ
677 2175 928 2247 βασιλεὺς
982 2177 1048 2244 τῇ
1098 2192 1157 2227 τε
1194 2174 1637 2244 προηγησαμένῃ
1693 2172 1835 2227 κατὰ

2013 2171 2082 2224 At
2101 2169 2301 2227 Leonis
2334 2172 2573 2243 impetus
2603 2174 2772 2229 animi
2808 2188 3037 2244 prorsus
3064 2185 3224 2231 erant
3268 2180 3525 2245 ell'renes,

247 2271 575 2339 Βουλγάρων
612 2268 738 2338 νίκῃ
774 2267 1187 2336 ἐξωγκωμένος,
1220 2267 1312 2318 καὶ
1344 2266 1485 2318 κατά
1510 2266 1619 2319 τῶν
1657 2267 1834 2334 Ἀρά-

248 2364 361 2417 ϐων
414 2362 472 2417 δὲ
536 2361 720 2431 μικρῷ
773 2360 1039 2430 πρότερον
1078 2360 1386 2429 εὐτυχήσας
1412 2398 1426 2422 ,
1465 2359 1835 2428 ἀκατάσχετος

249 2454 320 2527 ἦν
352 2457 414 2509 τὸ
472 2456 732 2525 φρόνημα
785 2452 881 2506 καὶ
912 2450 1048 2522 πρὸς
1081 2452 1142 2503 τὸ
1176 2452 1412 2520 σκληρὸν
1463 2452 1700 2503 ἀπένευε
1739 2451 1837 2504 καὶ

247 2547 528 2617 ὠμότερον
557 2562 569 2575 ·
609 2544 981 2612 ἀπαραίτητός
1014 2560 1072 2595 τε
1106 2543 1215 2613 γὰρ
1249 2545 1349 2613 τὴν
1374 2542 1545 2612 ὀργὴν
1570 2540 1833 2608 ἐγεγόνει,

245 2639 348 2692 καὶ
405 2637 516 2690 τῶν
576 2636 996 2705 ἁμαρτημάτων
1060 2635 1330 2705 κολαστὴς
1408 2635 1832 2705 αὐστηρότατος,

251 2733 364 2792 τοῖς
432 2746 493 2780 τε
551 2727 909 2795 ἐντυγχάνειν
967 2725 1246 2778 ἐθέλουσιν
1318 2726 1675 2786 ἀνέντευκτος
1740 2725 1837 2777 καὶ

246 2820 677 2892 δυσξύμϐουλος,
716 2820 808 2871 ἐπί
840 2835 898 2870 τε
928 2819 1147 2889 μικροῖς
1190 2819 1548 2887 ἁμαρτήμασι
1596 2816 1837 2885 μεγάλας

246 2913 653 2983 ἐπιφέρωναάς
670 2912 993 2975 καταδίκας,
1010 2904 1084 2964 ὧν
1106 2910 1205 2979 μὲν
1218 2912 1408 2979 χεῖρας
1434 2908 1839 2979 ἀφαιρούμενος

246 3000 326 3059 ὧν
359 3005 417 3058 δὲ
453 3004 621 3065 πόδας
659 2995 735 3056 ὧν
762 3002 819 3054 δέ
856 3019 978 3055 τινα
998 3001 1162 3069 ἔτερα
1193 3001 1303 3052 τῶν
1326 3000 1707 3069 καιριωτάτων
1740 3016 1832 3067 με·

250 3099 385 3164 λῶν,
408 3097 555 3166 ἅπερ
583 3094 993 3164 ἀποτέμνεσθαι
1021 3092 1457 3160 ἀποφαινόμενος
1478 3091 1581 3145 ἀνά
1594 3090 1837 3160 τὴνξλεω-

250 3192 421 3259 φόρον
484 3186 959 3257 άνακρεμαννύειν
1022 3186 1310 3239 ἐκέλευσεν
1366 3186 1445 3246 εἰς
1501 3183 1839 3252 κατάπληξιν

250 3284 399 3352 τάχα
440 3281 548 3333 τῶν
604 3279 855 3347 ὁρώντων
909 3278 1005 3331 καὶ
1060 3278 1200 3342 δέος.
1258 3277 1352 3330 Ἐκ
1386 3277 1577 3328 τούτου
1614 3276 1839 3345 μισητδς

251 3374 494 3442 κατέστη
529 3373 607 3440 τῷ
641 3370 746 3422 ὑπὸ
779 3372 939 3440 χεῖρα
970 3371 1153 3426 παντί.
1211 3369 1378 3423 Πλέον
1414 3369 1459 3422 δ’
1499 3369 1748 3420 ἐπέτεινε
1781 3367 1840 3418 τὸ

256 3470 417 3537 μῖσος
471 3465 543 3518 τὰ
591 3466 732 3534 μετά
787 3462 1002 3517 ταῦτα·
1062 3464 1121 3515 οὐ
1176 3464 1339 3531 μόνον
1387 3462 1496 3528 γὰρ
1547 3462 1689 3514 κατὰ
1731 3460 1840 3512 τῶν

1946 2264 2151 2317 recenti
2188 2264 2253 2317 de
2286 2262 2539 2333 Bulgaris
2568 2266 2797 2319 victoria
2849 2282 2913 2321 ac
2945 2269 3111 2337 paulo
3144 2282 3269 2325 ante
3299 2286 3359 2327 re
3387 2285 3523 2327 con-

1945 2362 2026 2405 tra
2054 2352 2264 2408 Arabes
2288 2354 2520 2409 feliciter
2543 2365 2695 2426 gesta
2731 2356 2924 2411 inflati.
2967 2359 3154 2429 Itaque
3186 2360 3376 2417 durior
3410 2364 3525 2433 jam

1942 2460 2065 2501 esse
2095 2455 2150 2501 et
2181 2447 2248 2501 ad
2306 2449 2685 2503 crudelitatem
2728 2452 2959 2519 prolabi,
3005 2456 3115 2507 iras
3151 2455 3527 2523 implacabiles

1942 2554 2152 2609 gerere,
2187 2549 2241 2594 et
2267 2540 2465 2594 delicta
2509 2542 2860 2596 severissime
2890 2543 3115 2611 punire;
3152 2546 3407 2616 congredi
3433 2560 3527 2602 aut

1944 2628 2232 2683 consulere
2289 2630 2596 2686 volentibus
2651 2630 2924 2687 difficilem
2994 2646 3054 2687 se
3112 2636 3387 2705 praebere;
3424 2653 3526 2708 pro

1944 2720 2129 2787 parvis
2191 2718 2411 2774 delictis
2445 2734 2639 2789 graves
2696 2722 2983 2791 imponere
3047 2739 3276 2793 poenas;
3331 2744 3525 2791 manus

1944 2810 2251 2875 nonnullis,
2296 2812 2421 2867 aliis
2467 2814 2651 2882 pedes,
2686 2814 2811 2869 aliis
2838 2815 2943 2869 alia
2971 2820 3223 2885 corporis
3252 2830 3525 2889 praestabo

1948 2900 2089 2953 tiora
2122 2901 2370 2955 membra
2401 2905 2674 2972 amputari
2693 2919 2868 2974 eaque
2890 2907 2943 2960 in
2969 2910 3051 2960 via
3086 2910 3233 2979 regia
3264 2913 3524 2982 suspendi

1943 2994 2159 3063 jubere,
2185 3010 2295 3065 quo
2329 3004 2599 3075 terrorem
2631 2997 2946 3057 videntibus
2978 3010 3292 3072 metumque
3320 3006 3530 3062 incute-

1947 3099 2047 3141 ret.
2083 3088 2164 3141 Ob
2191 3089 2306 3142 haec
2334 3090 2471 3143 nulli
2507 3103 2616 3143 non
2648 3090 2995 3145 subditorum
3031 3093 3272 3160 invisus,
3304 3097 3373 3153 iis
3405 3112 3527 3167 qua:

1948 3179 2242 3235 subsecuta
2291 3190 2421 3236 sunt
2465 3182 2806 3237 facinoribus
2840 3185 2966 3238 odia
2996 3186 3048 3237 in
3100 3201 3159 3241 se
3186 3188 3362 3242 auxit.
3406 3187 3527 3244 Non

1950 3271 2098 3325 enim
2149 3285 2343 3327 contra
2392 3274 2643 3329 homines
2679 3283 2890 3329 tantum
2936 3277 3183 3347 ejusdem
3219 3295 3405 3335 secum
3432 3298 3531 3335 na-

1952 3373 2087 3416 tura:
2117 3372 2169 3418 et
2200 3363 2487 3435 dignitatis
2534 3366 2867 3421 efferebatur
2911 3376 3076 3439 atque
3119 3371 3397 3436 saeviebat,
3434 3373 3531 3429 sed

1951 3454 2217 3511 adversus
2242 3457 2417 3525 ipsam
2453 3458 2618 3512 etiam
2652 3461 2911 3528 pietatem
2951 3460 3235 3534 Deumque
3288 3462 3529 3519 furebat.

252 3558 541 3629 ὁμοτίμων
599 3558 699 3626 τὴν
734 3555 898 3624 φύσιν
927 3553 1233 3626 ἀνθρώπων
1291 3555 1498 3624 ἐπῆρτο
1551 3557 1647 3606 καὶ
1680 3556 1839 3622 ἠγρι-

1950 3548 2029 3601 Ad
2069 3551 2181 3603 haec
2208 3560 2406 3605 nactus
2443 3558 2528 3606 est
2564 3552 2909 3622 aptissimum
2972 3555 3401 3609 instrumentum
3448 3556 3535 3609 vi-

253 3652 479 3717 αίνετο,
557 3649 693 3703 ἀλλὰ
749 3651 846 3703 καὶ
901 3647 1025 3701 κατ’
1079 3647 1253 3716 αὐτῆς
1314 3646 1677 3715 ἐκορυϐαντία
1741 3646 1843 3714 τῆς

251 3743 511 3809 εὐσεϐοῦς
546 3743 782 3805 πίστεως
832 3741 929 3795 καὶ
965 3739 1061 3794 τοῦ
1114 3739 1275 3796 Θεοῦ.
1343 3740 1621 3810 Ὀργανον
1648 3739 1691 3791 δ’
1725 3740 1845 3791 ἐπι-

253 3836 473 3907 τήδειον
506 3834 643 3907 πρὸς
668 3834 829 3887 τοῦτο
857 3832 1017 3904 ἔσχεν
1051 3832 1219 3904 ἄνδρα
1251 3831 1375 3884 τινὰ
1412 3831 1701 3900 διαϐόητον
1748 3832 1843 3882 ἐπὶ

252 3927 567 3997 πανουργίᾳ
595 3964 611 3991 ,
673 3924 772 3978 τοῦ
832 3925 1114 3993 τάγματος
1176 3921 1285 3975 τῶν
1341 3924 1399 3974 ἐν
1459 3920 1537 3991 τῷ
1592 3920 1842 3988 παλατίῳ

252 4018 568 4088 ψαλλόντων
596 4017 696 4087 τὴν
718 4015 893 4085 ἀρχὴν
922 4013 1137 4084 ἔχοντα,
1169 4012 1370 4079 ἔξωθεν
1408 4012 1505 4081 μὲν
1541 4011 1840 4081 ἱεροπρεπῆ

254 4109 581 4179 φαινόμενον
640 4106 736 4159 καὶ
790 4103 1044 4172 θεοσεϐῆ,
1091 4101 1302 4155 ἔνδοθεν
1351 4101 1409 4153 δὲ
1459 4100 1535 4163 ὡς
1582 4102 1639 4152 ἐν
1692 4100 1845 4169 βαθεί

259 4200 442 4271 κωδίῳ
472 4200 564 4252 τὸν
592 4197 756 4251 λύκον
790 4195 1255 4249 ἐπικαλύπτοντα.
1313 4188 1483 4256 Οὗτος
1541 4195 1569 4246 6
1618 4192 1843 4261 βέϐηλος

268 4292 461 4360 καιρὸν
521 4288 829 4358 ἐπιτήδειον
889 4286 1163 4357 εὑρηκὼς,
1213 4284 1336 4338 καθ’
1369 4285 1427 4337 δν
1479 4286 1560 4347 είς
1608 4284 1845 4351 ἐπήκοον

260 4384 319 4433 ἐν
377 4384 444 4451 τῇ
476 4379 777 4449 Ἐκκλησία
829 4379 1018 4432 εῐωθεν
1074 4380 1109 4448 ἡ
1161 4377 1255 4430 τοῦ
1318 4378 1842 4447 μεγαλοφωνοτάτου

275 4471 505 4526 Ἡσαΐου
590 4472 1066 4539 ἀναγινώσκεσθαι
1136 4468 1443 4541 προφητεία
1502 4470 1534 4536 ἡ
1588 4468 1841 4533 λέγουσα,

266 4585 284 4615 ι
322 4566 442 4617 Τίνι
515 4564 840 4634 ὡμοιώσατε
891 4562 1137 4633 Κύριον;
1212 4560 1308 4613 καὶ
1362 4560 1465 4612 τίνι
1523 4557 1843 4627 ὼμοιώσατε

262 4658 475 4720 αὗτὸνς
529 4658 621 4723 Μὴ
673 4656 860 4709 εἰκόνα
912 4655 1137 4725 ἐποίησε
1197 4653 1425 4715 τέκτων,
1477 4651 1510 4720 ἢ
1551 4650 1846 4720 χρυσοχόος

258 4748 538 4819 χωνεύσας
601 4750 826 4818 χρυσίον
862 4744 1307 4815 περιεχρύσωσεν
1332 4740 1522 4811 αὐτὴν,
1576 4739 1846 4810 ἢόμοιώ-

1944 3656 2069 3695 rum
2101 3641 2393 3711 quemdam
2420 3643 2622 3699 nobilis
2659 3646 2934 3711 versutia,
2967 3646 3181 3701 cohorti
3220 3661 3409 3701 eorum
3437 3649 3532 3718 qui

1947 3734 2000 3787 in
2036 3734 2237 3803 palatio
2266 3735 2565 3807 psallerent
2586 3735 2935 3807 praefectum;
2970 3740 3063 3806 qui
3094 3754 3205 3808 pre
3237 3754 3295 3795 se
3324 3741 3531 3795 sancti-

1946 3825 2188 3877 moniam
2232 3826 2416 3881 ferens
2440 3834 2606 3896 atque
2625 3828 2877 3895 pietatem
2898 3830 3051 3885 intus
3073 3830 3179 3885 sub
3205 3830 3376 3887 densa
3405 3832 3527 3887 lana

1946 3914 2133 3983 lupum
2202 3914 2448 3970 abditum
2511 3918 2783 3985 gestabat.
2842 3917 3099 3988 lmpurus
3154 3922 3258 3977 iste
3313 3932 3531 3993 tempus

1946 4010 2179 4077 adeptus
2213 4021 2615 4079 opportunum,
2655 4026 2764 4080 quo
2792 4012 2857 4066 ad
2888 4028 3050 4068 aures
3081 4014 3341 4071 Ecclesia
3374 4032 3535 4071 usur-

1948 4109 2135 4169 patum
2173 4110 2257 4156 est
2287 4102 2505 4157 recitari
2562 4105 3157 4175 magniloquentissimi
3214 4109 3369 4163 Isaiae
3396 4114 3534 4164 vati-

1947 4192 2155 4245 cinium
2184 4211 2196 4246 :
2236 4212 2253 4243 ι
2289 4193 2387 4249 Cui
2419 4196 2802 4252 assimilabitis
2832 4194 3170 4252 Dominum?
3200 4200 3370 4271 859
3402 4218 3534 4257 num

1947 4284 2129 4353 opifex
2171 4284 2402 4356 efﬁgiem
2458 4286 2645 4352 faciet,
2693 4298 2788 4341 aut
2812 4287 3095 4344 aurifaber
3130 4289 3369 4345 conﬂato
3397 4307 3532 4347 auro

1947 4390 2066 4429 eam
2148 4376 2401 4446 intcget?
2438 4397 2455 4429 ι
2513 4387 2664 4442 etc.,
2701 4386 2829 4434 tunc
2879 4394 3007 4449 ergo
3066 4380 3159 4435 ille
3213 4383 3533 4451 imperatori

1948 4476 2135 4523 astans
2164 4469 2218 4521 in
2241 4484 2429 4524 aurem
2458 4488 2471 4523 :
2511 4490 2529 4520 ι
2547 4470 2959 4535 Animadverte,
2980 4473 3178 4540 inquit,
3203 4472 3319 4527 haec
3341 4474 3528 4539 verba,

1953 4569 2009 4613 ut
2040 4576 2107 4615 ne
2137 4569 2189 4615 te
2210 4561 2374 4616 lateat
2401 4564 2642 4617 veritas:
2668 4563 3003 4631 amplectere
3029 4563 3169 4618 hanc
3186 4565 3529 4635 religionem,

1948 4667 2112 4719 quam
2145 4653 2245 4707 tibi
2284 4663 2437 4708 vates
2493 4656 2683 4707 dictat.
2717 4673 2735 4703 ι
2779 4654 2871 4708 llis
2901 4655 3064 4711 dictis
3093 4671 3316 4711 vaesano
3357 4658 3530 4726 impe-

1949 4745 2118 4797 ratori
2148 4746 2334 4800 acrius
2366 4748 2590 4802 haeresis
2616 4761 2891 4801 venenum
2924 4748 3230 4810 instillavit,
3270 4749 3345 4801 ita
3389 4758 3448 4802 ut
3482 4751 3530 4804 is

262 4858 391 4908 ματι
448 4839 853 4893 κατεσκεύασεν
930 4838 1147 4907 αὐτήν;
1201 4854 1219 4887 ι
1273 4836 1368 4888 καὶ
1425 4836 1492 4887 τὰ
1534 4834 1697 4885 λοιπὰ,
1742 4834 1839 4901 τῆς

1950 4851 2111 4904 quam
2144 4838 2295 4904 prius
2331 4839 2654 4905 religionem
2706 4854 2872 4908 parce
2898 4856 2962 4894 ac
2990 4841 3305 4894 dubitanter
3332 4842 3531 4909 praedi-

262 4933 648 5003 προφητείας·
713 4931 999 5001 παραστὰς
1046 4926 1138 4982 οὖν
1204 4928 1339 4997 πρὸς
1393 4922 1485 4989 οὖς
1554 4927 1700 4992 λέγει
1764 4924 1843 4995 τῷ

267 5024 501 5092 βασιλεῖ·
531 5044 547 5075 ι
575 5023 740 5085 Σύνες
770 5026 881 5085 τοῖς
910 5021 1244 5091 λεγομένοις,
1274 5013 1319 5071 ὦ
1352 5018 1597 5087 βασιλεῦ,
1630 5017 1724 5068 καὶ
1768 5016 1841 5085 μὴ

265 5116 405 5184 λάθῃ
450 5132 508 5167 σε
553 5118 614 5168 τὸ
661 5115 899 5184 ἀληθὲς,
945 5115 1038 5167 καὶ
1090 5112 1346 5181 τοιαύτης
1402 5110 1524 5179 ἔχου
1587 5109 1842 5176 λατρείας

265 5208 459 5260 ὁποίαν
491 5222 572 5258 σοι
604 5204 921 5275 ὑποτίθησιν
947 5205 976 5256 ό
1003 5204 1309 5273 προφήτης.
1345 5221 1363 5252 ›
1405 5201 1640 5254 Τοιαῦτα
1671 5197 1842 5251 εἰπὼν

267 5298 524 5363 ἐνέσταξε
567 5302 632 5368 τῇ
665 5298 873 5366 διανοίᾳ
904 5297 997 5350 τοῦ
1040 5297 1305 5365 βασιλέως
1356 5294 1577 5347 πλείονα
1619 5293 1695 5345 ἰὸν
1741 5291 1842 5359 τῆς

264 5392 553 5462 αἱρέσεως,
589 5391 663 5453 ὡς
695 5390 761 5459 ἣν
789 5390 1054 5461 πρότερον
1088 5389 1227 5455 μετὰ
1256 5387 1472 5455 φειδοῦς
1510 5388 1605 5439 καὶ
1636 5384 1844 5437 ἐνδοια-

1952 4926 2063 4978 cari
2098 4927 2474 4991 mandaverat,
2500 4928 2614 4996 jam
2642 4940 2831 4998 aperte
2864 4930 3315 5001 impudenterque
3336 4947 3530 4988 omnes

1950 5018 2210 5087 amplecti
2240 5019 2492 5087 jusserit,
2529 5021 2585 5073 ni
2619 5020 2884 5084 facerent,
2928 5024 3257 5091 gravissima
3287 5024 3530 5079 minatus

1950 5107 2115 5162 mala.
2152 5107 2431 5179 Quotquot
2466 5126 2596 5180 ergo
2630 5113 2859 5165 mollitia
2897 5114 3023 5167 victi
3068 5121 3200 5168 tunc
3243 5116 3528 5169 veritatem

1949 5205 2329 5272 prodiderunt,
2364 5206 2430 5258 iis
2467 5204 2649 5259 omnia
2680 5216 2793 5261 tuta
2840 5217 3017 5261 erant.
3057 5207 3161 5273 Qui
3212 5217 3391 5262 autem
3422 5207 3527 5261 im-

1952 5296 2205 5365 piissimo
2265 5296 2523 5351 mandato
2572 5313 2685 5351 non
2738 5308 3015 5367 parerent,
3067 5300 3123 5353 in
3174 5298 3530 5369 gravissimos

1954 5386 2235 5438 cruciatus
2262 5399 2325 5438 ac
2354 5386 2698 5440 calamitates
2728 5385 3109 5443 deveniebant.

266 5482 407 5550 σμοῦ
467 5482 760 5552 κηρύττειν
804 5481 1067 5549 ἠπείγετο
1098 5480 1377 5550 λατρείαν,
1413 5478 1618 5546 ταύτην
1652 5475 2166 5546 ἀνακεκαλυμμένῳ
2235 5475 2517 5547 προσώπῳ
2611 5478 2706 5530 καὶ
2762 5478 3020 5547 ἀναιδῶς,
3103 5481 3279 5533 είπεῖν
3367 5480 3528 5534 πλέον

274 5574 413 5642 μετά
463 5573 707 5626 ἀπειλῶν
752 5575 845 5625 καὶ
897 5572 1157 5625 κινδύνων
1227 5570 1500 5640 αἱρεῖσθαι
1532 5569 1871 5640 ἠνάγκαζεν.

1944 5568 2099 5621 Ὅσοι
2176 5570 2274 5638 μὲν
2347 5565 2441 5623 οὖν
2522 5570 2948 5641 μαλακιζόμενοι
3006 5573 3360 5643 προύδίδοσαν
3431 5571 3528 5641 τὴν

272 5667 553 5735 ἀλήθειαν,
588 5668 645 5717 ἐν
681 5666 889 5728 άδείαις
914 5662 1056 5736 ἦσαν
1080 5682 1094 5695 ·
1132 5667 1180 5718 οἱ
1233 5664 1308 5736 μὴ
1342 5665 1767 5733 πειθαρχοῦντες
1797 5662 1853 5713 δὲ
1921 5662 1999 5731 τῷ
2058 5661 2222 5715 αὐτοῦ
2275 5663 2693 5735 δυσσεϐεστάτῳ
2748 5666 3137 5737 προστάγματι
3208 5664 3525 5733 ἀνηκέστοις

270 5763 477 5823 αἰκίαις
517 5760 613 5813 καὶ
644 5762 947 5831 συμφοραῖς
976 5761 1343 5833 παρεδίεοντο.

343 5854 567 5923 Kuh-.59
615 5855 670 5907 δέ
716 5854 885 5919 οὓτως
934 5854 1074 5926 ἔχων
1121 5856 1440 5921 δυσσεϐείας
1488 5857 1582 5911 καὶ
1613 5873 1844 5926 παρανο-

2030 5853 2094 5907 At
2131 5852 2276 5909 enim
2331 5852 2460 5918 Leo,
2499 5866 2819 5923 quanquam
2877 5853 3191 5923 hujusmodi
3254 5852 3528 5919 impietate
