4226 6444
259 383 364 445 θιίῦ

1322 379 1870 443 HISTORIARUM
1909 381 2444 444 COMPENDIUM.

3434 385 3543 452 946

263 513 408 565 ἔνδον
441 511 542 579 τῆς
571 511 800 581 καρδίας
827 509 1181 579 ἐκφαυλίζειν
1207 511 1511 582 δυναμενος
1547 511 1849 580 μυστήρια.

1981 492 2166 545 πρίηται
2227 492 2529 559 proferens.
2589 489 2669 545 lta
2718 498 2772 546 et
2818 491 2884 546 de
2926 493 3258 563 imperatore
3293 499 3542 565 quaedam

276 599 488 654 Ἐλάλει
535 600 646 669 γὰρ
689 602 796 654 πᾶν
820 599 882 653 τὸ
909 600 1328 670 παριστάμενον
1375 603 1456 663 εἰς
1517 600 1854 670 τούμφανὲς,

263 694 600 762 ἀπερρίπτει
638 693 694 745 δὲ
753 693 848 746 καὶ
897 693 1016 746 κατ’
1050 693 1342 748 αὐτοῦτοῦ
1380 693 1643 763 βασιλέως
1667 693 1860 760 λόγους

265 789 362 836 οὐκ
407 786 723 854 εὐπρεπεῖς,
764 786 1005 839 ἀπειλῶν
1055 786 1208 855 αὐτῷ
1267 804 1324 839 τε
1385 785 1712 857 καθαίρεσιν
1761 786 1860 853 τῆς

271 878 542 944 βασιλείας
599 879 692 930 καὶ
740 880 805 948 τῇ
871 879 1036 932 αὑτοῦ
1096 878 1316 950 συζύγῳ
1359 881 1537 949 γάμον
1599 879 1862 933 ἐπισείων

267 971 504 1027 ἀνόσιον.
573 971 752 1041 Ἀπερ
803 973 830 1023 ὁ
873 971 1129 1041 βασιλεὺς
1182 972 1442 1041 πυνθανόέ
1474 989 1594 1034 ενος
1644 971 1862 1041 πρῶτον

273 1063 373 1129 μὲν
423 1063 751 1134 εὐμηχάνως
785 1067 1047 1134 ἐπειρᾶτο
1097 1065 1730 1137 παραπροσποιούμενος
1764 1067 1865 1136 τὴν

272 1157 499 1221 γνῶσιν.
548 1158 858 1224 ἀποστῆσαι
909 1158 1100 1212 τοῦτον
1139 1163 1238 1229 τῆς
1286 1158 1734 1229 ἀθυρογλωσσίας
1771 1160 1865 1210 καὶ

274 1245 383 1297 τῶν
448 1247 634 1299 κακῶν
695 1248 1081 1317 βουλευμάτων
1149 1249 1496 1320 βουλόμενος.
1597 1251 1682 1321 [Ρ.
1733 1250 1859 1322 492]

279 1331 434 1409 ’ῌδει
482 1341 591 1408 γαρ
654 1342 818 1394 αὐτὸν
863 1342 1118 1412 αἰσχίστῃ
1157 1342 1298 1409 νόσῳ
1326 1342 1613 1412 ἀκολάστῳ
1644 1341 1864 1413 γλώσσῃ

273 1432 620 1487 δουλεύοντα.
677 1433 766 1496 Ὠς
818 1434 872 1486 δὲ
913 1435 1010 1486 καὶ
1057 1436 1420 1504 παραινέσεσι
1467 1436 1562 1487 καὶ
1616 1436 1868 1498 ἀπειλαῖς

273 1525 381 1590 ὅπη
448 1524 702 1594 παρείκοι
762 1525 1046 1595 χρώμενος
1093 1525 1256 1588 εὐθὺς
1321 1526 1420 1595 μὲν
1469 1526 1868 1597 ἐξαρνούμενον

274 1616 498 1683 ιῡρισκε
557 1617 627 1668 τὰ
683 1617 974 1687 λεγόμενα,
1015 1617 1198 1680 ἀδείας
1227 1617 1282 1670 δέ
1318 1617 1478 1672 πάλιν
1527 1622 1868 1691 τετυχηκότα

272 1705 381 1756 τῶν
414 1705 555 1758 κατά
587 1708 790 1759 σκοπὸν
826 1709 900 1778 μὴ
935 1709 1330 1777 ἀφιστάμενον,
1380 1709 1680 1780 ἐπαφίησιν
1714 1711 1863 1779 αὖτῷ

277 1797 516 1858 σκοποὺς
567 1801 660 1848 καὶ
709 1797 1066 1861 ὠτακουστὰς
1110 1798 1437 1866 λεληθότως,
1492 1802 1694 1866 οἵτινες
1743 1800 1872 1851 πολ-

275 1886 433 1948 λάκις
489 1890 548 1940 ἐν
609 1888 868 1958 εὐωχίαις
903 1891 999 1942 καὶ
1034 1889 1226 1960 μέθαις
1262 1892 1720 1961 μετακινούμενον
1758 1893 1864 1945 τῶν

278 1979 491 2046 φρενῶν
535 1980 639 2033 ὑπὸ
673 1981 766 2034 τοῦ
801 1981 949 2034 οἴνου
985 1982 1389 2046 καταλαϐόντες
1424 1984 1520 2036 καὶ
1572 1987 1685 2046 τοῖς
1731 2001 1865 2054 προ-

275 2072 456 2140 τέροις
530 2073 674 2141 μάλα
753 2073 1056 2144 προθύμοις
1128 2076 1505 2144 ἐπιτιθέμενον
1566 2077 1866 2147 κατάδηλον

280 2163 496 2216 ποιοῦσι
549 2165 628 2234 τῷ
663 2165 896 2235 βασιλεῖ.
951 2167 1201 2232 Ἐγένετο
1230 2168 1286 2220 δέ
1315 2168 1602 2237 προσθήκη
1630 2168 1867 2232 πίστεως

279 2257 388 2307 τῶν
427 2256 872 2327 διαϐαλλομένων
914 2258 993 2328 τῷ
1037 2260 1260 2329 Μιχαὴλ
1297 2261 1392 2312 καὶ
1431 2261 1458 2313 ὁ
1500 2260 1866 2325 Ἐξαϐούλιος,

282 2348 423 2418 ἀνὴρ
460 2351 744 2420 φρενήρης
791 2351 884 2402 κα)⁵
919 2352 1161 2421 συνήθης
1190 2352 1269 2421 τῷ
1305 2353 1534 2422 βασιλεῖ,
1565 2355 1665 2407 οὐκ
1692 2354 1870 2421 ἄγνω-

285 2455 409 2500 στος
457 2440 513 2492 δὲ
563 2443 657 2493 κ²ὶ
686 2441 762 2511 τῷ
803 2443 1051 2513 Μιχαήλι
1108 2441 1273 2507 Οὗτος
1308 2446 1574 2508 πολλάκις
1624 2447 1869 2516 ἐπισχεῖν

283 2529 446 2580 αὑτὸν
476 2530 574 2597 τῆς
606 2530 1008 2600 ἀθυροστομίας
1054 2535 1432 2605 ἐπιχειρήσας,
1469 2539 1563 2590 καὶ
1606 2540 1870 2608 παραινέ-

283 2635 383 2680 σας
419 2621 599 2690 σιγᾷν,
657 2623 751 2673 καὶ
783 2622 860 2692 μὴ
895 2624 1070 2686 οὕτως
1123 2626 1365 2694 ἀκαίρως
1396 2630 1872 2697 παρρησιάζεσθαι

284 2707 378 2757 καὶ
424 2710 503 2769 είς
521 2706 822 2777 ,προῦπτον
876 2712 1069 2764 ἐαυτὸν
1113 2715 1374 2767 συνωθεῖν
1417 2717 1662 2770 κίνδυνον
1697 2737 1874 2791 παρα-

283 2800 539 2866 καλέσας,
597 2802 784 2874 ἐπειδὴ
835 2805 909 2874 μὴ
963 2804 1165 2868 ἔπειθε,
1220 2809 1354 2877 δῆλα
1404 2810 1583 2862 πάντα
1646 2811 1713 2863 τὰ
1749 2815 1872 2864 κατ’

283 2896 449 2948 αὑτὸν
484 2897 668 2966 τίθησι
695 2899 775 2968 τῷ
811 2879 1046 2969 βασιλξῖ.

1100 2903 1210 2956 Καὶ
1248 2903 1310 2971 δὴ
1345 2904 1451 2974 προ
1502 2907 1630 2972 μιᾶς
1663 2906 1876 2975 ἡμέρας

282 2987 388 3054 τῆς
421 2990 562 3041 κατὰ
597 2991 778 3059 σάρκα
831 2992 1068 3060 Χριστοῦ
1095 2993 1187 3045 τοῦ
1219 2994 1353 3046 Θεοῦ
1381 2996 1539 3064 ἡμῶν
1571 2999 1877 3066 γεννήσεως

282 3079 581 3148 δεξάμενος
623 3081 722 3144 τὰς
763 3084 1027 3150 μηνύσεις
1057 3086 1084 3135 ὁ
1128 3084 1382 3154 βασιλεὺς
1412 3088 1504 3139 ἐπὶ
1538 3089 1778 3157 emta-.6;
1817 3107 1874 3142 τε

285 3171 343 3220 ἐν
393 3188 445 3222 τε

285 3263 581 3333 ἐξεταστὴς
611 3265 720 3316 τῶν
751 3266 1103 3334 μηνυθέντων
1151 3268 1384 3334 ἐγίνετο.
1429 3269 1737 3323 Ἀλίσκεται
1768 3270 1880 3322 τοί-

286 3371 383 3430 νυν
420 3355 734 3424 τυραννίδος
793 3359 820 3409 ὁ
854 3357 1096 3426 Μιχαὴλ,
1151 3359 1314 3421 αὐτὸς
1371 3359 1708 3413 καταθέσθαι
1773 3361 1879 3414 ύπὸ

284 3447 383 3513 τῆς
415 3447 700 3516 ἐναργείας
733 3449 844 3500 τῶν
879 3450 1122 3519 ἐλέγχων
1150 3453 1517 3517 ἀναγκασθείς
1537 3468 1551 3482 ’
1585 3456 1678 3505 καὶ
1701 3455 1880 3524 ψῆφος

287 3537 583 3607 ὲκςέρεται
613 3540 735 3591 κατ’
772 3541 938 3593 αὑτοῦ
986 3546 1119 3612 πυρὶ
1169 3544 1543 3614 καταστρέψαι
1580 3546 1680 3615 τὴν
1709 3546 1876 3617 ζωὴν,

287 3629 662 3697 ἐμϐληθέντος
717 3633 777 3684 ἐν
830 3636 894 3703 τῇ
961 3636 1174 3703 καμίνῳ
1225 3636 1320 3688 τοῦ
1385 3637 1442 3688 ἐν
1491 3637 1568 3705 τῷ
1629 3639 1879 3708 παλατίῳ

287 3724 543 3792 λουτροῦ,
574 3720 715 3777 εἶναι
749 3725 804 3778 δὲ
848 3728 939 3781 καὶ
967 3729 1127 3782 αὑτὸν
1159 3729 1366 3798 θεωρὸν
1394 3729 1485 3781 τὸν
1529 3729 1753 3798 βασιλέα
1784 3733 1879 3786 τοῦ

286 3815 589 3883 ερτματος.
657 3819 860 3885 Ἥγετο
903 3822 999 3888 μὲν
1039 3816 1133 3873 οὖν
1163 3823 1261 3889 τὴν
1290 3821 1380 3873 ἐπὶ
1412 3821 1642 3876 θάνατον
1667 3823 1881 3893 δεσμώ-

292 3925 412 3976 της,
447 3909 633 3960 εἵπετο
660 3910 714 3962 δὲ
749 3911 844 3963 καὶ
875 3915 902 3965 ὁ
939 3913 1190 3981 βασιλεῖ),
1227 3913 1426 3976 θεατὴς
1467 3907 1605 3966 εἶναι
1653 3915 1880 3984 ὀριγνώ-

295 4015 457 4067 μενος
487 4001 578 4053 τοῦ
620 4001 924 4072 δρωμένου.
996 4006 1084 4057 Ἐν
1114 4006 1224 4074 ὅσῳ
1270 4005 1324 4056 δέ
1387 4005 1446 4057 τδ
1496 4006 1698 4074 μεταξὺ
1749 4024 1882 4076 παρ-

289 4090 523 4155 ημειὸον
557 4091 853 4162 διάστημα,
879 4098 909 4161 ἡ
932 4094 1141 4163 βασιλὶς
1162 4096 1438 4160 Θεοδοσία,
1469 4095 1525 4147 τὸ
1556 4095 1648 4148 τοῦ
1686 4095 1850 4166 Ἀρσα

290 4180 400 4249 Eine
433 4181 749 4251 θυγάτριον,
795 4186 1042 4255 μαθοῦσα
1064 4187 1122 4239 τὸ
1150 4186 1342 4253 μέλλον
1373 4185 1684 4256 πραχθῆναι
1716 4189 1882 4253 ἔξεισι

294 4275 436 4340 μετὰ
471 4275 709 4344 σπουδῆς
740 4279 822 4330 ὅτι
858 4278 1052 4347 πολλῆς
1088 4279 1184 4330 τοῦ
1216 4279 1486 4347 θαλάμων
1526 4281 1884 4351 “apicum”

290 4382 341 4416 τι
375 4367 471 4418 καὶ
521 4367 748 4433 μανικὸν
778 4372 1097 4440 κινουμένη,
1135 4371 1224 4423 τὸν
1273 4372 1496 4439 βασιλέα
1545 4389 1603 4424 τε
1646 4375 1886 4427 καταλα-

294 4455 470 4508 ϐοῦσα
513 4458 790 4527 ἀλάστορα
839 4477 898 4512 τε
933 4462 1026 4514 καὶ
1055 4463 1322 4532 θεομάχον
1351 4465 1614 4517 ἀπεκάλει
1652 4461 1732 4527 οἷς
1763 4466 1882 4518 οὐδὲ

1965 598 2155 653 parum
2189 582 2420 638 honeste
2449 585 2681 649 dixerat,
2717 583 2934 638 minans
2955 586 3004 640 ei
3036 587 3249 658 imperii
3285 589 3552 659 privatio-

1965 693 2088 731 nem
2138 686 2185 729 et
2222 678 2378 732 uxori
2417 678 2643 735 illicitas
2676 680 2923 749 nuptias.
2987 681 3063 735 Ea
3095 695 3222 734 cum
3253 690 3446 739 essent
3478 684 3547 740 ad

1967 785 2027 825 se
2064 770 2246 823 allata.
2287 777 2586 842 imperator
2643 773 2916 842 principio
2974 774 3168 828 statuit
3203 783 3321 831 arte
3351 791 3479 833 eum
3521 791 3551 831 a

1969 863 2356 917 maledicentia
2415 879 2479 918 ac
2529 866 2712 933 pravis
2746 865 2999 922 consiliis
3040 865 3334 924 detrahere
3371 879 3554 940 (norat

1967 957 2111 1011 enim
2143 971 2266 1008 eum
2305 957 2626 1026 turpissimo
2675 957 2872 1028 lingua:
2920 959 3296 1014 immoderata:
3356 959 3553 1016 morbo

1969 1048 2268 1102 laborarel.
2295 1048 2647 1103 dissimulata
2677 1065 2868 1104 eorum
2901 1066 3022 1120 qua:
3055 1050 3107 1104 in
3145 1065 3205 1106 se
3224 1059 3383 1107 erant
3405 1051 3554 1106 dicta

1969 1141 2191 1196 n0titia.
2231 1141 2368 1196 Cum
2403 1151 2584 1198 autem
2621 1144 3008 1198 interminatus
3033 1159 3280 1216 ususque
3307 1143 3560 1200 admoni-

1973 1233 2218 1288 tionibus
2249 1234 2691 1303 deprehenderet
2721 1252 2845 1290 cum
2873 1236 2924 1289 in
2953 1238 3240 1305 praesentia
3264 1237 3556 1294 maledicta

1972 1324 2220 1391 inﬁtiari,
2285 1343 2593 1396 rursusque
2626 1337 2848 1384 nactum
2883 1329 3159 1383 licentiam
3209 1329 3279 1383 ab
3314 1330 3555 1400 incoepta

1972 1431 2083 1470 non
2114 1417 2406 1479 desistere,
2453 1419 2728 1474 submittit
2753 1420 2970 1475 occulte
3002 1421 3431 1487 auscultatores,
3463 1423 3557 1491 qui

1971 1509 2331 1564 observarent
2358 1509 2658 1564 hominem.
2691 1509 2730 1563 li
2760 1526 2882 1564 cum
2919 1520 3202 1566 notassent
3235 1527 3360 1566 eum
3386 1527 3560 1583 saepe-

1973 1617 2203 1656 numero
2234 1602 2286 1657 in
2319 1603 2588 1657 conviviis
2613 1613 2780 1671 atque
2811 1602 2953 1656 inter
2991 1604 3184 1673 pocula
3220 1603 3346 1659 vino
3379 1610 3560 1659 mente

1973 1692 2209 1746 alienata
2240 1707 2434 1762 magno
2459 1703 2658 1747 conatu
2691 1695 3032 1762 propositum
3087 1708 3245 1746 suum
3281 1693 3560 1762 persequi,

1979 1798 2094 1837 rem
2121 1784 2440 1851 imperatori
2473 1784 2638 1855 862
2663 1796 2970 1855 exponunt.
3005 1784 3308 1839 Plurimum
3349 1783 3560 1838 delato—

1980 1877 2134 1929 ribus
2178 1874 2428 1930 Michaeli
2481 1875 2606 1931 ﬁdei
2642 1877 2957 1931 conciliavit
3016 1877 3336 1938 Exabulius,
3397 1876 3561 1932 homo

1976 1968 2218 2036 prudens
2277 1971 2502 2039 regique
2534 1969 2827 2024 familiaris
2864 1969 3078 2039 ipsique
3129 1968 3398 2024 Michaelo
3447 1985 3558 2024 non

1977 2061 2218 2130 ignotus.
2248 2061 2420 2126 Quem
2460 2063 2505 2117 is
2535 2077 2661 2117 cum
2717 2077 2862 2133 saepe
2916 2063 2984 2116 ab
3014 2063 3306 2117 immodica
3341 2063 3560 2119 dicendi

1978 2151 2198 2205 licentia
2232 2162 2380 2206 esset
2409 2152 2756 2218 dehortatus,
2799 2154 3218 2223 monuissetque
3261 2164 3321 2210 ut
3357 2163 3562 2211 taceret

1977 2257 2155 2312 neque
2189 2253 2298 2296 tam
2347 2243 2732 2314 intempestiva
2778 2245 3033 2300 libertate
3068 2246 3183 2300 oris
3221 2246 3274 2300 in
3319 2261 3559 2316 praisens

1978 2335 2284 2405 periculum
2339 2351 2400 2393 se
2458 2339 2782 2407 conjiceret,
2835 2354 2960 2392 cum
3013 2353 3122 2393 non
3176 2339 3558 2410 persuaderet,

1980 2429 2165 2482 omnia
2225 2429 2348 2498 ejus
2410 2431 2595 2485 studia
2643 2432 2960 2500 imperatori
3015 2431 3336 2487 declaravit.
3379 2430 3562 2488 Pridie

1983 2523 2164 2591 itaque
2228 2523 2605 2578 natalitiorum
2665 2524 2874 2578 Christi
2927 2524 3227 2595 imperator
3287 2527 3562 2595 perceptis

1983 2617 2204 2670 indiciis
2255 2617 2309 2670 in
2342 2617 2567 2671 archivo
2602 2633 2704 2688 pro
2736 2619 2995 2672 tribunali
3032 2619 3285 2673 considet
3341 2621 3458 2690 ipse
3495 2619 3565 2676 de

1983 2710 2051 2762 iis
2095 2709 2479 2777 iiiqnisiturus.
2518 2709 2595 2763 lbi
2647 2709 2950 2764 Michaelus
2997 2725 3052 2764 re
3083 2720 3344 2764 accurate
3374 2709 3568 2782 explo-

1981 2813 2100 2857 rata
2133 2803 2398 2857 atl‘ectatrc
2426 2803 2739 2874 tyrannidis
2766 2818 2893 2857 reus
2923 2805 3228 2875 peragitur,
3257 2807 3374 2876 ipse
3400 2807 3564 2862 etiam

1984 2897 2236 2950 conﬁteri
2296 2898 2480 2951 scelus
2544 2898 2615 2950 ob
2672 2899 3060 2967 probationum
3119 2899 3566 2968 perspicuitatem

1984 2999 2246 3056 coactus;
2289 2989 2568 3060 ferturque
2595 2992 2648 3044 in
2683 3006 2809 3044 eum
2847 2993 3144 3056 sententia,
3199 3000 3258 3046 ut
3311 2993 3368 3047 in
3401 2991 3572 3047 canti-

1985 3095 2115 3133 num
2151 3081 2378 3143 lavacri,
2412 3069 2556 3149 quod
2595 3089 2679 3135 est
2729 3083 2783 3135 in
2840 3082 3064 3150 palatio,
3103 3085 3258 3138 vivus
3283 3085 3571 3153 conjectus

433 3175 505 3230 si;
568 3175 961 3244 ἀσηκρητείοις
1019 3175 1129 3244 (58)
1186 3178 1429 3240 ἐκάθισε,
1488 3181 1581 3230 καὶ
1637 3179 1874 3250 ἀκριϐὴς

1987 3179 2285 3236 cremetur,
2320 3171 2653 3239 inspiciente
2685 3175 3041 3241 imperatore.
3109 3173 3245 3228 Cum
3299 3175 3412 3244 jam
3445 3175 3570 3230 vin-

1983 3272 2106 3316 ctus
2158 3264 2224 3315 ad
2282 3263 2616 3332 supplicium
2671 3263 2992 3327 duceretur,
3045 3265 3212 3336 idque
3269 3267 3572 3336 imperator

1982 3367 2168 3406 coram
2221 3367 2449 3406 cernere
2516 3353 2779 3420 gestiret,
2846 3353 3061 3408 interim
3137 3355 3266 3409 dum
3331 3357 3570 3427 spatium

1981 3457 2092 3510 quo
2170 3443 2238 3496 ad
2309 3443 2487 3496 locum
2554 3458 2729 3513 poena:
2786 3444 3009 3498 venitur
3081 3448 3570 3514 perambularent,

1983 3534 2301 3603 iniperalrix
2358 3533 2690 3601 Theodosia,
2727 3534 2985 3590 Arsaberi
3031 3537 3196 3591 ﬁliola
3269 3539 3385 3604 illa,
3441 3541 3574 3609 quid

1983 3627 2256 3697 agendum
2312 3635 2459 3681 esset
2511 3627 2768 3697 cognito,
2819 3629 3073 3684 celeriter
3134 3630 3374 3686 thalamo
3438 3634 3572 3698 exit,

1986 3719 2211 3774 bacchze
2264 3719 2554 3788 cujusdam
2592 3721 2772 3774 instar
2802 3732 2951 3775 motu
2989 3721 3202 3779 furioso
3233 3739 3356 3778 sese
3379 3740 3570 3795 agens,

1985 3812 2481 3880 imperatoremque
2527 3813 2934 3881 apprehensum
2983 3814 3315 3884 ﬂagitiosum
3349 3832 3411 3871 ac
3461 3818 3575 3874 Deo

1985 3901 2370 3955 adversantem
2411 3904 2669 3970 appellat,
2721 3903 2816 3973 qui
2864 3920 2930 3958 ne
2983 3921 3156 3959 εαριεε
3199 3907 3420 3975 quidem
3466 3909 3574 3962 diei

1987 4002 2274 4060 parceret,
2342 3994 2690 4048 Dominicum
2752 4011 2956 4064 corpus
3036 4007 3421 4066 percepturus.
3499 4000 3577 4054 Ita

1988 4082 2335 4150 imperatoris
2398 4083 2666 4152 impetum
2733 4099 2797 4138 ea
2855 4086 3131 4149 inhibuit,
3192 4096 3251 4140 ut
3323 4097 3577 4144 metuens

1989 4188 2058 4227 ne
2133 4173 2304 4228 Deum
2352 4173 2677 4240 offenderet,
2729 4183 2781 4229 in
2830 4179 3124 4246 praesentia
3177 4180 3355 4235 salute
3414 4181 3577 4252 863

1989 4263 2314 4320 Micliaelum
2378 4267 2630 4329 donarit,
2701 4269 3062 4338 compedibus
3150 4271 3313 4325 modo
3383 4271 3578 4328 ferreis

1989 4356 2296 4423 inclusum;
2355 4365 2583 4425 quorum
2647 4360 2800 4414 clave
2857 4360 2960 4414 sibi
3027 4370 3258 4424 retenta,
3300 4365 3576 4419 hominem

1988 4449 2163 4518 papiae
2211 4449 2634 4504 custodiendum
2698 4451 2999 4506 mandavit.
3064 4454 3146 4506 Ad
3185 4469 3408 4510 uxorem
3447 4472 3577 4512 vero

290 4549 393 4614 τὴν
444 4550 596 4601 θείαν
660 4553 877 4622 ἡμέραν
939 4553 1060 4621 ἄγει
1125 4553 1215 4606 διὰ
1268 4554 1520 4623 φειδοῦς,
1580 4558 1674 4608 τοῦ
1731 4556 1874 4609 θείου

1989 4557 2330 4598 conversus:
2365 4563 2382 4594 ι
2421 4543 2580 4610 Feci,
2639 4546 2838 4615 inquit,
2872 4546 3018 4615 quod
3065 4547 3307 4613 iussisti,
3356 4550 3576 4615 mulier,

296 4640 512 4706 μέλλων
563 4640 818 4709 σώματος
860 4648 1172 4713 μετασχεῖν,
1208 4645 1302 4696 καὶ
1344 4647 1438 4714 τῆς
1482 4647 1658 4716 ὁρμῆς
1689 4647 1868 4700 διεκώ-

294 4731 446 4783 λυεν.
501 4724 669 4794 Οὗτος
716 4734 772 4785 δὲ
816 4735 893 4802 τῷ
938 4734 1055 4804 Θεῷ
1089 4735 1164 4806 μὴ
1203 4738 1577 4805 προσκροῦσαι
1606 4736 1880 4802 δεδοικὼς,

292 4822 354 4873 τὸ
387 4822 488 4889 μὲν
517 4825 860 4894 παραχρῆμα
894 4826 1262 4896 παλίντροπον
1296 4827 1444 4897 αύτῷ
1473 4830 1572 4898 τὴν
1607 4829 1883 4899 σωτηρίαν

295 4910 640 4979 ὲὸοάόευσε,
700 4916 922 4986 σίδηρον
986 4917 1043 4969 δὲ
1099 4919 1212 4979 τοῖς
1278 4919 1407 4969 ποσὶ
1481 4918 1730 4988 περιθεὶς
1787 4917 1883 4971 τοῦ

299 5002 546 5072 Μιχαὴλ,
600 5007 694 5058 καὶ
742 5007 840 5074 τῆς
889 5007 1098 5070 κλειδὸς
1139 5008 1317 5079 ἐαυτῷ
1363 5008 1462 5078 τὴν
1491 5009 1737 5079 φρουρὰν
1764 5010 1886 5061 ἐπι-

294 5095 528 5158 τοέψας,
574 5098 652 5166 τῷ
689 5100 872 5153 παιδία
907 5100 1005 5171 τὴν
1055 5101 1218 5154 αυτοῦ
1271 5100 1518 5171 φυλακὴν
1573 5103 1882 5168 ανατῐθησι.

298 5187 444 5255 Πρὸς
470 5189 528 5240 δὲ
555 5186 654 5259 τὴν
699 5192 932 5258 σύζυγον
965 5195 1321 5264 ἐπιστραφεὶς
1351 5194 1455 5261 ἔφη
1479 5208 1491 5222 '
1531 5212 1548 5243 ι
1583 5194 1726 5261 Ἐγὼ
1761 5196 1882 5263 μὲν.

297 5270 341 5328 ᾧ
370 5278 554 5344 γύναι,
597 5282 714 5343 ταῖς
756 5286 877 5346 σαῖς
916 5284 1201 5354 βακχείαις
1247 5285 1491 5346 πεισθεὶς
1538 5284 1771 5352 ἐποίησα
1809 5285 1882 5348 ὼς

298 5368 594 5432 ἐκέλευσας
626 5388 640 5402 ·
679 5371 744 5424 σὺ
781 5372 835 5423 δὲ
887 5373 985 5425 ούκ
1034 5375 1114 5437 εὶς
1157 5377 1377 5445 μακρὰν
1424 5375 1636 5441 ἐπόψει,
1697 5375 1792 5427 καὶ
1821 5375 1887 5428 τὰ

299 5459 400 5527 τῆς
440 5461 578 5532 ἐμῆς
613 5463 802 5535 νηδύος
834 5467 1213 5537 βλαστήματα,
1258 5469 1327 5521 τὰ
1380 5467 1797 5538 ἀποϐησόμενα,
1835 5467 1882 5518 εἰ

1994 4635 2103 4690 tuis
2134 4650 2433 4705 persuasus
2464 4637 2952 4697 bacchationibus:
2986 4639 3080 4693 sed
3118 4649 3175 4692 tu
3209 4655 3330 4694 mox
3360 4656 3574 4709 cernes,

1992 4737 2046 4783 et
2080 4730 2258 4798 proles
2282 4738 2494 4795 nostra,
2531 4730 2662 4800 quid
2692 4739 3020 4785 eventurum
3057 4733 3147 4797 sit,
3201 4733 3366 4786 etiam
3401 4734 3444 4788 si
3493 4751 3593 4794 me.

1992 4823 2175 4878 hodie-
2201 4838 2228 4875 a
2263 4832 2490 4892 peccato
2540 4823 2880 4879 abstinuisti.
2917 4843 2934 4876 ι
2990 4825 3170 4894 Atque
3215 4826 3318 4882 hoc
3357 4828 3576 4896 quidem

1994 4917 2102 4982 ille,
2137 4932 2449 4986 quanquam
2479 4931 2507 4970 a
2541 4917 2766 4972 fatidica
2793 4919 3155 4988 inepiratione
3179 4921 3573 4986 alienissimus,

1993 5024 2120 5063 vere
2151 5009 2482 5063 vaticinatus
2515 5017 2620 5064 est.
2679 5009 2877 5064 Fertur
2905 5020 2957 5065 et
2991 5013 3274 5065 oraculum
3307 5012 3418 5082 jam
3448 5014 3577 5068 olim

1995 5100 2292 5167 accepisse,
2325 5113 2433 5168 quo
2465 5099 2786 5152 monebatur
2814 5115 2936 5155 esse
2984 5108 3035 5154 in
3067 5100 3193 5155 fatis
3243 5112 3300 5154 ut
3330 5103 3579 5156 natalitio

1992 5193 2202 5246 Christi
2234 5191 2372 5246 festo
2404 5207 2528 5244 cum
2566 5191 2800 5261 imperio
2832 5193 2998 5246 vitam
3032 5199 3268 5248 amittat.
3308 5194 3432 5249 Fuit
3475 5197 3581 5252 hoc

1996 5285 2280 5338 oraculum
2343 5283 2699 5353 Sibyllinuni,
2766 5286 3096 5356 inscriptum
3160 5287 3300 5340 libro
3361 5286 3578 5342 cuidam

1995 5377 2340 5432 bibliothecae
2391 5377 2777 5446 imperatorim,
2834 5393 2944 5448 quo
2991 5395 3097 5432 non
3152 5381 3371 5434 oracula
3417 5380 3580 5436 modo

2000 5469 2426 5525 continebantur
2459 5470 2551 5525 sed
2575 5479 2628 5524 et
2662 5469 2848 5540 ﬁgurae
2875 5471 3268 5540 imperatorum
3300 5471 3582 5528 coloribus

1428 5587 1569 5642 XYL
1585 5589 1788 5643 \NDRI
1821 5587 1909 5642 ET
1954 5587 2168 5644 GOARI
2201 5586 2436 5643 NOTAE.

382 5697 497 5763 (58)
531 5697 588 5773 ln_
619 5700 850 5773 __palatio
898 5704 1246 5773 augustiore,
1288 5704 1401 5772 juri
1456 5705 1698 5760 dicundo
1742 5706 1887 5759 desi-

302 5778 489 5848 gnato,
525 5770 588 5822 ad
618 5770 1049 5848 ﬂippnilromtim
1089 5770 1390 5848 exstructo.
1432 5777 1580 5848 Πρὸς
1600 5777 1690 5829 τὸν
1726 5777 1890 5828 ἱππό-

301 5843 503 5910 δρομον
538 5840 681 5894 κατὰ
735 5842 806 5895 τὰ
859 5846 1225 5916 ἀσηκρητεία.
1261 5840 1494 5900 Ἐκεισέ
1526 5847 1634 5919 γὰρ
1674 5857 1795 5900 τοτε
1827 5848 1887 5900 τὸ

1996 5707 2104 5760 τῶν
2137 5707 2443 5776 ἀσηκρῆτις
2469 5702 2538 5776 ἧν
2567 5705 2933 5775 καταγώγιον.
2971 5705 3245 5778 Successu
3293 5711 3579 5778 temporis,

2002 5788 2061 5835 ut
2089 5781 2216 5834 hinc
2243 5779 2406 5849 liquet
2460 5778 2566 5832 alio
2612 5780 2933 5832 translatum
2972 5777 3092 5832 fuit.
3119 5777 3294 5834 Cosa.
