4226 6444
758 393 859 457 947

760 617 995 670 superne
1033 601 1088 653 in
1125 599 1292 655 dorso
1321 601 1500 655 littera
1543 621 1573 672 χ
1611 601 1675 654 ad
1715 610 1960 658 ventrem
2015 618 2188 672 usque
2223 612 2340 657 erat

761 697 1064 764 inscripta;
1103 704 1158 750 et
1187 711 1216 749 a
1245 703 1399 765 tergo
1431 698 1514 750 vir
1550 695 1771 767 quidam
1803 711 2098 752 accurrens
2129 698 2339 752 leonem

761 793 917 842 hasta
965 803 1062 858 per
1111 789 1285 857 ipsam
1350 788 1586 844 litteram
1624 789 1955 859 conﬁgebat.
2007 789 2256 860 Cumque
2286 791 2338 844 id

758 882 1045 934 oraculum
1077 880 1372 937 obscurum
1429 882 1732 945 videretur,
1791 883 1942 938 solus
1992 898 2059 938 eo
2097 895 2340 953 tempore

759 981 999 1038 quaestor
1024 973 1509 1043 interpretabatur,
1535 973 1771 1029 Leonem
1802 974 1988 1031 dicens
2008 973 2135 1029 olim
2167 976 2340 1044 impe.

758 1074 998 1120 ratorem
1048 1065 1185 1128 fore,
1237 1066 1329 1136 qui
1385 1066 1508 1136 ipso
1540 1066 1743 1121 Christi
1785 1065 1958 1120 Natali
1985 1067 2127 1120 mala
2166 1075 2340 1122 morte

755 1168 903 1214 esset
953 1159 1301 1215 interiturus.
1363 1158 1550 1229 Neque
1585 1159 1770 1214 minus
1817 1159 2054 1214 Leonem
2081 1169 2340 1229 perterre-

762 1253 856 1304 bat
909 1252 1070 1305 matri
1126 1253 1248 1320 ejus
1287 1251 1468 1306 oblata
1523 1252 1679 1306 visio.
1768 1250 1843 1305 Ea
1880 1252 2024 1306 enim
2061 1251 2340 1307 dormiens

758 1341 941 1396 videre
993 1342 1097 1396 sibi
1134 1344 1250 1397 visa
1299 1342 1479 1395 fuerat
1514 1357 1594 1408 se,
1650 1357 1773 1396 cum
1808 1341 1862 1394 in
1911 1343 2082 1396 aedem
2129 1357 2338 1397 sacram

757 1433 1008 1500 Deiparae
1035 1433 1497 1488 Blacheruensem
1521 1433 1716 1487 crebro
1746 1440 2105 1497 commearet,
2139 1434 2339 1504 virgini

758 1525 977 1578 cuidam
1015 1539 1308 1579 occurrere
1329 1525 1527 1581 albatis
1555 1527 1688 1580 viris
1713 1526 1958 1592 stipatae;
1984 1541 2150 1595 porro
2170 1528 2337 1581 aedem

755 1617 924 1689 86".
962 1633 1022 1672 se
1068 1619 1254 1673 videre
1289 1619 1560 1689 sanguine
1607 1619 1895 1688 repletam,
1955 1631 2012 1673 et
2068 1619 2336 1690 virginem

754 1708 918 1762 istam
970 1709 1186 1763 cuidam
1225 1710 1529 1764 albatorum
1579 1710 1839 1764 mandare
1888 1717 1947 1763 ut
1997 1709 2159 1764 ollam
2211 1726 2340 1765 san-

756 1802 921 1868 guine
967 1800 1218 1869 impleret
1261 1801 1532 1872 matrique
1566 1800 1766 1856 Leonis
1817 1802 2118 1856 bibendum
2166 1803 2340 1870 porri-

2071 398 2390 460 GEORGII
2429 397 2764 457 CEDRFNI

757 510 1006 577 expiet-.e.
1058 506 1116 560 ln
1173 521 1239 561 eo
1278 506 1419 561 libro
1471 508 1686 578 depicta
1750 519 1870 564 erat
1919 510 2032 564 fera
2093 512 2201 573 leo,
2250 511 2338 565 cui

2444 511 2539 560 καὶ
2584 509 2828 578 σήμερόν
2863 525 2929 578 με

3924 405 4034 469 948

2977 508 3069 561 τοῦ
3125 509 3524 580 ἁμαρτήματος
3563 511 3974 582 ὴλευθέρωσας.
4011 537 4029 566 ι

2447 599 2604 652 Οὕτω
2645 601 2706 652 τὸ
2758 601 2988 670 μέλλον.
3050 603 3098 653 εί
3154 602 3247 655 καὶ
3298 604 3489 674 πόρρω
3550 607 3899 676 προφητικῆς
3963 603 4036 678 ἦν

2446 693 2753 754 ἐπιπνοίας,
2810 693 3026 764 ἀληθῶς
3077 695 3434 762 άπεφοίὸασε.
3479 696 3714 763 Λέγουσι
3742 698 3788 750 δ’
3810 699 3890 751 ὅτι
3940 701 4037 752 καὶ

2444 786 2690 855 χρησμὲς
2719 782 2787 855 ἦν
2818 785 3022 840 ἄνωθεν
3062 787 3210 856 αἱ·τῷ
3261 787 3548 856 δεδομένος
3607 791 3684 853 ὡς
3737 792 3880 843 κατὰ
3931 791 4036 857 τὴν

2443 877 2656 946 ἡμέραν
2699 876 2799 946 τῆς
2857 877 3094 948 Χριστοῦ
3137 878 3230 930 τοῦ
3284 879 3418 932 Θεοῦ
3463 880 3619 950 ἡμῶν
3656 882 3800 934 κατά
3847 882 4036 951 σάρκα

2442 971 2752 1038 γεννήσεως
2785 969 3069 1039 πέπρωται
3106 971 3254 1040 αὐτῷ
3283 973 3383 1042 τήν
3416 990 3476 1026 τε
3516 973 3803 1044 βασιλικὴν
3848 975 4036 1027 εὐδαι-

2447 1061 2640 1130 μονίαν
2687 1061 3007 1123 ἀποϐαλεῖν,
3058 1065 3469 1132 προσαπολὲσαι
3508 1067 3565 1118 δὲ
3599 1068 3695 1119 καὶ
3729 1066 3901 1136 αὐτὴν
3929 1065 4033 1136 τὴν

2443 1153 2611 1222 ζωήν.
2649 1153 2732 1226 [Ρ.
2759 1153 2885 1226 495]
2918 1155 3270 1220 Σιϐυλλιακὺς
3293 1158 3350 1210 δὲ
3375 1153 3442 1229 ἦν
3473 1159 3500 1211 ὁ
3529 1158 3801 1229 χρησμὸς,
3835 1158 3890 1210 εν
3921 1177 4037 1211 τινι

2445 1243 2615 1315 βίϐλῳ
2659 1247 2759 1314 τῆς
2809 1245 3096 1315 βασιλικῆς
3146 1249 3496 1317 βιϐλιοθήκης
3554 1251 4036 1320 ἐγγεγραμμένος,

2442 1339 2504 1389 οὐ
2546 1338 2830 1408 χρησμοὺς
2863 1339 3021 1408 μόνον
3048 1340 3237 1402 ἁπλῶς
3268 1341 3490 1411 ἐχούσῃ.
3523 1341 3659 1394 ἀλλὰ
3694 1343 3789 1396 καὶ
3814 1345 4040 1412 μορφάς

2445 1429 2538 1481 καὶ
2565 1431 2823 1499 σχήματα
2857 1430 2967 1482 τῶν
3003 1430 3268 1499 βασιλέων
3309 1432 3397 1485 διὰ
3437 1433 3767 1503 χρωμάτων.
3800 1430 3909 1486 Ἦν
3939 1434 4040 1486 οὖν

2444 1519 2632 1589 θηρίον
2689 1523 3123 1591 μεμορφωμένον
3160 1527 3188 1575 ό
3216 1523 3354 1576 λέων
3381 1525 3439 1575 ἐν
3472 1524 3549 1593 τῷ
3582 1524 3790 1593 βιϐλίῳ,
3825 1526 4041 1578 ἄνωθεν

2442 1609 2498 1661 δὲ
2546 1610 2646 1680 τῆς
2679 1609 2844 1662 αὐτοῦ
2878 1609 3092 1678 ῥάχεως
3139 1611 3523 1680 ἐπεγέγραπτο
3554 1610 3614 1662 τό
3659 1612 3718 1680 χῖ
3768 1613 4038 1679 στοιχεῖον

2446 1701 2609 1769 μέχρι
2637 1703 2730 1754 καὶ
2774 1701 2948 1769 αὐτῆς
2995 1702 3095 1768 τῆς
3125 1701 3384 1769 γαστρὸς,
3415 1702 3647 1754 κατόπιν
3678 1703 3736 1753 δέ
3769 1719 3852 1764 τις
3891 1701 4038 1771 ἀνὴρ

2445 1791 2678 1844 ἐπιθέων
2713 1792 2896 1862 δόρατι
2929 1792 3153 1861 καιρίαν
3190 1792 3364 1845 ἐδίδου
3395 1792 3608 1861 πληγὴν
3633 1792 3710 1859 τῷ
3735 1791 3911 1861 θηρίῳ
3942 1792 4040 1845 διὰ

753 1898 945 1958 geret;
1011 1903 1069 1944 se
1114 1899 1295 1944 autem
1351 1893 1648 1946 multorum
1690 1906 1957 1945 annorum
2015 1892 2334 1946 viduitatem

2449 1881 2616 1951 μέσου
2653 1882 2745 1934 τοῦ
2775 1883 2851 1950 χῖ.
2917 1884 3215 1950 Ἀσάφειαν
3247 1883 3292 1935 δ’
3339 1882 3730 1949 ὑποφαίνοντος
3751 1883 3846 1934 τοῦ
3888 1899 4037 1951 χρη-

757 1981 1118 2048 pra-tendere,
1160 1983 1318 2052 cujus
1349 1983 1521 2055 gratia
1550 1999 1729 2053 neque
1757 1997 1954 2039 carnes
1975 1999 2152 2054 neque
2181 1984 2336 2054 quid.

757 2085 924 2138 quam
957 2072 1227 2140 sanguine
1256 2074 1544 2141 praeditum
1575 2083 1893 2144 gustasset,
1945 2076 2178 2146 ideoque
2235 2076 2340 2130 olla

758 2159 924 2212 etiam
961 2159 1066 2214 hac
1106 2160 1429 2216 abstineret.
1491 2161 1631 2218 Tum
1677 2164 1944 2234 virginem
1999 2167 2195 2220 iratam
2254 2165 2340 2219 di-

758 2266 905 2318 cere,
945 2269 964 2304 ι
995 2251 1098 2319 Qui
1129 2268 1260 2324 ergo
1293 2254 1441 2311 [ilius
1481 2264 1609 2312 tuus
1668 2272 1776 2311 non
1821 2257 2026 2312 desinit
2058 2274 2117 2314 se
2165 2258 2338 2313 multo

677 2415 680 2418 ἢ
755 2355 953 2396 cruore
989 2342 1235 2413 opplere,
1291 2358 1465 2413 eoque
1507 2360 1594 2400 me
1619 2353 1673 2400 et
1711 2345 1909 2400 Filium
1950 2348 2121 2401 Deum
2155 2363 2339 2404 meum

756 2435 1065 2490 irritare?»
1106 2436 1286 2507 Atque
1322 2438 1391 2492 ab
1444 2452 1510 2493 eo
1567 2447 1815 2509 tempore
1845 2449 2020 2496 mater
2068 2441 2335 2498 visionem

756 2526 920 2580 istam
985 2529 1192 2598 tragice
1253 2528 1524 2592 referens,
1577 2544 1688 2585 non
1754 2533 2043 2589 destiterat
2098 2532 2336 2589 Leonem

758 2616 969 2670 hortari
1036 2625 1097 2672 ut
1158 2620 1681 2691 imagiuiperdarum
1762 2623 1956 2679 haeresi
2017 2624 2333 2682 obsisteret.

754 2707 1124 2766 Perturbabat
1167 2720 1222 2767 et
1260 2713 1364 2768 alia
1399 2714 1542 2770 haud
1578 2715 1794 2772 modice
1858 2717 2019 2772 visio.
2070 2718 2208 2772 Nam
2243 2733 2340 2788 per

756 2803 1000 2874 quietem
1033 2805 1186 2860 visus
1234 2805 1337 2861 sibi
1389 2806 1574 2863 fuerat
1617 2809 1808 2864 audire
1836 2808 2122 2865 Tarasium
2165 2811 2340 2880 patri-

756 2899 983 2950 archam
1018 2897 1253 2952 nobilem
1301 2899 1475 2967 illum,
1523 2900 1616 2970 qui
1665 2900 1988 2970 jamdudum
2018 2903 2184 2958 vitam
2215 2919 2342 2959 cum

756 2997 935 3043 morte
975 2999 1425 3056 commutaverat,
1477 2991 1803 3047 Michaelum
1833 2994 2125 3062 quemdam
2160 2997 2342 3051 nomi-

759 3082 932 3133 natim
993 3081 1273 3135 exhortari
1339 3092 1504 3152 atque
1559 3085 1846 3154 impellere
1883 3094 1943 3140 ut
1994 3087 2044 3140 in
2100 3086 2339 3143 Leonem

758 3172 1022 3238 impetum
1058 3170 1259 3225 faceret
1290 3171 1548 3242 letalique
1572 3175 1681 3227 ictu
1707 3175 2343 3246 sterneret.Exagitabat

759 3262 924 3315 etiam
967 3264 1225 3316 monachi
1281 3264 1424 3332 apud
1477 3263 1863 3321 Philomelium
1914 3269 2236 3336 praedictio,
2292 3272 2346 3326 et

760 3355 928 3408 vestis
980 3368 1094 3409 suae
1128 3370 1155 3408 a
1211 3354 1482 3411 Michaelo
1533 3357 1740 3412 indutae
1796 3359 2130 3425 recordatio,
2179 3377 2342 3429 quam

759 3463 876 3500 rem
929 3463 1097 3517 supra
1156 3451 1536 3520 exposuimus.
1593 3449 1692 3506 His
1737 3453 1994 3508 omnibus
2038 3456 2346 3511 terroribus

759 3549 919 3594 actus
954 3540 1252 3609 imperator
1298 3551 1446 3596 metu
1493 3544 1913 3599 concutiebatur
1953 3555 2116 3616 atque
2158 3548 2344 3601 animo

761 3632 1111 3698 ﬂuctuabat,
1169 3648 1405 3702 eamque
1464 3644 1682 3689 noctem
1765 3637 2071 3692 insomnem
2123 3639 2346 3708 exigens

762 3730 1068 3797 sapientius
1100 3745 1260 3798 quam
1310 3731 1412 3785 sibi
1467 3731 1813 3787 commodius
1853 3735 2144 3788 consilium
2196 3735 2341 3788 iniit.

763 3820 898 3875 Nam
931 3832 1192 3892 perrupta
1240 3839 1346 3893 qua
1392 3825 1458 3878 ad
1495 3827 1706 3894 papiam
1742 3826 1927 3881 ibatur
1955 3827 2188 3896 portula,
2243 3827 2344 3880 do-

765 3931 916 3968 mum
952 3915 1072 3984 ejus
1103 3917 1348 3980 intravit,
1383 3917 1724 3988 speculatum
1774 3917 1907 3986 quid
1933 3917 2006 3971 ibi
2039 3927 2340 3987 gereretur.

764 4006 1022 4076 Ingresso
1067 4007 1289 4062 domum
1330 4023 1448 4085 eam
1509 4009 1886 4078 spectaculum
1939 4009 2182 4063 oblatum
2233 4020 2339 4076 est,

767 4101 912 4170 quod
949 4115 1074 4155 eum
1112 4099 1254 4154 haud
1287 4101 1584 4171 vulgariter
1624 4102 1945 4169 perterruit.
1997 4099 2143 4153 Vidit
2191 4116 2345 4154 nam-

769 4209 876 4262 que
931 4193 1250 4247 damnatum
1302 4195 1412 4249 alto
1444 4209 1508 4248 ac
1567 4193 1857 4263 magniﬁce
1911 4193 2206 4247 admodum
2247 4207 2346 4246 ex-

769 4295 981 4341 structo
1013 4287 1362 4353 torojacere,
1414 4286 1574 4356 papia
1627 4285 1681 4338 in
1719 4285 1868 4340 nudo
1914 4285 2222 4354 pavimento
2257 4299 2344 4337 re-

770 4380 1078 4434 cumbente.
1101 4378 1266 4449 865
1298 4378 1696 4447 Curiosiusque
1723 4390 2032 4447 aggressus,
2063 4385 2123 4430 ut
2157 4375 2350 4443 depre-

770 4470 1034 4524 henderet
1067 4485 1200 4524 num
1250 4469 1574 4532 Michaelus,
1608 4467 1754 4536 quod
1809 4467 1988 4521 solent
2029 4466 2176 4519 anxii
2206 4474 2258 4518 et
2289 4465 2342 4516 in

2445 1973 2606 2042 σμοῦ,
2639 1973 2800 2042 μόνος
2829 1976 2856 2026 ὁ
2875 1974 3178 2043 τηνικαῦτα
3201 1973 3500 2044 κοιαίστωρ
3527 1973 3691 2026 αὐτὸν
3717 1973 4034 2043 διετράνου,

2441 2066 2647 2119 Λέοντα
2680 2067 2897 2132 μέλλειν
2943 2068 3122 2135 φήσας
3169 2067 3290 2119 τινα
3329 2064 3554 2135 βασιλέα
3588 2067 3709 2118 κατ’
3733 2065 3906 2135 αὐτὴν
3932 2065 4039 2134 τὴν

2442 2155 2654 2226 ἡμέραν
2684 2156 2785 2225 τῆς
2803 2155 2898 2209 τοῦ
2930 2155 3166 2224 Χριστοῦ
3196 2157 3507 2226 Γεννήσεως
3545 2156 3762 2226 θανάτῳ
3797 2156 4040 2227 ὀλεθρίῳ

2442 2244 2836 2316 παραδοθῆναι.
2875 2245 3043 2298 ’Υπὲθ
3054 2262 3224 2316 ραπτε
3245 2246 3302 2299 δὲ
3323 2247 3475 2299 οὐδὲν
3494 2241 3661 2319 ἧττον
3683 2247 3776 2299 τὸν
3803 2246 4036 2314 βασιλέα

2442 2338 2538 2389 καὶ
2590 2336 2937 2406 ὲξεδειμάτου
2992 2339 3086 2390 καὶ
3137 2339 3169 2406 ἡ
3217 2337 3317 2407 τῆς
3367 2340 3576 2400 οἰκείας
3625 2341 3834 2408 μητρὸς
3876 2335 4035 2407 ὄψις.

2447 2425 2631 2491 Ἔδοξε
2677 2428 2785 2497 γὰρ
2809 2428 2948 2497 αὕτη
2978 2428 3120 2482 κατὰ
3143 2429 3232 2481 τὸν
3271 2431 3330 2481 ὲν
3367 2429 3702 2500 Βλαχὲρναις
3737 2431 3880 2481 θεῖον
3902 2433 4039 2481 ναόν

2448 2519 2548 2589 τῆς
2582 2520 2852 2574 Θεοτόκου
2879 2521 3124 2588 φοιτῶσα
3156 2521 3396 2591 συνεχῶς
3447 2522 3582 2591 κόρῃ
3617 2522 3725 2573 τινί
3756 2523 4038 2592 συναντᾷ-ι

2443 2613 2789 2683 λευχείμοσιν
2833 2613 3056 2684 ἀνδράσι
3111 2613 3579 2685 δορυφορουμένῃ,
3632 2613 3779 2683 ἐώρα
3825 2614 3882 2666 δὲ
3933 2614 4041 2667 καὶ

2441 2703 2533 2756 τὸν
2574 2704 2717 2756 θεῖον
2760 2703 2886 2757 ναὸν
2921 2705 3158 2774 αἵματος
3187 2705 3596 2773 πεπλησμένον.
3628 2704 3943 2771 Προστάξαι
3972 2705 4039 2758 δὲ

2442 2797 2543 2865 τὴν
2598 2796 2884 2849 θεαθείσαν
2930 2797 3102 2866 κόρην
3139 2797 3220 2848 ἑνὶ
3265 2795 3375 2849 τῶν
3409 2795 3776 2864 λευχειμόνων
3817 2794 4038 2864 ἀνδρῶν

2445 2888 2653 2958 χύτραν
2690 2889 2815 2940 τινὰ
2846 2887 3116 2953 πλήσαντι
3145 2887 3378 2955 αἵματος
3417 2888 3484 2955 τῇ
3523 2886 3692 2955 μητρὶ
3736 2884 3835 2938 τοῦ
3863 2886 4038 2938 Λέον-

2443 2998 2536 3044 τος
2589 2979 2865 3033 ἐπιδοῦναι
2932 2982 3121 3032 πιείνο
3164 2979 3337 3048 αὐτῆς
3396 2979 3454 3032 δὲ
3514 2979 3746 3048 πολυετῆ
3800 2978 4040 3048 χηρείαν

2448 3073 2914 3143 προϐαλλομένης,
2967 3072 3034 3124 δι’
3068 3072 3135 3141 ἢν
3169 3074 3308 3140 μήτε
3335 3071 3511 3142 κρεῶν
3549 3071 3687 3140 μήτε
3739 3072 3880 3132 τινος
3916 3071 4034 3123 τῶν

2447 3165 2689 3232 ἐναίμων
2713 3163 3037 3232 γεύσασθαι,
3079 3165 3172 3216 καὶ
3203 3163 3290 3215 διὰ
3325 3161 3483 3215 τοῦτο
3510 3162 3647 3232 μηδὲ
3676 3162 3883 3231 ταύτης
3928 3165 4039 3231 τῆς

2373 3231 2419 3291 C
2460 3259 2668 3329 χύτρας
2721 3257 2980 3327 season,
3039 3275 3057 3308 ι
3085 3257 3194 3309 Καὶ
3220 3255 3357 3319 πῶς,
3418 3231 3620 3322 ἔφησεν
3651 3256 3683 3322 ή
3714 3254 3850 3323 κόρη
3889 3255 4038 3322 μετὰ

2448 3349 2647 3418 θυμοῦ,
2695 3349 2757 3400 οὐ
2801 3348 3035 3402 παύεται
3108 3349 3137 3400 ὀ
3197 3347 3288 3408 σὸς
3329 3347 3443 3408 υίὸς
3481 3346 3689 3399 πολλῶν
3734 3345 4037 3414 ἐμπιπλῶν

2445 3443 2692 3510 αἱμάτων
2729 3440 2833 3508 ἐμὲ
2885 3440 2979 3492 καὶ
3027 3439 3121 3492 τὸν
3171 3439 3303 3507 ἐμὸν
3369 3438 3716 3508 παροργίζων
3759 3437 3886 3489 Υἱδν
3933 3435 4036 3488 καὶ

2450 3534 2620 3598 Θεόνς
2650 3552 2666 3582 ι
2706 3532 2885 3585 Πολλά
2905 3549 2966 3584 τε
2995 3530 3182 3583 ἔκτοτε
3211 3531 3302 3584 τὸν
3337 3532 3537 3599 ἑαυτῆς
3574 3529 3887 3598 ὲξελιπάρει
3915 3528 4038 3580 υἱὸν

2451 3626 2550 3694 τῆς
2576 3625 2684 3677 τῶν
2728 3623 3112 3693 Εἰκονομάχων
3155 3623 3417 3690 ἐκστῆναι
3457 3622 3748 3692 αἱρέσεως,
3779 3620 3880 3689 τὴν
3906 3619 4038 3688 ὄψιν

2449 3716 2929 3786 ὲκτραγῳδήσασα.
2985 3715 3094 3766 Καὶ
3143 3713 3308 3782 ἑτέρα
3339 3712 3397 3764 δέ.
3429 3730 3514 3774 τις
3545 3712 3667 3781 ὄψις
3717 3711 3776 3764 οὐ
3817 3710 4038 3782 μικρῶς

2452 3807 2819 3876 συνετάρασσε
2843 3823 2855 3839 ·
2884 3803 3154 3874 Ταράσιος
3184 3804 3292 3874 γὰρ
3321 3805 3349 3856 ὁ
3380 3803 3620 3872 ἀοίδιμος
3656 3804 4037 3872 πατριάρχης,

2450 3898 2620 3952 πάλαι
2653 3899 2744 3950 τὸν
2795 3897 2908 3965 βίον
2951 3894 3328 3965 μετηλλαχὼς,
3390 3895 3614 3964 Μιχαὴλ
3665 3910 3790 3946 τινα
3853 3893 4038 3946 ἐδόκει

2449 3992 2636 4046 καλεῖν
2667 3989 2724 4054 ἐξ
2768 3989 3032 4058 ὀνόματος
3061 3990 3119 4039 ἐν
3144 3987 3392 4057 ὀνείροις,
3426 3986 3760 4057 ὲπιπηδῆσαι
3790 4002 4040 4055 προτρε-

2450 4084 2690 4151 πόμενος
2746 4081 2824 4149 τῷ
2883 4081 3074 4132 Λέοντι
3131 4079 3228 4131 καὶ
3279 4077 3503 4149 καιρίαν
3573 4077 3776 4142 πλῆξαι
3838 4074 4033 4133 αὐτόν.

2461 4171 2746 4241 Ἐστρόὸει
2795 4169 2854 4220 δὲ
2914 4169 3076 4221 αὑτὸν
3110 4170 3201 4220 καὶ
3239 4170 3272 4237 ή
3317 4167 3412 4222 τοῦ
3461 4168 3602 4220 κατά
3638 4166 3699 4218 τὸ
3717 4165 4036 4235 Φιλομίλιον

2453 4261 2690 4332 μοναχοῦ
2719 4263 3026 4332 πρόρρησις
3068 4262 3218 4332 καὶὴ
3246 4263 3343 4331 τῆς
3375 4262 3602 4331 ἐσθῆτος
3631 4261 4034 4331 μεταμςνίασις,

2449 4355 2516 4426 ἣν
2554 4358 2581 4408 ὁ
2614 4355 2833 4424 Μιχαὴλ
2867 4356 3180 4422 ἐποιήσατο,
3212 4354 3286 4417 ὥς
3317 4371 3419 4407 που
3469 4354 3774 4423 φθάσαντες
3808 4354 4037 4422 ἱστορή-

2452 4464 2644 4516 σαμεν.
2697 4441 2792 4509 Οἷς
2826 4447 2997 4500 ἅπασι
3045 4445 3470 4515 δειματούμενος
3502 4448 3530 4496 ὁ
3561 4443 3812 4514 βασιλεὺς
3861 4443 4038 4496 ἐπάλ-

770 4562 893 4614 vitae
923 4561 1239 4616 discrimine
1288 4560 1600 4621 constituti,
1649 4573 1905 4614 somnum
1949 4557 2242 4626 ancipitem
2277 4570 2342 4609 ac

2452 4536 2574 4588 λετό
2611 4554 2672 4589 τε
2700 4537 2776 4606 τῷ
2802 4537 2913 4589 δέει
2947 4537 3042 4589 καὶ
3071 4537 3170 4606 τὴν
3192 4536 3371 4604 ψυχὴν
3399 4535 3746 4603 ἐκυμαίνετο.
3805 4534 3898 4584 Διδ
3936 4534 4039 4586 καὶ

771 4651 920 4706 euris
954 4651 1201 4719 plenum,
1259 4665 1328 4704 an
1378 4657 1571 4704 contra
1608 4663 1866 4704 securum
1917 4653 2081 4716 atque
2118 4661 2338 4700 suavem

771 4745 1017 4807 «luceret,
1048 4743 1223 4797 sensit
1249 4759 1372 4796 eum
1398 4741 1674 4811 profundo
1706 4739 1888 4810 sopori
1916 4739 2181 4802 deditum,
2207 4738 2344 4792 adeo

775 4843 835 4886 ut
873 4848 940 4887 ne
991 4832 1387 4887 contreetando
1420 4833 1637 4902 quidem
1664 4847 1788 4886 eum
1821 4832 2055 4898 potuerit
2082 4829 2339 4883 excitare.

773 4924 890 4978 lloe
925 4931 1030 4976 tam
1076 4924 1352 4992 insperato
1393 4920 1708 4990 spectaculo
1747 4917 1828 4970 ira
1878 4917 2061 4969 aerius
2116 4917 2344 4969 incensa

775 5015 1054 5078 discessit,
1096 5027 1192 5082 per
1231 5014 1402 5068 otium
1430 5025 1538 5065 non
1587 5007 1853 5062 Micbaelo
1889 5015 2098 5058 tantum
2122 5005 2214 5058 sed
2241 5003 2341 5072 ipsi

775 5120 998 5175 quoque
1033 5107 1203 5174 papiae
1230 5102 1457 5157 exitium
1490 5110 1830 5156 structurus.
1887 5097 2074 5164 Neque
2105 5097 2219 5149 haec
2255 5110 2344 5149 res

775 5202 985 5268 papiam
1015 5197 1227 5260 fefellit,
1254 5195 1398 5264 quod
1434 5194 1656 5262 quidam
1685 5191 1935 5247 Michaeli
1961 5188 2342 5244 excubitorum

776 5306 836 5341 ex
899 5287 1146 5356 puniceis
1215 5282 1504 5338 cothurnis
1578 5283 1964 5351 imperatorem
2021 5282 2343 5343 agnoverat,

780 5380 991 5447 ipsique
1039 5374 1169 5445 quid
1205 5384 1382 5428 actum
1426 5381 1578 5427 esset
1637 5371 1928 5441 perspicue
1984 5363 2343 5419 indicaverat.

780 5473 965 5539 Itaque
999 5469 1187 5537 papias
1213 5481 1336 5520 cum
1383 5465 1523 5527 suis,
1555 5464 1739 5517 animo
1770 5460 2094 5532 gravissime
2129 5463 2346 5525 pertur-

785 5563 910 5619 bati,
949 5576 1011 5612 ae.
1041 5576 1206 5628 prope
1232 5569 1385 5613 extra
1407 5573 1464 5610 se
1497 5557 1655 5625 rapti,
1676 5556 1743 5610 de
1775 5552 2018 5624 periculo
2039 5547 2347 5618 effugiendo

785 5655 1105 5706 deiiluu‘ant.
1166 5649 1395 5718 Jamque
1445 5648 1817 5710 illucescehat,
1864 5659 1988 5699 cum
2050 5639 2346 5694 Mieliaelus

789 5743 892 5792 hoc
947 5739 1160 5794 consilii
1219 5741 1382 5807 capit.
1439 5739 1676 5792 Simulat
1719 5753 1778 5792 se
1807 5751 1971 5806 opera
2022 5731 2345 5793 Thcoctisti,

795 5849 952 5900 qu~~m
992 5842 1177 5899 postea
1207 5831 1271 5882 ad
1303 5830 1524 5886 canit-lci
1573 5828 1885 5898 dignitatem
1927 5825 2125 5891 evexit,
2182 5837 2344 5894 quas.

2451 4630 2728 4697 ἄγρυπνος
2771 4627 2997 4680 διετέλει
3037 4627 3165 4696 παρ’
3192 4626 3320 4694 ὃλην
3348 4625 3449 4694 τὴν
3478 4624 3669 4677 νύκτα.
3731 4624 4035 4693 Σοφώτερα

2450 4719 2630 4770 τοίνυν
2677 4718 2708 4782 ἦ
2753 4716 3154 4786 βασιλικώτερα
3186 4717 3641 4785 βουλευσάμενος,
3675 4716 3773 4782 τὴν
3808 4716 3904 4767 ἐπὶ
3939 4716 4035 4768 τόν

2453 4809 2664 4860 παπίαν
2703 4809 2976 4878 φέρουσαν
3024 4808 3220 4861 πυλίδα
3260 4807 3562 4877 διαρρήξας
3591 4807 3929 4859 κατεσκόπει
3963 4810 4035 4860 τα

2453 4900 2620 4954 ἔνδον.
2671 4900 2942 4953 Εἰσελθὼν
2980 4900 3037 4953 δὲ
3067 4901 3147 4962 εἰς
3196 4917 3248 4952 τι
3287 4900 3558 4969 δωμάτιον
3588 4899 3766 4966 θέαμα
3793 4899 3900 4967 ὁρᾷ
3949 4902 4030 4961 εἰς

2453 4992 2714 5060 ἔκπληξιν
2737 4993 2797 5044 οὺ
2825 4991 2921 5061 τὴν
2948 4992 3218 5060 τυχοῦσαν
3244 4991 3377 5058 ἄγον
3411 4989 3571 5042 αὐτόν
3599 5005 3612 5018 ο
3651 4984 3759 5041 εἶδε
3793 4990 3907 5057 γὰρ
3943 4991 4034 5041 τόν

2456 5085 2554 5155 μὲν
2571 5086 2904 5154 κατάκριτον
2923 5085 3016 5136 ἐπὶ
3032 5083 3280 5144 στιϐάδος
3295 5081 3510 5151 ὑψηλῆς
3529 5081 3670 5133 πάνυ
3692 5080 4036 5149 μεγαλοπρεσ

2455 5179 2570 5242 πῶς
2602 5176 3087 5246 ἀνακείμενον,τὸν
3105 5175 3163 5229 δὲ
3181 5174 3494 5229 παπίανὲπὶ
3522 5173 3687 5241 ξηροῦ
3707 5172 4036 5224 κατακλινό·

2455 5288 2616 5340 μενον
2663 5271 2756 5322 τοῦ
2808 5269 3059 5336 ἐδάφους.
3119 5267 3548 5337 Περιεργότερον
3591 5265 3648 5317 δὲ
3699 5263 4027 5332 προσελθὼν

2451 5360 2750 5414 ἐπεσκόπει
2775 5359 2864 5412 τὸν
2892 5357 3132 5428 Μιχαὴλ,
3159 5357 3207 5409 εἰ
3249 5356 3388 5425 ὅπερ
3418 5355 3563 5424 φιλεῖ
3595 5355 3653 5405 ὲν
3683 5354 3793 5414 τοῖς
3829 5370 4036 5419 κυμαι-

2452 5450 2695 5520 νομένοις
2726 5447 2820 5499 καὶ
2873 5445 2973 5516 τὴν
3005 5444 3154 5514 ζωὴν
3196 5442 3499 5513 ἀμφίϐολον
3528 5441 3713 5510 ἔχουσι
3757 5439 4028 5506 γίνεσθαι,

2454 5540 2770 5595 ἐπιπόλαιόν
2818 5555 2942 5591 τινα
2983 5539 3075 5589 καὶ
3106 5536 3449 5605 ὲμμέριμνον
3481 5530 3750 5584 ὑπνώττει
3795 5529 4027 5598 ὕπνονῆ

2453 5633 2762 5689 τούναντίον
2798 5629 3096 5702 άφρόντιδα
3129 5629 3222 5680 καὶ
3247 5625 3395 5698 ἡδύν.
3431 5626 3516 5697 [P.
3552 5622 3684 5695 494]
3727 5622 3816 5685 Ὠς
3857 5623 3903 5674 δ’
3949 5618 4032 5676 εὖ·

2457 5745 2546 5798 ρεν
2572 5726 2778 5787 άνέτως
2813 5721 3086 5776 ὑπνοῦντα
3107 5721 3226 5786 (καὶ
3264 5718 3374 5788 γάρ
3400 5717 3508 5769 οὐδ’
3540 5713 3903 5783 ἐπαφώμενος
3933 5713 4030 5763 αὖ·

2451 5819 2539 5872 τὸν
2566 5815 2840 5870 διυπνίσαι
2902 5813 3162 5885 ἴσχυσεν),
3197 5813 3273 5874 είς
3321 5807 3540 5880 μείζονα
3595 5806 3812 5874 ἀνήτθη
3853 5803 4024 5871 θυμὸν
