4226 6444
256 393 369 456 953

1321 398 1869 465 HISTORIARUM
1898 402 2435 471 COMPENDIUM.

3419 413 3534 479 οδι

251 503 484 573 κλησίαν
518 501 691 574 εἰσῄει
725 503 823 575 οὐχ
853 504 928 569 ὥς
958 523 1042 570 τις
1070 508 1266 576 φονεὺς
1296 513 1392 563 καὶ
1435 513 1631 581 δήμιος
1657 516 1827 585 ᾑμαγ-

1941 523 2110 595 369
2135 539 2201 579 ac
2230 524 2323 593 qui
2350 522 2592 595 palmam
2624 523 2937 591 meruisset,
2961 539 3028 582 eo
3069 524 3318 584 facinore
3341 507 3532 597 super.

250 595 420 664 μένας
441 594 579 664 ἔχων
595 595 692 657 τάς
705 599 916 665 χεῖρας,
943 597 1060 651 ἀλλ’
1092 598 1283 670 ὥσπερ
1302 619 1385 666 τις
1416 603 1713 675 ἀθλοφόρος
1738 608 1834 661 καὶ

246 684 474 754 νικητὴς
503 724 519 746 .
562 686 658 739 ἐπὶ
711 688 790 755 τῷ
846 689 1095 755 γεγονότι
1141 693 1480 763 γαννύμενος
1509 737 1523 760 ,
1570 698 1837 764 ἐμφύλιον

246 778 446 847 ἐκχέας
468 772 606 847 αἷμα
627 779 727 833 οὐκ
767 780 862 833 ἐπὶ
897 782 990 834 τοῦ
1014 784 1269 852 τυχόντος
1302 788 1493 852 τόπου,
1529 788 1738 842 ἁλλ’-ὲν
1762 791 1840 860 τῷ

245 871 377 942 θείῳ
398 870 793 942 θυσιαστηρίῳ,
826 873 957 926 ἔνθα
990 874 1054 928 τὸ
1088 878 1422 931 Δεοποτικὸν
1450 880 1574 934 καθ’
1629 882 1841 954 ἡμέραν

245 965 496 1033 ἐκχέεται
525 963 635 1019 τῶν
665 967 955 1035 ἡμετέρων
979 968 1148 1023 ’ἑνεκα
1175 968 1392 1040 λύτρων
1418 976 1726 1045 ὀμαρτιῶν.

232 1114 242 1127 ,
320 1056 527 1110 Τοῦτον
556 1056 651 1110 τὸν
702 1058 923 1131 Μιχαὴλ
953 1060 1154 1132 ἡνεγκε
1190 1063 1354 1135 μὲνὴ
1396 1067 1536 1119 κατά
1577 1069 1676 1136 τὴν
1728 1071 1841 1123 ἀνω

241 1149 484 1217 ⁴Ιδρυγίαν
515 1150 669 1222 πόλις
698 1151 993 1222 ’Δμώριον,
1019 1152 1164 1208 οὕτω
1185 1156 1518 1226 καλουμένη,
1545 1161 1603 1213 ἐν
1710 1161 1841 1213 ’1ου-

242 1241 410 1294 δαίων
452 1242 546 1295 καὶ
596 1242 952 1311 Ἆθιγγάνων
987 1245 1085 1298 καὶ
1118 1246 1325 1317 ἑτέρων
1378 1249 1596 1303 ἀσεϐῶν
1636 1252 1840 1322 πλῆθος

221 1320 479 1412 ξὲκπαλαι
499 1336 605 1388 τῶν
629 1336 838 1405 χρόνων
864 1337 1330 1406 ἐγκατοικίζεται.
1348 1341 1457 1395 Καί
1488 1359 1572 1405 τις
1595 1343 1654 1395 δὲ
1687 1344 1841 1413 αἴρε-

222 1438 329 1487 Δσις
362 1430 426 1480 ἐκ
452 1428 551 1497 τῆς
579 1429 828 1498 ἀλλήλων
857 1432 1149 1491 κοινωνίας
1189 1435 1285 1486 καὶ
1311 1433 1595 1504 διηνεκοῦς
1621 1437 1840 1506 ὁμιλίας

241 1519 432 1570 καινόν
459 1519 660 1588 ἔχουσα
687 1521 780 1573 τὸν
802 1521 1003 1590 τρόπον
1027 1522 1123 1575 καὶ
1146 1522 1686 1594 ἀλλόκοταὸόγματα
1718 1528 1841 1581 ἐπι-

243 1608 462 1678 φύεται,
475 1607 543 1681 ἧς
560 1615 655 1664 καὶ
672 1613 836 1676 αὐτὸς
855 1614 1081 1684 μέτοχος
1099 1610 1187 1685 ἦν,
1208 1619 1694 1686 πατροπαράδοτον
1713 1619 1843 1690 θρηι

241 1702 433 1755 σκείαν
469 1702 828 1773 ἀποπληρῶν.
861 1704 1009 1777 Αὕτη
1036 1706 1129 1759 τοῦ
1167 1708 1266 1776 μὲν
1302 1707 1451 1761 θείου
1482 1708 1710 1779 λουτροῦ
1742 1727 1841 1784 καὶ

240 1812 387 1863 cui-:1;
396 1794 622 1865 ριὼδους
637 1798 761 1859 τοὺς
782 1797 1142 1867 τελουμένους
1169 1799 1746 1870 μεταλαγχάνειν’ἀνίη
1758 1818 1835 1865 σι,

1947 614 2124 677 biens,
2157 630 2282 669 cum
2313 612 2537 684 quidem
2588 614 2805 669 civilem
2857 618 3181 688 sanguinem
3231 633 3342 674 non
3385 634 3530 690 quo-

1940 708 2026 762 vis
2072 707 2194 760 loco
2229 705 2485 769 fudisset,
2518 706 2614 762 sed
2648 706 2718 760 ad
2740 721 2956 761 sacram
3006 723 3183 775 aram,
3215 710 3308 766 ubi
3336 710 3531 781 quoti-

1941 800 2031 857 die
2070 800 2398 855 Dominicus
2450 803 2676 874 sanguis
2726 818 2828 875 pro
2878 805 3122 874 peccatis
3178 807 3385 865 nostris
3433 823 3530 865 ex-

1943 894 2162 965 piandis
2198 892 2472 949 funditur.

2012 1064 2139 1120 Fuit
2186 1066 2275 1120 hic
2341 1065 2646 1121 Michaelus
2701 1066 2909 1124 Amorii
2972 1082 3161 1138 natus,
3218 1074 3522 1145 superioris

1943 1157 2192 1229 Phrygiae
2227 1159 2361 1213 urbe
2389 1176 2404 1224 ;
2459 1158 2515 1211 in
2550 1174 2658 1227 qua
2687 1159 2757 1214 ab
2788 1163 3037 1231 antiquis
3066 1168 3404 1236 temporibus
3428 1166 3527 1223 Ju-

1944 1249 2211 1315 daeorum,
2240 1251 2676 1320 Athinganorum
2702 1251 3046 1323 aliorumque
3072 1255 3359 1326 impiorum
3381 1259 3527 1314 mul-

1946 1341 2121 1395 litudo
2168 1340 2487 1406 habitabat;
2528 1353 2585 1397 et
2643 1343 2894 1411 quasdam
2934 1346 3005 1402 ibi
3035 1346 3261 1405 haeresis
3289 1366 3352 1405 ex
3386 1352 3524 1408 isto-

1945 1447 2065 1485 rum
2090 1431 2350 1485 diuturna
2405 1440 2569 1501 atque
2622 1436 2925 1491 continenti
2966 1438 3111 1495 inter
3165 1455 3227 1496 se
3288 1443 3524 1499 conﬂata

1944 1524 2346 1578 consuetudine
2377 1536 2536 1579 enata
2599 1534 2741 1594 erat,
2797 1543 2937 1584 nova
2986 1546 3214 1601 prorsus
3252 1541 3307 1589 et
3346 1535 3526 1590 inusi—

1948 1616 2076 1668 tatis
2141 1624 2410 1670 constans
2444 1617 2832 1686 opinionibus;
2893 1635 2923 1674 a
2972 1637 3080 1691 qua
3129 1633 3184 1679 et
3240 1624 3355 1695 ipse.
3404 1633 3525 1681 erat

1944 1705 2269 1776 imperator,
2302 1708 2515 1762 traditae
2541 1724 2572 1762 a
2597 1710 2903 1780 majoribus
2936 1714 3321 1782 superstitioni
3348 1717 3523 1773 inhae—

1945 1811 2093 1851 rens.
2149 1795 2224 1849 Ea
2281 1797 2505 1852 haeresis
2543 1815 2674 1854 suos
2727 1802 2793 1856 ad
2851 1802 3099 1858 divinum
3160 1820 3224 1861 ac
3279 1782 3525 1864 salutare

236 1883 408 1940 τᾶλλα
428 1888 484 1941 δὲ
508 1888 682 1941 πάντα
706 1888 889 1954 σώζει,
915 1889 1259 1957 φυλάττουσα
1280 1892 1369 1944 τδν
1399 1894 1566 1960 νόμον
1578 1892 1670 1945 τὸν
1694 1893 1826 1946 Μω-

1932 1889 2189 1958 baptismi
2256 1889 2538 1945 lavacrum
2613 1892 2855 1949 admittit
2889 1896 3133 1965 quidem,
3178 1898 3233 1953 in
3290 1900 3522 1972 reliquis

238 1980 427 2033 σαῖκδν
473 1980 614 2050 πλὴν
649 1981 751 2049 τῆς
808 1984 1138 2052 περιτομῆς.
1172 1979 1299 2053 Εἶχε
1329 1982 1387 2036 δὲ
1443 1982 1763 2037 διδάσκαλον
1801 1985 1829 2036 ό

237 2072 460 2143 Μιχαὴλ
481 2074 575 2127 καὶ
600 2070 710 2127 οἷον
725 2074 977 2146 ἔξαρχον,
998 2074 1274 2128 ὑπ’ἀύτοῦ
1308 2092 1722 2147 μεμυσταγωγη
1732 2078 1831 2145 μὲ-

236 2188 348 2237 νος,
378 2171 629 2244 Ἐὄραίόν
645 2188 767 2229 τινα
793 2173 825 2243 ἢ
862 2172 1117 2242 Ἐδραῖδα
1140 2173 1285 2226 κατα
1309 2173 1402 2227 τὸν
1429 2173 1623 2228 ἑαυτοῦ
1655 2168 1826 2240 οἶκον,

234 2265 298 2317 ού
326 2264 579 2334 μόνοντὰ
605 2264 813 2334 ψυχικὰ
844 2264 979 2335 (6'2),
1015 2264 1151 2317 ἀλλὰ
1170 2265 1234 2336 δὴ
1261 2267 1355 2319 καὶ
1397 2266 1497 2330 τὰς
1522 2268 1645 2321 κατ’
1673 2262 1828 2320 οἷκον

232 2356 554 2426 οἰκονομίας
587 2357 752 2409 αὐτὸν
782 2358 1199 2412 ἐκπαιδεύοντα.
1237 2359 1361 2427 Ὑφ’
1387 2351 1449 2413 οὗ
1482 2358 1824 2430 προληφθεὶς

232 2448 390 2502 οὐδὲν
418 2448 682 2516 ἀκέραιον
733 2449 959 2514 ἔσωζεν.
982 2451 1101 2504 ἀλλ’
1129 2447 1198 2521 ἦν
1236 2453 1494 2516 ἀπιστίας
1547 2469 1632 2515 τις
1699 2452 1827 2505 σύν-

232 2542 375 2604 οδος,
401 2543 471 2595 τα
494 2558 554 2594 τε
579 2543 928 2611 Χριστιανῶν
952 2544 1373 2614 παραχαράξας,
1424 2545 1494 2597 τὲ
1558 2544 1827 2599 Ἰουδαίων

236 2632 605 2702 κιϐδηλεύσας
642 2632 736 2687 καὶ
787 2630 960 2688 τᾶλλα
992 2635 1429 2704 παρανοθεύσας,
1460 2637 1554 2688 καὶ
1580 2636 1827 2700 τοιοῦτος

230 2724 334 2792 τὴν
351 2726 531 2779 πίστιν
554 2726 868 2795 γενόμενος.
908 2727 1154 2790 ποικίλος
1204 2743 1263 2781 τε
1303 2727 1400 2782 καὶ
1449 2731 1822 2797 πολύμορφοὲο

231 2820 403 2872 ὁποῖα
435 2837 566 2887 φασι
594 2819 661 2873 τὰ
694 2822 752 2872 ἐν
788 2820 967 2892 Λιϐύῃ
992 2819 1240 2889 γίνεσθαι
1291 2820 1458 2891 θηρία
1486 2822 1574 2875 διὰ
1596 2824 1696 2891 τὴν
1732 2821 1826 2873 τοῦ

234 2908 431 2971 ὕδατος
463 2910 675 2962 ἔνδειαν
706 2910 1053 2979 συναγόμενα
1079 2912 1177 2964 καὶ
1226 2911 1483 2980 ἀλλήλοις
1536 2910 1831 2981 ἐπιμιγνύ-

236 3016 399 3069 μενα.
430 3001 518 3063 Ὡς
538 3000 604 3070 δὴ
648 3002 742 3053 καὶ
798 3002 876 3063 είς
903 3001 1002 3069 τὴν
1039 3002 1316 3070 βασίλειον
1363 3003 1574 3074 ἀνήχθη
1627 3002 1822 3073 ἀρχὴν,

230 3089 563 3159 ἐσεμνύνετό
594 3107 654 3143 τε
687 3092 780 3144 καὶ
806 3091 1072 3161 ὡραϊζετο
1105 3090 1288 3163 [ἢ]τῴ
1312 3094 1606 3162 διαδήματι
1640 3096 1734 3146 καὶ
1758 3097 1823 3165 τῇ

1936 1989 2115 2035 autem
2161 1982 2444 2044 omnibus,
2476 1982 2698 2053 dempta
2735 1985 3182 2054 circumcisione,
3218 1988 3518 2047 Mosaicam

1935 2073 2112 2143 legem
2161 2081 2332 2130 tenet.
2375 2074 2509 2128 Erat
2542 2075 2814 2133 Michaelo
2860 2088 3187 2150 praeceptor,
3242 2085 3335 2152 qui
3392 2069 3523 2139 eum

1932 2164 2001 2219 iis
2038 2165 2210 2220 sacris
2233 2165 2564 2231 initiaverat,
2593 2175 2652 2223 et
2694 2170 2852 2239 quasi
2907 2172 3222 2241 praefectus,
3259 2173 3521 2233 Hebraeus

1931 2256 2150 2324 quidam
2176 2257 2312 2317 (sive
2347 2257 2394 2313 is
2419 2259 2618 2313 femina
2646 2262 2830 2330 potius
2876 2261 3144 2320 llebraica
3185 2264 3330 2336 fuit),
3355 2283 3520 2338 quem

1932 2350 2079 2405 domi
2122 2348 2361 2416 fovebat,
2401 2351 2471 2405 ab
2503 2367 2679 2423 eoque
2701 2367 2813 2409 non
2844 2353 2912 2409 ad
2968 2355 3289 2428 religionem
3321 2359 3512 2428 modo,

1937 2443 2032 2497 sed
2071 2449 2127 2496 et
2162 2443 2233 2498 ad
2294 2458 2410 2498 rem
2460 2444 2825 2501 denmsricam
2889 2448 3297 2517 pertinentibus
3354 2451 3521 2509 rebus

1930 2534 2344 2593 instituebatur.
2408 2537 2491 2592 Ab
2526 2553 2593 2593 eo
2628 2551 3045 2609 praeoccupatus
3080 2542 3215 2597 nihil
3242 2543 3517 2615 integrum

1932 2635 2289 2693 servaverat,
2324 2630 2423 2684 sed
2456 2637 2575 2684 erat
2604 2646 2788 2701 prava:
2814 2632 3101 2702 religionis
3152 2633 3208 2689 in
3250 2650 3317 2691 eo
3354 2635 3517 2707 quasi

1929 2720 2169 2775 colluvie
2224 2721 2498 2790 qumdam,
2548 2738 2673 2777 cum
2734 2733 2789 2780 et
2846 2724 3179 2782 Christiana:
3235 2727 3364 2784 ﬁdei
3410 2728 3515 2784 dea

1930 2822 2078 2867 creta
2129 2814 2464 2869 adulteraret
2505 2822 2562 2869 et
2611 2814 2898 2872 Iudaicam
2952 2819 3269 2891 religionem
3311 2822 3520 2892 spuriis

1934 2909 2295 2978 opinionibus
2355 2910 2646 2979 pollueret.
2702 2912 2938 2983 Fuitque
2983 2914 3230 2982 omnino,
3280 2916 3423 2986 quod
3448 2915 3520 2973 ad

1932 3001 2155 3070 pietatis
2213 3000 2615 3070 professionem
2663 3005 2880 3068 attinet,
2912 3004 3040 3061 talis
3095 3004 3151 3059 in
3178 3021 3244 3062 eo
3272 3006 3516 3061 varietas

1928 3100 1982 3145 et
2009 3092 2286 3158 conlusio,
2313 3093 2494 3162 qualis
2548 3094 2724 3149 fertur
2753 3094 3083 3167 Libycarum
3133 3112 3257 3153 esse
3308 3098 3518 3154 bestia-

232 3182 537 3252 ἁλουργίδι.
559 3182 718 3249 λόγον
742 3183 798 3235 δὲ
828 3186 923 3236 καὶ
945 3183 1179 3253 μάθησιν
1203 3185 1279 3247 ὼς
1308 3185 1377 3238 τὰ
1407 3185 1571 3238 αὐτοῦ
1596 3187 1827 3256 ἀνατρέ-

1935 3200 2055 3237 rum
2116 3194 2337 3241 natura.
2370 3200 2493 3254 quae
2518 3200 2585 3238 ex
2609 3185 2846 3242 diversis
2903 3188 3236 3245 animalibus
3258 3188 3330 3244 ob
3361 3204 3518 3260 aqua

230 3289 404 3325 ποντα
420 3274 515 3326 καὶ
533 3273 813 3342 δυνάμενα
831 3275 1246 3343 μεταδιδάσκειν
1285 3276 1355 3327 τὰ
1386 3276 1674 3345 κρείττονα
1721 3278 1827 3329 ἁπ-

232 3364 500 3418 εδαλλετο
525 3366 618 3417 καὶ
642 3363 931 3435 ἠτίμαζεν.
966 3365 1158 3435 Ἐτίμα
1183 3366 1237 3419 δὲ
1264 3365 1333 3419 τὰ
1349 3369 1521 3419 οἰκεῖα
1541 3366 1826 3439 διαφερόν-

229 3474 359 3521 τωςι
379 3457 448 3511 τὰ
463 3458 518 3511 δὲ
540 3453 630 3527 ἦν,
648 3458 792 3510 συῶν
817 3458 918 3528 μὲν
942 3458 1051 3510 τῶν
1073 3458 1377 3524 ἀρτιτόκων
1401 3459 1689 3529 προλέγειν
1712 3461 1826 3512 ὅσοι

228 3565 290 3601 τε
331 3550 551 3601 ἔσονται
603 3550 897 3618 εἰτραφεῑς
948 3547 1043 3601 καὶ
1103 3550 1377 3618 σωμάτων
1415 3550 1682 3620 μεγέθους
1726 3552 1826 3604 οὐκ

229 3640 533 3709 ἂμοιρήσου
544 3655 614 3701 σι,
631 3638 725 3691 καὶ
749 3638 862 3692 ὅσοι
890 3641 998 3701 τοῖς
1022 3640 1288 3703 ἐναντίοις
1309 3640 1824 3711 περισχεθήσονται,

229 3730 327 3783 καὶ
375 3732 558 3783 ἵππων
606 3730 707 3800 μὲν
781 3732 946 3798 ὲγγὶις
1008 3732 1233 3785 ἑστάναι
1300 3732 1408 3784 τῶν
1463 3732 1826 3795 λακτιζόντων

230 3823 451 3884 εἰδέναι,
482 3823 637 3885 ὅνους
658 3823 715 3875 δὲ
746 3823 873 3885 τοὺς
923 3823 1280 3887 λακτίζοντας
1340 3823 1416 3885 ὡς
1474 3824 1816 3894 πορρωτάτω

228 3916 595 3986 ἐκτρέπεσθαι
638 3914 877 3982 εὐφυῶς.
926 3915 1202 3984 Ἦμιόνων
1251 3932 1311 3968 τε
1368 3915 1561 3985 κριτὴς
1601 3915 1823 3986 ἀριστος

229 4005 322 4077 ἦν,
352 4010 450 4061 καὶ
483 4009 691 4060 τούτων
719 4009 834 4060 ὅσοι
870 4008 968 4077 μὲν
992 4006 1133 4077 πρὸς
1163 4008 1362 4078 φόρτον
1386 4007 1684 4076 ἐπιτήδειοί
1713 4008 1822 4061 εἱσι

226 4098 547 4170 διακρίνειν,
570 4100 687 4151 ὅσοι
733 4098 790 4151 δὲ
837 4099 967 4161 τοὺς
1020 4096 1290 4161 ἐπιϐάτας
1328 4100 1577 4169 εὐφόρως
1629 4099 1822 4169 φέρειν

224 4192 504 4253 δύνανται,
538 4192 635 4243 καὶ
681 4191 756 4260 μή
826 4208 932 4243 τινι
981 4190 1143 4261 πτοία
1199 4190 1470 4260 περιδεεῖς
1532 4191 1816 4261 γινόμενοι

229 4282 711 4352 ἐκτραχηλίζοιεν.
744 4284 820 4335 Οὐ
856 4283 963 4353 μὴν
1009 4282 1148 4336 ἀλλά
1198 4284 1293 4336 καὶ
1339 4283 1468 4346 τοὺς
1525 4284 1727 4347 ἵππους
1761 4284 1821 4336 ό-

230 4373 500 4443 ιξθαλμῶν
531 4372 692 4441 μόνον
727 4374 929 4445 κρίνων
966 4373 1270 4436 ἐπιϐολαῖς,
1291 4374 1408 4427 ὅσοι
1440 4392 1500 4427 τε
1540 4376 1679 4444 πρὸς
1702 4374 1823 4445 δρό-

231 4485 331 4535 μον
374 4465 586 4519 εὔτονοι
634 4466 728 4519 καὶ
764 4468 951 4536 ταχεῖς
997 4468 1093 4518 καὶ
1133 4466 1252 4519 ὅσοι
1279 4466 1417 4536 πρὸς
1461 4467 1701 4536 πόλεμον
1759 4466 1822 4519 τὸ

1933 3273 2208 3329 defectum
2271 3275 2586 3345 congressis
2647 3286 2973 3333 nascuntur.
3017 3277 3069 3352 Is
3115 3295 3248 3352 ergo
3305 3273 3515 3351 potitus

1934 3365 2169 3432 inperio
2213 3366 2363 3418 nulla
2398 3382 2456 3419 re
2486 3367 2591 3420 alia
2646 3384 2810 3437 quam
2844 3348 3154 3424 diademate
3185 3348 3249 3426 et
3272 3348 3516 3441 purpura

1930 3471 1990 3512 se
2044 3458 2364 3522 ostentavit,
2394 3458 2569 3528 87o
2611 3460 2761 3512 mnni
2796 3459 3052 3514 doctrina
3106 3468 3162 3516 et
3215 3459 3515 3532 disciplina

1930 3546 2307 3617 iguominiose
2336 3550 2651 3617 repudiata,
2676 3548 2822 3619 quod
2852 3549 2980 3605 inde
3012 3565 3113 3604 sua
3148 3551 3320 3605 everti
3370 3558 3425 3606 et
3455 3566 3515 3607 se

1930 3642 2127 3697 melius
2166 3641 2371 3712 aliquid
2419 3642 2607 3696 doceri
2650 3657 2812 3712 posse
2885 3651 3174 3698 metueret.
3231 3643 3342 3699 Sua
3382 3656 3515 3699 vero

1930 3733 2155 3787 maximi
2186 3733 2444 3798 ducebat,
2489 3750 2611 3804 quae
2669 3742 2832 3789 erant
2868 3734 3165 3804 praedicere
3219 3748 3511 3803 porcorum

1926 3826 2121 3879 recens
2152 3836 2407 3879 natorum
2440 3827 2536 3895 qui
2583 3826 2845 3896 praeclare
2897 3826 3137 3880 adulturi
3184 3833 3368 3881 essent
3415 3834 3516 3879 aut

1924 3925 2140 3980 contra,
2169 3932 2332 3986 posse
2385 3918 2543 3988 equis
2580 3918 3002 3973 calcitrantibus
3032 3933 3208 3988 prope
3222 3918 3511 3982 assistere,

1933 4009 2124 4064 asinos
2148 4010 2503 4064 calcitrautcs
2534 4018 2655 4064 arte
2707 4024 2873 4079 quam
2936 4011 3259 4080 longissime
3300 4004 3516 4076 vitare;

1931 4104 1998 4157 de
2038 4102 2203 4156 mulis
2231 4101 2435 4169 Optime
2474 4100 2751 4170 judicare,
2784 4110 2838 4155 et
2891 4101 3208 4157 discernere
3237 4101 3329 4171 qui
3380 4116 3509 4157 one-

1930 4189 2087 4244 ribus
2124 4198 2219 4243 aut
2269 4190 2362 4259 qui
2406 4191 2610 4245 sessuri
2644 4190 3090 4246 commodissime
3124 4192 3353 4246 ferendo
3400 4191 3514 4261 apti

1930 4282 2134 4345 forent,
2180 4292 2238 4337 ut
2275 4283 2430 4337 nullo
2463 4296 2665 4351 pavore
2705 4282 3049 4336 consternati
3098 4296 3226 4336 eum
3281 4289 3512 4336 excute-

1927 4384 2088 4440 rent;
2123 4389 2295 4443 equos
2353 4373 2477 4427 solo
2513 4373 2717 4426 intuitu
2772 4373 3124 4442 dignoscere,
3157 4373 3252 4441 qui
3288 4371 3353 4426 ad
3380 4386 3511 4426 cur-

1924 4479 2043 4518 sum
2075 4465 2288 4519 robusti
2323 4475 2378 4519 et
2402 4462 2614 4517 celeres
2643 4463 2727 4515 vel
2754 4463 2949 4516 bellica
2986 4462 3315 4517 fortitudine
3335 4461 3513 4516 mobi-

225 4558 553 4629 καρτερικὸν
586 4558 913 4622 διασώζουσι
952 4576 965 4590 ·
1004 4557 1092 4629 [Ρ.
1134 4558 1260 4629 ΜΠ]
1309 4558 1598 4628 προδάτων
1624 4577 1683 4612 τε
1719 4561 1815 4613 ml

1927 4557 1998 4609 les
2022 4563 2209 4609 essent
2248 4554 2458 4619 futuri;
2529 4554 2660 4607 item
2704 4552 2772 4608 de
2801 4553 2983 4607 ovium
3015 4562 3070 4608 et
3117 4553 3280 4608 boum
3324 4553 3513 4608 fecun-

227 4653 367 4721 βοῶν
403 4651 679 4715 εύτοκίας,
712 4654 807 4704 καὶ
836 4652 935 4722 τὴν
963 4653 1056 4705 τοῦ
1083 4653 1356 4720 γάλακτος
1384 4654 1508 4707 ὅσαι
1534 4654 1816 4722 δαψίλειαν

226 4741 288 4791 ἐκ
329 4736 551 4805 φύσεως
600 4738 791 4808 ἔλαχον
816 4740 963 4791 ’τῶν
991 4757 1049 4792 τε
1103 4741 1405 4811 ἀρτιγενῶν
1458 4744 1815 4812 γεννημάτων

228 4830 437 4891 εἰδέναι
461 4829 764 4901 διακρίνειν
791 4833 946 4883 ποῖον
970 4833 1163 4893 ὁποίας
1197 4834 1316 4886 ἐστὶ
1338 4836 1568 4905 μητρός.
1600 4836 1710 4888 Καὶ
1747 4835 1817 4888 τὰ

239 4921 341 4991 μὲν
370 4921 474 4991 τῆς
496 4920 717 4989 πρώτης
752 4922 994 4990 ἡλικίας.
1029 4924 1206 4975 εἰπεῖν
1256 4924 1313 4977 δὲ
1358 4926 1454 4978 καὶ
1485 4925 1587 4995 τῆς
1635 4926 1818 4979 τελευ-

226 5012 409 5075 ταίας,
439 5012 613 5067 ταῦτα
659 5012 725 5082 δὴ
751 5012 820 5067 τὰ
852 5014 1153 5084 μαθήματα
1176 5014 1273 5068 καὶ
1314 5017 1773 5087 σεμνολογήματα
1798 5032 1815 5048 ’

223 5105 296 5167 ὡς
326 5105 383 5157 δὲ
420 5105 673 5174 ἤκμαζεν
722 5105 849 5177 ἤδη.
877 5107 969 5158 τὸν
1013 5107 1223 5178 πένητα
1272 5106 1387 5177 βίον
1441 5107 1677 5162 διαθλῶν
1719 5110 1819 5163 καὶ

226 5196 538 5275 καρτερῶν,
566 5194 794 5249 ἔσπευδε
825 5196 1016 5250 τοῦτον
1062 5199 1213 5270 πάσῃ
1248 5198 1658 5270 ἀποτρίψασθαι
1712 5218 1817 5272 μη-

226 5287 392 5354 χανῇ.
454 5284 563 5336 Καί
613 5301 744 5337 ποτε
795 5284 874 5356 τῷ
929 5286 1127 5341 ἑαυτοῦ
1180 5290 1469 5359 παραστὰς
1523 5292 1814 5362 στρατηγῷ

227 5376 424 5428 ἑαυτὴν
456 5375 747 5443 ὑπέφαινε,
777 5380 845 5447 τῇ
903 5381 1002 5449 τῆς
1046 5378 1294 5449 γλώττης
1340 5382 1671 5453 τραυλότητι
1719 5385 1813 5436 τὸν

226 5467 464 5537 ἄρχοντα
512 5467 934 5537 ἐκκαλούμενος.
989 5470 1111 5525 Τῶν
1166 5471 1223 5524 δὲ
1290 5473 1627 5541 ’Λθιγγάνων
1679 5492 1762 5536 τις
1792 5517 1807 5541 ,

227 5556 471 5626 γνωστὸς
519 5558 783 5630 ὑπάρχων
835 5561 915 5633 τῷ
964 5563 1279 5635 στρατηγῷ,
1315 5566 1481 5619 αὐτόν
1523 5583 1583 5620 τε
1617 5567 1809 5623 τοῦτον

1921 4648 2092 4702 ditate
2116 4661 2181 4701 ac
2207 4647 2368 4701 lactis
2402 4644 2747 4700 abundantia
2783 4654 2840 4699 et
2872 4645 2939 4699 de
2987 4645 3195 4699 recenti
3226 4644 3336 4699 fetu
3363 4644 3510 4714 judi-

1923 4752 2075 4802 care,
2110 4738 2270 4807 cujus
2304 4737 2486 4807 quivis
2525 4736 2720 4791 matris
2753 4742 2922 4791 esset.
2950 4734 3076 4789 llaac
3116 4734 3238 4805 ejus
3288 4736 3511 4789 fuerunt

1924 4830 2103 4898 prima
2136 4835 2297 4883 aetate
2331 4828 2534 4892 studia,
2575 4827 2778 4897 quibus
2805 4834 2861 4882 et
2902 4826 3199 4897 postremis
3242 4826 3358 4881 suis
3390 4841 3512 4881 sese

1921 4921 2152 4992 jactavit
2178 4920 2539 4989 temporibus.
2561 4918 2701 4974 Cum
2728 4927 2912 4975 autem
2946 4934 3183 4989 paupere
3214 4919 3328 4973 vita
3372 4919 3511 4974 tole-

1923 5011 2096 5067 randa
2131 5012 2486 5076 adolevisset,
2538 5013 2689 5067 omni
2742 5021 2947 5067 conatu
2980 5012 3147 5066 nixus
3177 5017 3261 5065 est
3300 5025 3362 5064 ea
3387 5024 3510 5066 sese

1922 5103 2189 5171 liberare;
2228 5111 2281 5158 et
2300 5102 2600 5173 aliquando
2623 5117 2784 5158 suum
2817 5102 3098 5158 tribunum
3129 5102 3285 5165 adiit,
3322 5102 3508 5168 balba,

1922 5206 1983 5253 ut
2011 5206 2155 5265 erat,
2194 5210 2330 5253 voce
2358 5212 2483 5253 eum
2536 5196 2746 5252 idcirco
2807 5197 3169 5267 compellans.
3198 5193 3276 5251 lbi
3307 5196 3508 5250 Athin-

1922 5307 2096 5363 ganus
2127 5291 2351 5361 quidam
2384 5299 2550 5346 notus
2579 5290 2802 5343 tribuno
2843 5289 3137 5343 allirmavit
3174 5289 3341 5359 paulo
3387 5298 3510 5358 post

1919 5384 2067 5438 hunc
2099 5383 2422 5439 Michaelum
2447 5390 2502 5436 et
2546 5382 2845 5453 quemdam
2873 5381 3042 5436 alium
3064 5383 3333 5437 illustrem
3360 5380 3504 5447 fore,

1919 5492 1983 5531 ac
2013 5477 2241 5545 imperio
2268 5476 2391 5546 ipso
2438 5474 2813 5531 Romanorum
2855 5475 3184 5545 potiturum.
3232 5473 3315 5529 Ad
3337 5488 3501 5544 quam

1920 5567 2345 5637 praedictionem
2379 5568 2639 5624 tribunus
2673 5567 2860 5623 animo
2915 5567 2991 5623 ita
3034 5566 3264 5623 incaluit
3310 5574 3369 5622 ut
3406 5563 3501 5636 qui

1340 5740 1700 5798 XYLANDRI
1735 5743 1823 5800 ET
1857 5743 2074 5801 GOARI
2118 5745 2354 5802 ΝΟΤᾸί.

149 5879 154 5884 .
232 5892 240 5899 δ
296 5826 414 5898 (62)
447 5825 572 5888 Non
593 5828 663 5888 ad
700 5830 1019 5904 religionem
1044 5833 1249 5904 solum,
1271 5835 1371 5893 sed
1408 5837 1706 5896 universim
1741 5840 1806 5896 ad
1849 5841 2088 5895 animam
2114 5844 2411 5912 pertinent.
2441 5840 2611 5897 Com.
