4226 6444
227 383 332 444 957

1290 389 1833 457 HISTORIARUM
1869 397 2399 466 COMPENDIUM.

3383 412 3490 488 958

226 516 335 550 των
371 496 465 550 καὶ
497 495 1016 566 ἀνομολογηθέντῶν
1044 499 1395 570 καταδρομήν
1439 521 1559 556 τινα
1591 509 1819 576 ἐργάζει-

1926 517 2006 570 vel
2039 525 2374 573 mutaturum
2410 535 2423 572 :
2466 520 2647 589 quivis
2690 535 2888 578 secure
2943 523 2997 578 id
3045 532 3373 594 sequeretur
3404 536 3490 579 at-

229 588 354 640 εθαι
376 589 470 640 καὶ
502 589 846 657 καθαίρεσιν.
870 607 888 639 ‹
922 589 1196 648 Ἕκαστος
1217 587 1332 657 οὖν,
1360 596 1513 661 φησὶ,
1544 597 1604 648 τὸ
1624 598 1815 651 δοκοῦν

223 681 377 750 αύτῷ
406 683 630 734 ποιείτω
655 684 749 734 καὶ
772 683 983 748 ἐφετὸν,
1005 685 1217 754 ἀπαθὴς
1238 686 1414 738 πόνων
1440 690 1531 740 καὶ
1554 688 1815 757 ἄγευστος

225 773 404 841 λύπης
440 774 724 828 διατελῶν.
759 775 1022 844 ›.11λὴνού
1054 778 1217 846 μέχρι
1248 779 1440 842 τέλους
1465 781 1669 852 ταύτην
1694 786 1818 852 ἐτή-

230 882 366 933 ρησε
397 865 499 933 τὴν
535 864 856 936 προαίρεσιν
892 870 919 919 ὁ
953 867 1085 936 μηδὲ
1115 868 1214 938 τὴν
1241 871 1416 938 ἀρχὴν
1445 872 1651 941 ἀληθὴς
1683 876 1816 943 Χριο

230 957 449 1020 «me;
477 958 718 1025 γεγονὼς
739 975 752 988 σ
789 957 904 1010 ἀλλ’
931 959 1055 1011 ὅσον
1095 960 1162 1012 τὰ
1195 961 1292 1030 τῆς
1351 961 1410 1029 βο
1464 962 1633 1025 ιλείας
1666 964 1817 1033 αύτῴ

228 1049 586 1119 ἐκρατύνετο,
615 1051 871 1102 τοσοῦτον
890 1051 1245 1120 κακοδαίμονι
1265 1053 1426 1119 φύσει
1445 1054 1536 1106 καὶ
1559 1055 1817 1127 ὼμοτάτῃ

229 1153 322 1192 τον
371 1143 515 1195 κατά
563 1143 672 1196 τῶν
719 1143 1065 1213 Χριστιανῶν
1091 1146 1186 1198 καὶ
1217 1145 1326 1198 τῶν
1364 1147 1652 1216 ὁμοφύλων
1703 1146 1814 1216 (65)

227 1234 549 1304 ἀνερῤίπιζε
598 1233 856 1301 πόλεμον,
891 1233 987 1287 νῦν
1021 1234 1122 1304 μὲν
1177 1237 1306 1300 τοὺς
1369 1240 1639 1307 μοναχοὺς
1687 1240 1809 1291 δια·

231 1323 415 1376 πτύων
447 1323 539 1376 καὶ
584 1325 859 1386 παντοίοις
913 1325 1257 1396 περιϐάλλων
1303 1327 1519 1390 δεινοῖς,
1546 1329 1640 1380 καὶ
1688 1345 1815 1380 ποιο

227 1418 347 1479 ναῖς
377 1415 713 1486 ἐξευρίσκων
737 1415 948 1480 ποινὰς,
985 1417 1078 1468 νῦν
1100 1417 1155 1469 δὲ
1185 1419 1312 1479 τοὺς
1341 1417 1537 1481 ἄλλους
1591 1419 1817 1480 πιστοὺς

229 1505 496 1572 ἐγκλείων
541 1508 809 1576 φρουραῖς
837 1507 931 1558 καὶ
977 1506 1306 1576 ὑπερορίους
1361 1507 1553 1570 τιθείς.
1603 1509 1818 1561 Ἐντεῦ-

229 1596 320 1648 θεν
359 1597 456 1648 καὶ
481 1595 742 1648 Μεθόδιον
766 1596 860 1649 τὸν
895 1597 1036 1663 μετά
1067 1595 1240 1667 βραχὺ
1260 1597 1663 1668 πατριαρχικοῦ
1694 1598 1820 1666 θρό-

227 1704 318 1738 νου
361 1686 670 1750 ἀξιωθέντα
731 1687 828 1740 καὶ
887 1687 1162 1758 Εύθύμιον
1211 1689 1302 1740 τὸν
1349 1690 1656 1756 τηνικαῦτα
1708 1691 1819 1742 τῶν

228 1777 483 1846 Σάρδεων
514 1779 937 1849 προεδρεύοντα,
960 1779 1040 1848 τῷ
1073 1779 1238 1833 αὐτοῦ
1270 1778 1534 1850 θελήματι
1567 1781 1642 1853 μὴ
1667 1782 1818 1835 ὑπεί-

230 1887 430 1932 κοντας
468 1871 604 1940 μηδὲ
640 1871 740 1940 τὴν
775 1871 882 1924 τῶν
923 1870 1086 1923 θείων
1124 1871 1352 1924 εἰκόνων
1387 1874 1818 1943 ὲξαρνουμένους
1847 1861 1895 1920 Β

233 1963 428 2032 τιμὴν,
479 1963 579 2032 τῆς
609 1963 818 2026 πόλεως
841 1963 1054 2027 ἐξωθεῖ,
1091 1964 1304 2018 καὶτὸν
1336 1965 1434 2034 μὲν
1483 1964 1626 2018 θεῖον
1671 1965 1820 2019 Μεθ-

227 2052 370 2107 ὀδιον
401 2055 620 2125 φυλακῇ⁸
644 2056 982 2126 παραδίδωσι
1012 2057 1155 2110 κατὰ
1184 2057 1285 2127 τὴν
1305 2060 1470 2129 νῆσον
1504 2058 1597 2112 τοῦ
1632 2060 1819 2130 Ἀκρίο

228 2162 322 2198 του
355 2146 491 2216 (66),
511 2147 603 2200 τὸν
626 2147 683 2201 δὲ
714 2149 1023 2217 μακαρίτην
1053 2149 1324 2218 Εὑθύμιον
1342 2150 1428 2205 διὰ
1443 2150 1705 2219 Θεοφίλου
1723 2150 1817 2203 τοῦ

226 2240 429 2292 οίκείου
458 2238 574 2292 υίοῦ
606 2240 824 2303 Θανάτῳ
859 2242 1216 2310 παραδίδωσι,
1257 2242 1568 2314 βουνεύροις
1615 2244 1818 2297 τυπτό-

230 2349 394 2401 μενον
433 2333 682 2402 ἀφειδῶς.
711 2335 874 2389 Ὀσον
927 2335 1106 2405 δὲτὴν
1154 2337 1391 2407 Χριστοῦ
1455 2337 1819 2409 κληρονομίαν

227 2423 435 2487 ιπίεξε,
465 2425 716 2478 τοσοῦτον
741 2427 867 2488 τοὺς
912 2427 1207 2490 Ἰουδαίους
1252 2429 1477 2490 ἀνέτους
1504 2430 1686 2499 φόρων
1725 2427 1819 2479 καὶ

231 2516 549 2584 ἐλευθέρους
574 2517 760 2583 ἐτίθει,
781 2519 1178 2586 ἀγαπωμένους
1197 2520 1290 2572 καὶ
1305 2520 1698 2590 στεργομένους
1723 2519 1821 2571 αὐ-

227 2611 308 2680 τῷ
346 2610 455 2661 τῶν
489 2611 662 2664 ἄλλων
678 2611 982 2681 ἀνθρώπων
1020 2611 1404 2681 διαφερόντως.
1449 2612 1820 2681 Προὺὁάλλετο

229 2702 275 2752 δ’
305 2701 497 2770 ῶσπερ
526 2720 577 2754 τι
613 2701 972 2772 προκέντημα
1011 2705 1107 2754 κα)⁵
1134 2703 1452 2771 ἀρχέτυπον
1480 2702 1575 2753 τοῦ
1617 2703 1818 2754 οἰκείου

230 2791 262 2860 β
288 2809 349 2844 ου
372 2793 503 2862 πρὸς
532 2793 763 2862 μίμησιν
787 2793 879 2844 τὸν
900 2792 992 2844 τοῦ
1021 2794 1288 2862 Κοπρωνύ
1299 2809 1400 2860 μου
1422 2791 1555 2860 βίον,
1580 2794 1670 2844 καὶ
1696 2793 1820 2844 τοῦ-

227 2900 323 2936 τ)ν
348 2885 631 2950 μιμεῖσθαι
661 2885 739 2944 εἰς
752 2883 917 2952 ἄκρον
950 2882 1276 2946 ἐσπούδαζε.
1305 2883 1397 2935 Διὸ
1420 2885 1514 2936 καὶ
1543 2885 1678 2950 πρὸς
1723 2882 1820 2950 τὴν

230 2975 530 3044 ἀκρόπολιν
555 2973 760 3044 ἔφθασε
790 2975 888 3044 τῆς
918 2974 1196 3040 ἀσεϐείας,
1224 2975 1351 3044 ἄρτι
1385 2974 1488 3043 μιν
1542 2974 1821 3027 Σάϐϐατον

229 3065 519 3135 νηστεύειν
561 3064 869 3135 νομοθετῶν
905 3066 1040 3135 (67),
1095 3066 1222 3135 ἄρτι
1255 3067 1311 3118 δὲ
1346 3065 1620 3118 κατάῗτῶν
1661 3065 1820 3116 θείων

234 3157 533 3227 προφητῶν
557 3159 656 3226 τὴν
684 3156 928 3224 γλῶτταν
979 3156 1276 3220 ὲξακονῶν,
1316 3157 1441 3225 ἄρτι
1480 3156 1538 3208 δὲ
1568 3155 1668 3224 τὴν
1692 3156 1820 3223 μὲλ-

233 3250 432 3302 λουσαν
485 3250 781 3303 ἀνάστασιν
832 3249 1040 3300 ἀθετῶν
1074 3250 1263 3301 καὶτὰ
1300 3249 1511 3301 ἐκεῖθεν
1544 3248 1820 3316 ἐπηγγελ-

237 3341 379 3409 μένα
413 3339 594 3407 ἀγαθὰ
637 3339 933 3404 διασύρων,
959 3339 1207 3392 διάϐολόν
1254 3355 1313 3391 τε
1355 3339 1430 3408 μὴ
1460 3335 1599 3390 εἶναι
1626 3338 1763 3398 ὅλως
1781 3338 1825 3389 ί-

235 3433 634 3505 σχυριζόμενος
663 3433 759 3486 an
802 3432 927 3503 μηδ’
951 3433 1057 3486 ὑπὸ
1093 3433 1340 3494 Μωσέως
1367 3431 1558 3484 τούτου
1588 3430 1823 3500 παραδεσ

235 3524 486 3594 δομένου.
514 3521 781 3593 Πορνείαν
807 3521 862 3574 δὲ
889 3521 1292 3591 κατησπάζετο,
1323 3519 1419 3573 καὶ
1446 3521 1536 3573 τὸν
1572 3520 1665 3573 ἐπὶ
1691 3523 1828 3572 πᾶσι

233 3618 346 3672 δεϊν
389 3617 622 3686 ὀμνύναι
649 3616 782 3669 Θεὸν
805 3617 1116 3685 ἐνομοθέτει
1152 3616 1288 3687 (68),
1326 3617 1421 3669 καὶ
1454 3616 1546 3670 τὸν
1623 3614 1826 3668 Ἰούδαν

237 3711 526 3780 ἀκολάστῳ
555 3708 773 3779 γλώσσῃ
806 3709 1016 3762 τάττων
1051 3709 1190 3778 μετά
1211 3708 1320 3763 τῶν
1353 3707 1830 3779 σωζομένων.Τὴν

237 3799 331 3872 [Ρ.
352 3797 480 3871 499]
509 3799 706 3870 ἑορτὴν
725 3799 818 3851 τοῦ
845 3798 1117 3869 σωτηρίου
1135 3799 1328 3868 Πάσχα
1351 3799 1535 3860 κακῶς
1557 3799 1653 3850 καὶ
1680 3797 1831 3866 παρά

239 3890 437 3960 καιρὸν
467 3889 749 3958 χλευάζων
779 3889 1065 3959 τιμᾶσθαι,
1099 3891 1194 3942 καὶ
1226 3889 1302 3951 ὡς
1337 3889 1657 3959 Ἑλληνικὴν
1690 3890 1833 3958 τάχα

239 3983 528 4035 παίδευσιν
563 3981 840 4035 διαπτύων
890 3983 989 4050 τὴν
1036 3981 1314 4052 ἡμετέραν
1363 3982 1458 4033 καὶ
1502 3981 1651 4033 θείαν
1702 3983 1832 4034 παί-

240 4076 427 4128 δευσιν
491 4073 771 4145 τοσοῦτον¹
811 4073 1292 4143 ἀποστρεφόμενος
1341 4073 1418 4135 ὡς
1487 4074 1621 4143 μηδὲ
1705 4074 1828 4135 τοὺς

241 4168 402 4226 νέους
439 4163 906 4235 παιδοτριόεῖσθαί
935 4178 1040 4215 που
1093 4165 1416 4233 συγχωρεῖν,
1436 4164 1523 4216 ἵνα
1580 4164 1719 4233 μήτε
1760 4165 1827 4232 τῇ

243 4257 411 4311 αὐτοῦ
463 4257 658 4327 ἀλογίᾳ
704 4255 1022 4326 ἀντιστῆναί
1079 4272 1162 4317 τις
1222 4253 1320 4326 ἔχῃ
1402 4255 1530 4307 ποτὲ
1593 4257 1688 4308 καὶ
1755 4255 1833 4307 διο

244 4348 490 4416 ελέγξαι,
527 4350 664 4419 μήτε
689 4349 853 4401 πάλιν
881 4348 959 4417 τῷ
995 4349 1149 4416 τάχει
1179 4347 1289 4400 τῶν
1318 4346 1612 4416 ὀφθαλμῶν
1644 4349 1736 4400 καὶ
1761 4349 1827 4418 τῇ

245 4441 340 4509 τῆς
375 4439 621 4510 γλώττης
655 4439 818 4513 ῥύμῃ
846 4439 1146 4510 φερόμενος
1197 4439 1286 4491 διά
1333 4438 1437 4508 τῆς
1492 4438 1830 4500 παιδεύσεως

1922 621 2029 676 que
2047 619 2234 677 ageret
2285 612 2428 679 quod
2453 610 2560 666 sibi
2591 614 2922 682 probaretur
2949 624 3113 683 atque
3131 617 3345 671 liceret.
3369 614 3489 671 Non

1920 713 2101 756 tamen
2161 704 2218 755 in
2251 704 2351 757 hoc
2379 705 2662 774 proposito
2717 705 3106 774 perseveravit,
3145 708 3345 776 quippe
3397 707 3495 776 qui

1919 809 1988 847 ne
2011 793 2170 847 initio
2196 794 2415 862 quidem
2441 811 2608 849 verus
2639 794 2743 849 fuit
2777 797 3148 851 Christianus.
3172 796 3276 850 Sed
3299 814 3494 866 quam-

1917 883 2009 937 diu
2035 885 2322 954 imperium
2351 888 2546 952 tenuit,
2581 887 2781 941 bellttm
2847 887 3012 957 873
3048 887 3381 941 Christianis
3438 897 3493 942 et

1917 975 2214 1044 gentilibus
2257 989 2446 1029 eorum
2513 977 2699 1031 animo
2726 978 2871 1032 malo
2895 989 3060 1046 atque
3090 977 3484 1032 crudelissimo

1921 1068 2110 1130 movit,
2172 1067 2338 1122 modo
2393 1071 2692 1125 monachos
2739 1071 3037 1137 despuens,
3083 1085 3294 1140 eosque
3338 1071 3491 1124 varie

1919 1160 2185 1230 aliiigens,
2241 1160 2454 1230 aliaque
2489 1163 2542 1214 in
2595 1177 2690 1218 eos
2740 1178 2913 1233 super
2943 1163 3048 1216 alia
3080 1173 3331 1218 statuens
3363 1177 3498 1232 sup-

1919 1253 2103 1321 plicia,
2142 1251 2306 1308 modo
2333 1253 2471 1307 alios
2515 1254 2636 1323 pios
2694 1254 2749 1307 in
2797 1269 3049 1310 carceres
3082 1254 3383 1324 conjiciens
3403 1269 3500 1308 ex-

1921 1352 2166 1399 torresve
2219 1360 2406 1414 agens.
2463 1345 2609 1400 Inter
2664 1347 2769 1400 bos
2833 1346 3192 1410 Methodium,
3237 1347 3330 1414 qui
3385 1361 3527 1400 non.

1920 1436 2092 1490 multo
2130 1445 2252 1501 post
2289 1437 2355 1491 ad
2398 1439 2591 1493 solium
2649 1440 2976 1508 patriarchae
3030 1446 3257 1494 evectus
3299 1445 3405 1500 est,
3435 1451 3498 1492 ac

1922 1526 2298 1599 Euthymium,
2332 1544 2398 1583 eo
2423 1538 2672 1600 tempore
2722 1529 2977 1584 Sardium
3003 1531 3318 1600 praesulem,
3348 1528 3499 1598 quod

1922 1635 2034 1674 sua:
2117 1621 2387 1674 voluntati
2445 1636 2554 1676 non
2611 1622 3046 1690 obsequerentur
3101 1636 3280 1690 neque
3325 1619 3502 1674 sacris

1921 1711 2257 1781 imaginibus
2319 1712 2505 1766 deberi
2577 1712 2844 1766 honorem
2922 1709 3502 1775 dilﬁterentur,.urbe

1922 1801 2100 1870 ejecit.
2129 1803 2195 1856 Et
2227 1803 2566 1857 Methodinm
2600 1802 2825 1873 quidem
2869 1803 2922 1858 in
2963 1804 3141 1858 insula
3171 1802 3376 1857 Acritaa
3443 1801 3498 1856 in

1923 1897 2228 1952 custodiam
2284 1895 2460 1960 dedit,
2487 1895 2708 1949 beatum
2761 1910 2891 1949 vero
2933 1894 3292 1965 Eutbyinium
3333 1907 3502 1964 opera

1923 1989 2017 2043 ﬁlii
2047 1989 2165 2058 ejus
2190 1988 2478 2058 Theophili
2510 1987 2695 2058 ﬂagris
2763 1989 3003 2042 necavit.
3054 1987 3330 2053 Quantum
3368 2000 3505 2042 vero

1921 2081 2122 2136 Christi
2149 2080 2484 2152 patrimonio
2501 2079 2832 2134 incommodi
2852 2079 3044 2141 dabat,
3074 2087 3290 2132 tantum
3306 2075 3502 2131 tributi

1922 2170 2289 2227 immunitatis
2310 2178 2364 2225 et
2396 2170 2666 2225 libertatis
2699 2169 3096 2225 donationibus
3123 2167 3340 2224 Judazos
3363 2168 3502 2223 sub-

1921 2263 2158 2328 levabat,
2189 2263 2478 2332 sibisnpra
2502 2260 2696 2316 omnes
2715 2262 2968 2316 homines
2987 2261 3240 2315 dilectos.
3309 2259 3506 2313 Exem-

1923 2357 1997 2427 pli
2033 2356 2155 2409 loco
2187 2354 2333 2424 quod
2367 2355 2674 2408 imitaretur
2708 2368 2771 2406 ac
2806 2368 2906 2423 pro
2945 2352 3169 2408 stimulo
3220 2353 3376 2421 quasi
3403 2351 3504 2404 ba-

1922 2448 2097 2512 beret,
2118 2448 2286 2500 vitam
2323 2446 2667 2516 Cepronymi
2698 2446 2802 2500 sibi
2826 2445 3144 2514 proposuit,
3180 2455 3509 2510 summoque

1921 2553 2038 2593 eam
2114 2537 2298 2592 studio
2364 2539 2657 2591 :emulatus
2732 2537 2796 2590 ad
2848 2551 3122 2590 summum
3205 2533 3508 2604 impietatis

1921 2631 2176 2700 perrexit.
2211 2629 2395 2699 Itaque
2435 2630 2596 2684 modo
2631 2629 2854 2684 Sabbati
2878 2627 3150 2698 jejunium
3182 2625 3505 2697 praecipere,

1922 2722 2083 2775 modo
2111 2722 2347 2788 linguam
2396 2731 2587 2774 contra
2641 2719 2856 2774 divinos
2886 2727 3039 2774 vates
3069 2732 3290 2782 acuere,
3341 2714 3511 2769 modo

1924 2812 2160 2867 futuram
2205 2813 2666 2866 resurrectionem
2717 2811 2936 2886 inﬁtiari
2979 2818 3034 2866 et
3069 2809 3212 2865 bona
3261 2823 3384 2877 (piae
3441 2821 3507 2861 ex

1925 2917 1990 2956 ea
2035 2903 2197 2956 nobis
2252 2903 2651 2971 promittuntur
2681 2901 2955 2965 deridere,
3002 2899 3168 2954 modo
3230 2897 3509 2953 diabolum

1927 2994 2096 3047 ullum
2130 3007 2251 3047 esse
2276 3007 2500 3062 negare,
2533 2992 2679 3061 quod
2704 2993 2840 3046 nihil
2867 2992 2934 3047 de
2963 3005 3030 3047 eo
3062 2991 3241 3045 Moses
3265 2988 3511 3044 tradide-

1923 3084 2013 3137 rit.
2058 3082 2202 3137 Idem
2234 3091 2289 3135 et
2305 3083 2673 3136 scortationes
2709 3082 2884 3149 magni
2918 3081 3063 3146 fecit,
3087 3088 3143 3134 et
3163 3079 3233 3134 de
3282 3079 3396 3132 Deo
3417 3077 3512 3146 qui

1925 3189 2088 3242 supra
2125 3175 2307 3229 omnia
2337 3183 2420 3228 est
2445 3175 2686 3243 jurando
2716 3175 2888 3240 legem
2922 3175 3068 3236 tulit,
3115 3181 3172 3228 et
3201 3173 3346 3227 inter
3373 3172 3509 3227 bea-

1929 3278 2014 3322 tos
2040 3266 2238 3321 Judam
2273 3267 2466 3322 eﬂreni
2518 3268 2699 3335 lingua
2769 3267 3097 3324 numeravit.
3157 3263 3326 3336 87E.
3367 3262 3510 3330 Quin

1928 3373 1982 3413 et
2005 3358 2219 3413 Pascha
2275 3359 2416 3414 male
2478 3367 2533 3414 et
2577 3359 2959 3428 intempestive
3019 3375 3050 3413 a
3094 3358 3257 3413 nobis
3314 3356 3512 3411 festum

1930 3450 2199 3505 celebrari
2232 3449 2392 3516 dixit,
2432 3457 2487 3504 et
2519 3449 2746 3505 omnino
2800 3458 3046 3505 nostram
3081 3463 3268 3504 rerum
3324 3460 3512 3502 sacra-

1926 3555 2048 3594 rum
2086 3539 2494 3595 institutionem
2530 3548 2590 3593 ut
2633 3538 3008 3594 Graecanicam
3052 3547 3138 3594 est
3187 3537 3515 3592 detestatus.

1929 3629 2321 3685 Litteraturam
2384 3644 2603 3700 quoque
2651 3631 2787 3684 adeo
2864 3640 2947 3684 est
2999 3635 3284 3684 aversatus
3335 3636 3398 3682 ut
3444 3641 3515 3681 ne

1929 3735 2128 3789 pueros
2164 3721 2392 3790 quidem
2424 3736 2486 3774 ea
2521 3722 2834 3791 permiserit
2859 3721 3091 3786 erudiri,
3125 3737 3194 3776 ne
3216 3721 3301 3776 vel
3332 3735 3515 3776 vaesa-

1928 3811 2035 3867 niae
2091 3813 2268 3881 ipsius
2317 3813 2681 3883 coarguendae
2736 3821 2903 3882 atque
2935 3813 3248 3868 refellenda:
3304 3812 3518 3867 instru-

1936 3914 2122 3958 menta
2159 3904 2253 3957 alii
2314 3904 2444 3959 inde
2498 3915 2775 3974 pararent,
2819 3906 2904 3959 vel
2971 3905 3264 3976 disciplina
3319 3904 3517 3974 adjuti,

1931 4010 2056 4049 cum
2091 3996 2376 4049 oculorum
2419 4011 2484 4050 ac
2514 3997 2712 4066 linguae
2738 3997 3030 4051 velocitate
3054 3998 3108 4050 in
3133 3995 3360 4066 legendo
3392 4000 3518 4049 ute-

1935 4096 2151 4149 rentur,
2205 4086 2310 4155 ipsi
2357 4087 2596 4157 palmam
2629 4088 2750 4157 ejus
2802 4088 2882 4142 rei
2933 4088 3312 4158 praeriperent.
3368 4085 3520 4139 Adeo

1931 4181 2076 4235 enim
2134 4180 2192 4234 in
2270 4181 2468 4235 litteris
2561 4179 2959 4250 componendis
3023 4179 3216 4233 tardus
3269 4185 3390 4233 erat
3465 4185 3522 4230 et

1933 4272 2156 4340 syllabis
2232 4273 2612 4337 conficiendis,
2681 4281 2742 4325 ut
2823 4273 3024 4327 librum
3103 4272 3244 4326 alius
3307 4268 3522 4323 facilius

1931 4361 2234 4431 perlegeret
2283 4377 2448 4432 quam
2510 4363 2631 4433 ipse
2690 4364 2777 4419 sui
2835 4365 3078 4419 nominis
3114 4361 3388 4418 elementa
3431 4355 3520 4413 re;

1942 4455 2215 4499 CCIISCI‘CL

246 4537 321 4590 τά
348 4537 634 4606 δευτερεῖα
675 4536 866 4589 τοῦτον
924 4535 1114 4604 φέρειν
1147 4532 1610 4600 καταναγκάσειε.
1645 4525 1911 4589 Τοσοῦτον
1942 4537 2052 4607 γὰρ
2074 4540 2234 4611 ήργει
2254 4539 2390 4610 πρὸς
2430 4539 2532 4610 τὴν
2594 4539 2741 4611 μῖξιν
2787 4540 2901 4594 τῶν
2972 4541 3322 4613 γραμμάτων
3378 4537 3522 4596 ἐκεῖ,

245 4649 337 4694 νος
369 4632 466 4684 καὶ
499 4629 598 4700 τὴν
629 4628 738 4682 τῶν
767 4625 1045 4680 συλλαϐῶν
1085 4627 1415 4695 ἀνάγνωσιν,
1449 4625 1525 4688 ὡς
1582 4625 1713 4695 ῥᾷον
1750 4625 1818 4678 ἀν
1842 4643 1927 4691 τις
1957 4627 2141 4699 διῆλθε
2183 4631 2390 4701 βιϐλίον
2412 4632 2446 4703 ἢ
2471 4633 2634 4696 αὐτὸς
2681 4635 2750 4704 τῇ
2790 4633 3087 4705 βραδυτῆτι
3149 4633 3244 4688 τοῦ
3317 4635 3410 4689 νοῦ
3452 4635 3523 4689 τά

245 4723 343 4778 τοῦ
371 4722 573 4775 οἰκείου
606 4721 847 4790 στσιχεῖα
875 4718 1162 4788 ὀνόματος.

329 4820 496 4876 Ἀ).λά
516 4817 690 4872 ταῦτα
731 4817 833 4883 μὲν
864 4815 1147 4886 παρείσθω
1178 4815 1252 4876 ὼς
1284 4813 1378 4868 καὶ
1406 4815 1588 4878 ἄλλοις
1616 4815 1824 4876 ἱκανῶς

2001 4813 2110 4869 Sed
2151 4811 2242 4866 his
2270 4811 2493 4868 omissis
2518 4827 2642 4882 quae
2697 4812 2754 4866 in
2791 4824 2914 4880 ejus
2967 4809 3326 4881 opprobrium
3377 4816 3510 4863 sunt

247 4911 720 4984 ἐστηλιτευμένα,
771 4910 806 4979 ἡ
838 4909 883 4961 δ’
927 4906 1143 4975 ἱστορία
1192 4905 1401 4975 ἑχέσθω
1447 4907 1555 4958 τῶν
1604 4904 1829 4974 ἐφεξῆς.

248 5007 410 5060 Κατά
432 5004 542 5073 γὰρ
586 5003 678 5055 τὸν
707 5000 900 5070 καιρὸν
957 4999 1148 5052 τοῦτον
1201 4998 1230 5049 ὁ
1285 4997 1554 5067 ἐμφύλιος
1596 4999 1835 5067 πόλεμος

247 5096 422 5166 ἀρχὴν
456 5094 695 5162 εἰληφὼς
724 5093 783 5158 ἐξ
839 5091 1118 5161 Ανατολῆς
1147 5090 1414 5144 παντοίων
1451 5091 1715 5158 ἐνέπλησε
1744 5091 1842 5161 τὴν

249 5189 585 5259 οἰκουμένην
615 5186 828 5249 κακῶν,
870 5183 1070 5254 φθόρον
1103 5185 1160 5238 δὲ
1193 5183 1361 5237 πολὺν
1387 5182 1496 5236 τῶν
1523 5183 1834 5252 ἀνθρώπων

249 5282 344 5334 καὶ
379 5281 528 5352 παρά
568 5279 730 5333 τοῦτο
779 5277 1128 5348 ὀλιγανδρίαν
1162 5276 1480 5348 εἰργάσατο.
1517 5276 1719 5346 Θωμᾶς
1764 5270 1834 5345 ἦν

1938 4906 2007 4960 ab
2036 4905 2157 4959 aliis
2182 4904 2316 4960 satis
2350 4903 2571 4972 copiose
2611 4904 2883 4974 exposita,
2914 4903 3201 4957 historiam
3262 4911 3517 4972 pertexa-

1943 5013 2063 5051 mus
2098 5011 2162 5051 ac
2192 4995 2397 5051 bellum
2421 4996 2582 5050 civile
2613 5008 2920 5059 narremus,
2959 4993 3103 5063 quod
3150 5008 3218 5048 eo
3276 5001 3520 5061 tempore

1945 5089 2002 5144 in
2026 5089 2251 5144 Oriente
2292 5095 2570 5150 exortum,
2601 5086 2783 5142 omnis
2844 5085 3068 5156 generis
3096 5086 3239 5140 mala
3263 5085 3382 5139 orbi
3404 5094 3521 5138 tcr-

1948 5196 2134 5236 rarum
2165 5180 2374 5244 intulit,
2419 5193 2728 5249 magnaque
2769 5178 3083 5233 mortalium
3145 5177 3521 5232 internecione

1943 5274 2088 5330 edita
2140 5274 2423 5330 hominum
2456 5273 2742 5343 penuriam
2807 5270 3012 5328 eﬂecit.
3076 5271 3343 5340 Princeps
3389 5267 3508 5336 ejus

1370 5411 1728 5466 XYLANDRI
1762 5409 1854 5469 ET
1881 5409 2092 5467 GOARI
2141 5408 2377 5467 ΝΟΤᾸΞ.

326 5532 760 5604 (65)'Gentilibus
798 5541 1003 5594 eorum,
1055 5530 1141 5585 vel
1173 5529 1289 5585 suis
1325 5526 1665 5604 gentilibus__:
1700 5542 1824 5604 natu

252 5597 343 5658 (ιε’
368 5597 571 5681 Iudaeis
621 5604 852 5674 intelligi
895 5618 1005 5657 non
1041 5615 1225 5672 posse,
1273 5597 1347 5654 ei
1371 5597 1728 5668 sequentibus
1764 5601 1828 5654 li-

251 5673 917 5811 .luftibjxl‘ntd’ropontide,
965 5741 1122 5811 juxta
1149 5738 1368 5794 Protem
1400 5739 1625 5811 dictam.
1649 5735 1820 5793 Goan.

331 5745 421 5809 (66
467 5745 524 5797 In
566 5745 917 5811 Propontide,
965 5745 1122 5811 juxta
1150 5745 1368 5794 Protem
1400 5745 1625 5794 dictam.
1649 5745 1820 5793 Goan.

327 5745 441 5883 (ετξ
475 5814 709 5869 Sabbato
729 5811 979 5883 j--junare
1009 5811 1160 5868 nefas
1194 5811 1369 5867 Graeci
1399 5810 1605 5865 ducunt
1632 5823 1696 5864 ex
1730 5825 1826 5863 ca-

1938 5543 2141 5584 nonum
2178 5526 2552 5595 apostolorum
2582 5521 2803 5595 nomine
2830 5512 3508 5595 evulgatorttm_6(}._Coan-

2010 5599 2122 5668 (68)
2150 5587 2264 5648 Hoc
2297 5597 2368 5649 ita
2405 5594 2670 5663 intelligo,
2710 5587 3119 5668 noluisseleutn
3157 5587 3514 5668 Christu‘tnein

1937 5652 2170 5722 formula
2193 5668 2491 5734 juramcnti
2511 5673 2564 5716 et
2584 5652 3136 5736 sanctosnOIninari,
3166 5655 3260 5710 sed
3287 5652 3520 5736 Iudaico

1939 5753 2088 5791 more
2113 5729 2428 5790 Creatorem
2463 5733 2650 5788 mundi
2687 5733 2942 5792 voluisse,
2961 5730 3054 5789 illo
3073 5729 3519 5792 circumscripto,

1931 5807 2125 5877 jurari.
2159 5806 2291 5859 XvL.
