4226 6444
305 435 357 457 ,‘l

265 462 358 493 εσυ]

1314 429 1856 490 1115ΤΟΒΙΑΠΗΜ
1898 429 2426 497 COMPENDIUM.

3413 450 3521 516 962

263 543 717 615 συμπεισθέντων
777 540 930 609 αύτῷ
990 537 1477 608 συστρατεύεσθαι.
1530 537 1587 592 Ὀ
1640 538 1826 607 Θωμᾶς

1947 541 2292 609 publicorum
2323 547 2664 602 tributorum
2697 550 3052 608 exactoribus
3088 551 3144 608 in
3171 566 3331 608 suam
3356 524 3518 611 reda-

259 641 372 703 γὰρ
401 637 450 687 εί
477 635 571 687 καὶ
596 633 685 686 τὸν
716 634 904 700 ἕτερον
936 630 1044 684 τῶν
1089 629 1266 682 ποδῶν
1295 626 1409 698 εἶχε
1439 630 1838 699 πεπηρωμένον

259 727 358 778 καὶ
392 726 452 775 τὸ
487 724 642 792 γένος
683 721 957 792 βάρϐαρος
981 717 1069 790 ἦν,
1097 722 1214 773 ἀλλ’
1245 718 1340 776 οῦν
1369 725 1436 790 τῇ
1467 737 1529 788 γε
1559 720 1721 790 πολιᾷ
1750 722 1837 771 al-

254 818 477 885 δέσιμος
541 815 836 885 ἐτύγχανεν
885 812 962 866 ῶν
1017 813 1116 867 καὶ
1161 815 1224 867 τὸ
1274 815 1685 885 εὐπροσήγορον
1740 813 1835 864 καὶ

257 914 475 966 ἀστεῖον
504 905 672 979 εἶχεν,
718 909 861 977 ἆπερ
903 907 1052 976 φιλεῖ
1079 908 1108 960 ό
1137 907 1477 976 στρατιώτης
1513 905 1662 968 λαὸς,
1702 903 1836 957 ἀλλὰ

256 1009 350 1057 καὶ
391 1002 503 1054 τῶν
535 1000 678 1053 κατὰ
711 1000 1070 1067 γενναιότητα
1105 996 1355 1067 σώματος
1393 996 1453 1050 ιΞ.
1503 1014 1646 1058 τινος
1675 996 1834 1063 ἐφαί-

254 1110 377 1146 νετο
405 1093 675 1161 δεύτερος.
703 1085 871 1144 Οὗτος
904 1091 1127 1143 τοίνυνό
1156 1091 1356 1158 Θωμᾶς
1388 1091 1567 1142 πᾶσαν
1586 1089 1682 1158 τὴν
1719 1088 1832 1139 Ἕω

254 1185 612 1258 παραλαϐὼν,
659 1184 754 1236 καὶ
790 1184 916 1244 τοὺς
954 1181 1061 1234 τῶν
1086 1183 1358 1250 δημοσῖων
1385 1182 1698 1251 πράκτορας
1734 1181 1831 1246 φό-

257 1293 366 1349 ρων
423 1276 513 1342 ὑφ’
553 1275 744 1328 ἑαυτὸν
797 1274 1187 1344 ποιησάμενος,
1230 1275 1324 1325 καὶ
1379 1274 1830 1347 μεγαλοφροσύνῃ

252 1371 348 1421 καὶ
397 1368 636 1421 ἐπιδόσει
692 1369 840 1436 ἄκρα
896 1367 1262 1436 χρησάμενος,
1299 1366 1465 1428 πολὺς
1511 1369 1574 1419 ὲκ
1631 1368 1829 1438 μικροῦ

252 1462 449 1529 γέγονε
485 1463 578 1512 καὶ
607 1460 666 1525 ἐξ
700 1458 961 1520 ἀσθενοῦς
995 1459 1232 1528 ἰσχυρός·
1259 1458 1384 1519 τοὺς
1443 1460 1542 1528 μὲν
1579 1459 1689 1529 γὰρ
1726 1457 1826 1530 ἦγε

252 1555 437 1607 πειθοῖ
472 1554 563 1606 καὶ
608 1553 781 1620 φιλίᾳ,
811 1551 1028 1613 ὁπόσοις
1061 1551 1089 1601 ὁ
1127 1550 1236 1602 τῶν
1261 1550 1460 1604 καινῶν
1490 1554 1830 1620 πραγμάτων

251 1649 349 1697 καὶ
378 1643 474 1696 τοῦ
507 1643 885 1712 φιλοπλουτεῖν
920 1641 1059 1711 ἔρως
1086 1642 1233 1709 ἐνῆν,
1257 1641 1382 1702 τοὺς
1413 1641 1469 1692 δὲ
1497 1643 1710 1712 ἀνάγκῃ
1738 1645 1830 1712 καὶ

251 1734 345 1803 βία
387 1735 652 1802 ὑπήγετο,
689 1733 834 1793 ὅσοις
886 1732 952 1800 δὴ
984 1733 1053 1783 τὰ
1095 1732 1201 1784 τῶν
1251 1731 1532 1800 ἐμφυλίων
1588 1735 1830 1785 στάσεων

249 1823 399 1876 κακά
429 1825 690 1891 ἐμισεῖτο.
736 1821 1016 1874 Ἐντεῦθεν
1044 1822 1094 1873 οἱ
1117 1822 1374 1891 ἐμφύλιοι
1410 1824 1828 1894 ἀναρρηγνύμε-

248 1935 328 1972 νοι
379 1918 628 1986 πόλεμοι,
680 1917 775 1969 καὶ
808 1909 919 1968 οἷόν
957 1932 1104 1977 τινες
1157 1915 1405 1981 ποταμοῦ
1446 1917 1825 1986 καταρράκται

249 2011 564 2081 φερόμενοι,
597 2010 696 2079 ούχ
731 2008 942 2068 ὕδασιν,
996 2007 1111 2061 ἀλλ’
1141 2007 1333 2076 αἵμασι
1379 2009 1476 2077 τὴν
1537 2011 1640 2078 γῆν
1693 2027 1825 2062 κατ-

247 2104 496 2166 έκλυζον.
532 2104 688 2155 Πᾶσα
720 2103 819 2170 μὲν
858 2097 1002 2170 οῦνὴ
1032 2100 1184 2153 Ἀσία
1218 2101 1562 2172 πορθουμένη
1591 2103 1683 2156 καὶ
1712 2104 1826 2175 ληϊ-

247 2196 456 2266 ζομένη
488 2194 844 2258 ὲδυσθανάτα,
875 2193 984 2244 τῶν
1025 2194 1083 2244 ἐν
1137 2194 1274 2262 αὐτῇ
1328 2194 1538 2247 πόλεων
1583 2196 1692 2248 τῶν
1726 2197 1825 2264 μὲν

247 2288 689 2358 προστιθεμένων
718 2286 796 2354 τῷ
826 2286 997 2354 Θωμᾷ
1018 2285 1106 2337 διὰ
1137 2284 1226 2337 τὸν
1259 2284 1444 2352 φόϐον,
1483 2287 1592 2338 τῶν
1619 2287 1666 2339 δ’
1703 2288 1827 2340 ὅσαι

245 2384 315 2437 τὰ
349 2379 520 2432 πιστὰ
556 2379 635 2447 τῷ
661 2377 954 2449 κρατοῦντι
989 2377 1219 2446 ἐτήρουν
1248 2376 1696 2445 λεηλατουμένων
1732 2381 1826 2432 καὶ

243 2470 807 2542 ἀνδραποδιζομένων.
847 2469 955 2521 Καὶ
1003 2467 1070 2519 τὰ
1101 2467 1200 2535 μὲν
1246 2467 1344 2535 τῆς
1392 2469 1576 2531 Ἀσιας
1613 2471 1825 2523 ἅπαντα

246 2567 466 2635 ὑπήκοα
497 2565 685 2630 γέγονε
717 2562 793 2631 τῷ
824 2562 1127 2630 ἀποστάτῃ,
1169 2560 1502 2630 ὲξῃρημένου
1533 2562 1626 2615 τοῦ
1655 2563 1825 2632 θέμα-

243 2675 337 2720 eo;
359 2655 458 2709 τοῦ
484 2655 736 2724 Ὀψικίου
763 2653 1098 2722 (τούτουογὰρ
1114 2653 1430 2723 στρατηγῶν
1447 2653 1474 2702 ό
1497 2653 1826 2723 Κατάκηλας

242 2748 564 2818 διετήρησεν
602 2744 730 2813 ἄχρι
759 2743 945 2804 τέλους
977 2739 1054 2810 τῷ
1120 2739 1335 2808 βασιλεῖ
1368 2737 1626 2808 εὔνοιαν),
1663 2741 1741 2792 ἔτι
1770 2740 1826 2791 δὲ

242 2843 341 2896 καὶ
373 2840 467 2894 τοῦ
493 2839 601 2892 τῶν
616 2835 1012 2908 Ἀρμενιακῶν·
1042 2835 1138 2886 καὶ
1169 2833 1358 2885 τούτου
1378 2833 1486 2900 γὰρ
1519 2833 1822 2901 στρατηγὸς

251 2935 330 2987 ῶν
371 2930 692 2992 ὁὈλὸιανὸς
724 2928 940 2981 εὖνοιαν
970 2926 1207 2994 ἐτήρησε
1227 2923 1303 2992 τῷ
1327 2923 1554 2992 βασιλεῖ.
1585 2917 1825 2975 Οἷστισιν

241 3023 537 3091 ἀπονέμων
569 3020 805 3091 ἀμοιϐὰς
835 3020 864 3071 ὁ
899 3018 1149 3088 βασιλεὺς
1202 3017 1264 3068 τὸ
1313 3017 1391 3077 εἰς
1446 3015 1504 3068 το
1552 3015 1826 3084 βασιλικὸν

242 3122 499 3188 ταμιεῖον
558 3116 914 3182 εἰσαγόμενον
965 3110 1225 3179 δημόσιον
1263 3110 1440 3170 τέλος,
1487 3109 1516 3160 ὃ
1561 3110 1826 3161 καπνικὸν

1941 636 2045 682 ctis
2068 641 2419 700 potestatem,
2457 637 2625 691 animi
2658 641 3037 708 magnitudine
3063 643 3231 714 B77
3269 653 3326 700 et
3351 647 3516 702 rebus

1939 722 2367 780 secundissimis
2399 743 2556 794 usus,
2593 744 2825 800 magnus
2859 731 2930 786 de
2983 748 3152 801 parvo
3206 735 3384 805 deque
3413 738 3517 791 im-

1936 813 2138 868 becillo
2178 825 2376 884 potens
2410 817 2588 876 factus
2618 835 2723 887 est,
2760 824 2901 882 alios
2943 827 3133 881 favore
3162 828 3269 883 sibi
3307 839 3358 883 et
3390 846 3515 899 per-

1937 907 2224 962 Suadendo
2252 909 2584 980 adjnngeus,
2616 929 2752 982 quos
2784 931 2969 970 rerum
2987 933 3250 972 novarum
3273 929 3326 973 et
3345 937 3510 990 opum

1935 998 2212 1065 cupiditas
2248 1001 2298 1054 ei
2319 1003 2674 1070 conciliabat,
2706 1007 2848 1062 alios
2884 1009 2932 1062 vi
2963 1009 3252 1080 subigens,
3297 1013 3503 1080 quibus

1935 1090 2178 1144 civilium
2212 1093 2478 1148 bellorum
2518 1097 2661 1149 mala
2696 1113 2863 1153 exosa
2894 1113 3073 1157 erant.
3118 1105 3196 1160 Eo
3241 1105 3400 1161 initio
3430 1109 3509 1161 ci-

1935 1184 2062 1238 vilia
2106 1185 2248 1238 bella
2300 1203 2532 1255 erupere
2569 1200 2624 1244 et
2670 1194 2833 1259 quasi
2893 1193 3135 1252 ﬂuminis
3201 1197 3510 1270 praccipites

1933 1275 2200 1330 decursus
2235 1279 2481 1341 ruentia,
2515 1295 2622 1333 non
2674 1297 2816 1351 aqua
2875 1285 2971 1338 sed
3021 1289 3289 1354 sanguine
3330 1301 3509 1346 terras

1935 1367 2369 1422 inundaverunt.
2412 1370 2545 1424 Tota
2576 1371 2704 1428 Asia
2743 1377 3154 1432 vastationibus
3179 1394 3244 1433 ae
3287 1381 3504 1450 deprae-

1933 1459 2248 1516 datiouibus
2278 1466 2476 1517 misere
2499 1465 2862 1535 allligebtttur,
2883 1470 3111 1524 urbibus
3133 1471 3257 1526 aliis
3285 1473 3506 1528 Thomm

1933 1567 1991 1605 se
2015 1555 2085 1606 ob
2119 1563 2324 1608 metum
2358 1557 2808 1625 adjungentibus.
2851 1563 2975 1617 aliis
3003 1564 3150 1631 quod
3193 1564 3352 1618 ﬁdem
3397 1566 3503 1623 im-

1934 1646 2174 1711 peralmi
2232 1659 2520 1701 servarent
2573 1649 2803 1718 direptis
2861 1661 3026 1719 atque
3074 1653 3130 1706 in
3179 1655 3502 1709 servitutem

1933 1737 2094 1790 actis.
2134 1737 2348 1793 Potitus
2378 1751 2462 1793 est
2497 1750 2692 1794 auctor
2722 1743 3040 1798 rebellionis
3070 1753 3183 1797 tota
3218 1747 3370 1808 Asia,
3411 1760 3502 1801 so-

1933 1827 2002 1880 lis
2032 1827 2345 1896 Opsicianis
2401 1838 2455 1884 et
2479 1831 2819 1888 Artneuiacis
2848 1835 3106 1902 demptis,
3140 1849 3373 1904 quorum
3413 1837 3503 1891 bis

1933 1919 2225 1983 Olbiauus,
2262 1921 2370 1975 illis
2405 1922 2689 1976 Catacelas
2715 1924 2952 1992 praefecti
2985 1925 3053 1979 ad
3087 1937 3392 1982 extremum
3413 1943 3505 1982 us-

1927 2026 2034 2079 que
2076 2011 2129 2063 in
2173 2011 2280 2066 fide
2337 2013 2689 2082 imperatoris
2720 2017 3502 2087 perseveraverunt.1dcoque

1928 2100 2229 2168 imperator
2253 2100 2556 2157 referenda:
2587 2106 2781 2173 gratia:
2813 2120 2980 2159 causa
3012 2107 3285 2174 publicum
3332 2109 3502 2162 vecti-

1928 2191 2036 2260 gal,
2065 2191 2210 2258 quod
2242 2190 2559 2246 Fumarium
2598 2195 2799 2249 dicitur
2830 2204 2885 2250 et
2923 2196 2979 2249 in
3007 2197 3263 2250 aerarium
3297 2199 3502 2266 princi—

1930 2283 2014 2352 pis
2041 2285 2228 2337 iulerri
2256 2285 2487 2349 solebat,
2521 2287 2588 2340 iis
2625 2287 2771 2342 dono
2798 2288 2966 2342 dedit.
2998 2288 3220 2344 Interim
3265 2291 3500 2359 Agareni

1929 2375 2070 2428 bello
2099 2377 2246 2428 civili
2280 2377 2654 2430 Romanorum
2688 2379 2907 2448 cognito
2945 2381 3149 2448 gaudio
3199 2383 3499 2442 exsultare,

1927 2481 2163 2536 eamque
2207 2469 2554 2522 occasionem
2586 2486 2740 2523 suam
2773 2471 2977 2535 facere,
3011 2482 3065 2526 et
3090 2485 3288 2529 omnes
3333 2474 3504 2542 regio-

1928 2574 2028 2613 nes
2067 2574 2264 2614 secure
2290 2560 2705 2618 incursionibus
2738 2563 3021 2628 infestare,
3061 2565 3221 2619 obvia
3267 2577 3502 2635 quaeque

1928 2649 2231 2718 dr-prwdari
2265 2661 2318 2705 et
2345 2664 2559 2720 capere.
2597 2652 2785 2722 Itaque
2819 2663 3066 2707 metuens
3101 2653 3344 2712 Thomas
3374 2672 3442 2711 ne
3467 2671 3500 2710 α

1929 2741 2044 2796 suis
2072 2752 2214 2796 metu
2238 2741 2474 2810 impetus
2498 2745 2868 2811 Agarenornm
2898 2745 3104 2800 territis
3130 2745 3498 2815 desereretm,

1927 2834 2230 2901 reprimere
2254 2848 2375 2898 eos,
2421 2836 2600 2903 iisque
2633 2852 2754 2889 cum
2786 2836 2956 2905 878
2984 2838 3148 2893 tantis
3176 2839 3292 2894 suis
3318 2841 3500 2908 copiis

1929 2927 2366 2990 superveniendo
2401 2936 2607 2982 terrere
2639 2930 2817 2997 adque
2842 2945 3028 2997 pacein
3057 2931 3497 3000 componendam

1928 3015 2148 3084 adigere
2201 3017 2460 3070 intendit.
2506 3020 2680 3085 Atque
2730 3017 2784 3070 id
2837 3019 3132 3072 consilium
3189 3024 3496 3076 sucmssit:

1927 3107 2115 3160 subito
2159 3107 2306 3160 enim
2340 3109 2738 3176 superveniens
2779 3107 3045 3176 Agat-etiis
3078 3108 3354 3166 Orientem
3400 3126 3500 3181 ρος

242 3213 434 3266 καλεῖν
492 3208 768 3271 εἰώθασιν,
823 3203 1158 3272 ἐδωρήσατο.
1193 3201 1539 3254 Μανθάνουσι
1608 3201 1666 3252 δὲ
1709 3203 1822 3262 τοῖς

1929 3197 2244 3262 pulantibus
2275 3214 2371 3252 eos
2400 3200 2616 3258 terruit.
2649 3199 2946 3269 habitoque
2985 3201 3260 3269 colloquio
3309 3217 3496 3270 pacem

256 3303 577 3372 ’Δγαρηνοῐς
611 3297 709 3369 τὴν
758 3295 1022 3365 ἐμφύλιον
1053 3293 1244 3345 στάσιν
1278 3298 1492 3362 χαίρειν
1535 3292 1694 3362 ἐπῄει
1725 3293 1818 3344 καὶ

244 3395 497 3464 σκιρτᾷν·
548 3388 745 3460 καιροῦ
803 3389 912 3455 γὰρ
952 3384 1243 3454 λαϐόμενοι
1291 3387 1470 3437 πᾶσαν
1520 3384 1684 3451 νῆσον
1727 3385 1819 3435 καὶ

240 3483 428 3553 χώραν
462 3479 790 3547 κατέτρεχον
820 3475 1008 3537 ἀδεῶς.
1043 3475 1129 3546 [Ρ.
1161 3472 1494 3542 501]Δείσας
1523 3470 1615 3525 οὖν
1638 3476 1665 3524 ὁ
1703 3474 1821 3525 Θω-

246 3575 354 3644 μᾶς
387 3572 476 3634 ὡς
509 3571 583 3639 μὴ
611 3566 938 3636 πτοηθέντες
973 3567 1020 3618 οί
1057 3566 1157 3616 σὺν
1183 3563 1332 3634 αύτῷ
1364 3565 1694 3633 στρατιῶται
1721 3563 1820 3633 τὴν

241 3667 353 3720 τῶν
401 3663 716 3732 Ἀγαρηνῶν
746 3661 954 3729 ἔφοδον,
981 3659 1150 3723 λείαν,
1176 3657 1251 3718 ὼς
1290 3656 1527 3725 εἴρηται,
1561 3658 1821 3725 ποιουμέν-

242 3775 350 3810 νων
404 3755 582 3808 πάντα
630 3754 697 3806 τὰ
747 3755 806 3805 ὲν
842 3752 969 3804 ποσὶ
1035 3752 1127 3802 καὶ
1183 3749 1691 3818 αίχμαλωτιζόντων
1751 3751 1818 3802 τὰ

244 3845 653 3915 προστυχόντα,
694 3840 1083 3901 καταλιπόντες
1118 3839 1282 3893 αὑτὸν
1321 3841 1667 3907 οἰχήσονται,
1704 3841 1820 3893 δέον

241 3936 477 4006 ἐγνώκει
498 3937 634 3996 τέως
669 3933 1014 4002 ἀναχαυτίσαι
1047 3934 1146 4001 τὴν
1189 3931 1368 3983 αὐτῶν
1400 3931 1576 3999 ὁρμὴν
1609 3930 1676 3982 δι’
1701 3935 1821 3983 επι-

242 4031 474 4101 φανείας
513 4027 701 4090 αὐτοῦ,
736 4026 830 4077 καὶ
863 4023 940 4094 τῷ
979 4022 1175 4091 πλήθει
1208 4023 1316 4074 τῶν
1354 4023 1633 4090 ἑπομένων
1661 4023 1818 4076 δυνά-

246 4140 396 4194 μεων
427 4118 696 4187 ἐκπλῆξαι
731 4133 790 4169 τε
825 4118 920 4169 καὶ
958 4115 1092 4185 πρὸς
1133 4116 1361 4183 εἰρήνην
1406 4115 1603 4175 αὐτοὺς
1649 4115 1817 4165 ὲκκαο

241 4213 526 4269 λέσασθαι.
563 4213 628 4263 Ὃ
659 4211 754 4262 καὶ
787 4208 1007 4277 συνέϐη·
1040 4207 1164 4276 ἄρτι
1202 4205 1311 4275 γὰρ
1342 4208 1453 4268 τοῖς
1484 4207 1819 4274 Σαρακηνοίς

241 4307 340 4376 τὴν
368 4305 486 4358 Ἕω
512 4300 854 4374 ληϊζομένοις
884 4299 1147 4366 αἰφνίδιος
1196 4297 1481 4365 ἐπιφανεὶς
1527 4296 1719 4364 ὲξέπλη
1729 4300 1783 4361 ξε
1801 4338 1814 4362 ,

242 4399 342 4451 καὶ
372 4396 454 4457 εις
476 4394 668 4460 λόγους
707 4390 878 4443 ἐλθὼν
922 4389 1214 4440 ἐσπείσατο
1235 4427 1249 4451 ,
1282 4388 1651 4456 ὑποσχόμενος
1683 4403 1818 4457 προ-

240 4487 426 4542 δοῦναι
455 4484 664 4546 τούτοις
721 4481 789 4535 τὰ
830 4480 1115 4548 Ῥωμαίων
1152 4480 1296 4549 ὅρια,
1349 4484 1445 4531 καὶ
1490 4480 1586 4549 τὴν
1640 4480 1818 4531 αὐτῶν

1931 3289 2154 3357 pepigit,
2198 3289 2473 3356 pollicitus
2510 3305 2567 3342 se
2603 3289 2736 3343 lines
2775 3288 3154 3346 Romanorum
3202 3294 3496 3362 ipsism-

1927 3379 2170 3430 diturum
2212 3380 2613 3448 imperiumque
2653 3380 2962 3434 Romanum
3026 3384 3161 3452 ipsis
3217 3386 3499 3454 subjectu-

1926 3481 2071 3520 rum.
2098 3465 2335 3520 Proinde
2361 3479 2506 3521 metu
2542 3467 2921 3537 Agarenorum
2953 3473 3217 3527 liberatus
3261 3475 3493 3543 impera-

1926 3560 2065 3612 toris
2119 3573 2318 3613 nomen
2369 3559 2472 3613 sibi
2506 3561 2805 3629 arrugavit,
2871 3563 3120 3616 diadema
3181 3579 3280 3618 suo
3328 3566 3494 3635 capiti

1927 3650 2206 3719 imposuit,
2240 3662 2432 3720 estque
2473 3653 2778 3706 Antiochiae
2823 3655 2892 3707 ab
2921 3653 3041 3720 ejus
3093 3660 3350 3724 temporis
3401 3672 3496 3726 pa-

1929 3753 2078 3796 store
2111 3741 2367 3797 Ecclesia:
2401 3742 2752 3797 Antiochense
2791 3741 2932 3798 Jobo
2985 3746 3280 3812 imperator
3313 3747 3495 3802 decla-

1927 3845 2100 3888 ratus.
2138 3832 2358 3887 Manum
2405 3849 2569 3902 porto
2629 3834 2864 3887 militum
2916 3837 3150 3889 validam
3206 3851 3334 3892 cum
3379 3840 3496 3909 ipse

1925 3927 2104 3993 coegit
2135 3934 2250 3978 tum
2272 3925 2340 3979 ab
2356 3925 2620 3994 Agarenis
2645 3926 2874 3992 accepit,
2897 3941 3005 3980 non
3023 3943 3089 3982 ex
3111 3930 3315 3985 nostris
3337 3933 3496 3985 modo

1926 4017 2118 4069 vicinis
2144 4019 2451 4079 collectam,
2476 4018 2570 4072 sed
2603 4021 2767 4072 etiam
2795 4034 2857 4073 ex
2891 4020 3302 4085 remotioribus.
3335 4022 3498 4092 Egy-

1928 4113 2077 4180 ptiis,
2112 4112 2283 4177 ludis,
2328 4112 2529 4179 Persis,
2561 4115 2819 4183 Assyriis.
2855 4114 3155 4180 Armeniis,
3197 4117 3493 4184 Chaldaeis,

1931 4203 2123 4265 lberis,
2153 4203 2365 4269 Zicbis,
2390 4204 2628 4258 Cabiris.
2652 4203 2747 4259 llis
2773 4206 3031 4260 omnibus
3057 4206 3300 4262 munitus
3332 4219 3497 4277 atque

1927 4296 2160 4361 stipatus
2185 4294 2682 4362 optimumlactum
2715 4297 3054 4350 existimavit
3077 4312 3202 4350 eum
3244 4299 3299 4354 in
3326 4299 3495 4356 lilium

1925 4390 2245 4454 adoptatum
2278 4387 2488 4455 imperii
2527 4389 2737 4442 socium
2778 4388 3198 4457 adjutoremque
3223 4392 3496 4447 asciscere

1926 4489 2205 4533 ctnomen
2259 4491 2490 4535 mutare.
2541 4481 2672 4536 lude
2731 4481 3009 4551 profectus
3066 4491 3244 4538 totum
3291 4484 3500 4540 ferebat

242 4579 427 4638 αὐτοῖς
453 4575 765 4645 ὑποχείριον
797 4571 984 4624 θέσθαι
1013 4571 1210 4639 ἀρχήν.
1250 4570 1610 4637 Ἀπαλλαγεὶς
1639 4572 1695 4622 δὲ
1729 4571 1821 4622 τοῦ

1927 4573 2234 4641 agebatque
2291 4570 2589 4627 Orientem.
2650 4573 2950 4643 Imperator
2993 4574 3080 4628 bis
3136 4577 3390 4644 cognitis,
3437 4592 3498 4631 se

243 4669 354 4723 ἀπὸ
377 4668 588 4720 τούτων
620 4667 774 4727 δέους
816 4663 1040 4733 βασιλέα
1065 4662 1258 4714 ἑαυτὸν
1287 4663 1474 4714 ἀνεῖπε
1510 4663 1602 4712 καὶ
1637 4663 1820 4733 διάδη-

246 4778 327 4832 μα
357 4763 425 4830 τῇ
455 4759 664 4827 κεφαλῇ
692 4756 997 4824 περιέθετο,
1024 4755 1115 4808 καὶ
1142 4754 1498 4822 αὐτοκράτωρ
1523 4755 1581 4805 ἐν
1625 4755 1677 4805 ’Λ
1689 4772 1821 4806 ντιο-

243 4851 372 4922 χείᾳ
415 4846 814 4917 ἀναγορεύεται
858 4847 1010 4914 παρὰ
1050 4843 1144 4896 τοῦ
1176 4843 1479 4911 τηνικαῦτα
1510 4844 1607 4912 τὴν
1642 4847 1818 4897 ἐκεῖσε

244 4939 630 5011 ποιμαίνοντος
660 4937 991 5005 Ἐκκλησίαν
1034 4935 1174 4988 Ίὼὃ.
1212 4936 1388 5002 Χεῖρα
1409 4935 1465 4987 δὲ
1494 4934 1691 5004 πολλὴν
1722 4936 1818 4988 αύ-

242 5033 336 5096 τός
359 5048 423 5084 τε
464 5029 715 5098 συλλέγει
745 5029 836 5082 καὶ
873 5025 1025 5096 παρὰ
1057 5025 1165 5078 τῶν
1187 5025 1505 5094 Ἀγαρηνῶν
1532 5025 1813 5094 λαμϐάνει,

242 5127 307 5180 ού
357 5123 519 5195 μόνον
548 5122 604 5175 δὲ
648 5121 756 5174 τῶν
797 5119 1103 5191 προσοίκων
1137 5118 1447 5186 ὴμῖν,ἁλλὰ
1471 5118 1565 5170 καὶ
1607 5118 1713 5169 τῶν
1762 5120 1824 5170 ἐκ

244 5217 347 5287 τῆς
369 5215 601 5286 περαίας
629 5213 965 5279 Αἰγυπτίων,
998 5209 1197 5274 Ἰνδῶν,
1221 5209 1466 5278 Περσῶν,
1501 5208 1821 5279 Ἀσσυρίων,

245 5307 574 5380 ’Δρμενίων,
601 5303 905 5364 Χαλδαίων,
941 5301 1190 5370 Ἰϐήρων,
1226 5301 1435 5368 Ζικχῶν
1453 5299 1563 5368 (70)
1592 5302 1686 5351 καὶ
1709 5301 1824 5351 Κα-

244 5397 431 5470 σήρων
460 5394 594 5464 (7t).
629 5392 853 5454 Τούτοις
882 5390 1055 5444 ἅπασι
1085 5388 1486 5458 κατοχυρωθεὶς
1513 5390 1604 5440 καὶ
1635 5389 1825 5440 ἑαυτὸν

1928 4677 2144 4732 quoque
2164 4663 2230 4716 ad
2254 4664 2620 4718 resistendum
2651 4663 2794 4718 bello
2817 4665 3050 4732 paravit,
3076 4665 3376 4734 copiasque
3399 4681 3496 4719 ne-

1926 4766 2202 4820 quaquam
2233 4752 2519 4805 certamini
2558 4767 2714 4817 pares
2747 4767 2871 4807 cum
2894 4752 3039 4807 duce
3079 4754 3299 4820 emisit;
3355 4771 3495 4824 quas

1926 4859 2258 4914 congressus
2288 4844 2475 4912 praelia
2494 4842 2733 4901 Thomas
2759 4845 2977 4913 penitus
3007 4844 3314 4914 dissipavit,
3341 4855 3494 4915 parte

1924 4936 2127 5001 occisa,
2152 4943 2302 5004 parte
2337 4934 2390 4986 in
2412 4933 2591 5004 fugam
2632 4934 2900 5002 conjecta.
2929 4934 3056 4988 Post
3084 4935 3199 4988 htec
3217 4934 3491 4990 licentiam

1924 5036 2118 5079 nactus
2152 5041 2281 5079 suas
2313 5025 2551 5079 validius
2579 5023 2940 5088 confirmavit,
2965 5039 3138 5080 naves
3169 5027 3236 5078 ad
3257 5041 3490 5096 pugnam

1923 5115 2170 5182 aliasque
2227 5113 2506 5168 frumento
2559 5124 2614 5168 et
2658 5115 2815 5182 cquis
2857 5112 3123 5167 vehendis
3167 5124 3323 5182 aptas
3358 5129 3492 5167 cou-

1925 5216 2168 5262 struens.
2199 5204 2343 5271 Quin
2393 5213 2447 5259 et
2485 5203 2893 5272 imperatoriam
2929 5203 3098 5272 879
3147 5204 3382 5258 classem
3440 5204 3490 5253 in

1925 5311 2078 5352 suam
2107 5306 2428 5366 potesmtcm
2468 5295 2697 5364 redegit,
2727 5309 3023 5362 omnesque
3059 5308 3228 5351 naves
3255 5293 3321 5347 ad
3361 5291 3491 5346 Les-

1926 5390 2054 5443 bum
2080 5390 2448 5458 congregavit.
2488 5387 2693 5442 Deinde
2739 5401 2863 5440 cum
2900 5388 3178 5454 octoginta
3210 5383 3492 5439 hominum
3543 5465 3551 5470 _

1395 5525 1749 5581 XYLANDRI
1789 5528 1875 5582 ET
1909 5529 2118 5586 GOARI
2145 5529 2376 5586 ΝΟΤᾸΞ.

317 5653 435 5722 (‘10)
464 5647 1234 5722 lnterpSarmatasﬁgalicos
1271 5647 1512 5722 Ξίγχους
1563 5654 1813 5722 numerat

245 5716 574 5777 Ptolemaeus
603 5720 802 5787 Geogr.
841 5721 894 5782 5,
931 5719 986 5772 9.
1019 5719 1231 5777 Russis,
1262 5716 1522 5787 Chasaris
1553 5725 1606 5768 et
1638 5717 1817 5769 Patzi-

242 5793 477 5846 nacibus
534 5785 910 5845 Chersonesus
960 5789 1187 5841 vicinos
1232 5789 1374 5842 locat
1421 5785 1816 5844 Constantinus

237 5877 287 5918 c.
327 5861 382 5930 6,
414 5875 616 5932 eosque
639 5862 832 5930 Ζίχους
868 5865 1044 5915 vocat.
1077 5857 1248 5912 Goan.

1997 5650 2106 5718 (71)
2132 5648 2240 5706 llos
2278 5648 2494 5718 Scythis
2520 5647 2767 5718 adjnngit
2819 5644 3128 5713 Stephanus
3161 5647 3493 5718 cnstanter-i-

1927 5707 2250 5776 tia'Eu'doxi.
2282 5707 2525 5774 Cabaros
2553 5707 3122 5774 vecaitlonstantiuus
3147 5726 3196 5766 c.
3230 5709 3297 5763 39
3320 5716 3374 5761 et
3397 5707 3468 5759 40

1924 5789 2098 5845 Gesn.
