4226 6444
773 404 879 470 963

2062 397 2384 461 GEORGII
2419 395 2751 457 CEDRENI

3919 403 4023 469 961

775 517 1026 572 millibus
1068 513 1312 585 Abydum
1340 512 1514 582 petiit,
1544 512 1667 566 inde
1699 513 2051 581 trajecturus,
2073 513 2124 566 in
2158 513 2348 566 itinere
2377 516 2420 570 Α

2377 516 2420 570 Α
2450 506 2794 577 περιφράξας
2835 506 3055 574 ἄριστον
3090 507 3338 578 ἐνόμισεν
3371 503 3510 562 εἶναι
3561 513 3654 564 καὶ
3703 511 3899 582 βοηθὸν
3928 516 4025 568 καὶ

773 611 955 664 omnia
984 609 1294 678 p0pulatus,
1336 606 1502 676 inque
1531 608 1768 659 cinerem
1817 606 2052 660 redactis
2097 621 2205 659 non
2242 607 2343 658 hu-

775 702 1000 755 milibus
1031 699 1193 753 modo
1223 708 1278 753 et
1304 707 1463 767 captu
1497 697 1770 761 facilibus,
1804 698 1896 751 sed
1921 706 1975 751 et
2000 699 2122 751 loco
2137 699 2343 765 optimo

772 792 894 843 sitis
920 804 982 842 ac
1011 799 1322 858 expugnatu
1353 789 1690 847 difﬁcillimis
1731 792 1948 846 castris.
1988 792 2117 845 Erat
2170 791 2344 861 quod-

771 881 894 934 dam
941 883 1225 935 castellum
1270 884 1541 938 munitum
1577 885 1679 938 loci
1718 897 1935 948 natura,
1976 887 2118 953 quod
2167 885 2342 952 impe-

771 972 937 1024 ratori
970 971 1130 1024 ﬁdem
1165 972 1438 1026 servabat.
1462 973 1541 1027 Ad
1569 973 1671 1026 hoc
1701 974 2022 1043 capiendum
2053 975 2341 1043 adoptivus

770 1061 861 1114 ille
887 1060 1029 1114 filius
1060 1060 1282 1115 Thmna‘.
1317 1076 1346 1114 a
1377 1070 1530 1130 patre
1564 1063 1797 1129 missus,
1829 1064 1957 1118 dum
1988 1066 2257 1120 audacius
2288 1075 2342 1120 et

769 1152 922 1206 nullo
954 1167 1179 1206 suorum
1237 1154 1508 1208 instructo
1561 1155 1755 1210 ordine
1803 1160 2031 1226 equitat,
2089 1159 2342 1214 hostibus

772 1244 984 1296 nudum
1044 1245 1327 1297 castellum
1395 1244 1673 1314 opinatus,
1737 1248 1789 1299 in
1845 1248 2073 1303 insidias
2127 1249 2341 1305 Olbiani

771 1334 1027 1402 delapsus
1057 1344 1273 1391 atroces
1305 1339 1629 1391 temeritatis
1657 1353 1847 1407 pmnas
1877 1341 2043 1395 dedit.
2085 1341 2217 1395 Nam
2249 1360 2341 1397 ca-

770 1434 866 1489 put
895 1440 1014 1492 eius
1037 1437 1358 1494 praesectum
1385 1429 1643 1482 Olbianus
1666 1430 1731 1484 ad
1761 1432 2161 1499 imperatorem,
2191 1437 2342 1505 isque

771 1518 838 1568 ad
865 1516 1128 1570 Thomam
1151 1518 1401 1571 ferociter
1429 1535 1493 1573 ac
1526 1523 1755 1591 superbe
1795 1525 2138 1580 invadentem
2170 1530 2338 1582 misit.

773 1604 1013 1660 Thomas
1047 1609 1138 1659 tilii
1169 1609 1349 1677 capite
1380 1623 1604 1680 accepto
1647 1614 1780 1666 nihil
1814 1614 1880 1667 de
1927 1615 2126 1669 ferocia
2179 1618 2342 1671 dimi--

771 1711 967 1758 nitens,
996 1713 1026 1750 a
1059 1698 1177 1753 loco
1210 1703 1297 1753 cui
1327 1700 1647 1755 llorcosium
1686 1703 1751 1771 (a
1785 1705 2141 1772 juramcntis,
2171 1721 2225 1762 ut
2261 1712 2339 1763 vi-

773 1787 967 1857 detur)
1019 1805 1215 1844 nomen
1275 1803 1354 1845 est
1403 1793 1456 1845 in
1489 1791 1778 1848 Thraciam
1821 1798 2046 1866 trajicit,
2077 1813 2234 1855 nocte
2274 1803 2338 1855 ad

770 1879 877 1934 hoc
908 1895 1060 1945 usus,
1096 1896 1203 1947 qua
1232 1883 1357 1936 luna
1387 1886 1459 1940 ob
1488 1901 1645 1940 suum
1678 1903 1799 1942 cum
1829 1890 1944 1944 sole
1981 1893 2184 1945 coitum
2227 1909 2333 1946 non

770 1971 937 2023 lucet.
973 1971 1172 2025 Verum
1199 1988 1261 2027 ea
1291 1990 1378 2030 res
1412 1975 1674 2032 Michaelo
1722 1995 1866 2032 curae
1911 1981 2121 2048 fuerat;
2173 1995 2339 2054 utque

769 2060 888 2128 ejus
914 2061 1204 2117 adventum
1244 2069 1586 2133 praeveniret,
1614 2068 1776 2125 urbes
1809 2072 2094 2136 refecerat,
2135 2077 2337 2132 milites

769 2153 1202 2219 conﬁrmaverat,
1232 2165 1286 2210 et
1316 2159 1432 2211 loca
1463 2160 1762 2216 infirmiora
1792 2165 2119 2219 muniverat.
2154 2168 2338 2232 Quan-

770 2258 934 2311 quam
971 2245 1182 2297 nullum
1201 2246 1321 2315 ejus
1351 2248 1646 2319 diligentia)
1685 2253 1921 2308 fructum
1965 2258 2125 2325 cepit.
2167 2258 2339 2314 Simul

769 2333 917 2387 enim
947 2344 1107 2406 atque
1139 2339 1205 2392 ad
1240 2340 1424 2394 urbem
1453 2343 1681 2398 rediitet
1720 2346 1772 2399 in
1798 2347 2084 2403 Thraciam
2103 2349 2340 2408 Thomas

770 2425 1000 2492 appulit,
1047 2427 1284 2483 universi
1313 2431 1380 2483 ab
1432 2432 1764 2501 imperatore
1798 2438 1864 2490 ad
1894 2439 2159 2495 Thomam
2188 2443 2339 2498 defe-

770 2521 987 2578 cerunt,
1026 2516 1200 2584 parati
1233 2531 1357 2571 cum
1404 2534 1472 2574 eo
1502 2521 1696 2591 Cpolin
1751 2536 2120 2597 oppugnatum
2175 2533 2337 2601 profiv

769 2603 927 2658 cisci.
963 2608 1290 2677 imperator,
1325 2623 1590 2681 quantum
1637 2619 1755 2684 ejus
1787 2619 1902 2673 ﬁeri
1951 2623 2153 2690 potuit,
2187 2639 2338 2681 exer-

769 2694 939 2747 citum
967 2699 1283 2769 copiasque,
1310 2703 1478 2773 880
1501 2713 1557 2759 ut
1594 2707 1902 2775 videbatur,
1945 2727 2053 2766 non
2093 2724 2335 2770 contem-

773 2787 980 2841 nendas
1044 2791 1349 2858 conduxit;
1405 2811 1606 2865 easque
1668 2800 1902 2856 ducibus
1958 2803 2209 2859 Catacela
2287 2816 2342 2862 et

777 2875 1008 2932 Olbiano
1038 2878 1197 2934 factis
1227 2893 1455 2951 tyranno
1497 2887 1718 2942 obviam
1749 2889 1919 2945 misit.
1969 2891 2079 2947 Res
2126 2910 2342 2965 quoque

777 2967 1077 3022 maritimas
1113 2985 1329 3027 summo
1385 2986 1585 3029 conatu
1651 2983 1987 3047 procuravit.
2022 2982 2128 3039 Sed
2168 2986 2343 3040 instar

775 3063 1034 3116 torrentis
1073 3062 1183 3118 alto
1226 3076 1410 3122 monte
1444 3067 1787 3128 decurrentis
1822 3076 2039 3132 irruens
2077 3087 2341 3148 tyrannus

2447 599 2709 669 συνεργὸν
2740 599 2839 666 τῆς
2868 599 3042 670 ἀρχῆς
3095 600 3520 670 προσλαϐέσθαι,
3552 603 3653 673 τήν
3705 620 3763 656 τε
3821 606 4024 658 ἑαυτοῦ

2444 692 2640 760 κλῆσιν
2691 690 3030 754 ἀλλάξασθαι
3097 693 3194 744 καὶ
3252 693 3370 744 υἱὸν
3427 696 3842 766 εί-σποιήσσσθαι
3886 697 4023 765 (72).

2445 784 2691 836 Ἐκεῖθεν
2739 783 3002 853 ὁρμηθεὶς
3055 785 3275 839 ἅπασαν
3315 787 3473 857 ἐδῄου
3529 790 3622 842 καὶ
3658 790 3878 859 ἐπόρθει
3925 791 4026 860 τὴν

2449 875 2769 942 Ἀνατο).ήν.
2819 877 2885 927 Ἃ
2932 876 2994 941 δὴ
3049 877 3076 927 ὁ
3106 876 3400 945 βασιλεύων
3436 880 3687 948 ἀκηκοὼς
3736 882 3828 933 καὶ
3863 881 4028 943 αὐτὸς

2446 967 2580 1034 πρὸς
2631 967 3063 1036 ἀντιπαράταξιν
3090 969 3448 1039 ηὑτρεπίσθη.
3483 972 3592 1022 Καὶ
3639 977 3899 1039 στρατιὰν
3931 974 4027 1024 καὶ

2445 1057 2748 1127 στρατηγὸν
2765 1059 2864 1110 οὐκ
2895 1059 3189 1128 ἀξιόμαχον
3223 1064 3357 1130 πρὸς
3390 1063 3554 1115 αὑτὸν
3578 1064 3925 1128 ἀποστέλλει,

2446 1167 2552 1202 τινι
2602 1151 2904 1219 συρραγεὶς
2939 1153 2966 1203 ὁ
3002 1151 3204 1220 Θωμᾶς
3236 1155 3404 1224 ἄρδην
3436 1156 3684 1224 ἠφάνισε,
3735 1157 3900 1227 μέρος
3927 1158 4030 1226 μὲν

2445 1243 2544 1310 τῆς
2596 1242 2877 1311 δυνάμεως
2930 1244 3154 1305 ἀνελὼν,
3205 1246 3265 1297 τὸ
3313 1245 3355 1297 δ’
3384 1246 3514 1299 ἄλλο
3565 1246 3908 1315 τρεψάμενος
3944 1249 4027 1310 είς

2446 1337 2643 1403 φυγήν.
2678 1336 2784 1388 Καὶ
2833 1335 3020 1387 λοιπὸν
3066 1337 3248 1400 ἁδείας
3296 1338 3474 1406 τυχὼν
3521 1339 3779 1392 διετίθετο
3803 1340 3868 1391 τὰ
3900 1341 4028 1394 καθ’

2444 1424 2637 1476 ἑαυτὸν
2667 1425 3079 1494 κραταιότερον,
3115 1427 3246 1489 ναῦς
3279 1427 3558 1497 ὲξαρτύων
3589 1428 3892 1498 πολεμικὰς
3929 1430 4029 1481 καὶ

2444 1516 2637 1585 ἑτέρας
2677 1518 3019 1584 σιταγωγοὺς
3059 1519 3151 1570 καὶ
3180 1521 3560 1587 ἱππαγωγούς.
3587 1520 3798 1572 Γίνεται
3830 1522 3888 1573 δὲ
3929 1525 4026 1573 καὶ

2443 1610 2534 1660 τοῦ
2579 1608 2862 1678 βασιλικοῦ
2893 1611 3079 1663 στόλου
3116 1610 3329 1680 κύριος,
3362 1612 3620 1680 καὶπρὸς
3670 1613 3768 1681 τὴν
3817 1613 4028 1666 Λέσεον

2444 1698 2590 1751 ἆπαν
2628 1700 2868 1768 ἀθροίζει
2908 1701 2969 1752 τὸ
2996 1703 3267 1755 ναυτικόν.
3297 1702 3468 1764 Αὐτὸς
3496 1703 3551 1754 δὲ
3581 1702 3726 1754 ὀκτὼ
3743 1705 4022 1771 μυριάδων

2443 1794 2627 1861 ἄρχων
2672 1794 2904 1863 στρατοῦ
2933 1795 3025 1846 ἐπὶ
3058 1794 3290 1846 Ἀδυδον
3318 1795 3537 1863 ἥκειὼς
3567 1795 3775 1847 ἐκεῖθεν
3804 1799 3883 1858 εἰς
3923 1798 4029 1866 τὴν

2453 1884 2694 1952 περαίαν
2732 1884 3142 1956 διαϐησόμενος,
3178 1886 3356 1940 πάντα
3393 1888 3462 1940 τὰ
3512 1888 3568 1938 ἐν
3600 1887 3820 1956 παρόδῳ
3845 1905 4026 1940 κατα-

2441 1978 2685 2048 δραμὼν,
2726 1981 2821 2033 καὶ
2860 1981 3056 2032 σποδὸν
3086 1982 3320 2050 ποιήσας
3348 1982 3412 2034 οὐ
3444 1982 3512 2036 τὰ
3550 1985 3782 2036 ταπεινὰ
3801 1987 3896 2037 καί
3927 1985 4027 2037 εὐ-

2441 2069 2677 2138 χείρωτα
2724 2069 2820 2122 καὶ
2875 2070 3151 2136 εὐάλωτα,
3202 2070 3346 2128 ἀλλὰ,
3377 2072 3470 2124 καὶ
3500 2073 3569 2126 τά
3625 2075 4028 2141 ἐπικαιρότατα

2441 2160 2534 2210 καὶ
2587 2159 2884 2213 δυσάλωτα.
2920 2159 3029 2215 Ἦν
3069 2163 3125 2214 δέ
3177 2179 3230 2213 τι
3275 2164 3476 2232 χωρίον
3539 2163 3774 2233 ἐρυμνὸν
3811 2167 3910 2236 τὴν
3938 2171 4029 2230 εἰς

2438 2251 2530 2304 τὸν
2561 2251 2781 2319 βασιλέα
2824 2253 3005 2306 πίστιν
3038 2255 3273 2324 τηροῦν,
3325 2256 3419 2308 καὶ
3460 2258 3545 2308 ἐπ’
3594 2256 3745 2326 αὐτῷ
3789 2259 3876 2310 τὸν
3908 2261 4027 2311 είς-

2443 2343 2667 2413 ποίητον
2705 2344 2981 2412 ἐκπέμπει
3029 2347 3216 2398 υἱόνοό
3261 2346 3317 2399 δὲ
3364 2346 3608 2417 θρασέως
3649 2349 4026 2418 ἱππαζόμενος

2442 2430 2543 2483 καὶ
2583 2431 2837 2495 ἀτάκτως
2870 2435 2946 2503 τῷ
2986 2434 3194 2488 οἴεσθαι
3223 2437 3427 2504 γυμνὸν
3463 2438 3771 2491 ἀντιπάλων
3794 2437 3930 2493 εἶναι
3960 2443 4030 2493 τὸ

2441 2523 2640 2592 χωρίον
2673 2523 2814 2593 λόχῳ
2843 2525 2907 2594 δή
2940 2543 3045 2578 τινι
3077 2529 3402 2597 περιπίπτει
3448 2529 3542 2582 τοῦ
3590 2531 3891 2593 Ὀλϐιανοῦ,
3926 2535 4029 2584 καὶ

2439 2612 2541 2681 τὴν
2590 2614 2831 2683 κεφαλὴν
2880 2617 3218 2690 ἀποτμηθεὶς
3269 2619 3441 2688 ἔμαθε
3501 2620 3574 2690 μὴ
3627 2621 4025 2691 θρασύνεσθαι.

2442 2704 2554 2775 Τὴν
2595 2706 2691 2773 μὲν
2730 2707 2968 2777 κεφαλὴν
3013 2708 3107 2760 τοῦ
3150 2709 3383 2763 δειλαίου
3415 2713 3626 2766 ἐκείνου
3667 2714 3886 2784 έπεμψε
3933 2717 4020 2783 τῷ

2451 2795 2666 2862 βασιλεῖ
2697 2799 2724 2850 ό
2767 2797 3064 2862 Ὀλϐιανὸς,
3093 2792 3248 2863 οὗτος
3285 2801 3341 2853 δὲ
3378 2803 3537 2854 πάλιν
3565 2803 3736 2874 Θωμᾷ
3767 2806 3842 2874 τῷ
3876 2808 4030 2859 ὲκεί-

2443 2906 2532 2940 νου
2561 2890 2730 2960 πατρὶ
2780 2894 2918 2959 μετά
2965 2891 3319 2963 βρυάγματος
3349 2895 3586 2965 βαίνοντι
3618 2900 3711 2950 καὶ
3747 2901 4032 2968 μεγαλαυ-

2444 2979 2712 3049 χουμένῳ.
2753 2980 2967 3052 ’Ἡνπερ
2994 2976 3148 3046 οὗτος
3197 2985 3511 3056 δεξάμενος,
3547 2989 3813 3042 καὶκατὰ
3853 2991 4031 3060 μηδὲν

2441 3069 2536 3121 τοῦ
2572 3072 2916 3140 φρονήματος
2969 3074 3252 3136 ὑπενδοῦς,
3305 3077 3441 3144 πρὸς
3491 3077 3593 3148 τὴν
3644 3079 3867 3150 Θρᾴκην
3914 3082 4030 3133 ἀπὸ

773 3153 1011 3210 Thomas
1048 3163 1194 3210 terra
1232 3159 1477 3228 marique
1507 3164 1783 3218 exercitus
1816 3167 2165 3235 imperatoris
2212 3187 2337 3239 pro—
2361 3183 2406 3244 ί]

2361 3183 2406 3244 C
2443 3160 2536 3213 τοῦ
2561 3162 2764 3230 χωρίου
2803 3162 2831 3214 ὅ
2857 3163 3114 3215 καλοῦσιν
3153 3165 3452 3236 Ὀρκώσιον
3479 3171 3825 3239 περαιοῦται,
3846 3173 4027 3228 νύκτα

771 3240 992 3310 ﬂigavit,
1019 3253 1345 3317 tantumque
1377 3250 1425 3303 ei
1462 3259 1731 3308 terrorem
1767 3258 2020 3324 incussit,
2063 3269 2123 3314 ut
2151 3264 2196 3316 is
2229 3263 2339 3318 fer-

771 3348 922 3387 ream
949 3344 1198 3390 catenam
1232 3341 1301 3392 ab
1357 3355 1482 3394 arce
1542 3344 1609 3396 ad
1650 3349 1962 3414 oppositum
2019 3353 2337 3422 oppidulum

770 3424 1098 3489 extenderit,
1138 3435 1197 3480 ut
1233 3428 1494 3485 interiore
1527 3433 1737 3490 hostem
1788 3443 1921 3492 mari
1975 3453 2209 3498 arceret.
2249 3429 2340 3500 Vi-

773 3516 933 3569 vebat
954 3526 1066 3570 tum
1101 3517 1277 3588 Scyri,
1311 3537 1431 3590 quae
1461 3540 1565 3577 una
1589 3527 1879 3596 Cyeladum
1906 3532 2210 3589 insularum
2237 3547 2338 3604 est,

773 3605 881 3658 dux
913 3606 1156 3675 quidam,
1215 3610 1412 3667 Leonis
1463 3614 1809 3684 imperatoris
1840 3625 2224 3692 consobrinus,
2276 3646 2340 3685 eo

775 3696 1045 3762 relegatus
1068 3713 1094 3751 a
1123 3700 1409 3768 Michaelo,
1443 3709 1586 3773 quod
1613 3707 1659 3761 ei
1685 3711 1882 3765 eadem
1917 3713 2116 3770 Leonis
2143 3720 2342 3787 saepius

773 3787 942 3843 libere
975 3792 1027 3843 in
1059 3789 1249 3845 faciem
1283 3797 1687 3863 exprobrasset.
1742 3801 1897 3858 Hune
1943 3807 1996 3859 in
2026 3810 2338 3864 societatem

774 3895 928 3934 suam
965 3881 1234 3936 adscitum
1291 3885 1529 3943 Thomas
1573 3894 1859 3948 duodecim
1892 3884 2344 3957 millibus'terre-

775 3972 970 4026 strium
990 3977 1271 4043 capiarum
1293 3980 1539 4045 praeficit.
1570 3983 1812 4041 Classem
1840 4004 2057 4059 quoque
2091 3994 2340 4062 adornat,

775 4064 1050 4134 aliumque
1070 4069 1121 4121 ei
1151 4068 1343 4122 ducem
1372 4072 1620 4139 praeficit.
1650 4076 1957 4148 Utrumque
2013 4084 2078 4136 ad
2133 4093 2344 4139 tentan-

776 4156 900 4211 dam
934 4157 1126 4226 Cpolin
1166 4161 1333 4215 mittit
1382 4164 1540 4231 quasi
1583 4180 1975 4237 praecursores,
2028 4188 2092 4226 ex
2132 4189 2190 4228 re
2229 4176 2345 4231 fore

773 4247 1054 4314 judicans,
1098 4250 1141 4304 si
1178 4251 1307 4306 urbs
1341 4253 1506 4308 simul
1538 4264 1683 4310 terra
1720 4262 1968 4330 marique
1994 4276 2343 4334 oppugnare-

775 4348 887 4392 tur.
917 4339 1051 4394 Cum
1087 4351 1140 4394 et
1168 4350 1456 4399 terrestres
1484 4359 1539 4401 et
1586 4350 1808 4406 navales
1836 4355 2010 4423 copia:
2054 4357 2236 4429 simul.
2277 4361 2343 4414 ad

774 4427 1227 4486 Blachernensem
1303 4445 1523 4504 portum
1606 4443 2007 4509 pervenissent,
2084 4427 2342 4518 perrupta

776 4519 956 4575 ferrea
1042 4523 1145 4577 ista
1220 4535 1418 4580 catena
1496 4531 1628 4585 urbs
1715 4535 1958 4603 undique
2040 4545 2345 4608 oppugnari

776 4622 956 4680 empta
1001 4626 1107 4669 est.
1172 4616 1503 4686 Supervenit
1565 4624 1729 4692 paulo
1782 4637 1904 4695 post
1962 4629 2122 4684 etiam
2202 4632 2347 4686 Tho-

779 4716 916 4755 mas.
988 4703 1246 4769 Quamvis
1319 4719 1497 4764 autem
1563 4713 1751 4768 urbem
1826 4718 2063 4788 undique
2125 4731 2346 4780 strenue

777 4807 1139 4865 Oppugnaret,
1197 4800 1329 4853 nihil
1363 4813 1540 4858 tamen
1567 4809 1917 4864 memorabile
1951 4813 2198 4868 effectum
2240 4826 2343 4881 est,

779 4882 846 4935 iis
877 4885 966 4952 qui
993 4889 1141 4940 intus
1168 4897 1326 4943 erant
1356 4892 1566 4949 fortiter
1616 4902 2092 4969 pr0pugnantibus
2135 4915 2190 4957 et
2224 4921 2340 4958 ma-

778 4973 973 5028 chinas
1019 4977 1180 5047 881
1226 4988 1651 5051 Oppugnatorias
1694 4991 2102 5057 repellentibus.
2141 4995 2342 5065 Spera-

777 5075 928 5118 verat
978 5073 1122 5128 enim
1169 5071 1408 5129 Thomas
1463 5079 1590 5142 sibi,
1645 5081 2004 5152 simulatque
2034 5087 2098 5140 ad
2157 5091 2341 5144 urbem

787 5157 1134 5222 accessisse.,
1173 5174 1201 5211 a
1234 5162 1443 5217 civibus
1477 5167 1602 5220 odio
1637 5167 1884 5225 Michaeli
1919 5185 2101 5241 portas
2134 5193 2347 5232 resera-

782 5249 898 5294 tum
957 5246 1057 5308 iri;
1119 5253 1303 5318 itaque
1355 5262 1406 5306 et
1469 5255 1786 5327 Gregorium
1838 5268 2211 5332 praemiserat,
2269 5274 2344 5325 uti

788 5334 1096 5402 retulimus,
1131 5341 1359 5411 ipseque
1390 5360 1510 5398 cum
1543 5351 1799 5407 omnibus
1848 5359 2018 5424 copiis
2055 5368 2108 5412 et
2137 5363 2347 5430 adopti-

787 5421 862 5474 tio
897 5423 1006 5478 filio
1067 5445 1168 5484 suo
1201 5433 1512 5500 Anastasio,
1549 5442 1642 5508 qui
1679 5458 1879 5499 recens
1913 5447 2018 5499 vita
2048 5456 2343 5507 monastica

784 5511 995 5568 deserta
1020 5517 1083 5569 ad
1116 5523 1394 5588 profanam
1429 5529 1754 5598 desciverat,
1783 5534 2108 5593 subsecutus
2138 5541 2335 5595 fuerat.

2442 3255 2831 3324 κατατηρήσας
2888 3257 3197 3324 συνοδικήν.
3233 3257 3319 3328 [Ρ.
3367 3259 3494 3330 502]
3537 3264 3736 3332 Ἐμελε
3783 3265 3842 3318 δὲ
3895 3268 4031 3337 περὶ

2440 3345 2631 3398 τούτου
2666 3345 2746 3414 τῷ
2786 3345 2996 3415 βασιλεῖ
3037 3349 3278 3418 Μιχαὴλ,
3309 3353 3401 3403 καὶ
3438 3351 3535 3421 τὴν
3568 3355 3778 3408 ἐκείνου
3816 3359 4028 3426 προλα-

2447 3435 2556 3488 ϐὼν
2592 3435 2893 3505 περαίωσιν
2925 3438 3086 3499 αὐτὸς
3125 3440 3222 3501 τάς
3248 3456 3306 3491 τε
3340 3443 3522 3504 πόλεις
3559 3445 3897 3512 ἀνελάμϐανε
3930 3453 4031 3502 καὶ

2441 3530 2566 3588 τοὺς
2605 3527 2943 3596 στρατιώτας
2986 3530 3239 3599 ἐστήριξε
3273 3533 3369 3584 καὶ
3429 3533 3496 3586 τὰ
3537 3535 3735 3605 ἀσθενῆ
3776 3539 3884 3590 τῶν
3920 3560 4031 3609 χω-

2447 3618 2575 3686 ρίων
2608 3620 2852 3690 ὠχύρου,
2896 3622 2997 3675 κᾶν
3030 3624 3198 3692 μηδὲν
3233 3627 3297 3676 ἐκ
3345 3627 3441 3694 τῆς
3473 3629 3730 3698 τοιαύτης
3784 3635 4031 3701 σπουδῆς

2443 3710 2716 3776 ἀπώνατο,
2742 3713 2859 3782 ἅμα
2888 3717 2956 3783 τῇ
2997 3716 3206 3768 ἐκείνου
3235 3718 3370 3786 πρὸς
3390 3719 3488 3787 τὴν
3516 3721 3668 3771 πόλιν
3703 3722 4027 3795 ὑποστροςῇ

2445 3801 2541 3852 καὶ
2568 3803 2634 3870 τῇ
2666 3801 2760 3853 τοῦ
2805 3802 2978 3871 Θωμᾶ
3029 3804 3327 3874 περαιώσει
3386 3809 3602 3860 πάντων
3654 3811 3752 3880 τὴν
3812 3815 4028 3867 ἐκείνου

2446 3894 2630 3945 πίστιν
2683 3894 3158 3965 ἀπαρνησαμένων
3215 3902 3308 3951 καὶ⁵
3355 3906 3900 3973 προσκεχωρηκότων
3947 3908 4032 3975 τῷ

2445 3985 2730 4056 ἀποστάτῃ
2787 3991 2880 4040 καὶ
2951 3990 3068 4056 μετ’
3109 3989 3274 4042 αὐτοῦ
3324 3994 3718 4059 στρατεύεσθαι
3749 4000 3892 4049 κατὰ
3925 4000 4032 4066 τῆς

2448 4075 2720 4144 βασιλίδος
2766 4078 3255 4147 προθυμουμένων.
3301 4081 3361 4133 '0
3399 4082 3456 4160 δέ
3480 4082 3742 4150 ,βασιλεὺς
3793 4090 3936 4140 κατὰ
3965 4091 4032 4141 τὸ

2446 4168 2725 4237 ἐγχωροῦν
2768 4171 2998 4240 στρατὸν
3037 4172 3290 4242 ἀγηοχὼς
3333 4177 3426 4227 καὶ
3453 4177 3684 4245 δύναμιν
3725 4179 3804 4248 τῷ
3849 4181 4032 4234 δοκεῖν

2447 4260 2725 4326 ἀξιόλογον
2765 4264 3180 4331 συστησάμενος
3200 4304 3214 4326 ,
3256 4269 3598 4335 στρατηγούς
3627 4285 3684 4321 τε
3717 4271 4031 4341 ἐπιστήσας

2449 4351 2586 4421 αὐτῇ
2613 4353 2706 4404 τόν
2737 4369 2796 4404 τε
2823 4354 3056 4422 ρηθέντα
3095 4356 3430 4426 Κατάκη).αν
3468 4360 3562 4411 καὶ
3588 4360 3679 4414 τὸν
3727 4361 4028 4427 ’0).6ιανὺν,

2448 4443 2712 4512 ἐπαφίησι
2758 4445 2898 4495 κατά
2932 4444 3025 4496 τοῦ
3075 4449 3364 4514 τυράννου.
3427 4451 3779 4518 Ἐπεμελεῖτο
3825 4455 3882 4506 δὲ
3933 4457 4030 4506 καὶ

2379 4517 2421 4569 Ῐ)
2451 4533 2558 4585 τῶν
2600 4536 2740 4586 κατὰ
2778 4535 3078 4601 θάλασσαν,
3115 4539 3188 4598 ὡς
3233 4540 3461 4592 ἁνυστὸν
3491 4536 3578 4609 ἦν.
3616 4543 3825 4612 Ὠσπερ
3855 4545 3912 4596 δέ
3943 4565 4030 4610 τις

2451 4627 2751 4696 χείμαρρος
2798 4626 2856 4691 ἐξ
2900 4627 3122 4695 ὑψηλῶν
3177 4629 3346 4698 ὁρέων
3400 4634 3428 4683 ό
3465 4633 3726 4702 τύραννος
3779 4637 4029 4690 ἐπελθὼν

2449 4719 2547 4785 τήν
2585 4733 2643 4769 τε
2683 4718 2825 4769 κατά
2862 4719 3056 4787 χέρσον
3099 4720 3330 4786 δύναμιν
3366 4724 3458 4775 καὶ
3506 4725 3604 4794 τὴν
3644 4727 3785 4780 κατὰ
3821 4728 4028 4783 θάλασ-

2453 4826 2551 4860 σαν
2579 4809 2913 4874 διεσκέδασε,
2969 4813 3062 4864 καὶ
3107 4815 3375 4882 τοσαύτην
3437 4817 3661 4887 ἐνέθηκε
3715 4822 3912 4872 πτοίαν
3949 4823 4030 4892 τῷ

2453 4899 2666 4968 βασιλεῖ
2702 4901 2776 4966 ὡς
2801 4906 2894 4956 καὶ
2930 4905 3158 4973 σιδηρᾶν
3184 4906 3371 4959 ἆλυσιν
3405 4908 3512 4962 ἀπὸ
3543 4912 3640 4979 τῆς
3669 4913 4031 4982 ἀκροπόλεως

2453 4996 2528 5055 εἰς
2559 4994 2619 5046 τὸ
2648 4998 2979 5064 καταντικρὺ
3023 4999 3299 5067 πολίχνιον
3344 5002 3654 5069 ἀποτεῖναι,
3691 5007 3789 5074 τὴν
3822 5008 4026 5061 ἔσωθεν

2453 5086 2652 5138 ἄϐατον
2681 5087 2953 5156 τηροῦσαν
3002 5089 3298 5145 θάλασσαν.
3332 5089 3442 5146 Ἦν
3494 5095 3550 5148 δέ
3592 5113 3675 5159 τις
3723 5103 4029 5170 στρατηγὶς

2452 5177 2740 5247 ὑπερόριος
2781 5182 2839 5231 ὲν
2888 5179 3082 5251 Σκύρῳ
3116 5185 3180 5252 τῇ
3233 5185 3382 5254 νήσῳ
3422 5187 3548 5256 (μία
3601 5188 3659 5240 δὲ
3717 5190 3855 5259 αῦτη
3917 5195 4028 5245 τῶν

2456 5267 2799 5336 Κυκλάδων),
2831 5269 3146 5338 ἀδελφιδοῦς
3199 5277 3298 5342 μὲν
3343 5281 3628 5346 τυγχάνων
3674 5281 3905 5344 Λέοντος
3932 5286 4026 5337 τεῦ

2459 5357 2746 5424 βασιλέως,
2778 5362 2968 5414 τούτου
3001 5363 3058 5415 δὲ
3090 5366 3467 5436 ἀναιρεθέντος
3502 5371 4028 5440 παρρησιασάμενος

2457 5449 2716 5513 πολλάκις
2763 5453 2856 5505 καὶ
2896 5453 2986 5505 τὸν
3027 5455 3244 5525 Μιχαὴλ
3289 5460 3378 5519 ,εἰς
3435 5460 3723 5527 πρόσωπον
3763 5463 4030 5522 ὀνειδίσας

2452 5540 2540 5593 διά
2583 5543 2673 5594 τὸν
2710 5544 2889 5611 φόνον,
2937 5547 3029 5598 καὶ
3058 5547 3143 5599 διὰ
3194 5548 3352 5600 τοῦτο
3383 5551 3482 5620 τὴν
3520 5552 3815 5622 ὑπερορίαν
3854 5571 4030 5605 καταε-

1900 5646 2249 5706 XYLANDRI
2282 5656 2370 5709 ET
2405 5657 2614 5712 GOARI
2645 5657 2874 5712 NOTAE.

857 5715 968 5799 (:12)
999 5718 1294 5799 Quemnam
1319 5728 1425 5799 ?_et
1470 5731 1684 5798 quidem
1737 5751 1859 5790 mox
1898 5754 2115 5794 rursum
2147 5749 2349 5799 mentio

785 5781 843 5834 fit
873 5781 1037 5850 hujus
1066 5793 1305 5862 adoptati
1334 5797 1446 5853 filii.
1477 5781 1684 5860 ὲεᾶᾘὲ

2459 5751 2722 5802 nominat.
2787 5750 2839 5802 Μ
2883 5752 3100 5819 quidem
3148 5753 3244 5819 ait,
3288 5752 3511 5810 Balbum
3545 5758 3647 5813 sibi
3681 5757 4031 5816 Constantini

2465 5835 2661 5873 nomen
2690 5825 3010 5890 sumpsisse.
3047 5821 3176 5876 ΧΠ..
