  <div class='ocr_page' id='page_1' title='image "/cluster/home/n/w/nwhite01/storage/ocr_20150623/121/nnc1.0046980032/490.png"; bbox 0 0 4226 6444; ppageno 0'>
   <div class='ocr_carea' id='block_1_1' title="bbox 244 413 351 475">
    <p class='ocr_par' dir='ltr' id='par_1_1' title="bbox 244 413 351 475">
     <span class='ocr_line' id='line_1_1' title="bbox 244 413 351 475; baseline 0.019 -2"><span class='ocrx_word' id='word_1_1' title='bbox 244 413 351 475; x_wconf 75' lang='grc'><strong>965</strong></span> 
     </span>
    </p>
   </div>
   <div class='ocr_carea' id='block_1_2' title="bbox 229 614 1815 688">
    <p class='ocr_par' dir='ltr' id='par_1_2' title="bbox 229 614 1815 688">
     <span class='ocr_line' id='line_1_2' title="bbox 229 614 1815 688; baseline -0.003 -16"><span class='ocrx_word' id='word_1_2' title='bbox 229 617 502 688; x_wconf 66' lang='grc' dir='ltr'>τευματός</span> <span class='ocrx_word' id='word_1_3' title='bbox 532 633 679 678; x_wconf 88' lang='grc' dir='ltr'>τινος</span> <span class='ocrx_word' id='word_1_4' title='bbox 729 618 872 668; x_wconf 85' lang='grc' dir='ltr'>κατὰ</span> <span class='ocrx_word' id='word_1_5' title='bbox 919 615 1024 684; x_wconf 79' lang='grc' dir='ltr'>γῆν</span> <span class='ocrx_word' id='word_1_6' title='bbox 1050 614 1183 668; x_wconf 76' lang='grc' dir='ltr'>ώσεὶ</span> <span class='ocrx_word' id='word_1_7' title='bbox 1232 615 1488 684; x_wconf 74' lang='grc' dir='ltr'><strong>χιλιάδων</strong></span> <span class='ocrx_word' id='word_1_8' title='bbox 1526 615 1657 669; x_wconf 80' lang='grc' dir='ltr'>δέκα</span> <span class='ocrx_word' id='word_1_9' title='bbox 1685 616 1815 668; x_wconf 83' lang='grc' dir='ltr'>ἀνα-</span> 
     </span>
    </p>
   </div>
   <div class='ocr_carea' id='block_1_3' title="bbox 229 707 1813 778">
    <p class='ocr_par' dir='ltr' id='par_1_3' title="bbox 229 707 1813 778">
     <span class='ocr_line' id='line_1_3' title="bbox 229 707 1813 778; baseline -0.002 -15"><span class='ocrx_word' id='word_1_10' title='bbox 229 712 475 763; x_wconf 80' lang='grc' dir='ltr'>δείκνυσι</span> <span class='ocrx_word' id='word_1_11' title='bbox 503 707 832 778; x_wconf 78' lang='grc' dir='ltr'>στρατηγόν·</span> <span class='ocrx_word' id='word_1_12' title='bbox 871 709 961 759; x_wconf 76' lang='grc' dir='ltr'>καὶ</span> <span class='ocrx_word' id='word_1_13' title='bbox 999 708 1088 760; x_wconf 82' lang='grc' dir='ltr'>τὸν</span> <span class='ocrx_word' id='word_1_14' title='bbox 1125 707 1266 761; x_wconf 85' lang='grc' dir='ltr'><strong>κατά</strong></span> <span class='ocrx_word' id='word_1_15' title='bbox 1289 707 1559 761; x_wconf 87' lang='grc' dir='ltr'>θάλατταν</span> <span class='ocrx_word' id='word_1_16' title='bbox 1599 707 1656 759; x_wconf 82' lang='grc' dir='ltr'>δὲ</span> <span class='ocrx_word' id='word_1_17' title='bbox 1691 707 1813 760; x_wconf 88' lang='grc' dir='ltr'>στό-</span> 
     </span>
    </p>
   </div>
   <div class='ocr_carea' id='block_1_4' title="bbox 229 799 1815 869">
    <p class='ocr_par' dir='ltr' id='par_1_4' title="bbox 229 799 1815 869">
     <span class='ocr_line' id='line_1_4' title="bbox 229 799 1815 869; baseline -0.001 -17"><span class='ocrx_word' id='word_1_18' title='bbox 229 801 319 852; x_wconf 88' lang='grc' dir='ltr'><strong>λον</strong></span> <span class='ocrx_word' id='word_1_19' title='bbox 370 800 840 866; x_wconf 75' lang='grc' dir='ltr'><strong>εὐτρεπισάμενος</strong></span> <span class='ocrx_word' id='word_1_20' title='bbox 905 801 996 852; x_wconf 78' lang='grc' dir='ltr'>καὶ</span> <span class='ocrx_word' id='word_1_21' title='bbox 1071 800 1260 869; x_wconf 78' lang='grc' dir='ltr'>ἕτερον</span> <span class='ocrx_word' id='word_1_22' title='bbox 1309 799 1459 867; x_wconf 70' lang='grc' dir='ltr'>αὐτῷ</span> <span class='ocrx_word' id='word_1_23' title='bbox 1513 800 1815 869; x_wconf 72' lang='grc' dir='ltr'><strong>ἐπιστήσας</strong></span> 
     </span>
    </p>
   </div>
   <div class='ocr_carea' id='block_1_5' title="bbox 234 885 1817 962">
    <p class='ocr_par' dir='ltr' id='par_1_5' title="bbox 234 885 1817 962">
     <span class='ocr_line' id='line_1_5' title="bbox 234 885 1817 962; baseline 0 -18"><span class='ocrx_word' id='word_1_24' title='bbox 234 892 542 962; x_wconf 71' lang='grc' dir='ltr'>στρατηγὸν</span> <span class='ocrx_word' id='word_1_25' title='bbox 567 932 582 952; x_wconf 92' lang='grc'><strong>,</strong></span> <span class='ocrx_word' id='word_1_26' title='bbox 619 885 730 942; x_wconf 75' lang='grc' dir='ltr'>οἷόν</span> <span class='ocrx_word' id='word_1_27' title='bbox 768 907 921 954; x_wconf 87' lang='grc' dir='ltr'>τινας</span> <span class='ocrx_word' id='word_1_28' title='bbox 965 890 1309 960; x_wconf 84' lang='grc' dir='ltr'><strong>προδρόμους</strong></span> <span class='ocrx_word' id='word_1_29' title='bbox 1348 890 1632 960; x_wconf 72' lang='grc' dir='ltr'>ἐξέπεμψε</span> <span class='ocrx_word' id='word_1_30' title='bbox 1674 892 1817 944; x_wconf 77' lang='grc' dir='ltr'>κατὰ</span> 
     </span>
    </p>
   </div>
   <div class='ocr_carea' id='block_1_6' title="bbox 229 982 1817 1053">
    <p class='ocr_par' dir='ltr' id='par_1_6' title="bbox 229 982 1817 1053">
     <span class='ocr_line' id='line_1_6' title="bbox 229 982 1817 1053; baseline 0.001 -19"><span class='ocrx_word' id='word_1_31' title='bbox 229 985 328 1053; x_wconf 77' lang='grc' dir='ltr'>τῆς</span> <span class='ocrx_word' id='word_1_32' title='bbox 375 983 668 1052; x_wconf 73' lang='grc' dir='ltr'><strong>βασιλίδος,</strong></span> <span class='ocrx_word' id='word_1_33' title='bbox 697 983 786 1036; x_wconf 85' lang='grc' dir='ltr'><strong>διά</strong></span> <span class='ocrx_word' id='word_1_34' title='bbox 823 1001 881 1037; x_wconf 87' lang='grc' dir='ltr'><strong>τε</strong></span> <span class='ocrx_word' id='word_1_35' title='bbox 927 983 1030 1051; x_wconf 81' lang='grc' dir='ltr'><strong>γῆς</strong></span> <span class='ocrx_word' id='word_1_36' title='bbox 1078 983 1173 1036; x_wconf 72' lang='grc' dir='ltr'>καὶ</span> <span class='ocrx_word' id='word_1_37' title='bbox 1206 983 1484 1053; x_wconf 69' lang='grc' dir='ltr'>θαλάσς..]ς</span> <span class='ocrx_word' id='word_1_38' title='bbox 1539 982 1817 1052; x_wconf 74' lang='grc' dir='ltr'>ὠφέλιμον</span> 
     </span>
    </p>
   </div>
   <div class='ocr_carea' id='block_1_7' title="bbox 229 1067 1818 1146">
    <p class='ocr_par' dir='ltr' id='par_1_7' title="bbox 229 1067 1818 1146">
     <span class='ocr_line' id='line_1_7' title="bbox 229 1067 1818 1146; baseline -0.001 -20"><span class='ocrx_word' id='word_1_39' title='bbox 229 1072 374 1126; x_wconf 75' lang='grc' dir='ltr'>εἶναι</span> <span class='ocrx_word' id='word_1_40' title='bbox 409 1074 603 1146; x_wconf 79' lang='grc' dir='ltr'>κρίνας</span> <span class='ocrx_word' id='word_1_41' title='bbox 642 1075 913 1126; x_wconf 85' lang='grc' dir='ltr'>ποιεῖσθαι</span> <span class='ocrx_word' id='word_1_42' title='bbox 953 1072 1054 1135; x_wconf 84' lang='grc' dir='ltr'><strong>τάς</strong></span> <span class='ocrx_word' id='word_1_43' title='bbox 1107 1074 1438 1142; x_wconf 74' lang='grc' dir='ltr'>προσϐολάς.</span> <span class='ocrx_word' id='word_1_44' title='bbox 1474 1067 1552 1127; x_wconf 63' lang='lat' dir='ltr'><strong>Ob</strong></span> <span class='ocrx_word' id='word_1_45' title='bbox 1589 1075 1818 1142; x_wconf 84' lang='grc' dir='ltr'>γενομέ-</span> 
     </span>
    </p>
   </div>
   <div class='ocr_carea' id='block_1_8' title="bbox 232 1165 1818 1233">
    <p class='ocr_par' dir='ltr' id='par_1_8' title="bbox 232 1165 1818 1233">
     <span class='ocr_line' id='line_1_8' title="bbox 232 1165 1818 1233; baseline 0.001 -17"><span class='ocrx_word' id='word_1_46' title='bbox 232 1183 346 1230; x_wconf 76' lang='grc' dir='ltr'>νου,</span> <span class='ocrx_word' id='word_1_47' title='bbox 380 1168 475 1218; x_wconf 67' lang='grc' dir='ltr'>καὶ</span> <span class='ocrx_word' id='word_1_48' title='bbox 511 1166 650 1219; x_wconf 75' lang='grc' dir='ltr'>κατὰ</span> <span class='ocrx_word' id='word_1_49' title='bbox 681 1165 876 1218; x_wconf 83' lang='grc' dir='ltr'>ταυτὸν</span> <span class='ocrx_word' id='word_1_50' title='bbox 907 1165 1290 1233; x_wconf 80' lang='grc' dir='ltr'>ἀναφανέντων</span> <span class='ocrx_word' id='word_1_51' title='bbox 1324 1183 1433 1218; x_wconf 88' lang='grc' dir='ltr'><strong>των</strong></span> <span class='ocrx_word' id='word_1_52' title='bbox 1455 1183 1514 1218; x_wconf 86' lang='grc' dir='ltr'><strong>τε</strong></span> <span class='ocrx_word' id='word_1_53' title='bbox 1549 1166 1818 1219; x_wconf 83' lang='grc' dir='ltr'><strong>ναυτικῶν</strong></span> 
     </span>
    </p>
   </div>
   <div class='ocr_carea' id='block_1_9' title="bbox 233 1255 1817 1329">
    <p class='ocr_par' dir='ltr' id='par_1_9' title="bbox 233 1255 1817 1329">
     <span class='ocr_line' id='line_1_9' title="bbox 233 1255 1817 1329; baseline 0.001 -20"><span class='ocrx_word' id='word_1_54' title='bbox 233 1259 332 1309; x_wconf 82' lang='grc' dir='ltr'>καὶ</span> <span class='ocrx_word' id='word_1_55' title='bbox 390 1256 633 1320; x_wconf 80' lang='grc' dir='ltr'><strong>πεζικῶν</strong></span> <span class='ocrx_word' id='word_1_56' title='bbox 687 1255 972 1324; x_wconf 78' lang='grc' dir='ltr'><strong>δυνάμεων</strong></span> <span class='ocrx_word' id='word_1_57' title='bbox 1035 1257 1093 1308; x_wconf 84' lang='grc' dir='ltr'>ἐν</span> <span class='ocrx_word' id='word_1_58' title='bbox 1168 1257 1246 1326; x_wconf 80' lang='grc' dir='ltr'><strong>τῷ</strong></span> <span class='ocrx_word' id='word_1_59' title='bbox 1301 1256 1440 1326; x_wconf 81' lang='grc' dir='ltr'>πρὸς</span> <span class='ocrx_word' id='word_1_60' title='bbox 1486 1258 1817 1329; x_wconf 85' lang='grc' dir='ltr'>Βλαχέρναις</span> 
     </span>
    </p>
   </div>
   <div class='ocr_carea' id='block_1_10' title="bbox 235 1347 1816 1420">
    <p class='ocr_par' dir='ltr' id='par_1_10' title="bbox 235 1347 1816 1420">
     <span class='ocr_line' id='line_1_10' title="bbox 235 1347 1816 1420; baseline 0.002 -21"><span class='ocrx_word' id='word_1_61' title='bbox 235 1347 442 1414; x_wconf 80' lang='grc' dir='ltr'>κόλπῳ,</span> <span class='ocrx_word' id='word_1_62' title='bbox 483 1349 759 1417; x_wconf 79' lang='grc' dir='ltr'><strong>ἀντισχεῖν</strong></span> <span class='ocrx_word' id='word_1_63' title='bbox 787 1347 922 1410; x_wconf 81' lang='grc' dir='ltr'>ὅλως</span> <span class='ocrx_word' id='word_1_64' title='bbox 978 1348 1054 1417; x_wconf 84' lang='grc' dir='ltr'>μὴ</span> <span class='ocrx_word' id='word_1_65' title='bbox 1088 1347 1429 1420; x_wconf 82' lang='grc' dir='ltr'><strong>δυνηθείσης,</strong></span> <span class='ocrx_word' id='word_1_66' title='bbox 1461 1351 1537 1414; x_wconf 85' lang='grc' dir='ltr'><strong>ὡς</strong></span> <span class='ocrx_word' id='word_1_67' title='bbox 1580 1353 1816 1420; x_wconf 75' lang='grc' dir='ltr'>εἴρηται,</span> 
     </span>
    </p>
   </div>
   <div class='ocr_carea' id='block_1_11' title="bbox 234 1437 1818 1510">
    <p class='ocr_par' dir='ltr' id='par_1_11' title="bbox 234 1437 1818 1510">
     <span class='ocr_line' id='line_1_11' title="bbox 234 1437 1818 1510; baseline 0.002 -22"><span class='ocrx_word' id='word_1_68' title='bbox 234 1442 336 1508; x_wconf 74' lang='grc' dir='ltr'>τῆς</span> <span class='ocrx_word' id='word_1_69' title='bbox 367 1439 744 1508; x_wconf 79' lang='grc' dir='ltr'>ἐκτεταμένης</span> <span class='ocrx_word' id='word_1_70' title='bbox 793 1441 1022 1508; x_wconf 79' lang='grc' dir='ltr'>σιδηρᾶς</span> <span class='ocrx_word' id='word_1_71' title='bbox 1059 1437 1302 1502; x_wconf 79' lang='grc' dir='ltr'>ἁλύσεως</span> <span class='ocrx_word' id='word_1_72' title='bbox 1324 1480 1338 1504; x_wconf 93' lang='grc'><strong>,</strong></span> <span class='ocrx_word' id='word_1_73' title='bbox 1371 1441 1671 1510; x_wconf 69' lang='grc' dir='ltr'>προσϐολαὶ</span> <span class='ocrx_word' id='word_1_74' title='bbox 1707 1443 1818 1503; x_wconf 86' lang='grc' dir='ltr'>τοῖς</span> 
     </span>
    </p>
   </div>
   <div class='ocr_carea' id='block_1_12' title="bbox 233 1530 1818 1601">
    <p class='ocr_par' dir='ltr' id='par_1_12' title="bbox 233 1530 1818 1601">
     <span class='ocr_line' id='line_1_12' title="bbox 233 1530 1818 1601; baseline 0 -19"><span class='ocrx_word' id='word_1_75' title='bbox 233 1530 442 1600; x_wconf 79' lang='grc' dir='ltr'>τείχεσι</span> <span class='ocrx_word' id='word_1_76' title='bbox 479 1531 819 1600; x_wconf 69' lang='grc' dir='ltr'>πανταχόθεν</span> <span class='ocrx_word' id='word_1_77' title='bbox 846 1530 1105 1597; x_wconf 80' lang='grc' dir='ltr'>ἐγίνοντο.</span> <span class='ocrx_word' id='word_1_78' title='bbox 1144 1530 1374 1601; x_wconf 77' lang='grc' dir='ltr'>Ἐπῆλθε</span> <span class='ocrx_word' id='word_1_79' title='bbox 1409 1532 1464 1584; x_wconf 89' lang='grc' dir='ltr'>δὲ</span> <span class='ocrx_word' id='word_1_80' title='bbox 1494 1533 1612 1600; x_wconf 75' lang='grc' dir='ltr'>μετ’</span> <span class='ocrx_word' id='word_1_81' title='bbox 1641 1531 1818 1600; x_wconf 78' lang='grc' dir='ltr'>ὀλίγον</span> 
     </span>
    </p>
   </div>
   <div class='ocr_carea' id='block_1_13' title="bbox 233 1621 1819 1692">
    <p class='ocr_par' dir='ltr' id='par_1_13' title="bbox 233 1621 1819 1692">
     <span class='ocr_line' id='line_1_13' title="bbox 233 1621 1819 1692; baseline 0 -18"><span class='ocrx_word' id='word_1_82' title='bbox 233 1623 331 1675; x_wconf 74' lang='grc' dir='ltr'>καὶ</span> <span class='ocrx_word' id='word_1_83' title='bbox 381 1623 410 1672; x_wconf 83' lang='grc' dir='ltr'><strong>ὁ</strong></span> <span class='ocrx_word' id='word_1_84' title='bbox 445 1622 668 1691; x_wconf 74' lang='grc' dir='ltr'>Θωμᾶς,</span> <span class='ocrx_word' id='word_1_85' title='bbox 702 1624 797 1675; x_wconf 73' lang='grc' dir='ltr'>καὶ</span> <span class='ocrx_word' id='word_1_86' title='bbox 849 1621 1070 1690; x_wconf 70' lang='grc' dir='ltr'>ἐνεργὸς</span> <span class='ocrx_word' id='word_1_87' title='bbox 1119 1622 1386 1675; x_wconf 79' lang='grc' dir='ltr'>πάντοθεν</span> <span class='ocrx_word' id='word_1_88' title='bbox 1413 1625 1625 1690; x_wconf 76' lang='grc' dir='ltr'>ἐγίνετο</span> <span class='ocrx_word' id='word_1_89' title='bbox 1658 1625 1690 1692; x_wconf 81' lang='grc' dir='ltr'>ἡ</span> <span class='ocrx_word' id='word_1_90' title='bbox 1723 1638 1819 1674; x_wconf 79' lang='grc' dir='ltr'>ποο</span> 
     </span>
    </p>
   </div>
   <div class='ocr_carea' id='block_1_14' title="bbox 234 1711 1816 1782">
    <p class='ocr_par' dir='ltr' id='par_1_14' title="bbox 234 1711 1816 1782">
     <span class='ocr_line' id='line_1_14' title="bbox 234 1711 1816 1782; baseline 0.002 -19"><span class='ocrx_word' id='word_1_91' title='bbox 234 1712 470 1782; x_wconf 76' lang='grc' dir='ltr'>λιορκία.</span> <span class='ocrx_word' id='word_1_92' title='bbox 523 1712 690 1764; x_wconf 81' lang='grc' dir='ltr'>Οὐδὲν</span> <span class='ocrx_word' id='word_1_93' title='bbox 724 1711 781 1764; x_wconf 87' lang='grc' dir='ltr'>δὲ</span> <span class='ocrx_word' id='word_1_94' title='bbox 830 1712 858 1765; x_wconf 82' lang='grc' dir='ltr'><strong>ὅ</strong></span> <span class='ocrx_word' id='word_1_95' title='bbox 883 1730 936 1766; x_wconf 88' lang='grc' dir='ltr'><strong>τι</strong></span> <span class='ocrx_word' id='word_1_96' title='bbox 976 1712 1072 1766; x_wconf 76' lang='grc' dir='ltr'><strong>καὶ</strong></span> <span class='ocrx_word' id='word_1_97' title='bbox 1097 1712 1257 1777; x_wconf 86' lang='grc' dir='ltr'>λόγου</span> <span class='ocrx_word' id='word_1_98' title='bbox 1299 1712 1450 1777; x_wconf 80' lang='grc' dir='ltr'>ἄξιον</span> <span class='ocrx_word' id='word_1_99' title='bbox 1495 1713 1816 1782; x_wconf 82' lang='grc' dir='ltr'>ἐπράττετο,</span> 
     </span>
    </p>
   </div>
   <div class='ocr_carea' id='block_1_15' title="bbox 233 1801 1817 1873">
    <p class='ocr_par' dir='ltr' id='par_1_15' title="bbox 233 1801 1817 1873">
     <span class='ocr_line' id='line_1_15' title="bbox 233 1801 1817 1873; baseline 0 -19"><span class='ocrx_word' id='word_1_100' title='bbox 233 1803 343 1854; x_wconf 81' lang='grc' dir='ltr'>τῶν</span> <span class='ocrx_word' id='word_1_101' title='bbox 375 1802 528 1855; x_wconf 76' lang='grc' dir='ltr'>ἔνδον</span> <span class='ocrx_word' id='word_1_102' title='bbox 557 1801 852 1872; x_wconf 75' lang='grc' dir='ltr'>εὐρώστως</span> <span class='ocrx_word' id='word_1_103' title='bbox 882 1803 1241 1873; x_wconf 79' lang='grc' dir='ltr'>ἀμυνομένων</span> <span class='ocrx_word' id='word_1_104' title='bbox 1277 1803 1368 1854; x_wconf 74' lang='grc' dir='ltr'>καὶ</span> <span class='ocrx_word' id='word_1_105' title='bbox 1413 1802 1512 1865; x_wconf 79' lang='grc' dir='ltr'><strong>τὰς</strong></span> <span class='ocrx_word' id='word_1_106' title='bbox 1543 1804 1817 1867; x_wconf 75' lang='grc' dir='ltr'>ἑλεπόλεις</span> 
     </span>
    </p>
   </div>
   <div class='ocr_carea' id='block_1_16' title="bbox 1320 409 2438 471">
    <p class='ocr_par' dir='ltr' id='par_1_16' title="bbox 1320 409 2438 471">
     <span class='ocr_line' id='line_1_16' title="bbox 1320 409 2438 471; baseline -0.002 -1"><span class='ocrx_word' id='word_1_107' title='bbox 1320 413 1370 470; x_wconf 91' lang='grc' dir='ltr'>Η</span> <span class='ocrx_word' id='word_1_108' title='bbox 1383 410 1799 471; x_wconf 79' lang='lat' dir='ltr'><strong>ISTORIARU</strong></span> <span class='ocrx_word' id='word_1_109' title='bbox 1811 410 1864 468; x_wconf 73' lang='grc' dir='ltr'><strong>Μ</strong></span> <span class='ocrx_word' id='word_1_110' title='bbox 1905 409 2056 469; x_wconf 67' lang='lat' dir='ltr'><strong>CUM</strong></span> <span class='ocrx_word' id='word_1_111' title='bbox 2068 409 2207 469; x_wconf 73' lang='lat' dir='ltr'><strong>PEN</strong></span> <span class='ocrx_word' id='word_1_112' title='bbox 2217 411 2294 470; x_wconf 91' lang='lat' dir='ltr'><strong>Dl</strong></span> <span class='ocrx_word' id='word_1_113' title='bbox 2306 410 2438 469; x_wconf 80' lang='lat' dir='ltr'><strong>UM.</strong></span> 
     </span>
    </p>
   </div>
   <div class='ocr_carea' id='block_1_17' title="bbox 232 521 1981 596">
    <p class='ocr_par' dir='ltr' id='par_1_17' title="bbox 232 521 1981 596">
     <span class='ocr_line' id='line_1_17' title="bbox 232 521 1981 596; baseline -0.005 -15"><span class='ocrx_word' id='word_1_114' title='bbox 232 525 457 596; x_wconf 75' lang='grc' dir='ltr'>κριθείς.</span> <span class='ocrx_word' id='word_1_115' title='bbox 492 523 692 575; x_wconf 84' lang='grc' dir='ltr'>Τουτον</span> <span class='ocrx_word' id='word_1_116' title='bbox 742 521 1303 594; x_wconf 81' lang='grc' dir='ltr'>προσεταιρισάμενος</span> <span class='ocrx_word' id='word_1_117' title='bbox 1331 525 1360 576; x_wconf 85' lang='grc' dir='ltr'><strong>ὁ</strong></span> <span class='ocrx_word' id='word_1_118' title='bbox 1390 524 1592 593; x_wconf 81' lang='grc' dir='ltr'>Θωμᾶς</span> <span class='ocrx_word' id='word_1_119' title='bbox 1645 541 1808 593; x_wconf 90' lang='grc' dir='ltr'>στρα-</span> <span class='ocrx_word' id='word_1_120' title='bbox 1837 528 1883 583; x_wconf 77' lang='grc' dir='ltr'>Α</span> <span class='ocrx_word' id='word_1_121' title='bbox 1916 522 1981 576; x_wconf 85' lang='lat' dir='ltr'><strong>Ut</strong></span> 
     </span>
    </p>
   </div>
   <div class='ocr_carea' id='block_1_18' title="bbox 3396 417 3505 480">
    <p class='ocr_par' dir='ltr' id='par_1_18' title="bbox 3396 417 3505 480">
     <span class='ocr_line' id='line_1_18' title="bbox 3396 417 3505 480; baseline 0.018 -2"><span class='ocrx_word' id='word_1_122' title='bbox 3396 417 3505 480; x_wconf 79' lang='lat'><strong>966</strong></span> 
     </span>
    </p>
   </div>
   <div class='ocr_carea' id='block_1_19' title="bbox 2053 520 3498 592">
    <p class='ocr_par' dir='ltr' id='par_1_19' title="bbox 2053 520 3498 592">
     <span class='ocr_line' id='line_1_19' title="bbox 2053 520 3498 592; baseline 0.007 -20"><span class='ocrx_word' id='word_1_123' title='bbox 2053 536 2183 575; x_wconf 52' lang='lat' dir='ltr'><strong>vero</strong></span> <span class='ocrx_word' id='word_1_124' title='bbox 2240 524 2373 576; x_wconf 85' lang='lat' dir='ltr'><strong>nihil</strong></span> <span class='ocrx_word' id='word_1_125' title='bbox 2425 520 2828 590; x_wconf 75' lang='lat' dir='ltr'><strong>exspeCtationi</strong></span> <span class='ocrx_word' id='word_1_126' title='bbox 2882 523 3002 592; x_wconf 84' lang='lat' dir='ltr'><strong>ejus</strong></span> <span class='ocrx_word' id='word_1_127' title='bbox 3060 533 3498 582; x_wconf 77' lang='lat' dir='ltr'><strong>consentaneum</strong></span> 
     </span>
    </p>
   </div>
   <div class='ocr_carea' id='block_1_20' title="bbox 1920 611 3506 687">
    <p class='ocr_par' dir='ltr' id='par_1_20' title="bbox 1920 611 3506 687">
     <span class='ocr_line' id='line_1_20' title="bbox 1920 611 3506 687; baseline 0.003 -18"><span class='ocrx_word' id='word_1_128' title='bbox 1920 611 2126 669; x_wconf 79' lang='lat' dir='ltr'><strong>evenit.</strong></span> <span class='ocrx_word' id='word_1_129' title='bbox 2169 615 2261 668; x_wconf 83' lang='lat' dir='ltr'><strong>sed</strong></span> <span class='ocrx_word' id='word_1_130' title='bbox 2322 613 2674 669; x_wconf 75' lang='lat' dir='ltr'><strong>contumeliis</strong></span> <span class='ocrx_word' id='word_1_131' title='bbox 2707 628 2926 682; x_wconf 89' lang='lat' dir='ltr'><strong>quoque</strong></span> <span class='ocrx_word' id='word_1_132' title='bbox 2973 625 3057 670; x_wconf 91' lang='lat' dir='ltr'><strong>est</strong></span> <span class='ocrx_word' id='word_1_133' title='bbox 3108 617 3177 672; x_wconf 91' lang='lat' dir='ltr'><strong>ab</strong></span> <span class='ocrx_word' id='word_1_134' title='bbox 3215 619 3506 687; x_wconf 88' lang='lat' dir='ltr'><strong>oppidanis</strong></span> 
     </span>
    </p>
   </div>
   <div class='ocr_carea' id='block_1_21' title="bbox 1923 703 3500 774">
    <p class='ocr_par' dir='ltr' id='par_1_21' title="bbox 1923 703 3500 774">
     <span class='ocr_line' id='line_1_21' title="bbox 1923 703 3500 774; baseline 0.004 -17"><span class='ocrx_word' id='word_1_135' title='bbox 1923 703 2177 767; x_wconf 71' lang='lat' dir='ltr'><strong>allectus,</strong></span> <span class='ocrx_word' id='word_1_136' title='bbox 2209 706 2281 758; x_wconf 76' lang='lat' dir='ltr'><strong>ibi</strong></span> <span class='ocrx_word' id='word_1_137' title='bbox 2320 721 2433 758; x_wconf 75' lang='lat' dir='ltr'><strong>tum</strong></span> <span class='ocrx_word' id='word_1_138' title='bbox 2464 716 2646 759; x_wconf 80' lang='lat' dir='ltr'><strong>castra</strong></span> <span class='ocrx_word' id='word_1_139' title='bbox 2680 706 2734 759; x_wconf 90' lang='lat' dir='ltr'><strong>in</strong></span> <span class='ocrx_word' id='word_1_140' title='bbox 2765 706 2886 759; x_wconf 91' lang='lat' dir='ltr'><strong>loco</strong></span> <span class='ocrx_word' id='word_1_141' title='bbox 2907 707 2998 774; x_wconf 86' lang='lat' dir='ltr'><strong>qui</strong></span> <span class='ocrx_word' id='word_1_142' title='bbox 3031 707 3242 764; x_wconf 84' lang='lat' dir='ltr'><strong>Paulini</strong></span> <span class='ocrx_word' id='word_1_143' title='bbox 3274 710 3500 774; x_wconf 88' lang='lat' dir='ltr'><strong>dicitur,</strong></span> 
     </span>
    </p>
   </div>
   <div class='ocr_carea' id='block_1_22' title="bbox 1922 797 3505 868">
    <p class='ocr_par' dir='ltr' id='par_1_22' title="bbox 1922 797 3505 868">
     <span class='ocr_line' id='line_1_22' title="bbox 1922 797 3505 868; baseline 0.004 -18"><span class='ocrx_word' id='word_1_144' title='bbox 1922 797 2016 850; x_wconf 91' lang='lat' dir='ltr'><strong>ubi</strong></span> <span class='ocrx_word' id='word_1_145' title='bbox 2053 797 2408 850; x_wconf 80' lang='lat' dir='ltr'><strong>miriﬁcarum</strong></span> <span class='ocrx_word' id='word_1_146' title='bbox 2435 800 2842 868; x_wconf 81' lang='lat' dir='ltr'><strong>Anargyrorum</strong></span> <span class='ocrx_word' id='word_1_147' title='bbox 2876 799 3137 868; x_wconf 87' lang='lat' dir='ltr'><strong>templum</strong></span> <span class='ocrx_word' id='word_1_148' title='bbox 3171 810 3276 865; x_wconf 87' lang='lat' dir='ltr'><strong>est,</strong></span> <span class='ocrx_word' id='word_1_149' title='bbox 3312 802 3505 858; x_wconf 89' lang='lat' dir='ltr'><strong>admo-</strong></span> 
     </span>
    </p>
   </div>
   <div class='ocr_carea' id='block_1_23' title="bbox 1922 888 3504 966">
    <p class='ocr_par' dir='ltr' id='par_1_23' title="bbox 1922 888 3504 966">
     <span class='ocr_line' id='line_1_23' title="bbox 1922 888 3504 966; baseline 0.007 -25"><span class='ocrx_word' id='word_1_150' title='bbox 1922 888 2051 941; x_wconf 87' lang='lat' dir='ltr'><strong>dum</strong></span> <span class='ocrx_word' id='word_1_151' title='bbox 2105 889 2339 953; x_wconf 88' lang='lat' dir='ltr'><strong>muniit,</strong></span> <span class='ocrx_word' id='word_1_152' title='bbox 2375 889 2636 958; x_wconf 75' lang='lat' dir='ltr'><strong>misitque</strong></span> <span class='ocrx_word' id='word_1_153' title='bbox 2682 892 2980 946; x_wconf 81' lang='lat' dir='ltr'><strong>exercitum</strong></span> <span class='ocrx_word' id='word_1_154' title='bbox 3022 891 3091 945; x_wconf 88' lang='lat' dir='ltr'><strong>ad</strong></span> <span class='ocrx_word' id='word_1_155' title='bbox 3137 907 3288 948; x_wconf 86' lang='lat' dir='ltr'><strong>mare</strong></span> <span class='ocrx_word' id='word_1_156' title='bbox 3331 911 3504 966; x_wconf 86' lang='lat' dir='ltr'><strong>usque</strong></span> 
     </span>
    </p>
   </div>
   <div class='ocr_carea' id='block_1_24' title="bbox 1924 979 3501 1051">
    <p class='ocr_par' dir='ltr' id='par_1_24' title="bbox 1924 979 3501 1051">
     <span class='ocr_line' id='line_1_24' title="bbox 1924 979 3501 1051; baseline 0.006 -19"><span class='ocrx_word' id='word_1_157' title='bbox 1924 979 2200 1033; x_wconf 76' lang='lat' dir='ltr'><strong>Euxinum</strong></span> <span class='ocrx_word' id='word_1_158' title='bbox 2232 992 2286 1034; x_wconf 87' lang='lat' dir='ltr'><strong>et</strong></span> <span class='ocrx_word' id='word_1_159' title='bbox 2319 979 2388 1033; x_wconf 92' lang='lat' dir='ltr'><strong>ad</strong></span> <span class='ocrx_word' id='word_1_160' title='bbox 2442 980 2694 1041; x_wconf 81' lang='lat' dir='ltr'><strong>Hierum,</strong></span> <span class='ocrx_word' id='word_1_161' title='bbox 2733 983 2992 1051; x_wconf 88' lang='lat' dir='ltr'><strong>oppidula</strong></span> <span class='ocrx_word' id='word_1_162' title='bbox 3042 983 3108 1037; x_wconf 88' lang='lat' dir='ltr'><strong>ad</strong></span> <span class='ocrx_word' id='word_1_163' title='bbox 3140 984 3501 1044; x_wconf 78' lang='lat' dir='ltr'><strong>defectionem</strong></span> 
     </span>
    </p>
   </div>
   <div class='ocr_carea' id='block_1_25' title="bbox 1925 1069 3505 1144">
    <p class='ocr_par' dir='ltr' id='par_1_25' title="bbox 1925 1069 3505 1144">
     <span class='ocr_line' id='line_1_25' title="bbox 1925 1069 3505 1144; baseline 0.004 -19"><span class='ocrx_word' id='word_1_164' title='bbox 1925 1069 2234 1125; x_wconf 78' lang='lat' dir='ltr'><strong>sollicitans</strong></span> <span class='ocrx_word' id='word_1_165' title='bbox 2267 1084 2337 1124; x_wconf 91' lang='lat' dir='ltr'><strong>ne</strong></span> <span class='ocrx_word' id='word_1_166' title='bbox 2367 1085 2529 1139; x_wconf 86' lang='lat' dir='ltr'><strong>quem</strong></span> <span class='ocrx_word' id='word_1_167' title='bbox 2552 1086 2580 1122; x_wconf 90' lang='lat' dir='ltr'><strong>a</strong></span> <span class='ocrx_word' id='word_1_168' title='bbox 2607 1077 2758 1140; x_wconf 84' lang='lat' dir='ltr'><strong>tergo</strong></span> <span class='ocrx_word' id='word_1_169' title='bbox 2789 1072 2998 1128; x_wconf 82' lang='lat' dir='ltr'><strong>hostem</strong></span> <span class='ocrx_word' id='word_1_170' title='bbox 3026 1074 3384 1144; x_wconf 81' lang='lat' dir='ltr'><strong>relinqueret.</strong></span> <span class='ocrx_word' id='word_1_171' title='bbox 3411 1076 3505 1133; x_wconf 86' lang='lat' dir='ltr'><strong>His</strong></span> 
     </span>
    </p>
   </div>
   <div class='ocr_carea' id='block_1_26' title="bbox 1926 1162 3507 1238">
    <p class='ocr_par' dir='ltr' id='par_1_26' title="bbox 1926 1162 3507 1238">
     <span class='ocr_line' id='line_1_26' title="bbox 1926 1162 3507 1238; baseline 0.004 -22"><span class='ocrx_word' id='word_1_172' title='bbox 1926 1163 1999 1217; x_wconf 87' lang='lat' dir='ltr'><strong>ita</strong></span> <span class='ocrx_word' id='word_1_173' title='bbox 2042 1162 2382 1228; x_wconf 90' lang='lat' dir='ltr'><strong>constitutis,</strong></span> <span class='ocrx_word' id='word_1_174' title='bbox 2415 1163 2544 1216; x_wconf 93' lang='lat' dir='ltr'><strong>dum</strong></span> <span class='ocrx_word' id='word_1_175' title='bbox 2577 1164 2865 1232; x_wconf 85' lang='lat' dir='ltr'><strong>apparatui</strong></span> <span class='ocrx_word' id='word_1_176' title='bbox 2897 1165 3105 1234; x_wconf 91' lang='lat' dir='ltr'><strong>aliquot</strong></span> <span class='ocrx_word' id='word_1_177' title='bbox 3131 1167 3250 1224; x_wconf 89' lang='lat' dir='ltr'><strong>dies</strong></span> <span class='ocrx_word' id='word_1_178' title='bbox 3291 1168 3507 1238; x_wconf 89' lang='lat' dir='ltr'><strong>impen-</strong></span> 
     </span>
    </p>
   </div>
   <div class='ocr_carea' id='block_1_27' title="bbox 1926 1253 3507 1322">
    <p class='ocr_par' dir='ltr' id='par_1_27' title="bbox 1926 1253 3507 1322">
     <span class='ocr_line' id='line_1_27' title="bbox 1926 1253 3507 1322; baseline 0.004 -16"><span class='ocrx_word' id='word_1_179' title='bbox 1926 1253 2026 1316; x_wconf 91' lang='lat' dir='ltr'><strong>dit,</strong></span> <span class='ocrx_word' id='word_1_180' title='bbox 2059 1269 2124 1306; x_wconf 70' lang='lat' dir='ltr'><strong>cx</strong></span> <span class='ocrx_word' id='word_1_181' title='bbox 2166 1253 2389 1321; x_wconf 84' lang='lat' dir='ltr'><strong>specula</strong></span> <span class='ocrx_word' id='word_1_182' title='bbox 2427 1253 2662 1322; x_wconf 88' lang='lat' dir='ltr'><strong>quadam</strong></span> <span class='ocrx_word' id='word_1_183' title='bbox 2708 1255 2856 1307; x_wconf 71' lang='lat' dir='ltr'><strong>\Ildt‘l</strong></span> <span class='ocrx_word' id='word_1_184' title='bbox 2889 1253 3217 1310; x_wconf 85' lang='lat' dir='ltr'><strong>Michaelum</strong></span> <span class='ocrx_word' id='word_1_185' title='bbox 3265 1259 3319 1312; x_wconf 91' lang='lat' dir='ltr'><strong>in</strong></span> <span class='ocrx_word' id='word_1_186' title='bbox 3359 1266 3507 1314; x_wconf 89' lang='lat' dir='ltr'><strong>tecto</strong></span> 
     </span>
    </p>
   </div>
   <div class='ocr_carea' id='block_1_28' title="bbox 1927 1340 3505 1417">
    <p class='ocr_par' dir='ltr' id='par_1_28' title="bbox 1927 1340 3505 1417">
     <span class='ocr_line' id='line_1_28' title="bbox 1927 1340 3505 1417; baseline 0.004 -21"><span class='ocrx_word' id='word_1_187' title='bbox 1927 1343 2060 1396; x_wconf 82' lang='lat' dir='ltr'><strong>aedis</strong></span> <span class='ocrx_word' id='word_1_188' title='bbox 2103 1340 2355 1410; x_wconf 69' lang='lat' dir='ltr'><strong>Deiparee</strong></span> <span class='ocrx_word' id='word_1_189' title='bbox 2381 1341 2807 1398; x_wconf 87' lang='lat' dir='ltr'><strong>Blachernensis</strong></span> <span class='ocrx_word' id='word_1_190' title='bbox 2836 1345 3053 1414; x_wconf 82' lang='lat' dir='ltr'><strong>signqu</strong></span> <span class='ocrx_word' id='word_1_191' title='bbox 3086 1345 3211 1398; x_wconf 83' lang='lat' dir='ltr'><strong>belli</strong></span> <span class='ocrx_word' id='word_1_192' title='bbox 3247 1346 3505 1417; x_wconf 81' lang='lat' dir='ltr'><strong>deligere,</strong></span> 
     </span>
    </p>
   </div>
   <div class='ocr_carea' id='block_1_29' title="bbox 1927 1433 3508 1506">
    <p class='ocr_par' dir='ltr' id='par_1_29' title="bbox 1927 1433 3508 1506">
     <span class='ocr_line' id='line_1_29' title="bbox 1927 1433 3508 1506; baseline 0.002 -19"><span class='ocrx_word' id='word_1_193' title='bbox 1927 1433 2167 1501; x_wconf 84' lang='lat' dir='ltr'><strong>indeque</strong></span> <span class='ocrx_word' id='word_1_194' title='bbox 2201 1433 2344 1486; x_wconf 84' lang='lat' dir='ltr'><strong>vires</strong></span> <span class='ocrx_word' id='word_1_195' title='bbox 2392 1443 2583 1486; x_wconf 89' lang='lat' dir='ltr'><strong>contra</strong></span> <span class='ocrx_word' id='word_1_196' title='bbox 2626 1434 2837 1488; x_wconf 83' lang='lat' dir='ltr'><strong>hostem</strong></span> <span class='ocrx_word' id='word_1_197' title='bbox 2879 1435 3178 1502; x_wconf 89' lang='lat' dir='ltr'><strong>deposcere</strong></span> <span class='ocrx_word' id='word_1_198' title='bbox 3208 1444 3372 1506; x_wconf 90' lang='lat' dir='ltr'><strong>atquc</strong></span> <span class='ocrx_word' id='word_1_199' title='bbox 3408 1453 3508 1492; x_wconf 76' lang='lat' dir='ltr'><strong>cx-</strong></span> 
     </span>
    </p>
   </div>
   <div class='ocr_carea' id='block_1_30' title="bbox 1929 1524 3507 1595">
    <p class='ocr_par' dir='ltr' id='par_1_30' title="bbox 1929 1524 3507 1595">
     <span class='ocr_line' id='line_1_30' title="bbox 1929 1524 3507 1595; baseline 0.003 -17"><span class='ocrx_word' id='word_1_200' title='bbox 1929 1535 2199 1594; x_wconf 83' lang='lat' dir='ltr'><strong>spectarc,</strong></span> <span class='ocrx_word' id='word_1_201' title='bbox 2235 1525 2402 1578; x_wconf 83' lang='lat' dir='ltr'><strong>ﬁlium</strong></span> <span class='ocrx_word' id='word_1_202' title='bbox 2439 1533 2622 1578; x_wconf 88' lang='lat' dir='ltr'><strong>autem</strong></span> <span class='ocrx_word' id='word_1_203' title='bbox 2652 1524 2772 1592; x_wconf 85' lang='lat' dir='ltr'><strong>ejus</strong></span> <span class='ocrx_word' id='word_1_204' title='bbox 2804 1524 3169 1595; x_wconf 78' lang='lat' dir='ltr'><strong>Theophilum</strong></span> <span class='ocrx_word' id='word_1_205' title='bbox 3207 1535 3318 1580; x_wconf 89' lang='lat' dir='ltr'><strong>tota</strong></span> <span class='ocrx_word' id='word_1_206' title='bbox 3355 1529 3507 1583; x_wconf 91' lang='lat' dir='ltr'><strong>urhis</strong></span> 
     </span>
    </p>
   </div>
   <div class='ocr_carea' id='block_1_31' title="bbox 1928 1616 3506 1684">
    <p class='ocr_par' dir='ltr' id='par_1_31' title="bbox 1928 1616 3506 1684">
     <span class='ocr_line' id='line_1_31' title="bbox 1928 1616 3506 1684; baseline 0.003 -15"><span class='ocrx_word' id='word_1_207' title='bbox 1928 1619 2128 1672; x_wconf 76' lang='lat' dir='ltr'><strong>mmnia</strong></span> <span class='ocrx_word' id='word_1_208' title='bbox 2169 1616 2464 1670; x_wconf 88' lang='lat' dir='ltr'><strong>circumire</strong></span> <span class='ocrx_word' id='word_1_209' title='bbox 2494 1631 2618 1669; x_wconf 90' lang='lat' dir='ltr'><strong>cum</strong></span> <span class='ocrx_word' id='word_1_210' title='bbox 2654 1617 2968 1684; x_wconf 83' lang='lat' dir='ltr'><strong>patriarcha</strong></span> <span class='ocrx_word' id='word_1_211' title='bbox 3005 1629 3058 1673; x_wconf 90' lang='lat' dir='ltr'><strong>et</strong></span> <span class='ocrx_word' id='word_1_212' title='bbox 3096 1634 3258 1673; x_wconf 89' lang='lat' dir='ltr'><strong>sacro</strong></span> <span class='ocrx_word' id='word_1_213' title='bbox 3291 1619 3506 1684; x_wconf 84' lang='lat' dir='ltr'><strong>ordine,</strong></span> 
     </span>
    </p>
   </div>
   <div class='ocr_carea' id='block_1_32' title="bbox 1927 1708 3507 1778">
    <p class='ocr_par' dir='ltr' id='par_1_32' title="bbox 1927 1708 3507 1778">
     <span class='ocr_line' id='line_1_32' title="bbox 1927 1708 3507 1778; baseline 0.001 -14"><span class='ocrx_word' id='word_1_214' title='bbox 1927 1724 2132 1778; x_wconf 88' lang='lat' dir='ltr'><strong>eosque</strong></span> <span class='ocrx_word' id='word_1_215' title='bbox 2161 1723 2348 1763; x_wconf 89' lang='lat' dir='ltr'><strong>secum</strong></span> <span class='ocrx_word' id='word_1_216' title='bbox 2379 1708 2738 1762; x_wconf 78' lang='lat' dir='ltr'><strong>circumferre</strong></span> <span class='ocrx_word' id='word_1_217' title='bbox 2767 1708 2970 1778; x_wconf 77' lang='lat' dir='ltr'><strong>lignum</strong></span> <span class='ocrx_word' id='word_1_218' title='bbox 2995 1712 3198 1774; x_wconf 88' lang='lat' dir='ltr'><strong>crucis,</strong></span> <span class='ocrx_word' id='word_1_219' title='bbox 3216 1719 3269 1764; x_wconf 93' lang='lat' dir='ltr'><strong>et</strong></span> <span class='ocrx_word' id='word_1_220' title='bbox 3293 1711 3507 1765; x_wconf 77' lang='lat' dir='ltr'><strong>ir-tac&#39;a:</strong></span> 
     </span>
    </p>
   </div>
   <div class='ocr_carea' id='block_1_33' title="bbox 1929 1798 3504 1871">
    <p class='ocr_par' dir='ltr' id='par_1_33' title="bbox 1929 1798 3504 1871">
     <span class='ocr_line' id='line_1_33' title="bbox 1929 1798 3504 1871; baseline 0.003 -20"><span class='ocrx_word' id='word_1_221' title='bbox 1929 1798 2177 1868; x_wconf 67' lang='lat' dir='ltr'><strong>Dciparte</strong></span> <span class='ocrx_word' id='word_1_222' title='bbox 2206 1808 2436 1852; x_wconf 85' lang='lat' dir='ltr'><strong>vestem.</strong></span> <span class='ocrx_word' id='word_1_223' title='bbox 2481 1801 2593 1854; x_wconf 87' lang='lat' dir='ltr'><strong>lloc</strong></span> <span class='ocrx_word' id='word_1_224' title='bbox 2624 1815 2747 1869; x_wconf 89' lang='lat' dir='ltr'><strong>spes</strong></span> <span class='ocrx_word' id='word_1_225' title='bbox 2799 1801 2920 1871; x_wconf 87' lang='lat' dir='ltr'><strong>ejus</strong></span> <span class='ocrx_word' id='word_1_226' title='bbox 2961 1800 3028 1854; x_wconf 83' lang='lat' dir='ltr'><strong>de</strong></span> <span class='ocrx_word' id='word_1_227' title='bbox 3063 1817 3278 1855; x_wconf 91' lang='lat' dir='ltr'><strong>summa</strong></span> <span class='ocrx_word' id='word_1_228' title='bbox 3322 1817 3504 1855; x_wconf 89' lang='lat' dir='ltr'><strong>rerum</strong></span> 
     </span>
    </p>
   </div>
   <div class='ocr_carea' id='block_1_34' title="bbox 235 1886 1830 1966">
    <p class='ocr_par' dir='ltr' id='par_1_34' title="bbox 235 1893 1816 1966">
     <span class='ocr_line' id='line_1_34' title="bbox 235 1893 1816 1966; baseline -0.001 -18"><span class='ocrx_word' id='word_1_229' title='bbox 235 1893 671 1965; x_wconf 77' lang='grc' dir='ltr'>ὲκκρουομένων.</span> <span class='ocrx_word' id='word_1_230' title='bbox 732 1897 890 1965; x_wconf 80' lang='grc' dir='ltr'>ᾬετο</span> <span class='ocrx_word' id='word_1_231' title='bbox 934 1893 1034 1964; x_wconf 81' lang='grc' dir='ltr'>μὲν</span> <span class='ocrx_word' id='word_1_232' title='bbox 1095 1894 1205 1965; x_wconf 84' lang='grc' dir='ltr'><strong>γὰρ</strong></span> <span class='ocrx_word' id='word_1_233' title='bbox 1265 1896 1293 1946; x_wconf 85' lang='grc' dir='ltr'>ὁ</span> <span class='ocrx_word' id='word_1_234' title='bbox 1341 1894 1544 1966; x_wconf 75' lang='grc' dir='ltr'>Θωμᾶς</span> <span class='ocrx_word' id='word_1_235' title='bbox 1597 1897 1715 1964; x_wconf 80' lang='grc' dir='ltr'>ἅμα</span> <span class='ocrx_word' id='word_1_236' title='bbox 1757 1913 1816 1947; x_wconf 85' lang='grc' dir='ltr'><strong>τε</strong></span> 
     </span>
    </p>
   </div>
   <div class='ocr_carea' id='block_1_35' title="bbox 1922 1886 3510 1966">
    <p class='ocr_par' dir='ltr' id='par_1_35' title="bbox 1929 1890 3510 1964">
     <span class='ocr_line' id='line_1_35' title="bbox 1929 1890 3510 1964; baseline 0.003 -20"><span class='ocrx_word' id='word_1_237' title='bbox 1929 1890 2086 1946; x_wconf 88' lang='lat' dir='ltr'><strong>valde</strong></span> <span class='ocrx_word' id='word_1_238' title='bbox 2125 1891 2496 1951; x_wconf 78' lang='lat' dir='ltr'><strong>labefactavit,</strong></span> <span class='ocrx_word' id='word_1_239' title='bbox 2542 1893 2819 1962; x_wconf 89' lang='lat' dir='ltr'><strong>variisque</strong></span> <span class='ocrx_word' id='word_1_240' title='bbox 2873 1893 3178 1949; x_wconf 75' lang='lat' dir='ltr'><strong>distractus</strong></span> <span class='ocrx_word' id='word_1_241' title='bbox 3221 1896 3510 1964; x_wconf 74' lang='lat' dir='ltr'><strong>cogitatio-</strong></span> 
     </span>
    </p>
   </div>
   <div class='ocr_carea' id='block_1_36' title="bbox 235 1986 1826 2059">
    <p class='ocr_par' dir='ltr' id='par_1_36' title="bbox 235 1986 1826 2059">
     <span class='ocr_line' id='line_1_36' title="bbox 235 1986 1826 2059; baseline 0.001 -20"><span class='ocrx_word' id='word_1_242' title='bbox 235 1989 568 2059; x_wconf 74' lang='grc' dir='ltr'>ἐπιφανῆναι</span> <span class='ocrx_word' id='word_1_243' title='bbox 602 1990 667 2058; x_wconf 83' lang='grc' dir='ltr'><strong>τῇ</strong></span> <span class='ocrx_word' id='word_1_244' title='bbox 713 1986 942 2057; x_wconf 81' lang='grc' dir='ltr'>βασιλίδι</span> <span class='ocrx_word' id='word_1_245' title='bbox 986 1988 1080 2040; x_wconf 73' lang='grc' dir='ltr'>καὶ</span> <span class='ocrx_word' id='word_1_246' title='bbox 1108 1987 1227 2057; x_wconf 77' lang='grc' dir='ltr'>ἅμα</span> <span class='ocrx_word' id='word_1_247' title='bbox 1259 1988 1387 2051; x_wconf 72' lang='grc' dir='ltr'>τοὺς</span> <span class='ocrx_word' id='word_1_248' title='bbox 1429 1987 1656 2049; x_wconf 84' lang='grc' dir='ltr'>πολίτας</span> <span class='ocrx_word' id='word_1_249' title='bbox 1693 1987 1826 2041; x_wconf 83' lang='grc' dir='ltr'>ἀνα-</span> 
     </span>
    </p>
   </div>
   <div class='ocr_carea' id='block_1_37' title="bbox 235 2079 1825 2150">
    <p class='ocr_par' dir='ltr' id='par_1_37' title="bbox 235 2079 1825 2150">
     <span class='ocr_line' id='line_1_37' title="bbox 235 2079 1825 2150; baseline -0.002 -17"><span class='ocrx_word' id='word_1_250' title='bbox 235 2080 472 2134; x_wconf 86' lang='grc' dir='ltr'>πετάσαι</span> <span class='ocrx_word' id='word_1_251' title='bbox 522 2079 673 2150; x_wconf 76' lang='grc' dir='ltr'>αὐτῷ</span> <span class='ocrx_word' id='word_1_252' title='bbox 702 2080 802 2142; x_wconf 74' lang='grc' dir='ltr'><strong>τὰς</strong></span> <span class='ocrx_word' id='word_1_253' title='bbox 852 2080 1028 2143; x_wconf 88' lang='grc' dir='ltr'>πύλας</span> <span class='ocrx_word' id='word_1_254' title='bbox 1067 2080 1154 2132; x_wconf 82' lang='grc' dir='ltr'><strong>διά</strong></span> <span class='ocrx_word' id='word_1_255' title='bbox 1209 2081 1270 2132; x_wconf 68' lang='grc' dir='ltr'>τὸ</span> <span class='ocrx_word' id='word_1_256' title='bbox 1317 2079 1452 2149; x_wconf 84' lang='grc' dir='ltr'>πρὸς</span> <span class='ocrx_word' id='word_1_257' title='bbox 1482 2079 1572 2132; x_wconf 83' lang='grc' dir='ltr'>τὸν</span> <span class='ocrx_word' id='word_1_258' title='bbox 1605 2079 1825 2148; x_wconf 81' lang='grc' dir='ltr'>Μιχαὴλ</span> 
     </span>
    </p>
   </div>
   <div class='ocr_carea' id='block_1_38' title="bbox 236 2169 1824 2244">
    <p class='ocr_par' dir='ltr' id='par_1_38' title="bbox 236 2169 1824 2244">
     <span class='ocr_line' id='line_1_38' title="bbox 236 2169 1824 2244; baseline -0.002 -19"><span class='ocrx_word' id='word_1_259' title='bbox 236 2175 415 2244; x_wconf 85' lang='grc' dir='ltr'>μῖσος,</span> <span class='ocrx_word' id='word_1_260' title='bbox 459 2172 554 2227; x_wconf 75' lang='grc' dir='ltr'>καὶ</span> <span class='ocrx_word' id='word_1_261' title='bbox 597 2174 687 2227; x_wconf 75' lang='grc' dir='ltr'>διὰ</span> <span class='ocrx_word' id='word_1_262' title='bbox 735 2172 896 2225; x_wconf 79' lang='grc' dir='ltr'>τοῦτο</span> <span class='ocrx_word' id='word_1_263' title='bbox 949 2172 1039 2224; x_wconf 82' lang='grc' dir='ltr'><strong>τόν</strong></span> <span class='ocrx_word' id='word_1_264' title='bbox 1080 2188 1141 2224; x_wconf 90' lang='grc' dir='ltr'><strong>τε</strong></span> <span class='ocrx_word' id='word_1_265' title='bbox 1204 2172 1508 2242; x_wconf 72' lang='grc' dir='ltr'>Γρηγόριον</span> <span class='ocrx_word' id='word_1_266' title='bbox 1562 2171 1700 2241; x_wconf 77' lang='grc'>(75),</span> <span class='ocrx_word' id='word_1_267' title='bbox 1747 2169 1824 2232; x_wconf 87' lang='grc' dir='ltr'>ὼς</span> 
     </span>
    </p>
   </div>
   <div class='ocr_carea' id='block_1_39' title="bbox 233 2263 1825 2336">
    <p class='ocr_par' dir='ltr' id='par_1_39' title="bbox 233 2263 1825 2336">
     <span class='ocr_line' id='line_1_39' title="bbox 233 2263 1825 2336; baseline -0.003 -16"><span class='ocrx_word' id='word_1_268' title='bbox 233 2267 486 2336; x_wconf 83' lang='grc' dir='ltr'>εἴπομεν,</span> <span class='ocrx_word' id='word_1_269' title='bbox 520 2266 788 2336; x_wconf 86' lang='grc' dir='ltr'>πρότερον</span> <span class='ocrx_word' id='word_1_270' title='bbox 823 2264 1060 2333; x_wconf 74' lang='grc' dir='ltr'>ἔπεμψε,</span> <span class='ocrx_word' id='word_1_271' title='bbox 1099 2264 1192 2316; x_wconf 83' lang='grc' dir='ltr'>καὶ</span> <span class='ocrx_word' id='word_1_272' title='bbox 1217 2264 1382 2327; x_wconf 71' lang='grc' dir='ltr'>αὐτὸς</span> <span class='ocrx_word' id='word_1_273' title='bbox 1410 2264 1642 2318; x_wconf 56' lang='grc' dir='ltr'><strong>πανσυδὶ⁵</strong></span> <span class='ocrx_word' id='word_1_274' title='bbox 1683 2263 1825 2333; x_wconf 78' lang='grc' dir='ltr'>μετὰ</span> 
     </span>
    </p>
   </div>
   <div class='ocr_carea' id='block_1_40' title="bbox 234 2353 1824 2425">
    <p class='ocr_par' dir='ltr' id='par_1_40' title="bbox 234 2353 1824 2425">
     <span class='ocr_line' id='line_1_40' title="bbox 234 2353 1824 2425; baseline -0.004 -15"><span class='ocrx_word' id='word_1_275' title='bbox 234 2357 330 2411; x_wconf 82' lang='grc' dir='ltr'><strong>καὶ</strong></span> <span class='ocrx_word' id='word_1_276' title='bbox 367 2357 463 2409; x_wconf 82' lang='grc' dir='ltr'>τοῦ</span> <span class='ocrx_word' id='word_1_277' title='bbox 493 2355 904 2425; x_wconf 74' lang='grc' dir='ltr'>υἱοθετηθὲντος</span> <span class='ocrx_word' id='word_1_278' title='bbox 944 2353 1094 2422; x_wconf 77' lang='grc' dir='ltr'><strong>αὑτῷ</strong></span> <span class='ocrx_word' id='word_1_279' title='bbox 1140 2355 1499 2406; x_wconf 80' lang='grc' dir='ltr'>’Λναστασίου</span> <span class='ocrx_word' id='word_1_280' title='bbox 1521 2392 1536 2416; x_wconf 94' lang='grc'><strong>,</strong></span> <span class='ocrx_word' id='word_1_281' title='bbox 1570 2354 1696 2422; x_wconf 81' lang='grc' dir='ltr'>ἄρτι</span> <span class='ocrx_word' id='word_1_282' title='bbox 1732 2353 1824 2405; x_wconf 84' lang='grc' dir='ltr'>τὸν</span> 
     </span>
    </p>
   </div>
   <div class='ocr_carea' id='block_1_41' title="bbox 238 2444 1824 2517">
    <p class='ocr_par' dir='ltr' id='par_1_41' title="bbox 238 2444 1824 2517">
     <span class='ocr_line' id='line_1_41' title="bbox 238 2444 1824 2517; baseline -0.001 -17"><span class='ocrx_word' id='word_1_283' title='bbox 238 2447 538 2516; x_wconf 70' lang='grc' dir='ltr'>μοναχικὸν</span> <span class='ocrx_word' id='word_1_284' title='bbox 570 2447 956 2517; x_wconf 74' lang='grc' dir='ltr'>ἀρνησαμένου</span> <span class='ocrx_word' id='word_1_285' title='bbox 986 2444 1100 2513; x_wconf 81' lang='grc' dir='ltr'>βίον</span> <span class='ocrx_word' id='word_1_286' title='bbox 1131 2447 1223 2496; x_wconf 76' lang='grc' dir='ltr'>καὶ</span> <span class='ocrx_word' id='word_1_287' title='bbox 1252 2445 1390 2512; x_wconf 84' lang='grc' dir='ltr'>πρὸς</span> <span class='ocrx_word' id='word_1_288' title='bbox 1423 2445 1514 2497; x_wconf 72' lang='grc' dir='ltr'>τὸν</span> <span class='ocrx_word' id='word_1_289' title='bbox 1559 2445 1824 2514; x_wconf 72' lang='grc' dir='ltr'>κοσμικδν</span> 
     </span>
    </p>
   </div>
   <div class='ocr_carea' id='block_1_42' title="bbox 233 2535 1822 2606">
    <p class='ocr_par' dir='ltr' id='par_1_42' title="bbox 233 2535 1822 2606">
     <span class='ocr_line' id='line_1_42' title="bbox 233 2535 1822 2606; baseline -0.004 -14"><span class='ocrx_word' id='word_1_290' title='bbox 233 2539 650 2602; x_wconf 82' lang='grc' dir='ltr'>ἀποκλίναντος,</span> <span class='ocrx_word' id='word_1_291' title='bbox 684 2538 915 2590; x_wconf 80' lang='grc' dir='ltr'>κατόπιν</span> <span class='ocrx_word' id='word_1_292' title='bbox 961 2535 1426 2606; x_wconf 77' lang='grc' dir='ltr'>ἐπηκολούθησεν·</span> <span class='ocrx_word' id='word_1_293' title='bbox 1462 2537 1538 2598; x_wconf 92' lang='grc' dir='ltr'><strong>ώς</strong></span> <span class='ocrx_word' id='word_1_294' title='bbox 1583 2535 1639 2587; x_wconf 82' lang='grc' dir='ltr'>δὲ</span> <span class='ocrx_word' id='word_1_295' title='bbox 1669 2536 1822 2587; x_wconf 78' lang='grc' dir='ltr'>οὐδὲν</span> 
     </span>
    </p>
   </div>
   <div class='ocr_carea' id='block_1_43' title="bbox 233 2627 1822 2698">
    <p class='ocr_par' dir='ltr' id='par_1_43' title="bbox 233 2627 1822 2698">
     <span class='ocr_line' id='line_1_43' title="bbox 233 2627 1822 2698; baseline -0.001 -15"><span class='ocrx_word' id='word_1_296' title='bbox 233 2631 344 2683; x_wconf 83' lang='grc' dir='ltr'><strong>τῶν</strong></span> <span class='ocrx_word' id='word_1_297' title='bbox 374 2630 496 2682; x_wconf 84' lang='grc' dir='ltr'>κατ’</span> <span class='ocrx_word' id='word_1_298' title='bbox 538 2629 760 2692; x_wconf 74' lang='grc' dir='ltr'>ἐλπίδας</span> <span class='ocrx_word' id='word_1_299' title='bbox 791 2627 941 2698; x_wconf 79' lang='grc' dir='ltr'><strong>αύτῷ</strong></span> <span class='ocrx_word' id='word_1_300' title='bbox 972 2628 1308 2698; x_wconf 81' lang='grc' dir='ltr'>ἀπήντησεν,</span> <span class='ocrx_word' id='word_1_301' title='bbox 1337 2629 1474 2682; x_wconf 86' lang='grc' dir='ltr'><strong>ἀλλά</strong></span> <span class='ocrx_word' id='word_1_302' title='bbox 1513 2628 1606 2680; x_wconf 74' lang='grc' dir='ltr'><strong>καὶ</strong></span> <span class='ocrx_word' id='word_1_303' title='bbox 1632 2627 1822 2698; x_wconf 73' lang='grc' dir='ltr'>ὕϐρεσι</span> 
     </span>
    </p>
   </div>
   <div class='ocr_carea' id='block_1_44' title="bbox 240 2718 1822 2788">
    <p class='ocr_par' dir='ltr' id='par_1_44' title="bbox 240 2718 1822 2788">
     <span class='ocr_line' id='line_1_44' title="bbox 240 2718 1822 2788; baseline -0.001 -17"><span class='ocrx_word' id='word_1_304' title='bbox 240 2720 447 2788; x_wconf 85' lang='grc' dir='ltr'>μᾶλλον</span> <span class='ocrx_word' id='word_1_305' title='bbox 488 2719 596 2770; x_wconf 80' lang='grc' dir='ltr'><strong>ὑπὸ</strong></span> <span class='ocrx_word' id='word_1_306' title='bbox 634 2721 742 2771; x_wconf 81' lang='grc' dir='ltr'>τῶν</span> <span class='ocrx_word' id='word_1_307' title='bbox 782 2719 928 2772; x_wconf 80' lang='grc' dir='ltr'>ἔνδον</span> <span class='ocrx_word' id='word_1_308' title='bbox 971 2719 1252 2783; x_wconf 81' lang='grc' dir='ltr'>ὲπλύνετο,</span> <span class='ocrx_word' id='word_1_309' title='bbox 1285 2719 1404 2771; x_wconf 79' lang='grc' dir='ltr'>τότε</span> <span class='ocrx_word' id='word_1_310' title='bbox 1456 2718 1556 2788; x_wconf 76' lang='grc' dir='ltr'>μὲν</span> <span class='ocrx_word' id='word_1_311' title='bbox 1601 2736 1822 2788; x_wconf 80' lang='grc' dir='ltr'>παρεμ-</span> 
     </span>
    </p>
   </div>
   <div class='ocr_carea' id='block_1_45' title="bbox 238 2808 1824 2881">
    <p class='ocr_par' dir='ltr' id='par_1_45' title="bbox 238 2808 1824 2881">
     <span class='ocr_line' id='line_1_45' title="bbox 238 2808 1824 2881; baseline 0.001 -21"><span class='ocrx_word' id='word_1_312' title='bbox 238 2810 401 2879; x_wconf 66' lang='grc' dir='ltr'>ϐολὴν</span> <span class='ocrx_word' id='word_1_313' title='bbox 433 2811 491 2862; x_wconf 75' lang='grc' dir='ltr'>ἐν</span> <span class='ocrx_word' id='word_1_314' title='bbox 516 2812 628 2873; x_wconf 90' lang='grc' dir='ltr'>τοῖς</span> <span class='ocrx_word' id='word_1_315' title='bbox 665 2809 958 2871; x_wconf 85' lang='grc' dir='ltr'>Παυλίνου,</span> <span class='ocrx_word' id='word_1_316' title='bbox 991 2810 1119 2861; x_wconf 73' lang='grc' dir='ltr'>ἔνθα</span> <span class='ocrx_word' id='word_1_317' title='bbox 1148 2809 1210 2860; x_wconf 79' lang='grc' dir='ltr'>τὸ</span> <span class='ocrx_word' id='word_1_318' title='bbox 1242 2809 1350 2861; x_wconf 85' lang='grc' dir='ltr'>τῶν</span> <span class='ocrx_word' id='word_1_319' title='bbox 1386 2808 1824 2881; x_wconf 82' lang='grc' dir='ltr'>θαυματουργῶν</span> 
     </span>
    </p>
   </div>
   <div class='ocr_carea' id='block_1_46' title="bbox 249 2898 1822 2970">
    <p class='ocr_par' dir='ltr' id='par_1_46' title="bbox 249 2898 1822 2970">
     <span class='ocr_line' id='line_1_46' title="bbox 249 2898 1822 2970; baseline -0.001 -17"><span class='ocrx_word' id='word_1_320' title='bbox 249 2901 604 2970; x_wconf 75' lang='grc' dir='ltr'>’Δναργύρων</span> <span class='ocrx_word' id='word_1_321' title='bbox 642 2902 756 2969; x_wconf 67' lang='grc'><strong>(74)</strong></span> <span class='ocrx_word' id='word_1_322' title='bbox 783 2901 1010 2968; x_wconf 80' lang='grc' dir='ltr'>τέμενος</span> <span class='ocrx_word' id='word_1_323' title='bbox 1040 2900 1292 2969; x_wconf 82' lang='grc' dir='ltr'>ἵδρυται,</span> <span class='ocrx_word' id='word_1_324' title='bbox 1331 2898 1416 2970; x_wconf 83' lang='grc' dir='ltr'><strong>[Ρ.</strong></span> <span class='ocrx_word' id='word_1_325' title='bbox 1450 2898 1579 2969; x_wconf 84' lang='grc'>505]</span> <span class='ocrx_word' id='word_1_326' title='bbox 1619 2901 1822 2969; x_wconf 80' lang='grc' dir='ltr'>ὀχυρὰν</span> 
     </span>
    </p>
   </div>
   <div class='ocr_carea' id='block_1_47' title="bbox 237 2990 1824 3060">
    <p class='ocr_par' dir='ltr' id='par_1_47' title="bbox 237 2990 1824 3060">
     <span class='ocr_line' id='line_1_47' title="bbox 237 2990 1824 3060; baseline 0 -18"><span class='ocrx_word' id='word_1_327' title='bbox 237 2991 503 3060; x_wconf 75' lang='grc' dir='ltr'>ἐπήξατο,</span> <span class='ocrx_word' id='word_1_328' title='bbox 535 2991 666 3044; x_wconf 82' lang='grc' dir='ltr'>λαὸν</span> <span class='ocrx_word' id='word_1_329' title='bbox 693 2991 751 3044; x_wconf 76' lang='grc' dir='ltr'>δὲ</span> <span class='ocrx_word' id='word_1_330' title='bbox 789 2992 1095 3058; x_wconf 84' lang='grc' dir='ltr'>πεπομφὼς</span> <span class='ocrx_word' id='word_1_331' title='bbox 1123 2991 1250 3060; x_wconf 84' lang='grc' dir='ltr'>ἄχρι</span> <span class='ocrx_word' id='word_1_332' title='bbox 1279 2991 1372 3042; x_wconf 77' lang='grc' dir='ltr'>τοῦ</span> <span class='ocrx_word' id='word_1_333' title='bbox 1409 2990 1665 3056; x_wconf 78' lang='grc' dir='ltr'>Εὐξείνου</span> <span class='ocrx_word' id='word_1_334' title='bbox 1692 2992 1824 3042; x_wconf 87' lang='grc' dir='ltr'>πόν-</span> 
     </span>
    </p>
   </div>
   <div class='ocr_carea' id='block_1_48' title="bbox 237 3080 1826 3152">
    <p class='ocr_par' dir='ltr' id='par_1_48' title="bbox 237 3080 1826 3152">
     <span class='ocr_line' id='line_1_48' title="bbox 237 3080 1826 3152; baseline 0.001 -18"><span class='ocrx_word' id='word_1_335' title='bbox 237 3101 333 3135; x_wconf 90' lang='grc' dir='ltr'><strong>του</strong></span> <span class='ocrx_word' id='word_1_336' title='bbox 374 3083 468 3135; x_wconf 74' lang='grc' dir='ltr'>καὶ</span> <span class='ocrx_word' id='word_1_337' title='bbox 517 3084 609 3135; x_wconf 77' lang='grc' dir='ltr'>τοῦ</span> <span class='ocrx_word' id='word_1_338' title='bbox 670 3082 838 3152; x_wconf 86' lang='grc' dir='ltr'><strong>Ἱεροῦ</strong></span> <span class='ocrx_word' id='word_1_339' title='bbox 870 3082 1213 3151; x_wconf 79' lang='grc' dir='ltr'>ἀπεπειρᾶτο</span> <span class='ocrx_word' id='word_1_340' title='bbox 1265 3080 1374 3132; x_wconf 82' lang='grc' dir='ltr'><strong>τῶν</strong></span> <span class='ocrx_word' id='word_1_341' title='bbox 1427 3081 1742 3150; x_wconf 78' lang='grc' dir='ltr'>πολιχνίων,</span> <span class='ocrx_word' id='word_1_342' title='bbox 1773 3082 1826 3135; x_wconf 75' lang='grc' dir='ltr'>εἴ</span> 
     </span>
    </p>
   </div>
   <div class='ocr_carea' id='block_1_49' title="bbox 235 3170 1821 3242">
    <p class='ocr_par' dir='ltr' id='par_1_49' title="bbox 235 3170 1821 3242">
     <span class='ocr_line' id='line_1_49' title="bbox 235 3170 1821 3242; baseline -0.003 -16"><span class='ocrx_word' id='word_1_343' title='bbox 235 3192 359 3237; x_wconf 86' lang='grc' dir='ltr'><strong>πως</strong></span> <span class='ocrx_word' id='word_1_344' title='bbox 388 3173 528 3225; x_wconf 73' lang='grc' dir='ltr'>αὒτά</span> <span class='ocrx_word' id='word_1_345' title='bbox 558 3173 902 3242; x_wconf 79' lang='grc' dir='ltr'>προσαγάγοι</span> <span class='ocrx_word' id='word_1_346' title='bbox 937 3172 1030 3224; x_wconf 77' lang='grc' dir='ltr'>καὶ</span> <span class='ocrx_word' id='word_1_347' title='bbox 1067 3173 1141 3242; x_wconf 86' lang='grc' dir='ltr'>μή</span> <span class='ocrx_word' id='word_1_348' title='bbox 1189 3188 1312 3224; x_wconf 86' lang='grc' dir='ltr'>τινα</span> <span class='ocrx_word' id='word_1_349' title='bbox 1344 3172 1484 3224; x_wconf 79' lang='grc' dir='ltr'>κατὰ</span> <span class='ocrx_word' id='word_1_350' title='bbox 1513 3170 1684 3224; x_wconf 85' lang='grc' dir='ltr'>νώτου</span> <span class='ocrx_word' id='word_1_351' title='bbox 1709 3171 1821 3241; x_wconf 79' lang='grc' dir='ltr'>ἔχοι</span> 
     </span>
    </p>
   </div>
   <div class='ocr_carea' id='block_1_50' title="bbox 237 3230 1897 3334">
    <p class='ocr_par' dir='ltr' id='par_1_50' title="bbox 237 3230 1897 3334">
     <span class='ocr_line' id='line_1_50' title="bbox 237 3230 1897 3334; baseline -0.001 -16"><span class='ocrx_word' id='word_1_352' title='bbox 237 3266 453 3334; x_wconf 82' lang='grc' dir='ltr'>ἐχθρόν.</span> <span class='ocrx_word' id='word_1_353' title='bbox 485 3263 671 3316; x_wconf 82' lang='grc' dir='ltr'>Ταῦτα</span> <span class='ocrx_word' id='word_1_354' title='bbox 719 3264 776 3316; x_wconf 72' lang='grc' dir='ltr'><strong>δε</strong></span> <span class='ocrx_word' id='word_1_355' title='bbox 827 3261 1329 3331; x_wconf 83' lang='grc' dir='ltr'>καταστησάμενος,</span> <span class='ocrx_word' id='word_1_356' title='bbox 1362 3263 1456 3314; x_wconf 81' lang='grc' dir='ltr'><strong>καί</strong></span> <span class='ocrx_word' id='word_1_357' title='bbox 1496 3281 1648 3325; x_wconf 86' lang='grc' dir='ltr'>τινας</span> <span class='ocrx_word' id='word_1_358' title='bbox 1683 3265 1824 3334; x_wconf 78' lang='grc' dir='ltr'><strong>ήμέ-</strong></span> <span class='ocrx_word' id='word_1_359' title='bbox 1852 3230 1897 3293; x_wconf 77' lang='lat' dir='ltr'><strong>C</strong></span> 
     </span>
    </p>
   </div>
   <div class='ocr_carea' id='block_1_51' title="bbox 239 3353 1826 3427">
    <p class='ocr_par' dir='ltr' id='par_1_51' title="bbox 239 3353 1826 3427">
     <span class='ocr_line' id='line_1_51' title="bbox 239 3353 1826 3427; baseline -0.001 -19"><span class='ocrx_word' id='word_1_360' title='bbox 239 3376 342 3427; x_wconf 83' lang='grc' dir='ltr'><strong>ρας</strong></span> <span class='ocrx_word' id='word_1_361' title='bbox 377 3360 458 3419; x_wconf 87' lang='grc' dir='ltr'><strong>είς</strong></span> <span class='ocrx_word' id='word_1_362' title='bbox 487 3357 846 3425; x_wconf 80' lang='grc' dir='ltr'>παρασκευὴν</span> <span class='ocrx_word' id='word_1_363' title='bbox 880 3355 1006 3416; x_wconf 72' lang='grc' dir='ltr'>δοὺς</span> <span class='ocrx_word' id='word_1_364' title='bbox 1054 3353 1252 3422; x_wconf 82' lang='grc' dir='ltr'>ἑαυτῷ,</span> <span class='ocrx_word' id='word_1_365' title='bbox 1297 3354 1372 3416; x_wconf 88' lang='grc' dir='ltr'><strong>ώς</strong></span> <span class='ocrx_word' id='word_1_366' title='bbox 1406 3354 1470 3406; x_wconf 78' lang='grc' dir='ltr'>ἐκ</span> <span class='ocrx_word' id='word_1_367' title='bbox 1499 3372 1643 3418; x_wconf 87' lang='grc' dir='ltr'>τινος</span> <span class='ocrx_word' id='word_1_368' title='bbox 1685 3355 1826 3408; x_wconf 85' lang='grc' dir='ltr'>ἀπό-</span> 
     </span>
    </p>
   </div>
   <div class='ocr_carea' id='block_1_52' title="bbox 239 3446 1825 3516">
    <p class='ocr_par' dir='ltr' id='par_1_52' title="bbox 239 3446 1825 3516">
     <span class='ocr_line' id='line_1_52' title="bbox 239 3446 1825 3516; baseline -0.002 -15"><span class='ocrx_word' id='word_1_369' title='bbox 239 3467 374 3502; x_wconf 84' lang='grc' dir='ltr'>πτου</span> <span class='ocrx_word' id='word_1_370' title='bbox 415 3448 632 3500; x_wconf 81' lang='grc' dir='ltr'>κατεῖδε</span> <span class='ocrx_word' id='word_1_371' title='bbox 661 3447 752 3498; x_wconf 72' lang='grc' dir='ltr'><strong>τὸν</strong></span> <span class='ocrx_word' id='word_1_372' title='bbox 797 3447 894 3515; x_wconf 75' lang='grc' dir='ltr'>μὲν</span> <span class='ocrx_word' id='word_1_373' title='bbox 927 3447 1145 3515; x_wconf 70' lang='grc' dir='ltr'>Μιχαὴλ</span> <span class='ocrx_word' id='word_1_374' title='bbox 1176 3446 1235 3499; x_wconf 78' lang='grc' dir='ltr'>τὸ</span> <span class='ocrx_word' id='word_1_375' title='bbox 1263 3447 1557 3515; x_wconf 74' lang='grc' dir='ltr'>πολεμικὸν</span> <span class='ocrx_word' id='word_1_376' title='bbox 1599 3451 1825 3516; x_wconf 85' lang='grc' dir='ltr'>σημεῖον</span> 
     </span>
    </p>
   </div>
   <div class='ocr_carea' id='block_1_53' title="bbox 239 3537 1826 3608">
    <p class='ocr_par' dir='ltr' id='par_1_53' title="bbox 239 3537 1826 3608">
     <span class='ocr_line' id='line_1_53' title="bbox 239 3537 1826 3608; baseline -0.003 -13"><span class='ocrx_word' id='word_1_377' title='bbox 239 3544 331 3595; x_wconf 71' lang='grc' dir='ltr'><strong>ἐπὶ</strong></span> <span class='ocrx_word' id='word_1_378' title='bbox 358 3541 453 3593; x_wconf 72' lang='grc' dir='ltr'><strong>τοῦ</strong></span> <span class='ocrx_word' id='word_1_379' title='bbox 487 3539 711 3607; x_wconf 79' lang='grc' dir='ltr'>στέγους</span> <span class='ocrx_word' id='word_1_380' title='bbox 742 3538 837 3591; x_wconf 74' lang='grc' dir='ltr'>τοῦ</span> <span class='ocrx_word' id='word_1_381' title='bbox 861 3538 958 3607; x_wconf 77' lang='grc' dir='ltr'>τῆς</span> <span class='ocrx_word' id='word_1_382' title='bbox 984 3537 1244 3590; x_wconf 81' lang='grc' dir='ltr'>Θεοτόκου</span> <span class='ocrx_word' id='word_1_383' title='bbox 1278 3538 1371 3589; x_wconf 88' lang='grc' dir='ltr'>τοῦ</span> <span class='ocrx_word' id='word_1_384' title='bbox 1406 3539 1464 3590; x_wconf 84' lang='grc' dir='ltr'>ἐν</span> <span class='ocrx_word' id='word_1_385' title='bbox 1497 3537 1826 3608; x_wconf 79' lang='grc' dir='ltr'>Βλαχέρναις</span> 
     </span>
    </p>
   </div>
   <div class='ocr_carea' id='block_1_54' title="bbox 239 3627 1826 3700">
    <p class='ocr_par' dir='ltr' id='par_1_54' title="bbox 239 3627 1826 3700">
     <span class='ocr_line' id='line_1_54' title="bbox 239 3627 1826 3700; baseline 0 -17"><span class='ocrx_word' id='word_1_386' title='bbox 239 3631 529 3700; x_wconf 81' lang='grc' dir='ltr'>πεπηγότα</span> <span class='ocrx_word' id='word_1_387' title='bbox 569 3630 731 3689; x_wconf 72' lang='grc' dir='ltr'>ναοῦ,</span> <span class='ocrx_word' id='word_1_388' title='bbox 766 3627 1021 3681; x_wconf 72' lang='grc' dir='ltr'>κάκεῖθεν</span> <span class='ocrx_word' id='word_1_389' title='bbox 1066 3629 1164 3697; x_wconf 78' lang='grc' dir='ltr'>τὴν</span> <span class='ocrx_word' id='word_1_390' title='bbox 1223 3631 1366 3682; x_wconf 87' lang='grc' dir='ltr'><strong>κατά</strong></span> <span class='ocrx_word' id='word_1_391' title='bbox 1421 3629 1530 3682; x_wconf 83' lang='grc' dir='ltr'><strong>τῶν</strong></span> <span class='ocrx_word' id='word_1_392' title='bbox 1569 3630 1826 3683; x_wconf 82' lang='grc' dir='ltr'>ἐναντίων</span> 
     </span>
    </p>
   </div>
   <div class='ocr_carea' id='block_1_55' title="bbox 241 3724 1826 3797">
    <p class='ocr_par' dir='ltr' id='par_1_55' title="bbox 241 3724 1826 3797">
     <span class='ocr_line' id='line_1_55' title="bbox 241 3724 1826 3797; baseline -0.003 -17"><span class='ocrx_word' id='word_1_393' title='bbox 241 3729 396 3797; x_wconf 73' lang='grc' dir='ltr'>ἰσχὺν</span> <span class='ocrx_word' id='word_1_394' title='bbox 446 3725 829 3792; x_wconf 73' lang='grc' dir='ltr'>ἐξαιτούμενόν</span> <span class='ocrx_word' id='word_1_395' title='bbox 875 3741 936 3775; x_wconf 87' lang='grc' dir='ltr'><strong>τε</strong></span> <span class='ocrx_word' id='word_1_396' title='bbox 994 3727 1089 3776; x_wconf 75' lang='grc' dir='ltr'>καὶ</span> <span class='ocrx_word' id='word_1_397' title='bbox 1147 3724 1676 3793; x_wconf 71' lang='grc' dir='ltr'>προσλαμϐάνοντα,</span> <span class='ocrx_word' id='word_1_398' title='bbox 1735 3726 1826 3776; x_wconf 74' lang='grc' dir='ltr'><strong>τὸν</strong></span> 
     </span>
    </p>
   </div>
   <div class='ocr_carea' id='block_1_56' title="bbox 241 3814 1828 3885">
    <p class='ocr_par' dir='ltr' id='par_1_56' title="bbox 241 3814 1828 3885">
     <span class='ocr_line' id='line_1_56' title="bbox 241 3814 1828 3885; baseline -0.004 -13"><span class='ocrx_word' id='word_1_399' title='bbox 241 3821 361 3872; x_wconf 75' lang='grc' dir='ltr'>υἱὸν</span> <span class='ocrx_word' id='word_1_400' title='bbox 386 3817 442 3870; x_wconf 73' lang='grc' dir='ltr'>δὲ</span> <span class='ocrx_word' id='word_1_401' title='bbox 476 3815 641 3869; x_wconf 76' lang='grc' dir='ltr'>αὑτοῦ</span> <span class='ocrx_word' id='word_1_402' title='bbox 669 3814 931 3883; x_wconf 78' lang='grc' dir='ltr'>Θεόφιλον</span> <span class='ocrx_word' id='word_1_403' title='bbox 972 3814 1152 3868; x_wconf 89' lang='grc' dir='ltr'>πάντα</span> <span class='ocrx_word' id='word_1_404' title='bbox 1185 3814 1274 3866; x_wconf 76' lang='grc' dir='ltr'><strong>τὸν</strong></span> <span class='ocrx_word' id='word_1_405' title='bbox 1301 3818 1400 3885; x_wconf 80' lang='grc' dir='ltr'>τῆς</span> <span class='ocrx_word' id='word_1_406' title='bbox 1435 3815 1644 3878; x_wconf 84' lang='grc' dir='ltr'>πόλεως</span> <span class='ocrx_word' id='word_1_407' title='bbox 1673 3816 1828 3885; x_wconf 79' lang='grc' dir='ltr'>περί-</span> 
     </span>
    </p>
   </div>
   <div class='ocr_carea' id='block_1_57' title="bbox 239 3903 1826 3977">
    <p class='ocr_par' dir='ltr' id='par_1_57' title="bbox 239 3903 1826 3977">
     <span class='ocr_line' id='line_1_57' title="bbox 239 3903 1826 3977; baseline -0.003 -16"><span class='ocrx_word' id='word_1_408' title='bbox 239 3909 396 3961; x_wconf 78' lang='grc' dir='ltr'>εολον</span> <span class='ocrx_word' id='word_1_409' title='bbox 430 3906 571 3977; x_wconf 80' lang='grc' dir='ltr'>μετὰ</span> <span class='ocrx_word' id='word_1_410' title='bbox 612 3903 708 3956; x_wconf 80' lang='grc' dir='ltr'>τοῦ</span> <span class='ocrx_word' id='word_1_411' title='bbox 753 3903 1098 3972; x_wconf 84' lang='grc' dir='ltr'>πατριάρχου</span> <span class='ocrx_word' id='word_1_412' title='bbox 1132 3905 1225 3955; x_wconf 72' lang='grc' dir='ltr'>καὶ</span> <span class='ocrx_word' id='word_1_413' title='bbox 1255 3903 1348 3954; x_wconf 82' lang='grc' dir='ltr'>τοῦ</span> <span class='ocrx_word' id='word_1_414' title='bbox 1380 3905 1471 3955; x_wconf 86' lang='grc' dir='ltr'><strong>ὑπ’</strong></span> <span class='ocrx_word' id='word_1_415' title='bbox 1500 3905 1665 3956; x_wconf 76' lang='grc' dir='ltr'>αὑτὸν</span> <span class='ocrx_word' id='word_1_416' title='bbox 1691 3906 1826 3972; x_wconf 85' lang='grc' dir='ltr'>τάγ-</span> 
     </span>
    </p>
   </div>
   <div class='ocr_carea' id='block_1_58' title="bbox 243 3989 1824 4063">
    <p class='ocr_par' dir='ltr' id='par_1_58' title="bbox 243 3989 1824 4063">
     <span class='ocr_line' id='line_1_58' title="bbox 243 3989 1824 4063; baseline -0.001 -15"><span class='ocrx_word' id='word_1_417' title='bbox 243 4010 412 4063; x_wconf 86' lang='grc' dir='ltr'>ματος</span> <span class='ocrx_word' id='word_1_418' title='bbox 451 3989 911 4062; x_wconf 81' lang='grc' dir='ltr'>περικυκλοῦντα,</span> <span class='ocrx_word' id='word_1_419' title='bbox 942 3992 1003 4043; x_wconf 86' lang='grc' dir='ltr'><strong>τό</strong></span> <span class='ocrx_word' id='word_1_420' title='bbox 1034 4007 1093 4042; x_wconf 88' lang='grc' dir='ltr'><strong>τε</strong></span> <span class='ocrx_word' id='word_1_421' title='bbox 1129 3989 1396 4054; x_wconf 76' lang='grc' dir='ltr'>ζωοποιὸν</span> <span class='ocrx_word' id='word_1_422' title='bbox 1445 3993 1538 4045; x_wconf 77' lang='grc' dir='ltr'>τοῦ</span> <span class='ocrx_word' id='word_1_423' title='bbox 1591 3994 1824 4063; x_wconf 81' lang='grc' dir='ltr'>σταυροῦ</span> 
     </span>
    </p>
   </div>
   <div class='ocr_carea' id='block_1_59' title="bbox 240 4081 1823 4154">
    <p class='ocr_par' dir='ltr' id='par_1_59' title="bbox 240 4081 1823 4154">
     <span class='ocr_line' id='line_1_59' title="bbox 240 4081 1823 4154; baseline 0 -18"><span class='ocrx_word' id='word_1_424' title='bbox 240 4085 403 4150; x_wconf 80' lang='grc' dir='ltr'>ξύλον</span> <span class='ocrx_word' id='word_1_425' title='bbox 453 4082 853 4152; x_wconf 75' lang='grc' dir='ltr'>ἐπιφερόμενον</span> <span class='ocrx_word' id='word_1_426' title='bbox 893 4083 987 4133; x_wconf 74' lang='grc' dir='ltr'>καὶ</span> <span class='ocrx_word' id='word_1_427' title='bbox 1024 4081 1124 4150; x_wconf 80' lang='grc' dir='ltr'>τὴν</span> <span class='ocrx_word' id='word_1_428' title='bbox 1160 4082 1365 4154; x_wconf 77' lang='grc' dir='ltr'>ἐσθῆτα</span> <span class='ocrx_word' id='word_1_429' title='bbox 1395 4082 1496 4152; x_wconf 80' lang='grc' dir='ltr'>τῆς</span> <span class='ocrx_word' id='word_1_430' title='bbox 1544 4084 1823 4151; x_wconf 87' lang='grc' dir='ltr'>πανάγνου</span> 
     </span>
    </p>
   </div>
   <div class='ocr_carea' id='block_1_60' title="bbox 239 4170 1824 4243">
    <p class='ocr_par' dir='ltr' id='par_1_60' title="bbox 239 4170 1824 4243">
     <span class='ocr_line' id='line_1_60' title="bbox 239 4170 1824 4243; baseline 0.001 -16"><span class='ocrx_word' id='word_1_431' title='bbox 239 4173 508 4228; x_wconf 84' lang='grc' dir='ltr'>Θεοτόκου</span> <span class='ocrx_word' id='word_1_432' title='bbox 536 4170 674 4242; x_wconf 82' lang='grc'><strong>(75),</strong></span> <span class='ocrx_word' id='word_1_433' title='bbox 709 4173 789 4235; x_wconf 87' lang='grc' dir='ltr'><strong>είς</strong></span> <span class='ocrx_word' id='word_1_434' title='bbox 821 4170 1025 4240; x_wconf 85' lang='grc' dir='ltr'>πολλὴν</span> <span class='ocrx_word' id='word_1_435' title='bbox 1053 4171 1162 4224; x_wconf 86' lang='grc' dir='ltr'><strong>τῶν</strong></span> <span class='ocrx_word' id='word_1_436' title='bbox 1196 4174 1540 4243; x_wconf 83' lang='grc' dir='ltr'>πραγμάτων</span> <span class='ocrx_word' id='word_1_437' title='bbox 1567 4175 1824 4230; x_wconf 76' lang='grc' dir='ltr'>ἐνέπιπτε</span> 
     </span>
    </p>
   </div>
   <div class='ocr_carea' id='block_1_61' title="bbox 237 4263 1820 4335">
    <p class='ocr_par' dir='ltr' id='par_1_61' title="bbox 237 4263 1820 4335">
     <span class='ocr_line' id='line_1_61' title="bbox 237 4263 1820 4335; baseline 0.002 -16"><span class='ocrx_word' id='word_1_438' title='bbox 237 4265 624 4319; x_wconf 79' lang='grc' dir='ltr'>δυσελπιστίαν</span> <span class='ocrx_word' id='word_1_439' title='bbox 678 4263 773 4317; x_wconf 76' lang='grc' dir='ltr'><strong>καὶ</strong></span> <span class='ocrx_word' id='word_1_440' title='bbox 821 4265 1076 4326; x_wconf 81' lang='grc' dir='ltr'>παντοῖος</span> <span class='ocrx_word' id='word_1_441' title='bbox 1123 4265 1244 4327; x_wconf 83' lang='grc' dir='ltr'>ταῖς</span> <span class='ocrx_word' id='word_1_442' title='bbox 1291 4265 1541 4335; x_wconf 86' lang='grc' dir='ltr'>γνώμαις</span> <span class='ocrx_word' id='word_1_443' title='bbox 1595 4267 1820 4335; x_wconf 78' lang='grc' dir='ltr'>ἐγίνετο.</span> 
     </span>
    </p>
   </div>
   <div class='ocr_carea' id='block_1_62' title="bbox 239 4356 1824 4428">
    <p class='ocr_par' dir='ltr' id='par_1_62' title="bbox 239 4356 1824 4428">
     <span class='ocr_line' id='line_1_62' title="bbox 239 4356 1824 4428; baseline 0.001 -17"><span class='ocrx_word' id='word_1_444' title='bbox 239 4359 355 4412; x_wconf 78' lang='grc' dir='ltr'>Οὐκ</span> <span class='ocrx_word' id='word_1_445' title='bbox 386 4357 527 4428; x_wconf 77' lang='grc' dir='ltr'>ἔχων</span> <span class='ocrx_word' id='word_1_446' title='bbox 563 4357 608 4410; x_wconf 84' lang='grc' dir='ltr'>δ’</span> <span class='ocrx_word' id='word_1_447' title='bbox 639 4357 668 4410; x_wconf 84' lang='grc' dir='ltr'><strong>ὅ</strong></span> <span class='ocrx_word' id='word_1_448' title='bbox 700 4374 753 4410; x_wconf 89' lang='grc' dir='ltr'><strong>τι</strong></span> <span class='ocrx_word' id='word_1_449' title='bbox 806 4357 903 4410; x_wconf 81' lang='grc' dir='ltr'>καὶ</span> <span class='ocrx_word' id='word_1_450' title='bbox 954 4356 1234 4426; x_wconf 83' lang='grc' dir='ltr'>πράξειεν,</span> <span class='ocrx_word' id='word_1_451' title='bbox 1284 4357 1462 4419; x_wconf 81' lang='grc' dir='ltr'>ἄλλως</span> <span class='ocrx_word' id='word_1_452' title='bbox 1517 4376 1576 4410; x_wconf 88' lang='grc' dir='ltr'><strong>τε</strong></span> <span class='ocrx_word' id='word_1_453' title='bbox 1621 4359 1680 4412; x_wconf 81' lang='grc' dir='ltr'>δὲ</span> <span class='ocrx_word' id='word_1_454' title='bbox 1729 4359 1824 4412; x_wconf 83' lang='grc' dir='ltr'>καὶ</span> 
     </span>
    </p>
   </div>
   <div class='ocr_carea' id='block_1_63' title="bbox 238 4446 1821 4521">
    <p class='ocr_par' dir='ltr' id='par_1_63' title="bbox 238 4446 1821 4521">
     <span class='ocr_line' id='line_1_63' title="bbox 238 4446 1821 4521; baseline -0.006 -21"><span class='ocrx_word' id='word_1_455' title='bbox 238 4450 384 4518; x_wconf 71' lang='grc' dir='ltr'>δχλῳ</span> <span class='ocrx_word' id='word_1_456' title='bbox 440 4449 677 4516; x_wconf 79' lang='grc' dir='ltr'>τοσούτῳ</span> <span class='ocrx_word' id='word_1_457' title='bbox 730 4446 950 4518; x_wconf 79' lang='grc' dir='ltr'>θαρῤὦν</span> <span class='ocrx_word' id='word_1_458' title='bbox 1015 4447 1077 4498; x_wconf 86' lang='grc' dir='ltr'>τὸ</span> <span class='ocrx_word' id='word_1_459' title='bbox 1131 4447 1251 4499; x_wconf 85' lang='grc' dir='ltr'>ὅλον</span> <span class='ocrx_word' id='word_1_460' title='bbox 1309 4448 1398 4500; x_wconf 87' lang='grc' dir='ltr'>διὰ</span> <span class='ocrx_word' id='word_1_461' title='bbox 1465 4449 1644 4520; x_wconf 80' lang='grc' dir='ltr'>μάχης</span> <span class='ocrx_word' id='word_1_462' title='bbox 1699 4468 1821 4521; x_wconf 78' lang='grc' dir='ltr'><strong>κρι-</strong></span> 
     </span>
    </p>
   </div>
   <div class='ocr_carea' id='block_1_64' title="bbox 1926 1983 3506 2050">
    <p class='ocr_par' dir='ltr' id='par_1_64' title="bbox 1926 1983 3506 2050">
     <span class='ocr_line' id='line_1_64' title="bbox 1926 1983 3506 2050; baseline 0.002 -14"><span class='ocrx_word' id='word_1_463' title='bbox 1926 1983 2090 2038; x_wconf 90' lang='lat' dir='ltr'><strong>nibus</strong></span> <span class='ocrx_word' id='word_1_464' title='bbox 2120 1991 2174 2038; x_wconf 90' lang='lat' dir='ltr'><strong>et</strong></span> <span class='ocrx_word' id='word_1_465' title='bbox 2197 1984 2417 2040; x_wconf 85' lang='lat' dir='ltr'><strong>consilii</strong></span> <span class='ocrx_word' id='word_1_466' title='bbox 2453 1984 2726 2050; x_wconf 90' lang='lat' dir='ltr'><strong>incertus,</strong></span> <span class='ocrx_word' id='word_1_467' title='bbox 2756 1985 2976 2040; x_wconf 85' lang='lat' dir='ltr'><strong>tandem</strong></span> <span class='ocrx_word' id='word_1_468' title='bbox 3007 1987 3342 2042; x_wconf 88' lang='lat' dir='ltr'><strong>multitudini</strong></span> <span class='ocrx_word' id='word_1_469' title='bbox 3374 2003 3506 2042; x_wconf 82' lang='lat' dir='ltr'><strong>suo-</strong></span> 
     </span>
    </p>
   </div>
   <div class='ocr_carea' id='block_1_65' title="bbox 1926 2074 3508 2146">
    <p class='ocr_par' dir='ltr' id='par_1_65' title="bbox 1926 2074 3508 2146">
     <span class='ocr_line' id='line_1_65' title="bbox 1926 2074 3508 2146; baseline 0.002 -19"><span class='ocrx_word' id='word_1_470' title='bbox 1926 2089 2046 2127; x_wconf 90' lang='lat' dir='ltr'><strong>rum</strong></span> <span class='ocrx_word' id='word_1_471' title='bbox 2078 2074 2320 2129; x_wconf 79' lang='lat' dir='ltr'><strong>conlisus</strong></span> <span class='ocrx_word' id='word_1_472' title='bbox 2353 2089 2536 2145; x_wconf 84' lang='lat' dir='ltr'><strong>pugna</strong></span> <span class='ocrx_word' id='word_1_473' title='bbox 2585 2075 2886 2130; x_wconf 86' lang='lat' dir='ltr'><strong>decernere</strong></span> <span class='ocrx_word' id='word_1_474' title='bbox 2934 2076 3149 2130; x_wconf 81' lang='lat' dir='ltr'><strong>statuit.</strong></span> <span class='ocrx_word' id='word_1_475' title='bbox 3190 2076 3378 2146; x_wconf 86' lang='lat' dir='ltr'><strong>Itaque</strong></span> <span class='ocrx_word' id='word_1_476' title='bbox 3414 2092 3508 2145; x_wconf 89' lang='lat' dir='ltr'><strong>po-</strong></span> 
     </span>
    </p>
   </div>
   <div class='ocr_carea' id='block_1_66' title="bbox 1925 2164 3508 2238">
    <p class='ocr_par' dir='ltr' id='par_1_66' title="bbox 1925 2164 3508 2238">
     <span class='ocr_line' id='line_1_66' title="bbox 1925 2164 3508 2238; baseline 0.001 -19"><span class='ocrx_word' id='word_1_477' title='bbox 1925 2164 2122 2219; x_wconf 89' lang='lat' dir='ltr'><strong>stridie</strong></span> <span class='ocrx_word' id='word_1_478' title='bbox 2154 2167 2330 2234; x_wconf 90' lang='lat' dir='ltr'><strong>prima</strong></span> <span class='ocrx_word' id='word_1_479' title='bbox 2379 2166 2503 2220; x_wconf 88' lang='lat' dir='ltr'><strong>luce</strong></span> <span class='ocrx_word' id='word_1_480' title='bbox 2538 2165 2831 2220; x_wconf 87' lang='lat' dir='ltr'><strong>classicum</strong></span> <span class='ocrx_word' id='word_1_481' title='bbox 2867 2181 3069 2221; x_wconf 88' lang='lat' dir='ltr'><strong>canere</strong></span> <span class='ocrx_word' id='word_1_482' title='bbox 3105 2166 3300 2235; x_wconf 86' lang='lat' dir='ltr'><strong>jubet,</strong></span> <span class='ocrx_word' id='word_1_483' title='bbox 3341 2167 3508 2238; x_wconf 76' lang='lat'><strong>882</strong></span> 
     </span>
    </p>
   </div>
   <div class='ocr_carea' id='block_1_67' title="bbox 1930 2259 3507 2330">
    <p class='ocr_par' dir='ltr' id='par_1_67' title="bbox 1930 2259 3507 2330">
     <span class='ocr_line' id='line_1_67' title="bbox 1930 2259 3507 2330; baseline 0.001 -19"><span class='ocrx_word' id='word_1_484' title='bbox 1930 2273 2063 2311; x_wconf 83' lang='lat' dir='ltr'><strong>suos</strong></span> <span class='ocrx_word' id='word_1_485' title='bbox 2093 2260 2292 2314; x_wconf 87' lang='lat' dir='ltr'><strong>castris</strong></span> <span class='ocrx_word' id='word_1_486' title='bbox 2325 2259 2534 2322; x_wconf 90' lang='lat' dir='ltr'><strong>educit,</strong></span> <span class='ocrx_word' id='word_1_487' title='bbox 2587 2261 2698 2313; x_wconf 91' lang='lat' dir='ltr'><strong>tilio</strong></span> <span class='ocrx_word' id='word_1_488' title='bbox 2731 2260 3007 2315; x_wconf 90' lang='lat' dir='ltr'><strong>terrestris</strong></span> <span class='ocrx_word' id='word_1_489' title='bbox 3049 2262 3187 2313; x_wconf 91' lang='lat' dir='ltr'><strong>muri</strong></span> <span class='ocrx_word' id='word_1_490' title='bbox 3221 2275 3507 2330; x_wconf 72' lang='lat' dir='ltr'><strong>oppugna-</strong></span> 
     </span>
    </p>
   </div>
   <div class='ocr_carea' id='block_1_68' title="bbox 1926 2350 3510 2424">
    <p class='ocr_par' dir='ltr' id='par_1_68' title="bbox 1926 2350 3510 2424">
     <span class='ocr_line' id='line_1_68' title="bbox 1926 2350 3510 2424; baseline 0.003 -20"><span class='ocrx_word' id='word_1_491' title='bbox 1926 2350 2130 2405; x_wconf 86' lang='lat' dir='ltr'><strong>tionem</strong></span> <span class='ocrx_word' id='word_1_492' title='bbox 2166 2351 2498 2406; x_wconf 88' lang='lat' dir='ltr'><strong>dcmandat:</strong></span> <span class='ocrx_word' id='word_1_493' title='bbox 2535 2352 2655 2421; x_wconf 91' lang='lat' dir='ltr'><strong>ipse</strong></span> <span class='ocrx_word' id='word_1_494' title='bbox 2671 2367 2795 2407; x_wconf 91' lang='lat' dir='ltr'><strong>cum</strong></span> <span class='ocrx_word' id='word_1_495' title='bbox 2826 2353 3020 2421; x_wconf 87' lang='lat' dir='ltr'><strong>majori</strong></span> <span class='ocrx_word' id='word_1_496' title='bbox 3051 2354 3330 2421; x_wconf 86' lang='lat' dir='ltr'><strong>copiarum</strong></span> <span class='ocrx_word' id='word_1_497' title='bbox 3355 2366 3510 2424; x_wconf 86' lang='lat' dir='ltr'><strong>parte</strong></span> 
     </span>
    </p>
   </div>
   <div class='ocr_carea' id='block_1_69' title="bbox 1924 2445 3511 2514">
    <p class='ocr_par' dir='ltr' id='par_1_69' title="bbox 1924 2445 3511 2514">
     <span class='ocr_line' id='line_1_69' title="bbox 1924 2445 3511 2514; baseline 0.001 -15"><span class='ocrx_word' id='word_1_498' title='bbox 1924 2445 2394 2514; x_wconf 87' lang='lat' dir='ltr'><strong>validioribusque</strong></span> <span class='ocrx_word' id='word_1_499' title='bbox 2449 2446 2722 2500; x_wconf 88' lang='lat' dir='ltr'><strong>machinis</strong></span> <span class='ocrx_word' id='word_1_500' title='bbox 2753 2453 2806 2500; x_wconf 86' lang='lat' dir='ltr'><strong>et</strong></span> <span class='ocrx_word' id='word_1_501' title='bbox 2849 2445 3140 2499; x_wconf 83' lang='lat' dir='ltr'><strong>tormentis</strong></span> <span class='ocrx_word' id='word_1_502' title='bbox 3177 2454 3359 2500; x_wconf 82' lang='lat' dir='ltr'><strong>turres</strong></span> <span class='ocrx_word' id='word_1_503' title='bbox 3390 2445 3511 2500; x_wconf 78' lang='lat' dir='ltr'><strong>Bia-</strong></span> 
     </span>
    </p>
   </div>
   <div class='ocr_carea' id='block_1_70' title="bbox 1925 2537 3509 2606">
    <p class='ocr_par' dir='ltr' id='par_1_70' title="bbox 1925 2537 3509 2606">
     <span class='ocr_line' id='line_1_70' title="bbox 1925 2537 3509 2606; baseline 0 -13"><span class='ocrx_word' id='word_1_504' title='bbox 1925 2539 2260 2593; x_wconf 81' lang='lat' dir='ltr'><strong>chernenses</strong></span> <span class='ocrx_word' id='word_1_505' title='bbox 2322 2539 2676 2606; x_wconf 77' lang='lat' dir='ltr'><strong>aggreditur,</strong></span> <span class='ocrx_word' id='word_1_506' title='bbox 2733 2537 2912 2591; x_wconf 89' lang='lat' dir='ltr'><strong>scalas</strong></span> <span class='ocrx_word' id='word_1_507' title='bbox 2979 2539 3159 2593; x_wconf 90' lang='lat' dir='ltr'><strong>muris</strong></span> <span class='ocrx_word' id='word_1_508' title='bbox 3221 2538 3509 2593; x_wconf 88' lang='lat' dir='ltr'><strong>altitudine</strong></span> 
     </span>
    </p>
   </div>
   <div class='ocr_carea' id='block_1_71' title="bbox 1924 2629 3510 2698">
    <p class='ocr_par' dir='ltr' id='par_1_71' title="bbox 1924 2629 3510 2698">
     <span class='ocr_line' id='line_1_71' title="bbox 1924 2629 3510 2698; baseline 0.001 -15"><span class='ocrx_word' id='word_1_509' title='bbox 1924 2629 2164 2697; x_wconf 73' lang='lat' dir='ltr'><strong>aequales</strong></span> <span class='ocrx_word' id='word_1_510' title='bbox 2219 2629 2542 2698; x_wconf 83' lang='lat' dir='ltr'><strong>applicans,</strong></span> <span class='ocrx_word' id='word_1_511' title='bbox 2598 2629 2731 2685; x_wconf 86' lang='lat' dir='ltr'><strong>alibi</strong></span> <span class='ocrx_word' id='word_1_512' title='bbox 2776 2629 3106 2692; x_wconf 86' lang='lat' dir='ltr'><strong>testudines,</strong></span> <span class='ocrx_word' id='word_1_513' title='bbox 3155 2629 3279 2684; x_wconf 86' lang='lat' dir='ltr'><strong>alibi</strong></span> <span class='ocrx_word' id='word_1_514' title='bbox 3310 2632 3510 2686; x_wconf 86' lang='lat' dir='ltr'><strong>arietes</strong></span> 
     </span>
    </p>
   </div>
   <div class='ocr_carea' id='block_1_72' title="bbox 1927 2719 3509 2792">
    <p class='ocr_par' dir='ltr' id='par_1_72' title="bbox 1927 2719 3509 2792">
     <span class='ocr_line' id='line_1_72' title="bbox 1927 2719 3509 2792; baseline 0.004 -20"><span class='ocrx_word' id='word_1_515' title='bbox 1927 2719 2214 2782; x_wconf 84' lang='lat' dir='ltr'><strong>adhibens,</strong></span> <span class='ocrx_word' id='word_1_516' title='bbox 2266 2721 2668 2789; x_wconf 91' lang='lat' dir='ltr'><strong>tormentisque</strong></span> <span class='ocrx_word' id='word_1_517' title='bbox 2700 2736 2832 2776; x_wconf 79' lang='lat' dir='ltr'><strong>saxa</strong></span> <span class='ocrx_word' id='word_1_518' title='bbox 2877 2721 3219 2791; x_wconf 84' lang='lat' dir='ltr'><strong>jactantibus</strong></span> <span class='ocrx_word' id='word_1_519' title='bbox 3264 2722 3509 2792; x_wconf 91' lang='lat' dir='ltr'><strong>undique</strong></span> 
     </span>
    </p>
   </div>
   <div class='ocr_carea' id='block_1_73' title="bbox 1929 2805 3510 2879">
    <p class='ocr_par' dir='ltr' id='par_1_73' title="bbox 1929 2805 3510 2879">
     <span class='ocr_line' id='line_1_73' title="bbox 1929 2805 3510 2879; baseline 0.004 -21"><span class='ocrx_word' id='word_1_520' title='bbox 1929 2815 2114 2860; x_wconf 79' lang='lat' dir='ltr'><strong>utens.</strong></span> <span class='ocrx_word' id='word_1_521' title='bbox 2166 2805 2413 2875; x_wconf 81' lang='lat' dir='ltr'><strong>Denique</strong></span> <span class='ocrx_word' id='word_1_522' title='bbox 2444 2809 2593 2860; x_wconf 90' lang='lat' dir='ltr'><strong>omni</strong></span> <span class='ocrx_word' id='word_1_523' title='bbox 2626 2817 2747 2862; x_wconf 89' lang='lat' dir='ltr'><strong>arte</strong></span> <span class='ocrx_word' id='word_1_524' title='bbox 2778 2823 2842 2861; x_wconf 90' lang='lat' dir='ltr'><strong>ac</strong></span> <span class='ocrx_word' id='word_1_525' title='bbox 2892 2818 3093 2862; x_wconf 89' lang='lat' dir='ltr'><strong>conatu</strong></span> <span class='ocrx_word' id='word_1_526' title='bbox 3129 2810 3322 2863; x_wconf 89' lang='lat' dir='ltr'><strong>nititur</strong></span> <span class='ocrx_word' id='word_1_527' title='bbox 3347 2811 3510 2879; x_wconf 83' lang='lat' dir='ltr'><strong>Oppi-</strong></span> 
     </span>
    </p>
   </div>
   <div class='ocr_carea' id='block_1_74' title="bbox 1927 2895 3506 2968">
    <p class='ocr_par' dir='ltr' id='par_1_74' title="bbox 1927 2895 3506 2968">
     <span class='ocr_line' id='line_1_74' title="bbox 1927 2895 3506 2968; baseline 0.002 -18"><span class='ocrx_word' id='word_1_528' title='bbox 1927 2895 2100 2950; x_wconf 91' lang='lat' dir='ltr'><strong>danos</strong></span> <span class='ocrx_word' id='word_1_529' title='bbox 2125 2902 2434 2963; x_wconf 88' lang='lat' dir='ltr'><strong>perterrere</strong></span> <span class='ocrx_word' id='word_1_530' title='bbox 2462 2896 2764 2966; x_wconf 87' lang='lat' dir='ltr'><strong>urbemque</strong></span> <span class='ocrx_word' id='word_1_531' title='bbox 2796 2912 3014 2966; x_wconf 83' lang='lat' dir='ltr'><strong>capere.</strong></span> <span class='ocrx_word' id='word_1_532' title='bbox 3049 2896 3314 2968; x_wconf 81' lang='lat' dir='ltr'><strong>Reliquos</strong></span> <span class='ocrx_word' id='word_1_533' title='bbox 3340 2901 3506 2953; x_wconf 88' lang='lat' dir='ltr'><strong>etiam</strong></span> 
     </span>
    </p>
   </div>
   <div class='ocr_carea' id='block_1_75' title="bbox 1927 2986 3507 3058">
    <p class='ocr_par' dir='ltr' id='par_1_75' title="bbox 1927 2986 3507 3058">
     <span class='ocr_line' id='line_1_75' title="bbox 1927 2986 3507 3058; baseline 0.006 -19"><span class='ocrx_word' id='word_1_534' title='bbox 1927 2999 2113 3040; x_wconf 82' lang='lat' dir='ltr'><strong>muros</strong></span> <span class='ocrx_word' id='word_1_535' title='bbox 2160 2986 2450 3040; x_wconf 85' lang='lat' dir='ltr'><strong>navalibus</strong></span> <span class='ocrx_word' id='word_1_536' title='bbox 2503 2989 2675 3055; x_wconf 91' lang='lat' dir='ltr'><strong>copiis</strong></span> <span class='ocrx_word' id='word_1_537' title='bbox 2708 2990 2901 3058; x_wconf 79' lang='lat' dir='ltr'><strong>cingit,</strong></span> <span class='ocrx_word' id='word_1_538' title='bbox 2935 2991 3061 3058; x_wconf 89' lang='lat' dir='ltr'><strong>igne</strong></span> <span class='ocrx_word' id='word_1_539' title='bbox 3098 2998 3154 3044; x_wconf 92' lang='lat' dir='ltr'><strong>et</strong></span> <span class='ocrx_word' id='word_1_540' title='bbox 3203 2991 3507 3048; x_wconf 86' lang='lat' dir='ltr'><strong>missilibus</strong></span> 
     </span>
    </p>
   </div>
   <div class='ocr_carea' id='block_1_76' title="bbox 1927 3074 3507 3151">
    <p class='ocr_par' dir='ltr' id='par_1_76' title="bbox 1927 3074 3507 3151">
     <span class='ocr_line' id='line_1_76' title="bbox 1927 3074 3507 3151; baseline 0.005 -23"><span class='ocrx_word' id='word_1_541' title='bbox 1927 3084 2163 3130; x_wconf 85' lang='lat' dir='ltr'><strong>terrens.</strong></span> <span class='ocrx_word' id='word_1_542' title='bbox 2214 3074 2404 3146; x_wconf 86' lang='lat' dir='ltr'><strong>Neque</strong></span> <span class='ocrx_word' id='word_1_543' title='bbox 2451 3084 2634 3132; x_wconf 88' lang='lat' dir='ltr'><strong>tamen</strong></span> <span class='ocrx_word' id='word_1_544' title='bbox 2696 3077 2996 3148; x_wconf 89' lang='lat' dir='ltr'><strong>quidquam</strong></span> <span class='ocrx_word' id='word_1_545' title='bbox 3050 3087 3201 3133; x_wconf 90' lang='lat' dir='ltr'><strong>tanta</strong></span> <span class='ocrx_word' id='word_1_546' title='bbox 3253 3080 3303 3134; x_wconf 88' lang='lat' dir='ltr'><strong>vi</strong></span> <span class='ocrx_word' id='word_1_547' title='bbox 3342 3089 3507 3151; x_wconf 90' lang='lat' dir='ltr'><strong>atque</strong></span> 
     </span>
    </p>
   </div>
   <div class='ocr_carea' id='block_1_77' title="bbox 1929 3170 3506 3238">
    <p class='ocr_par' dir='ltr' id='par_1_77' title="bbox 1929 3170 3506 3238">
     <span class='ocr_line' id='line_1_77' title="bbox 1929 3170 3506 3238; baseline 0.006 -19"><span class='ocrx_word' id='word_1_548' title='bbox 1929 3175 2197 3238; x_wconf 88' lang='lat' dir='ltr'><strong>apparatu</strong></span> <span class='ocrx_word' id='word_1_549' title='bbox 2229 3177 2563 3224; x_wconf 88' lang='lat' dir='ltr'><strong>consecutus</strong></span> <span class='ocrx_word' id='word_1_550' title='bbox 2585 3177 2688 3225; x_wconf 91' lang='lat' dir='ltr'><strong>cst.</strong></span> <span class='ocrx_word' id='word_1_551' title='bbox 2712 3170 2958 3227; x_wconf 88' lang='lat' dir='ltr'><strong>Classem</strong></span> <span class='ocrx_word' id='word_1_552' title='bbox 2981 3171 3124 3226; x_wconf 90' lang='lat' dir='ltr'><strong>enim</strong></span> <span class='ocrx_word' id='word_1_553' title='bbox 3149 3171 3292 3227; x_wconf 92' lang='lat' dir='ltr'><strong>illico</strong></span> <span class='ocrx_word' id='word_1_554' title='bbox 3310 3181 3506 3228; x_wconf 66' lang='lat' dir='ltr'><strong>ventus</strong></span> 
     </span>
    </p>
   </div>
   <div class='ocr_carea' id='block_1_78' title="bbox 1929 3259 3502 3334">
    <p class='ocr_par' dir='ltr' id='par_1_78' title="bbox 1929 3259 3502 3334">
     <span class='ocr_line' id='line_1_78' title="bbox 1929 3259 3502 3334; baseline 0.004 -22"><span class='ocrx_word' id='word_1_555' title='bbox 1929 3259 2191 3316; x_wconf 84' lang='lat' dir='ltr'><strong>adversus</strong></span> <span class='ocrx_word' id='word_1_556' title='bbox 2236 3260 2549 3330; x_wconf 80' lang='lat' dir='ltr'><strong>dissipavit,</strong></span> <span class='ocrx_word' id='word_1_557' title='bbox 2592 3262 2807 3331; x_wconf 88' lang='lat' dir='ltr'><strong>aliaque</strong></span> <span class='ocrx_word' id='word_1_558' title='bbox 2849 3263 2957 3317; x_wconf 90' lang='lat' dir='ltr'><strong>alio</strong></span> <span class='ocrx_word' id='word_1_559' title='bbox 2998 3264 3215 3332; x_wconf 87' lang='lat' dir='ltr'><strong>navigia</strong></span> <span class='ocrx_word' id='word_1_560' title='bbox 3265 3265 3502 3334; x_wconf 85' lang='lat' dir='ltr'><strong>disjecit,</strong></span> 
     </span>
    </p>
   </div>
   <div class='ocr_carea' id='block_1_79' title="bbox 1928 3353 3506 3427">
    <p class='ocr_par' dir='ltr' id='par_1_79' title="bbox 1928 3353 3506 3427">
     <span class='ocr_line' id='line_1_79' title="bbox 1928 3353 3506 3427; baseline 0.005 -25"><span class='ocrx_word' id='word_1_561' title='bbox 1928 3359 2254 3419; x_wconf 85' lang='lat' dir='ltr'><strong>tempestate</strong></span> <span class='ocrx_word' id='word_1_562' title='bbox 2306 3353 2616 3407; x_wconf 83' lang='lat' dir='ltr'><strong>vehementi</strong></span> <span class='ocrx_word' id='word_1_563' title='bbox 2656 3354 2870 3420; x_wconf 89' lang='lat' dir='ltr'><strong>oborta,</strong></span> <span class='ocrx_word' id='word_1_564' title='bbox 2907 3363 3056 3410; x_wconf 90' lang='lat' dir='ltr'><strong>terra</strong></span> <span class='ocrx_word' id='word_1_565' title='bbox 3094 3372 3312 3426; x_wconf 91' lang='lat' dir='ltr'><strong>quoque</strong></span> <span class='ocrx_word' id='word_1_566' title='bbox 3351 3357 3506 3427; x_wconf 86' lang='lat' dir='ltr'><strong>oppi-</strong></span> 
     </span>
    </p>
   </div>
   <div class='ocr_carea' id='block_1_80' title="bbox 1929 3441 3505 3516">
    <p class='ocr_par' dir='ltr' id='par_1_80' title="bbox 1929 3441 3505 3516">
     <span class='ocr_line' id='line_1_80' title="bbox 1929 3441 3505 3516; baseline 0.006 -21"><span class='ocrx_word' id='word_1_567' title='bbox 1929 3442 2096 3498; x_wconf 90' lang='lat' dir='ltr'><strong>danis</strong></span> <span class='ocrx_word' id='word_1_568' title='bbox 2131 3441 2348 3497; x_wconf 82' lang='lat' dir='ltr'><strong>fortiter</strong></span> <span class='ocrx_word' id='word_1_569' title='bbox 2375 3445 2743 3513; x_wconf 78' lang='lat' dir='ltr'><strong>pugnantibus</strong></span> <span class='ocrx_word' id='word_1_570' title='bbox 2773 3446 3170 3516; x_wconf 89' lang='lat' dir='ltr'><strong>machinasque</strong></span> <span class='ocrx_word' id='word_1_571' title='bbox 3200 3449 3248 3502; x_wconf 89' lang='lat' dir='ltr'><strong>ei</strong></span> <span class='ocrx_word' id='word_1_572' title='bbox 3283 3449 3505 3505; x_wconf 86' lang='lat' dir='ltr'><strong>inutiles</strong></span> 
     </span>
    </p>
   </div>
   <div class='ocr_carea' id='block_1_81' title="bbox 1930 3535 3506 3606">
    <p class='ocr_par' dir='ltr' id='par_1_81' title="bbox 1930 3535 3506 3606">
     <span class='ocr_line' id='line_1_81' title="bbox 1930 3535 3506 3606; baseline 0.006 -20"><span class='ocrx_word' id='word_1_573' title='bbox 1930 3535 2539 3605; x_wconf 83' lang='lat' dir='ltr'><strong>redigeutibus.ltaque</strong></span> <span class='ocrx_word' id='word_1_574' title='bbox 2569 3537 2716 3589; x_wconf 90' lang='lat' dir='ltr'><strong>omni</strong></span> <span class='ocrx_word' id='word_1_575' title='bbox 2751 3551 2848 3606; x_wconf 89' lang='lat' dir='ltr'><strong>spe</strong></span> <span class='ocrx_word' id='word_1_576' title='bbox 2878 3537 2946 3592; x_wconf 88' lang='lat' dir='ltr'><strong>ad</strong></span> <span class='ocrx_word' id='word_1_577' title='bbox 2979 3539 3195 3593; x_wconf 90' lang='lat' dir='ltr'><strong>irritum</strong></span> <span class='ocrx_word' id='word_1_578' title='bbox 3228 3541 3506 3596; x_wconf 84' lang='lat' dir='ltr'><strong>recidente</strong></span> 
     </span>
    </p>
   </div>
   <div class='ocr_carea' id='block_1_82' title="bbox 1925 3627 3506 3702">
    <p class='ocr_par' dir='ltr' id='par_1_82' title="bbox 1925 3627 3506 3702">
     <span class='ocr_line' id='line_1_82' title="bbox 1925 3627 3506 3702; baseline 0.005 -23"><span class='ocrx_word' id='word_1_579' title='bbox 1925 3627 2166 3696; x_wconf 80' lang='lat' dir='ltr'><strong>receptui</strong></span> <span class='ocrx_word' id='word_1_580' title='bbox 2200 3630 2369 3682; x_wconf 88' lang='lat' dir='ltr'><strong>canit.</strong></span> <span class='ocrx_word' id='word_1_581' title='bbox 2409 3629 2473 3681; x_wconf 86' lang='lat' dir='ltr'><strong>Et</strong></span> <span class='ocrx_word' id='word_1_582' title='bbox 2499 3629 2592 3698; x_wconf 87' lang='lat' dir='ltr'><strong>qui</strong></span> <span class='ocrx_word' id='word_1_583' title='bbox 2627 3630 2682 3683; x_wconf 91' lang='lat' dir='ltr'><strong>in</strong></span> <span class='ocrx_word' id='word_1_584' title='bbox 2717 3631 2852 3684; x_wconf 89' lang='lat' dir='ltr'><strong>urbe</strong></span> <span class='ocrx_word' id='word_1_585' title='bbox 2885 3638 3064 3697; x_wconf 87' lang='lat' dir='ltr'><strong>erant,</strong></span> <span class='ocrx_word' id='word_1_586' title='bbox 3094 3633 3506 3702; x_wconf 86' lang='lat' dir='ltr'><strong>oppugnatione</strong></span> 
     </span>
    </p>
   </div>
   <div class='ocr_carea' id='block_1_83' title="bbox 1928 3719 3507 3792">
    <p class='ocr_par' dir='ltr' id='par_1_83' title="bbox 1928 3719 3507 3792">
     <span class='ocr_line' id='line_1_83' title="bbox 1928 3719 3507 3792; baseline 0.003 -19"><span class='ocrx_word' id='word_1_587' title='bbox 1928 3719 2108 3773; x_wconf 87' lang='lat' dir='ltr'><strong>soluta</strong></span> <span class='ocrx_word' id='word_1_588' title='bbox 2149 3719 2366 3774; x_wconf 88' lang='lat' dir='ltr'><strong>animos</strong></span> <span class='ocrx_word' id='word_1_589' title='bbox 2407 3730 2765 3789; x_wconf 85' lang='lat' dir='ltr'><strong>receperunt;</strong></span> <span class='ocrx_word' id='word_1_590' title='bbox 2801 3731 3118 3792; x_wconf 88' lang='lat' dir='ltr'><strong>tantumque</strong></span> <span class='ocrx_word' id='word_1_591' title='bbox 3152 3724 3233 3778; x_wconf 91' lang='lat' dir='ltr'><strong>eis</strong></span> <span class='ocrx_word' id='word_1_592' title='bbox 3271 3726 3507 3780; x_wconf 88' lang='lat' dir='ltr'><strong>accessit</strong></span> 
     </span>
    </p>
   </div>
   <div class='ocr_carea' id='block_1_84' title="bbox 1929 3811 3504 3885">
    <p class='ocr_par' dir='ltr' id='par_1_84' title="bbox 1929 3811 3504 3885">
     <span class='ocr_line' id='line_1_84' title="bbox 1929 3811 3504 3885; baseline 0.004 -20"><span class='ocrx_word' id='word_1_593' title='bbox 1929 3811 2292 3872; x_wconf 79' lang='lat' dir='ltr'><strong>fortitudinis,</strong></span> <span class='ocrx_word' id='word_1_594' title='bbox 2323 3820 2384 3864; x_wconf 91' lang='lat' dir='ltr'><strong>ut</strong></span> <span class='ocrx_word' id='word_1_595' title='bbox 2442 3813 2773 3882; x_wconf 88' lang='lat' dir='ltr'><strong>quibusdam</strong></span> <span class='ocrx_word' id='word_1_596' title='bbox 2821 3814 2989 3869; x_wconf 92' lang='lat' dir='ltr'><strong>etiam</strong></span> <span class='ocrx_word' id='word_1_597' title='bbox 3039 3817 3270 3884; x_wconf 89' lang='lat' dir='ltr'><strong>portulis</strong></span> <span class='ocrx_word' id='word_1_598' title='bbox 3299 3818 3504 3885; x_wconf 88' lang='lat' dir='ltr'><strong>apertis</strong></span> 
     </span>
    </p>
   </div>
   <div class='ocr_carea' id='block_1_85' title="bbox 1929 3905 3505 3974">
    <p class='ocr_par' dir='ltr' id='par_1_85' title="bbox 1929 3905 3505 3974">
     <span class='ocr_line' id='line_1_85' title="bbox 1929 3905 3505 3974; baseline 0.003 -17"><span class='ocrx_word' id='word_1_599' title='bbox 1929 3905 2212 3972; x_wconf 89' lang='lat' dir='ltr'><strong>eruperint</strong></span> <span class='ocrx_word' id='word_1_600' title='bbox 2270 3919 2607 3974; x_wconf 89' lang='lat' dir='ltr'><strong>manumque</strong></span> <span class='ocrx_word' id='word_1_601' title='bbox 2656 3921 2779 3960; x_wconf 89' lang='lat' dir='ltr'><strong>cum</strong></span> <span class='ocrx_word' id='word_1_602' title='bbox 2813 3906 3033 3961; x_wconf 76' lang='lat' dir='ltr'><strong>Thalna:</strong></span> <span class='ocrx_word' id='word_1_603' title='bbox 3065 3908 3329 3964; x_wconf 86' lang='lat' dir='ltr'><strong>militibus</strong></span> <span class='ocrx_word' id='word_1_604' title='bbox 3372 3924 3505 3964; x_wconf 85' lang='lat' dir='ltr'><strong>con-</strong></span> 
     </span>
    </p>
   </div>
   <div class='ocr_carea' id='block_1_86' title="bbox 1927 3999 3506 4060">
    <p class='ocr_par' dir='ltr' id='par_1_86' title="bbox 1927 3999 3506 4060">
     <span class='ocr_line' id='line_1_86' title="bbox 1927 3999 3506 4060; baseline 0.003 -5"><span class='ocrx_word' id='word_1_605' title='bbox 1927 4003 2224 4056; x_wconf 88' lang='lat' dir='ltr'><strong>seruerinl.</strong></span> <span class='ocrx_word' id='word_1_606' title='bbox 2261 3999 2340 4054; x_wconf 80' lang='lat' dir='ltr'><strong>Ex</strong></span> <span class='ocrx_word' id='word_1_607' title='bbox 2373 4015 2439 4056; x_wconf 91' lang='lat' dir='ltr'><strong>eo</strong></span> <span class='ocrx_word' id='word_1_608' title='bbox 2485 4003 2677 4056; x_wconf 88' lang='lat' dir='ltr'><strong>statuit</strong></span> <span class='ocrx_word' id='word_1_609' title='bbox 2703 4002 2943 4058; x_wconf 89' lang='lat' dir='ltr'><strong>Thomas</strong></span> <span class='ocrx_word' id='word_1_610' title='bbox 2969 4020 3033 4059; x_wconf 80' lang='lat' dir='ltr'><strong>ex</strong></span> <span class='ocrx_word' id='word_1_611' title='bbox 3060 4003 3293 4059; x_wconf 90' lang='lat' dir='ltr'><strong>Thracia</strong></span> <span class='ocrx_word' id='word_1_612' title='bbox 3324 4005 3506 4060; x_wconf 84' lang='lat' dir='ltr'><strong>disce-</strong></span> 
     </span>
    </p>
   </div>
   <div class='ocr_carea' id='block_1_87' title="bbox 1928 4091 3503 4167">
    <p class='ocr_par' dir='ltr' id='par_1_87' title="bbox 1928 4091 3503 4167">
     <span class='ocr_line' id='line_1_87' title="bbox 1928 4091 3503 4167; baseline 0.004 -23"><span class='ocrx_word' id='word_1_613' title='bbox 1928 4091 2088 4157; x_wconf 90' lang='lat' dir='ltr'><strong>dere,</strong></span> <span class='ocrx_word' id='word_1_614' title='bbox 2152 4093 2300 4162; x_wconf 91' lang='lat' dir='ltr'><strong>quod</strong></span> <span class='ocrx_word' id='word_1_615' title='bbox 2355 4092 2607 4162; x_wconf 78' lang='lat' dir='ltr'><strong>frigidior</strong></span> <span class='ocrx_word' id='word_1_616' title='bbox 2655 4109 2719 4149; x_wconf 89' lang='lat' dir='ltr'><strong>ea</strong></span> <span class='ocrx_word' id='word_1_617' title='bbox 2771 4104 2854 4150; x_wconf 88' lang='lat' dir='ltr'><strong>est</strong></span> <span class='ocrx_word' id='word_1_618' title='bbox 2903 4111 3001 4165; x_wconf 87' lang='lat' dir='ltr'><strong>per</strong></span> <span class='ocrx_word' id='word_1_619' title='bbox 3057 4098 3291 4152; x_wconf 91' lang='lat' dir='ltr'><strong>hiemem</strong></span> <span class='ocrx_word' id='word_1_620' title='bbox 3329 4099 3503 4167; x_wconf 84' lang='lat' dir='ltr'><strong>regio,</strong></span> 
     </span>
    </p>
   </div>
   <div class='ocr_carea' id='block_1_88' title="bbox 1927 4185 3506 4258">
    <p class='ocr_par' dir='ltr' id='par_1_88' title="bbox 1927 4185 3506 4258">
     <span class='ocr_line' id='line_1_88' title="bbox 1927 4185 3506 4258; baseline 0.006 -22"><span class='ocrx_word' id='word_1_621' title='bbox 1927 4185 2342 4254; x_wconf 81' lang='lat' dir='ltr'><strong>exercitumque</strong></span> <span class='ocrx_word' id='word_1_622' title='bbox 2399 4186 2454 4239; x_wconf 90' lang='lat' dir='ltr'><strong>in</strong></span> <span class='ocrx_word' id='word_1_623' title='bbox 2506 4186 2734 4241; x_wconf 86' lang='lat' dir='ltr'><strong>hiberna</strong></span> <span class='ocrx_word' id='word_1_624' title='bbox 2782 4203 2881 4257; x_wconf 88' lang='lat' dir='ltr'><strong>per</strong></span> <span class='ocrx_word' id='word_1_625' title='bbox 2931 4191 3182 4258; x_wconf 87' lang='lat' dir='ltr'><strong>regiones</strong></span> <span class='ocrx_word' id='word_1_626' title='bbox 3213 4191 3506 4246; x_wconf 70' lang='lat' dir='ltr'><strong>calidiores</strong></span> 
     </span>
    </p>
   </div>
   <div class='ocr_carea' id='block_1_89' title="bbox 1929 4274 3506 4344">
    <p class='ocr_par' dir='ltr' id='par_1_89' title="bbox 1929 4274 3506 4344">
     <span class='ocr_line' id='line_1_89' title="bbox 1929 4274 3506 4344; baseline 0.004 -15"><span class='ocrx_word' id='word_1_627' title='bbox 1929 4274 2265 4344; x_wconf 84' lang='lat' dir='ltr'><strong>dispergere.</strong></span> <span class='ocrx_word' id='word_1_628' title='bbox 2324 4274 2499 4340; x_wconf 85' lang='lat' dir='ltr'><strong>Quam</strong></span> <span class='ocrx_word' id='word_1_629' title='bbox 2550 4279 2882 4332; x_wconf 86' lang='lat' dir='ltr'><strong>sententiam</strong></span> <span class='ocrx_word' id='word_1_630' title='bbox 2935 4289 3232 4334; x_wconf 82' lang='lat' dir='ltr'><strong>exsecutus</strong></span> <span class='ocrx_word' id='word_1_631' title='bbox 3284 4279 3506 4336; x_wconf 88' lang='lat' dir='ltr'><strong>ineunte</strong></span> 
     </span>
    </p>
   </div>
   <div class='ocr_carea' id='block_1_90' title="bbox 1927 4368 3506 4440">
    <p class='ocr_par' dir='ltr' id='par_1_90' title="bbox 1927 4368 3506 4440">
     <span class='ocr_line' id='line_1_90' title="bbox 1927 4368 3506 4440; baseline 0.003 -21"><span class='ocrx_word' id='word_1_632' title='bbox 1927 4381 2054 4420; x_wconf 82' lang='lat' dir='ltr'><strong>vere</strong></span> <span class='ocrx_word' id='word_1_633' title='bbox 2105 4381 2302 4419; x_wconf 89' lang='lat' dir='ltr'><strong>rursus</strong></span> <span class='ocrx_word' id='word_1_634' title='bbox 2350 4373 2493 4420; x_wconf 87' lang='lat' dir='ltr'><strong>terra</strong></span> <span class='ocrx_word' id='word_1_635' title='bbox 2540 4369 2788 4436; x_wconf 87' lang='lat' dir='ltr'><strong>marique</strong></span> <span class='ocrx_word' id='word_1_636' title='bbox 2825 4368 3017 4438; x_wconf 87' lang='lat' dir='ltr'><strong>Cpolin</strong></span> <span class='ocrx_word' id='word_1_637' title='bbox 3061 4384 3379 4440; x_wconf 89' lang='lat' dir='ltr'><strong>oppugnare</strong></span> <span class='ocrx_word' id='word_1_638' title='bbox 3417 4373 3506 4424; x_wconf 90' lang='lat' dir='ltr'><strong>in-</strong></span> 
     </span>
    </p>
   </div>
   <div class='ocr_carea' id='block_1_91' title="bbox 1928 4457 3502 4532">
    <p class='ocr_par' dir='ltr' id='par_1_91' title="bbox 1928 4457 3502 4532">
     <span class='ocr_line' id='line_1_91' title="bbox 1928 4457 3502 4532; baseline 0.003 -22"><span class='ocrx_word' id='word_1_639' title='bbox 1928 4457 2123 4511; x_wconf 91' lang='lat' dir='ltr'><strong>tendit.</strong></span> <span class='ocrx_word' id='word_1_640' title='bbox 2153 4457 2344 4525; x_wconf 85' lang='lat' dir='ltr'><strong>Neque</strong></span> <span class='ocrx_word' id='word_1_641' title='bbox 2375 4457 2540 4528; x_wconf 73' lang='lat'><strong>883</strong></span> <span class='ocrx_word' id='word_1_642' title='bbox 2572 4476 2701 4514; x_wconf 85' lang='lat' dir='ltr'><strong>vero</strong></span> <span class='ocrx_word' id='word_1_643' title='bbox 2729 4459 3052 4516; x_wconf 82' lang='lat' dir='ltr'><strong>Michaelum</strong></span> <span class='ocrx_word' id='word_1_644' title='bbox 3085 4463 3298 4532; x_wconf 84' lang='lat' dir='ltr'><strong>qualem</strong></span> <span class='ocrx_word' id='word_1_645' title='bbox 3321 4473 3502 4527; x_wconf 85' lang='lat' dir='ltr'><strong>antea,</strong></span> 
     </span>
    </p>
   </div>
   <div class='ocr_carea' id='block_1_92' title="bbox 240 4536 1830 4620">
    <p class='ocr_par' dir='ltr' id='par_1_92' title="bbox 240 4536 1820 4613">
     <span class='ocr_line' id='line_1_92' title="bbox 240 4536 1820 4613; baseline 0.004 -24"><span class='ocrx_word' id='word_1_646' title='bbox 240 4538 402 4606; x_wconf 75' lang='grc' dir='ltr'>θῆναι</span> <span class='ocrx_word' id='word_1_647' title='bbox 444 4536 725 4605; x_wconf 74' lang='grc' dir='ltr'>ἠπείγετο.</span> <span class='ocrx_word' id='word_1_648' title='bbox 753 4536 918 4589; x_wconf 75' lang='grc' dir='ltr'>’Ὅθεν</span> <span class='ocrx_word' id='word_1_649' title='bbox 963 4539 1030 4606; x_wconf 79' lang='grc' dir='ltr'><strong>τῇ</strong></span> <span class='ocrx_word' id='word_1_650' title='bbox 1079 4536 1206 4604; x_wconf 73' lang='grc' dir='ltr'><strong>ἑξῆς</strong></span> <span class='ocrx_word' id='word_1_651' title='bbox 1239 4537 1354 4608; x_wconf 66' lang='grc' dir='ltr'>ἅμα</span> <span class='ocrx_word' id='word_1_652' title='bbox 1390 4541 1533 4608; x_wconf 71' lang='grc' dir='ltr'>φωτὶ</span> <span class='ocrx_word' id='word_1_653' title='bbox 1569 4544 1820 4613; x_wconf 84' lang='grc' dir='ltr'>σημάνας</span> 
     </span>
    </p>
   </div>
   <div class='ocr_carea' id='block_1_93' title="bbox 1922 4536 3502 4620">
    <p class='ocr_par' dir='ltr' id='par_1_93' title="bbox 1931 4548 3502 4616">
     <span class='ocr_line' id='line_1_93' title="bbox 1931 4548 3502 4616; baseline 0.003 -12"><span class='ocrx_word' id='word_1_654' title='bbox 1931 4548 2028 4604; x_wconf 93' lang='lat' dir='ltr'><strong>sed</strong></span> <span class='ocrx_word' id='word_1_655' title='bbox 2076 4548 2188 4616; x_wconf 90' lang='lat' dir='ltr'><strong>jam</strong></span> <span class='ocrx_word' id='word_1_656' title='bbox 2235 4554 2290 4599; x_wconf 91' lang='lat' dir='ltr'><strong>et</strong></span> <span class='ocrx_word' id='word_1_657' title='bbox 2326 4551 2572 4604; x_wconf 82' lang='lat' dir='ltr'><strong>terrestri</strong></span> <span class='ocrx_word' id='word_1_658' title='bbox 2606 4551 2838 4605; x_wconf 79' lang='lat' dir='ltr'><strong>collecto</strong></span> <span class='ocrx_word' id='word_1_659' title='bbox 2882 4552 3127 4606; x_wconf 79' lang='lat' dir='ltr'><strong>exercitu</strong></span> <span class='ocrx_word' id='word_1_660' title='bbox 3172 4555 3502 4608; x_wconf 89' lang='lat' dir='ltr'><strong>instructum</strong></span> 
     </span>
    </p>
   </div>
   <div class='ocr_carea' id='block_1_94' title="bbox 241 4625 1824 4703">
    <p class='ocr_par' dir='ltr' id='par_1_94' title="bbox 241 4625 1824 4703">
     <span class='ocr_line' id='line_1_94' title="bbox 241 4625 1824 4703; baseline 0.003 -24"><span class='ocrx_word' id='word_1_661' title='bbox 241 4627 304 4679; x_wconf 72' lang='grc' dir='ltr'><strong>τὸ</strong></span> <span class='ocrx_word' id='word_1_662' title='bbox 357 4626 606 4678; x_wconf 77' lang='grc' dir='ltr'>ἐνυάλιον</span> <span class='ocrx_word' id='word_1_663' title='bbox 664 4625 796 4687; x_wconf 84' lang='grc' dir='ltr'>τοὺς</span> <span class='ocrx_word' id='word_1_664' title='bbox 842 4625 1044 4695; x_wconf 82' lang='grc' dir='ltr'>ἄνδρας</span> <span class='ocrx_word' id='word_1_665' title='bbox 1078 4625 1258 4694; x_wconf 74' lang='grc' dir='ltr'><strong>ἐξῆγε.</strong></span> <span class='ocrx_word' id='word_1_666' title='bbox 1293 4629 1400 4680; x_wconf 76' lang='grc' dir='ltr'>Καὶ</span> <span class='ocrx_word' id='word_1_667' title='bbox 1449 4631 1527 4699; x_wconf 81' lang='grc' dir='ltr'>τῷ</span> <span class='ocrx_word' id='word_1_668' title='bbox 1571 4633 1670 4700; x_wconf 88' lang='grc' dir='ltr'>μὲν</span> <span class='ocrx_word' id='word_1_669' title='bbox 1724 4634 1824 4703; x_wconf 78' lang='grc' dir='ltr'><strong>υἱῷ</strong></span> 
     </span>
    </p>
   </div>
   <div class='ocr_carea' id='block_1_95' title="bbox 239 4717 1821 4793">
    <p class='ocr_par' dir='ltr' id='par_1_95' title="bbox 239 4717 1821 4793">
     <span class='ocr_line' id='line_1_95' title="bbox 239 4717 1821 4793; baseline 0.006 -26"><span class='ocrx_word' id='word_1_670' title='bbox 239 4719 330 4767; x_wconf 67' lang='grc' dir='ltr'><strong>τὸν</strong></span> <span class='ocrx_word' id='word_1_671' title='bbox 385 4719 526 4767; x_wconf 71' lang='grc' dir='ltr'>κατὰ</span> <span class='ocrx_word' id='word_1_672' title='bbox 578 4717 640 4768; x_wconf 80' lang='grc' dir='ltr'>τὸ</span> <span class='ocrx_word' id='word_1_673' title='bbox 686 4719 942 4786; x_wconf 81' lang='grc' dir='ltr'>χερσαῖον</span> <span class='ocrx_word' id='word_1_674' title='bbox 1008 4719 1186 4787; x_wconf 82' lang='grc' dir='ltr'>τεῖχος</span> <span class='ocrx_word' id='word_1_675' title='bbox 1243 4719 1508 4788; x_wconf 67' lang='grc' dir='ltr'>ἐπέτρεψε</span> <span class='ocrx_word' id='word_1_676' title='bbox 1563 4723 1821 4793; x_wconf 82' lang='grc' dir='ltr'>πόλεμον,</span> 
     </span>
    </p>
   </div>
   <div class='ocr_carea' id='block_1_96' title="bbox 239 4806 1826 4880">
    <p class='ocr_par' dir='ltr' id='par_1_96' title="bbox 239 4806 1826 4880">
     <span class='ocr_line' id='line_1_96' title="bbox 239 4806 1826 4880; baseline 0.008 -21"><span class='ocrx_word' id='word_1_677' title='bbox 239 4807 406 4868; x_wconf 74' lang='grc' dir='ltr'>αὐτὸς</span> <span class='ocrx_word' id='word_1_678' title='bbox 452 4806 509 4858; x_wconf 84' lang='grc' dir='ltr'>δὲ</span> <span class='ocrx_word' id='word_1_679' title='bbox 556 4806 617 4858; x_wconf 77' lang='grc' dir='ltr'>τὸ</span> <span class='ocrx_word' id='word_1_680' title='bbox 689 4807 820 4858; x_wconf 80' lang='grc' dir='ltr'>πολὺ</span> <span class='ocrx_word' id='word_1_681' title='bbox 871 4809 970 4875; x_wconf 81' lang='grc' dir='ltr'>τῆς</span> <span class='ocrx_word' id='word_1_682' title='bbox 1044 4808 1326 4877; x_wconf 84' lang='grc' dir='ltr'>δυνάμεως</span> <span class='ocrx_word' id='word_1_683' title='bbox 1395 4811 1533 4880; x_wconf 75' lang='grc' dir='ltr'>ἔχων</span> <span class='ocrx_word' id='word_1_684' title='bbox 1587 4814 1682 4865; x_wconf 77' lang='grc' dir='ltr'>καὶ</span> <span class='ocrx_word' id='word_1_685' title='bbox 1726 4817 1826 4878; x_wconf 82' lang='grc' dir='ltr'><strong>τὰς</strong></span> 
     </span>
    </p>
   </div>
   <div class='ocr_carea' id='block_1_97' title="bbox 241 4896 1825 4966">
    <p class='ocr_par' dir='ltr' id='par_1_97' title="bbox 241 4896 1825 4966">
     <span class='ocr_line' id='line_1_97' title="bbox 241 4896 1825 4966; baseline 0.006 -18"><span class='ocrx_word' id='word_1_686' title='bbox 241 4897 520 4966; x_wconf 79' lang='grc' dir='ltr'>καρτερὰς</span> <span class='ocrx_word' id='word_1_687' title='bbox 564 4896 839 4956; x_wconf 79' lang='grc' dir='ltr'>ἑλεπόλεις</span> <span class='ocrx_word' id='word_1_688' title='bbox 896 4897 991 4947; x_wconf 74' lang='grc' dir='ltr'>καὶ</span> <span class='ocrx_word' id='word_1_689' title='bbox 1029 4899 1278 4965; x_wconf 85' lang='grc' dir='ltr'>μηχανάς</span> <span class='ocrx_word' id='word_1_690' title='bbox 1345 4902 1488 4953; x_wconf 85' lang='grc' dir='ltr'>κατὰ</span> <span class='ocrx_word' id='word_1_691' title='bbox 1535 4903 1662 4964; x_wconf 85' lang='grc' dir='ltr'>τοὺς</span> <span class='ocrx_word' id='word_1_692' title='bbox 1715 4905 1825 4958; x_wconf 83' lang='grc' dir='ltr'>τῶν</span> 
     </span>
    </p>
   </div>
   <div class='ocr_carea' id='block_1_98' title="bbox 250 4987 1818 5065">
    <p class='ocr_par' dir='ltr' id='par_1_98' title="bbox 250 4987 1818 5065">
     <span class='ocr_line' id='line_1_98' title="bbox 250 4987 1818 5065; baseline 0.005 -25"><span class='ocrx_word' id='word_1_693' title='bbox 250 4987 572 5058; x_wconf 85' lang='grc' dir='ltr'>Βλαχερνῶν</span> <span class='ocrx_word' id='word_1_694' title='bbox 657 4987 902 5056; x_wconf 87' lang='grc' dir='ltr'>πύργους</span> <span class='ocrx_word' id='word_1_695' title='bbox 991 4989 1228 5041; x_wconf 76' lang='grc' dir='ltr'>ἐποιεῖτο</span> <span class='ocrx_word' id='word_1_696' title='bbox 1307 4990 1406 5060; x_wconf 88' lang='grc' dir='ltr'>τὴν</span> <span class='ocrx_word' id='word_1_697' title='bbox 1468 4995 1775 5065; x_wconf 80' lang='grc' dir='ltr'>προσϐολὴν</span> <span class='ocrx_word' id='word_1_698' title='bbox 1803 5039 1818 5062; x_wconf 97' lang='grc'><strong>,</strong></span> 
     </span>
    </p>
   </div>
   <div class='ocr_carea' id='block_1_99' title="bbox 241 5080 1820 5154">
    <p class='ocr_par' dir='ltr' id='par_1_99' title="bbox 241 5080 1820 5154">
     <span class='ocr_line' id='line_1_99' title="bbox 241 5080 1820 5154; baseline 0.005 -21"><span class='ocrx_word' id='word_1_699' title='bbox 241 5081 517 5150; x_wconf 81' lang='grc' dir='ltr'>κλίμακάς</span> <span class='ocrx_word' id='word_1_700' title='bbox 595 5097 655 5132; x_wconf 85' lang='grc' dir='ltr'><strong>τε</strong></span> <span class='ocrx_word' id='word_1_701' title='bbox 741 5080 1072 5151; x_wconf 81' lang='grc' dir='ltr'>προσφέρων</span> <span class='ocrx_word' id='word_1_702' title='bbox 1141 5085 1253 5146; x_wconf 88' lang='grc' dir='ltr'>τοῖς</span> <span class='ocrx_word' id='word_1_703' title='bbox 1331 5085 1569 5154; x_wconf 86' lang='grc' dir='ltr'>τείχεσιν</span> <span class='ocrx_word' id='word_1_704' title='bbox 1623 5089 1820 5141; x_wconf 82' lang='grc' dir='ltr'>ἀναλό-</span> 
     </span>
    </p>
   </div>
   <div class='ocr_carea' id='block_1_100' title="bbox 240 5169 1816 5249">
    <p class='ocr_par' dir='ltr' id='par_1_100' title="bbox 240 5169 1816 5249">
     <span class='ocr_line' id='line_1_100' title="bbox 240 5169 1816 5249; baseline 0.01 -32"><span class='ocrx_word' id='word_1_705' title='bbox 240 5187 371 5238; x_wconf 68' lang='grc' dir='ltr'>γους</span> <span class='ocrx_word' id='word_1_706' title='bbox 427 5169 506 5238; x_wconf 84' lang='grc' dir='ltr'>τῷ</span> <span class='ocrx_word' id='word_1_707' title='bbox 548 5170 711 5239; x_wconf 54' lang='grc' dir='ltr'>ὕψεϊ,</span> <span class='ocrx_word' id='word_1_708' title='bbox 763 5173 856 5223; x_wconf 75' lang='grc' dir='ltr'>καὶ</span> <span class='ocrx_word' id='word_1_709' title='bbox 887 5172 1122 5243; x_wconf 79' lang='grc' dir='ltr'>ἀλλαχοῦ</span> <span class='ocrx_word' id='word_1_710' title='bbox 1161 5175 1262 5242; x_wconf 80' lang='grc' dir='ltr'>μὲν</span> <span class='ocrx_word' id='word_1_711' title='bbox 1298 5175 1559 5244; x_wconf 87' lang='grc' dir='ltr'>χελώνας,</span> <span class='ocrx_word' id='word_1_712' title='bbox 1584 5177 1816 5249; x_wconf 88' lang='grc' dir='ltr'>ἀλλαχοῦ</span> 
     </span>
    </p>
   </div>
   <div class='ocr_carea' id='block_1_101' title="bbox 240 5261 1817 5341">
    <p class='ocr_par' dir='ltr' id='par_1_101' title="bbox 240 5261 1817 5341">
     <span class='ocr_line' id='line_1_101' title="bbox 240 5261 1817 5341; baseline 0.007 -27"><span class='ocrx_word' id='word_1_713' title='bbox 240 5263 298 5314; x_wconf 82' lang='grc' dir='ltr'>δὲ</span> <span class='ocrx_word' id='word_1_714' title='bbox 323 5261 528 5332; x_wconf 76' lang='grc' dir='ltr'>κριούςο</span> <span class='ocrx_word' id='word_1_715' title='bbox 562 5263 858 5332; x_wconf 79' lang='grc' dir='ltr'>τοξεύμασι</span> <span class='ocrx_word' id='word_1_716' title='bbox 887 5263 942 5314; x_wconf 86' lang='grc' dir='ltr'>δὲ</span> <span class='ocrx_word' id='word_1_717' title='bbox 967 5266 1063 5316; x_wconf 69' lang='grc' dir='ltr'>καὶ</span> <span class='ocrx_word' id='word_1_718' title='bbox 1092 5267 1440 5334; x_wconf 75' lang='grc' dir='ltr'>πετροϐόλοις</span> <span class='ocrx_word' id='word_1_719' title='bbox 1476 5273 1817 5341; x_wconf 88' lang='grc' dir='ltr'>πανταχόθεν</span> 
     </span>
    </p>
   </div>
   <div class='ocr_carea' id='block_1_102' title="bbox 1929 4641 3503 4714">
    <p class='ocr_par' dir='ltr' id='par_1_102' title="bbox 1929 4641 3503 4714">
     <span class='ocr_line' id='line_1_102' title="bbox 1929 4641 3503 4714; baseline 0.003 -21"><span class='ocrx_word' id='word_1_720' title='bbox 1929 4649 1983 4694; x_wconf 89' lang='lat' dir='ltr'><strong>et</strong></span> <span class='ocrx_word' id='word_1_721' title='bbox 2017 4655 2156 4694; x_wconf 84' lang='lat' dir='ltr'><strong>nova</strong></span> <span class='ocrx_word' id='word_1_722' title='bbox 2192 4644 2368 4697; x_wconf 88' lang='lat' dir='ltr'><strong>classe</strong></span> <span class='ocrx_word' id='word_1_723' title='bbox 2397 4643 2624 4698; x_wconf 80' lang='lat' dir='ltr'><strong>invenit.</strong></span> <span class='ocrx_word' id='word_1_724' title='bbox 2656 4641 2870 4698; x_wconf 83' lang='lat' dir='ltr'><strong>Rursus</strong></span> <span class='ocrx_word' id='word_1_725' title='bbox 2900 4659 3032 4714; x_wconf 82' lang='lat' dir='ltr'><strong>ergo</strong></span> <span class='ocrx_word' id='word_1_726' title='bbox 3061 4644 3306 4700; x_wconf 88' lang='lat' dir='ltr'><strong>eamdem</strong></span> <span class='ocrx_word' id='word_1_727' title='bbox 3339 4660 3503 4714; x_wconf 90' lang='lat' dir='ltr'><strong>quam</strong></span> 
     </span>
    </p>
   </div>
   <div class='ocr_carea' id='block_1_103' title="bbox 1929 4733 3505 4806">
    <p class='ocr_par' dir='ltr' id='par_1_103' title="bbox 1929 4733 3505 4806">
     <span class='ocr_line' id='line_1_103' title="bbox 1929 4733 3505 4806; baseline 0.004 -22"><span class='ocrx_word' id='word_1_728' title='bbox 1929 4733 2079 4800; x_wconf 86' lang='lat' dir='ltr'><strong>prius</strong></span> <span class='ocrx_word' id='word_1_729' title='bbox 2113 4735 2267 4788; x_wconf 87' lang='lat' dir='ltr'><strong>urbis</strong></span> <span class='ocrx_word' id='word_1_730' title='bbox 2294 4744 2502 4802; x_wconf 89' lang='lat' dir='ltr'><strong>partem</strong></span> <span class='ocrx_word' id='word_1_731' title='bbox 2528 4737 2845 4805; x_wconf 81' lang='lat' dir='ltr'><strong>aggreditur</strong></span> <span class='ocrx_word' id='word_1_732' title='bbox 2874 4737 3014 4806; x_wconf 86' lang='lat' dir='ltr'><strong>apud</strong></span> <span class='ocrx_word' id='word_1_733' title='bbox 3039 4738 3217 4798; x_wconf 83' lang='lat' dir='ltr'><strong>sinum</strong></span> <span class='ocrx_word' id='word_1_734' title='bbox 3250 4737 3505 4792; x_wconf 83' lang='lat' dir='ltr'><strong>Blacher-</strong></span> 
     </span>
    </p>
   </div>
   <div class='ocr_carea' id='block_1_104' title="bbox 1933 4822 3504 4892">
    <p class='ocr_par' dir='ltr' id='par_1_104' title="bbox 1933 4822 3504 4892">
     <span class='ocr_line' id='line_1_104' title="bbox 1933 4822 3504 4892; baseline 0.006 -18"><span class='ocrx_word' id='word_1_735' title='bbox 1933 4837 2181 4886; x_wconf 85' lang='lat' dir='ltr'><strong>nensem,</strong></span> <span class='ocrx_word' id='word_1_736' title='bbox 2211 4822 2450 4892; x_wconf 87' lang='lat' dir='ltr'><strong>dataque</strong></span> <span class='ocrx_word' id='word_1_737' title='bbox 2489 4825 2733 4878; x_wconf 77' lang='lat' dir='ltr'><strong>irruendi</strong></span> <span class='ocrx_word' id='word_1_738' title='bbox 2771 4833 2981 4880; x_wconf 87' lang='lat' dir='ltr'><strong>tessera</strong></span> <span class='ocrx_word' id='word_1_739' title='bbox 3032 4828 3180 4879; x_wconf 91' lang='lat' dir='ltr'><strong>omni</strong></span> <span class='ocrx_word' id='word_1_740' title='bbox 3225 4831 3278 4882; x_wconf 88' lang='lat' dir='ltr'><strong>vi</strong></span> <span class='ocrx_word' id='word_1_741' title='bbox 3315 4843 3504 4884; x_wconf 87' lang='lat' dir='ltr'><strong>muros</strong></span> 
     </span>
    </p>
   </div>
   <div class='ocr_carea' id='block_1_105' title="bbox 1931 4913 3504 4990">
    <p class='ocr_par' dir='ltr' id='par_1_105' title="bbox 1931 4913 3504 4990">
     <span class='ocr_line' id='line_1_105' title="bbox 1931 4913 3504 4990; baseline 0.007 -26"><span class='ocrx_word' id='word_1_742' title='bbox 1931 4913 2198 4968; x_wconf 89' lang='lat' dir='ltr'><strong>machinis</strong></span> <span class='ocrx_word' id='word_1_743' title='bbox 2234 4913 2491 4969; x_wconf 88' lang='lat' dir='ltr'><strong>adductis</strong></span> <span class='ocrx_word' id='word_1_744' title='bbox 2538 4926 2835 4972; x_wconf 89' lang='lat' dir='ltr'><strong>concutere</strong></span> <span class='ocrx_word' id='word_1_745' title='bbox 2871 4928 3064 4972; x_wconf 83' lang='lat' dir='ltr'><strong>tentat.</strong></span> <span class='ocrx_word' id='word_1_746' title='bbox 3097 4921 3233 4974; x_wconf 89' lang='lat' dir='ltr'><strong>Dum</strong></span> <span class='ocrx_word' id='word_1_747' title='bbox 3267 4921 3380 4975; x_wconf 71' lang='lat' dir='ltr'><strong>hazc</strong></span> <span class='ocrx_word' id='word_1_748' title='bbox 3411 4937 3504 4990; x_wconf 82' lang='lat' dir='ltr'><strong>ge-</strong></span> 
     </span>
    </p>
   </div>
   <div class='ocr_carea' id='block_1_106' title="bbox 1930 5004 3502 5078">
    <p class='ocr_par' dir='ltr' id='par_1_106' title="bbox 1930 5004 3502 5078">
     <span class='ocr_line' id='line_1_106' title="bbox 1930 5004 3502 5078; baseline 0.007 -22"><span class='ocrx_word' id='word_1_749' title='bbox 1930 5014 2144 5070; x_wconf 90' lang='lat' dir='ltr'><strong>runtur,</strong></span> <span class='ocrx_word' id='word_1_750' title='bbox 2169 5004 2470 5064; x_wconf 82' lang='lat' dir='ltr'><strong>Michaelus</strong></span> <span class='ocrx_word' id='word_1_751' title='bbox 2495 5023 2618 5062; x_wconf 90' lang='lat' dir='ltr'><strong>cum</strong></span> <span class='ocrx_word' id='word_1_752' title='bbox 2643 5011 2969 5078; x_wconf 79' lang='lat' dir='ltr'><strong>quibusdam</strong></span> <span class='ocrx_word' id='word_1_753' title='bbox 2996 5009 3216 5065; x_wconf 69' lang='lat' dir='ltr'><strong>Thomaa</strong></span> <span class='ocrx_word' id='word_1_754' title='bbox 3238 5013 3502 5067; x_wconf 90' lang='lat' dir='ltr'><strong>militibus</strong></span> 
     </span>
    </p>
   </div>
   <div class='ocr_carea' id='block_1_107' title="bbox 1927 5095 3503 5167">
    <p class='ocr_par' dir='ltr' id='par_1_107' title="bbox 1927 5095 3503 5167">
     <span class='ocr_line' id='line_1_107' title="bbox 1927 5095 3503 5167; baseline 0.005 -20"><span class='ocrx_word' id='word_1_755' title='bbox 1927 5095 2276 5164; x_wconf 91' lang='lat' dir='ltr'><strong>colloquendi</strong></span> <span class='ocrx_word' id='word_1_756' title='bbox 2319 5102 2781 5167; x_wconf 87' lang='lat' dir='ltr'><strong>opportunitatem</strong></span> <span class='ocrx_word' id='word_1_757' title='bbox 2818 5111 3012 5156; x_wconf 87' lang='lat' dir='ltr'><strong>nactus</strong></span> <span class='ocrx_word' id='word_1_758' title='bbox 3053 5102 3382 5158; x_wconf 85' lang='lat' dir='ltr'><strong>oblivionem</strong></span> <span class='ocrx_word' id='word_1_759' title='bbox 3420 5105 3503 5156; x_wconf 81' lang='lat' dir='ltr'><strong>iu-</strong></span> 
     </span>
    </p>
   </div>
   <div class='ocr_carea' id='block_1_108' title="bbox 1924 5185 3501 5263">
    <p class='ocr_par' dir='ltr' id='par_1_108' title="bbox 1924 5185 3501 5263">
     <span class='ocr_line' id='line_1_108' title="bbox 1924 5185 3501 5263; baseline 0.009 -25"><span class='ocrx_word' id='word_1_760' title='bbox 1924 5185 2200 5254; x_wconf 89' lang='lat' dir='ltr'><strong>juriarum</strong></span> <span class='ocrx_word' id='word_1_761' title='bbox 2247 5190 2523 5258; x_wconf 89' lang='lat' dir='ltr'><strong>multaque</strong></span> <span class='ocrx_word' id='word_1_762' title='bbox 2567 5190 2832 5246; x_wconf 80' lang='lat' dir='ltr'><strong>beneﬁcia</strong></span> <span class='ocrx_word' id='word_1_763' title='bbox 2874 5197 3176 5263; x_wconf 88' lang='lat' dir='ltr'><strong>promittit,</strong></span> <span class='ocrx_word' id='word_1_764' title='bbox 3221 5198 3268 5252; x_wconf 92' lang='lat' dir='ltr'><strong>si</strong></span> <span class='ocrx_word' id='word_1_765' title='bbox 3321 5197 3388 5251; x_wconf 84' lang='lat' dir='ltr'><strong>ad</strong></span> <span class='ocrx_word' id='word_1_766' title='bbox 3443 5214 3501 5252; x_wconf 87' lang='lat' dir='ltr'><strong>se</strong></span> 
     </span>
    </p>
   </div>
   <div class='ocr_carea' id='block_1_109' title="bbox 1929 5279 3502 5354">
    <p class='ocr_par' dir='ltr' id='par_1_109' title="bbox 1929 5279 3502 5354">
     <span class='ocr_line' id='line_1_109' title="bbox 1929 5279 3502 5354; baseline 0.01 -23"><span class='ocrx_word' id='word_1_767' title='bbox 1929 5279 2227 5333; x_wconf 86' lang='lat' dir='ltr'><strong>transirent</strong></span> <span class='ocrx_word' id='word_1_768' title='bbox 2269 5282 2666 5352; x_wconf 85' lang='lat' dir='ltr'><strong>sanguinisque</strong></span> <span class='ocrx_word' id='word_1_769' title='bbox 2705 5285 2882 5339; x_wconf 90' lang='lat' dir='ltr'><strong>civilis</strong></span> <span class='ocrx_word' id='word_1_770' title='bbox 2923 5289 3224 5354; x_wconf 78' lang='lat' dir='ltr'><strong>pollutione</strong></span> <span class='ocrx_word' id='word_1_771' title='bbox 3261 5290 3502 5345; x_wconf 85' lang='lat' dir='ltr'><strong>abstine-</strong></span> 
     </span>
    </p>
   </div>
   <div class='ocr_carea' id='block_1_110' title="bbox 1359 5429 2374 5499">
    <p class='ocr_par' dir='ltr' id='par_1_110' title="bbox 1359 5429 2374 5499">
     <span class='ocr_line' id='line_1_110' title="bbox 1359 5429 2374 5499; baseline 0.016 -16"><span class='ocrx_word' id='word_1_772' title='bbox 1359 5429 1724 5490; x_wconf 80' lang='lat' dir='ltr'><strong>XYLANDRI</strong></span> <span class='ocrx_word' id='word_1_773' title='bbox 1760 5437 1848 5490; x_wconf 86' lang='lat' dir='ltr'><strong>ET</strong></span> <span class='ocrx_word' id='word_1_774' title='bbox 1895 5439 2110 5499; x_wconf 82' lang='lat' dir='ltr'><strong>GOARI</strong></span> <span class='ocrx_word' id='word_1_775' title='bbox 2141 5443 2374 5499; x_wconf 77' lang='grc' dir='ltr'><strong>ΝΟΤᾹΞ.</strong></span> 
     </span>
    </p>
   </div>
   <div class='ocr_carea' id='block_1_111' title="bbox 319 5536 1818 5619">
    <p class='ocr_par' dir='ltr' id='par_1_111' title="bbox 319 5536 1818 5619">
     <span class='ocr_line' id='line_1_111' title="bbox 319 5536 1818 5619; baseline 0.014 -30"><span class='ocrx_word' id='word_1_776' title='bbox 319 5539 432 5619; x_wconf 70' lang='grc' dir='ltr'><strong>ς’ῖὸ)</strong></span> <span class='ocrx_word' id='word_1_777' title='bbox 466 5536 514 5619; x_wconf 75' lang='lat' dir='ltr'><strong>Is</strong></span> <span class='ocrx_word' id='word_1_778' title='bbox 542 5537 762 5619; x_wconf 53' lang='lat' dir='ltr'><strong>Leonis,</strong></span> <span class='ocrx_word' id='word_1_779' title='bbox 799 5542 1106 5619; x_wconf 82' lang='lat' dir='ltr'><strong>iste_Scyri</strong></span> <span class='ocrx_word' id='word_1_780' title='bbox 1161 5547 1419 5619; x_wconf 81' lang='lat' dir='ltr'><strong>exsulans</strong></span> <span class='ocrx_word' id='word_1_781' title='bbox 1443 5551 1818 5619; x_wconf 82' lang='lat' dir='ltr'><strong>consobrinus</strong></span> 
     </span>
    </p>
   </div>
   <div class='ocr_carea' id='block_1_112' title="bbox 244 5609 1815 5684">
    <p class='ocr_par' dir='ltr' id='par_1_112' title="bbox 244 5609 1815 5684">
     <span class='ocr_line' id='line_1_112' title="bbox 244 5609 1815 5684; baseline 0.011 -24"><span class='ocrx_word' id='word_1_782' title='bbox 244 5609 462 5684; x_wconf 68' lang='lat' dir='ltr'><strong>videtur</strong></span> <span class='ocrx_word' id='word_1_783' title='bbox 490 5609 682 5664; x_wconf 82' lang='lat' dir='ltr'><strong>fuisse.</strong></span> <span class='ocrx_word' id='word_1_784' title='bbox 707 5611 802 5684; x_wconf 86' lang='lat' dir='ltr'><strong>Sic</strong></span> <span class='ocrx_word' id='word_1_785' title='bbox 848 5614 992 5667; x_wconf 90' lang='lat' dir='ltr'><strong>enim</strong></span> <span class='ocrx_word' id='word_1_786' title='bbox 1028 5609 1188 5669; x_wconf 69' lang='grc' dir='ltr'>’νει-ιο</span> <span class='ocrx_word' id='word_1_787' title='bbox 1244 5617 1577 5684; x_wconf 80' lang='grc' dir='ltr'>ἀδελφιδοῦν,</span> <span class='ocrx_word' id='word_1_788' title='bbox 1626 5609 1815 5677; x_wconf 83' lang='lat' dir='ltr'><strong>vocem</strong></span> 
     </span>
    </p>
   </div>
   <div class='ocr_carea' id='block_1_113' title="bbox 245 5677 1817 5761">
    <p class='ocr_par' dir='ltr' id='par_1_113' title="bbox 245 5677 1817 5761">
     <span class='ocr_line' id='line_1_113' title="bbox 245 5677 1817 5761; baseline 0.011 -32"><span class='ocrx_word' id='word_1_789' title='bbox 245 5677 394 5730; x_wconf 68' lang='lat' dir='ltr'><strong>varie</strong></span> <span class='ocrx_word' id='word_1_790' title='bbox 415 5677 485 5756; x_wconf 77' lang='lat' dir='ltr'><strong>de</strong></span> <span class='ocrx_word' id='word_1_791' title='bbox 501 5683 748 5761; x_wconf 63' lang='lat' dir='ltr'><strong>cognatis</strong></span> <span class='ocrx_word' id='word_1_792' title='bbox 775 5697 1110 5761; x_wconf 58' lang='lat' dir='ltr'><strong>usurpatam.</strong></span> <span class='ocrx_word' id='word_1_793' title='bbox 1140 5685 1310 5741; x_wconf 81' lang='lat' dir='ltr'><strong>Paulo</strong></span> <span class='ocrx_word' id='word_1_794' title='bbox 1339 5677 1462 5758; x_wconf 82' lang='lat' dir='ltr'><strong>post</strong></span> <span class='ocrx_word' id='word_1_795' title='bbox 1491 5677 1606 5744; x_wconf 65' lang='lat' dir='ltr'><strong>haec</strong></span> <span class='ocrx_word' id='word_1_796' title='bbox 1633 5694 1817 5761; x_wconf 88' lang='lat' dir='ltr'><strong>Opinio</strong></span> 
     </span>
    </p>
   </div>
   <div class='ocr_carea' id='block_1_114' title="bbox 243 5747 1400 5817">
    <p class='ocr_par' dir='ltr' id='par_1_114' title="bbox 243 5747 1400 5817">
     <span class='ocr_line' id='line_1_114' title="bbox 243 5747 1400 5817; baseline 0.013 -21"><span class='ocrx_word' id='word_1_797' title='bbox 243 5747 532 5817; x_wconf 75' lang='lat' dir='ltr'><strong>perspicue</strong></span> <span class='ocrx_word' id='word_1_798' title='bbox 560 5747 932 5807; x_wconf 58' lang='lat' dir='ltr'><strong>conﬁrmatur.</strong></span> <span class='ocrx_word' id='word_1_799' title='bbox 973 5753 1107 5808; x_wconf 75' lang='lat' dir='ltr'><strong>XrL.</strong></span> <span class='ocrx_word' id='word_1_800' title='bbox 1339 5747 1357 5758; x_wconf 81' lang='grc'><em>’</em></span> <span class='ocrx_word' id='word_1_801' title='bbox 1395 5766 1400 5772; x_wconf 80' lang='grc'>’</span> 
     </span>
    </p>
   </div>
   <div class='ocr_carea' id='block_1_115' title="bbox 313 5815 1808 5903">
    <p class='ocr_par' dir='ltr' id='par_1_115' title="bbox 313 5815 1808 5903">
     <span class='ocr_line' id='line_1_115' title="bbox 313 5815 1808 5903; baseline 0.011 -31"><span class='ocrx_word' id='word_1_802' title='bbox 313 5816 429 5887; x_wconf 80' lang='grc'><strong>(74)</strong></span> <span class='ocrx_word' id='word_1_803' title='bbox 462 5815 652 5874; x_wconf 87' lang='lat' dir='ltr'><strong>Plures</strong></span> <span class='ocrx_word' id='word_1_804' title='bbox 707 5836 736 5874; x_wconf 87' lang='lat' dir='ltr'><strong>a</strong></span> <span class='ocrx_word' id='word_1_805' title='bbox 787 5820 989 5880; x_wconf 72' lang='lat' dir='ltr'><strong>Graecis</strong></span> <span class='ocrx_word' id='word_1_806' title='bbox 1037 5825 1294 5885; x_wconf 90' lang='lat' dir='ltr'><strong>coluntur</strong></span> <span class='ocrx_word' id='word_1_807' title='bbox 1340 5827 1666 5903; x_wconf 82' lang='grc' dir='ltr'>Ἀνάργυροι</span> <span class='ocrx_word' id='word_1_808' title='bbox 1699 5847 1808 5889; x_wconf 88' lang='lat' dir='ltr'><strong>me-</strong></span> 
     </span>
    </p>
   </div>
   <div class='ocr_carea' id='block_1_116' title="bbox 1930 5557 3498 5630">
    <p class='ocr_par' dir='ltr' id='par_1_116' title="bbox 1930 5557 3498 5630">
     <span class='ocr_line' id='line_1_116' title="bbox 1930 5557 3498 5630; baseline 0.011 -20"><span class='ocrx_word' id='word_1_809' title='bbox 1930 5557 2038 5630; x_wconf 66' lang='lat' dir='ltr'><strong>dici</strong></span> <span class='ocrx_word' id='word_1_810' title='bbox 2061 5574 2094 5610; x_wconf 92' lang='lat' dir='ltr'><strong>a</strong></span> <span class='ocrx_word' id='word_1_811' title='bbox 2125 5562 2359 5616; x_wconf 83' lang='lat' dir='ltr'><strong>mercede</strong></span> <span class='ocrx_word' id='word_1_812' title='bbox 2387 5565 2643 5630; x_wconf 77' lang='lat' dir='ltr'><strong>capienda</strong></span> <span class='ocrx_word' id='word_1_813' title='bbox 2695 5567 2876 5622; x_wconf 76' lang='lat' dir='ltr'><strong>alieni.</strong></span> <span class='ocrx_word' id='word_1_814' title='bbox 2906 5567 3340 5624; x_wconf 87' lang='lat' dir='ltr'><strong>Nominatissimi</strong></span> <span class='ocrx_word' id='word_1_815' title='bbox 3366 5583 3498 5627; x_wconf 88' lang='lat' dir='ltr'><strong>sunt</strong></span> 
     </span>
    </p>
   </div>
   <div class='ocr_carea' id='block_1_117' title="bbox 1927 5627 3497 5708">
    <p class='ocr_par' dir='ltr' id='par_1_117' title="bbox 1927 5627 3497 5708">
     <span class='ocr_line' id='line_1_117' title="bbox 1927 5627 3497 5708; baseline 0.011 -30"><span class='ocrx_word' id='word_1_816' title='bbox 1927 5627 2155 5708; x_wconf 40' lang='lat' dir='ltr'><strong>Eosm‘as</strong></span> <span class='ocrx_word' id='word_1_817' title='bbox 2187 5627 2584 5708; x_wconf 49' lang='lat' dir='ltr'><strong>et_Damia&#39;nus,</strong></span> <span class='ocrx_word' id='word_1_818' title='bbox 2614 5651 2845 5705; x_wconf 89' lang='lat' dir='ltr'><strong>quorum</strong></span> <span class='ocrx_word' id='word_1_819' title='bbox 2883 5641 3144 5708; x_wconf 90' lang='lat' dir='ltr'><strong>templum</strong></span> <span class='ocrx_word' id='word_1_820' title='bbox 3180 5643 3238 5694; x_wconf 83' lang='grc' dir='ltr'>ὲν</span> <span class='ocrx_word' id='word_1_821' title='bbox 3266 5644 3374 5704; x_wconf 73' lang='grc' dir='ltr'>τοῖς</span> <span class='ocrx_word' id='word_1_822' title='bbox 3402 5641 3497 5696; x_wconf 80' lang='grc' dir='ltr'><strong>τοῦ</strong></span> 
     </span>
    </p>
   </div>
   <div class='ocr_carea' id='block_1_118' title="bbox 1925 5697 2412 5766">
    <p class='ocr_par' dir='ltr' id='par_1_118' title="bbox 1925 5697 2412 5766">
     <span class='ocr_line' id='line_1_118' title="bbox 1925 5697 2412 5766; baseline 0.016 -17"><span class='ocrx_word' id='word_1_823' title='bbox 1925 5697 2214 5755; x_wconf 87' lang='grc' dir='ltr'>Παυλίνου.</span> <span class='ocrx_word' id='word_1_824' title='bbox 2241 5700 2412 5766; x_wconf 71' lang='grc' dir='ltr'><strong>ϐρΑῐι.</strong></span> 
     </span>
    </p>
   </div>
   <div class='ocr_carea' id='block_1_119' title="bbox 1999 5769 3284 5842">
    <p class='ocr_par' dir='ltr' id='par_1_119' title="bbox 1999 5769 3284 5842">
     <span class='ocr_line' id='line_1_119' title="bbox 1999 5769 3284 5842; baseline 0.005 -14"><span class='ocrx_word' id='word_1_825' title='bbox 1999 5769 2115 5838; x_wconf 83' lang='grc'><strong>(75)</strong></span> <span class='ocrx_word' id='word_1_826' title='bbox 2146 5770 2221 5828; x_wconf 86' lang='lat' dir='ltr'><strong>De</strong></span> <span class='ocrx_word' id='word_1_827' title='bbox 2253 5787 2360 5842; x_wconf 87' lang='lat' dir='ltr'><strong>qua</strong></span> <span class='ocrx_word' id='word_1_828' title='bbox 2383 5781 2575 5831; x_wconf 85' lang='lat' dir='ltr'><strong>auctor</strong></span> <span class='ocrx_word' id='word_1_829' title='bbox 2598 5775 2794 5834; x_wconf 89' lang='lat' dir='ltr'><strong>Leonis</strong></span> <span class='ocrx_word' id='word_1_830' title='bbox 2823 5792 2967 5834; x_wconf 87' lang='lat' dir='ltr'><strong>anno</strong></span> <span class='ocrx_word' id='word_1_831' title='bbox 2993 5778 3076 5832; x_wconf 86' lang='lat' dir='ltr'><strong>l7.</strong></span> <span class='ocrx_word' id='word_1_832' title='bbox 3113 5779 3284 5836; x_wconf 66' lang='grc' dir='ltr'><strong>(ἴση.</strong></span> 
     </span>
    </p>
   </div>
  </div>
