  <div class='ocr_page' id='page_1' title='image "/cluster/home/n/w/nwhite01/storage/ocr_20150623/121/nnc1.0046980032/493.png"; bbox 0 0 4226 6444; ppageno 0'>
   <div class='ocr_carea' id='block_1_1' title="bbox 742 377 840 443">
    <p class='ocr_par' dir='ltr' id='par_1_1' title="bbox 742 377 840 443">
     <span class='ocr_line' id='line_1_1' title="bbox 742 377 840 443; baseline -0.02 0"><span class='ocrx_word' id='word_1_1' title='bbox 742 377 840 443; x_wconf 73' lang='lat'><strong>971</strong></span> 
     </span>
    </p>
   </div>
   <div class='ocr_carea' id='block_1_2' title="bbox 2039 374 2741 437">
    <p class='ocr_par' dir='ltr' id='par_1_2' title="bbox 2039 374 2741 437">
     <span class='ocr_line' id='line_1_2' title="bbox 2039 374 2741 437; baseline 0.003 -1"><span class='ocrx_word' id='word_1_2' title='bbox 2039 374 2357 436; x_wconf 70' lang='lat' dir='ltr'><strong>GEORGII</strong></span> <span class='ocrx_word' id='word_1_3' title='bbox 2406 376 2741 437; x_wconf 71' lang='lat' dir='ltr'><strong>CEDRENI</strong></span> 
     </span>
    </p>
   </div>
   <div class='ocr_carea' id='block_1_3' title="bbox 3901 387 4018 453">
    <p class='ocr_par' dir='ltr' id='par_1_3' title="bbox 3901 387 4018 453">
     <span class='ocr_line' id='line_1_3' title="bbox 3901 387 4018 453; baseline -0.051 0"><span class='ocrx_word' id='word_1_4' title='bbox 3901 387 4018 453; x_wconf 70' lang='lat'><strong>972</strong></span> 
     </span>
    </p>
   </div>
   <div class='ocr_carea' id='block_1_4' title="bbox 735 490 2325 568">
    <p class='ocr_par' dir='ltr' id='par_1_4' title="bbox 735 490 2318 563">
     <span class='ocr_line' id='line_1_4' title="bbox 735 490 2318 563; baseline -0.006 -13"><span class='ocrx_word' id='word_1_5' title='bbox 735 502 882 561; x_wconf 84' lang='lat' dir='ltr'><strong>rant,</strong></span> <span class='ocrx_word' id='word_1_6' title='bbox 920 492 1080 549; x_wconf 84' lang='lat' dir='ltr'><strong>simul</strong></span> <span class='ocrx_word' id='word_1_7' title='bbox 1110 499 1164 547; x_wconf 84' lang='lat' dir='ltr'><strong>et</strong></span> <span class='ocrx_word' id='word_1_8' title='bbox 1207 492 1472 563; x_wconf 87' lang='lat' dir='ltr'><strong>temporis</strong></span> <span class='ocrx_word' id='word_1_9' title='bbox 1513 504 1662 545; x_wconf 83' lang='lat' dir='ltr'><strong>mora</strong></span> <span class='ocrx_word' id='word_1_10' title='bbox 1700 490 1938 546; x_wconf 79' lang='lat' dir='ltr'><strong>confecti</strong></span> <span class='ocrx_word' id='word_1_11' title='bbox 1972 491 2118 561; x_wconf 78' lang='lat' dir='ltr'><strong>(jam</strong></span> <span class='ocrx_word' id='word_1_12' title='bbox 2176 490 2318 545; x_wconf 87' lang='lat' dir='ltr'><strong>enim</strong></span> 
     </span>
    </p>
   </div>
   <div class='ocr_carea' id='block_1_5' title="bbox 2430 490 4021 568">
    <p class='ocr_par' dir='ltr' id='par_1_5' title="bbox 2430 491 4021 568">
     <span class='ocr_line' id='line_1_5' title="bbox 2430 491 4021 568; baseline 0.008 -25"><span class='ocrx_word' id='word_1_13' title='bbox 2430 491 2577 558; x_wconf 73' lang='grc' dir='ltr'>ὅμως</span> <span class='ocrx_word' id='word_1_14' title='bbox 2611 493 2772 547; x_wconf 83' lang='grc' dir='ltr'>πάλιν</span> <span class='ocrx_word' id='word_1_15' title='bbox 2800 495 3089 563; x_wconf 77' lang='grc' dir='ltr'>γενόμενος</span> <span class='ocrx_word' id='word_1_16' title='bbox 3126 498 3223 567; x_wconf 76' lang='grc' dir='ltr'>τὴν</span> <span class='ocrx_word' id='word_1_17' title='bbox 3252 498 3446 551; x_wconf 70' lang='grc' dir='ltr'>ἑαυτοῦ</span> <span class='ocrx_word' id='word_1_18' title='bbox 3479 500 3739 568; x_wconf 72' lang='grc' dir='ltr'>στρατιάν</span> <span class='ocrx_word' id='word_1_19' title='bbox 3779 501 4021 565; x_wconf 66' lang='grc' dir='ltr'>ἐξώπλι-</span> 
     </span>
    </p>
   </div>
   <div class='ocr_carea' id='block_1_6' title="bbox 739 584 2325 656">
    <p class='ocr_par' dir='ltr' id='par_1_6' title="bbox 739 584 2325 656">
     <span class='ocr_line' id='line_1_6' title="bbox 739 584 2325 656; baseline -0.001 -17"><span class='ocrx_word' id='word_1_20' title='bbox 739 586 1034 641; x_wconf 79' lang='lat' dir='ltr'><strong>triennium</strong></span> <span class='ocrx_word' id='word_1_21' title='bbox 1079 596 1333 640; x_wconf 73' lang='lat' dir='ltr'><strong>exactum</strong></span> <span class='ocrx_word' id='word_1_22' title='bbox 1364 584 1522 656; x_wconf 92' lang='lat' dir='ltr'><strong>erat)</strong></span> <span class='ocrx_word' id='word_1_23' title='bbox 1552 594 1605 640; x_wconf 91' lang='lat' dir='ltr'><strong>et</strong></span> <span class='ocrx_word' id='word_1_24' title='bbox 1634 585 1788 640; x_wconf 71' lang='lat' dir='ltr'><strong>exitu</strong></span> <span class='ocrx_word' id='word_1_25' title='bbox 1841 593 2119 642; x_wconf 86' lang='lat' dir='ltr'><strong>carentem</strong></span> <span class='ocrx_word' id='word_1_26' title='bbox 2157 597 2325 639; x_wconf 86' lang='lat' dir='ltr'><strong>cona-</strong></span> 
     </span>
    </p>
   </div>
   <div class='ocr_carea' id='block_1_7' title="bbox 742 674 2325 745">
    <p class='ocr_par' dir='ltr' id='par_1_7' title="bbox 742 674 2325 745">
     <span class='ocr_line' id='line_1_7' title="bbox 742 674 2325 745; baseline 0.002 -20"><span class='ocrx_word' id='word_1_27' title='bbox 742 689 852 729; x_wconf 87' lang='lat' dir='ltr'><strong>tum</strong></span> <span class='ocrx_word' id='word_1_28' title='bbox 906 689 964 729; x_wconf 89' lang='lat' dir='ltr'><strong>se</strong></span> <span class='ocrx_word' id='word_1_29' title='bbox 1004 676 1316 744; x_wconf 67' lang='lat' dir='ltr'><strong>suscepisse</strong></span> <span class='ocrx_word' id='word_1_30' title='bbox 1358 675 1689 739; x_wconf 89' lang='lat' dir='ltr'><strong>sentientes,</strong></span> <span class='ocrx_word' id='word_1_31' title='bbox 1726 677 1820 745; x_wconf 86' lang='lat' dir='ltr'><strong>qui</strong></span> <span class='ocrx_word' id='word_1_32' title='bbox 1874 674 2107 730; x_wconf 70' lang='lat' dir='ltr'><strong>insania:</strong></span> <span class='ocrx_word' id='word_1_33' title='bbox 2160 682 2325 742; x_wconf 89' lang='lat' dir='ltr'><strong>atque</strong></span> 
     </span>
    </p>
   </div>
   <div class='ocr_carea' id='block_1_8' title="bbox 738 763 2324 835">
    <p class='ocr_par' dir='ltr' id='par_1_8' title="bbox 738 763 2324 835">
     <span class='ocr_line' id='line_1_8' title="bbox 738 763 2324 835; baseline 0.001 -19"><span class='ocrx_word' id='word_1_34' title='bbox 738 763 1027 834; x_wconf 75' lang='lat' dir='ltr'><strong>cupiditati</strong></span> <span class='ocrx_word' id='word_1_35' title='bbox 1065 766 1230 820; x_wconf 90' lang='lat' dir='ltr'><strong>unius</strong></span> <span class='ocrx_word' id='word_1_36' title='bbox 1288 763 1390 816; x_wconf 90' lang='lat' dir='ltr'><strong>viri</strong></span> <span class='ocrx_word' id='word_1_37' title='bbox 1458 766 1751 830; x_wconf 80' lang='lat' dir='ltr'><strong>servirent,</strong></span> <span class='ocrx_word' id='word_1_38' title='bbox 1790 775 2123 835; x_wconf 69' lang='lat' dir='ltr'><strong>praeceptum</strong></span> <span class='ocrx_word' id='word_1_39' title='bbox 2189 764 2324 819; x_wconf 89' lang='lat' dir='ltr'><strong>illud</strong></span> 
     </span>
    </p>
   </div>
   <div class='ocr_carea' id='block_1_9' title="bbox 736 856 2322 929">
    <p class='ocr_par' dir='ltr' id='par_1_9' title="bbox 736 856 2322 929">
     <span class='ocr_line' id='line_1_9' title="bbox 736 856 2322 929; baseline -0.001 -18"><span class='ocrx_word' id='word_1_40' title='bbox 736 856 1001 913; x_wconf 86' lang='lat' dir='ltr'><strong>divinitus</strong></span> <span class='ocrx_word' id='word_1_41' title='bbox 1031 858 1197 913; x_wconf 87' lang='lat' dir='ltr'><strong>oblati</strong></span> <span class='ocrx_word' id='word_1_42' title='bbox 1228 859 1499 913; x_wconf 87' lang='lat' dir='ltr'><strong>commodi</strong></span> <span class='ocrx_word' id='word_1_43' title='bbox 1535 860 1656 912; x_wconf 85' lang='lat' dir='ltr'><strong>loco</strong></span> <span class='ocrx_word' id='word_1_44' title='bbox 1687 859 1970 924; x_wconf 72' lang='lat' dir='ltr'><strong>ducentes,</strong></span> <span class='ocrx_word' id='word_1_45' title='bbox 1999 868 2052 912; x_wconf 88' lang='grc' dir='ltr'>ιιι</span> <span class='ocrx_word' id='word_1_46' title='bbox 2087 858 2322 929; x_wconf 89' lang='lat' dir='ltr'><strong>primum</strong></span> 
     </span>
    </p>
   </div>
   <div class='ocr_carea' id='block_1_10' title="bbox 736 948 2325 1022">
    <p class='ocr_par' dir='ltr' id='par_1_10' title="bbox 736 948 2325 1022">
     <span class='ocr_line' id='line_1_10' title="bbox 736 948 2325 1022; baseline 0.001 -21"><span class='ocrx_word' id='word_1_47' title='bbox 736 948 880 1002; x_wconf 74' lang='lat' dir='ltr'><strong>tubze</strong></span> <span class='ocrx_word' id='word_1_48' title='bbox 938 950 1259 1004; x_wconf 84' lang='lat' dir='ltr'><strong>cecinerunt</strong></span> <span class='ocrx_word' id='word_1_49' title='bbox 1309 951 1603 1004; x_wconf 86' lang='lat' dir='ltr'><strong>classicum</strong></span> <span class='ocrx_word' id='word_1_50' title='bbox 1688 950 1945 1020; x_wconf 81' lang='lat' dir='ltr'><strong>aciesque</strong></span> <span class='ocrx_word' id='word_1_51' title='bbox 2014 965 2325 1022; x_wconf 68' lang='lat' dir='ltr'><strong>congressa:</strong></span> 
     </span>
    </p>
   </div>
   <div class='ocr_carea' id='block_1_11' title="bbox 739 1042 2324 1114">
    <p class='ocr_par' dir='ltr' id='par_1_11' title="bbox 739 1042 2324 1114">
     <span class='ocr_line' id='line_1_11' title="bbox 739 1042 2324 1114; baseline 0.001 -18"><span class='ocrx_word' id='word_1_52' title='bbox 739 1052 889 1109; x_wconf 87' lang='lat' dir='ltr'><strong>sunt,</strong></span> <span class='ocrx_word' id='word_1_53' title='bbox 923 1058 1034 1097; x_wconf 92' lang='lat' dir='ltr'><strong>non</strong></span> <span class='ocrx_word' id='word_1_54' title='bbox 1065 1043 1355 1113; x_wconf 80' lang='lat' dir='ltr'><strong>tingentes,</strong></span> <span class='ocrx_word' id='word_1_55' title='bbox 1398 1052 1456 1097; x_wconf 92' lang='lat' dir='ltr'><strong>ut</strong></span> <span class='ocrx_word' id='word_1_56' title='bbox 1502 1052 1662 1098; x_wconf 89' lang='lat' dir='ltr'><strong>erant</strong></span> <span class='ocrx_word' id='word_1_57' title='bbox 1708 1043 1879 1113; x_wconf 86' lang='lat' dir='ltr'><strong>jussi,</strong></span> <span class='ocrx_word' id='word_1_58' title='bbox 1913 1042 2121 1114; x_wconf 75' lang='lat' dir='ltr'><strong>fugam,</strong></span> <span class='ocrx_word' id='word_1_59' title='bbox 2156 1042 2324 1099; x_wconf 69' lang='lat' dir='ltr'><strong>eﬂ‘use</strong></span> 
     </span>
    </p>
   </div>
   <div class='ocr_carea' id='block_1_12' title="bbox 741 1136 2325 1204">
    <p class='ocr_par' dir='ltr' id='par_1_12' title="bbox 741 1136 2325 1204">
     <span class='ocr_line' id='line_1_12' title="bbox 741 1136 2325 1204; baseline 0.002 -18"><span class='ocrx_word' id='word_1_60' title='bbox 741 1136 1005 1204; x_wconf 88' lang='lat' dir='ltr'><strong>nullaque</strong></span> <span class='ocrx_word' id='word_1_61' title='bbox 1056 1153 1181 1189; x_wconf 87' lang='lat' dir='ltr'><strong>cum</strong></span> <span class='ocrx_word' id='word_1_62' title='bbox 1217 1136 1599 1189; x_wconf 84' lang='lat' dir='ltr'><strong>convenientia</strong></span> <span class='ocrx_word' id='word_1_63' title='bbox 1641 1136 1863 1192; x_wconf 85' lang='lat' dir='ltr'><strong>ordines</strong></span> <span class='ocrx_word' id='word_1_64' title='bbox 1924 1139 2209 1192; x_wconf 88' lang='lat' dir='ltr'><strong>solverunt</strong></span> <span class='ocrx_word' id='word_1_65' title='bbox 2261 1143 2325 1190; x_wconf 83' lang='lat' dir='ltr'><strong>ac</strong></span> 
     </span>
    </p>
   </div>
   <div class='ocr_carea' id='block_1_13' title="bbox 737 1223 2326 1301">
    <p class='ocr_par' dir='ltr' id='par_1_13' title="bbox 737 1223 2326 1301">
     <span class='ocr_line' id='line_1_13' title="bbox 737 1223 2326 1301; baseline 0.004 -24"><span class='ocrx_word' id='word_1_66' title='bbox 737 1223 989 1295; x_wconf 79' lang='lat' dir='ltr'><strong>dissipati</strong></span> <span class='ocrx_word' id='word_1_67' title='bbox 1026 1236 1186 1289; x_wconf 81' lang='lat' dir='ltr'><strong>sunt;</strong></span> <span class='ocrx_word' id='word_1_68' title='bbox 1223 1236 1389 1294; x_wconf 88' lang='lat' dir='ltr'><strong>atque</strong></span> <span class='ocrx_word' id='word_1_69' title='bbox 1419 1228 1492 1281; x_wconf 88' lang='lat' dir='ltr'><strong>ita</strong></span> <span class='ocrx_word' id='word_1_70' title='bbox 1520 1230 1679 1299; x_wconf 83' lang='lat' dir='ltr'><strong>pauci</strong></span> <span class='ocrx_word' id='word_1_71' title='bbox 1709 1229 1891 1294; x_wconf 88' lang='lat' dir='ltr'><strong>modo,</strong></span> <span class='ocrx_word' id='word_1_72' title='bbox 1927 1246 2051 1285; x_wconf 77' lang='lat' dir='ltr'><strong>mox</strong></span> <span class='ocrx_word' id='word_1_73' title='bbox 2077 1230 2326 1301; x_wconf 80' lang='lat' dir='ltr'><strong>complu-</strong></span> 
     </span>
    </p>
   </div>
   <div class='ocr_carea' id='block_1_14' title="bbox 738 1317 2324 1388">
    <p class='ocr_par' dir='ltr' id='par_1_14' title="bbox 738 1317 2324 1388">
     <span class='ocr_line' id='line_1_14' title="bbox 738 1317 2324 1388; baseline 0.007 -21"><span class='ocrx_word' id='word_1_74' title='bbox 738 1332 825 1371; x_wconf 80' lang='lat' dir='ltr'><strong>res</strong></span> <span class='ocrx_word' id='word_1_75' title='bbox 867 1317 931 1371; x_wconf 81' lang='lat' dir='ltr'><strong>ad</strong></span> <span class='ocrx_word' id='word_1_76' title='bbox 985 1318 1372 1387; x_wconf 75' lang='lat' dir='ltr'><strong>imperatorem</strong></span> <span class='ocrx_word' id='word_1_77' title='bbox 1409 1321 1851 1388; x_wconf 72' lang='lat' dir='ltr'><strong>transfugerunt.</strong></span> <span class='ocrx_word' id='word_1_78' title='bbox 1894 1318 2138 1377; x_wconf 84' lang='lat' dir='ltr'><strong>Thomas</strong></span> <span class='ocrx_word' id='word_1_79' title='bbox 2198 1339 2324 1378; x_wconf 88' lang='lat' dir='ltr'><strong>cum</strong></span> 
     </span>
    </p>
   </div>
   <div class='ocr_carea' id='block_1_15' title="bbox 735 1410 2324 1484">
    <p class='ocr_par' dir='ltr' id='par_1_15' title="bbox 735 1410 2324 1484">
     <span class='ocr_line' id='line_1_15' title="bbox 735 1410 2324 1484; baseline 0.005 -24"><span class='ocrx_word' id='word_1_80' title='bbox 735 1410 922 1477; x_wconf 88' lang='lat' dir='ltr'><strong>paucis</strong></span> <span class='ocrx_word' id='word_1_81' title='bbox 953 1410 1286 1480; x_wconf 77' lang='lat' dir='ltr'><strong>quibusdam</strong></span> <span class='ocrx_word' id='word_1_82' title='bbox 1320 1411 1717 1481; x_wconf 82' lang='lat' dir='ltr'><strong>Adrianopoliu</strong></span> <span class='ocrx_word' id='word_1_83' title='bbox 1743 1414 1930 1469; x_wconf 89' lang='lat' dir='ltr'><strong>salvus</strong></span> <span class='ocrx_word' id='word_1_84' title='bbox 1957 1416 2203 1484; x_wconf 79' lang='lat' dir='ltr'><strong>pervenit</strong></span> <span class='ocrx_word' id='word_1_85' title='bbox 2232 1433 2246 1474; x_wconf 90' lang='lat'><strong>:</strong></span> <span class='ocrx_word' id='word_1_86' title='bbox 2272 1426 2324 1471; x_wconf 89' lang='lat' dir='ltr'><strong>et</strong></span> 
     </span>
    </p>
   </div>
   <div class='ocr_carea' id='block_1_16' title="bbox 735 1501 2322 1575">
    <p class='ocr_par' dir='ltr' id='par_1_16' title="bbox 735 1501 2322 1575">
     <span class='ocr_line' id='line_1_16' title="bbox 735 1501 2322 1575; baseline 0.005 -23"><span class='ocrx_word' id='word_1_87' title='bbox 735 1501 971 1556; x_wconf 85' lang='lat' dir='ltr'><strong>lieticius</strong></span> <span class='ocrx_word' id='word_1_88' title='bbox 1008 1502 1098 1556; x_wconf 91' lang='lat' dir='ltr'><strong>ille</strong></span> <span class='ocrx_word' id='word_1_89' title='bbox 1124 1502 1246 1570; x_wconf 86' lang='lat' dir='ltr'><strong>ejus</strong></span> <span class='ocrx_word' id='word_1_90' title='bbox 1279 1502 1423 1556; x_wconf 80' lang='lat' dir='ltr'><strong>li&#39;ius</strong></span> <span class='ocrx_word' id='word_1_91' title='bbox 1447 1504 1771 1561; x_wconf 73' lang='lat' dir='ltr'><strong>Anastasius</strong></span> <span class='ocrx_word' id='word_1_92' title='bbox 1791 1522 1855 1559; x_wconf 84' lang='lat' dir='ltr'><strong>ex</strong></span> <span class='ocrx_word' id='word_1_93' title='bbox 1888 1506 2013 1575; x_wconf 78' lang='lat' dir='ltr'><strong>fuga</strong></span> <span class='ocrx_word' id='word_1_94' title='bbox 2041 1508 2322 1561; x_wconf 87' lang='lat' dir='ltr'><strong>castellum</strong></span> 
     </span>
    </p>
   </div>
   <div class='ocr_carea' id='block_1_17' title="bbox 736 1591 2319 1667">
    <p class='ocr_par' dir='ltr' id='par_1_17' title="bbox 736 1591 2319 1667">
     <span class='ocr_line' id='line_1_17' title="bbox 736 1591 2319 1667; baseline 0.004 -22"><span class='ocrx_word' id='word_1_95' title='bbox 736 1593 912 1663; x_wconf 70' lang='lat' dir='ltr'><strong>Bizyae</strong></span> <span class='ocrx_word' id='word_1_96' title='bbox 945 1595 1252 1664; x_wconf 83' lang='lat' dir='ltr'><strong>occupavit.</strong></span> <span class='ocrx_word' id='word_1_97' title='bbox 1284 1591 1394 1649; x_wconf 78' lang='lat' dir='ltr'><strong>llos</strong></span> <span class='ocrx_word' id='word_1_98' title='bbox 1427 1597 1694 1666; x_wconf 81' lang='lat' dir='ltr'><strong>evestigio</strong></span> <span class='ocrx_word' id='word_1_99' title='bbox 1760 1597 2094 1651; x_wconf 75' lang='lat' dir='ltr'><strong>subsecutus</strong></span> <span class='ocrx_word' id='word_1_100' title='bbox 2142 1597 2319 1667; x_wconf 85' lang='lat' dir='ltr'><strong>impe-</strong></span> 
     </span>
    </p>
   </div>
   <div class='ocr_carea' id='block_1_18' title="bbox 735 1685 2321 1754">
    <p class='ocr_par' dir='ltr' id='par_1_18' title="bbox 735 1685 2321 1754">
     <span class='ocr_line' id='line_1_18' title="bbox 735 1685 2321 1754; baseline 0.003 -17"><span class='ocrx_word' id='word_1_101' title='bbox 735 1696 886 1739; x_wconf 86' lang='lat' dir='ltr'><strong>rator</strong></span> <span class='ocrx_word' id='word_1_102' title='bbox 920 1685 1095 1754; x_wconf 87' lang='lat' dir='ltr'><strong>primo</strong></span> <span class='ocrx_word' id='word_1_103' title='bbox 1128 1685 1384 1741; x_wconf 85' lang='lat' dir='ltr'><strong>obsidere</strong></span> <span class='ocrx_word' id='word_1_104' title='bbox 1431 1685 1696 1740; x_wconf 80' lang='lat' dir='ltr'><strong>Thomam</strong></span> <span class='ocrx_word' id='word_1_105' title='bbox 1731 1686 1997 1743; x_wconf 88' lang='lat' dir='ltr'><strong>decrevit.</strong></span> <span class='ocrx_word' id='word_1_106' title='bbox 2036 1686 2215 1754; x_wconf 87' lang='lat' dir='ltr'><strong>Quam</strong></span> <span class='ocrx_word' id='word_1_107' title='bbox 2254 1688 2321 1742; x_wconf 92' lang='lat' dir='ltr'><strong>ad</strong></span> 
     </span>
    </p>
   </div>
   <div class='ocr_carea' id='block_1_19' title="bbox 732 1777 2317 1845">
    <p class='ocr_par' dir='ltr' id='par_1_19' title="bbox 732 1777 2317 1845">
     <span class='ocr_line' id='line_1_19' title="bbox 732 1777 2317 1845; baseline 0.003 -15"><span class='ocrx_word' id='word_1_108' title='bbox 732 1777 1077 1832; x_wconf 87' lang='lat' dir='ltr'><strong>obsidionem</strong></span> <span class='ocrx_word' id='word_1_109' title='bbox 1113 1794 1220 1833; x_wconf 94' lang='lat' dir='ltr'><strong>non</strong></span> <span class='ocrx_word' id='word_1_110' title='bbox 1252 1779 1557 1843; x_wconf 87' lang='lat' dir='ltr'><strong>machinas,</strong></span> <span class='ocrx_word' id='word_1_111' title='bbox 1592 1793 1701 1832; x_wconf 94' lang='lat' dir='ltr'><strong>non</strong></span> <span class='ocrx_word' id='word_1_112' title='bbox 1738 1789 2009 1835; x_wconf 87' lang='lat' dir='ltr'><strong>tormenta</strong></span> <span class='ocrx_word' id='word_1_113' title='bbox 2045 1781 2317 1845; x_wconf 87' lang='lat' dir='ltr'><strong>adhibuit,</strong></span> 
     </span>
    </p>
   </div>
   <div class='ocr_carea' id='block_1_20' title="bbox 2431 582 4021 659">
    <p class='ocr_par' dir='ltr' id='par_1_20' title="bbox 2431 582 4021 659">
     <span class='ocr_line' id='line_1_20' title="bbox 2431 582 4021 659; baseline 0.004 -23"><span class='ocrx_word' id='word_1_114' title='bbox 2431 584 2542 647; x_wconf 72' lang='grc' dir='ltr'>ξεν.</span> <span class='ocrx_word' id='word_1_115' title='bbox 2592 582 2745 637; x_wconf 70' lang='grc' dir='ltr'>Ἐπεὶ</span> <span class='ocrx_word' id='word_1_116' title='bbox 2795 585 2849 639; x_wconf 72' lang='grc' dir='ltr'><strong>δὲ</strong></span> <span class='ocrx_word' id='word_1_117' title='bbox 2884 588 2963 647; x_wconf 87' lang='grc' dir='ltr'><strong>είς</strong></span> <span class='ocrx_word' id='word_1_118' title='bbox 2995 586 3088 640; x_wconf 80' lang='grc' dir='ltr'>δύο</span> <span class='ocrx_word' id='word_1_119' title='bbox 3134 588 3493 659; x_wconf 76' lang='grc' dir='ltr'><strong>μεριζόμενος</strong></span> <span class='ocrx_word' id='word_1_120' title='bbox 3527 590 3700 643; x_wconf 77' lang='grc' dir='ltr'>ἐδόκει</span> <span class='ocrx_word' id='word_1_121' title='bbox 3732 591 4021 654; x_wconf 76' lang='grc' dir='ltr'>παντελῶς</span> 
     </span>
    </p>
   </div>
   <div class='ocr_carea' id='block_1_21' title="bbox 2430 673 4021 751">
    <p class='ocr_par' dir='ltr' id='par_1_21' title="bbox 2430 673 4021 751">
     <span class='ocr_line' id='line_1_21' title="bbox 2430 673 4021 751; baseline 0.004 -24"><span class='ocrx_word' id='word_1_122' title='bbox 2430 676 2663 744; x_wconf 75' lang='grc' dir='ltr'>ἀσθενής</span> <span class='ocrx_word' id='word_1_123' title='bbox 2707 693 2763 729; x_wconf 89' lang='grc' dir='ltr'><strong>τε</strong></span> <span class='ocrx_word' id='word_1_124' title='bbox 2794 673 2933 730; x_wconf 72' lang='grc' dir='ltr'>εἶναι</span> <span class='ocrx_word' id='word_1_125' title='bbox 2984 676 3077 730; x_wconf 78' lang='grc' dir='ltr'>καὶ</span> <span class='ocrx_word' id='word_1_126' title='bbox 3121 679 3445 750; x_wconf 75' lang='grc' dir='ltr'><strong>εὐχείρωτος</strong></span> <span class='ocrx_word' id='word_1_127' title='bbox 3472 681 3526 750; x_wconf 77' lang='grc' dir='ltr'><strong>(ἦ</strong></span> <span class='ocrx_word' id='word_1_128' title='bbox 3560 697 3618 733; x_wconf 88' lang='grc' dir='ltr'><strong>τε</strong></span> <span class='ocrx_word' id='word_1_129' title='bbox 3652 682 3760 751; x_wconf 80' lang='grc' dir='ltr'><strong>γὰρ</strong></span> <span class='ocrx_word' id='word_1_130' title='bbox 3802 682 4021 750; x_wconf 75' lang='grc' dir='ltr'>βασιλὶς</span> 
     </span>
    </p>
   </div>
   <div class='ocr_carea' id='block_1_22' title="bbox 2427 768 4022 843">
    <p class='ocr_par' dir='ltr' id='par_1_22' title="bbox 2427 768 4022 843">
     <span class='ocr_line' id='line_1_22' title="bbox 2427 768 4022 843; baseline 0.004 -25"><span class='ocrx_word' id='word_1_131' title='bbox 2427 768 2536 821; x_wconf 83' lang='grc' dir='ltr'>τῶν</span> <span class='ocrx_word' id='word_1_132' title='bbox 2585 770 2792 823; x_wconf 78' lang='grc' dir='ltr'>πόλεων</span> <span class='ocrx_word' id='word_1_133' title='bbox 2836 771 2937 822; x_wconf 82' lang='grc' dir='ltr'><strong>οὐκ</strong></span> <span class='ocrx_word' id='word_1_134' title='bbox 2969 770 3364 843; x_wconf 82' lang='grc' dir='ltr'>εὐαριθμήτου,</span> <span class='ocrx_word' id='word_1_135' title='bbox 3419 772 3555 825; x_wconf 81' lang='grc' dir='ltr'>ἀλλὰ</span> <span class='ocrx_word' id='word_1_136' title='bbox 3614 773 3871 825; x_wconf 68' lang='grc' dir='ltr'>πλείστου</span> <span class='ocrx_word' id='word_1_137' title='bbox 3916 772 4022 826; x_wconf 78' lang='grc' dir='ltr'>καὶ</span> 
     </span>
    </p>
   </div>
   <div class='ocr_carea' id='block_1_23' title="bbox 2427 857 4021 935">
    <p class='ocr_par' dir='ltr' id='par_1_23' title="bbox 2427 857 4021 935">
     <span class='ocr_line' id='line_1_23' title="bbox 2427 857 4021 935; baseline 0.006 -27"><span class='ocrx_word' id='word_1_138' title='bbox 2427 857 2708 926; x_wconf 76' lang='grc' dir='ltr'><strong>ἀξιολόγου</strong></span> <span class='ocrx_word' id='word_1_139' title='bbox 2746 861 2983 930; x_wconf 82' lang='grc' dir='ltr'>στρατοῦ</span> <span class='ocrx_word' id='word_1_140' title='bbox 3038 862 3221 935; x_wconf 31' lang='grc' dir='ltr'>ἐδέδετο</span> <span class='ocrx_word' id='word_1_141' title='bbox 3267 863 3731 935; x_wconf 73' lang='grc' dir='ltr'><strong>πολιορκουμένη,</strong></span> <span class='ocrx_word' id='word_1_142' title='bbox 3764 865 3868 935; x_wconf 67' lang='grc' dir='ltr'>ἤδη</span> <span class='ocrx_word' id='word_1_143' title='bbox 3918 868 4021 919; x_wconf 73' lang='grc' dir='ltr'>καὶ</span> 
     </span>
    </p>
   </div>
   <div class='ocr_carea' id='block_1_24' title="bbox 2425 949 4023 1025">
    <p class='ocr_par' dir='ltr' id='par_1_24' title="bbox 2425 949 4023 1025">
     <span class='ocr_line' id='line_1_24' title="bbox 2425 949 4023 1025; baseline 0.004 -22"><span class='ocrx_word' id='word_1_144' title='bbox 2425 949 2520 1003; x_wconf 80' lang='grc' dir='ltr'>τοῦ</span> <span class='ocrx_word' id='word_1_145' title='bbox 2571 950 2835 1020; x_wconf 84' lang='grc' dir='ltr'>βασιλέως</span> <span class='ocrx_word' id='word_1_146' title='bbox 2876 955 3247 1025; x_wconf 80' lang='grc' dir='ltr'><strong>συνειλοχότος</strong></span> <span class='ocrx_word' id='word_1_147' title='bbox 3301 956 3564 1025; x_wconf 83' lang='grc' dir='ltr'>δυνάμεις</span> <span class='ocrx_word' id='word_1_148' title='bbox 3610 958 3712 1012; x_wconf 88' lang='grc' dir='ltr'><strong>οὐκ</strong></span> <span class='ocrx_word' id='word_1_149' title='bbox 3763 959 4023 1025; x_wconf 80' lang='grc' dir='ltr'><strong>ἀγεννεῖς</strong></span> 
     </span>
    </p>
   </div>
   <div class='ocr_carea' id='block_1_25' title="bbox 2426 1041 4021 1120">
    <p class='ocr_par' dir='ltr' id='par_1_25' title="bbox 2426 1041 4021 1120">
     <span class='ocr_line' id='line_1_25' title="bbox 2426 1041 4021 1120; baseline 0.005 -26"><span class='ocrx_word' id='word_1_150' title='bbox 2426 1041 2520 1095; x_wconf 80' lang='grc' dir='ltr'>καὶ</span> <span class='ocrx_word' id='word_1_151' title='bbox 2554 1045 2695 1095; x_wconf 74' lang='grc' dir='ltr'>κατὰ</span> <span class='ocrx_word' id='word_1_152' title='bbox 2725 1047 3016 1115; x_wconf 74' lang='grc' dir='ltr'>πρόσωπον</span> <span class='ocrx_word' id='word_1_153' title='bbox 3044 1048 3296 1103; x_wconf 76' lang='grc' dir='ltr'><strong>ἵστασθαι</strong></span> <span class='ocrx_word' id='word_1_154' title='bbox 3326 1050 3653 1119; x_wconf 80' lang='grc' dir='ltr'><strong>δυναμένας,</strong></span> <span class='ocrx_word' id='word_1_155' title='bbox 3698 1050 3791 1105; x_wconf 78' lang='grc' dir='ltr'><strong>καὶ</strong></span> <span class='ocrx_word' id='word_1_156' title='bbox 3827 1052 3859 1120; x_wconf 81' lang='grc' dir='ltr'>ὴ</span> <span class='ocrx_word' id='word_1_157' title='bbox 3902 1050 4021 1103; x_wconf 80' lang='grc' dir='ltr'>τῶν</span> 
     </span>
    </p>
   </div>
   <div class='ocr_carea' id='block_1_26' title="bbox 2426 1135 4022 1213">
    <p class='ocr_par' dir='ltr' id='par_1_26' title="bbox 2426 1135 4022 1213">
     <span class='ocr_line' id='line_1_26' title="bbox 2426 1135 4022 1213; baseline 0.006 -26"><span class='ocrx_word' id='word_1_158' title='bbox 2426 1135 2752 1206; x_wconf 76' lang='grc' dir='ltr'>Βουλγάρων</span> <span class='ocrx_word' id='word_1_159' title='bbox 2810 1136 2865 1190; x_wconf 79' lang='grc' dir='ltr'><strong>δὲ</strong></span> <span class='ocrx_word' id='word_1_160' title='bbox 2916 1139 3143 1209; x_wconf 77' lang='grc' dir='ltr'>δύναμις</span> <span class='ocrx_word' id='word_1_161' title='bbox 3194 1143 3254 1194; x_wconf 92' lang='grc' dir='ltr'><strong>οὐ</strong></span> <span class='ocrx_word' id='word_1_162' title='bbox 3282 1145 3486 1213; x_wconf 78' lang='grc' dir='ltr'>μικρᾶς</span> <span class='ocrx_word' id='word_1_163' title='bbox 3525 1160 3692 1205; x_wconf 84' lang='grc' dir='ltr'>τινος,</span> <span class='ocrx_word' id='word_1_164' title='bbox 3723 1142 3927 1211; x_wconf 83' lang='grc' dir='ltr'>πολλῆς</span> <span class='ocrx_word' id='word_1_165' title='bbox 3956 1142 4022 1196; x_wconf 72' lang='grc' dir='ltr'><strong>δὲ</strong></span> 
     </span>
    </p>
   </div>
   <div class='ocr_carea' id='block_1_27' title="bbox 2426 1228 4021 1303">
    <p class='ocr_par' dir='ltr' id='par_1_27' title="bbox 2426 1228 4021 1303">
     <span class='ocr_line' id='line_1_27' title="bbox 2426 1228 4021 1303; baseline 0.004 -24"><span class='ocrx_word' id='word_1_166' title='bbox 2426 1228 2523 1279; x_wconf 71' lang='grc' dir='ltr'>καὶ</span> <span class='ocrx_word' id='word_1_167' title='bbox 2556 1228 2617 1280; x_wconf 77' lang='grc' dir='ltr'><strong>οὐ</strong></span> <span class='ocrx_word' id='word_1_168' title='bbox 2666 1229 2761 1297; x_wconf 79' lang='grc' dir='ltr'>τῆς</span> <span class='ocrx_word' id='word_1_169' title='bbox 2812 1230 3081 1301; x_wconf 74' lang='grc' dir='ltr'><strong>τυχούσης</strong></span> <span class='ocrx_word' id='word_1_170' title='bbox 3124 1232 3303 1286; x_wconf 78' lang='grc' dir='ltr'>ἐδέετο</span> <span class='ocrx_word' id='word_1_171' title='bbox 3359 1232 3890 1303; x_wconf 82' lang='grc' dir='ltr'>ἀντιπαρατάξεως),</span> <span class='ocrx_word' id='word_1_172' title='bbox 3935 1235 4021 1294; x_wconf 72' lang='grc' dir='ltr'><strong>ὡς</strong></span> 
     </span>
    </p>
   </div>
   <div class='ocr_carea' id='block_1_28' title="bbox 2428 1320 4017 1397">
    <p class='ocr_par' dir='ltr' id='par_1_28' title="bbox 2428 1320 4017 1397">
     <span class='ocr_line' id='line_1_28' title="bbox 2428 1320 4017 1397; baseline 0.003 -25"><span class='ocrx_word' id='word_1_173' title='bbox 2428 1320 2494 1372; x_wconf 83' lang='grc' dir='ltr'>ἂν</span> <span class='ocrx_word' id='word_1_174' title='bbox 2527 1321 2601 1388; x_wconf 84' lang='grc' dir='ltr'>μὴ</span> <span class='ocrx_word' id='word_1_175' title='bbox 2631 1323 2708 1381; x_wconf 86' lang='grc' dir='ltr'><strong>είς</strong></span> <span class='ocrx_word' id='word_1_176' title='bbox 2739 1321 2832 1372; x_wconf 86' lang='grc' dir='ltr'><strong>δύο</strong></span> <span class='ocrx_word' id='word_1_177' title='bbox 2860 1322 2981 1374; x_wconf 81' lang='grc' dir='ltr'>τινά</span> <span class='ocrx_word' id='word_1_178' title='bbox 3006 1324 3386 1394; x_wconf 77' lang='grc' dir='ltr'>διαιρούμενος</span> <span class='ocrx_word' id='word_1_179' title='bbox 3407 1328 3734 1397; x_wconf 75' lang='grc' dir='ltr'>εὐχείρωτος</span> <span class='ocrx_word' id='word_1_180' title='bbox 3758 1327 4017 1394; x_wconf 81' lang='grc' dir='ltr'>γένηται,</span> 
     </span>
    </p>
   </div>
   <div class='ocr_carea' id='block_1_29' title="bbox 2426 1409 4020 1486">
    <p class='ocr_par' dir='ltr' id='par_1_29' title="bbox 2426 1409 4020 1486">
     <span class='ocr_line' id='line_1_29' title="bbox 2426 1409 4020 1486; baseline 0.004 -26"><span class='ocrx_word' id='word_1_181' title='bbox 2426 1409 2651 1477; x_wconf 75' lang='grc' dir='ltr'>ἀπαίρει</span> <span class='ocrx_word' id='word_1_182' title='bbox 2687 1409 2785 1479; x_wconf 86' lang='grc' dir='ltr'>μὲν</span> <span class='ocrx_word' id='word_1_183' title='bbox 2837 1410 2937 1479; x_wconf 83' lang='grc' dir='ltr'>τῆς</span> <span class='ocrx_word' id='word_1_184' title='bbox 2993 1412 3220 1479; x_wconf 84' lang='grc' dir='ltr'>πόλεως,</span> <span class='ocrx_word' id='word_1_185' title='bbox 3277 1417 3414 1486; x_wconf 75' lang='grc' dir='ltr'>πρὸς</span> <span class='ocrx_word' id='word_1_186' title='bbox 3457 1417 3549 1470; x_wconf 77' lang='grc' dir='ltr'>τὸν</span> <span class='ocrx_word' id='word_1_187' title='bbox 3593 1417 3907 1485; x_wconf 82' lang='grc' dir='ltr'>Βούλγαρον</span> <span class='ocrx_word' id='word_1_188' title='bbox 3957 1414 4020 1467; x_wconf 73' lang='grc' dir='ltr'><strong>δὲ</strong></span> 
     </span>
    </p>
   </div>
   <div class='ocr_carea' id='block_1_30' title="bbox 2425 1503 4021 1577">
    <p class='ocr_par' dir='ltr' id='par_1_30' title="bbox 2425 1503 4021 1577">
     <span class='ocr_line' id='line_1_30' title="bbox 2425 1503 4021 1577; baseline 0.004 -22"><span class='ocrx_word' id='word_1_189' title='bbox 2425 1503 2721 1574; x_wconf 77' lang='grc' dir='ltr'>ἀξιόμαχον</span> <span class='ocrx_word' id='word_1_190' title='bbox 2752 1504 2943 1572; x_wconf 77' lang='grc' dir='ltr'>κρίνας</span> <span class='ocrx_word' id='word_1_191' title='bbox 2991 1506 3181 1558; x_wconf 77' lang='grc' dir='ltr'>ἑαυτὸν</span> <span class='ocrx_word' id='word_1_192' title='bbox 3224 1508 3367 1560; x_wconf 88' lang='grc' dir='ltr'><strong>κατά</strong></span> <span class='ocrx_word' id='word_1_193' title='bbox 3400 1509 3492 1560; x_wconf 72' lang='grc' dir='ltr'><strong>τὸν</strong></span> <span class='ocrx_word' id='word_1_194' title='bbox 3534 1510 3830 1577; x_wconf 67' lang='grc' dir='ltr'>εἰρημένον</span> <span class='ocrx_word' id='word_1_195' title='bbox 3860 1510 4021 1560; x_wconf 88' lang='grc' dir='ltr'>ἀντι-</span> 
     </span>
    </p>
   </div>
   <div class='ocr_carea' id='block_1_31' title="bbox 2424 1597 4021 1670">
    <p class='ocr_par' dir='ltr' id='par_1_31' title="bbox 2424 1597 4021 1670">
     <span class='ocr_line' id='line_1_31' title="bbox 2424 1597 4021 1670; baseline 0.003 -22"><span class='ocrx_word' id='word_1_196' title='bbox 2424 1598 2837 1668; x_wconf 74' lang='grc' dir='ltr'>παρατάσσεται</span> <span class='ocrx_word' id='word_1_197' title='bbox 2872 1597 3057 1655; x_wconf 87' lang='grc' dir='ltr'>τόπον.</span> <span class='ocrx_word' id='word_1_198' title='bbox 3113 1598 3201 1667; x_wconf 83' lang='grc' dir='ltr'><strong>[Ρ.</strong></span> <span class='ocrx_word' id='word_1_199' title='bbox 3220 1597 3349 1670; x_wconf 75' lang='grc'><strong>506]</strong></span> <span class='ocrx_word' id='word_1_200' title='bbox 3381 1600 3491 1653; x_wconf 75' lang='grc' dir='ltr'><strong>Καὶ</strong></span> <span class='ocrx_word' id='word_1_201' title='bbox 3543 1599 3680 1669; x_wconf 82' lang='grc' dir='ltr'>δῆτα</span> <span class='ocrx_word' id='word_1_202' title='bbox 3735 1599 4021 1669; x_wconf 75' lang='grc' dir='ltr'>συμϐολῆς</span> 
     </span>
    </p>
   </div>
   <div class='ocr_carea' id='block_1_32' title="bbox 2424 1686 4020 1758">
    <p class='ocr_par' dir='ltr' id='par_1_32' title="bbox 2424 1686 4020 1758">
     <span class='ocr_line' id='line_1_32' title="bbox 2424 1686 4020 1758; baseline -0.001 -19"><span class='ocrx_word' id='word_1_203' title='bbox 2424 1690 2725 1757; x_wconf 78' lang='grc' dir='ltr'>γενομένης</span> <span class='ocrx_word' id='word_1_204' title='bbox 2756 1689 2986 1758; x_wconf 76' lang='grc' dir='ltr'>ἡττᾶται</span> <span class='ocrx_word' id='word_1_205' title='bbox 3044 1688 3185 1739; x_wconf 87' lang='grc' dir='ltr'><strong>κατά</strong></span> <span class='ocrx_word' id='word_1_206' title='bbox 3248 1690 3450 1757; x_wconf 79' lang='grc' dir='ltr'>κράτος</span> <span class='ocrx_word' id='word_1_207' title='bbox 3498 1690 3527 1741; x_wconf 89' lang='grc' dir='ltr'><strong>ό</strong></span> <span class='ocrx_word' id='word_1_208' title='bbox 3576 1689 3882 1758; x_wconf 83' lang='grc' dir='ltr'>τύραννος,</span> <span class='ocrx_word' id='word_1_209' title='bbox 3914 1686 4020 1740; x_wconf 72' lang='grc' dir='ltr'>καὶ</span> 
     </span>
    </p>
   </div>
   <div class='ocr_carea' id='block_1_33' title="bbox 2428 1779 4018 1848">
    <p class='ocr_par' dir='ltr' id='par_1_33' title="bbox 2428 1779 4018 1848">
     <span class='ocr_line' id='line_1_33' title="bbox 2428 1779 4018 1848; baseline 0 -17"><span class='ocrx_word' id='word_1_210' title='bbox 2428 1780 2587 1846; x_wconf 72' lang='grc' dir='ltr'>φόνος</span> <span class='ocrx_word' id='word_1_211' title='bbox 2622 1780 2830 1847; x_wconf 85' lang='grc' dir='ltr'>γίνεται</span> <span class='ocrx_word' id='word_1_212' title='bbox 2862 1779 3030 1840; x_wconf 75' lang='grc' dir='ltr'>πολὺς</span> <span class='ocrx_word' id='word_1_213' title='bbox 3070 1780 3176 1830; x_wconf 85' lang='grc' dir='ltr'>τῶν</span> <span class='ocrx_word' id='word_1_214' title='bbox 3207 1779 3339 1848; x_wconf 73' lang='grc' dir='ltr'>περὶ</span> <span class='ocrx_word' id='word_1_215' title='bbox 3374 1779 3557 1832; x_wconf 84' lang='grc' dir='ltr'>αὐτόν·</span> <span class='ocrx_word' id='word_1_216' title='bbox 3591 1780 3643 1831; x_wconf 81' lang='lat' dir='ltr'><strong>oi</strong></span> <span class='ocrx_word' id='word_1_217' title='bbox 3676 1779 3735 1831; x_wconf 85' lang='grc' dir='ltr'><strong>δὲ</strong></span> <span class='ocrx_word' id='word_1_218' title='bbox 3766 1795 4018 1847; x_wconf 77' lang='grc' dir='ltr'>περισωο</span> 
     </span>
    </p>
   </div>
   <div class='ocr_carea' id='block_1_34' title="bbox 732 1841 2325 1943">
    <p class='ocr_par' dir='ltr' id='par_1_34' title="bbox 732 1871 2317 1943">
     <span class='ocr_line' id='line_1_34' title="bbox 732 1871 2317 1943; baseline 0.003 -19"><span class='ocrx_word' id='word_1_219' title='bbox 732 1887 857 1925; x_wconf 83' lang='lat' dir='ltr'><strong>cum</strong></span> <span class='ocrx_word' id='word_1_220' title='bbox 912 1871 1058 1940; x_wconf 87' lang='lat' dir='ltr'><strong>quod</strong></span> <span class='ocrx_word' id='word_1_221' title='bbox 1121 1871 1247 1927; x_wconf 86' lang='lat' dir='ltr'><strong>belli</strong></span> <span class='ocrx_word' id='word_1_222' title='bbox 1302 1873 1483 1927; x_wconf 76' lang='lat' dir='ltr'><strong>civilis</strong></span> <span class='ocrx_word' id='word_1_223' title='bbox 1525 1872 1726 1943; x_wconf 83' lang='lat' dir='ltr'><strong>damna</strong></span> <span class='ocrx_word' id='word_1_224' title='bbox 1770 1884 1995 1942; x_wconf 89' lang='lat' dir='ltr'><strong>cuperet</strong></span> <span class='ocrx_word' id='word_1_225' title='bbox 2051 1874 2317 1941; x_wconf 86' lang='lat' dir='ltr'><strong>devitare,</strong></span> 
     </span>
    </p>
   </div>
   <div class='ocr_carea' id='block_1_35' title="bbox 2430 1841 4020 1943">
    <p class='ocr_par' dir='ltr' id='par_1_35' title="bbox 2430 1841 4020 1939">
     <span class='ocr_line' id='line_1_35' title="bbox 2430 1841 4020 1939; baseline -0.004 -17"><span class='ocrx_word' id='word_1_226' title='bbox 2430 1841 2807 1938; x_wconf 41' lang='lat' dir='ltr'><strong>divtsg&#39;gouﬁj</strong></span> <span class='ocrx_word' id='word_1_227' title='bbox 2859 1870 2958 1939; x_wconf 72' lang='grc' dir='ltr'>τὴν</span> <span class='ocrx_word' id='word_1_228' title='bbox 2998 1841 3651 1937; x_wconf 48' lang='grc' dir='ltr'>σωτηρίαν-πορίζονται,</span> <span class='ocrx_word' id='word_1_229' title='bbox 3688 1866 3783 1919; x_wconf 80' lang='grc' dir='ltr'>καὶ</span> <span class='ocrx_word' id='word_1_230' title='bbox 3812 1841 3869 1917; x_wconf 74' lang='grc' dir='ltr'>ἐν</span> <span class='ocrx_word' id='word_1_231' title='bbox 3902 1880 4020 1917; x_wconf 87' lang='grc' dir='ltr'>τινι</span> 
     </span>
    </p>
   </div>
   <div class='ocr_carea' id='block_1_36' title="bbox 735 1961 2323 2033">
    <p class='ocr_par' dir='ltr' id='par_1_36' title="bbox 735 1961 2323 2033">
     <span class='ocr_line' id='line_1_36' title="bbox 735 1961 2323 2033; baseline 0.002 -19"><span class='ocrx_word' id='word_1_232' title='bbox 735 1972 852 2015; x_wconf 90' lang='lat' dir='ltr'><strong>tum</strong></span> <span class='ocrx_word' id='word_1_233' title='bbox 889 1961 1035 2032; x_wconf 85' lang='lat' dir='ltr'><strong>quod</strong></span> <span class='ocrx_word' id='word_1_234' title='bbox 1066 1961 1425 2033; x_wconf 80' lang='lat' dir='ltr'><strong>Adriauopoli</strong></span> <span class='ocrx_word' id='word_1_235' title='bbox 1459 1965 1663 2018; x_wconf 82' lang='lat' dir='ltr'><strong>vicinos</strong></span> <span class='ocrx_word' id='word_1_236' title='bbox 1698 1962 1935 2033; x_wconf 84' lang='lat' dir='ltr'><strong>Scythas</strong></span> <span class='ocrx_word' id='word_1_237' title='bbox 1992 1963 2214 2019; x_wconf 90' lang='lat' dir='ltr'><strong>nolebat</strong></span> <span class='ocrx_word' id='word_1_238' title='bbox 2251 1966 2323 2017; x_wconf 88' lang='lat' dir='ltr'><strong>in-</strong></span> 
     </span>
    </p>
   </div>
   <div class='ocr_carea' id='block_1_37' title="bbox 734 2055 2321 2125">
    <p class='ocr_par' dir='ltr' id='par_1_37' title="bbox 734 2055 2321 2125">
     <span class='ocr_line' id='line_1_37' title="bbox 734 2055 2321 2125; baseline 0 -16"><span class='ocrx_word' id='word_1_239' title='bbox 734 2063 1171 2111; x_wconf 85' lang='lat' dir='ltr'><strong>strumentorum</strong></span> <span class='ocrx_word' id='word_1_240' title='bbox 1216 2056 1418 2125; x_wconf 82' lang='lat' dir='ltr'><strong>quibus</strong></span> <span class='ocrx_word' id='word_1_241' title='bbox 1454 2055 1618 2111; x_wconf 86' lang='lat' dir='ltr'><strong>urbes</strong></span> <span class='ocrx_word' id='word_1_242' title='bbox 1647 2064 2037 2125; x_wconf 81' lang='lat' dir='ltr'><strong>oppugnantur</strong></span> <span class='ocrx_word' id='word_1_243' title='bbox 2069 2056 2321 2111; x_wconf 83' lang='lat' dir='ltr'><strong>notitiam</strong></span> 
     </span>
    </p>
   </div>
   <div class='ocr_carea' id='block_1_38' title="bbox 738 2148 2323 2219">
    <p class='ocr_par' dir='ltr' id='par_1_38' title="bbox 738 2148 2323 2219">
     <span class='ocr_line' id='line_1_38' title="bbox 738 2148 2323 2219; baseline 0 -17"><span class='ocrx_word' id='word_1_244' title='bbox 738 2148 1049 2219; x_wconf 86' lang='lat' dir='ltr'><strong>consequi:</strong></span> <span class='ocrx_word' id='word_1_245' title='bbox 1084 2149 1179 2203; x_wconf 90' lang='lat' dir='ltr'><strong>sed</strong></span> <span class='ocrx_word' id='word_1_246' title='bbox 1218 2148 1359 2201; x_wconf 73' lang='lat' dir='ltr'><strong>{ante</strong></span> <span class='ocrx_word' id='word_1_247' title='bbox 1415 2162 1478 2202; x_wconf 91' lang='lat' dir='ltr'><strong>ac</strong></span> <span class='ocrx_word' id='word_1_248' title='bbox 1512 2150 1744 2218; x_wconf 88' lang='lat' dir='ltr'><strong>penuria</strong></span> <span class='ocrx_word' id='word_1_249' title='bbox 1806 2164 1992 2203; x_wconf 89' lang='lat' dir='ltr'><strong>rerum</strong></span> <span class='ocrx_word' id='word_1_250' title='bbox 2042 2148 2108 2203; x_wconf 90' lang='lat' dir='ltr'><strong>ad</strong></span> <span class='ocrx_word' id='word_1_251' title='bbox 2155 2150 2323 2202; x_wconf 88' lang='lat' dir='ltr'><strong>vitam</strong></span> 
     </span>
    </p>
   </div>
   <div class='ocr_carea' id='block_1_39' title="bbox 735 2242 2322 2313">
    <p class='ocr_par' dir='ltr' id='par_1_39' title="bbox 735 2242 2322 2313">
     <span class='ocr_line' id='line_1_39' title="bbox 735 2242 2322 2313; baseline 0 -17"><span class='ocrx_word' id='word_1_252' title='bbox 735 2243 1172 2298; x_wconf 88' lang='lat' dir='ltr'><strong>necessariarum</strong></span> <span class='ocrx_word' id='word_1_253' title='bbox 1226 2250 1477 2297; x_wconf 86' lang='lat' dir='ltr'><strong>statuens</strong></span> <span class='ocrx_word' id='word_1_254' title='bbox 1509 2256 1633 2296; x_wconf 90' lang='lat' dir='ltr'><strong>eum</strong></span> <span class='ocrx_word' id='word_1_255' title='bbox 1690 2242 1743 2296; x_wconf 93' lang='lat' dir='ltr'><strong>in</strong></span> <span class='ocrx_word' id='word_1_256' title='bbox 1786 2257 1941 2297; x_wconf 91' lang='lat' dir='ltr'><strong>suam</strong></span> <span class='ocrx_word' id='word_1_257' title='bbox 1997 2252 2322 2313; x_wconf 87' lang='lat' dir='ltr'><strong>potestatem</strong></span> 
     </span>
    </p>
   </div>
   <div class='ocr_carea' id='block_1_40' title="bbox 734 2333 2326 2405">
    <p class='ocr_par' dir='ltr' id='par_1_40' title="bbox 734 2333 2326 2405">
     <span class='ocr_line' id='line_1_40' title="bbox 734 2333 2326 2405; baseline 0.002 -17"><span class='ocrx_word' id='word_1_258' title='bbox 734 2333 1006 2405; x_wconf 80' lang='lat' dir='ltr'><strong>redigere,</strong></span> <span class='ocrx_word' id='word_1_259' title='bbox 1042 2335 1184 2389; x_wconf 91' lang='lat' dir='ltr'><strong>vallo</strong></span> <span class='ocrx_word' id='word_1_260' title='bbox 1219 2351 1282 2390; x_wconf 83' lang='lat' dir='ltr'><strong>ac</strong></span> <span class='ocrx_word' id='word_1_261' title='bbox 1319 2335 1463 2391; x_wconf 82' lang='lat' dir='ltr'><strong>fossa</strong></span> <span class='ocrx_word' id='word_1_262' title='bbox 1501 2336 1933 2389; x_wconf 85' lang='lat' dir='ltr'><strong>circumventam</strong></span> <span class='ocrx_word' id='word_1_263' title='bbox 1958 2338 2145 2390; x_wconf 90' lang='lat' dir='ltr'><strong>urbem</strong></span> <span class='ocrx_word' id='word_1_264' title='bbox 2179 2338 2326 2391; x_wconf 90' lang='lat' dir='ltr'><strong>acri-</strong></span> 
     </span>
    </p>
   </div>
   <div class='ocr_carea' id='block_1_41' title="bbox 737 2428 2324 2499">
    <p class='ocr_par' dir='ltr' id='par_1_41' title="bbox 737 2428 2324 2499">
     <span class='ocr_line' id='line_1_41' title="bbox 737 2428 2324 2499; baseline 0.004 -20"><span class='ocrx_word' id='word_1_265' title='bbox 737 2435 824 2480; x_wconf 89' lang='lat' dir='ltr'><strong>ter</strong></span> <span class='ocrx_word' id='word_1_266' title='bbox 858 2428 1095 2483; x_wconf 88' lang='lat' dir='ltr'><strong>obsedit.</strong></span> <span class='ocrx_word' id='word_1_267' title='bbox 1139 2428 1375 2483; x_wconf 77' lang='lat' dir='ltr'><strong>Thomas</strong></span> <span class='ocrx_word' id='word_1_268' title='bbox 1420 2429 1600 2497; x_wconf 89' lang='lat' dir='ltr'><strong>primo</strong></span> <span class='ocrx_word' id='word_1_269' title='bbox 1630 2444 1823 2485; x_wconf 90' lang='lat' dir='ltr'><strong>omnes</strong></span> <span class='ocrx_word' id='word_1_270' title='bbox 1853 2429 1946 2499; x_wconf 91' lang='lat' dir='ltr'><strong>qui</strong></span> <span class='ocrx_word' id='word_1_271' title='bbox 1976 2445 2073 2499; x_wconf 87' lang='lat' dir='ltr'><strong>per</strong></span> <span class='ocrx_word' id='word_1_272' title='bbox 2109 2439 2324 2485; x_wconf 70' lang='lat' dir='ltr'><strong>astatem</strong></span> 
     </span>
    </p>
   </div>
   <div class='ocr_carea' id='block_1_42' title="bbox 742 2519 2327 2579">
    <p class='ocr_par' dir='ltr' id='par_1_42' title="bbox 742 2519 2327 2579">
     <span class='ocr_line' id='line_1_42' title="bbox 742 2519 2327 2579; baseline 0.005 -8"><span class='ocrx_word' id='word_1_273' title='bbox 742 2520 882 2574; x_wconf 88' lang='lat' dir='ltr'><strong>bello</strong></span> <span class='ocrx_word' id='word_1_274' title='bbox 922 2519 1100 2575; x_wconf 88' lang='lat' dir='ltr'><strong>idonei</strong></span> <span class='ocrx_word' id='word_1_275' title='bbox 1141 2536 1248 2575; x_wconf 89' lang='lat' dir='ltr'><strong>non</strong></span> <span class='ocrx_word' id='word_1_276' title='bbox 1284 2530 1441 2575; x_wconf 86' lang='lat' dir='ltr'><strong>erant</strong></span> <span class='ocrx_word' id='word_1_277' title='bbox 1477 2531 1529 2576; x_wconf 84' lang='lat' dir='ltr'><strong>et</strong></span> <span class='ocrx_word' id='word_1_278' title='bbox 1557 2538 1719 2577; x_wconf 59' lang='lat' dir='ltr'><strong>omne</strong></span> <span class='ocrx_word' id='word_1_279' title='bbox 1747 2523 1947 2576; x_wconf 87' lang='lat' dir='ltr'><strong>animal</strong></span> <span class='ocrx_word' id='word_1_280' title='bbox 1978 2524 2172 2579; x_wconf 90' lang='lat' dir='ltr'><strong>inutile</strong></span> <span class='ocrx_word' id='word_1_281' title='bbox 2194 2525 2327 2579; x_wconf 88' lang='lat' dir='ltr'><strong>urbe</strong></span> 
     </span>
    </p>
   </div>
   <div class='ocr_carea' id='block_1_43' title="bbox 738 2608 2326 2680">
    <p class='ocr_par' dir='ltr' id='par_1_43' title="bbox 738 2608 2326 2680">
     <span class='ocr_line' id='line_1_43' title="bbox 738 2608 2326 2680; baseline 0.006 -20"><span class='ocrx_word' id='word_1_282' title='bbox 738 2608 945 2679; x_wconf 70' lang='lat' dir='ltr'><strong>expulit</strong></span> <span class='ocrx_word' id='word_1_283' title='bbox 1003 2609 1209 2665; x_wconf 83' lang='lat' dir='ltr'><strong>Deinde</strong></span> <span class='ocrx_word' id='word_1_284' title='bbox 1259 2610 1678 2680; x_wconf 75' lang='lat' dir='ltr'><strong>ingravescente</strong></span> <span class='ocrx_word' id='word_1_285' title='bbox 1716 2612 1858 2667; x_wconf 80' lang='lat' dir='ltr'><strong>fame</strong></span> <span class='ocrx_word' id='word_1_286' title='bbox 1902 2628 1966 2667; x_wconf 90' lang='lat' dir='ltr'><strong>ac</strong></span> <span class='ocrx_word' id='word_1_287' title='bbox 2014 2614 2189 2667; x_wconf 86' lang='lat' dir='ltr'><strong>salute</strong></span> <span class='ocrx_word' id='word_1_288' title='bbox 2230 2610 2326 2669; x_wconf 85' lang='lat' dir='ltr'><strong>de-</strong></span> 
     </span>
    </p>
   </div>
   <div class='ocr_carea' id='block_1_44' title="bbox 740 2704 2325 2776">
    <p class='ocr_par' dir='ltr' id='par_1_44' title="bbox 740 2704 2325 2776">
     <span class='ocr_line' id='line_1_44' title="bbox 740 2704 2325 2776; baseline 0.003 -22"><span class='ocrx_word' id='word_1_289' title='bbox 740 2713 978 2771; x_wconf 87' lang='lat' dir='ltr'><strong>sperata,</strong></span> <span class='ocrx_word' id='word_1_290' title='bbox 1017 2705 1107 2772; x_wconf 86' lang='lat' dir='ltr'><strong>qui</strong></span> <span class='ocrx_word' id='word_1_291' title='bbox 1146 2720 1269 2757; x_wconf 87' lang='lat' dir='ltr'><strong>cum</strong></span> <span class='ocrx_word' id='word_1_292' title='bbox 1320 2704 1440 2772; x_wconf 81' lang='lat' dir='ltr'><strong>ipso</strong></span> <span class='ocrx_word' id='word_1_293' title='bbox 1467 2715 1649 2767; x_wconf 74' lang='lat' dir='ltr'><strong>crant.</strong></span> <span class='ocrx_word' id='word_1_294' title='bbox 1690 2722 1784 2772; x_wconf 82' lang='lat' dir='ltr'><strong>per</strong></span> <span class='ocrx_word' id='word_1_295' title='bbox 1818 2707 2091 2776; x_wconf 87' lang='lat' dir='ltr'><strong>portulam</strong></span> <span class='ocrx_word' id='word_1_296' title='bbox 2128 2722 2325 2775; x_wconf 83' lang='lat' dir='ltr'><strong>quam-</strong></span> 
     </span>
    </p>
   </div>
   <div class='ocr_carea' id='block_1_45' title="bbox 739 2793 2329 2869">
    <p class='ocr_par' dir='ltr' id='par_1_45' title="bbox 739 2793 2329 2869">
     <span class='ocr_line' id='line_1_45' title="bbox 739 2793 2329 2869; baseline 0.003 -21"><span class='ocrx_word' id='word_1_297' title='bbox 739 2793 864 2849; x_wconf 84' lang='lat' dir='ltr'><strong>dam</strong></span> <span class='ocrx_word' id='word_1_298' title='bbox 896 2795 1082 2851; x_wconf 82' lang='lat' dir='ltr'><strong>furtim</strong></span> <span class='ocrx_word' id='word_1_299' title='bbox 1123 2798 1317 2866; x_wconf 83' lang='lat' dir='ltr'><strong>elapsi,</strong></span> <span class='ocrx_word' id='word_1_300' title='bbox 1351 2797 1522 2868; x_wconf 73' lang='lat'><strong>889</strong></span> <span class='ocrx_word' id='word_1_301' title='bbox 1570 2799 1819 2853; x_wconf 87' lang='lat' dir='ltr'><strong>nonnulli</strong></span> <span class='ocrx_word' id='word_1_302' title='bbox 1845 2799 2007 2852; x_wconf 89' lang='lat' dir='ltr'><strong>etiam</strong></span> <span class='ocrx_word' id='word_1_303' title='bbox 2044 2808 2207 2854; x_wconf 91' lang='lat' dir='ltr'><strong>noctu</strong></span> <span class='ocrx_word' id='word_1_304' title='bbox 2232 2814 2329 2869; x_wconf 89' lang='lat' dir='ltr'><strong>per</strong></span> 
     </span>
    </p>
   </div>
   <div class='ocr_carea' id='block_1_46' title="bbox 739 2884 2330 2960">
    <p class='ocr_par' dir='ltr' id='par_1_46' title="bbox 739 2884 2330 2960">
     <span class='ocr_line' id='line_1_46' title="bbox 739 2884 2330 2960; baseline 0.003 -19"><span class='ocrx_word' id='word_1_305' title='bbox 739 2884 897 2943; x_wconf 79' lang='lat' dir='ltr'><strong>funes</strong></span> <span class='ocrx_word' id='word_1_306' title='bbox 928 2889 996 2943; x_wconf 87' lang='lat' dir='ltr'><strong>de</strong></span> <span class='ocrx_word' id='word_1_307' title='bbox 1025 2906 1181 2944; x_wconf 88' lang='lat' dir='ltr'><strong>muro</strong></span> <span class='ocrx_word' id='word_1_308' title='bbox 1214 2892 1584 2954; x_wconf 45' lang='lat' dir='ltr'><strong>demissi,&#39;alii</strong></span> <span class='ocrx_word' id='word_1_309' title='bbox 1635 2893 1953 2960; x_wconf 85' lang='lat' dir='ltr'><strong>imperatori</strong></span> <span class='ocrx_word' id='word_1_310' title='bbox 2007 2906 2128 2948; x_wconf 79' lang='lat' dir='ltr'><strong>sese</strong></span> <span class='ocrx_word' id='word_1_311' title='bbox 2176 2891 2330 2946; x_wconf 84' lang='lat' dir='ltr'><strong>dedi-</strong></span> 
     </span>
    </p>
   </div>
   <div class='ocr_carea' id='block_1_47' title="bbox 739 2978 2325 3051">
    <p class='ocr_par' dir='ltr' id='par_1_47' title="bbox 739 2978 2325 3051">
     <span class='ocr_line' id='line_1_47' title="bbox 739 2978 2325 3051; baseline 0.004 -19"><span class='ocrx_word' id='word_1_312' title='bbox 739 2978 958 3045; x_wconf 88' lang='lat' dir='ltr'><strong>derunt,</strong></span> <span class='ocrx_word' id='word_1_313' title='bbox 984 2981 1074 3034; x_wconf 88' lang='lat' dir='ltr'><strong>alii</strong></span> <span class='ocrx_word' id='word_1_314' title='bbox 1106 2980 1321 3051; x_wconf 81' lang='lat' dir='ltr'><strong>Bizyam</strong></span> <span class='ocrx_word' id='word_1_315' title='bbox 1353 2981 1417 3035; x_wconf 86' lang='lat' dir='ltr'><strong>ad</strong></span> <span class='ocrx_word' id='word_1_316' title='bbox 1442 2982 1796 3037; x_wconf 79' lang='lat' dir='ltr'><strong>Anastasium</strong></span> <span class='ocrx_word' id='word_1_317' title='bbox 1826 2982 1994 3036; x_wconf 81' lang='lat' dir='ltr'><strong>tilium</strong></span> <span class='ocrx_word' id='word_1_318' title='bbox 2020 2984 2325 3038; x_wconf 88' lang='lat' dir='ltr'><strong>naturalem</strong></span> 
     </span>
    </p>
   </div>
   <div class='ocr_carea' id='block_1_48' title="bbox 744 3068 2324 3140">
    <p class='ocr_par' dir='ltr' id='par_1_48' title="bbox 744 3068 2324 3140">
     <span class='ocr_line' id='line_1_48' title="bbox 744 3068 2324 3140; baseline 0.004 -19"><span class='ocrx_word' id='word_1_319' title='bbox 744 3068 1127 3140; x_wconf 78' lang='lat' dir='ltr'><strong>profugerunt.</strong></span> <span class='ocrx_word' id='word_1_320' title='bbox 1183 3070 1428 3125; x_wconf 80' lang='lat' dir='ltr'><strong>Tandem</strong></span> <span class='ocrx_word' id='word_1_321' title='bbox 1494 3088 1617 3127; x_wconf 91' lang='lat' dir='ltr'><strong>cum</strong></span> <span class='ocrx_word' id='word_1_322' title='bbox 1674 3072 1888 3127; x_wconf 87' lang='lat' dir='ltr'><strong>obsessi</strong></span> <span class='ocrx_word' id='word_1_323' title='bbox 1925 3072 2111 3127; x_wconf 86' lang='lat' dir='ltr'><strong>omnia</strong></span> <span class='ocrx_word' id='word_1_324' title='bbox 2171 3075 2324 3128; x_wconf 87' lang='lat' dir='ltr'><strong>victu</strong></span> 
     </span>
    </p>
   </div>
   <div class='ocr_carea' id='block_1_49' title="bbox 2429 1957 4016 2029">
    <p class='ocr_par' dir='ltr' id='par_1_49' title="bbox 2429 1957 4016 2029">
     <span class='ocr_line' id='line_1_49' title="bbox 2429 1957 4016 2029; baseline -0.001 -18"><span class='ocrx_word' id='word_1_325' title='bbox 2429 1961 2593 2029; x_wconf 84' lang='grc' dir='ltr'>χώρῳ</span> <span class='ocrx_word' id='word_1_326' title='bbox 2643 1960 2893 2027; x_wconf 68' lang='grc' dir='ltr'>δυσϐάτῳ</span> <span class='ocrx_word' id='word_1_327' title='bbox 2956 1958 3315 2028; x_wconf 76' lang='grc' dir='ltr'>συναχθέντες</span> <span class='ocrx_word' id='word_1_328' title='bbox 3369 1958 3429 2009; x_wconf 76' lang='grc' dir='ltr'>τὸ</span> <span class='ocrx_word' id='word_1_329' title='bbox 3473 1959 3666 2027; x_wconf 79' lang='grc' dir='ltr'>μέλλον</span> <span class='ocrx_word' id='word_1_330' title='bbox 3716 1957 4016 2011; x_wconf 68' lang='grc' dir='ltr'>ἐσκόπουν.</span> 
     </span>
    </p>
   </div>
   <div class='ocr_carea' id='block_1_50' title="bbox 2442 2044 4019 2123">
    <p class='ocr_par' dir='ltr' id='par_1_50' title="bbox 2442 2044 4019 2123">
     <span class='ocr_line' id='line_1_50' title="bbox 2442 2044 4019 2123; baseline -0.003 -18"><span class='ocrx_word' id='word_1_331' title='bbox 2442 2052 2499 2105; x_wconf 87' lang='lat'><strong>&#39;0</strong></span> <span class='ocrx_word' id='word_1_332' title='bbox 2546 2052 2603 2104; x_wconf 79' lang='grc' dir='ltr'><strong>δὲ</strong></span> <span class='ocrx_word' id='word_1_333' title='bbox 2640 2052 2748 2104; x_wconf 84' lang='grc' dir='ltr'>τῶν</span> <span class='ocrx_word' id='word_1_334' title='bbox 2778 2051 3104 2123; x_wconf 85' lang='grc' dir='ltr'>Βουλγάρων</span> <span class='ocrx_word' id='word_1_335' title='bbox 3153 2051 3399 2123; x_wconf 76' lang='grc' dir='ltr'>ἀρχηγὸς</span> <span class='ocrx_word' id='word_1_336' title='bbox 3436 2052 3504 2106; x_wconf 85' lang='grc' dir='ltr'><strong>τά</strong></span> <span class='ocrx_word' id='word_1_337' title='bbox 3547 2068 3608 2104; x_wconf 84' lang='grc' dir='ltr'><strong>τε</strong></span> <span class='ocrx_word' id='word_1_338' title='bbox 3641 2050 3893 2120; x_wconf 84' lang='grc' dir='ltr'>σώματα,</span> <span class='ocrx_word' id='word_1_339' title='bbox 3934 2044 4019 2103; x_wconf 76' lang='grc' dir='ltr'>ὧν</span> 
     </span>
    </p>
   </div>
   <div class='ocr_carea' id='block_1_51' title="bbox 2431 2143 4023 2216">
    <p class='ocr_par' dir='ltr' id='par_1_51' title="bbox 2431 2143 4023 2216">
     <span class='ocr_line' id='line_1_51' title="bbox 2431 2143 4023 2216; baseline -0.001 -17"><span class='ocrx_word' id='word_1_340' title='bbox 2431 2147 2650 2215; x_wconf 70' lang='grc' dir='ltr'>ἐγένετο</span> <span class='ocrx_word' id='word_1_341' title='bbox 2687 2144 2898 2216; x_wconf 81' lang='grc' dir='ltr'>κύριος,</span> <span class='ocrx_word' id='word_1_342' title='bbox 2955 2145 3050 2199; x_wconf 71' lang='grc' dir='ltr'>καὶ</span> <span class='ocrx_word' id='word_1_343' title='bbox 3106 2144 3262 2198; x_wconf 84' lang='grc' dir='ltr'>λείαν</span> <span class='ocrx_word' id='word_1_344' title='bbox 3311 2144 3512 2216; x_wconf 75' lang='grc' dir='ltr'>πολλὴν</span> <span class='ocrx_word' id='word_1_345' title='bbox 3567 2143 4023 2216; x_wconf 72' lang='grc' dir='ltr'>προσλαϐόμενος</span> 
     </span>
    </p>
   </div>
   <div class='ocr_carea' id='block_1_52' title="bbox 2434 2239 4021 2311">
    <p class='ocr_par' dir='ltr' id='par_1_52' title="bbox 2434 2239 4021 2311">
     <span class='ocr_line' id='line_1_52' title="bbox 2434 2239 4021 2311; baseline -0.001 -20"><span class='ocrx_word' id='word_1_346' title='bbox 2434 2241 2569 2310; x_wconf 73' lang='grc' dir='ltr'>πρὸς</span> <span class='ocrx_word' id='word_1_347' title='bbox 2614 2239 2711 2311; x_wconf 82' lang='grc' dir='ltr'><strong>τὴν</strong></span> <span class='ocrx_word' id='word_1_348' title='bbox 2746 2239 2952 2294; x_wconf 74' lang='grc' dir='ltr'>οἰκείαν</span> <span class='ocrx_word' id='word_1_349' title='bbox 2983 2239 3291 2311; x_wconf 80' lang='grc' dir='ltr'>ὑπέστρεψε</span> <span class='ocrx_word' id='word_1_350' title='bbox 3322 2239 3530 2310; x_wconf 82' lang='grc' dir='ltr'>χώραν,</span> <span class='ocrx_word' id='word_1_351' title='bbox 3578 2242 3644 2310; x_wconf 81' lang='grc' dir='ltr'>τῇ</span> <span class='ocrx_word' id='word_1_352' title='bbox 3677 2240 3807 2310; x_wconf 82' lang='grc' dir='ltr'>νίκῃ</span> <span class='ocrx_word' id='word_1_353' title='bbox 3848 2240 4021 2291; x_wconf 73' lang='grc' dir='ltr'>ἐπαι-</span> 
     </span>
    </p>
   </div>
   <div class='ocr_carea' id='block_1_53' title="bbox 2438 2329 4013 2404">
    <p class='ocr_par' dir='ltr' id='par_1_53' title="bbox 2438 2329 4013 2404">
     <span class='ocr_line' id='line_1_53' title="bbox 2438 2329 4013 2404; baseline -0.013 -6"><span class='ocrx_word' id='word_1_354' title='bbox 2438 2335 2666 2403; x_wconf 73' lang='grc' dir='ltr'>ρόμενός</span> <span class='ocrx_word' id='word_1_355' title='bbox 2730 2350 2788 2385; x_wconf 83' lang='grc' dir='ltr'><strong>τε</strong></span> <span class='ocrx_word' id='word_1_356' title='bbox 2858 2334 2953 2387; x_wconf 82' lang='grc' dir='ltr'>καὶ</span> <span class='ocrx_word' id='word_1_357' title='bbox 3017 2334 3285 2404; x_wconf 84' lang='grc' dir='ltr'>γαυριῶν.</span> <span class='ocrx_word' id='word_1_358' title='bbox 3372 2333 3446 2385; x_wconf 83' lang='grc' dir='ltr'>Τὸ</span> <span class='ocrx_word' id='word_1_359' title='bbox 3510 2332 3568 2385; x_wconf 79' lang='grc' dir='ltr'><strong>δὲ</strong></span> <span class='ocrx_word' id='word_1_360' title='bbox 3645 2329 4013 2398; x_wconf 65' lang='grc' dir='ltr'>καταλειφθὲν</span> 
     </span>
    </p>
   </div>
   <div class='ocr_carea' id='block_1_54' title="bbox 2436 2423 4019 2495">
    <p class='ocr_par' dir='ltr' id='par_1_54' title="bbox 2436 2423 4019 2495">
     <span class='ocr_line' id='line_1_54' title="bbox 2436 2423 4019 2495; baseline -0.004 -14"><span class='ocrx_word' id='word_1_361' title='bbox 2436 2427 2685 2481; x_wconf 73' lang='grc' dir='ltr'>ναυτικὸν</span> <span class='ocrx_word' id='word_1_362' title='bbox 2737 2426 2794 2477; x_wconf 79' lang='grc' dir='ltr'>ὲν</span> <span class='ocrx_word' id='word_1_363' title='bbox 2887 2428 2952 2494; x_wconf 72' lang='grc' dir='ltr'>τῇ</span> <span class='ocrx_word' id='word_1_364' title='bbox 3029 2424 3319 2495; x_wconf 75' lang='grc' dir='ltr'>πολιορκίᾳ</span> <span class='ocrx_word' id='word_1_365' title='bbox 3396 2423 3499 2492; x_wconf 80' lang='grc' dir='ltr'>τῆς</span> <span class='ocrx_word' id='word_1_366' title='bbox 3556 2424 3764 2486; x_wconf 81' lang='grc' dir='ltr'>πόλεως</span> <span class='ocrx_word' id='word_1_367' title='bbox 3798 2462 3815 2485; x_wconf 84' lang='grc'><strong>,</strong></span> <span class='ocrx_word' id='word_1_368' title='bbox 3901 2440 4019 2474; x_wconf 82' lang='grc' dir='ltr'>πυ-</span> 
     </span>
    </p>
   </div>
   <div class='ocr_carea' id='block_1_55' title="bbox 2438 2514 4023 2592">
    <p class='ocr_par' dir='ltr' id='par_1_55' title="bbox 2438 2514 4023 2592">
     <span class='ocr_line' id='line_1_55' title="bbox 2438 2514 4023 2592; baseline -0.004 -17"><span class='ocrx_word' id='word_1_369' title='bbox 2438 2522 2665 2592; x_wconf 81' lang='grc' dir='ltr'>θόμενον</span> <span class='ocrx_word' id='word_1_370' title='bbox 2710 2524 2811 2591; x_wconf 79' lang='grc' dir='ltr'>τὴν</span> <span class='ocrx_word' id='word_1_371' title='bbox 2858 2514 3028 2590; x_wconf 79' lang='grc' dir='ltr'>ἧτταν</span> <span class='ocrx_word' id='word_1_372' title='bbox 3076 2518 3171 2571; x_wconf 80' lang='grc' dir='ltr'>τοῦ</span> <span class='ocrx_word' id='word_1_373' title='bbox 3230 2518 3561 2582; x_wconf 81' lang='grc' dir='ltr'>ἀποστάτου,</span> <span class='ocrx_word' id='word_1_374' title='bbox 3621 2516 4023 2587; x_wconf 72' lang='grc' dir='ltr'>προσκεχώρη-</span> 
     </span>
    </p>
   </div>
   <div class='ocr_carea' id='block_1_56' title="bbox 2434 2608 4026 2683">
    <p class='ocr_par' dir='ltr' id='par_1_56' title="bbox 2434 2608 4026 2683">
     <span class='ocr_line' id='line_1_56' title="bbox 2434 2608 4026 2683; baseline -0.005 -14"><span class='ocrx_word' id='word_1_375' title='bbox 2434 2634 2530 2669; x_wconf 86' lang='grc' dir='ltr'>κεν</span> <span class='ocrx_word' id='word_1_376' title='bbox 2576 2616 2724 2669; x_wconf 84' lang='grc' dir='ltr'>ᾰπαν</span> <span class='ocrx_word' id='word_1_377' title='bbox 2765 2613 2842 2682; x_wconf 81' lang='grc' dir='ltr'>τῷ</span> <span class='ocrx_word' id='word_1_378' title='bbox 2881 2612 3114 2683; x_wconf 59' lang='grc' dir='ltr'>βασιλεῖ.</span> <span class='ocrx_word' id='word_1_379' title='bbox 3169 2611 3229 2661; x_wconf 84' lang='lat'><strong>&#39;0</strong></span> <span class='ocrx_word' id='word_1_380' title='bbox 3258 2612 3301 2663; x_wconf 79' lang='grc' dir='ltr'><strong>δ’</strong></span> <span class='ocrx_word' id='word_1_381' title='bbox 3349 2611 3667 2673; x_wconf 74' lang='grc' dir='ltr'>ἀποστάτης</span> <span class='ocrx_word' id='word_1_382' title='bbox 3714 2612 3795 2671; x_wconf 86' lang='grc' dir='ltr'><strong>είς</strong></span> <span class='ocrx_word' id='word_1_383' title='bbox 3853 2608 4026 2661; x_wconf 73' lang='grc' dir='ltr'>τοῦτο</span> 
     </span>
    </p>
   </div>
   <div class='ocr_carea' id='block_1_57' title="bbox 2441 2701 4024 2777">
    <p class='ocr_par' dir='ltr' id='par_1_57' title="bbox 2441 2701 4024 2777">
     <span class='ocr_line' id='line_1_57' title="bbox 2441 2701 4024 2777; baseline -0.008 -14"><span class='ocrx_word' id='word_1_384' title='bbox 2441 2711 2644 2777; x_wconf 75' lang='grc' dir='ltr'>ἀφῖκτο</span> <span class='ocrx_word' id='word_1_385' title='bbox 2674 2707 2872 2777; x_wconf 86' lang='grc' dir='ltr'>μανίας</span> <span class='ocrx_word' id='word_1_386' title='bbox 2913 2707 3065 2775; x_wconf 81' lang='grc' dir='ltr'><strong>παρά</strong></span> <span class='ocrx_word' id='word_1_387' title='bbox 3093 2704 3202 2758; x_wconf 85' lang='grc' dir='ltr'><strong>τῶν</strong></span> <span class='ocrx_word' id='word_1_388' title='bbox 3239 2702 3671 2773; x_wconf 77' lang='grc' dir='ltr'>συμμαχούντων</span> <span class='ocrx_word' id='word_1_389' title='bbox 3706 2701 3891 2770; x_wconf 78' lang='grc' dir='ltr'>αὐτῷ,</span> <span class='ocrx_word' id='word_1_390' title='bbox 3937 2702 4024 2762; x_wconf 82' lang='grc' dir='ltr'>ὡς</span> 
     </span>
    </p>
   </div>
   <div class='ocr_carea' id='block_1_58' title="bbox 2436 2794 4021 2870">
    <p class='ocr_par' dir='ltr' id='par_1_58' title="bbox 2436 2794 4021 2870">
     <span class='ocr_line' id='line_1_58' title="bbox 2436 2794 4021 2870; baseline -0.008 -15"><span class='ocrx_word' id='word_1_391' title='bbox 2436 2803 2635 2864; x_wconf 71' lang='grc' dir='ltr'>ἔοικεν,</span> <span class='ocrx_word' id='word_1_392' title='bbox 2684 2800 2981 2870; x_wconf 74' lang='grc' dir='ltr'>δαιμόνων,</span> <span class='ocrx_word' id='word_1_393' title='bbox 3044 2798 3140 2852; x_wconf 74' lang='grc' dir='ltr'>καὶ</span> <span class='ocrx_word' id='word_1_394' title='bbox 3203 2796 3305 2864; x_wconf 84' lang='grc' dir='ltr'>τὴν</span> <span class='ocrx_word' id='word_1_395' title='bbox 3356 2798 3455 2865; x_wconf 75' lang='grc' dir='ltr'>τῆς</span> <span class='ocrx_word' id='word_1_396' title='bbox 3513 2794 3789 2863; x_wconf 77' lang='grc' dir='ltr'>βασιλείας</span> <span class='ocrx_word' id='word_1_397' title='bbox 3844 2794 4021 2846; x_wconf 63' lang='grc' dir='ltr'>εἰσέτι</span> 
     </span>
    </p>
   </div>
   <div class='ocr_carea' id='block_1_59' title="bbox 2436 2886 4025 2965">
    <p class='ocr_par' dir='ltr' id='par_1_59' title="bbox 2436 2886 4025 2965">
     <span class='ocr_line' id='line_1_59' title="bbox 2436 2886 4025 2965; baseline -0.008 -16"><span class='ocrx_word' id='word_1_398' title='bbox 2436 2895 2790 2965; x_wconf 85' lang='grc' dir='ltr'>ὠνειροπόλει</span> <span class='ocrx_word' id='word_1_399' title='bbox 2832 2893 3185 2960; x_wconf 79' lang='grc' dir='ltr'>κατάσχεσιν,</span> <span class='ocrx_word' id='word_1_400' title='bbox 3205 2889 3289 2941; x_wconf 85' lang='grc' dir='ltr'>ὅτι</span> <span class='ocrx_word' id='word_1_401' title='bbox 3309 2887 3573 2941; x_wconf 74' lang='grc' dir='ltr'>πάντοθεν</span> <span class='ocrx_word' id='word_1_402' title='bbox 3595 2886 4025 2955; x_wconf 76' lang='grc' dir='ltr'>συντριϐόμενος</span> 
     </span>
    </p>
   </div>
   <div class='ocr_carea' id='block_1_60' title="bbox 2437 2979 4023 3059">
    <p class='ocr_par' dir='ltr' id='par_1_60' title="bbox 2437 2979 4023 3059">
     <span class='ocr_line' id='line_1_60' title="bbox 2437 2979 4023 3059; baseline -0.008 -16"><span class='ocrx_word' id='word_1_403' title='bbox 2437 2992 2529 3043; x_wconf 73' lang='grc' dir='ltr'><strong>καὶ</strong></span> <span class='ocrx_word' id='word_1_404' title='bbox 2565 2989 2763 3059; x_wconf 81' lang='grc' dir='ltr'>μικρὸς</span> <span class='ocrx_word' id='word_1_405' title='bbox 2786 2988 2848 3038; x_wconf 79' lang='grc' dir='ltr'>ἐκ</span> <span class='ocrx_word' id='word_1_406' title='bbox 2887 2985 3127 3055; x_wconf 81' lang='grc' dir='ltr'>μεγάλου</span> <span class='ocrx_word' id='word_1_407' title='bbox 3156 2982 3441 3051; x_wconf 87' lang='grc' dir='ltr'>γινόμενος</span> <span class='ocrx_word' id='word_1_408' title='bbox 3491 2982 3569 3033; x_wconf 84' lang='grc' dir='ltr'>ἔτι</span> <span class='ocrx_word' id='word_1_409' title='bbox 3617 2979 4023 3050; x_wconf 64' lang='grc' dir='ltr'>προσελιπάρει</span> 
     </span>
    </p>
   </div>
   <div class='ocr_carea' id='block_1_61' title="bbox 2434 3073 4022 3153">
    <p class='ocr_par' dir='ltr' id='par_1_61' title="bbox 2434 3073 4022 3153">
     <span class='ocr_line' id='line_1_61' title="bbox 2434 3073 4022 3153; baseline -0.006 -18"><span class='ocrx_word' id='word_1_410' title='bbox 2434 3086 2500 3153; x_wconf 84' lang='grc' dir='ltr'><strong>τῇ</strong></span> <span class='ocrx_word' id='word_1_411' title='bbox 2561 3079 2871 3150; x_wconf 81' lang='grc' dir='ltr'>πολιορκίᾳ.</span> <span class='ocrx_word' id='word_1_412' title='bbox 2909 3076 2997 3139; x_wconf 82' lang='grc' dir='ltr'><strong>Ὡς</strong></span> <span class='ocrx_word' id='word_1_413' title='bbox 3029 3076 3075 3128; x_wconf 84' lang='grc' dir='ltr'>δ’</span> <span class='ocrx_word' id='word_1_414' title='bbox 3122 3073 3355 3143; x_wconf 78' lang='grc' dir='ltr'>ἐγνώκει</span> <span class='ocrx_word' id='word_1_415' title='bbox 3416 3074 3594 3142; x_wconf 76' lang='grc' dir='ltr'>μάτην</span> <span class='ocrx_word' id='word_1_416' title='bbox 3638 3073 3837 3133; x_wconf 85' lang='grc' dir='ltr'>πονῶν,</span> <span class='ocrx_word' id='word_1_417' title='bbox 3874 3074 4022 3141; x_wconf 72' lang='grc' dir='ltr'>ἄρας</span> 
     </span>
    </p>
   </div>
   <div class='ocr_carea' id='block_1_62' title="bbox 743 3163 2325 3259">
    <p class='ocr_par' dir='ltr' id='par_1_62' title="bbox 743 3163 2325 3231">
     <span class='ocr_line' id='line_1_62' title="bbox 743 3163 2325 3231; baseline 0.004 -22"><span class='ocrx_word' id='word_1_418' title='bbox 743 3168 870 3229; x_wconf 87' lang='lat' dir='ltr'><strong>apta</strong></span> <span class='ocrx_word' id='word_1_419' title='bbox 898 3163 1401 3230; x_wconf 82' lang='lat' dir='ltr'><strong>consumpsissem.</strong></span> <span class='ocrx_word' id='word_1_420' title='bbox 1431 3163 1657 3231; x_wconf 86' lang='lat' dir='ltr'><strong>jamque</strong></span> <span class='ocrx_word' id='word_1_421' title='bbox 1711 3164 1778 3215; x_wconf 84' lang='lat' dir='ltr'><strong>ad</strong></span> <span class='ocrx_word' id='word_1_422' title='bbox 1829 3163 2122 3218; x_wconf 87' lang='lat' dir='ltr'><strong>inusitatos</strong></span> <span class='ocrx_word' id='word_1_423' title='bbox 2175 3164 2325 3217; x_wconf 84' lang='lat' dir='ltr'><strong>cibos</strong></span> 
     </span>
    </p>
   </div>
   <div class='ocr_carea' id='block_1_63' title="bbox 2430 3163 4021 3259">
    <p class='ocr_par' dir='ltr' id='par_1_63' title="bbox 2440 3164 4021 3242">
     <span class='ocr_line' id='line_1_63' title="bbox 2440 3164 4021 3242; baseline -0.01 -15"><span class='ocrx_word' id='word_1_424' title='bbox 2440 3174 2601 3227; x_wconf 74' lang='grc' dir='ltr'>παντὶ</span> <span class='ocrx_word' id='word_1_425' title='bbox 2624 3173 2701 3242; x_wconf 83' lang='grc' dir='ltr'>τῷ</span> <span class='ocrx_word' id='word_1_426' title='bbox 2739 3169 2955 3241; x_wconf 80' lang='grc' dir='ltr'>στρατῷ</span> <span class='ocrx_word' id='word_1_427' title='bbox 2990 3170 3068 3230; x_wconf 75' lang='grc' dir='ltr'>εἷς</span> <span class='ocrx_word' id='word_1_428' title='bbox 3100 3185 3151 3219; x_wconf 92' lang='grc' dir='ltr'><strong>τι</strong></span> <span class='ocrx_word' id='word_1_429' title='bbox 3188 3165 3369 3218; x_wconf 83' lang='grc' dir='ltr'>πεδίον</span> <span class='ocrx_word' id='word_1_430' title='bbox 3414 3164 3674 3217; x_wconf 79' lang='grc' dir='ltr'>Διάὅασιν</span> <span class='ocrx_word' id='word_1_431' title='bbox 3703 3178 4021 3229; x_wconf 61' lang='grc' dir='ltr'>κατονομα-</span> 
     </span>
    </p>
   </div>
   <div class='ocr_carea' id='block_1_64' title="bbox 742 3253 2333 3321">
    <p class='ocr_par' dir='ltr' id='par_1_64' title="bbox 742 3253 2333 3321">
     <span class='ocr_line' id='line_1_64' title="bbox 742 3253 2333 3321; baseline 0.006 -18"><span class='ocrx_word' id='word_1_432' title='bbox 742 3261 795 3303; x_wconf 79' lang='lat' dir='ltr'><strong>et</strong></span> <span class='ocrx_word' id='word_1_433' title='bbox 832 3269 1003 3321; x_wconf 89' lang='lat' dir='ltr'><strong>usque</strong></span> <span class='ocrx_word' id='word_1_434' title='bbox 1037 3253 1101 3306; x_wconf 83' lang='lat' dir='ltr'><strong>ad</strong></span> <span class='ocrx_word' id='word_1_435' title='bbox 1136 3253 1567 3321; x_wconf 78' lang='lat' dir='ltr'><strong>putrefactorum</strong></span> <span class='ocrx_word' id='word_1_436' title='bbox 1620 3254 1895 3311; x_wconf 89' lang='lat' dir='ltr'><strong>coriorum</strong></span> <span class='ocrx_word' id='word_1_437' title='bbox 1945 3270 2099 3310; x_wconf 87' lang='lat' dir='ltr'><strong>esum</strong></span> <span class='ocrx_word' id='word_1_438' title='bbox 2141 3272 2333 3311; x_wconf 65' lang='lat' dir='ltr'><strong>neces«</strong></span> 
     </span>
    </p>
   </div>
   <div class='ocr_carea' id='block_1_65' title="bbox 744 3344 2330 3412">
    <p class='ocr_par' dir='ltr' id='par_1_65' title="bbox 744 3344 2330 3412">
     <span class='ocr_line' id='line_1_65' title="bbox 744 3344 2330 3412; baseline 0.003 -20"><span class='ocrx_word' id='word_1_439' title='bbox 744 3344 881 3397; x_wconf 85' lang='lat' dir='ltr'><strong>sitas</strong></span> <span class='ocrx_word' id='word_1_440' title='bbox 919 3346 1270 3412; x_wconf 73' lang='lat' dir='ltr'><strong>perpulisset,</strong></span> <span class='ocrx_word' id='word_1_441' title='bbox 1316 3346 1529 3398; x_wconf 86' lang='lat' dir='ltr'><strong>occulte</strong></span> <span class='ocrx_word' id='word_1_442' title='bbox 1572 3359 1696 3397; x_wconf 89' lang='lat' dir='ltr'><strong>cum</strong></span> <span class='ocrx_word' id='word_1_443' title='bbox 1753 3345 2018 3399; x_wconf 75' lang='lat' dir='ltr'><strong>Michaelo</strong></span> <span class='ocrx_word' id='word_1_444' title='bbox 2046 3346 2330 3411; x_wconf 89' lang='lat' dir='ltr'><strong>collocuti,</strong></span> 
     </span>
    </p>
   </div>
   <div class='ocr_carea' id='block_1_66' title="bbox 747 3434 2325 3506">
    <p class='ocr_par' dir='ltr' id='par_1_66' title="bbox 747 3434 2325 3506">
     <span class='ocr_line' id='line_1_66' title="bbox 747 3434 2325 3506; baseline 0 -16"><span class='ocrx_word' id='word_1_445' title='bbox 747 3439 997 3505; x_wconf 81' lang='lat' dir='ltr'><strong>pactique</strong></span> <span class='ocrx_word' id='word_1_446' title='bbox 1039 3439 1364 3491; x_wconf 80' lang='lat' dir='ltr'><strong>delictorum</strong></span> <span class='ocrx_word' id='word_1_447' title='bbox 1390 3437 1629 3501; x_wconf 77' lang='lat' dir='ltr'><strong>veniam,</strong></span> <span class='ocrx_word' id='word_1_448' title='bbox 1656 3434 1924 3491; x_wconf 86' lang='lat' dir='ltr'><strong>Thomam</strong></span> <span class='ocrx_word' id='word_1_449' title='bbox 1957 3438 2009 3489; x_wconf 92' lang='lat' dir='ltr'><strong>in</strong></span> <span class='ocrx_word' id='word_1_450' title='bbox 2043 3436 2325 3506; x_wconf 83' lang='lat' dir='ltr'><strong>compedi-</strong></span> 
     </span>
    </p>
   </div>
   <div class='ocr_carea' id='block_1_67' title="bbox 747 3529 2335 3599">
    <p class='ocr_par' dir='ltr' id='par_1_67' title="bbox 747 3529 2335 3599">
     <span class='ocr_line' id='line_1_67' title="bbox 747 3529 2335 3599; baseline 0.001 -18"><span class='ocrx_word' id='word_1_451' title='bbox 747 3529 851 3582; x_wconf 88' lang='lat' dir='ltr'><strong>bus</strong></span> <span class='ocrx_word' id='word_1_452' title='bbox 894 3531 1213 3599; x_wconf 84' lang='lat' dir='ltr'><strong>imperatori</strong></span> <span class='ocrx_word' id='word_1_453' title='bbox 1250 3529 1615 3584; x_wconf 82' lang='lat' dir='ltr'><strong>tradiderunt.</strong></span> <span class='ocrx_word' id='word_1_454' title='bbox 1653 3530 1701 3583; x_wconf 89' lang='lat' dir='ltr'><strong>Is</strong></span> <span class='ocrx_word' id='word_1_455' title='bbox 1736 3544 1943 3583; x_wconf 86' lang='lat' dir='ltr'><strong>morem</strong></span> <span class='ocrx_word' id='word_1_456' title='bbox 1982 3530 2073 3599; x_wconf 85' lang='lat' dir='ltr'><strong>qui</strong></span> <span class='ocrx_word' id='word_1_457' title='bbox 2102 3530 2335 3599; x_wconf 87' lang='lat' dir='ltr'><strong>jampri-</strong></span> 
     </span>
    </p>
   </div>
   <div class='ocr_carea' id='block_1_68' title="bbox 744 3623 2335 3694">
    <p class='ocr_par' dir='ltr' id='par_1_68' title="bbox 744 3623 2335 3694">
     <span class='ocr_line' id='line_1_68' title="bbox 744 3623 2335 3694; baseline 0.003 -21"><span class='ocrx_word' id='word_1_458' title='bbox 744 3624 866 3676; x_wconf 81' lang='lat' dir='ltr'><strong>dem</strong></span> <span class='ocrx_word' id='word_1_459' title='bbox 900 3623 1326 3694; x_wconf 80' lang='lat' dir='ltr'><strong>imperatoribus</strong></span> <span class='ocrx_word' id='word_1_460' title='bbox 1382 3625 1666 3693; x_wconf 87' lang='lat' dir='ltr'><strong>placuerat</strong></span> <span class='ocrx_word' id='word_1_461' title='bbox 1704 3631 2071 3692; x_wconf 80' lang='lat' dir='ltr'><strong>receptusque</strong></span> <span class='ocrx_word' id='word_1_462' title='bbox 2101 3638 2335 3677; x_wconf 85' lang='lat' dir='ltr'><strong>consue-</strong></span> 
     </span>
    </p>
   </div>
   <div class='ocr_carea' id='block_1_69' title="bbox 692 3716 2334 3786">
    <p class='ocr_par' dir='ltr' id='par_1_69' title="bbox 692 3716 2334 3786">
     <span class='ocr_line' id='line_1_69' title="bbox 692 3716 2334 3786; baseline 0.001 -20"><span class='ocrx_word' id='word_1_463' title='bbox 692 3766 695 3767; x_wconf 64' lang='lat'>,</span> <span class='ocrx_word' id='word_1_464' title='bbox 748 3717 938 3769; x_wconf 86' lang='lat' dir='ltr'><strong>tudine</strong></span> <span class='ocrx_word' id='word_1_465' title='bbox 968 3726 1108 3779; x_wconf 87' lang='lat' dir='ltr'><strong>erat,</strong></span> <span class='ocrx_word' id='word_1_466' title='bbox 1138 3718 1315 3786; x_wconf 88' lang='lat' dir='ltr'><strong>primo</strong></span> <span class='ocrx_word' id='word_1_467' title='bbox 1349 3716 1593 3770; x_wconf 87' lang='lat' dir='ltr'><strong>omnium</strong></span> <span class='ocrx_word' id='word_1_468' title='bbox 1634 3731 1886 3780; x_wconf 85' lang='lat' dir='ltr'><strong>servans,</strong></span> <span class='ocrx_word' id='word_1_469' title='bbox 1910 3724 2225 3784; x_wconf 81' lang='lat' dir='ltr'><strong>porrectum</strong></span> <span class='ocrx_word' id='word_1_470' title='bbox 2279 3716 2334 3768; x_wconf 91' lang='lat' dir='ltr'><strong>in</strong></span> 
     </span>
    </p>
   </div>
   <div class='ocr_carea' id='block_1_70' title="bbox 751 3806 2335 3879">
    <p class='ocr_par' dir='ltr' id='par_1_70' title="bbox 751 3806 2335 3879">
     <span class='ocr_line' id='line_1_70' title="bbox 751 3806 2335 3879; baseline 0.003 -20"><span class='ocrx_word' id='word_1_471' title='bbox 751 3810 1067 3879; x_wconf 65' lang='lat' dir='ltr'><strong>pavimento</strong></span> <span class='ocrx_word' id='word_1_472' title='bbox 1099 3808 1287 3878; x_wconf 86' lang='lat' dir='ltr'><strong>jacere</strong></span> <span class='ocrx_word' id='word_1_473' title='bbox 1315 3809 1503 3878; x_wconf 87' lang='lat' dir='ltr'><strong>jussit,</strong></span> <span class='ocrx_word' id='word_1_474' title='bbox 1545 3809 1928 3877; x_wconf 84' lang='lat' dir='ltr'><strong>cervicemque</strong></span> <span class='ocrx_word' id='word_1_475' title='bbox 1961 3806 2082 3877; x_wconf 86' lang='lat' dir='ltr'><strong>ejus</strong></span> <span class='ocrx_word' id='word_1_476' title='bbox 2108 3808 2335 3876; x_wconf 85' lang='lat' dir='ltr'><strong>pedibus</strong></span> 
     </span>
    </p>
   </div>
   <div class='ocr_carea' id='block_1_71' title="bbox 749 3901 2331 3971">
    <p class='ocr_par' dir='ltr' id='par_1_71' title="bbox 749 3901 2331 3971">
     <span class='ocr_line' id='line_1_71' title="bbox 749 3901 2331 3971; baseline -0.002 -13"><span class='ocrx_word' id='word_1_477' title='bbox 749 3904 867 3958; x_wconf 83' lang='lat' dir='ltr'><strong>suis</strong></span> <span class='ocrx_word' id='word_1_478' title='bbox 896 3902 1162 3967; x_wconf 76' lang='lat' dir='ltr'><strong>calcavit;</strong></span> <span class='ocrx_word' id='word_1_479' title='bbox 1202 3910 1317 3956; x_wconf 90' lang='lat' dir='ltr'><strong>tum</strong></span> <span class='ocrx_word' id='word_1_480' title='bbox 1350 3902 1584 3969; x_wconf 84' lang='lat' dir='ltr'><strong>pedibus</strong></span> <span class='ocrx_word' id='word_1_481' title='bbox 1620 3901 1985 3971; x_wconf 78' lang='lat' dir='ltr'><strong>manibusque</strong></span> <span class='ocrx_word' id='word_1_482' title='bbox 2023 3902 2331 3955; x_wconf 88' lang='lat' dir='ltr'><strong>mutilatum</strong></span> 
     </span>
    </p>
   </div>
   <div class='ocr_carea' id='block_1_72' title="bbox 749 3993 2333 4063">
    <p class='ocr_par' dir='ltr' id='par_1_72' title="bbox 749 3993 2333 4063">
     <span class='ocr_line' id='line_1_72' title="bbox 749 3993 2333 4063; baseline 0 -18"><span class='ocrx_word' id='word_1_483' title='bbox 749 4004 802 4046; x_wconf 82' lang='lat' dir='ltr'><strong>et</strong></span> <span class='ocrx_word' id='word_1_484' title='bbox 838 3993 993 4047; x_wconf 67' lang='lat' dir='ltr'><strong>asino</strong></span> <span class='ocrx_word' id='word_1_485' title='bbox 1021 3994 1342 4062; x_wconf 85' lang='lat' dir='ltr'><strong>impositum</strong></span> <span class='ocrx_word' id='word_1_486' title='bbox 1372 3994 1672 4063; x_wconf 76' lang='lat' dir='ltr'><strong>Spectaculi</strong></span> <span class='ocrx_word' id='word_1_487' title='bbox 1704 3994 1824 4048; x_wconf 85' lang='lat' dir='ltr'><strong>loco</strong></span> <span class='ocrx_word' id='word_1_488' title='bbox 1873 4009 1971 4063; x_wconf 89' lang='lat' dir='ltr'><strong>per</strong></span> <span class='ocrx_word' id='word_1_489' title='bbox 2014 4002 2192 4047; x_wconf 90' lang='lat' dir='ltr'><strong>castra</strong></span> <span class='ocrx_word' id='word_1_490' title='bbox 2224 3994 2333 4047; x_wconf 88' lang='lat' dir='ltr'><strong>cir-</strong></span> 
     </span>
    </p>
   </div>
   <div class='ocr_carea' id='block_1_73' title="bbox 753 4072 2329 4154">
    <p class='ocr_par' dir='ltr' id='par_1_73' title="bbox 753 4072 2329 4154">
     <span class='ocr_line' id='line_1_73' title="bbox 753 4072 2329 4154; baseline 0.003 -22"><span class='ocrx_word' id='word_1_491' title='bbox 753 4072 1238 4154; x_wconf 51' lang='grc' dir='ltr'>ιτυιιιύυςίάυεεὶι,</span> <span class='ocrx_word' id='word_1_492' title='bbox 1306 4085 1442 4138; x_wconf 90' lang='lat' dir='ltr'><strong>nihil</strong></span> <span class='ocrx_word' id='word_1_493' title='bbox 1486 4085 1636 4139; x_wconf 91' lang='lat' dir='ltr'><strong>aliud</strong></span> <span class='ocrx_word' id='word_1_494' title='bbox 1686 4083 2079 4140; x_wconf 79' lang='lat' dir='ltr'><strong>vociferantem</strong></span> <span class='ocrx_word' id='word_1_495' title='bbox 2120 4099 2329 4153; x_wconf 89' lang='lat' dir='ltr'><strong>quam:</strong></span> 
     </span>
    </p>
   </div>
   <div class='ocr_carea' id='block_1_74' title="bbox 758 4175 2329 4246">
    <p class='ocr_par' dir='ltr' id='par_1_74' title="bbox 758 4175 2329 4246">
     <span class='ocr_line' id='line_1_74' title="bbox 758 4175 2329 4246; baseline 0.001 -19"><span class='ocrx_word' id='word_1_496' title='bbox 758 4196 774 4224; x_wconf 75' lang='grc' dir='ltr'><strong>ι</strong></span> <span class='ocrx_word' id='word_1_497' title='bbox 805 4175 1064 4229; x_wconf 70' lang='lat' dir='ltr'><strong>Miserere</strong></span> <span class='ocrx_word' id='word_1_498' title='bbox 1084 4177 1211 4241; x_wconf 88' lang='lat' dir='ltr'><strong>mei,</strong></span> <span class='ocrx_word' id='word_1_499' title='bbox 1232 4177 1323 4246; x_wconf 88' lang='lat' dir='ltr'><strong>qui</strong></span> <span class='ocrx_word' id='word_1_500' title='bbox 1352 4192 1513 4231; x_wconf 72' lang='lat' dir='ltr'><strong>verus</strong></span> <span class='ocrx_word' id='word_1_501' title='bbox 1538 4192 1596 4231; x_wconf 89' lang='lat' dir='ltr'><strong>es</strong></span> <span class='ocrx_word' id='word_1_502' title='bbox 1614 4177 1741 4232; x_wconf 74' lang='lat' dir='ltr'><strong>rex!</strong></span> <span class='ocrx_word' id='word_1_503' title='bbox 1770 4195 1789 4227; x_wconf 77' lang='grc' dir='ltr'><strong>ι</strong></span> <span class='ocrx_word' id='word_1_504' title='bbox 1816 4175 2064 4245; x_wconf 89' lang='lat' dir='ltr'><strong>Cumque</strong></span> <span class='ocrx_word' id='word_1_505' title='bbox 2093 4191 2184 4231; x_wconf 81' lang='lat' dir='ltr'><strong>rex</strong></span> <span class='ocrx_word' id='word_1_506' title='bbox 2215 4191 2329 4245; x_wconf 85' lang='lat' dir='ltr'><strong>per-</strong></span> 
     </span>
    </p>
   </div>
   <div class='ocr_carea' id='block_1_75' title="bbox 748 4268 2328 4337">
    <p class='ocr_par' dir='ltr' id='par_1_75' title="bbox 748 4268 2328 4337">
     <span class='ocr_line' id='line_1_75' title="bbox 748 4268 2328 4337; baseline 0.001 -17"><span class='ocrx_word' id='word_1_507' title='bbox 748 4275 1061 4321; x_wconf 88' lang='lat' dir='ltr'><strong>contaretur</strong></span> <span class='ocrx_word' id='word_1_508' title='bbox 1092 4282 1161 4320; x_wconf 90' lang='lat' dir='ltr'><strong>an</strong></span> <span class='ocrx_word' id='word_1_509' title='bbox 1197 4283 1261 4321; x_wconf 81' lang='lat' dir='ltr'><strong>ex</strong></span> <span class='ocrx_word' id='word_1_510' title='bbox 1297 4269 1491 4321; x_wconf 84' lang='lat' dir='ltr'><strong>aulicis</strong></span> <span class='ocrx_word' id='word_1_511' title='bbox 1516 4282 1735 4336; x_wconf 89' lang='lat' dir='ltr'><strong>quoque</strong></span> <span class='ocrx_word' id='word_1_512' title='bbox 1769 4269 2024 4323; x_wconf 90' lang='lat' dir='ltr'><strong>conscios</strong></span> <span class='ocrx_word' id='word_1_513' title='bbox 2060 4268 2328 4337; x_wconf 79' lang='lat' dir='ltr'><strong>quosdam</strong></span> 
     </span>
    </p>
   </div>
   <div class='ocr_carea' id='block_1_76' title="bbox 752 4358 2326 4424">
    <p class='ocr_par' dir='ltr' id='par_1_76' title="bbox 752 4358 2326 4424">
     <span class='ocr_line' id='line_1_76' title="bbox 752 4358 2326 4424; baseline -0.001 -10"><span class='ocrx_word' id='word_1_514' title='bbox 752 4374 865 4414; x_wconf 67' lang='lat' dir='ltr'><strong>sua:</strong></span> <span class='ocrx_word' id='word_1_515' title='bbox 906 4359 1198 4414; x_wconf 86' lang='lat' dir='ltr'><strong>seditionis</strong></span> <span class='ocrx_word' id='word_1_516' title='bbox 1252 4369 1306 4413; x_wconf 87' lang='lat' dir='ltr'><strong>et</strong></span> <span class='ocrx_word' id='word_1_517' title='bbox 1347 4361 1530 4414; x_wconf 88' lang='lat' dir='ltr'><strong>socios</strong></span> <span class='ocrx_word' id='word_1_518' title='bbox 1589 4360 1895 4424; x_wconf 88' lang='lat' dir='ltr'><strong>habuisset,</strong></span> <span class='ocrx_word' id='word_1_519' title='bbox 1951 4358 2130 4413; x_wconf 81' lang='lat' dir='ltr'><strong>fuerat</strong></span> <span class='ocrx_word' id='word_1_520' title='bbox 2182 4360 2326 4413; x_wconf 90' lang='lat' dir='ltr'><strong>haud</strong></span> 
     </span>
    </p>
   </div>
   <div class='ocr_carea' id='block_1_77' title="bbox 751 4450 2329 4517">
    <p class='ocr_par' dir='ltr' id='par_1_77' title="bbox 751 4450 2329 4517">
     <span class='ocr_line' id='line_1_77' title="bbox 751 4450 2329 4517; baseline 0.002 -14"><span class='ocrx_word' id='word_1_521' title='bbox 751 4453 917 4507; x_wconf 86' lang='lat' dir='ltr'><strong>dubie</strong></span> <span class='ocrx_word' id='word_1_522' title='bbox 982 4455 1181 4507; x_wconf 90' lang='lat' dir='ltr'><strong>multos</strong></span> <span class='ocrx_word' id='word_1_523' title='bbox 1239 4452 1542 4517; x_wconf 78' lang='lat' dir='ltr'><strong>delaturos,</strong></span> <span class='ocrx_word' id='word_1_524' title='bbox 1578 4452 1685 4505; x_wconf 87' lang='lat' dir='ltr'><strong>nisi</strong></span> <span class='ocrx_word' id='word_1_525' title='bbox 1724 4450 1969 4506; x_wconf 83' lang='lat' dir='ltr'><strong>Joannes</strong></span> <span class='ocrx_word' id='word_1_526' title='bbox 2023 4450 2329 4506; x_wconf 78' lang='lat' dir='ltr'><strong>Exabulius</strong></span> 
     </span>
    </p>
   </div>
   <div class='ocr_carea' id='block_1_78' title="bbox 2440 3259 4019 3335">
    <p class='ocr_par' dir='ltr' id='par_1_78' title="bbox 2440 3259 4019 3335">
     <span class='ocr_line' id='line_1_78' title="bbox 2440 3259 4019 3335; baseline -0.006 -17"><span class='ocrx_word' id='word_1_527' title='bbox 2440 3266 2707 3335; x_wconf 78' lang='grc' dir='ltr'>ζόμενον,</span> <span class='ocrx_word' id='word_1_528' title='bbox 2772 3263 3020 3323; x_wconf 81' lang='grc' dir='ltr'>σταδίους</span> <span class='ocrx_word' id='word_1_529' title='bbox 3092 3262 3297 3331; x_wconf 80' lang='grc' dir='ltr'>ἀπέχον</span> <span class='ocrx_word' id='word_1_530' title='bbox 3346 3261 3445 3327; x_wconf 76' lang='grc' dir='ltr'>τῆς</span> <span class='ocrx_word' id='word_1_531' title='bbox 3500 3259 3709 3319; x_wconf 86' lang='grc' dir='ltr'>πόλεως</span> <span class='ocrx_word' id='word_1_532' title='bbox 3770 3259 4019 3319; x_wconf 68' lang='grc' dir='ltr'>ἱκανοὺς,</span> 
     </span>
    </p>
   </div>
   <div class='ocr_carea' id='block_1_79' title="bbox 2436 3351 4018 3427">
    <p class='ocr_par' dir='ltr' id='par_1_79' title="bbox 2436 3351 4018 3427">
     <span class='ocr_line' id='line_1_79' title="bbox 2436 3351 4018 3427; baseline -0.004 -17"><span class='ocrx_word' id='word_1_533' title='bbox 2436 3358 2652 3426; x_wconf 69' lang='grc' dir='ltr'>εὐφυῶς</span> <span class='ocrx_word' id='word_1_534' title='bbox 2675 3357 2796 3426; x_wconf 82' lang='grc' dir='ltr'>ἔχον</span> <span class='ocrx_word' id='word_1_535' title='bbox 2831 3356 2965 3427; x_wconf 81' lang='grc' dir='ltr'>πρός</span> <span class='ocrx_word' id='word_1_536' title='bbox 3005 3372 3063 3407; x_wconf 88' lang='grc' dir='ltr'><strong>τε</strong></span> <span class='ocrx_word' id='word_1_537' title='bbox 3090 3356 3261 3424; x_wconf 76' lang='grc' dir='ltr'>νομὰς</span> <span class='ocrx_word' id='word_1_538' title='bbox 3314 3354 3408 3405; x_wconf 81' lang='grc' dir='ltr'>καὶ</span> <span class='ocrx_word' id='word_1_539' title='bbox 3463 3351 3671 3405; x_wconf 81' lang='grc' dir='ltr'>ὑδάτων</span> <span class='ocrx_word' id='word_1_540' title='bbox 3715 3351 4018 3421; x_wconf 75' lang='grc' dir='ltr'>ὐποῤῥοάς.</span> 
     </span>
    </p>
   </div>
   <div class='ocr_carea' id='block_1_80' title="bbox 2438 3447 4019 3522">
    <p class='ocr_par' dir='ltr' id='par_1_80' title="bbox 2438 3447 4019 3522">
     <span class='ocr_line' id='line_1_80' title="bbox 2438 3447 4019 3522; baseline -0.007 -15"><span class='ocrx_word' id='word_1_541' title='bbox 2438 3452 2862 3522; x_wconf 85' lang='grc' dir='ltr'>στρατοπεδείαν</span> <span class='ocrx_word' id='word_1_542' title='bbox 2898 3450 3161 3519; x_wconf 78' lang='grc' dir='ltr'>ἐπήξατο,</span> <span class='ocrx_word' id='word_1_543' title='bbox 3218 3448 3473 3501; x_wconf 76' lang='grc' dir='ltr'>κάκεῖθεν</span> <span class='ocrx_word' id='word_1_544' title='bbox 3513 3447 3835 3515; x_wconf 79' lang='grc' dir='ltr'>ποιούμενος</span> <span class='ocrx_word' id='word_1_545' title='bbox 3877 3462 4019 3515; x_wconf 77' lang='grc' dir='ltr'>προ-</span> 
     </span>
    </p>
   </div>
   <div class='ocr_carea' id='block_1_81' title="bbox 2436 3541 4022 3618">
    <p class='ocr_par' dir='ltr' id='par_1_81' title="bbox 2436 3541 4022 3618">
     <span class='ocr_line' id='line_1_81' title="bbox 2436 3541 4022 3618; baseline -0.006 -17"><span class='ocrx_word' id='word_1_546' title='bbox 2436 3550 2605 3618; x_wconf 85' lang='grc' dir='ltr'>νομὰς</span> <span class='ocrx_word' id='word_1_547' title='bbox 2648 3546 2755 3601; x_wconf 84' lang='grc' dir='ltr'><strong>τῶν</strong></span> <span class='ocrx_word' id='word_1_548' title='bbox 2810 3547 2909 3615; x_wconf 64' lang='grc' dir='ltr'>τῆς</span> <span class='ocrx_word' id='word_1_549' title='bbox 2980 3547 3188 3607; x_wconf 82' lang='grc' dir='ltr'>πόλεως</span> <span class='ocrx_word' id='word_1_550' title='bbox 3233 3543 3575 3614; x_wconf 77' lang='grc' dir='ltr'>προαστείων</span> <span class='ocrx_word' id='word_1_551' title='bbox 3620 3542 3720 3603; x_wconf 70' lang='grc' dir='ltr'><strong>τὰς</strong></span> <span class='ocrx_word' id='word_1_552' title='bbox 3781 3541 4022 3603; x_wconf 68' lang='grc' dir='ltr'>ἀγλαΐας</span> 
     </span>
    </p>
   </div>
   <div class='ocr_carea' id='block_1_82' title="bbox 2438 3632 4022 3711">
    <p class='ocr_par' dir='ltr' id='par_1_82' title="bbox 2438 3632 4022 3711">
     <span class='ocr_line' id='line_1_82' title="bbox 2438 3632 4022 3711; baseline -0.007 -17"><span class='ocrx_word' id='word_1_553' title='bbox 2438 3643 2754 3711; x_wconf 81' lang='grc' dir='ltr'>ἀπέκειρεν.</span> <span class='ocrx_word' id='word_1_554' title='bbox 2800 3641 3173 3706; x_wconf 66' lang='grc' dir='ltr'>Ἐνεῳανίζετο</span> <span class='ocrx_word' id='word_1_555' title='bbox 3209 3638 3266 3691; x_wconf 75' lang='grc' dir='ltr'><strong>δὲ</strong></span> <span class='ocrx_word' id='word_1_556' title='bbox 3306 3640 3419 3699; x_wconf 85' lang='grc' dir='ltr'>τοῖς</span> <span class='ocrx_word' id='word_1_557' title='bbox 3448 3636 3587 3690; x_wconf 81' lang='grc' dir='ltr'>κατὰ</span> <span class='ocrx_word' id='word_1_558' title='bbox 3617 3635 3716 3706; x_wconf 84' lang='grc' dir='ltr'>τὴν</span> <span class='ocrx_word' id='word_1_559' title='bbox 3760 3632 3916 3685; x_wconf 82' lang='grc' dir='ltr'>πόλιν</span> <span class='ocrx_word' id='word_1_560' title='bbox 3942 3632 4022 3692; x_wconf 72' lang='grc' dir='ltr'><strong>ὡς</strong></span> 
     </span>
    </p>
   </div>
   <div class='ocr_carea' id='block_1_83' title="bbox 2436 3725 4021 3807">
    <p class='ocr_par' dir='ltr' id='par_1_83' title="bbox 2436 3725 4021 3807">
     <span class='ocr_line' id='line_1_83' title="bbox 2436 3725 4021 3807; baseline -0.009 -20"><span class='ocrx_word' id='word_1_561' title='bbox 2436 3736 2497 3788; x_wconf 75' lang='grc' dir='ltr'>τὸ</span> <span class='ocrx_word' id='word_1_562' title='bbox 2530 3733 2797 3804; x_wconf 80' lang='grc' dir='ltr'>πρότερον</span> <span class='ocrx_word' id='word_1_563' title='bbox 2818 3731 3105 3807; x_wconf 69' lang='grc' dir='ltr'>οὐδαμῶς.</span> <span class='ocrx_word' id='word_1_564' title='bbox 3164 3729 3335 3781; x_wconf 74' lang='grc' dir='ltr'>Τοῦτο</span> <span class='ocrx_word' id='word_1_565' title='bbox 3369 3729 3426 3779; x_wconf 81' lang='grc' dir='ltr'><strong>δὲ</strong></span> <span class='ocrx_word' id='word_1_566' title='bbox 3476 3727 3655 3788; x_wconf 70' lang='grc' dir='ltr'>συνεὶς</span> <span class='ocrx_word' id='word_1_567' title='bbox 3695 3728 3724 3777; x_wconf 85' lang='grc' dir='ltr'><strong>ό</strong></span> <span class='ocrx_word' id='word_1_568' title='bbox 3771 3725 4021 3793; x_wconf 71' lang='grc' dir='ltr'>Μιχαὴλ,</span> 
     </span>
    </p>
   </div>
   <div class='ocr_carea' id='block_1_84' title="bbox 2437 3814 4021 3889">
    <p class='ocr_par' dir='ltr' id='par_1_84' title="bbox 2437 3814 4021 3889">
     <span class='ocr_line' id='line_1_84' title="bbox 2437 3814 4021 3889; baseline -0.019 -12"><span class='ocrx_word' id='word_1_569' title='bbox 2437 3822 2718 3889; x_wconf 77' lang='grc' dir='ltr'>ἀξιόλογον</span> <span class='ocrx_word' id='word_1_570' title='bbox 2746 3821 3155 3887; x_wconf 74' lang='grc' dir='ltr'>συστησάμενος</span> <span class='ocrx_word' id='word_1_571' title='bbox 3188 3821 3504 3886; x_wconf 73' lang='grc' dir='ltr'>στράτευμα</span> <span class='ocrx_word' id='word_1_572' title='bbox 3534 3814 3629 3869; x_wconf 74' lang='grc' dir='ltr'>καὶ</span> <span class='ocrx_word' id='word_1_573' title='bbox 3672 3814 4021 3883; x_wconf 53' lang='grc' dir='ltr'><strong>στρατηγςῦς</strong></span> 
     </span>
    </p>
   </div>
   <div class='ocr_carea' id='block_1_85' title="bbox 2438 3903 4019 3979">
    <p class='ocr_par' dir='ltr' id='par_1_85' title="bbox 2438 3903 4019 3979">
     <span class='ocr_line' id='line_1_85' title="bbox 2438 3903 4019 3979; baseline -0.006 -17"><span class='ocrx_word' id='word_1_574' title='bbox 2438 3912 2738 3979; x_wconf 66' lang='grc' dir='ltr'>ὲπιστῄσιις</span> <span class='ocrx_word' id='word_1_575' title='bbox 2768 3908 2917 3979; x_wconf 88' lang='grc' dir='ltr'><strong>αὐτῷ</strong></span> <span class='ocrx_word' id='word_1_576' title='bbox 2943 3910 3037 3961; x_wconf 74' lang='grc' dir='ltr'><strong>τὸν</strong></span> <span class='ocrx_word' id='word_1_577' title='bbox 3076 3908 3409 3974; x_wconf 72' lang='grc' dir='ltr'>Κατάκηλαν</span> <span class='ocrx_word' id='word_1_578' title='bbox 3443 3906 3538 3958; x_wconf 84' lang='grc' dir='ltr'>καὶ</span> <span class='ocrx_word' id='word_1_579' title='bbox 3582 3906 3673 3958; x_wconf 79' lang='grc' dir='ltr'>τὸν</span> <span class='ocrx_word' id='word_1_580' title='bbox 3717 3903 4019 3963; x_wconf 73' lang='grc' dir='ltr'>Ὀλϐιανδν,</span> 
     </span>
    </p>
   </div>
   <div class='ocr_carea' id='block_1_86' title="bbox 2438 3994 4024 4067">
    <p class='ocr_par' dir='ltr' id='par_1_86' title="bbox 2438 3994 4024 4067">
     <span class='ocr_line' id='line_1_86' title="bbox 2438 3994 4024 4067; baseline -0.007 -13"><span class='ocrx_word' id='word_1_581' title='bbox 2438 4003 2601 4063; x_wconf 85' lang='grc' dir='ltr'>αὐτός</span> <span class='ocrx_word' id='word_1_582' title='bbox 2661 4018 2721 4053; x_wconf 87' lang='grc' dir='ltr'><strong>τε</strong></span> <span class='ocrx_word' id='word_1_583' title='bbox 2773 4002 2873 4062; x_wconf 78' lang='grc' dir='ltr'><strong>τὰς</strong></span> <span class='ocrx_word' id='word_1_584' title='bbox 2941 3998 3320 4067; x_wconf 81' lang='grc' dir='ltr'>φυλαττούσας</span> <span class='ocrx_word' id='word_1_585' title='bbox 3361 3998 3417 4047; x_wconf 85' lang='grc' dir='ltr'>ὲν</span> <span class='ocrx_word' id='word_1_586' title='bbox 3443 3994 3520 4063; x_wconf 81' lang='grc' dir='ltr'>τῷ</span> <span class='ocrx_word' id='word_1_587' title='bbox 3543 3994 3789 4061; x_wconf 81' lang='grc' dir='ltr'>παλατίῳ</span> <span class='ocrx_word' id='word_1_588' title='bbox 3822 3994 4024 4061; x_wconf 72' lang='grc' dir='ltr'>σχολὰς</span> 
     </span>
    </p>
   </div>
   <div class='ocr_carea' id='block_1_87' title="bbox 2438 4084 4021 4163">
    <p class='ocr_par' dir='ltr' id='par_1_87' title="bbox 2438 4084 4021 4163">
     <span class='ocr_line' id='line_1_87' title="bbox 2438 4084 4021 4163; baseline -0.007 -17"><span class='ocrx_word' id='word_1_589' title='bbox 2438 4093 2674 4163; x_wconf 74' lang='grc' dir='ltr'>εἰληφὼς</span> <span class='ocrx_word' id='word_1_590' title='bbox 2732 4092 2826 4145; x_wconf 69' lang='grc' dir='ltr'>καὶ</span> <span class='ocrx_word' id='word_1_591' title='bbox 2882 4091 2978 4153; x_wconf 70' lang='grc' dir='ltr'>τὰς</span> <span class='ocrx_word' id='word_1_592' title='bbox 3020 4089 3295 4158; x_wconf 79' lang='grc' dir='ltr'>ἑταιρείας</span> <span class='ocrx_word' id='word_1_593' title='bbox 3336 4088 3469 4157; x_wconf 76' lang='grc' dir='ltr'><strong>(ἷϐ),</strong></span> <span class='ocrx_word' id='word_1_594' title='bbox 3523 4086 3689 4149; x_wconf 74' lang='grc' dir='ltr'>ἔξεισι</span> <span class='ocrx_word' id='word_1_595' title='bbox 3744 4086 3888 4135; x_wconf 77' lang='grc' dir='ltr'>κατά</span> <span class='ocrx_word' id='word_1_596' title='bbox 3920 4084 4021 4135; x_wconf 76' lang='grc' dir='ltr'>τοῦ</span> 
     </span>
    </p>
   </div>
   <div class='ocr_carea' id='block_1_88' title="bbox 2437 4176 4021 4252">
    <p class='ocr_par' dir='ltr' id='par_1_88' title="bbox 2437 4176 4021 4252">
     <span class='ocr_line' id='line_1_88' title="bbox 2437 4176 4021 4252; baseline -0.009 -15"><span class='ocrx_word' id='word_1_597' title='bbox 2437 4183 2739 4252; x_wconf 82' lang='grc' dir='ltr'>τυράννου,</span> <span class='ocrx_word' id='word_1_598' title='bbox 2798 4182 2883 4235; x_wconf 83' lang='grc' dir='ltr'><strong>διὰ</strong></span> <span class='ocrx_word' id='word_1_599' title='bbox 2961 4180 3219 4241; x_wconf 81' lang='grc' dir='ltr'>σταδαίας</span> <span class='ocrx_word' id='word_1_600' title='bbox 3294 4179 3487 4247; x_wconf 82' lang='grc' dir='ltr'>μάχης</span> <span class='ocrx_word' id='word_1_601' title='bbox 3547 4178 3729 4244; x_wconf 80' lang='grc' dir='ltr'>κρῖναι</span> <span class='ocrx_word' id='word_1_602' title='bbox 3786 4176 3847 4225; x_wconf 76' lang='grc' dir='ltr'>τὸ</span> <span class='ocrx_word' id='word_1_603' title='bbox 3909 4177 4021 4225; x_wconf 74' lang='grc' dir='ltr'><strong>πᾶν</strong></span> 
     </span>
    </p>
   </div>
   <div class='ocr_carea' id='block_1_89' title="bbox 2440 4268 4024 4341">
    <p class='ocr_par' dir='ltr' id='par_1_89' title="bbox 2440 4268 4024 4341">
     <span class='ocr_line' id='line_1_89' title="bbox 2440 4268 4024 4341; baseline -0.007 -16"><span class='ocrx_word' id='word_1_604' title='bbox 2440 4271 2738 4341; x_wconf 80' lang='grc' dir='ltr'>βουληθείς.</span> <span class='ocrx_word' id='word_1_605' title='bbox 2804 4271 2974 4323; x_wconf 80' lang='grc' dir='ltr'>Ἔνθα</span> <span class='ocrx_word' id='word_1_606' title='bbox 3016 4270 3081 4338; x_wconf 82' lang='grc' dir='ltr'><strong>δὴ</strong></span> <span class='ocrx_word' id='word_1_607' title='bbox 3134 4269 3226 4320; x_wconf 79' lang='grc' dir='ltr'>καὶ</span> <span class='ocrx_word' id='word_1_608' title='bbox 3277 4270 3305 4320; x_wconf 84' lang='grc' dir='ltr'><strong>ό</strong></span> <span class='ocrx_word' id='word_1_609' title='bbox 3338 4268 3598 4336; x_wconf 62' lang='grc' dir='ltr'>τύραννος</span> <span class='ocrx_word' id='word_1_610' title='bbox 3650 4281 4024 4334; x_wconf 79' lang='grc' dir='ltr'>κατεστρατο-</span> 
     </span>
    </p>
   </div>
   <div class='ocr_carea' id='block_1_90' title="bbox 2439 4358 4019 4433">
    <p class='ocr_par' dir='ltr' id='par_1_90' title="bbox 2439 4358 4019 4433">
     <span class='ocr_line' id='line_1_90' title="bbox 2439 4358 4019 4433; baseline -0.008 -15"><span class='ocrx_word' id='word_1_611' title='bbox 2439 4365 2763 4433; x_wconf 87' lang='grc' dir='ltr'>πεδευμένος</span> <span class='ocrx_word' id='word_1_612' title='bbox 2793 4362 3080 4430; x_wconf 82' lang='grc' dir='ltr'>εὐρώστως</span> <span class='ocrx_word' id='word_1_613' title='bbox 3145 4358 3438 4423; x_wconf 80' lang='grc' dir='ltr'>ὑπεδέξατο</span> <span class='ocrx_word' id='word_1_614' title='bbox 3484 4359 3574 4409; x_wconf 72' lang='grc' dir='ltr'><strong>τὸν</strong></span> <span class='ocrx_word' id='word_1_615' title='bbox 3627 4358 3877 4426; x_wconf 81' lang='grc' dir='ltr'>βασιλέα,</span> <span class='ocrx_word' id='word_1_616' title='bbox 3916 4360 4019 4409; x_wconf 73' lang='grc' dir='ltr'>καὶ</span> 
     </span>
    </p>
   </div>
   <div class='ocr_carea' id='block_1_91' title="bbox 2443 4449 4022 4525">
    <p class='ocr_par' dir='ltr' id='par_1_91' title="bbox 2443 4449 4022 4525">
     <span class='ocr_line' id='line_1_91' title="bbox 2443 4449 4022 4525; baseline -0.006 -15"><span class='ocrx_word' id='word_1_617' title='bbox 2443 4457 2757 4525; x_wconf 81' lang='grc' dir='ltr'>συμπλοκῆς</span> <span class='ocrx_word' id='word_1_618' title='bbox 2798 4455 3094 4523; x_wconf 75' lang='grc' dir='ltr'>γενομένης</span> <span class='ocrx_word' id='word_1_619' title='bbox 3152 4450 3674 4518; x_wconf 73' lang='grc' dir='ltr'>καταστρατηγῆσαι</span> <span class='ocrx_word' id='word_1_620' title='bbox 3722 4450 3865 4517; x_wconf 76' lang='grc' dir='ltr'>τάχα</span> <span class='ocrx_word' id='word_1_621' title='bbox 3886 4449 4022 4511; x_wconf 74' lang='grc' dir='ltr'>τοὺς</span> 
     </span>
    </p>
   </div>
   <div class='ocr_carea' id='block_1_92' title="bbox 753 4538 2325 4612">
    <p class='ocr_par' dir='ltr' id='par_1_92' title="bbox 753 4542 2325 4611">
     <span class='ocr_line' id='line_1_92' title="bbox 753 4542 2325 4611; baseline 0.001 -17"><span class='ocrx_word' id='word_1_622' title='bbox 753 4544 1015 4611; x_wconf 74' lang='lat' dir='ltr'><strong>patricius</strong></span> <span class='ocrx_word' id='word_1_623' title='bbox 1060 4544 1361 4598; x_wconf 86' lang='lat' dir='ltr'><strong>monuisset</strong></span> <span class='ocrx_word' id='word_1_624' title='bbox 1417 4542 1804 4611; x_wconf 85' lang='lat' dir='ltr'><strong>imperatorem</strong></span> <span class='ocrx_word' id='word_1_625' title='bbox 1842 4558 1951 4596; x_wconf 89' lang='lat' dir='ltr'><strong>non</strong></span> <span class='ocrx_word' id='word_1_626' title='bbox 2004 4544 2325 4609; x_wconf 88' lang='lat' dir='ltr'><strong>convenire,</strong></span> 
     </span>
    </p>
   </div>
   <div class='ocr_carea' id='block_1_93' title="bbox 2430 4538 4023 4612">
    <p class='ocr_par' dir='ltr' id='par_1_93' title="bbox 2434 4538 4023 4612">
     <span class='ocr_line' id='line_1_93' title="bbox 2434 4538 4023 4612; baseline -0.009 -11"><span class='ocrx_word' id='word_1_627' title='bbox 2434 4549 2759 4607; x_wconf 80' lang='grc' dir='ltr'>ἀντιπάλους</span> <span class='ocrx_word' id='word_1_628' title='bbox 2821 4543 3140 4612; x_wconf 78' lang='grc' dir='ltr'>βουλόμενος</span> <span class='ocrx_word' id='word_1_629' title='bbox 3202 4543 3229 4591; x_wconf 80' lang='grc' dir='ltr'><strong>ό</strong></span> <span class='ocrx_word' id='word_1_630' title='bbox 3289 4538 3492 4607; x_wconf 67' lang='grc' dir='ltr'>θωμᾰς</span> <span class='ocrx_word' id='word_1_631' title='bbox 3549 4538 3666 4605; x_wconf 78' lang='grc' dir='ltr'>ἅμα</span> <span class='ocrx_word' id='word_1_632' title='bbox 3744 4542 3809 4606; x_wconf 77' lang='grc' dir='ltr'><strong>τῇ</strong></span> <span class='ocrx_word' id='word_1_633' title='bbox 3878 4555 4023 4606; x_wconf 76' lang='grc' dir='ltr'>συμο</span> 
     </span>
    </p>
   </div>
   <div class='ocr_carea' id='block_1_94' title="bbox 752 4634 2332 4705">
    <p class='ocr_par' dir='ltr' id='par_1_94' title="bbox 752 4634 2332 4705">
     <span class='ocr_line' id='line_1_94' title="bbox 752 4634 2332 4705; baseline -0.001 -18"><span class='ocrx_word' id='word_1_634' title='bbox 752 4636 846 4688; x_wconf 70' lang='lat' dir='ltr'><strong>sed</strong></span> <span class='ocrx_word' id='word_1_635' title='bbox 877 4651 1106 4704; x_wconf 87' lang='lat' dir='ltr'><strong>prorsus</strong></span> <span class='ocrx_word' id='word_1_636' title='bbox 1165 4637 1367 4689; x_wconf 83' lang='lat' dir='ltr'><strong>rationi</strong></span> <span class='ocrx_word' id='word_1_637' title='bbox 1401 4651 1729 4705; x_wconf 76' lang='lat' dir='ltr'><strong>repugnare,</strong></span> <span class='ocrx_word' id='word_1_638' title='bbox 1758 4635 1995 4689; x_wconf 89' lang='lat' dir='ltr'><strong>inimicis</strong></span> <span class='ocrx_word' id='word_1_639' title='bbox 2028 4635 2184 4689; x_wconf 81' lang='lat' dir='ltr'><strong>[idem</strong></span> <span class='ocrx_word' id='word_1_640' title='bbox 2234 4634 2332 4686; x_wconf 85' lang='lat' dir='ltr'><strong>ha—</strong></span> 
     </span>
    </p>
   </div>
   <div class='ocr_carea' id='block_1_95' title="bbox 754 4722 2335 4790">
    <p class='ocr_par' dir='ltr' id='par_1_95' title="bbox 754 4722 2335 4790">
     <span class='ocr_line' id='line_1_95' title="bbox 754 4722 2335 4790; baseline -0.003 -12"><span class='ocrx_word' id='word_1_641' title='bbox 754 4727 883 4779; x_wconf 83' lang='lat' dir='ltr'><strong>bere</strong></span> <span class='ocrx_word' id='word_1_642' title='bbox 933 4728 1141 4780; x_wconf 86' lang='lat' dir='ltr'><strong>amicos</strong></span> <span class='ocrx_word' id='word_1_643' title='bbox 1180 4727 1590 4780; x_wconf 83' lang='lat' dir='ltr'><strong>accusantibus.</strong></span> <span class='ocrx_word' id='word_1_644' title='bbox 1648 4725 1767 4790; x_wconf 87' lang='lat' dir='ltr'><strong>Qua</strong></span> <span class='ocrx_word' id='word_1_645' title='bbox 1820 4726 1907 4779; x_wconf 89' lang='lat' dir='ltr'><strong>ille</strong></span> <span class='ocrx_word' id='word_1_646' title='bbox 1959 4740 2091 4778; x_wconf 92' lang='lat' dir='ltr'><strong>voce</strong></span> <span class='ocrx_word' id='word_1_647' title='bbox 2146 4722 2335 4776; x_wconf 89' lang='lat' dir='ltr'><strong>multis</strong></span> 
     </span>
    </p>
   </div>
   <div class='ocr_carea' id='block_1_96' title="bbox 756 4812 2339 4882">
    <p class='ocr_par' dir='ltr' id='par_1_96' title="bbox 756 4812 2339 4882">
     <span class='ocr_line' id='line_1_96' title="bbox 756 4812 2339 4882; baseline 0.001 -19"><span class='ocrx_word' id='word_1_648' title='bbox 756 4812 1084 4865; x_wconf 86' lang='lat' dir='ltr'><strong>miserorum</strong></span> <span class='ocrx_word' id='word_1_649' title='bbox 1126 4813 1328 4866; x_wconf 72' lang='lat' dir='ltr'><strong>civium</strong></span> <span class='ocrx_word' id='word_1_650' title='bbox 1361 4815 1774 4881; x_wconf 84' lang='lat' dir='ltr'><strong>amicorumque</strong></span> <span class='ocrx_word' id='word_1_651' title='bbox 1824 4813 2175 4882; x_wconf 80' lang='lat' dir='ltr'><strong>imperatoris</strong></span> <span class='ocrx_word' id='word_1_652' title='bbox 2211 4826 2339 4879; x_wconf 87' lang='lat' dir='ltr'><strong>sup-</strong></span> 
     </span>
    </p>
   </div>
   <div class='ocr_carea' id='block_1_97' title="bbox 756 4903 2336 4973">
    <p class='ocr_par' dir='ltr' id='par_1_97' title="bbox 756 4903 2336 4973">
     <span class='ocr_line' id='line_1_97' title="bbox 756 4903 2336 4973; baseline 0.001 -18"><span class='ocrx_word' id='word_1_653' title='bbox 756 4904 932 4970; x_wconf 83' lang='lat' dir='ltr'><strong>pliciis</strong></span> <span class='ocrx_word' id='word_1_654' title='bbox 991 4918 1155 4959; x_wconf 85' lang='lat' dir='ltr'><strong>ansas</strong></span> <span class='ocrx_word' id='word_1_655' title='bbox 1206 4905 1475 4973; x_wconf 73' lang='lat' dir='ltr'><strong>praecidit.</strong></span> <span class='ocrx_word' id='word_1_656' title='bbox 1528 4904 1769 4959; x_wconf 87' lang='lat' dir='ltr'><strong>Thomas</strong></span> <span class='ocrx_word' id='word_1_657' title='bbox 1826 4903 1989 4958; x_wconf 89' lang='lat' dir='ltr'><strong>lentis</strong></span> <span class='ocrx_word' id='word_1_658' title='bbox 2049 4903 2336 4957; x_wconf 76' lang='lat' dir='ltr'><strong>confectus</strong></span> 
     </span>
    </p>
   </div>
   <div class='ocr_carea' id='block_1_98' title="bbox 758 4991 2335 5062">
    <p class='ocr_par' dir='ltr' id='par_1_98' title="bbox 758 4991 2335 5062">
     <span class='ocr_line' id='line_1_98' title="bbox 758 4991 2335 5062; baseline -0.003 -14"><span class='ocrx_word' id='word_1_659' title='bbox 758 4995 1042 5062; x_wconf 82' lang='lat' dir='ltr'><strong>suppliciis</strong></span> <span class='ocrx_word' id='word_1_660' title='bbox 1072 4995 1288 5051; x_wconf 87' lang='lat' dir='ltr'><strong>tandem</strong></span> <span class='ocrx_word' id='word_1_661' title='bbox 1320 4997 1564 5050; x_wconf 88' lang='lat' dir='ltr'><strong>animam</strong></span> <span class='ocrx_word' id='word_1_662' title='bbox 1627 4995 1927 5058; x_wconf 78' lang='lat' dir='ltr'><strong>exhalavit,</strong></span> <span class='ocrx_word' id='word_1_663' title='bbox 1952 4994 2135 5048; x_wconf 82' lang='lat' dir='ltr'><strong>medio</strong></span> <span class='ocrx_word' id='word_1_664' title='bbox 2170 4991 2335 5047; x_wconf 85' lang='lat' dir='ltr'><strong>Octo-</strong></span> 
     </span>
    </p>
   </div>
   <div class='ocr_carea' id='block_1_99' title="bbox 757 5086 2335 5158">
    <p class='ocr_par' dir='ltr' id='par_1_99' title="bbox 757 5086 2335 5158">
     <span class='ocr_line' id='line_1_99' title="bbox 757 5086 2335 5158; baseline 0 -20"><span class='ocrx_word' id='word_1_665' title='bbox 757 5087 838 5138; x_wconf 85' lang='lat' dir='ltr'><strong>hri</strong></span> <span class='ocrx_word' id='word_1_666' title='bbox 875 5102 1083 5150; x_wconf 86' lang='lat' dir='ltr'><strong>mense,</strong></span> <span class='ocrx_word' id='word_1_667' title='bbox 1110 5086 1272 5141; x_wconf 88' lang='lat' dir='ltr'><strong>homo</strong></span> <span class='ocrx_word' id='word_1_668' title='bbox 1309 5089 1402 5157; x_wconf 91' lang='lat' dir='ltr'><strong>qui</strong></span> <span class='ocrx_word' id='word_1_669' title='bbox 1433 5088 1588 5144; x_wconf 90' lang='lat' dir='ltr'><strong>initio</strong></span> <span class='ocrx_word' id='word_1_670' title='bbox 1611 5087 1831 5158; x_wconf 82' lang='lat' dir='ltr'><strong>quidem</strong></span> <span class='ocrx_word' id='word_1_671' title='bbox 1872 5100 2065 5156; x_wconf 71' lang='lat' dir='ltr'><strong>magna</strong></span> <span class='ocrx_word' id='word_1_672' title='bbox 2105 5095 2335 5139; x_wconf 75' lang='lat' dir='ltr'><strong>conatus</strong></span> 
     </span>
    </p>
   </div>
   <div class='ocr_carea' id='block_1_100' title="bbox 757 5179 2335 5248">
    <p class='ocr_par' dir='ltr' id='par_1_100' title="bbox 757 5179 2335 5248">
     <span class='ocr_line' id='line_1_100' title="bbox 757 5179 2335 5248; baseline 0.003 -19"><span class='ocrx_word' id='word_1_673' title='bbox 757 5180 1151 5248; x_wconf 88' lang='lat' dir='ltr'><strong>animosusque</strong></span> <span class='ocrx_word' id='word_1_674' title='bbox 1189 5189 1242 5235; x_wconf 91' lang='lat' dir='ltr'><strong>et</strong></span> <span class='ocrx_word' id='word_1_675' title='bbox 1289 5180 1550 5247; x_wconf 90' lang='lat' dir='ltr'><strong>propositi</strong></span> <span class='ocrx_word' id='word_1_676' title='bbox 1609 5190 1873 5234; x_wconf 87' lang='lat' dir='ltr'><strong>strenuus</strong></span> <span class='ocrx_word' id='word_1_677' title='bbox 1899 5188 2241 5248; x_wconf 87' lang='lat' dir='ltr'><strong>persecutor,</strong></span> <span class='ocrx_word' id='word_1_678' title='bbox 2280 5179 2335 5233; x_wconf 93' lang='lat' dir='ltr'><strong>in</strong></span> 
     </span>
    </p>
   </div>
   <div class='ocr_carea' id='block_1_101' title="bbox 758 5270 2339 5341">
    <p class='ocr_par' dir='ltr' id='par_1_101' title="bbox 758 5270 2339 5341">
     <span class='ocr_line' id='line_1_101' title="bbox 758 5270 2339 5341; baseline 0.003 -20"><span class='ocrx_word' id='word_1_679' title='bbox 758 5285 1053 5339; x_wconf 79' lang='lat' dir='ltr'><strong>progressu</strong></span> <span class='ocrx_word' id='word_1_680' title='bbox 1091 5274 1262 5324; x_wconf 90' lang='lat' dir='ltr'><strong>multo</strong></span> <span class='ocrx_word' id='word_1_681' title='bbox 1303 5286 1362 5325; x_wconf 87' lang='lat' dir='ltr'><strong>se</strong></span> <span class='ocrx_word' id='word_1_682' title='bbox 1391 5272 1513 5341; x_wconf 88' lang='lat' dir='ltr'><strong>ipso</strong></span> <span class='ocrx_word' id='word_1_683' title='bbox 1543 5271 1782 5326; x_wconf 87' lang='lat' dir='ltr'><strong>deterior</strong></span> <span class='ocrx_word' id='word_1_684' title='bbox 1814 5270 2145 5340; x_wconf 90' lang='lat' dir='ltr'><strong>minimeque</strong></span> <span class='ocrx_word' id='word_1_685' title='bbox 2170 5270 2339 5341; x_wconf 75' lang='lat'><strong>890</strong></span> 
     </span>
    </p>
   </div>
   <div class='ocr_carea' id='block_1_102' title="bbox 762 5362 2332 5432">
    <p class='ocr_par' dir='ltr' id='par_1_102' title="bbox 762 5362 2332 5432">
     <span class='ocr_line' id='line_1_102' title="bbox 762 5362 2332 5432; baseline 0 -18"><span class='ocrx_word' id='word_1_686' title='bbox 762 5362 1103 5429; x_wconf 86' lang='lat' dir='ltr'><strong>respondens</strong></span> <span class='ocrx_word' id='word_1_687' title='bbox 1136 5364 1531 5432; x_wconf 82' lang='lat' dir='ltr'><strong>exspectationi</strong></span> <span class='ocrx_word' id='word_1_688' title='bbox 1561 5362 1628 5417; x_wconf 90' lang='lat' dir='ltr'><strong>de</strong></span> <span class='ocrx_word' id='word_1_689' title='bbox 1656 5378 1715 5417; x_wconf 87' lang='lat' dir='ltr'><strong>se</strong></span> <span class='ocrx_word' id='word_1_690' title='bbox 1744 5373 2021 5431; x_wconf 66' lang='lat' dir='ltr'><strong>concepta:</strong></span> <span class='ocrx_word' id='word_1_691' title='bbox 2045 5362 2196 5418; x_wconf 88' lang='lat' dir='ltr'><strong>visus</strong></span> <span class='ocrx_word' id='word_1_692' title='bbox 2229 5371 2332 5418; x_wconf 85' lang='lat' dir='ltr'><strong>est.</strong></span> 
     </span>
    </p>
   </div>
   <div class='ocr_carea' id='block_1_103' title="bbox 760 5452 2339 5525">
    <p class='ocr_par' dir='ltr' id='par_1_103' title="bbox 760 5452 2339 5525">
     <span class='ocr_line' id='line_1_103' title="bbox 760 5452 2339 5525; baseline 0.004 -23"><span class='ocrx_word' id='word_1_693' title='bbox 760 5452 911 5519; x_wconf 78' lang='lat' dir='ltr'><strong>Quos</strong></span> <span class='ocrx_word' id='word_1_694' title='bbox 945 5453 1165 5525; x_wconf 82' lang='lat' dir='ltr'><strong>Bizyam</strong></span> <span class='ocrx_word' id='word_1_695' title='bbox 1192 5455 1509 5524; x_wconf 84' lang='lat' dir='ltr'><strong>pervenisse</strong></span> <span class='ocrx_word' id='word_1_696' title='bbox 1546 5454 1811 5518; x_wconf 82' lang='lat' dir='ltr'><strong>diximus,</strong></span> <span class='ocrx_word' id='word_1_697' title='bbox 1847 5454 1881 5507; x_wconf 92' lang='lat' dir='ltr'><strong>ii</strong></span> <span class='ocrx_word' id='word_1_698' title='bbox 1925 5469 2147 5524; x_wconf 85' lang='lat' dir='ltr'><strong>quoque</strong></span> <span class='ocrx_word' id='word_1_699' title='bbox 2196 5454 2339 5523; x_wconf 86' lang='lat' dir='ltr'><strong>peri-</strong></span> 
     </span>
    </p>
   </div>
   <div class='ocr_carea' id='block_1_104' title="bbox 764 5546 2339 5616">
    <p class='ocr_par' dir='ltr' id='par_1_104' title="bbox 764 5546 2339 5616">
     <span class='ocr_line' id='line_1_104' title="bbox 764 5546 2339 5616; baseline 0 -15"><span class='ocrx_word' id='word_1_700' title='bbox 764 5551 869 5603; x_wconf 78' lang='lat' dir='ltr'><strong>irttli</strong></span> <span class='ocrx_word' id='word_1_701' title='bbox 927 5558 1069 5601; x_wconf 77' lang='lat' dir='ltr'><strong>luctu</strong></span> <span class='ocrx_word' id='word_1_702' title='bbox 1131 5546 1457 5603; x_wconf 75' lang='lat' dir='ltr'><strong>sententiam</strong></span> <span class='ocrx_word' id='word_1_703' title='bbox 1516 5554 1841 5610; x_wconf 84' lang='lat' dir='ltr'><strong>mutarunt;</strong></span> <span class='ocrx_word' id='word_1_704' title='bbox 1895 5556 1950 5601; x_wconf 81' lang='lat' dir='ltr'><strong>et</strong></span> <span class='ocrx_word' id='word_1_705' title='bbox 2002 5555 2226 5616; x_wconf 81' lang='lat' dir='ltr'><strong>accepto</strong></span> <span class='ocrx_word' id='word_1_706' title='bbox 2273 5547 2339 5601; x_wconf 84' lang='lat' dir='ltr'><strong>de</strong></span> 
     </span>
    </p>
   </div>
   <div class='ocr_carea' id='block_1_105' title="bbox 2440 4622 4021 4705">
    <p class='ocr_par' dir='ltr' id='par_1_105' title="bbox 2440 4622 4021 4705">
     <span class='ocr_line' id='line_1_105' title="bbox 2440 4622 4021 4705; baseline -0.008 -18"><span class='ocrx_word' id='word_1_707' title='bbox 2440 4636 2568 4705; x_wconf 76' lang='grc' dir='ltr'>ϐολῇ</span> <span class='ocrx_word' id='word_1_708' title='bbox 2604 4636 2749 4687; x_wconf 83' lang='grc' dir='ltr'>νῶτα</span> <span class='ocrx_word' id='word_1_709' title='bbox 2778 4632 2960 4685; x_wconf 74' lang='grc' dir='ltr'>δοῦναι</span> <span class='ocrx_word' id='word_1_710' title='bbox 2987 4632 3102 4690; x_wconf 88' lang='grc' dir='ltr'>τοῖς</span> <span class='ocrx_word' id='word_1_711' title='bbox 3138 4628 3265 4697; x_wconf 80' lang='grc' dir='ltr'>περὶ</span> <span class='ocrx_word' id='word_1_712' title='bbox 3294 4625 3461 4677; x_wconf 71' lang='grc' dir='ltr'>αὐτὸν</span> <span class='ocrx_word' id='word_1_713' title='bbox 3505 4624 3858 4693; x_wconf 76' lang='grc' dir='ltr'>προσέταξεν,</span> <span class='ocrx_word' id='word_1_714' title='bbox 3897 4622 4021 4675; x_wconf 68' lang='grc' dir='ltr'>εἶτα</span> 
     </span>
    </p>
   </div>
   <div class='ocr_carea' id='block_1_106' title="bbox 2438 4716 4022 4789">
    <p class='ocr_par' dir='ltr' id='par_1_106' title="bbox 2438 4716 4022 4789">
     <span class='ocr_line' id='line_1_106' title="bbox 2438 4716 4022 4789; baseline -0.009 -9"><span class='ocrx_word' id='word_1_715' title='bbox 2438 4728 2548 4780; x_wconf 83' lang='grc' dir='ltr'><strong>τῶν</strong></span> <span class='ocrx_word' id='word_1_716' title='bbox 2571 4725 2828 4780; x_wconf 83' lang='grc' dir='ltr'>ἐναντίων</span> <span class='ocrx_word' id='word_1_717' title='bbox 2853 4724 2933 4783; x_wconf 85' lang='grc' dir='ltr'><strong>είς</strong></span> <span class='ocrx_word' id='word_1_718' title='bbox 2970 4722 3211 4789; x_wconf 82' lang='grc' dir='ltr'>διωγμὸν</span> <span class='ocrx_word' id='word_1_719' title='bbox 3247 4719 3565 4789; x_wconf 79' lang='grc' dir='ltr'>τραπέντων</span> <span class='ocrx_word' id='word_1_720' title='bbox 3613 4719 3678 4770; x_wconf 81' lang='grc' dir='ltr'>ἐκ</span> <span class='ocrx_word' id='word_1_721' title='bbox 3728 4716 4022 4767; x_wconf 60' lang='lat' dir='ltr'><strong>mancus-</strong></span> 
     </span>
    </p>
   </div>
   <div class='ocr_carea' id='block_1_107' title="bbox 2443 4804 4024 4884">
    <p class='ocr_par' dir='ltr' id='par_1_107' title="bbox 2443 4804 4024 4884">
     <span class='ocr_line' id='line_1_107' title="bbox 2443 4804 4024 4884; baseline -0.009 -15"><span class='ocrx_word' id='word_1_722' title='bbox 2443 4819 2577 4883; x_wconf 83' lang='grc' dir='ltr'>ξεως</span> <span class='ocrx_word' id='word_1_723' title='bbox 2602 4812 3009 4884; x_wconf 76' lang='grc' dir='ltr'>ἐπιστραφῆναι</span> <span class='ocrx_word' id='word_1_724' title='bbox 3048 4812 3273 4872; x_wconf 85' lang='grc' dir='ltr'>τούτους</span> <span class='ocrx_word' id='word_1_725' title='bbox 3316 4809 3413 4861; x_wconf 75' lang='grc' dir='ltr'>καὶ</span> <span class='ocrx_word' id='word_1_726' title='bbox 3447 4808 3525 4877; x_wconf 80' lang='grc' dir='ltr'>τῷ</span> <span class='ocrx_word' id='word_1_727' title='bbox 3557 4804 3845 4875; x_wconf 77' lang='grc' dir='ltr'>παραδόξῳ</span> <span class='ocrx_word' id='word_1_728' title='bbox 3892 4806 4024 4871; x_wconf 79' lang='grc' dir='ltr'>τρέ-</span> 
     </span>
    </p>
   </div>
   <div class='ocr_carea' id='block_1_108' title="bbox 2441 4896 4021 4976">
    <p class='ocr_par' dir='ltr' id='par_1_108' title="bbox 2441 4896 4021 4976">
     <span class='ocr_line' id='line_1_108' title="bbox 2441 4896 4021 4976; baseline -0.008 -16"><span class='ocrx_word' id='word_1_729' title='bbox 2441 4907 2645 4976; x_wconf 77' lang='grc' dir='ltr'>ψασοαι</span> <span class='ocrx_word' id='word_1_730' title='bbox 2669 4907 2766 4975; x_wconf 84' lang='grc' dir='ltr'>τῆς</span> <span class='ocrx_word' id='word_1_731' title='bbox 2794 4904 3166 4973; x_wconf 76' lang='grc' dir='ltr'>ὑποστροφῆς.</span> <span class='ocrx_word' id='word_1_732' title='bbox 3194 4902 3305 4955; x_wconf 71' lang='grc' dir='ltr'><strong>Καὶ</strong></span> <span class='ocrx_word' id='word_1_733' title='bbox 3340 4896 3409 4970; x_wconf 75' lang='grc' dir='ltr'>ἦν</span> <span class='ocrx_word' id='word_1_734' title='bbox 3443 4898 3541 4968; x_wconf 77' lang='grc' dir='ltr'>μὲν</span> <span class='ocrx_word' id='word_1_735' title='bbox 3592 4896 3741 4967; x_wconf 79' lang='grc' dir='ltr'>αὐτῷ</span> <span class='ocrx_word' id='word_1_736' title='bbox 3787 4897 4021 4967; x_wconf 81' lang='grc' dir='ltr'>τοιαύτη</span> 
     </span>
    </p>
   </div>
   <div class='ocr_carea' id='block_1_109' title="bbox 2446 4990 4022 5069">
    <p class='ocr_par' dir='ltr' id='par_1_109' title="bbox 2446 4990 4022 5069">
     <span class='ocr_line' id='line_1_109' title="bbox 2446 4990 4022 5069; baseline -0.008 -18"><span class='ocrx_word' id='word_1_737' title='bbox 2446 4998 2814 5069; x_wconf 85' lang='grc' dir='ltr'>παραγγελία,</span> <span class='ocrx_word' id='word_1_738' title='bbox 2855 4997 2954 5049; x_wconf 83' lang='grc' dir='ltr'><strong>οὐκ</strong></span> <span class='ocrx_word' id='word_1_739' title='bbox 2977 4996 3169 5065; x_wconf 72' lang='grc' dir='ltr'>ἔμελλε</span> <span class='ocrx_word' id='word_1_740' title='bbox 3195 4993 3251 5046; x_wconf 79' lang='grc' dir='ltr'><strong>δὲ</strong></span> <span class='ocrx_word' id='word_1_741' title='bbox 3282 4992 3399 5061; x_wconf 78' lang='grc' dir='ltr'>ἄρα</span> <span class='ocrx_word' id='word_1_742' title='bbox 3432 4993 3511 5053; x_wconf 85' lang='grc' dir='ltr'><strong>εἰς</strong></span> <span class='ocrx_word' id='word_1_743' title='bbox 3565 4991 3727 5060; x_wconf 73' lang='grc' dir='ltr'>ἔργον</span> <span class='ocrx_word' id='word_1_744' title='bbox 3788 4990 4022 5057; x_wconf 74' lang='grc' dir='ltr'>ἐκϐῆναι</span> 
     </span>
    </p>
   </div>
   <div class='ocr_carea' id='block_1_110' title="bbox 2443 5080 4023 5160">
    <p class='ocr_par' dir='ltr' id='par_1_110' title="bbox 2443 5080 4023 5160">
     <span class='ocr_line' id='line_1_110' title="bbox 2443 5080 4023 5160; baseline -0.01 -17"><span class='ocrx_word' id='word_1_745' title='bbox 2443 5091 2512 5143; x_wconf 82' lang='grc' dir='ltr'>τὰ</span> <span class='ocrx_word' id='word_1_746' title='bbox 2584 5088 3023 5160; x_wconf 75' lang='grc' dir='ltr'>μεμελετημένα,</span> <span class='ocrx_word' id='word_1_747' title='bbox 3086 5086 3149 5137; x_wconf 80' lang='lat' dir='ltr'><strong>Oi</strong></span> <span class='ocrx_word' id='word_1_748' title='bbox 3189 5084 3298 5153; x_wconf 85' lang='grc' dir='ltr'><strong>γὰρ</strong></span> <span class='ocrx_word' id='word_1_749' title='bbox 3348 5084 3445 5136; x_wconf 74' lang='grc' dir='ltr'><strong>σὺν</strong></span> <span class='ocrx_word' id='word_1_750' title='bbox 3483 5080 3631 5149; x_wconf 82' lang='grc' dir='ltr'><strong>αὐτῷ</strong></span> <span class='ocrx_word' id='word_1_751' title='bbox 3684 5080 4023 5148; x_wconf 78' lang='grc' dir='ltr'>στρατιῶται</span> 
     </span>
    </p>
   </div>
   <div class='ocr_carea' id='block_1_111' title="bbox 2445 5162 4023 5247">
    <p class='ocr_par' dir='ltr' id='par_1_111' title="bbox 2445 5162 4023 5247">
     <span class='ocr_line' id='line_1_111' title="bbox 2445 5162 4023 5247; baseline -0.013 -15"><span class='ocrx_word' id='word_1_752' title='bbox 2445 5180 2612 5232; x_wconf 79' lang='grc' dir='ltr'>πολὺν</span> <span class='ocrx_word' id='word_1_753' title='bbox 2638 5178 2829 5247; x_wconf 80' lang='grc' dir='ltr'>χρόνον</span> <span class='ocrx_word' id='word_1_754' title='bbox 2864 5172 3139 5243; x_wconf 82' lang='grc' dir='ltr'>γυναικῶν</span> <span class='ocrx_word' id='word_1_755' title='bbox 3203 5172 3299 5225; x_wconf 73' lang='grc' dir='ltr'>καὶ</span> <span class='ocrx_word' id='word_1_756' title='bbox 3328 5170 3541 5221; x_wconf 84' lang='grc' dir='ltr'>τέκνων</span> <span class='ocrx_word' id='word_1_757' title='bbox 3590 5164 3905 5234; x_wconf 74' lang='grc' dir='ltr'>στερόμενοι</span> <span class='ocrx_word' id='word_1_758' title='bbox 3952 5162 4023 5214; x_wconf 82' lang='grc' dir='ltr'><strong>δι’</strong></span> 
     </span>
    </p>
   </div>
   <div class='ocr_carea' id='block_1_112' title="bbox 2445 5258 4021 5337">
    <p class='ocr_par' dir='ltr' id='par_1_112' title="bbox 2445 5258 4021 5337">
     <span class='ocr_line' id='line_1_112' title="bbox 2445 5258 4021 5337; baseline -0.013 -12"><span class='ocrx_word' id='word_1_759' title='bbox 2445 5273 2606 5325; x_wconf 64' lang='grc' dir='ltr'>αὐτὸν</span> <span class='ocrx_word' id='word_1_760' title='bbox 2632 5273 2722 5323; x_wconf 66' lang='grc' dir='ltr'>καὶ</span> <span class='ocrx_word' id='word_1_761' title='bbox 2753 5270 2852 5333; x_wconf 75' lang='grc' dir='ltr'>τὰς</span> <span class='ocrx_word' id='word_1_762' title='bbox 2891 5271 3081 5337; x_wconf 80' lang='grc' dir='ltr'>χεῖρας</span> <span class='ocrx_word' id='word_1_763' title='bbox 3120 5266 3436 5336; x_wconf 82' lang='grc' dir='ltr'>χραίνοντες</span> <span class='ocrx_word' id='word_1_764' title='bbox 3465 5260 3741 5329; x_wconf 75' lang='grc' dir='ltr'>όμογνίοις</span> <span class='ocrx_word' id='word_1_765' title='bbox 3768 5258 4021 5325; x_wconf 66' lang='grc' dir='ltr'>αἵμασι-ι,</span> 
     </span>
    </p>
   </div>
   <div class='ocr_carea' id='block_1_113' title="bbox 2444 5346 4024 5433">
    <p class='ocr_par' dir='ltr' id='par_1_113' title="bbox 2444 5346 4024 5433">
     <span class='ocr_line' id='line_1_113' title="bbox 2444 5346 4024 5433; baseline -0.014 -15"><span class='ocrx_word' id='word_1_766' title='bbox 2444 5365 2562 5433; x_wconf 79' lang='grc' dir='ltr'><strong>ἃμα</strong></span> <span class='ocrx_word' id='word_1_767' title='bbox 2610 5364 2667 5415; x_wconf 79' lang='grc' dir='ltr'><strong>δὲ</strong></span> <span class='ocrx_word' id='word_1_768' title='bbox 2724 5363 2822 5413; x_wconf 71' lang='grc' dir='ltr'>καὶ</span> <span class='ocrx_word' id='word_1_769' title='bbox 2879 5360 2957 5429; x_wconf 83' lang='grc' dir='ltr'>τῷ</span> <span class='ocrx_word' id='word_1_770' title='bbox 3002 5358 3181 5428; x_wconf 86' lang='grc' dir='ltr'>χρόνῳ</span> <span class='ocrx_word' id='word_1_771' title='bbox 3251 5354 3613 5423; x_wconf 86' lang='grc' dir='ltr'>πεπιεσμένοι</span> <span class='ocrx_word' id='word_1_772' title='bbox 3661 5348 3867 5419; x_wconf 81' lang='grc' dir='ltr'>(τρίτον</span> <span class='ocrx_word' id='word_1_773' title='bbox 3913 5346 4024 5415; x_wconf 71' lang='grc' dir='ltr'><strong>γάρ</strong></span> 
     </span>
    </p>
   </div>
   <div class='ocr_carea' id='block_1_114' title="bbox 2446 5440 4025 5525">
    <p class='ocr_par' dir='ltr' id='par_1_114' title="bbox 2446 5440 4025 5525">
     <span class='ocr_line' id='line_1_114' title="bbox 2446 5440 4025 5525; baseline -0.013 -16"><span class='ocrx_word' id='word_1_774' title='bbox 2446 5454 2706 5525; x_wconf 73' lang='grc' dir='ltr'>ἑξηνύετο</span> <span class='ocrx_word' id='word_1_775' title='bbox 2756 5453 2895 5515; x_wconf 77' lang='grc' dir='ltr'>ἔτος,</span> <span class='ocrx_word' id='word_1_776' title='bbox 2951 5452 3045 5504; x_wconf 76' lang='grc' dir='ltr'>καὶ</span> <span class='ocrx_word' id='word_1_777' title='bbox 3097 5448 3384 5519; x_wconf 76' lang='grc' dir='ltr'>ἀνηνύτοις</span> <span class='ocrx_word' id='word_1_778' title='bbox 3439 5445 3654 5498; x_wconf 75' lang='grc' dir='ltr'>ἐδόκουν</span> <span class='ocrx_word' id='word_1_779' title='bbox 3714 5440 4025 5509; x_wconf 74' lang='grc' dir='ltr'>ἐπιχειρεῖν</span> 
     </span>
    </p>
   </div>
   <div class='ocr_carea' id='block_1_115' title="bbox 2448 5528 4023 5617">
    <p class='ocr_par' dir='ltr' id='par_1_115' title="bbox 2448 5528 4023 5617">
     <span class='ocr_line' id='line_1_115' title="bbox 2448 5528 4023 5617; baseline -0.015 -16"><span class='ocrx_word' id='word_1_780' title='bbox 2448 5546 2641 5617; x_wconf 82' lang='grc' dir='ltr'>ἀνδρὸς</span> <span class='ocrx_word' id='word_1_781' title='bbox 2672 5546 2790 5608; x_wconf 82' lang='grc' dir='ltr'>ὲνδς</span> <span class='ocrx_word' id='word_1_782' title='bbox 2821 5539 3045 5613; x_wconf 64' lang='grc' dir='ltr'>ἀπονοία</span> <span class='ocrx_word' id='word_1_783' title='bbox 3082 5543 3176 5595; x_wconf 78' lang='grc' dir='ltr'>καὶ</span> <span class='ocrx_word' id='word_1_784' title='bbox 3214 5538 3477 5608; x_wconf 76' lang='grc' dir='ltr'>ἐπιθύμέᾳ</span> <span class='ocrx_word' id='word_1_785' title='bbox 3506 5532 3901 5593; x_wconf 82' lang='grc' dir='ltr'>δουλεύοντες),</span> <span class='ocrx_word' id='word_1_786' title='bbox 3963 5528 4023 5579; x_wconf 66' lang='grc' dir='ltr'>τὸ</span> 
     </span>
    </p>
   </div>
   <div class='ocr_carea' id='block_1_116' title="bbox 1908 5720 2900 5781">
    <p class='ocr_par' dir='ltr' id='par_1_116' title="bbox 1908 5720 2900 5781">
     <span class='ocr_line' id='line_1_116' title="bbox 1908 5720 2900 5781; baseline -0.007 0"><span class='ocrx_word' id='word_1_787' title='bbox 1908 5724 2262 5781; x_wconf 61' lang='grc' dir='ltr'><strong>ΧΥΒΛΜἸΒΙ</strong></span> <span class='ocrx_word' id='word_1_788' title='bbox 2295 5723 2381 5781; x_wconf 80' lang='grc' dir='ltr'><strong>ΕΤ</strong></span> <span class='ocrx_word' id='word_1_789' title='bbox 2411 5723 2625 5780; x_wconf 69' lang='lat' dir='ltr'><strong>60M“</strong></span> <span class='ocrx_word' id='word_1_790' title='bbox 2668 5720 2900 5779; x_wconf 61' lang='lat' dir='ltr'><strong>NOTIE.</strong></span> 
     </span>
    </p>
   </div>
   <div class='ocr_carea' id='block_1_117' title="bbox 838 5821 1798 5902">
    <p class='ocr_par' dir='ltr' id='par_1_117' title="bbox 838 5821 1798 5902">
     <span class='ocr_line' id='line_1_117' title="bbox 838 5821 1798 5902; baseline 0 -24"><span class='ocrx_word' id='word_1_791' title='bbox 838 5830 949 5902; x_wconf 73' lang='grc'><strong>(76)</strong></span> <span class='ocrx_word' id='word_1_792' title='bbox 990 5827 1210 5880; x_wconf 58' lang='lat' dir='ltr'><strong>ltfxteros</strong></span> <span class='ocrx_word' id='word_1_793' title='bbox 1235 5824 1355 5878; x_wconf 83' lang='lat' dir='ltr'><strong>belli</strong></span> <span class='ocrx_word' id='word_1_794' title='bbox 1391 5827 1585 5878; x_wconf 72' lang='lat' dir='ltr'><strong>socios.</strong></span> <span class='ocrx_word' id='word_1_795' title='bbox 1625 5821 1798 5878; x_wconf 73' lang='grc' dir='ltr'>ϐοΑιι.</span> 
     </span>
    </p>
   </div>
  </div>
