4226 6442
242 441 356 503 993

1352 438 1899 499 IlISTUlllAllUM
1927 436 2460 499 COMPENDIUM.

3414 435 3523 503 ενι

239 551 505 625 Τραυλός.
554 550 615 605 ’0
644 552 742 621 μὲν
765 550 1022 604 ἐθέσπισε
1050 552 1124 620 μή
1149 566 1255 602 τινι
1291 549 1399 603 τῶν
1426 552 1807 620 γεγραμμένωε

1930 558 2152 599 sanctus
2193 548 2622 614 imprimeretur.
2644 545 2862 614 quodid
2885 543 3018 600 nulli
3054 546 3129 601 rei
3163 556 3523 616 praeterquam

237 649 486 711 εἰκόνων,
513 648 617 700 κάν
642 663 745 699 που
796 646 1143 715 γραφόμεναι
1178 645 1416 712 τύχοιεν,
1445 644 1567 712 τὴν,
1598 644 1824 711 "Artcc,

238 739 424 809 φωνὴν
460 737 917 807 ὲγχαράττεσθαι,
949 737 1025 799 ὡς
1060 735 1161 789 οῦκ
1202 735 1348 805 ἄλλῳ
1387 736 1495 787 τινὶ
1518 738 1617 804 τῆς
1645 736 1828 788 τοιαυ-

234 849 334 899 της
356 831 705 899 ἁρμοζούσης
728 830 913 898 φωνῆς
939 828 971 897 ἢ
1006 830 1152 898 μόνῳ
1174 828 1255 897 τῷ
1278 827 1440 898 Θείῳ,
1462 828 1564 881 οὐκ
1585 828 1826 895 εὐστόχῳ

238 921 420 991 βαλὼν
443 921 521 990 τῷ
549 922 630 973 νοῒ
648 938 662 951 ·
692 923 792 989 τῆς
821 920 953 990 γὰρ.
984 920 1150 985 Θεὸς,
1172 920 1355 988 φωνῆς
1372 921 1484 979 τοῖς
1513 918 1824 989 ἀνθρώποις

237 1012 559 1082 μεταδιδοὺς
583 1015 610 1066 ὁ
624 1012 775 1075 Θεὸς,
802 1012 1141 1080 ὑψηλοτέρας
1158 1011 1327 1081 οὔσης
1340 1012 1492 1084 παρὰ
1505 1012 1585 1076 τὸ,
1611 1012 1820 1080 Ἄγιος,

236 1109 556 1176 πρόσρημα,
605 1105 992 1174 ταπεινοτέρας
1043 1104 1212 1175 οὔσης
1253 1109 1372 1175 τῆς,
1413 1104 1639 1173 Ἄγιος,
1683 1105 1824 1158 κατά

239 1199 397 1259 πολὺ,
423 1200 522 1252 οὑκ
544 1198 617 1251 ἂν
652 1199 877 1259 τούτους
905 1198 1322 1268 ἀποστερήσειε.
1357 1198 1504 1269 Πλὴν
1531 1198 1690 1251 τοῦτο
1723 1198 1822 1268 μὲν

233 1288 392 1355 οὗτος
412 1291 719 1355 ἐθέσπισεν,
740 1292 768 1342 ὁ
790 1291 895 1358 πρὸ
912 1291 1077 1344 αὐτοῦ
1103 1292 1159 1343 δὲ
1180 1292 1333 1344 Λέων
1364 1292 1460 1344 καὶ
1478 1294 1506 1344 ὁ
1523 1291 1635 1355 υίὸς
1658 1291 1821 1344 αὑτοῦ

237 1382 646 1443 Κωνσταντῖνος
706 1382 769 1434 τὸ
802 1383 937 1451 μηδὲ
987 1382 1414 1451 προσκυνεῖσθαι
1447 1385 1585 1445 ὅλως
1630 1384 1819 1449 αὑτὰς,

230 1474 495 1553 Θεόφιλος
522 1473 579 1526 δὲ
624 1474 684 1525 τὸ
718 1474 867 1543 μηδὲ,
888 1474 1146 1557 χρώμασι
1199 1474 1404 1537 ταύτας
1442 1474 1817 1545 μορφοῦσθαιο

231 1566 574 1641 χαμαίζηλοι]
603 1569 711 1637 γὰρ
736 1570 797 1620 τὸ
824 1567 959 1637 πρὸς
992 1568 1062 1621 τά
1100 1568 1326 1622 τοιαῦτα
1362 1569 1681 1638 ἐπτοῆσθαι,
1720 1569 1820 1638 μό-

233 1677 330 1727 νην
358 1660 416 1711 δὲ
448 1663 672 1711 σκοπεῖν
723 1662 823 1730 τὴν
870 1661 1151 1731 ἀλήθειαν.
1207 1662 1563 1734 Καθῃροῦντο
1588 1665 1685 1731 μὲν
1726 1661 1820 1715 οῦν

228 1751 484 1803 ἐντεῦῦεν
524 1753 666 1804 κατὰ
721 1756 901 1807 πᾶσαν
942 1755 1039 1824 τὴν
1094 1755 1393 1824 ἐκκλησίαν
1425 1756 1481 1808 αἱ
1516 1757 1656 1809 θεῖαι
1688 1774 1819 1827 μορ-

229 1841 349 1910 ταὶ,
388 1839 554 1909 θηρὲα
585 1841 639 1893 δὲ
668 1844 760 1893 καὶ
782 1841 1000 1912 ὄρνιθες
1030 1845 1150 1897 ἀντὶ
1169 1843 1375 1897 τούτων
1401 1846 1815 1913 ἀνεστηλοῦντο,

229 1933 327 2001 τὴν
355 1932 545 1984 τούτου
570 1932 811 2003 θηριώδη
852 1935 944 1988 καὶ
969 1935 1354 2006 ἀνδραποδώδη
1387 1937 1575 1990 ἄνοιαν
1607 1938 1814 2006 ἐξελέγ-

228 2042 414 2093 χοντα.
455 2026 739 2080 Ἐντεῦθεν
774 2027 1025 2098 βεϐήλοις
1061 2031 1219 2101 χερσὶ
1266 2032 1333 2083 τὰ
1372 2030 1504 2098 ἅγια
1549 2031 1641 2083 καὶ
1692 2031 1814 2101 ἱερὰ

228 2118 491 2186 κειμήλια
511 2120 602 2170 ἐπὶ
628 2122 728 2189 τῆς
773 2122 978 2191 ἀγορᾶς
1031 2123 1391 2193 έρριπτοῦντο
1444 2125 1538 2178 καὶ
1585 2125 1805 2194 ὲφυδρί-

228 2205 403 2267 ζοντο.
452 2205 731 2259 Ἐντεῦθεν
763 2209 833 2262 τὰ
870 2209 979 2262 τῶν
1019 2210 1348 2281 κακούργων
1388 2211 1697 2281 ἐπληροῦτο
1728 2213 1813 2264 δε-

228 2298 518 2366 σμωτήρια
544 2297 651 2351 τῶν
690 2298 779 2351 διὰ
801 2301 964 2370 τιμῆς
1000 2302 1245 2369 ἀγόντων
1262 2301 1361 2362 τὰς
1396 2302 1543 2365 θείας
1572 2305 1809 2372 μορφὰς,

229 2387 594 2457 μοιαξόντων,
632 2385 1001 2455 ’ὲπισκόπων,
1053 2392 1515 2461 ποιμαινομένων,
1579 2396 1670 2446 καὶ
1703 2396 1811 2448 τῶν

223 2481 545 2549 γραφόντων
568 2483 759 2545 αὑτάς.
796 2483 985 2553 Πλὴρη
1008 2483 1065 2536 δὲ
1090 2485 1184 2537 καὶ
1205 2485 1272 2537 τά
1305 2484 1406 2555 ὅρη
1440 2485 1536 2536 καὶ
1574 2485 1641 2538 τὰ
1673 2488 1812 2555 σπή-

222 2572 353 2627 λαια
410 2574 519 2626 τῶν
570 2575 645 2637 ὡς
677 2575 1003 2644 κακούργων
1052 2576 1197 2646 λιμῷ
1259 2577 1661 2647 ἀναιρεθέντων
1716 2580 1811 2633 καὶ

220 2664 388 2735 δζψει.
431 2666 691 2729 Ἀεὰτους
712 2666 819 2737 γὰρ
841 2667 1127 2737 τηρεῖσθαι
1160 2668 1258 2731 τὰς
1283 2668 1465 2729 πόλεις
1498 2674 1609 2731 τοῖς
1647 2687 1811 2737 μονα-

220 2761 339 2828 χοῖς
396 2760 909 2828 ἐγκελευσάμενος,
959 2760 1053 2811 καὶ
1120 2760 1297 2812 πάντα
1355 2761 1556 2828 τρόπον
1613 2762 1809 2823 αὐτοὺς

221 2849 629 2903 ἀπ;λαύνεσθαι
659 2851 947 2913 θεσπίσας,
974 2850 1173 2920 μᾶλλον
1203 2850 1259 2903 δὲ
1303 2852 1440 2921 μηδὲ
1463 2852 1604 2904 κατά
1628 2853 1810 2922 χώραν

220 2943 457 3011 ἐρᾶσθαι
483 2943 711 3013 τολμᾷν,
749 2943 1049 3012 εἰργάσατο
1068 2943 1136 2996 τὰ
1172 2945 1512 3014 μοναστήρια
1546 2945 1638 2997 καὶ
1671 2948 1808 3014 ήσυ-

220 3037 495 3104 χαστήρια
517 3038 795 3106 περιφανῆ
833 3036 1183 3105 πολυάνδρια,
1242 3036 1352 3089 τῶν
1390 3037 1553 3106 ιερῶν
1596 3038 1809 3105 ἀνδρῶν

220 3129 519 3197 «pagina:
550 3130 649 3200 τὴν
683 3130 887 3201 ἀρετὴν
922 3132 1015 3183 καὶ
1049 3131 1110 3184 τὸ
1151 3131 1297 3200 ἱερὸν
1335 3130 1540 3200 ἔνδυμα
1580 3132 1655 3202 μὴ
1682 3133 1808 3203 βου-

1933 639 2030 690 mli
2058 639 2166 691 Deo
2209 652 2510 706 congruere
2541 637 2784 705 putabat,
2820 652 3009 692 errore
3038 639 3259 709 quidetn
3309 641 3523 709 Opinio-

1934 730 2040 783 nis.
2074 730 2208 782 Cum
2232 732 2375 780 enim
2418 728 2553 782 Deus
2585 745 2784 782 nomen
2814 729 2975 789 Deus.
3010 733 3181 785 multo
3217 745 3383 800 quam
3416 747 3518 786 vox

1932 821 2156 874 Sanaus
2191 830 2262 875 sat
2296 823 2611 889 augustius,
2651 823 2857 875 homini
2891 830 3071 875 tamen
3122 823 3343 889 tribuat,
3376 840 3519 893 quo-

1931 912 2094 966 modo
2142 913 2193 965 id
2241 912 2389 981 quod
2445 915 2616 964 multo
2658 914 2822 968 vilius
2875 926 2960 969 est
2999 914 3296 983 denegaret
3341 916 3364 968 ?
3406 915 3520 971 Leo

1928 1017 2111 1060 autent
2144 1016 2198 1059 rt
2230 1009 2373 1060 lilins
2421 1006 2542 1076 ejus
2582 1004 2958 1077 Copronymns
2987 1010 3136 1063 omni
3164 1024 3354 1063 earum
3381 1012 3518 1065 ado-

1929 1102 2142 1153 ratione
2173 1116 2399 1169 prorsus
2428 1103 2849 1158 interdixerant.
2873 1102 3206 1171 Theophilus
3227 1115 3411 1155 autem
3448 1120 3517 1158 ne

1927 1193 2076 1262 pingi
2143 1192 2365 1260 quidem
2438 1210 2531 1248 eas
2594 1195 2874 1248 coloribhs
2947 1196 3258 1259 concessit,
3316 1195 3517 1263 abjecti

1926 1285 2119 1338 dicens
2155 1285 2326 1337 animi
2362 1300 2484 1340 esse
2516 1287 2706 1339 talium
2738 1302 2921 1340 rerum
2956 1287 3400 1348 admirationem,
3433 1290 3517 1357 ip-

1927 1386 2158 1440 samque
2207 1374 2381 1426 solam
2432 1376 2786 1441 spectandam
2822 1390 2944 1429 esse
2978 1377 3282 1430 veritatem.
3322 1378 3515 1446 Itaque

1924 1463 2123 1517 divinae
2152 1464 2418 1532 imagines
2444 1466 2704 1520 omnibus
2751 1467 2804 1520 in
2843 1471 3061 1535 templis
3091 1467 3513 1536 dejii-iebantur,

1925 1570 2222 1623 carumque
2258 1555 2377 1608 loco
2419 1556 2719 1610 bestiarum
2760 1568 2813 1611 et
2840 1561 3021 1611 avium
3055 1560 3351 1613 simulacra
3381 1560 3518 1628 [ige-

1926 1646 2149 1710 bantnr,
2192 1648 2490 1700 hellninam
2523 1660 2578 1702 et
2611 1649 2865 1703 servilem
2903 1649 3188 1720 Theophili
3225 1654 3512 1724 arguentia

1923 1741 2224 1792 vesaniam.
2260 1740 2335 1793 Ex
2390 1756 2455 1794 eo
2488 1751 2848 1795 sacrosancta
2893 1740 3122 1797 donaria
3158 1746 3212 1796 in
3255 1744 3372 1798 loro
3410 1746 3513 1798 im-

1926 1831 2079 1899 puris
2123 1832 2379 1884 manibus
2400 1832 2758 1900 jactahanlur
2799 1844 2964 1902 atque
2996 1833 3364 1901 ignominiose
3397 1844 3512 1887 tra-

1924 1924 2223 1979 ctabantur
2256 1940 2271 1985 ;
2306 1939 2370 1977 ac
2400 1926 2655 1979 sontibus
2696 1926 2861 1978 debiti
2905 1940 3157 1980 carceres
3205 1926 3274 1980 iis
3305 1927 3510 1995 imple-

1920 2018 2140 2084 bantur,
2184 2020 2276 2087 qtti
2316 2020 2532 2073 divinas
2573 2021 2841 2089 imagines
2880 2021 3158 2082 colebant,
3196 2020 3509 2087 monachis,

1917 2110 2216 2180 episcOpis,
2256 2111 2518 2175 subditis,
2555 2126 2857 2187 carumque
2890 2114 3197 2180 pictoribus
3229 2126 3244 2169 :
3294 2124 3509 2167 montes

1915 2219 2135 2274 quoque
2151 2212 2206 2257 et
2235 2203 2512 2273 spelunca:
2529 2205 2597 2258 iis
2621 2206 2974 2281 replebantur
2993 2206 3084 2273 qui
3109 2203 3506 2274 ﬂagitinsorum

1917 2295 2040 2350 loco
2070 2295 2215 2350 fame
2237 2311 2301 2350 ac
2334 2296 2423 2350 siti
2457 2297 2821 2351 necabantur.
2855 2298 3107 2350 Edixerat
3146 2299 3291 2351 enim
3328 2295 3508 2351 Theo-

1921 2386 2105 2456 philus
2138 2403 2206 2441 ne
2239 2389 2528 2441 monachis
2576 2389 2739 2440 ullam
2795 2389 2984 2442 urbem
3027 2393 3244 2442 intrare
3294 2390 3507 2456 liceret,

1912 2480 2266 2549 iusseratque
2299 2480 2447 2532 omni
2483 2480 2645 2533 modo
2678 2495 2773 2533 eos
2804 2480 3001 2541 arceri.
3039 2490 3205 2546 alque
3233 2478 3372 2533 adeo
3397 2494 3505 2533 non

1915 2584 2090 2629 tutum
2112 2584 2230 2628 erat
2256 2574 2324 2627 iis
2354 2574 2601 2643 conspici
2632 2589 2693 2627 ea
2728 2576 2782 2627 in
2814 2576 3049 2643 regione.
3078 2572 3240 2643 911
3280 2574 3425 2639 Quin
3452 2581 3508 2627 ct

1917 2670 2255 2721 monasteria
2312 2674 2477 2729 atque
2524 2667 2620 2719 otii
2674 2672 2817 2719 sacri
2863 2670 3325 2736 causa_conditas
3362 2672 3506 2721 mdes

1911 2759 2158 2828 profanis
2190 2758 2506 2812 hominibus
2533 2758 2939 2827 frequentabat.
2978 2758 3199 2812 interim
3217 2761 3290 2828 pii
3326 2761 3505 2815 homi-

1914 2866 2035 2913 nes,
2106 2852 2201 2919 qui
2256 2852 2485 2920 prodere
2543 2851 2800 2904 virtutem
2862 2865 3193 2919 sacrumque
3249 2852 3503 2906 vestitum

1915 2944 2144 3005 nollent,
2192 2941 2335 2998 fame
2366 2960 2429 2998 ac
2463 2946 2800 2998 cruciatibus
2833 2945 2969 2997 mori
3007 2946 3310 2998 malebant.
3349 2944 3499 2998 Non-

1913 3035 2047 3087 nulli
2088 3036 2334 3105 neglecto
2368 3037 2553 3089 habitu
2590 3038 2840 3102 peribant
2876 3037 3072 3089 :multi
3096 3037 3504 3104 etiam.quibus

1914 3128 2098 3181 minus
2138 3135 2258 3179 erat
2298 3128 2515 3181 virtutis
2563 3129 2828 3191 studium,
2867 3128 3088 3196 hymnis
3129 3141 3193 3180 ac
3236 3131 3506 3181 cantioni-

218 3218 485 3286 λομὲνων,
516 3217 660 3289 λιμῴ
679 3220 734 3271 δὲ
764 3222 857 3271 καὶ
876 3221 1200 3289 κακουχίαις
1225 3223 1681 3291 προαιρουμένων
1709 3222 1806 3292 τὴν

1916 3216 2019 3270 bus
2078 3220 2251 3270 sacris
2288 3217 2516 3286 ipsoque
2560 3219 2722 3270 etiam
2776 3220 2974 3272 vestitu
3007 3218 3273 3284 dimissis,
3322 3220 3504 3272 litera:

220 3312 370 3382 ζωὴν
402 3314 831 3382 καταστρέψειν,
882 3313 1041 3365 ἐνίων
1071 3315 1127 3366 δὲ
1163 3314 1460 3383 περιϐολῆς
1509 3314 1806 3381 κατολιγω-

222 3406 463 3472 ρορντων
504 3405 644 3476 (90},
673 3406 769 3457 καὶ
812 3407 963 3475 παρά
990 3404 1148 3459 τοῦτο
1176 3406 1587 3475 ἀπολλυμένων.
1618 3405 1809 3459 Πολλοὶ

216 3496 273 3549 δὲ
319 3496 552 3548 καὶτῶν
601 3497 974 3569 ῥᾳθυμότερον
1019 3498 1331 3561 διαζὼντων
1380 3499 1470 3551 τὸν
1494 3501 1682 3553 ἄνετον
1714 3500 1807 3552 καὶ

217 3586 579 3655 ἐκλελυμένοι
599 3588 921 3655 ἠσπάσαντο
952 3587 1085 3656 βίον,
1115 3586 1298 3657 ὓμνων
1332 3589 1490 3641 θείων
1528 3590 1623 3641 καὶ
1650 3588 1806 3658 ᾠδῶν

219 3670 311 3730 καὶ
370 3680 536 3731 αὐτοῦ
588 3678 681 3731 τοῦ
741 3680 1022 3748 σχήματος
1070 3676 1159 3749 [Ρ.
1198 3679 1323 3750 519]
1377 3681 1802 3751 ἀφειδήσαντες·

216 3771 310 3823 καί
343 3773 452 3840 γὰρ
481 3773 604 3825 οὐδὲ
644 3772 872 3837 τούτους
923 3772 1199 3827 τελεῖσθαι
1261 3776 1387 3838 τοὺς
1450 3776 1744 3843 συλλόγους
1778 3779 1805 3829 ὁ

214 3866 477 3933 τίραννος
512 3862 909 3933 συνεχώρησεν,
950 3866 999 3918 οἳ
1023 3866 1283 3927 πολλάκις
1306 3867 1401 3918 καὶ
1434 3870 1582 3935 μόνοι
1609 3868 1803 3921 δύναν-

213 3969 305 4004 ται
342 3954 527 4022 τηρεῖν
588 3955 681 4003 καὶ
713 3948 824 4005 οἷον
860 3953 1077 4022 χαλινός
1128 3970 1212 4015 τις
1249 3948 1390 4006 εἷναι
1422 3957 1535 4016 τοῖς
1566 3957 1702 4023 πρὸς
1735 3953 1803 4007 τὰ

215 4044 367 4112 παθη
417 4044 627 4109 ἀλόγως
682 4043 1178 4096 κατολισθαίνουσι.
1213 4044 1358 4113 Πλὴν
1387 4046 1447 4096 οὺ
1487 4046 1801 4098 παντάπασι

212 4133 323 4187 τῶν
355 4132 663 4203 ἀνθρώπων
692 4133 815 4186 οὐδὲ
844 4134 966 4186 τότε
1005 4133 1068 4186 τὺ
1098 4136 1577 4205 παρρησιαστικόν
1615 4154 1674 4188 τε
1705 4143 1801 4189 καὶ

213 4226 521 4295 ἐλευθέριον
565 4225 972 4294 ἀπεφοίτησεν’
1012 4226 1148 4279 ἀλλά
1198 4244 1343 4288 τινες
1385 4227 1493 4281 τῶν
1538 4227 1801 4297 θερμοτέ-

216 4335 350 4388 ρων,
387 4315 575 4369 πολλοὶ
610 4317 710 4386 μὲν
743 4318 839 4369 καὶ
862 4317 986 4371 καθ’
1010 4318 1261 4383 ἕκαστον,
1306 4320 1452 4381 τινὲς
1490 4321 1546 4371 δὲ
1580 4322 1676 4373 καὶ
1703 4338 1801 4372 κα-

210 4406 580 4477 τασυστὰδην,
611 4405 801 4478 ὥσπερ
822 4408 872 4458 οἱ
896 4408 995 4476 τῆς
1018 4407 1127 4460 τῶν
1168 4410 1516 4477 Ἀϐραμιτῶν
1543 4412 1799 4480 ὁρμῶμε-

210 4516 292 4553 νοι
328 4500 498 4570 μονῆς
524 4500 777 4570 μοναχοὶ,
804 4502 944 4569 μετά
998 4503 1312 4571 παρρησίας
1362 4503 1620 4570 ὀφθέντες
1650 4504 1799 4573 αὑτῷ

1913 3323 1977 3360 ac.
2037 3311 2230 3364 solutae
2279 3312 2399 3364 vitae
2446 3326 2567 3365 sese
2615 3312 2903 3365 dederunt.
2969 3309 3105 3364 Nam
3142 3315 3240 3366 hos
3281 3328 3504 3381 quoque

1912 3412 2089 3455 cretus
2136 3403 2433 3471 imperator
2468 3404 2779 3473 dissipavit,
2816 3406 2907 3474 qui
2951 3406 3051 3459 soli
3088 3406 3154 3459 ad
3212 3407 3498 3460 refrenan-

1909 3494 2008 3549 das
2043 3496 2375 3565 copidrtates
2417 3497 2703 3551 hominum
2758 3496 3053 3552 faciebant.
3088 3496 3278 3568 Neque
3317 3508 3501 3554 tamen

1909 3600 1975 3640 eo
2010 3595 2257 3656 tempore
2287 3604 2517 3657 prorsus
2565 3589 2784 3645 dicendi
2824 3591 3045 3645 libertas
3083 3608 3147 3645 ex
3184 3592 3500 3649 hominibus

1910 3679 2128 3734 sublata
2157 3680 2279 3745 fuit,
2314 3682 2408 3736 sed
2434 3683 2657 3751 quidam
2699 3685 2884 3737 animo
2923 3684 3233 3749 calidiores,
3266 3690 3350 3739 vel
3382 3688 3500 3741 sin—

1909 3773 2019 3841 guli
2050 3772 2133 3827 vel
2165 3774 2334 3827 etiam
2372 3774 2516 3827 facto
2539 3776 2777 3843 agmine,
2807 3776 3108 3844 principem
3133 3777 3500 3843 reprehende-

1907 3879 2057 3922 runt.
2082 3866 2286 3921 llorum
2316 3869 2573 3938 praecipui
2609 3868 2761 3922 luere
2788 3869 3084 3922 Ahrarnita:
3108 3871 3379 3935 monachi,
3403 3870 3496 3940 qni

1908 3958 2080 4011 libere
2115 3959 2169 4011 in
2193 3967 2553 4026 conSpectum
2587 3961 2705 4027 ejus
2754 3961 3027 4029 progressi
3071 3975 3133 4014 ex
3177 3970 3496 4015 sanctorum

1907 4058 2125 4118 patrum
2165 4049 2354 4115 dictis,
2393 4053 2575 4120 magni
2626 4052 2886 4105 videlicet
2922 4052 3188 4123 Dianysii,
3214 4052 3496 4108 llierothei

1903 4150 1956 4196 et
1986 4142 2197 4207 lrenmi,
2234 4144 2688 4199 demonstrarunt
2722 4159 2829 4198 non
2876 4160 3050 4213 nuper
3077 4147 3295 4200 vivendi
3332 4148 3499 4200 ratio-

1904 4248 2027 4287 nem
2079 4236 2597 4305 institutionemque
2634 4238 2997 4291 monasticam
3047 4240 3351 4302 exstitisse,
3397 4240 3494 4294 sed

1902 4327 2287 4395 perantiqnam
2340 4343 2488 4392 esse,
2560 4329 2654 4382 sed
2707 4338 2761 4383 et
2803 4345 2991 4385 sacras
3050 4332 3318 4399 imagines
3359 4332 3496 4397 ipsis

1903 4414 2072 4471 fuisse
2102 4420 2368 4486 apostolis
2402 4421 2703 4475 familiares
2727 4460 2744 4485 ,
2786 4423 3011 4492 quando
3054 4432 3108 4477 et
3144 4423 3321 4478 Lucas
3356 4424 3494 4479 divi-

1903 4528 2009 4566 nus
2083 4515 2366 4581 apostolus
2434 4516 2678 4586 Deiparm
2733 4519 2965 4571 formam
3027 4520 3368 4585 depinxerit.
3437 4529 3494 4577 et

210 4593 450 4661 λογικῶς
475 4594 539 4646 εκ
568 4610 627 4646 τε
662 4592 773 4645 τῶν
795 4596 909 4657 τοῖς
950 4595 1125 4659 ἁγίοις
1152 4595 1430 4663 Πατράσιν
1455 4595 1612 4664 ἡμῶν
1646 4598 1797 4667 εἰρη-

1913 4603 2159 4659 Christus
2182 4606 2443 4659 Dominus
2473 4606 2725 4675 Deosque
2752 4620 2936 4663 noster
2968 4610 3139 4665 linteo
3164 4612 3490 4681 impressam

214 4686 417 4754 μένων.
480 4685 743 4754 Διονυσίῳ
773 4685 853 4754 τῷ
885 4685 1128 4755 μεγάλῳ,
1181 4686 1431 4756 Ἰεροθέῳ
1485 4690 1577 4739 καὶ
1633 4688 1799 4756 Εἰρη-

208 4776 369 4844 ναίῳ,
423 4775 822 4828 ἀπεδείκνυσαν
862 4775 936 4838 ὡς
989 4776 1050 4828 οὐ
1103 4777 1230 4848 χθὲς
1262 4780 1357 4828 καὶ
1398 4776 1592 4846 πρώην
1633 4778 1798 4846 ἡτῶν

213 4865 466 4936 μοναχῶν
526 4865 775 4919 πολιτεία
829 4882 890 4918 τε
937 4867 1237 4936 ἑφεύρηται
1290 4873 1385 4920 καὶ
1441 4870 1795 4936 κατάστασις,

210 4960 423 5011 παλαιά
457 4959 516 5011 δέ
554 4976 638 5022 τις
677 4959 773 5011 καὶ
796 4958 1114 5028 ἀρχέγονος.
1157 4961 1233 5011 Οὐ
1288 4961 1397 5029 μὴν
1425 4961 1481 5013 δὲ
1515 4961 1649 5014 ἀλλὰ
1705 4964 1798 5015 καὶ

206 5051 276 5101 τὰ
306 5049 415 5101 τῶν
456 5048 615 5101 θείων
639 5049 866 5101 είκόνων
897 5046 1244 5118 μορφώματα
1276 5049 1629 5103 ἀπεδείκνυον
1672 5052 1795 5105 σύν-

206 5139 391 5209 τροςά
415 5155 474 5191 τε
498 5141 611 5201 τοῖς
663 5138 985 5199 ἀποστόλοις
1020 5139 1113 5191 καὶ
1150 5139 1433 5209 ὁμοδίαιτα
1457 5178 1471 5204 ,
1502 5142 1618 5209 εἴγε
1653 5144 1791 5195 Λου-

206 5232 309 5292 κᾶς
340 5229 439 5298 μὲν
468 5230 495 5281 ό
534 5229 675 5290 θεῖος
704 5228 999 5290 ἀπόστολος
1028 5229 1128 5297 τὴν
1157 5233 1254 5299 τῆς
1281 5232 1544 5283 Θεοτόκου
1580 5236 1795 5303 μορφὴν

204 5321 581 5386 ἀνετῦπωτεν,
609 5322 771 5383 αῦτδς
796 5320 853 5372 δὲ
888 5321 1122 5389 Χριστὸς
1144 5324 1171 5373 ὁ
1199 5324 1472 5391 Δεσπότης
1504 5327 1663 5393 ἡμῶν
1700 5328 1793 5380 καὶ

204 5413 341 5473 Θεὸς
390 5413 491 5481 τὴν
536 5412 733 5466 ἑαυτοῦ
785 5413 877 5464 ἐπί
929 5431 1073 5476 τινος
1120 5414 1311 5484 όθόνης
1366 5416 1791 5487 ἀπομαξάμενος

204 5504 625 5572 ἀχειῴτευκτον
671 5505 804 5574 ἡμῖν
858 5502 1269 5556 καταλέλοιπεν.
1339 5500 1497 5556 Οὗτοι
1565 5506 1696 5572 γοῦν
1741 5508 1788 5557 el

205 5594 476 5648 θειότατοι
504 5596 698 5666 ἄνδρες
724 5597 822 5665 τὴν
850 5597 945 5648 τοῦ
964 5597 1227 5667 τυράννου
1252 5598 1437 5651 ἄνοιαν
1470 5599 1791 5666 ἐξελέγξανο

1906 4696 1990 4749 Stti
2046 4694 2277 4766 elligiem
2339 4698 2490 4752 nullo
2548 4715 2744 4755 manus
2789 4701 3099 4756 ministerio
3152 4702 3490 4757 elaboratam

1904 4788 2064 4841 nobis
2096 4790 2399 4857 reliquerit.
2423 4789 2537 4844 Hoc
2565 4792 2727 4845 modo
2750 4793 3082 4847 divinissimi
3112 4793 3201 4849 isti
3237 4792 3340 4847 viri
3362 4808 3489 4847 cum

1903 4879 2120 4947 tyranni
2153 4879 2320 4949 912
2348 4882 2621 4935 inscitiam
2664 4892 2828 4952 atque
2872 4884 3136 4938 sarritiam
3170 4883 3488 4954 redarguis-

1903 4978 2043 5034 sent,
2088 4973 2159 5024 ob
2203 4988 2474 5025 summam
2520 4974 2735 5029 dicendi
2788 4976 3095 5029 libertatem
3131 4974 3334 5029 multos
3364 4988 3491 5028 cru-

1901 5060 2078 5114 ciatns
2103 5073 2265 5132 atque
2302 5073 2574 5119 tormenta
2604 5068 2923 5135 passi,urhe
2950 5068 3116 5121 etiam
3150 5067 3204 5119 in
3230 5067 3486 5121 exsilium

1898 5154 2121 5221 relegati
2149 5164 2297 5211 sunt.
2325 5159 2429 5223 Qui
2471 5174 2595 5211 cum
2625 5160 2691 5212 ad
2728 5158 2912 5213 fanum
2944 5159 3174 5215 Joannis
3203 5159 3484 5228 Baptism,

1898 5246 2042 5310 quod
2061 5246 2325 5302 Terribile
2348 5261 2718 5316 cognomento
2753 5252 2955 5305 dicitur
2983 5262 3175 5321 estque
3200 5255 3252 5306 in
3270 5251 3484 5308 Euxino

1898 5346 2063 5404 ponto
2099 5337 2286 5398 situm.
2321 5342 2718 5405 pervenissent,
2754 5341 3091 5410 ﬂagellorum
3130 5345 3302 5415 plagis
3329 5360 3487 5413 pror-

1897 5442 1993 5479 sus
2041 5427 2274 5479 conlet-ti
2311 5429 2362 5480 in
2406 5431 2649 5482 caelitum
2703 5440 2906 5483 coetum
2960 5432 3233 5485 abierunt.
3277 5434 3480 5488 Eorum

1896 5516 2161 5569 cadavera
2200 5519 2467 5585 insepulta
2499 5521 2549 5573 in
2587 5522 2763 5575 solum
2796 5522 3032 5591 projects
3062 5523 3154 5576 diu
3187 5523 3481 5577 admodum

1899 5608 2108 5675 integra
2146 5619 2495 5672 manserunt,
2544 5610 2720 5668 donec
2754 5615 2827 5683 pii
2862 5613 3083 5683 quidam
3119 5630 3183 5669 ea
3216 5614 3482 5669 humave-

1332 5710 1685 5769 XYLANDR:
1723 5717 1806 5770 ΕΤ
1855 5719 2090 5774 GOARI'
2116 5720 2344 5777 ΝΟΤΑΞ.

276 5810 391 5881 (90)
431 5808 608 5881 Locus
640 5816 723 5861 est
754 5808 1046 5881 obscurus.
1107 5804 1376 5881 leerum
1401 5806 1780 5881 ⁸Ιιίθιςίιιιιριις,

204 5878 369 5948 cuius
413 5880 615 5933 mentio
647 5880 805 5948 paulo
856 5890 976 5950 post
1022 5878 1098 5941 lit,
1157 5878 1359 5931 sodalis
1396 5878 1495 5933 fuit
1543 5878 1784 5952 Dionysii

1894 5814 2270 5939 ἓόειέιίεέῑιω
2309 5816 2375 5870 de
2426 5832 2537 5888 quo
2588 5818 2773 5875 videre
2816 5828 2970 5890 potes
3008 5818 3374 5891 Nicephorum
3414 5834 3479 5887 ιι,
