4226 6442
738 371 844 433 995

715 584 869 632 sunt.
903 573 1176 630 Germana
1201 573 1287 628 his
1316 579 1444 627 sunt
1472 571 1714 627 facinora
1739 573 1992 628 monachi
2020 574 2309 642 cujusdam

709 669 824 740 jam
848 667 912 721 ad
937 665 1306 720 sacerdotium
1335 666 1598 733 provecti.
1616 664 1664 716 Is
1687 665 1876 719 divino
1893 666 2094 718 mentis
2112 665 2312 719 ardore

713 762 924 815 excitus
948 763 997 812 in
1023 758 1212 812 faciem
1247 769 1479 828 tyranno
1504 758 1724 820 re~titit,
1760 769 1810 812 et
1837 772 1959 811 cum
1983 759 2088 811 alia
2142 760 2311 812 multa

715 851 997 912 disseruit,
1035 861 1145 903 tum
1198 852 1325 902 illud
1367 848 1518 901 Pauli
1554 847 1699 918 (Gal.
1727 849 1778 917 1)
1815 851 2019 904 dictum
2047 851 2308 919 protulit:

719 945 1088 996 Exsecrabilis
1120 955 1261 1003 esm,
1303 958 1622 1011 quicunque
1659 942 1805 994 aliud
1839 942 1906 995 ab
1939 957 2003 994 eo
2037 943 2179 1011 quod
2219 958 2312 996 ac-

715 1040 945 1105 cepistis
978 1037 1317 1103 evangelium
1351 1037 1505 1089 Vobis
1547 1036 1732 1087 tradit.
1774 1034 1879 1088 Sed
1920 1035 2062 1088 hunc
2095 1051 2312 1105 quoque

717 1129 901 1180 multis
941 1127 1266 1180 verberibus
1341 1131 1627 1181 multatum
1694 1131 2011 1197 imperator,
2074 1147 2197 1182 cum
2256 1131 2312 1184 in

716 1221 992 1287 colloquio
1018 1223 1454 1275 caustantiorem
1489 1221 1721 1282 videret.
1761 1223 1825 1276 ad
1857 1221 2112 1287 Januem,
2152 1239 2312 1278 suum

717 1316 994 1380 quondam
1040 1323 1426 1382 praeceptorem
1463 1329 1525 1366 ac
1560 1318 1906 1383 magistrum,
1950 1318 2118 1379 misit,
2157 1332 2316 1369 man-

717 1406 845 1457 dato
874 1416 933 1456 ut
967 1404 1032 1455 ii)
1059 1407 1389 1457 monachum
1424 1405 2314 1460 dialecticisdemonstrationibus

719 1511 746 1546 a
781 1499 1066 1563 proposito
1114 1497 1422 1549 diduceret.
1460 1495 1628 1549 Istum
1661 1512 1879 1566 quoque
1910 1497 2140 1551 Januem
2182 1515 2317 1568 pia:-

720 1588 906 1640 clarus
950 1589 1053 1640 iste
1087 1596 1329 1639 certatur
1367 1603 1474 1640 non
1524 1588 1824 1641 dialecticis
1867 1599 1960 1640 aut
1999 1592 2313 1658 scphisticis

719 1682 1256 1743 ratiocinatiouiluis,
1279 1679 1370 1734 sed
1410 1680 1727 1747 apostolicis
1745 1682 2188 1750 craugeiicisqltc
2208 1684 2314 1748 Idi--

718 1773 825 1825 ctis
879 1773 1031 1839 pisce
1096 1774 1268 1840 magis
1327 1783 1535 1824 mutum
1588 1776 1814 1843 redegit.
1848 1776 1925 1827 Ac
1974 1785 2088 1828 tum
2135 1777 2317 1830 denuo

2043 367 2371 430 GEORGII
2412 367 2749 428 CEDRENI

716 493 868 549 runt,
895 496 948 540 et
977 484 1166 538 eodem
1188 495 1298 551 quo
1325 480 1531 537 Christi
1561 489 1834 552 martyres
1863 482 2071 539 honore
2098 484 2307 556 dignati
2343 491 2387 546 Α
2417 501 2510 546 τῖς

3895 370 4006 431 99ύ

3481 447 3505 470 θ
3624 447 3654 454 _

2557 484 2652 536 καὶ
2691 482 2789 553 τὴν
2833 480 3130 552 θηριωδίαν
3160 485 3238 549 τῷ
3287 481 3492 554 σφόδρα
3525 482 4008 554 παρρησιασθῆναι

2415 575 2851 637 ἐκκαλεσάμενοι
2882 572 3023 642 μετὰ
3051 571 3256 636 πολλὰς
3284 574 3470 637 αἰκίας
3496 591 3557 627 τε
3591 574 3688 628 καὶ
3733 573 4008 640 βασάνους

2410 670 2511 737 τῆς
2567 669 2778 730 πόλεως
2846 666 3368 737 ἐξωρίσθησαν,τδν
3419 667 3476 720 δὲ
3545 667 3641 720 τοῦ
3683 667 4006 738 Προδρόμου

2413 765 2547 816 ναὸν
2584 764 2678 817 τὸν
2711 761 2858 816 οὕτω
2879 763 3218 831 καλούμενον
3244 761 3339 814 τοῦ
3376 760 3614 832 φοϐεροῦ
3650 763 3751 814 κάν
3775 762 3854 830 τῷ
3897 762 4008 814 Εὗ-

2415 856 2576 928 ξείνῳ
2608 857 2950 924 διακείμενον
2983 855 3162 924 πόντῳ
3186 853 3607 919 καταλαϐόντες,
3648 855 3742 906 καὶ
3781 855 3902 916 ταῖς
3942 856 4008 905 ἐκ

2415 949 2524 1001 τῶν
2568 948 2849 1018 μαστίγων
2871 948 3104 1016 πληγαῖς
3134 945 3357 1010 τελείως
3390 944 3885 1014 καταπονηθέντες,
3905 945 3975 1012 τῆ
3984 962 4010 1007 ς

2362 1061 2368 1066 ·
2415 1042 2530 1096 ἄνω
2572 1041 2782 1111 λήξεως
2818 1039 3154 1111 ἠξιώθησαν.
3203 1032 3303 1091 Ὧν
3347 1039 3443 1091 καὶ
3484 1039 3552 1092 τὰ
3583 1039 3741 1106 τίμια
3773 1038 4011 1106 σώματα

2416 1135 2601 1201 ἄταφα
2632 1132 2946 1203 ὲρῤιμμέια
2997 1131 3072 1192 εί,
3129 1128 3391 1198 τούδαφο,
3452 1129 3570 1182 σῶα
3625 1131 3718 1182 ἐπὶ
3753 1129 4012 1182 πλεῖστον

2414 1225 2818 1296 διετηρήθησαν
2853 1222 3068 1294 χρόνον,
3104 1223 3270 1292 μέχρι
3302 1224 3425 1275 ὅτου
3468 1222 3651 1274 πιστοί
3700 1222 4014 1287 τινεςρνα-

2415 1318 2671 1371 λαϐόντες
2692 1317 2868 1370 ταῦτα
2896 1317 3196 1385 ἐκήδευσαν
3231 1316 3325 1369 καὶ
3350 1315 3702 1386 καταλλήλως
3741 1315 4014 1383 ἐτίμησαν

2415 1412 2525 1471 τοῖς
2557 1411 2700 1480 ὑπὲρ
2753 1407 2991 1480 Χριστοῦ
3039 1407 3135 1460 τοῦ
3193 1407 3328 1460 Θεοῦ
3382 1410 3825 1476 μαρτυρήμασιν.
3877 1406 4012 1471 '15:;-

2417 1498 2622 1569 ἅμιλλα
2660 1498 2868 1559 τούτοις
2903 1499 2998 1551 καὶ⁵
3035 1498 3242 1564 ἀδελφὰ
3274 1497 3364 1550 καί
3412 1514 3498 1560 τις
3551 1499 3781 1567 μοναχδς
3818 1497 4015 1564 ἕτερος

2419 1593 2754 1658 ἐπεδείξατο,
2800 1591 2936 1661 πρὸς
2966 1591 3140 1660 ἀρχὴν
3178 1589 3477 1659 ἱερωσύνης
3503 1592 3627 1657 ἄρτι
3651 1587 4012 1658 ἀναδραμὼν·

2420 1684 2586 1752 ζήλου
2617 1686 2726 1754 γὰρ
2753 1683 2899 1735 θείου
2933 1682 3196 1752 πλησθεὶς
3236 1682 3377 1734 κατὰ
3409 1682 3704 1751 πρόσωπον
3751 1680 3882 1745 ἔστη
3916 1678 4016 1730 τοῦ

2416 1777 2706 1845 τυράννου,
2758 1778 2854 1828 καὶ
2894 1774 3030 1828 ἄλλα
3074 1776 3174 1845 μὲν
3221 1771 3414 1838 διεξιὼ·
3463 1775 3562 1826 οὐκ
3608 1773 3790 1839 ὀλίγα,
3817 1772 3914 1823 καὶ
3955 1772 4020 1822 τὸ

721 1867 908 1916 multis
934 1863 1164 1918 aﬂ'eetus
1188 1865 1510 1918 verberibus
1543 1865 1722 1919 solum
1755 1875 1966 1921 vertere
1991 1868 2182 1936 jussus
2205 1879 2310 1922 est.

2426 1866 2511 1919 τοῦ
2531 1866 2834 1919 ἀποστόλου
2865 1867 2922 1919 δὲ
2953 1866 3165 1920 Παύλου
3195 1866 3380 1937 ῥητὸν,
3412 1864 3573 1918 τοῦτο
3598 1865 3662 1935 δὴ
3687 1865 3747 1916 τὸ
3775 1865 4018 1932 φάσκονο

725 1950 855 2008 Post
886 1969 1012 2008 vero
1041 1971 1166 2008 cum
1197 1972 1392 2026 magno
1419 1957 1629 2027 Ignatio
1662 1959 1988 2028 aliquandiu
2022 1975 2317 2014 conversa-

723 2057 907 2099 tusae
963 2049 1028 2100 de
1078 2051 1462 2103 subsecuturis
1509 2049 1841 2104 vaticinatus
1891 2050 2318 2119 imperatoribus

722 2137 886 2209 913
948 2140 969 2210 (
999 2156 1122 2194 nam
1153 2150 1206 2194 et
1240 2141 1384 2194 dono
1426 2144 1780 2211 pra-scientiae
1830 2140 2137 2196 futurorum
2174 2143 2319 2199 Deus

726 2244 850 2284 com
911 2235 1171 2300 dignatus
1233 2233 1447 2304 fuerat)
1515 2235 1582 2288 ad
1634 2237 1923 2290 Dominum
1987 2239 2319 2307 commigra-

724 2332 824 2376 \‘ll.

724 2419 923 2483 δείξεσι
975 2419 1163 2474 τοῦτον
1220 2424 1402 2474 πεῖσαι
1444 2422 1934 2491 ἐγκελευσάμενος.

725 2511 1000 2571 λεκτικαῖς
1035 2514 1394 2578 ἀποδείξεσιν,
1438 2517 1816 2578 ἀποστολικοῖς
1848 2517 1904 2569 δὲ

2425 1977 2444 2011 ι
2475 1960 2540 2010 Εἰ
2560 1976 2646 2020 τις
2685 1960 2813 2028 ὑμῖν
2843 1959 3258 2026 εὐαγγελίζεται
3295 1958 3424 2028 παρ’
3447 1958 3476 2010 ὃ
3501 1957 3862 2028 παρελάϐετε,
3881 1957 4022 2008 ἀνά-

2422 2049 2564 2121 θεμα
2595 2050 2754 2103 ἔστω.
2795 2067 2813 2100 ι
2855 2050 3018 2104 Ἀλλά
3061 2051 3157 2100 καὶ
3207 2051 3383 2120 τοᾶτῳ
3419 2048 3635 2119 πληγάς
3669 2048 3879 2109 ἐπιθεὶς
3913 2047 4025 2098 οὐκ

2421 2144 2632 2212 ὀλίγας,
2667 2135 2858 2215 ἐπειδὴ
2897 2142 3300 2213 σταθηρότερος
3352 2142 3528 2208 ἔδοξεν
3562 2143 3620 2193 ὲν
3651 2143 3716 2208 τῇ
3755 2139 4023 2202 διαλέξει,

2424 2241 2562 2308 πρὸς
2591 2239 2684 2291 τὸν
2725 2239 2933 2309 Ἰαννῆν
2982 2237 3388 2305 ἐξαποστέλλει,
3424 2237 3747 2307 καθηγητὴν
3790 2235 3887 2288 τοῦ
3917 2252 4026 2286 τυ-

2429 2332 2626 2401 ράννου
2648 2333 2914 2398 γεγονότα
2948 2333 3044 2382 καὶ⁵
3091 2330 3434 2392 διδάσκαλον,
3480 2330 3845 2388 διαλεκτικαῖς
3878 2328 4027 2379 ἀπο·

2011 2423 2174 2476 Ἀλλὰ
2215 2426 2308 2478 καὶ
2348 2428 2537 2479 τοῦτον
2573 2429 2872 2492 ὀγενναῖος
2906 2426 3213 2495 ἀγωνιστὴς
3243 2429 3303 2478 ού
3337 2426 3683 2493 σοφιστικαῖς
3746 2425 3840 2475 καὶ
3894 2420 4028 2473 6t:-

1985 2519 2080 2570 καὶ
2107 2519 2490 2587 εύαγγελικοῖς

2566 2521 2810 2592 ῥήμασιν
2898 2520 3243 2589 ἀφωνότερον
3323 2519 3524 2588 ἰχθύων
3578 2517 3850 2581 ἀπέδειξε.
3906 2515 4030 2580 Καὶ

725 2606 846 2657 τότε
891 2607 988 2676 μὲν
1017 2608 1113 2659 ούκ
1147 2607 1333 2674 ὀιίγας
1390 2608 1553 2660 πάλιν
1606 2609 1788 2660 ὶαὸὼν
1836 2611 2310 2680 ἐξοστρακίζεται,
2341 2612 2646 2683 ὕστερονδὲ
2678 2612 2752 2680 τῷ
2831 2612 3054 2682 μεγάλῳ
3133 2611 3334 2673 συστάς
3382 2609 3631 2676 Ἰγνατίῳ
3670 2609 3762 2660 καὶ
3815 2607 4025 2678 χρόνον

727 2701 848 2752 τινὰ
872 2701 1260 2769 συνδιατρίψας
1281 2699 1429 2770 αὐτῷ
1452 2703 1545 2752 καὶ
1571 2702 1701 2772 περὶ
1726 2702 1836 2754 τῶν
1863 2704 2169 2770 μελλόντων
2190 2704 2517 2772 ἀναδιδάξας
2560 2703 2827 2775 βασιλέων
2852 2700 2941 2775 (ἦν
3009 2705 3118 2775 γὰρ
3175 2705 3269 2757 καὶ
3333 2703 3702 2774 προορατικοῧ
3778 2701 4033 2771 ἠξιωμέ-

727 2810 814 2856 νος
851 2793 1238 2863 χαρίσματος),
1275 2795 1412 2863 προς
1441 2794 1644 2871 Κύριον
1678 2797 2001 2866 ἐξεδήμησε.

797 2931 1094 2986 Enimvero
1143 2931 1482 3003 Theophilus
1517 2937 1704 2990 animo
1747 2938 1798 2990 in
1848 2938 2115 3014 imagines
2142 2937 2319 2991 infen—

729 3021 949 3077 siSsimo
1013 3024 1208 3074 statuit
1248 3038 1441 3078 Omnes
1489 3025 1730 3093 pictores
1784 3041 1815 3080 e
1869 3027 2050 3079 medio
2105 3029 2320 3092 tollere,

731 3115 897 3168 vitam
936 3129 1043 3165 non
1081 3115 1240 3166 aliter
1283 3126 1601 3172 SLI'Vﬂlltl‘OS
1635 3134 1798 3187 quam
1847 3119 1892 3172 si
1945 3135 2009 3173 ea
2053 3135 2316 3189 ecuspuc-

731 3218 857 3263 rent
903 3216 954 3261 et
991 3215 1047 3259 ut
1087 3207 1314 3275 profana
1357 3210 1507 3264 humi
1550 3213 1959 3268 cenculcarent.
2000 3214 2146 3269 Inter
2188 3218 2326 3272 alios

735 3311 930 3370 captus
965 3314 1027 3352 ea
1069 3301 1133 3354 de
1175 3315 1341 3354 causa
1375 3301 1477 3354 fuit
1502 3307 1668 3355 etiam
1705 3303 1949 3360 Lazarus
1995 3310 2324 3372 monachus,

2503 2935 2590 3007 [P.
2633 2932 2761 3006 520]
2803 2932 2935 2993 Ταῖς
2983 2931 3040 2982 δὲ
3083 2929 3253 2992 θείαις
3291 2929 3496 2981 εἰκόσιν
3545 2929 3572 2980 6
3601 2927 3862 2996 τύραννος
3912 2929 4032 2980 ἀπ-

2431 3027 2792 3098 εχθανόμενος
2817 3022 3047 3075 ἔσπευδε
3073 3021 3282 3078 πάντας
3300 3019 3622 3086 ζωγράφους
3640 3017 3698 3081 ἐξ
3717 3018 3811 3069 ἀνθ
3822 3017 4030 3082 ρώπων

2433 3120 2712 3188 ἀφανίσαι,
2747 3116 2778 3187 ἦ
2807 3116 2868 3166 τὸ
2901 3116 3000 3184 ζῆν
3025 3114 3391 3182 αἱρουμένους
3419 3109 3687 3179 ἐμπτύειν
3710 3126 3768 3159 τε
3794 3110 4034 3171 ταύταις

2435 3215 2532 3265 καὶ
2559 3212 2633 3274 ὼς
2675 3209 2879 3280 βέὸηὶά
2914 3222 3036 3258 τινα
3072 3204 3159 3256 ἐπ’
3195 3203 3425 3269 ἐδάφους
3481 3203 3836 3254 καταπατεῖλ.
3877 3203 4033 3269 “pi;

2437 3307 2548 3367 τοῖς
2575 3303 2754 3364 ἄλλοις
2773 3301 2828 3352 δὲ
2853 3297 3266 3368 συγκατεσγέθη
3301 3296 3393 3348 καὶ
3423 3295 3450 3347 6
3484 3297 3718 3364 μοναχὸς
3745 3293 4031 3363 Λάζαρος,

734 3409 798 3447 eo
835 3403 1079 3461 tempo.e
1112 3393 1180 3445 ob
1208 3402 1380 3446 artem
1421 3396 1679 3466 pingendi
1724 3400 1942 3452 nobiiis.
1977 3402 2153 3470 Atque
2185 3403 2322 3458 hunc

2438 3398 2760 3467 περιϐόητος
2795 3409 3098 3461 τηνικαυτα
3122 3393 3266 3443 κατά
3312 3393 3410 3460 τὴν
3443 3388 3803 3456 ζωγραφικὴν
3841 3389 4032 3460 ὑπάρ-

735 3493 969 3560 primum
1000 3488 1301 3554 imperator
1327 3487 1540 3565 blandis
1562 3493 1742 3546 verbis
1772 3493 2025 3561 subigere
2055 3493 2328 3548 intendit:

737 3596 859 3655 post
893 3588 982 3642 ubi
1017 3589 1296 3642 hominem
1322 3584 1596 3640 adulando
1633 3586 1751 3653 capi
1786 3587 2014 3654 nequire
2045 3589 2240 3651 sensit,
2264 3585 2332 3639 ad

735 3678 843 3730 vim
875 3679 976 3731 sibi
1006 3677 1334 3732 familiarem
1375 3691 1692 3732 conversus.
1720 3679 2009 3732 tormentis
2033 3679 2104 3732 ita
2133 3693 2329 3732 excar-

738 3771 1023 3826 nificatum
1059 3783 1115 3826 ut
1148 3774 1256 3824 vita
1286 3787 1615 3826 excessurus
1654 3780 1941 3839 putaretur
1975 3774 2026 3824 in
2055 3786 2330 3826 carcerem

737 3866 997 3934 conjecit.
1021 3865 1273 3935 Cumque
1297 3880 1420 3919 eum
1443 3865 1767 3931 aegritudine
1783 3865 2124 3918 subievatum
2151 3865 2331 3919 denuo

737 3974 928 4013 sacras
977 3958 1182 4014 formas
1254 3959 1478 4028 pingere
1538 3961 1794 4023 audiret,
1848 3958 2079 4012 laminas
2125 3959 2332 4014 ferreas

739 4051 940 4119 ignilas
1002 4050 1196 4119 palmis
1245 4050 1366 4118 ejus
1417 4049 1680 4118 applicari
1719 4051 1910 4116 jussit,
1958 4064 2082 4116 qua:
2133 4064 2332 4104 carnes

737 4153 974 4196 eatenus
1019 4142 1261 4210 depasta:
1295 4151 1454 4205 sunt,
1502 4143 1630 4194 dum
1666 4143 1847 4194 victus
1886 4143 2031 4195 malo
2062 4142 2329 4196 semiani-

741 4250 866 4289 mus
898 4234 1090 4303 iacuit.
1135 4232 1295 4298 Tum,
1331 4233 1460 4303 quia
1496 4249 1619 4288 eum
1660 4237 1898 4303 posteris
1929 4249 2152 4290 servare
2183 4234 2333 4289 vole-

740 4326 832 4380 bat
883 4327 1069 4378 divina
1114 4327 1426 4392 clementia,
1472 4334 1742 4396 tyrannus
1783 4329 2022 4380 animam
2061 4342 2181 4380 eam
2215 4327 2328 4395 jam

741 4432 904 4486 agere
935 4418 1190 4484 audiens,
1221 4419 1711 4488 dcprecationibus
1750 4419 1942 4474 uxoris
1968 4428 2134 4486 atque
2167 4419 2331 4487 hujus

741 4507 1062 4562 intimorum
1117 4519 1298 4565 motus
1342 4526 1468 4564 eum
1512 4525 1579 4565 ex
1621 4524 1845 4564 carcere
1891 4509 2122 4564 dimisit.
2165 4510 2242 4564 lta
2285 4513 2332 4566 is

739 4600 939 4653 deinde
988 4599 1042 4653 in
1084 4598 1214 4654 fano
1263 4598 1575 4665 Prodromi,
1615 4603 1763 4669 quod
1799 4599 2072 4654 Terribile
2105 4600 2330 4666 dicitur,

2435 3507 2546 3560 χων
2571 3490 2791 3558 τέχνην.
2824 3487 2935 3538 Καὶ
2991 3484 3186 3554 πρῶτα
3231 3483 3328 3552 μὲν
3375 3484 3404 3535 6
3434 3483 3703 3550 (κομάχος
3753 3481 4034 3544 θωπείαις

2435 3585 2598 3636 αὐτὸν
2616 3581 2879 3649 ἐπειρᾶτο
2907 3575 3290 3630 ὑποποιεῖσθαι
3312 3591 3324 3604 ·
3352 3574 3424 3637 ὼ..
3439 3575 3496 3627 δὲ
3517 3589 3807 3643 κρειττονα
3833 3575 4032 3626 τοῦτον

2435 3679 2584 3746 ἑώρα
2617 3674 2910 3736 κολακείας
2938 3674 3186 3740 ἀπάσης,
3207 3670 3341 3738 πρὸς
3366 3671 3467 3737 τὴν
3501 3669 3804 3737 σύντροςον
3838 3669 4032 3719 ἀπεῖδε

2440 3771 2582 3841 βίαν,
2617 3769 2712 3822 καὶ
2743 3767 3000 3820 τοσοῦτον
3059 3765 3225 3816 αὐτὸν
3274 3766 3399 3825 ταῖς
3433 3761 3686 3832 βασάνοις
3722 3761 4034 3831 κατῄκιςεν

2435 3867 2510 3928 ὡς
2543 3865 2676 3935 μηδὲ
2714 3862 3082 3933 περιγενέσθα
3174 3862 3240 3911 ὲκ
3268 3860 3476 3911 τούτων
3527 3855 3875 3926 νομίζεσθαι.
3912 3856 4036 3908 Καὶ

2434 3960 2607 4021 οὕτως
2658 3958 2850 4027 ἔχοντα
2900 3951 3154 4024 πονήρως
3205 3953 3297 4005 τοῦ
3346 3949 3600 4018 σώματος
3649 3948 4025 4019 δεσμωτηρίῳ

2437 4052 2843 4120 καθείργνυσιν.
2877 4049 3030 4100 Ἐπεὶ
3055 4047 3110 4099 δὲ
3145 4046 3377 4098 ἐπύθετο
3400 4046 3473 4106 ὡς
3492 4043 3835 4112 ἁναρραῖσας
3868 4037 4034 4101 αὖθις

2436 4143 2735 4210 ἀναστηλοῖ
2763 4140 2864 4204 τὰς
2898 4140 3049 4200 θείας
3086 4138 3325 4208 μορφὰς,
3380 4136 3637 4188 ἐκέλευσε
3684 4134 3893 4186 πέταλα
3943 4149 4037 4184 σι-

2434 4237 2578 4306 δηρᾶ
2600 4233 3108 4304 ἀπανθρακωοέντα
3141 4233 3261 4292 ταῖς
3307 4231 3593 4297 παλάμαις
3649 4227 3813 4280 αὐτοῦ
3839 4230 4036 4279 ἐπιτε-

2436 4328 2618 4397 θῆναι.
2671 4327 2962 4378 Ἐδὸσκςτο
2989 4321 3082 4378 οὖν
3106 4325 3167 4376 τὸ
3195 4325 3307 4392 πῦρ
3328 4324 3424 4384 τὰς
3453 4323 3685 4390 σάρκας,
3729 4320 3857 4389 ἄχρι
3893 4320 4035 4371 ποτὲ

2435 4419 2831 4489 ἀπαγορεύσας
2866 4420 2893 4470 ὁ
2922 4417 3164 4487 ἀθλητὴς
3187 4418 3366 4469 ἔκειτο
3405 4414 3698 4484 ἡμιθανὴς.
3747 4411 3889 4463 Ἀλλ’
3914 4410 4034 4462 ἔδει

2434 4512 2628 4566 τοῦτον
2661 4513 2767 4565 ὑπὸ
2802 4512 2903 4578 τῆς
2935 4510 3083 4570 θείας
3122 4510 3348 4579 χάριτος
3374 4504 3752 4572 διατηρεῖσθαι
3780 4502 3876 4554 καὶ
3910 4506 4032 4566 τοῖς

2436 4605 2666 4676 ὕστερον
2702 4604 2974 4671 ἔναυσμα,
3015 4601 3138 4654 ὅθεν
3161 4604 3188 4655 6
3216 4601 3482 4670 τύραννος
3513 4597 3703 4665 ἐπειδὴ
3740 4597 3810 4647 τὰ
3833 4593 4030 4645 τελευ-

740 4691 1054 4744 occultatus
1109 4691 1398 4760 imaginem
1449 4689 1759 4758 Prodromi,
1805 4699 2086 4762 utcunque
2144 4695 2322 4746 saucio

2437 4699 2566 4750 ταῖα
2602 4697 2756 4748 πνεῖν
2817 4694 3148 4762 ἐμάνθανεν,
3179 4693 3414 4752 ἱκεσίαις
3453 4690 3551 4757 τῆς
3603 4687 3894 4755 δεσποίνης
3929 4689 4029 4740 καί

737 4795 990 4850 corpore,
1014 4783 1256 4850 depinxit
1290 4790 1469 4836 tamen
1496 4800 1512 4848 ;
1543 4797 1662 4852 quaa
1695 4783 1787 4835 diu
1831 4782 2050 4836 duravit
2084 4785 2331 4838 morbos-

741 4889 847 4944 que
887 4873 1058 4944 914
1085 4876 1322 4929 ειιιιοιὶι.
1355 4874 1419 4927 Ει
1462 4884 1585 4944 post
1614 4885 1844 4929 mortem
1887 4876 2172 4946 Theophili
2203 4893 2330 4930 vera

745 4965 1006 5036 religione
1039 4981 1259 5019 rursum
1300 4966 1595 5037 eﬂ’ulgcute
1635 4969 1928 5037 imaginem
1962 4966 2092 5022 Jesu
2125 4967 2328 5023 Christi

742 5057 836 5110 Dei
876 5068 930 5111 et
967 5057 1224 5122 hominis,
1261 5058 1404 5126 quod
1453 5068 1536 5113 est
1578 5060 1631 5113 in
1683 5064 1853 5123 calce,
1906 5061 2023 5115 suis
2077 5062 2330 5116 manibus

743 5145 1008 5199 condidit.
1056 5146 1203 5200 Idem
1240 5155 1474 5201 ornatus
1503 5163 1531 5200 a
1578 5147 1867 5204 Theodora
1909 5153 2328 5220 prmclarissima

741 5237 1096 5304 imperatrice
1129 5245 1185 5290 ut
1225 5239 1423 5292 marito
1449 5252 1551 5294 suo
1595 5240 1899 5308 ignosceret
1949 5242 2270 5311 veniamque
2297 5257 2326 5295 a

743 5328 853 5382 Deo
888 5328 1223 5396 impetraret,
1259 5330 1373 5383 Non
1417 5340 1523 5397 est,
1556 5333 1651 5394 ait,
1677 5348 1710 5386 ο
1738 5333 2006 5401 Augusta,
2054 5335 2199 5388 Deus
2252 5335 2324 5388 ita

745 5419 1005 5486 injustus,
1043 5431 1100 5471 ut
1132 5429 1328 5474 nostra!
1368 5421 1679 5478 dilectionis
1706 5435 1759 5478 et
1791 5425 1965 5493 ipsius
1989 5441 2155 5479 causa
2190 5426 2326 5480 tole-

2437 4808 2600 4842 τινων
2626 4789 2804 4842 ἇλὶων
2835 4786 3229 4858 γνησιωτάτων
3256 4786 3396 4854 αὐτῇ
3435 4783 3734 4836 ἀπολύεται
3766 4783 3867 4849 τῆς
3903 4780 4028 4849 εἱρ-

2434 4883 2591 4951 κτῆς,
2652 4882 2746 4932 καὶ
2791 4881 2928 4950 πρὸς
2950 4879 3042 4931 τὸν
3073 4879 3200 4930 ναὸν
3226 4876 3322 4930 τοῦ
3371 4877 3528 4944 ἁγίου
3580 4874 3899 4944 Προδρόμου
3929 4873 4028 4925 τὸν

2433 4974 2576 5026 οὕτω
2599 4973 2938 5042 καλούμενον
2970 4970 3064 5024 τοῦ
3100 4970 3339 5040 φοϐεροῦ
3391 4967 3770 5036 ὲναπεκρύση,
3800 4967 3899 5018 καὶ
3923 4964 4028 5016 οὖα

2433 5082 2542 5128 τως
2565 5064 2638 5126 ὠς
2696 5059 2812 5134 εἶχε
2846 5063 3070 5132 πληγῶν
3094 5064 3280 5116 εἰκόνα
3305 5062 3611 5114 διετύπωσε
3665 5058 3760 5112 τοῦ
3791 5058 4027 5128 Προδρο-

2435 5175 2537 5228 μου
2581 5157 2742 5227 μέχρι
2773 5155 2969 5208 πολλοῦ
3027 5155 3441 5224 διασωζομένην
3494 5141 3588 5206 καίι
3619 5155 3792 5214 ίάσεις
3827 5156 4023 5206 ἐπιτε-

2432 5249 2631 5302 λοῦσαν
2713 5250 2825 5301 Καὶ
2875 5248 3050 5300 ταῦ-α
3107 5249 3210 5317 μὲν
3270 5249 3416 5311 τότε,
3467 5248 3607 5316 μετά
3663 5246 3718 5298 δὲ
3778 5247 3882 5311 τήν
3924 5243 4024 5296 τιῦ

2430 5341 2695 5412 τυράννου
2726 5341 3023 5394 κατάλυσιν
3047 5344 3146 5408 τῆς
3179 5341 3466 5409 ὀρθοδὸξου
3501 5339 3740 5397 πίστεως
3772 5337 4025 5404 ἀναλαμ-

2435 5427 2618 5500 ψάσης
2661 5428 2760 5498 τὴν
2792 5431 2848 5482 ὲν
2883 5433 2948 5499 τῇ
2986 5431 3175 5500 Χαλκῇ
3207 5429 3317 5499 (91)
3343 5430 3525 5483 εἰκόνα
3543 5427 3637 5482 τοῦ
3661 5427 4022 5497 θεανθρώπου

1868 5584 2222 5642 XYLANDIH
2261 5589 2349 5643 ET
2387 5588 2596 5645 GOARI
2655 5590 2889 5645 NOTAE.

819 5699 930 5769 (9|)
975 5699 1175 5768 Duplex
1213 5702 1412 5772 Chalee
1472 5703 1628 5772 Cpou
1679 5718 1707 5756 a
1738 5705 1907 5772 portis
1964 5705 2122 5760 aereis
2153 5707 2322 5770 dicta.

747 5786 854 5824 una
886 5773 1091 5835 palatii.
1125 5774 1292 5825 altera
1327 5771 1430 5827 fori
1467 5789 1483 5827 :
1520 5771 1640 5828 haec
1663 5771 1764 5828 fuit
1797 5778 2028 5830 ecclesia
2054 5776 2120 5828 ad
2145 5776 2323 5830 forum

745 5858 811 5896 ex
845 5838 1057 5894 Zoiiara
1111 5842 1163 5894 in
1224 5843 1604 5909 Mouomacho,
1652 5845 1742 5900 illa
1774 5846 1957 5914 palatii
2017 5847 2320 5916 ingressus.

2437 5709 2670 5778 Utrique
2719 5708 3024 5764 Salvatoris
3071 5709 3254 5778 imago
3312 5704 3378 5758 ad
3430 5701 3778 5778 excitandam
3832 5704 4019 5778 pontii.

2437 5772 2916 5851 palatinorumque
2949 5772 3294 5834 devotionem
3343 5779 3656 5846 superpicta
3696 5774 3817 5829 fuit.
3841 5772 4014 5830 Con.
