4226 6442
781 382 920 448 1003

2075 388 2394 450 GEORGII
2432 390 2766 451 CEDRENI

3901 396 4034 460 1004

777 499 1024 562 Quorum
1053 493 1176 568 eius
1204 495 1467 551 fortitudo
1499 495 1632 565 ipsis
1664 512 1881 565 quoque
1923 497 2174 554 hostibus
2219 511 2348 554 nota
2381 507 2420 561 Λ

2381 507 2420 561 Α
2469 502 2611 553 Ἀλλ’
2632 504 2660 555 6
2691 502 2789 572 μὲν
2822 500 3078 570 Μανουὴλ
3110 499 3268 570 δῆλος
3293 498 3360 574 ἦν
3393 503 3479 557 ἐπ’
3503 503 3693 577 ἀνδρίᾳ
3724 506 3816 560 καὶ
3849 508 4034 573 αὐτοῖς

771 597 910 653 erat,
939 603 1062 641 cum
1100 589 1146 640 is
1175 587 1276 639 sub
1311 584 1492 640 Ls-one
1519 586 1892 640 Orientalibus
1946 588 2120 656 copiis
2150 589 2342 657 prmfe-

774 690 896 734 ctus
943 688 996 732 et
1050 677 1299 740 Michaeli
1356 677 1629 745 Rangaba:
1680 677 2014 745 equisonum
2084 681 2345 749 princeps

776 770 989 834 fuisset,
1020 784 1182 838 quem
1233 778 1682 837 protostratorem
1712 765 1885 822 Graeci
1917 768 2223 823 nominant.
2269 769 2346 824 Dc

776 859 1114 928 Theophobo
1170 861 1334 913 etiam
1394 856 1722 922 dicendum,
1789 859 2067 926 quomodo
2129 860 2344 915 Persica

775 951 1045 1006 oriundus
1078 951 1278 1005 familia
1318 952 1368 1004 in
1398 952 1646 1005 notitiam
1669 954 1980 1021 perVenerit
2001 955 2346 1026 imperatoris

771 1045 1003 1113 οῙυειμιο
1034 1059 1276 1099 sororem
1303 1046 1655 1101 matrimonio
1684 1047 1787 1100 sibi
1813 1046 2076 1115 junxerit.
2113 1047 2346 1114 Quidam

775 1141 920 1208 regia
947 1139 1234 1193 Persarum
1285 1138 1457 1208 stirpe
1493 1147 1656 1193 natus
1685 1139 1980 1207 aliquando
2033 1139 2225 1208 Cpolin
2269 1141 2346 1193 le-

775 1241 937 1298 gatus
973 1231 1120 1285 venit
1153 1250 1165 1285 :
1199 1230 1246 1285 is
1281 1247 1387 1284 non
1425 1231 1665 1300 legitimo
1689 1229 1966 1298 coniugio,
2005 1231 2099 1285 sed
2133 1232 2347 1286 occulto

773 1325 918 1376 (-oittt
959 1322 1356 1392 Thcuphobntn
1405 1322 1615 1393 genuit,
1671 1333 1835 1391 atque
1888 1322 2164 1379 discessit.
2207 1323 2347 1390 Quia

771 1432 903 1472 vero
939 1417 1024 1471 lex
1075 1415 1218 1486 apud
1253 1415 1448 1468 Persas
1501 1413 1836 1468 inviolabilis
1887 1424 1990 1480 est,
2025 1431 2093 1469 ne
2131 1417 2255 1485 quis
2293 1416 2347 1469 in

771 1524 869 1564 eos
897 1524 1122 1576 regnum
1149 1514 1380 1574 occupet
1410 1505 1514 1560 nisi
1551 1507 1695 1578 regia
1729 1507 1992 1576 progenie
2019 1514 2198 1569 ortus,
2223 1522 2346 1560 cum

774 1599 1187 1654 continentibus
1240 1598 1400 1652 bellis
1455 1599 1661 1668 regium
1731 1614 1902 1667 genus
1954 1597 2023 1650 ab
2080 1599 2346 1668 Agat-anis

771 1691 988 1762 pulsum
1024 1690 1339 1755 defecisset,
1371 1689 1552 1746 Persa:
1576 1691 1720 1744 hunc
1753 1688 2145 1758 Theophobum
2190 1691 2346 1759 Cpoli

775 1785 1050 1839 abducere
1103 1800 1395 1855 regemque
1445 1797 1604 1838 suum
1644 1783 1827 1837 facere
1863 1783 2168 1852 cupientes.
2223 1783 2344 1851 ejus

775 1893 941 1933 causa
1012 1877 1302 1946 aliquoties
1367 1876 1433 1929 ad
1488 1873 1850 1946 TheOphilunt
1925 1877 2131 1945 legatos
2187 1879 2344 1930 mise-

773 1977 936 2034 rant,
1001 1978 1156 2040 pacta
1209 1969 1375 2024 simul
1435 1969 1590 2038 pacis
1649 1967 1962 2024 offerentes.
2032 1967 2217 2037 Neque
2271 1978 2350 2021 ta-

771 2083 896 2122 men
961 2077 1353 2137 persuaserant
1418 2066 1739 2137 imperatori
1821 2073 1881 2118 ut
1949 2063 2346 2134 TbeOphobmn

772 2166 910 2234 ipsis
966 2165 1209 2226 dederet,
1265 2165 1358 2217 sed
1410 2179 1533 2218 eum
1579 2164 1761 2232 potius
1809 2162 2022 2231 patricii
2082 2162 2350 2232 dignitate

773 2266 1031 2310 ornatmn
1092 2257 1270 2312 sorori
1314 2270 1429 2310 suae
1484 2256 1839 2310 matrimonio
1884 2255 2178 2325 copulavit,
2231 2254 2346 2324 lege

769 2350 928 2418 921
985 2349 1151 2404 etiam
1201 2349 1310 2402 lata
1371 2363 1491 2418 qua:
1537 2346 1724 2401 Persis
1785 2347 2167 2416 cenjngiorum
2221 2361 2345 2400 cum

772 2441 1036 2496 Romanis
1092 2442 1370 2495 licentiam
1428 2439 1778 2494 concederet.
1830 2439 2076 2508 Cumque
2143 2437 2348 2492 multos

771 2549 834 2587 ea
873 2532 1086 2586 ratione
1126 2533 1319 2585 Persas
1358 2528 1462 2584 sibi
1518 2529 1874 2584 conciliasset
1923 2543 2129 2597 eosque
2167 2529 2347 2599 digiti-

774 2624 982 2677 tatibus
1026 2623 1466 2686 coh0nestasset,
1522 2620 1576 2674 in
1610 2619 1829 2675 codices
1888 2619 2098 2673 militia:
2155 2635 2346 2675 eorum

774 2716 994 2770 nomina
1022 2714 1231 2775 retulit,
1261 2714 1639 2783 legionemque
1657 2712 1878 2765 nomine
1899 2710 2179 2766 Persicam
2215 2726 2348 2764 eon-

772 2807 1036 2877 seripsit,
1095 2821 1325 2875 eamque
1394 2820 1519 2858 cum
1593 2803 1859 2858 Romanis
1928 2802 2233 2872 legionibus
2293 2804 2347 2856 in

770 2897 972 2951 bellum
1006 2897 1199 2950 contra
1239 2901 1519 2964 Agarenns
1563 2893 1838 2962 proficisci
1867 2893 2056 2962 jussit.
2092 2893 2187 2946 His
2217 2909 2348 2963 ergo

768 2987 982 3041 duobus
1033 2985 1204 3041 fretus
1261 2983 1620 3054 Theophilus,
1674 2982 1930 3038 Manuelu
1971 2992 2136 3052 atque
2168 2982 2348 3036 Theo-

769 3078 976 3149 phnbo,
1041 3077 1095 3131 in
1153 3079 1434 3147 Agareuos
1492 3075 1670 3130 duxit.
1731 3075 1865 3128 Cum
1918 3089 2087 3143 prope
2131 3073 2344 3129 hostem

2450 593 2565 654 τοῖς
2596 593 2881 655 ἐναντίοις,
2915 592 3008 646 τοῦ
3029 595 3262 664 στρατοῦ
3291 597 3398 649 τῶν
3437 597 3796 652 Ἀνατολικῶν
3831 605 4034 671 κατάρ-

2451 682 2546 747 ξας
2577 683 2672 735 ἐπὶ
2692 683 2784 736 τοῦ
2815 683 3065 749 Λέοντος,
3108 685 3202 736 καὶ
3234 685 3323 736 τοῦ
3355 687 3461 756 πρὸ
3492 686 3656 740 αὐτοῦ
3682 690 3906 759 Μιχαὴλ
3942 693 4036 742 ἱπ-

2449 773 2713 844 ποκόμων
2742 777 2770 828 6
2799 775 3013 845 πρῶτος
3042 777 3337 848 γενόμενος
3357 795 3371 807 ·
3407 782 3874 851 πρωτοστράτορα
3909 784 4035 836 τοῦ-

2448 867 2541 920 τόν
2571 884 2730 935 φασι.
2765 867 3005 938 Δηλώσει
3043 868 3100 921 δὲ
3129 869 3332 924 καὶτὸν
3355 869 3623 941 Θεόφοϐον
3657 876 3684 926 6
3711 875 3893 940 λόγος,
3913 877 4039 928 ὅθεν

2447 977 2509 1015 τε
2542 961 2636 1014 καὶ
2669 961 2817 1026 ὅπως
2840 965 2904 1015 ὲκ
2935 961 3163 1033 Περσῶν
3192 964 3566 1032 καταγόμενος
3592 967 3669 1036 τῷ
3694 966 3906 1036 βασιλεῖ
3936 971 4036 1034 γέ-

2449 1069 2574 1120 γονε
2625 1051 2903 1123 γνώριμος
2952 1055 3046 1108 καὶ
3094 1052 3193 1124 τὴν
3243 1056 3476 1124 ἀδελφὴν
3533 1058 3697 1110 αὐτοῦ
3731 1061 3811 1120 εἰς
3851 1059 4038 1126 γάμον

2451 1145 2752 1215 ἡρμόσατο.
2791 1145 2886 1208 Εἰς
2921 1145 3218 1215 πρεσϐείαν
3248 1149 3330 1209 τίς
3361 1165 3490 1201 ποτε
3518 1148 3625 1200 τῶν
3653 1151 3716 1202 ἐκ
3744 1149 4038 1219 βασιλικῆς

2453 1238 2639 1304 σειρᾶς
2670 1236 2898 1305 Περσῶν
2942 1237 3278 1308 ἀφικόμενος
3335 1241 3416 1304 είς
3442 1240 3540 1311 τὴν
3586 1242 4036 1294 Κωνσταντινού-

2451 1326 2628 1391 πολιν,
2661 1328 2762 1381 οὐκ
2797 1329 2860 1380 ἐκ
2891 1331 3126 1397 νομίμου
3152 1331 3444 1400 συναφείας
3488 1334 3550 1385 ἐκ
3577 1332 3840 1401 λαθραίας
3865 1333 4041 1387 δὲκαὶ

2452 1420 2692 1487 κρυφίας
2721 1418 2912 1472 τοῦτον
2942 1420 3228 1474 ἁποτεκὼν
3257 1422 3630 1491 ἀπεδήμησεν.
3673 1425 3824 1477 Ἐπεὶ
3850 1425 3909 1476 δὲ
3940 1427 4036 1477 v6-

2456 1526 2552 1578 μος
2589 1511 2941 1582 ἀπαράϐατος
2967 1515 3078 1576 τοῖς
3116 1515 3353 1587 Πέρσαις
3388 1516 3505 1568 ἐστὶ
3540 1518 3612 1587 μή
3648 1535 3768 1570 τινα
3799 1517 3903 1586 τῆς
3932 1518 4040 1570 αὖ·

2452 1602 2562 1653 τῶν
2597 1603 2770 1672 ἀρχῆς
2800 1605 3045 1676 ἐγκρατῆ
3076 1607 3330 1672 γενέσθαι
3374 1608 3446 1676 μὴ
3492 1608 3588 1674 τῆς
3624 1607 3916 1678 βασιλικῆς
3944 1609 4039 1661 ὃν·

2453 1710 2519 1744 τα
2549 1695 2760 1764 σειρᾶς,
2790 1695 3040 1760 ἐξέλιπον
3064 1697 3122 1748 δὲ
3153 1699 3216 1749 ἐκ
3246 1698 3355 1750 τῶν
3383 1698 3620 1768 συνεχῶν
3648 1699 3907 1767 πολέμων
3929 1701 4042 1752 ὑπὸ

2453 1785 2560 1838 τῶν
2605 1786 2922 1857 Ἀγαρηνῶν
2947 1791 3230 1852 ἐλαθέντες
3256 1791 3304 1842 οἱ
3343 1792 3440 1860 τῆς
3484 1792 3768 1863 βασιλικῆς
3819 1796 4039 1862 σειρᾶς,

2451 1877 2640 1931 τοῦτον
2673 1881 2762 1932 τὶν
2788 1880 3059 1949 Θεόφοὸον
3085 1883 3344 1945 πολλάκις
3375 1885 3720 1954 ὁρμήσαντες
3739 1887 3787 1938 οἱ
3824 1887 4041 1956 Πέρσαι

2451 1971 2824 2025 ἀναλαϐέσθαι
2851 1975 2957 2025 ἀπὸ
2983 1975 3612 2040 Κωνσταντινουπόλεως
3649 1978 3744 2031 τοῦ
3778 1978 4040 2050 βασιλεῦς

2455 2079 2542 2116 σαι
2598 2064 2686 2114 ἐπ’
2748 2065 2958 2130 αὐτοῖς,
2990 2065 3079 2137 [Ρ.
3111 2066 3240 2137 596]
3274 2069 3367 2120 καὶ
3423 2068 3723 2140 πρεσϐείαν
3771 2071 4039 2140 διάςρορου

2453 2158 2783 2227 ποιήσαντες
2843 2159 2980 2228 πρὸς
3020 2160 3303 2227 Θεόφιλον,
3340 2162 3431 2214 καὶ
3476 2161 3758 2232 εἰρηνικὰς
3797 2164 4037 2226 σπονδὰς

2453 2247 2816 2318 ὑποσχόμενοι
2865 2247 2934 2300 δι’
2974 2250 3143 2301 αὑτοῦ
3197 2251 3483 2318 γενέσθαι,
3532 2254 3631 2304 οὐκ
3666 2253 3895 2305 ἔπεισαν
3941 2256 4041 2306 τὸν

2451 2335 2708 2402 Θεόφιλον
2751 2336 2942 2390 τοῦτον
2993 2339 3262 2404 ἐκδοῦναι,
3290 2342 3426 2395 ἀλλὰ
3471 2341 3673 2412 μᾶλλον
3729 2343 3816 2395 διὰ
3873 2346 4046 2397 τοῦτο

2452 2427 2644 2495 ἀνάγει
2679 2429 2840 2482 αὑτὸν
2871 2431 2899 2482 6
2929 2429 3186 2499 Θεόφιλος
3215 2434 3296 2496 είς
3325 2433 3425 2503 τὴν
3464 2433 3573 2486 τῶν
3611 2436 3920 2506 πατρικίων
3952 2453 4038 2487 τι·

2455 2520 2560 2590 μὴν
2619 2521 2715 2574 καὶ
2767 2524 2832 2592 τῇ
2868 2523 3064 2575 ἑαυτοῦ
3104 2524 3308 2597 ἀδελφῇ
3360 2528 3674 2594 συνοικίζει,
3706 2529 3938 2582 ἕκαστον
3977 2547 4040 2583 τε

2449 2612 2559 2664 τῶν
2593 2613 2819 2682 Περσῶν
2857 2614 3142 2684 νομοθετεῖ
3167 2618 3286 2670 κατ’
3321 2620 3624 2689 ἐπιγαμίαν
3659 2622 4044 2676 συνάπτεσθαι

2449 2705 2562 2765 τοῖς
2608 2703 2925 2768 Ῥωμαίοις.
2981 2705 3216 2770 Πολλοὺς
3251 2707 3307 2760 δὲ
3349 2711 3413 2763 ὲκ
3445 2711 3652 2765 τούτων
3711 2713 4038 2782 ἐμπρέπειν

2448 2796 2562 2856 τοῖς
2615 2793 2915 2863 βασιλικοῖς
2949 2793 3225 2865 ἀξιώμασι
3282 2802 3601 2870 πεποιηκὼς
3645 2803 3832 2868 κὼδιξι
3869 2821 4040 2872 στρα-

2449 2889 2721 2949 τιωτικοῖς
2748 2889 3152 2958 ἀναγράφεται,
3182 2892 3368 2960 τάγμα
3391 2893 3658 2962 Περσικὸν
3674 2895 3895 2957 τούτους
3915 2897 3994 2945 ον’
4013 2926 4041 2935 -

2453 2977 2652 3045 μάσας,
2695 2979 2922 3040 καὶτοῖς
2965 2979 3105 3033 κατὰ
3144 2981 3255 3033 τῶν
3295 2985 3611 3054 Ἀγαρηνῶν
3651 2987 3854 3052 ἐξιοῦσι
3897 2989 4042 3039 Ῥιπι-

2453 3067 2634 3137 μαίοις
2693 3071 3148 3138 συναριθμεῖσθαι
3199 3075 3519 3142 προσέταξε.
3578 3077 3800 3140 Τούτοις
3848 3080 4039 3130 τοίνυν

767 3171 931 3242 922
965 3179 1282 3239 perventum
1319 3178 1486 3232 esset,
1541 3182 1597 3222 re
1641 3168 1694 3220 in
1743 3167 2188 3222 deliberationem
2248 3182 2342 3220 νο-
2371 3185 2415 3247 C

2371 3185 2415 3247 C
2448 3161 2563 3222 τοῖς
2605 3159 2727 3212 δυσὶ
2783 3161 3065 3232 θαρρήσας
3122 3163 3403 3232 Θεόφιλος,
3432 3166 3509 3235 τῷ
3557 3184 3612 3218 τε
3648 3169 3905 3237 Μανουὴλ
3939 3172 4040 3224 καὶ

769 3274 914 3328 cata,
949 3262 1231 3316 Mannelus
1263 3261 1478 3316 censuit
1535 3261 1822 3330 indignum
1869 3275 1991 3314 esse
2051 3259 2346 3328 imperato-

770 3371 882 3410 rem
917 3352 1286 3406 Romanurutn
1323 3350 1442 3406 acie
1474 3350 1732 3421 congredi
1766 3364 1889 3404 cum
1918 3365 2301 3405 amermumna
2329 3365 2342 3403 :

770 3463 937 3500 unum
991 3446 1229 3515 aliquem
1277 3459 1400 3499 cum
1437 3451 1591 3513 parte
1622 3444 1821 3498 dueum
1852 3453 1906 3497 et
1966 3444 2243 3498 exercitus
2296 3441 2345 3496 ei

768 3537 968 3591 debere
1038 3551 1354 3591 occurrere.
1401 3534 1766 3603 Theolihobus
1814 3549 1940 3589 vero
2011 3538 2186 3604 ipsum
2247 3535 2348 3589 im-

769 3638 1075 3699 peratorem
1133 3641 1327 3696 pugna:
1380 3627 1644 3682 interesse
1697 3627 1892 3690 voluit,
1942 3626 2228 3696 suasitque
2290 3638 2348 3680 ut

768 3735 894 3773 cum
939 3721 1178 3788 peditatu
1215 3718 1403 3772 hostes
1441 3732 1538 3788 per
1574 3725 1790 3771 noctem
1827 3716 2158 3780 adoriretur,
2195 3718 2349 3784 cqui-

767 3811 941 3873 tibus,
996 3811 1090 3865 ubi
1149 3812 1452 3864 necessitas
1504 3808 1864 3879 postulasset,
1913 3825 2072 3878 opem
2130 3809 2344 3864 laturis.

768 3904 922 3958 Multi
948 3913 1277 3957 nocturnum
1313 3902 1513 3956 bellum
1563 3901 1782 3958 suaderi
1825 3901 1894 3955 ab
1940 3917 2006 3954 no
2068 3902 2344 3967 dicebant,

771 4008 831 4052 ut
885 3996 1256 4050 Romanorum
1321 3994 1548 4065 gloriam
1599 4009 1754 4050 suam
1805 3993 2049 4058 faceret;
2115 3995 2348 4063 ideoque

770 4091 1078 4158 improbata
1112 4087 1234 4157 ejus
1288 4087 1546 4158 consilio.
1589 4085 1890 4155 imperator
1943 4093 2132 4152 aperto
2177 4085 2349 4139 Marte

769 4180 1050 4234 interdiu-r
1071 4179 1266 4235 statuit
1316 4193 1442 4231 cum
1505 4178 1662 4230 hoste
1705 4176 2020 4244 confligere.
2077 4177 2344 4230 Caeterum

767 4267 1068 4336 lmpt'aelus
1100 4279 1502 4330 antermttmna,
1545 4267 1853 4335 arrogantia
1881 4265 2081 4319 ductus
2119 4281 2186 4319 att
2243 4267 2346 4319 im-

767 4361 1040 4430 peratoris
1090 4367 1235 4412 metu
1278 4359 1573 4421 incertum,
1612 4372 1736 4410 cum
1777 4365 1930 4425 parte
1957 4360 2229 4410 exercitus
2260 4357 2344 4411 sui

765 4451 1046 4530 discessit,
1100 4452 1293 4503 relicto
1349 4463 1471 4502 cum
1516 4447 1792 4516 octoginta
1835 4447 2076 4502 millibus
2122 4446 2187 4500 ad
2242 4463 2343 4516 pn-

2448 3251 2526 3322 τῷ
2555 3252 2832 3324 Θεοφόϐῳ,
2872 3255 3039 3320 ἔξεισι
3085 3256 3226 3309 κατᾶ
3275 3255 3385 3308 τῶν
3439 3259 3778 3327 Ἀγαρηνῶν.
3834 3259 4038 3324 Ἑγξὶς

2449 3343 2507 3395 δὲ
2548 3345 2856 3412 γενομένων
2903 3345 3153 3414 ἀλλήλοις
3196 3345 3302 3398 τῶν
3361 3349 3792 3417 στρατευμάτων
3840 3349 4035 3417 ἐδέησε

2452 3436 2671 3505 βουλῆς.
2700 3438 2806 3490 Καὶ
2844 3440 2871 3490 ὁ
2911 3441 3007 3506 μὲν
3041 3438 3298 3506 Μανουὴλ
3335 3439 3394 3490 οὐ
3438 3439 3642 3491 δίκαιον
3688 3440 3837 3505 ἔλεγε
3872 3439 4033 3510 βασι-

2450 3527 2548 3580 λέα
2589 3529 2880 3596 Ῥωμαίων
2923 3528 3059 3597 πρὸς
3115 3531 3518 3599 ἁμερμουμνῆν
3565 3531 3842 3600 πολεμεῖν,
3895 3532 4034 3583 ἀλλά

2450 3640 2573 3676 τινα
2608 3624 2770 3692 μέρος
2811 3623 3046 3675 λαϐόντα
3079 3625 3186 3678 τῶν
3247 3625 3572 3694 στρατηγῶν
3636 3627 3839 3691 ἐξιέναι
3890 3633 4030 3679 κατὰ

2452 3716 2747 3784 πρόσωπον
2773 3715 2882 3767 τῶν
2909 3716 3122 3786 ἐχθρῶν
3147 3733 3158 3744 ·
3187 3718 3212 3768 ὁ
3235 3716 3505 3783 Θεοφοϐος
3532 3719 3587 3769 δὲ
3628 3720 3722 3770 καὶ
3755 3717 3918 3770 αὑτὸν
3938 3721 4036 3770 ἐπὶ

2453 3806 2815 3875 παρατάξεως
2849 3801 2990 3858 εἶναι
3023 3806 3114 3858 τὸν
3146 3805 3370 3874 βασιλέα
3393 3806 3666 3871 ἐῦούλετο,
3695 3809 3787 3858 καὶ
3813 3809 3978 3860 vum.
4002 3827 4034 3878 ρ

2452 3899 2815 3968 ἐπιθήσεσθαι
2844 3901 2957 3962 τοῖς
2986 3899 3199 3969 ἐχθροῖς
3234 3898 3371 3967 μετᾶ
3397 3898 3492 3952 τοῦ
3521 3898 3747 3962 πεζικοῦ
3777 3901 4037 3951 συνεϐού-

2452 3993 2599 4058 λευε,
2639 3993 3098 4062 συνεπιθήσεσθαι
3120 3993 3197 4058 δὲ,
3227 3995 3314 4046 ὅτε
3347 3995 3554 4063 δεήσει,
3578 3995 3672 4046 καὶ
3698 3993 3758 4046 τὸ
3779 3996 4035 4050 ἱππικόν.

2466 4085 2609 4139 Ἀλλ’
2641 4086 2741 4138 οὐκ
2767 4085 2951 4136 ἔπεισε
2979 4085 3071 4137 τὸν
3104 4085 3350 4154 βασιλέα,
3373 4086 3588 4138 πολλῶν
3611 4085 3875 4138 είπόντων
3898 4103 3999 4152 σερε

2452 4175 2764 4246 τερίζεσθαι
2812 4177 2900 4228 τὸν
2936 4175 3206 4242 Θεὸφοϐον
3254 4177 3354 4245 τὴν
3403 4176 3510 4229 τῶν
3553 4177 3843 4245 Ῥωμαίων
3875 4177 4038 4240 δόξαν

2453 4272 2547 4322 καὶ
2570 4268 2659 4321 διὰ
2685 4269 2843 4322 τοῦτο
2869 4267 3160 4337 βούλεσθαι
3200 4269 3260 4320 ἐν
3302 4269 3458 4321 νυκτὶ
3496 4268 3776 4337 πολεμεῖν.
3809 4269 4034 4334 Ἐδοξεν

2451 4361 2544 4414 οὖν
2568 4362 2646 4423 εἰς
2672 4359 2986 4428 τούμφανὲς
3014 4359 3131 4428 μεθ’
3167 4359 3384 4428 ἡμέραν
3430 4359 3700 4429 συῤῥάξαι
3746 4358 3837 4410 τὶν
3869 4361 4033 4410 πόλε-

2457 4469 2575 4521 μον.
2624 4451 2680 4502 ’0
2707 4451 2807 4519 μὲν
2846 4449 3359 4518 οὖνάμερμουμνῆς
3395 4448 3691 4517 Ίμπραὴλ,
3719 4450 3828 4501 εἴτε
3853 4447 4033 4512 ἄλλως

766 4521 929 4612 gnam
962 4542 1313 4595 Ahuzachare
1355 4539 1590 4609 quodam
1630 4553 1855 4594 suorum
1905 4538 2129 4593 dueum.
2182 4537 2345 4592 Com-
2380 4519 2422 4573 θ

2380 4519 2422 4573 D
2454 4541 3046 4609 καταλαζονευόμενος,
3081 4542 3191 4590 εῐτε
3228 4538 3292 4606 δὴ
3326 4537 3534 4589 καὶτὸν
3566 4537 3789 4606 βασιλέα
3829 4543 4033 4606 κατορο

769 4630 940 4684 misso
991 4630 1213 4698 praelio,
1279 4645 1403 4683 cum
1455 4629 1714 4695 utrinque
1764 4627 1918 4681 multi
1971 4629 2337 4694 cecidissent,

769 4719 990 4773 tandem
1021 4722 1278 4775 cohortes
1325 4719 1566 4789 (scholas
1606 4719 1707 4786 ipsi
1749 4719 2042 4790 vetabant)
2081 4735 2186 4774 una
2217 4736 2338 4774 eum

766 4809 1068 4864 domestico
1107 4810 1286 4878 (officii
1339 4811 1442 4862 hoc
1485 4823 1682 4861 nomen
1729 4809 1832 4877 est)
1893 4810 2170 4865 inclinata;
2220 4826 2341 4864 ces—

767 4911 958 4956 serunt
1005 4903 1292 4972 Agareuis.
1340 4901 1637 4969 Imperator
1662 4915 1782 4954 cum
1813 4901 2037 4954 cohorte
2083 4905 2340 4970 prwtoria

765 5005 820 5052 et
874 4995 1090 5049 duobus
1148 4995 1437 5047 Persarum
1494 4991 1732 5046 millibus
1774 5005 1840 5045 ac
1901 4992 2232 5062 'l'heophobo
2287 4997 2338 5047 in

765 5090 961 5144 collem
990 5087 1279 5154 quemdam
1310 5084 1524 5143 evasit;
1554 5096 1715 5152 quem
1755 5083 1988 5151 Agareni
2029 5087 2342 5149 cinxerunt,

766 5191 820 5237 et
859 5195 1030 5249 usque
1081 5177 1147 5232 ad
1198 5192 1481 5246 vesperam
1527 5176 1731 5232 acriter
1781 5185 1866 5230 est
1896 5176 2238 5243 dimicatum,
2273 5177 2344 5232 iis

2453 4633 2726 4704 ρωδήσας,
2763 4631 2926 4702 μέρος
2961 4630 3063 4698 τῆς
3099 4630 3359 4696 στρατιᾶς
3409 4628 3576 4680 αὑτοῦ
3607 4626 3788 4679 λαὸὼν
3817 4627 4034 4694 ἀνεχιὶιο

2453 4741 2642 4795 ρησεν,
2684 4722 3024 4793 Ἀϐουζάχαρ
3057 4719 3115 4772 δέ
3139 4736 3260 4771 τινα
3305 4719 3415 4770 τῶν
3461 4717 3656 4771 ἑαυτοῦ
3701 4718 4034 4786 στρατηγεῖν

2451 4817 2587 4886 πρὸς
2636 4815 2727 4868 τὸν
2788 4814 2928 4866 κατὰ
2989 4812 3256 4881 βασιλέως
3302 4811 3538 4880 πόλεμον
3573 4809 3712 4880 μετὰ
3745 4811 4029 4878 μυριάδων

2449 4910 2594 4964 ὀκτὼ
2620 4906 3020 4971 ἐξαπέστειλεν.
3061 4905 3433 4973 Ἐγγισὰντων
3459 4905 3516 4956 δὲ
3543 4903 3650 4956 τιῖῖν
3673 4905 4028 4971 στρατευμά-

2450 5017 2559 5053 των
2582 4999 2678 5051 καὶ
2713 4997 3035 5067 συμπλοκῆς
3065 4995 3365 5063 γενομένης
3392 4995 3486 5046 καὶ
3509 4991 3720 5046 πολλῶν
3752 4992 4034 5060 ἑκατέρω-

2454 5090 2546 5142 θεν
2576 5087 2908 5149 πιπτόντων,
2933 5087 3085 5147 τέλος
3122 5085 3342 5138 ἔκλιναν
3397 5088 3449 5139 αἱ
3499 5083 3686 5154 σχολαὶ
3745 5084 3884 5151 μετὰ
3931 5082 4027 5134 τοῦ

2453 5180 2774 5248 δομεστίκου
2811 5177 2923 5248 (99)
2959 5178 3051 5229 καὶ
3076 5177 3213 5246 πρὸς
3237 5177 3542 5245 ὑπαγωγὴν
3573 5176 3931 5244 ἐκινήθησαν.
3966 5174 4028 5226 Ὀ

1919 5311 2281 5369 XYLANDRI
2331 5313 2420 5368 ET
2452 5314 2665 5370 GOARI
2711 5311 2945 5367 NOT/E.

838 5435 951 5504 (99)
987 5433 1141 5504 Cum
1173 5433 1358 5504 plures
1414 5430 1689 5504 iidemque
1738 5431 1874 5486 varii
1942 5433 2338 5502 posterioribus

766 5501 982 5560 sareulis
1006 5503 1147 5572 apud
1179 5501 1399 5557 Graecos
1425 5501 1626 5556 fuerint
1659 5501 1964 5565 domestici,
1997 5504 2121 5571 quis
2145 5519 2333 5558 eormn

767 5577 855 5630 hic
883 5577 1220 5642 intelligatur
1252 5573 1478 5626 dubium
1530 5585 1632 5626 est.
1667 5572 1802 5625 Nam
1835 5575 2085 5640 quamvis
2115 5589 2216 5628 vox
2253 5576 2335 5628 δο-

770 5647 1022 5715 μέστικος
1055 5646 1195 5698 idem
1225 5642 1485 5715 indicarit
1516 5644 2052 5715 primaevotempore
2087 5646 2230 5711 quod
2256 5646 2337 5696 ol-

768 5711 1003 5778 κειακός,
1031 5717 1097 5767 ad
1116 5713 1374 5768 familiam
1399 5712 1481 5764 vel
1505 5713 1658 5777 quasi
1679 5713 1744 5765 ad
1779 5711 2036 5766 familiam
2061 5723 2334 5782 spectans,

766 5783 1023 5853 deinceps
1055 5797 1234 5838 tamen
1287 5782 1353 5836 ad
1403 5783 1739 5853 prmpositum
1783 5783 1964 5853 ducem
2011 5791 2063 5836 ct
2093 5786 2335 5852 CUjUSvis

767 5850 975 5908 ordinis
1012 5871 1239 5923 primum
1265 5850 1681 5924 significandum
1723 5852 2030 5908 traductam
2069 5850 2222 5910 testis
2253 5865 2336 5909 cst

2439 5431 2677 5487 Joannes
2703 5429 2835 5487 Citri
2859 5433 3148 5499 episcopus
3187 5447 3238 5484 tn
3262 5431 3407 5484 Juris
3425 5427 3886 5483 Caeco-Romani
3922 5443 4022 5483 vo-

2443 5504 2650 5556 lumine
2684 5521 2696 5555 :
2738 5503 2799 5553 Ἦ
2833 5502 2926 5554 τοῦ
2958 5502 3283 5569 δομεστίκου
3319 5502 3662 5569 προσηγορία
3692 5503 3833 5552 κατὰ
3863 5499 4024 5551 Λατίο

2442 5590 2568 5635 νους
2598 5573 2685 5623 τὸν
2707 5571 3028 5640 ἐξάρχοντα,
3073 5572 3165 5622 τδν
3199 5569 3635 5640 προηγούμενον,
3663 5571 3754 5620 τὸν
3786 5570 4021 5622 ἐπεστεί-

2439 5661 2539 5714 την
2574 5643 2742 5710 δηλοῖ.
2784 5639 2921 5695 Hinc
2956 5645 3007 5695 in
3036 5639 3265 5694 ecclesia
3299 5641 3646 5714 choridextri
3680 5639 4020 5714 domesticus

2440 5712 2504 5768 ac
2533 5720 2735 5784 pariter
2765 5714 3000 5784 sinistri,
3050 5726 3261 5784 nconon
3309 5712 3437 5764 alii:
3466 5719 3541 5784 _et
3574 5712 3718 5778 quod
3762 5712 4019 5784 militiam

2441 5781 2657 5847 attinet,
2705 5783 3048 5838 orientalium
3080 5783 3402 5841 thematum,
3436 5781 3577 5834 sicut
3607 5789 3661 5832 et
3708 5782 4017 5834 occidenta-

2442 5857 2596 5919 lium,
2635 5854 2946 5910 scholarum
2975 5853 3102 5907 item
3131 5851 3442 5916 domestici,
3473 5865 3536 5904 ac
3569 5851 3787 5905 tandem
3820 5867 4014 5919 ιυρισι-
