4226 6442
226 464 361 526 ιιξθῧ

1333 448 1874 511 HISTORIARUM
1914 446 2444 508 COMPENDIUM.

3337 446 3477 512 1006

223 576 478 650 βασιλεὺς
518 573 575 625 δὲ
621 569 760 640 μετὰ
795 567 891 638 τῆς
939 565 1224 636 βασιλικῆς
1266 564 1542 634 φάλαγγος
1584 566 1677 618 καὶ
1713 564 1848 624 δύολ

1907 577 2104 632 capere
2130 563 2521 632 imperatorem
2559 561 2931 618 Romanorum
2976 561 3326 623 conantibus.
3369 564 3480 618 Ito-

221 667 475 740 χιλιάδων
511 661 759 733 Περσῶν,
794 659 1094 729 προσόντος
1135 658 1319 720 αὐτοῖς
1349 657 1444 710 καλ⁸
1474 656 1566 709 τοῦ
1602 655 1803 723 850396-

219 763 338 820 ϐω,
368 758 459 810 ἐπί
482 774 604 810 τινα
649 753 838 824 βουνὸν
869 752 1068 811 ἄνεισι,
1115 748 1641 819 περιστοιχισὰντων
1683 747 1801 802 τοῦ-

217 869 308 903 τον
333 850 442 902 τῶν
471 845 829 916 Σαρακηνῶν.
867 843 976 896 Καὶ
1020 843 1148 912 ἄχρι
1197 841 1296 910 μὲν
1349 841 1588 909 ἑσπέρας
1635 843 1802 905 πολὺς

217 937 284 1010 ἦν
314 944 342 993 δ
370 941 500 1009 περὶ
531 936 710 991 αὐτῶν
738 935 994 1004 πόλεμος,
1015 932 1123 985 τῶν
1149 933 1246 1002 μὲν
1274 931 1433 994 ἐλπιζ
1465 948 1601 984 ντων
1632 935 1800 1004 αἰχμ-

217 1033 424 1086 ἀλωτον
463 1027 656 1081 τοῦτον
690 1025 896 1087 λαϐεῖν,
926 1023 1036 1076 τῶν
1091 1023 1148 1076 δὲ
1204 1022 1569 1091 ἀμυνομένων
1594 1023 1688 1076 καὶ
1727 1023 1801 1093 μὴ

224 1123 518 1194 προδοῦναι
549 1120 642 1172 τὸν
689 1117 919 1189 βασιλέα
951 1115 1322 1185 ἀνεχομένων.
1357 1115 1445 1166 Διὸ
1473 1117 1663 1179 νυκτὸς
1684 1118 1800 1169 ἐπι-

220 1215 524 1284 γενομένης
555 1211 962 1278 κατεσοφξσατο
993 1208 1118 1270 τοὺς
1149 1206 1500 1276 Σαρακηνοὺς
1540 1208 1567 1260 ὁ
1598 1206 1802 1274 Θεόφο-

220 1308 334 1369 ϐος,
367 1309 480 1368 τοῖς
503 1301 866 1374 στρατιώταις
896 1298 1368 1367 ἐγκελευσάμενος
1394 1298 1614 1370 κρότοις
1636 1313 1694 1349 τε
1709 1297 1802 1349 καὶ

218 1401 557 1466 ἀλαλαγμοῖς
595 1394 830 1466 χρῆσθαι
862 1393 1150 1463 κιννύραις
1180 1408 1238 1444 τε
1263 1391 1358 1444 καὶ
1375 1391 1591 1461 χορδαῖς
1615 1389 1689 1459 (1)
1712 1391 1801 1442 καὶ

221 1493 544 1558 σαλπίγγων
574 1489 781 1555 φωναῖς
820 1485 895 1547 ὡς
931 1485 1074 1555 τάχα
1096 1483 1348 1554 βοηθείας
1386 1482 1584 1552 ἐτέρας
1629 1498 1797 1550 προσ-

219 1581 514 1648 γινομένης
545 1577 751 1638 αὐτοῖς.
783 1573 955 1626 Τοῦτο
985 1575 1096 1642 γάρ
1123 1573 1188 1643 δὴ
1213 1574 1309 1626 καὶ
1357 1571 1800 1633 ὑποτοπάσαντες

219 1678 265 1727 οἱ
299 1669 611 1741 Σαρακηνοὶ
643 1669 798 1738 μελια
828 1666 888 1730 ἐξ
917 1665 1280 1735 ὑπεχώρησαν
1305 1666 1383 1726 εἰς
1412 1664 1673 1724 τούπίσω,
1699 1664 1800 1716 κύ-

221 1766 426 1817 κλωσιν
476 1760 1018 1830 κατορρωδήσαντες.
1094 1757 1255 1809 Ὅθεν
1316 1755 1498 1818 ἁδείας
1547 1755 1801 1823 τυχόντες

221 1855 426 1924 μικρᾶς
457 1855 506 1906 οἱ
541 1856 668 1924 περ).
713 1853 804 1904 τδν
859 1849 1080 1920 βασιλέα
1126 1849 1273 1918 φυγῇ
1321 1848 1667 1918 χρησάμενοι
1699 1847 1800 1916 τὴν

1906 653 2082 708 manis
2113 661 2306 708 contra
2350 668 2457 723 pro
2500 656 2830 722 imperatore
2881 653 3099 709 fortiter
3126 667 3481 726 propugnan-

1904 746 2075 802 tibus.
2128 745 2298 801 Nocte
2382 745 2523 801 l'acta
2571 747 2945 819 Tbeopbobus
3003 746 3312 806 Saracenos
3362 758 3485 805 arte

1903 836 2144 900 delusit,
2212 836 2480 893 militibus
2542 836 2704 909 923
2760 837 3022 894 mandato
3062 847 3122 893 ut
3173 848 3485 910 streperent

1903 934 2068 998 atque
2121 930 2562 995 conclamarent,
2623 931 2975 1002 sonitumque
3031 931 3372 986 cithararum
3428 941 3485 986 et

1903 1022 2234 1076 chordarum
2271 1022 2637 1092 tubarumque
2667 1023 2914 1086 ederent,
2947 1025 3116 1079 veluti
3151 1027 3485 1080 adventante

1905 1113 2043 1180 ipsis
2090 1113 2310 1168 aliunde
2362 1114 2628 1169 Subsidio.
2691 1113 2757 1169 Et
2826 1115 3083 1172 Saraceni
3143 1117 3248 1172 hoc
3299 1117 3481 1187 ipsum

1906 1205 2021 1259 ﬁeri
2069 1205 2445 1274 suspicantes,
2478 1220 2545 1260 ne
2576 1207 2644 1260 ab
2686 1206 2939 1263 hostibus
2979 1209 3481 1272 circumdarentur,

1904 1298 1970 1350 ad
2001 1313 2093 1352 sex
2125 1297 2295 1351 millia
2330 1312 2590 1367 passuum
2621 1309 2996 1354 recesserunt.
3024 1299 3329 1370 Imperator
3353 1314 3479 1354 cum

1902 1391 2018 1446 suis
2075 1391 2321 1459 periculo
2373 1390 2714 1459 aliquantum
2749 1391 3015 1445 sublevati
3066 1391 3191 1461 fuga
3247 1392 3481 1447 salutem

1901 1484 2226 1550 quaesivere,
2255 1489 2419 1551 atque
2449 1482 2514 1536 ad
2547 1481 2846 1537 exercitum
2877 1483 2971 1552 qui
3000 1481 3182 1554 fugam
3223 1498 3255 1538 e
3295 1483 3484 1554 pmlio

1904 1575 2107 1631 fecerat
2136 1582 2527 1645 pervenerunt.
2568 1575 2742 1641 Quem
2785 1575 3080 1645 imperator
3104 1576 3290 1632 verbis
3316 1576 3482 1631 modo

1900 1666 1971 1720 ob
2025 1665 2388 1736 proditionem
2450 1667 2762 1735 castigavit,
2826 1681 3004 1735 neque
3041 1666 3096 1720 in
3149 1682 3479 1736 quemquam

1899 1759 2095 1814 durius
2150 1759 2450 1829 quidquam
2476 1759 2708 1813 statuit:
2742 1757 3080 1828 Theopbobo
3105 1767 3286 1813 autem
3332 1773 3483 1814 sum-

1900 1866 2044 1906 mam
2100 1854 2333 1920 gratiam
2416 1851 2794 1918 honoremque
2875 1850 3084 1904 habuit.
3153 1850 3322 1905 Auxit
3375 1851 3480 1906 hoc

220 1945 497 2016 σωτηρὲαν
525 1941 1057 2012 ἐπραγματεύσαντο
1080 1939 1176 1992 καὶ
1195 1941 1330 2008 πρὸς
1354 1941 1412 1992 τὸ
1435 1939 1798 2006 διαπεφευγιλς
1832 1928 1848 1986 1

1905 1941 2234 1996 desiderium
2297 1943 2534 1996 hominis
2583 1942 2637 1996 in
2671 1941 2960 1997 Persarum
3009 1942 3230 2008 animis,
3264 1943 3478 2012 suppli—

218 2037 586 2107 στρατόπεδον
608 2033 970 2102 διεσώθησαν.
998 2030 1083 2104 [Ρ.
1113 2028 1240 2102 525]
1286 2031 1660 2100 Μεμψάμενος
1703 2024 1796 2081 οὖν

215 2130 278 2182 τὸ
304 2128 644 2199 προδεδωκὸς
681 2125 996 2197 στράτευμα
1056 2124 1217 2194 μόνον
1247 2126 1275 2176 ὁ
1325 2122 1599 2192 βασιλεὺς,
1646 2122 1798 2174 οὐδὲν

215 2222 271 2274 δὲ
302 2221 462 2286 πλέον
492 2221 656 2290 ἄχαρι
683 2215 922 2289 πράξας,
949 2216 1135 2286 χάρισι
1163 2217 1258 2268 καὶ
1297 2215 1684 2284 διαφερούσαις
1719 2232 1798 2266 τι-

221 2318 346 2385 μαῖς
385 2316 509 2376 τοὺς
559 2315 688 2384 περὶ
743 2315 835 2366 τὸν
875 2311 1148 2380 Θεόφοϐον
1198 2309 1506 2380 ἐγέραιρεν.
1543 2309 1704 2363 Ὅθεν
1745 2311 1792 2362 οἱ

216 2407 428 2477 Πέρσαι
470 2405 691 2458 πλείονα
727 2403 817 2456 τὸν
849 2402 1013 2456 πόθον
1056 2400 1197 2471 πρὸς
1240 2400 1330 2452 τὸν
1377 2398 1650 2469 Θεόφοϐον
1698 2401 1796 2451 άνη

1899 2047 2100 2102 cesque
2129 2035 2199 2088 ab
2228 2033 2562 2102 imperatore
2591 2032 2994 2087 contenderunt
3017 2040 3078 2087 ut
3107 2033 3209 2088 sibi
3248 2033 3476 2089 seorsiut

1899 2125 2041 2180 duce
2073 2124 2412 2195 TheOphobo
2463 2124 2664 2179 bellum
2725 2125 2778 2178 in
2840 2125 3120 2195 Agarenos
3169 2123 3478 2185 mandaret.

1899 2233 1978 2270 cei
1997 2225 2105 2270 tam
2133 2216 2363 2286 polliciti
2390 2216 2694 2271 victoriam.
2730 2215 2974 2282 Quorum
3005 2217 3185 2272 verbis
3219 2216 3480 2272 deliuitus

1902 2310 2202 2378 imperator
2237 2309 2504 2364 neminem
2554 2317 2750 2380 praeter
2797 2309 3192 2380 Theophobum
3229 2309 3311 2366 eis
3337 2325 3478 2380 pra:-

1900 2415 2021 2453 essc
2060 2401 2249 2454 voluit.

215 2499 409 2566 ἧπτον,
442 2500 538 2551 καὶ
573 2497 724 2566 μόνοι
753 2494 870 2564 μετ’
903 2492 1065 2546 αὑτοῦ
1099 2493 1189 2546 τὸν
1218 2491 1358 2545 κατᾶ
1384 2491 1493 2544 τῶν
1534 2489 1856 2560 Ἀγαρηνῶν
1889 2491 2216 2544 ὑποδύεσθαι
2279 2492 2518 2561 πόλεμον
2575 2493 2953 2560 καθικέτευον,
3021 2495 3117 2548 καὶ
3173 2493 3472 2567 τρέπεσθαι

220 2593 438 2654 τούτους
494 2589 895 2643 διεϐεϐαιοῦντο
956 2587 1049 2638 τὸν
1097 2585 1343 2657 βασιλέα.
1390 2585 1482 2637 Διὸ
1532 2585 1776 2646 καὶτοῖς
1815 2585 1992 2653 λόγοις
2047 2584 2228 2638 αὐτῶν
2287 2586 2766 2658 κατακηλούμενος
2841 2591 2870 2642 ό
2954 2587 3208 2658 βασιλεὺς
3289 2588 3476 2642 οὐδένα

215 2684 375 2738 ἄλλον
405 2685 589 2744 αὐτοῖς
631 2680 764 2734 αλλὰ
827 2681 917 2732 τὸν
941 2677 1212 2746 Θεόφοϐον
1246 2678 1596 2746 ἡγεμονεύειν
1625 2677 1895 2730 ἐϐούλετο.

289 2823 380 2893 Τῷ
425 2824 469 2876 δ’
515 2822 724 2874 ἐπιόντι
768 2818 1001 2889 ἐνιαυτῷ
1034 2818 1205 2886 ἔξεισι
1255 2818 1420 2871 πάλιν
1475 2820 1504 2870 ὁ
1545 2819 1799 2888 βασιλεὺς

1973 2823 2130 2877 Anno
2187 2824 2440 2893 sequenti
2495 2821 2832 2894 Theophilus
2901 2839 3118 2880 rursum
3173 2826 3359 2896 copias
3415 2827 3470 2881 in

222 2918 358 2984 μετά
387 2916 498 2967 τῶν
543 2915 852 2982 δυνάμεων,
902 2914 998 2964 καὶ
1040 2911 1184 2966 κατά
1215 2912 1276 2964 τὸ
1323 2913 1634 2982 Χαρσιανὺν
1664 2931 1802 2984 συμ-

1904 2915 2211 2972 Saracenos
2260 2916 2470 2978 eduxit,
2511 2930 2636 2970 cum
2679 2917 2859 2986 iisque
2910 2917 3053 2985 apud
3110 2916 3470 2975 Charsianum

218 3007 452 3068 πλακεὶς
481 3008 596 3066 τοῖς
638 3005 961 3072 Ἀγαρηνοῖς
991 3003 1256 3072 τρέπεται
1283 3001 1509 3066 τούτους
1555 3006 1653 3059 καὶ
1698 3005 1799 3057 οὐκ

1904 3020 2234 3074 congressus
2266 3019 2364 3059 eos
2395 3002 2555 3065 fudit,
2587 3012 2642 3058 et
2675 3005 2742 3058 ad
2793 3005 2982 3076 viginti
3031 3008 3272 3076 quinque
3301 3007 3470 3061 millia

217 3101 435 3168 ὀλίγους
463 3096 762 3167 χειροῦται,
789 3096 1169 3164 αἰχμαλώτους
1212 3093 1499 3164 κατασχὼν
1537 3095 1661 3165 ἄχρι
1689 3097 1799 3148 τῶν

1901 3099 2150 3166 captivos
2194 3097 2446 3160 abduxit,
2502 3095 2836 3166 domumque
2872 3098 3068 3152 illustri
3125 3098 3327 3168 potitus
3390 3100 3468 3153 vi-

219 3191 562 3244 εἰκοσιπέντε
633 3187 909 3258 χιλιάδων,
983 3189 1079 3240 καὶ
1147 3189 1287 3257 μετά
1335 3185 1491 3258 νίκης
1538 3186 1798 3258 λαμπρᾶς

1901 3191 2074 3242 ctoria
2147 3189 2326 3242 rediit.
2382 3186 2526 3242 lnter
2589 3188 2835 3257 captivos
2885 3186 3189 3244 Saracenos
3249 3188 3467 3260 quidam

221 3285 470 3338 ἐπάνεισι
522 3282 658 3351 πρὸς
704 3282 804 3349 τὴν
857 3279 1268 3347 βασιλεύουσαν.
1333 3277 1572 3347 Ἐλήφθη
1616 3279 1673 3331 δέ
1715 3298 1798 3342 τις

1903 3280 2006 3334 fuit
2036 3296 2198 3335 manu
2238 3290 2522 3350 promptus
2563 3289 2614 3332 et
2645 3295 2905 3336 manuum
2936 3282 3178 3357 agilitate
3241 3282 3473 3336 celebris

218 3375 568 3444 αἰχμάλωτος
593 3374 700 3426 τῶν
731 3371 1063 3442 Σαρακηνςῖλν
1093 3369 1232 3423 κατὰ
1265 3367 1429 3438 χεῖρά
1455 3385 1514 3420 τε
1551 3370 1798 3436 γενναῖος

1900 3369 2203 3425 domestico
2267 3375 2579 3427 scholarum
2640 3383 2803 3424 nutus
2862 3368 3090 3440 ejusque
3155 3371 3469 3426 testimonio

220 3469 319 3521 καὶ
351 3467 550 3537 χειρῶν
589 3465 788 3535 εὐφυΐα
816 3463 1138 3533 ὀνομαστὸς,
1161 3461 1218 3525 ὃς
1245 3462 1480 3528 γνωστὸς
1499 3456 1566 3532 ἦν
1596 3461 1672 3530 τῷ
1691 3460 1799 3516 τῶν
1827 3478 1848 3537 ί

1903 3463 2354 3526 commendatus,
2408 3462 2574 3534 924
2625 3463 2771 3533 quod
2837 3471 2892 3517 et
2949 3479 3116 3532 eques
3179 3463 3473 3533 praeclarus

222 3561 434 3631 σχολῶν
463 3557 771 3628 δομεστίκῳ
805 3557 900 3610 καὶ
929 3557 1295 3625 ἐμαρτυρεῖτο
1352 3557 1482 3624 παρ’
1519 3553 1685 3607 αὐτοῦ
1723 3554 1795 3618 ὡς

218 3655 308 3720 εἴη
335 3669 394 3704 τε
423 3651 594 3714 δεξιὸς
639 3651 764 3719 περὶ
797 3650 897 3718 τὴν
940 3647 1214 3701 ἱππασίαν
1254 3648 1350 3698 καὶ
1386 3646 1462 3707 ὡς
1506 3646 1566 3698 ἐν
1599 3644 1675 3714 τῷ
1707 3646 1796 3698 in-

219 3742 497 3806 πάζεσθαι
524 3743 646 3794 δυσὶ
672 3741 864 3809 δόρασι
909 3739 1194 3809 χρώμενος
1228 3738 1494 3808 ἐντέχνως
1529 3739 1671 3805 ἄγαν
1705 3741 1798 3792 καὶ

224 3835 448 3902 εὐφυῶς
478 3831 810 3885 καταϐάλλει
864 3831 990 3892 τοὺς
1042 3826 1342 3891 ἐναντίους.
1385 3829 1538 3882 Ἐπεὶ
1574 3829 1630 3882 ὃὲ
1691 3831 1799 3881 ἔδει

220 3926 281 3977 ἐν
315 3925 379 3990 τῇ
409 3921 743 3990 ἱπποδρομία
787 3919 880 3972 τὸν
909 3919 1011 3986 τῆς
1053 3919 1210 3986 νίκης
1257 3916 1528 3987 θρίαμϐον
1555 3918 1798 3970 ἐκτελεῖν

215 4016 312 4070 τὸν
340 4015 685 4083 δομέστικον,
718 4013 1020 4081 προηγεῖτο
1057 4009 1114 4062 δὲ
1158 4003 1314 4072 οὗτος
1366 4010 1460 4061 τοῦ
1499 4009 1796 4080 θριάμϐου,

219 4106 564 4174 θεασάμενος
593 4106 621 4156 ὁ
643 4103 900 4172 βασιλεὺς
937 4101 1099 4154 αὐτὸν
1134 4101 1231 4154 καὶ
1251 4103 1364 4163 τοῖς
1397 4100 1642 4163 ἐπαίνοις
1670 4101 1801 4152 κλα-

219 4197 344 4259 πεὶς
380 4197 548 4248 ἵππου
565 4212 623 4247 τε
647 4193 906 4262 ἐπιϐῆναι
933 4191 1208 4256 ἐκέλευσε,
1228 4192 1322 4244 καὶ
1341 4192 1542 4262 δόρατα
1571 4191 1802 4243 λαϐόντα

221 4290 318 4342 δύο
339 4288 439 4359 τὴν
487 4287 770 4359 ἀριστείαν
813 4286 907 4338 καὶ
941 4285 1171 4352 εὐφυΐαν
1221 4285 1410 4354 ἁπάσῃ
1438 4286 1503 4353 τῇ
1539 4283 1690 4336 πόλει
1718 4287 1803 4335 ὲν-

219 4380 527 4446 δεὶξασθαι.
564 4377 770 4431 Τούτου
805 4377 862 4431 δὲ
892 4377 1189 4446 γενομένου
1225 4377 1319 4428 καὶ
1369 4378 1481 4439 τοῖς
1516 4375 1802 4444 ἀπειροτὲ-

224 4491 340 4537 ροις
371 4473 566 4542 τέρψιν
596 4473 934 4542 παρέχοντος
966 4471 1035 4540 τῇ
1089 4469 1299 4538 ὁράσει,
1343 4469 1621 4538 Θεόδωρος
1653 4473 1680 4520 ὁ
1703 4469 1801 4539 τὴν

223 4560 545 4629 ἐπωνυμίαν
570 4559 931 4629 Κρατερὸς,ὁ
981 4559 1078 4610 καὶ
1125 4556 1262 4626 μετὰ
1325 4555 1501 4627 βραχὺ
1551 4555 1649 4624 τῆς
1690 4555 1800 4608 τῶν

224 4653 406 4720 άγίων
445 4649 956 4723 τεσσαρακονταδύο
999 4648 1296 4718 μαρτύρων
1342 4646 1624 4716 φάλαγγος
1659 4648 1792 4717 ἀρχ-

1899 3564 2046 3608 esset
2097 3562 2152 3608 et
2206 3553 2349 3607 inter
2403 3553 2762 3622 equitandum
2812 3551 3029 3608 duabus
3085 3564 3244 3609 utens
3301 3553 3473 3610 hastis

1902 3645 2039 3698 scite
2093 3643 2384 3698 admodum
2426 3644 2774 3700 adversarios
2823 3645 3103 3714 dejiceret.
3154 3645 3290 3701 Cum
3343 3662 3474 3717 ergo

1902 3737 2238 3790 domesticus
2279 3737 2330 3789 in
2357 3739 2508 3791 circo
2531 3739 2868 3806 triumphum
2901 3737 3142 3792 victoriae
3168 3738 3288 3808 ejus
3315 3753 3477 3808 agere

1899 3828 2090 3895 jussus
2120 3837 2248 3880 ante
2277 3828 2516 3896 reliquos
2562 3828 2841 3884 hominem
2884 3831 3050 3886 istum
3099 3830 3342 3895 duceret,
3378 3831 3479 3885 ini-

1906 3927 2120 3986 perator
2152 3919 2561 3975 laudationibus
2607 3921 2728 3992 ejus
2780 3921 3037 3978 inductus
3082 3937 3284 3994 equum
3341 3936 3479 3977 con-

1904 4011 2166 4065 scendere
2196 4011 2518 4082 duabusque
2561 4014 2802 4083 acceptis
2864 4015 3034 4073 baStis
3081 4015 3216 4069 artis
3261 4028 3374 4069 suae
3413 4028 3478 4068 ac

1905 4101 2231 4167 praestantiae
2276 4104 2555 4172 specimen
2607 4119 2792 4158 coram
2825 4105 3098 4160 universis
3145 4105 3308 4161 edere
3352 4120 3478 4162 eum

1901 4189 2091 4258 jussit.
2152 4190 2204 4244 ld
2264 4207 2386 4246 cum
2429 4192 2584 4248 ﬁeret
2646 4203 2699 4250 et
2745 4195 3109 4266 imperitiores
3164 4196 3483 4265 spectaculo

1907 4282 2338 4350 delectarentur,
2408 4283 2731 4339 Theodorus
2784 4295 3148 4357 cognomento
3197 4285 3480 4350 Craterus,

1910 4371 1956 4424 is
1985 4371 2076 4441 qui
2113 4388 2218 4425 non
2248 4374 2419 4428 multo
2458 4385 2583 4444 post
2619 4386 2938 4432 sanctorum
2977 4378 3341 4448 quadraginta
3368 4379 3482 4433 duo

1910 4472 2214 4534 martyrum
2272 4465 2516 4522 cohortis
2564 4468 2822 4539 princeps
2868 4477 2951 4524 est
3001 4468 3204 4536 factus,
3256 4472 3480 4541 prOpius

1907 4557 2020 4626 regi
2059 4565 2246 4614 astans
2310 4561 2655 4616 subsannarc
2697 4564 3007 4633 Agarenum
3055 4565 3220 4621 istum
3253 4574 3308 4621 et
3337 4565 3483 4621 aﬂir-

1905 4663 2054 4705 mare
2076 4652 2210 4705 nihil
2243 4654 2312 4709 ab
2349 4669 2416 4709 eo
2448 4655 2587 4711 forte
2615 4663 2711 4709 aut
2741 4656 2983 4712 terribile
3017 4657 3126 4729 agi.
3183 4657 3482 4731 Imperator

1352 4830 1706 4888 XYLANDRI
1747 4831 1833 4886 ET
1874 4830 2087 4887 GOARI
2129 4830 2359 4887 NOT£.

225 4985 349 5025 mus
377 4967 623 5023 omnium
655 4967 825 5036 μέγας
854 4966 1198 5034 ὼμέστικος,
1244 4967 1397 5036 apud
1433 4965 1715 5036 Codinum
1735 4965 1805 5020 de

1905 4965 2317 5036 foederatorum,
2349 4967 2527 5034 qualis
2577 4968 2664 5022 hic
2709 4967 3002 5024 Persarum
3063 4969 3262 5024 ductor
3300 4967 3479 5025 Theo-

226 5040 381 5094 Ot‘lic.
413 5038 547 5092 Cur.
580 5035 768 5108 Const.
802 5051 851 5090 c.
881 5039 912 5108 t
927 5045 981 5090 et
1015 5051 1170 5108 seqq.
1192 5035 1259 5091 ad
1295 5037 1657 5108 propositum.
1696 5035 1803 5108 [fro
1902 5036 2142 5108 phobus.
2169 5035 2272 5090 sub
2321 5051 2422 5091 sua
2460 5038 2842 5108 dispositione.
2873 5047 3080 5108 ut_cum
3116 5039 3331 5108 imperii
3367 5039 3478 5095 No-

224 5109 586 5164 Orientalium
605 5106 1105 5179 Qcciilentaliutnve
1119 5104 1417 5179 thema’tum
1441 5104 1697 5174 praefecto
1711 5104 1800 5158 δοο

227 5180 490 5250 μεστέκου
517 5175 788 5250 vocemin
824 5177 1076 5250 praesenti
1099 5175 1181 5250 _ab
1221 5185 1443 5229 auctore
1478 5183 1798 5250 usurpatam

225 5245 334 5304 non
376 5255 604 5308 asseret,
629 5247 721 5316 qui
769 5247 991 5316 scholas
1021 5247 1309 5301 universas
1334 5260 1456 5300 cum
1501 5247 1664 5316 unico
1693 5245 1798 5298 hoc

222 5319 530 5375 domestico
563 5317 618 5370 in
650 5314 906 5371 conﬂictu
940 5319 1177 5371 cessisse
1195 5316 1588 5371 observaverit.
1612 5314 1794 5382 Expo-

225 5388 406 5444 nenda
439 5390 622 5456 itaque
653 5388 735 5440 vel
765 5388 835 5441 de
867 5401 1064 5454 magno
1096 5386 1418 5445 domestico,
1445 5388 1614 5438 totius
1637 5397 1794 5438 exer-

222 5462 368 5514 citus
398 5460 502 5512 sub
531 5461 858 5526 imperatore
878 5456 1040 5526 duce,
1079 5457 1160 5509 vel
1189 5456 1282 5526 _de
1311 5457 1552 5510 solarqu
1580 5463 1793 5526 pra-to-

223 5533 504 5583 rianarum
529 5524 840 5580 scholarum
869 5525 1143 5594 praefecto,
1182 5524 1500 5594 δομὲστικος
1535 5524 1644 5576 τῶν
1676 5540 1796 5590 σχο-

221 5599 333 5651 λῶν
357 5613 526 5666 penes
581 5596 852 5666 Codinum
905 5603 1119 5666 vocato,
1151 5595 1333 5663 cujus,
1371 5604 1428 5648 ttt
1453 5595 1652 5666 asserit
1678 5594 1795 5666 ipse

222 5663 439 5728 c.5,'n.
467 5667 559 5729 42,
589 5681 685 5734 par
741 5665 911 5719 ferme
951 5665 1130 5720 luerat
1176 5681 1239 5718 ac
1289 5665 1470 5734 magni
1504 5663 1792 5734 domestici

225 5750 492 5808 potestas,
523 5730 646 5790 cuin
676 5737 760 5789 hic
782 5736 882 5808 toti
915 5736 1178 5808 exercitui
1217 5730 1530 5808 imperaret,
1563 5734 1657 5808 ille
1681 5730 1792 5808 Ro-

222 5803 417 5862 iuanas
447 5809 624 5860 solum
657 5807 953 5860 satellitum
1007 5805 1224 5860 scholas
1261 5805 1508 5867 duceret,
1540 5803 1791 5872 φοιδερά-

223 5893 350 5938 τους
415 5885 622 5940 autem,
680 5885 896 5930 exteros
933 5875 1185 5929 nimirum
1231 5876 1352 5928 belli
1381 5876 1788 5933 socios,comes

1902 5107 2018 5160 titia
2074 5108 2289 5178 |_oquar,
2317 5105 2567 5162 teneret.’
2587 5106 2721 5163 Vide
2756 5109 2898 5162 infra
2922 5105 3284 5178 '[beopbilutu
3309 5110 3474 5176 [aede-

1899 5187 2046 5228 ratoa
2083 5175 2278 5231 Persas
2339 5191 2640 5246 eorumque
2671 5179 2884 5247 agmina
2939 5175 3201 5233 Romanis
3244 5175 3475 5234 ducibus

1895 5248 2212 5369 Euspicione
2266 5248 2320 5301 in
2377 5247 2771 5316 Tthpltobutn
2844 5256 3010 5302 enata
3059 5249 3467 5319 subjicientem.

1943 5331 2062 5369 om.

1943 5331 2062 5371 OAR.

1975 5387 2052 5456 (1)
2077 5386 2311 5442 Minores
2334 5387 2576 5459 citharas
2609 5388 2733 5443 sinu
2762 5389 2982 5459 quidem
3030 5388 3251 5456 exiguo.
3279 5406 3466 5443 verum

1897 5468 2158 5529 protenso
2196 5457 2505 5522 manubrio,
2547 5459 2709 5512 simul
2741 5457 2915 5514 tribus
2935 5469 3027 5513 aut
3049 5462 3290 5529 quinque
3313 5459 3473 5512 choro

1899 5526 1984 5580 dis
2021 5528 2348 5591 instructas,
2406 5541 2663 5599 asperum
2691 5537 2746 5582 et
2774 5542 2804 5580 a
2839 5526 3473 5599 militari'non'alieuum

1899 5599 2212 5651 emittentes
2253 5597 2690 5667 sonum,quales
2744 5601 3044 5654 etiamnum
3078 5599 3258 5664 hodie,
3284 5597 3474 5652 iorsan

1901 5681 1930 5718 a
1970 5667 2174 5736 Graecis
2202 5667 2332 5720 olim
2378 5676 2654 5736 acceptas.
2695 5668 2748 5722 in
2778 5669 2978 5724 castris
3018 5669 3231 5722 animos
3263 5669 3475 5721 exhila-

1898 5738 2069 5861 aaturi
2107 5735 2302 5792 Tum:
2354 5735 2594 5807 pulsant.
2631 5739 2827 5810 χορδάς
2861 5740 2949 5794 hic
2978 5738 3163 5793 vocari
3195 5737 3473 5793 existimo.
3509 5786 3511 5788 .

1946 5822 2063 5860 om.

1946 5822 2063 5860 οΑη.
