4226 6442
752 405 882 468 1007

2028 403 2344 467 GEORGII
2387 400 2721 462 CEDRENI

3867 397 4011 462 1003

741 530 885 585 a-gre
909 517 961 572 id
995 515 1159 581 ferre,
1194 514 1592 586 Craterumque
1632 514 2004 570 eﬂ‘eminatum
2056 525 2110 569 et
2147 516 2322 570 evira-

2429 514 2664 583 mbg'ﬂ)
2698 510 2963 579 γεγονὼς,
2992 511 3216 581 πλησίον
3239 513 3318 584 τῷ
3357 513 3566 583 βασιλεῖ
3601 512 3893 581 παρεστὼς
3920 513 4014 578 ἐξ·

743 617 858 662 tum
900 608 1206 676 increpare,
1238 608 1332 676 qui
1364 607 1472 662 tale
1506 615 1766 675 praestare
1795 605 1912 676 ipse
1948 605 2080 660 nihil
2117 611 2320 674 posset.

741 703 941 754 Contra
1002 700 1266 756 Craterus
1328 699 1541 754 duabus
1599 700 1771 754 hastis
1827 714 1886 753 se
1931 697 2144 751 nescire
2201 696 2320 748 uti:

745 807 917 861 neque
954 793 1099 846 enim
1129 792 1232 846 hoc
1274 790 1556 854 didicisse,
1587 789 1734 859 quod
1765 790 1848 844 his
1889 789 2048 857 nugis
2089 788 2142 841 in
2183 787 2326 840 bello

744 883 878 936 nihil
935 899 1078 952 Opus
1127 884 1304 949 foret;
1368 898 1427 937 se
1489 880 1580 937 Dei
1645 882 1849 935 auxilio
1914 882 2110 934 l'retum
2164 879 2324 933 unica

743 975 898 1028 hasta
947 975 1113 1030 istum
1175 990 1318 1043 equo
1378 974 1820 1030 deturbaturum.
1878 971 2177 1042 Imperator
2241 969 2328 1025 his

745 1067 922 1121 verbis
995 1067 1244 1122 irritatus
1313 1083 1411 1138 per
1477 1082 1632 1120 suum
1675 1066 1850 1135 ipsius
1889 1073 2056 1135 caput
2113 1065 2324 1133 jurare,

743 1155 974 1211 Cratero
1021 1173 1081 1211 se
1133 1158 1300 1212 vitam
1333 1166 1678 1226 erepturum,
1727 1157 1833 1210 nisi
1888 1158 2139 1226 impleret
2183 1155 2328 1210 iacto

743 1248 888 1315 «μιυά
925 1249 1110 1303 verbis
1152 1248 1431 1316 iactasset.
1476 1247 1542 1301 Et
1577 1245 1902 1300 Theodorus
1958 1246 2142 1300 statim
2193 1261 2328 1300 con-

745 1355 944 1394 scenso
979 1356 1120 1409 equu
1159 1340 1431 1408 hastaque
1466 1347 1682 1409 sumpta
1717 1353 1842 1392 cum
1906 1337 2184 1391 Saracena
2216 1353 2329 1390 ma-

748 1448 880 1485 num
941 1433 1266 1497 censeruit,
1327 1433 1549 1500 citoque
1609 1446 1734 1485 eum
1795 1445 1937 1499 equo
1991 1429 2327 1500 praecipitem

745 1523 966 1591 deiecit.
1043 1522 1262 1578 Pudore
1315 1524 1535 1592 quidem
1593 1521 1821 1576 alIeetus
1869 1530 1954 1576 est
2009 1523 2326 1589 imperator,

749 1618 816 1668 ab
849 1616 1105 1670 eunucho
1160 1614 1435 1684 dejectum
1469 1630 1700 1670 cernens
1748 1613 2080 1668 Saracenum
2117 1629 2130 1665 :
2166 1611 2328 1681 925

748 1717 928 1762 tamen
973 1716 1028 1762 et
1075 1709 1332 1761 virtutem
1364 1708 1604 1762 hominis
1649 1715 1940 1761 veneratus
1967 1716 2020 1760 et
2061 1719 2191 1759 suos
2239 1718 2329 1757 re-

749 1799 957 1853 veritus
1022 1801 1198 1855 amice
1260 1800 1648 1869 compellatum
1716 1797 2011 1853 Craterum
2080 1795 2328 1852 vestibus

749 1889 974 1943 honoris
1001 1906 1166 1946 causa
1194 1891 1441 1946 donavit.

2428 603 2769 671 εμυκτήριζε
2805 603 2896 654 τὸν
2935 602 3260 673 Ἀγαρηνὸν,
3297 603 3465 673 μηδὲν
3496 604 3740 673 ἀνδρεῖον
3783 605 4017 671 φάσκων

2431 694 2566 764 μηδὲ
2600 694 3048 765 καταπληκτικὸν
3082 694 3514 764 ἐνδεικνύμενον.
3541 689 3610 766 ’ᾭ
3646 697 3739 746 καὶ
3770 695 4018 764 χαλεπή-

2427 806 2524 850 νας
2543 789 2569 840 6
2597 786 2851 856 βασιλεύς
2884 804 2897 817 ·
2962 786 3121 839 Ἀλλά
3164 788 3248 849 σὺ,
3278 781 3322 838 ὦ
3346 785 3608 857 θηλυδρία
3639 788 3733 838 καὶ
3756 785 4015 855 ἄνανδρε,

2429 879 2658 934 δύνασαί
2688 897 2742 932 τι
2773 877 3018 932 τοιοῦτον
3089 878 3472 948 ὲργάσασθαι;
3548 878 3869 931 ’Υπολαϐὼν
3905 878 3960 930 δὲ
3989 879 4018 930 6

2432 971 2737 1041 Κρατερός·
2765 989 2782 1021 ‹
2821 970 2923 1022 Δύο
2950 971 3070 1038 μὲν,
3095 969 3338 1040 βασιλεῦ,
3381 970 3459 1040 μὴ
3485 969 3674 1040 μαθὼν
3698 969 3820 1022 οὐδὲ
3846 985 4017 1036 μετα-

2429 1061 2774 1134 χειρίσασθαι
2807 1063 3009 1132 δόρατα
3048 1063 3285 1132 δύναμαι
3311 1081 3324 1094 ο
3359 1064 3480 1116 οὐδὲ
3537 1065 3647 1132 γάρ
3676 1065 3732 1114 ἐν
3789 1061 4018 1129 πολέμῳ

2429 1154 2684 1224 τοιαύτης
2741 1154 3010 1224 φλυαρίας
3049 1156 3208 1224 χρεία
3234 1171 3248 1185 ·
3290 1156 3371 1208 ἐνὶ
3434 1156 3490 1208 δὲ
3539 1155 3887 1223 χρησάμενος
3917 1153 4020 1222 τὴν

2432 1248 2512 1308 εἰς
2548 1246 2680 1301 Θεὸν
2712 1247 3040 1316 πεποίθησιν
3074 1248 3182 1316 ἔχω
3217 1246 3444 1316 βεϐαίαν
3491 1245 3566 1308 ὡς
3621 1245 3912 1316 κρημνίσω
3952 1261 4012 1294 τε

2430 1336 2621 1389 τοῦτον
2647 1338 2741 1389 καὶ
2771 1335 2867 1389 τοῦ
2904 1338 3073 1389 ἵππου
3110 1337 3426 1390 καταϐαλῶ.
3468 1356 3487 1387 ι
3531 1336 3655 1388 Ἐπὶ
3676 1336 3756 1404 τῷ
3787 1315 3934 1404 λόγῴ
3961 1334 4017 1386 δὲ

2432 1428 2708 1498 θυμωθεὶς
2735 1430 2761 1482 ὁ
2790 1427 3046 1498 βασιλεὺς
3079 1425 3113 1500 ἦ
3147 1429 3255 1499 μὴν
3291 1430 3456 1498 ἔφησε
3486 1427 3630 1480 κατὰ
3677 1428 3773 1495 τῆς
3815 1425 4013 1478 ἑαυτοῦ

2432 1518 2676 1588 κεφαλῆς
2714 1518 2806 1572 τὸν
2856 1520 3018 1588 ὅρκον
3078 1519 3397 1587 ἐπαγαγὼν,
3435 1518 3650 1588 θανάτῳ
3678 1517 4018 1588 παραδοῦνει

2429 1612 2519 1665 τὸν
2549 1611 2856 1680 Κρατερὸν,
2883 1614 2930 1663 εἰ
2971 1611 3046 1682 μὴ
3077 1613 3205 1675 τοὺς
3234 1612 3425 1679 λόγους
3452 1614 3532 1673 εἰς
3583 1611 3745 1680 ἔργον
3790 1610 4014 1676 ἀγάγοι.

2443 1699 2678 1762 Ἀναϐὰς
2726 1695 2820 1752 οὖν
2879 1700 3042 1762 εὐθὺς
3075 1701 3165 1752 τὸν
3206 1701 3374 1754 ἵππον
3401 1704 3428 1753 6
3456 1699 3729 1769 Θεόδωρος
3761 1703 3852 1752 καὶ
3886 1701 4015 1768 δίρυ

2430 1791 2613 1843 λαϐὼν
2651 1791 3015 1845 συνεπλέκετο
3044 1793 3122 1861 τῷ
3149 1793 3476 1864 Σαρακηνῷ,
3508 1793 3603 1844 καὶ
3633 1793 3689 1844 ὲν
3721 1793 3781 1843 ού
3814 1790 4016 1859 μακρῷ

2359 1860 2406 1918 Β
2435 1884 2510 1954 τῷ
2544 1883 2723 1954 χρόνῳ
2745 1883 2839 1937 τοῦ
2864 1885 3033 1937 ἵππου
3053 1860 3214 1936 αὐτὸν
3232 1860 3699 1956 ’κατεκρήμνισει
3740 1883 4017 1954 ᾘσχύνθη

752 1981 850 2053 μὲν
881 1981 972 2034 οὖν
1001 1983 1028 2035 6
1075 1982 1324 2051 βασιλεὺς
1352 1981 1835 2050 καταϐεϐλημένον
1864 1980 1984 2033 ίδὼν
2011 1979 2104 2033 τὸν
2127 1976 2445 2049 Σαρακηνὸν
2479 1975 2571 2027 ὑπ’
2632 1975 2826 2045 ἀνδρὸς
2888 1975 3173 2044 εὐνούχου,
3226 1977 3377 2046 ὅμως
3444 1978 3543 2046 τὴν
3585 1976 3789 2044 ἀρετὴν
3865 1973 4018 2032 αἱδε,

752 2077 898 2139 σθεῖς
924 2077 1016 2129 τοῦ
1053 2077 1246 2148 ἀνδρὸς
1278 2077 1421 2147 λόγῳ
1448 2095 1504 2130 τε
1534 2076 2024 2148 ἐφιλοφρονήσατο,
2058 2074 2154 2128 καὶ
2195 2072 2390 2135 στολὰς
2455 2071 2549 2124 καὶ
2620 2070 2950 2138 περιϐολὰς,
2987 2069 3086 2140 τὴν
3161 2071 3439 2125 πολιτείαν
3499 2069 3836 2140 αἰδούμενος,
3895 2069 4021 2121 ὲδω.

754 2169 957 2238 ρήσατο
984 2170 1152 2240 αὐτῷ.

830 2261 968 2317 Vere
1007 2263 1165 2328 inito,
1197 2262 1538 2333 Theophilus
1581 2276 1776 2316 rursus
1821 2259 2124 2314 contractis
2157 2256 2333 2327 cepiis

753 2356 807 2408 iu
872 2357 1178 2410 Saracenos
1216 2361 1414 2414 mmet,
1461 2361 1718 2406 revocato
1760 2352 1827 2403 ab
1874 2349 2072 2403 exsilio
2120 2347 2336 2416 sibique

754 2447 1016 2515 adjuncto
1065 2458 1255 2500 sancto
1309 2446 1607 2500 Melhodio.
1660 2442 1882 2497 Solebat
1929 2441 2032 2494 hoc
2080 2439 2134 2494 in
2180 2439 2335 2494 bellis

755 2541 1024 2603 factitare,
1051 2539 1166 2592 sive
1195 2554 1304 2608 quo
1331 2539 1451 2607 ejus
1484 2535 1750 2606 sapientia
1778 2535 1831 2586 in
1865 2533 2052 2586 multis
2083 2532 2337 2587 obscuris

756 2642 920 2698 atque
966 2631 1239 2684 intricatis
1296 2630 1461 2682 rebus
1512 2625 1853 2695 explicandis
1903 2630 2172 2687 uteretur,
2221 2623 2339 2677 sive

755 2724 808 2776 id
863 2739 1086 2787 cavens,
1148 2737 1215 2775 ue
1266 2720 1619 2774 rebellionem
1653 2718 1698 2771 is
1727 2733 1785 2770 se
1818 2715 2043 2769 absente
2097 2714 2336 2782 aliquam

754 2816 1060 2869 Concitaret
1112 2816 1180 2867 ob
1238 2827 1518 2868 sacrarum
1583 2810 1879 2878 imaginum
1938 2807 2333 2860 amolitionem.

755 2907 888 2961 Natu
921 2909 1120 2962 civium
1172 2907 1264 2975 qui
1318 2913 1474 2958 erant
1523 2902 1781 2972 praecipui
1818 2909 1979 2969 atque
2011 2914 2136 2969 erga
2167 2898 2334 2952 Deum

755 3005 848 3071 pii,
882 3015 1080 3072 magno
1113 3001 1164 3054 in
1192 3001 1403 3054 honore
1436 2998 1710 3053 habebant
1739 2995 2073 3049 Methodiqu
2106 3010 2118 3044 :
2151 2994 2332 3046 itaque

751 3112 874 3149 eum
904 3103 1025 3163 post
1057 3111 1113 3148 se
1149 3092 1458 3161 relinquere
1508 3090 1823 3159 imperatori
1877 3085 2184 3140 consultum
2221 3098 2329 3136 non

755 3188 1059 3239 videbatur.
1097 3186 1394 3239 Enimvero
1430 3193 1541 3236 tum
1570 3181 1863 3234 commissa
1898 3193 2076 3248 pugna
2125 3177 2330 3231 [smac-

2517 2253 2604 2324 [P.
2636 2250 2763 2325 526]
2795 2252 2935 2321 Ἤδη
2966 2251 3021 2304 δὲ
3045 2251 3140 2304 τοῦ
3167 2251 3327 2320 ἔαρος
3363 2251 3776 2320 ὑπολάμποντος
3792 2250 4025 2321 δύναμιν

2437 2347 2597 2400 πάλιν
2629 2342 2903 2416 ἠθροικὼς
2925 2347 2952 2398 6
2987 2343 3250 2413 Θεόφιλος
3276 2344 3445 2407 ἔξεισι
3477 2345 3620 2396 κατὰ
3657 2345 3769 2396 τῶν
3831 2346 4020 2413 Σαρα-

2433 2437 2636 2506 κηνῶν,
2675 2436 2770 2489 καὶ
2824 2435 2914 2488 τὸν
2971 2435 3119 2488 ὅσιον
3163 2435 3423 2488 Μεθόδιον
3471 2437 3533 2487 ἐκ
3563 2435 3661 2505 τῆς
3717 2435 4024 2504 ὑπερορίας

2434 2527 2909 2595 ἀνακαλεσάμενος
2961 2521 3074 2594 εἶχε
3109 2525 3236 2594 ,μεθ’
3276 2525 3494 2589 ἑαυτοῦ,
3534 2526 3840 2594 εἰθισμένον
3870 2527 4022 2593 αὐτῷ

2435 2621 2492 2672 ὲν
2520 2620 2630 2679 τοῖς
2663 2619 2924 2688 πολέμοις
2957 2622 3114 2671 τοῦτο
3144 2622 3340 2682 ποιεῖν,
3368 2621 3478 2671 εἴτε
3509 2619 3604 2670 τοῦ
3635 2619 3820 2688 ἀσαφῆ
3853 2621 4023 2671 ἓνεκα

2437 2712 2534 2764 καὶ
2565 2711 2780 2772 πολλοῖς
2810 2712 3065 2777 ἄγνωστα
3097 2711 3338 2763 διαλύειν
3360 2712 3444 2764 διά
3465 2711 3562 2780 τῆς
3600 2711 4022 2780 ἐνυπαρχούσης

2437 2804 2588 2873 αύτῷ
2640 2805 2850 2871 σοφίας,
2888 2804 2997 2855 εἴτε
3038 2806 3131 2856 καὶ
3176 2805 3578 2866 ἐπαναστάσεις
3615 2805 4023 2873 φυλαττόμενοε

2439 2897 2570 2964 παρ’
2598 2896 2761 2949 αὐτοῦ
2784 2913 2938 2958 τινας
2969 2896 3162 2947 παθεῖν
3185 2896 3272 2948 διὰ
3302 2896 3394 2947 τὸν
3419 2897 3562 2948 κατὰ
3597 2897 3701 2947 τῶν
3732 2896 3892 2947 θείων
3924 2897 4024 2948 καὶ

2441 2988 2653 3040 σεπτῶν
2687 2988 2914 3040 εἰκόνων
2943 2990 3177 3056 πόλεμον
3203 3003 3216 3018 ⁶
3259 2989 3319 3039 ού
3372 2988 3584 3058 μικρῶς
3633 2988 3738 3057 γάρ
3797 2988 4023 3039 ἐσέϐετο

2439 3083 2530 3135 τὸν
2554 3083 2725 3151 ἄνδρα
2755 3083 2816 3135 τὸ
2837 3083 2935 3152 τῆς
2970 3084 3176 3145 πόλεως
3207 3083 3461 3152 ἔκκριτον
3493 3085 3586 3135 καὶ
3617 3083 3884 3151 φιλόθεον.
3918 3086 4022 3136 Διά

2441 3191 2522 3225 τοι
2552 3174 2710 3226 τοῦτο
2746 3174 2837 3226 καὶ
2874 3175 3105 3226 κατόπιν
3132 3176 3225 3244 ἐᾷν
3251 3176 3414 3228 αὐτὸν
3441 3175 3540 3227 οὐκ
3587 3177 3838 3242 ἐφαίνετο
3883 3191 4023 3242 συμ-

758 3277 904 3328 lit~ira
947 3292 1033 3328 res
1065 3276 1319 3343 superior
1344 3272 1465 3336 fuit,
1498 3272 1900 3340 imperatorque
1931 3270 2328 3323 circumventus

2447 3265 2611 3334 φέρον
2645 3265 2722 3334 τῷ
2756 3264 2989 3332 βασιλεῖ.
3023 3266 3173 3325 Τέως
3203 3267 3247 3318 δ’
3286 3269 3436 3336 ὅμως
3487 3269 3880 3335 συμπεσόντων
3926 3265 4023 3316 άλ-

759 3382 893 3435 pene
957 3368 1009 3419 in
1065 3379 1260 3418 manus
1294 3365 1534 3418 hostium
1568 3363 1732 3416 venit.
1773 3361 1822 3414 Id
1878 3360 2162 3413 Manuelus
2213 3375 2335 3413 sen-

757 3462 921 3518 tiens.
954 3461 1062 3513 dua
1101 3459 1405 3519 exercitus,
1458 3456 1657 3511 animis
1708 3469 1933 3509 suorum
1967 3454 2213 3507 oratione
2247 3465 2334 3506 re-

756 3553 1027 3617 collectis,
1059 3553 1204 3620 quod
1255 3549 1695 3620 indignissimam
1754 3563 1870 3600 rem
1923 3546 2038 3601 fore
2064 3545 2336 3615 iudicaret

758 3645 803 3698 si
838 3644 1118 3700 Romanus
1150 3645 1452 3713 imperator
1506 3642 1574 3695 ab
1606 3643 1764 3694 hoste
1819 3647 2128 3708 caperetur,
2163 3636 2335 3690 auda-

758 3747 878 3790 cter
907 3735 1204 3789 discrimen
1235 3733 1390 3788 adiit.
1415 3732 1663 3800 Cumque
1693 3729 1759 3784 ad
1803 3730 2184 3799 imperatorem
2214 3742 2338 3797 per-

759 3827 998 3896 rupisset
1028 3827 1315 3896 fatigatum
1363 3825 1477 3896 jam
1523 3832 1576 3880 et
1629 3822 1698 3878 de
1727 3824 1904 3876 salute
1929 3821 2334 3889 desperantem,

760 3932 944 3974 tamen
1014 3926 1332 3974 causantem
1395 3916 1521 3988 fuga
1577 3931 1634 3970 se
1693 3929 1824 3970 suos
1880 3913 2109 3982 prodere
2169 3910 2335 3976 nolle,

761 4014 1014 4065 hortatus
1060 4021 1144 4066 est
1178 4011 1254 4064 uti
1282 4025 1341 4064 se
1373 4015 1694 4078 sequeretur
1746 4013 2078 4076 praeeuntem
2125 4003 2337 4071 iterque

757 4104 1116 4172 aperientem.
1153 4100 1449 4169 Postquam
1511 4099 1688 4167 ipsum
1747 4103 2123 4165 erumpentem
2166 4095 2338 4162 impe-

761 4203 905 4247 rator
930 4209 960 4247 e
995 4192 1226 4261 vestigio
1270 4193 1602 4245 subsecutus
1647 4188 1814 4259 926
1856 4203 1961 4241 nou
1998 4194 2100 4248 est,
2134 4185 2334 4248 denuo,

762 4298 816 4339 et
870 4300 993 4338 cum
1057 4298 1126 4337 ne
1185 4282 1266 4338 sic
1326 4280 1546 4351 quidem
1605 4278 1944 4348 TheOphilus
1995 4287 2336 4346 sequeretur,

763 4377 987 4430 tertium
1023 4389 1301 4439 reversus,
1341 4383 1570 4427 mortem
1604 4371 1652 4425 ei
1712 4371 1814 4424 nisi
1853 4370 2214 4423 comitaretur
2237 4369 2341 4420 mi.

761 4478 947 4526 natus,
995 4467 1085 4520 vix
1117 4465 1333 4519 tandem
1381 4462 1634 4534 praesenti
1684 4460 1928 4530 periculo
1957 4459 2178 4528 eripuit.
2213 4456 2338 4510 Ideo

763 4556 1064 4611 honoribus
1109 4569 1235 4608 eum
1288 4555 1557 4623 donisque
1601 4551 1782 4621 dignis
1825 4551 2124 4618 imperator
2160 4562 2340 4601 remu-

763 4655 989 4700 neratus
1018 4653 1124 4706 est,
1169 4643 1569 4696 benefactorem
1636 4654 1699 4692 ac
1757 4648 2086 4693 servatorem
2133 4635 2337 4689 fassus.

762 4736 1032 4791 Caeterum
1063 4733 1280 4787 invidiae
1311 4743 1460 4786 tanta
1513 4733 1596 4785 vis
1641 4729 1744 4783 fuit
1791 4739 1848 4782 nt
1881 4746 1974 4798 per
2009 4729 2338 4783 calumniam

764 4829 1144 4895 de'majestate
1171 4834 1430 4878 accusata
1470 4821 1721 4874 Manuelo
1751 4836 2028 4874 summum
2076 4821 2343 4872 creaverit

765 4922 1090 4991 periculum.
1123 4917 1280 4982 Quod
1335 4920 1381 4971 is
1419 4918 1682 4980 sentiens,
1740 4924 1794 4967 et
1849 4915 2054 4967 certior
2103 4911 2277 4964 factus
2311 4927 2338 4965 a

766 5009 1092 5063 ﬁdelissimo
1128 5009 1383 5074 quodam,
1411 5010 1503 5076 qui
1549 5004 1842 5072 aliquando
1882 5003 1982 5071 ipsi
2019 5001 2339 5063 serviverat,

768 5111 898 5156 tunc
949 5110 1129 5153 autem
1195 5098 1508 5166 imperatori
1560 5105 1678 5150 erat
1731 5111 1759 5148 a
1822 5095 2057 5164 poculis,
2108 5090 2224 5145 fore
2276 5099 2336 5145 ttt

767 5192 944 5248 oculis
1001 5192 1070 5244 ab
1102 5191 1203 5243 hoc
1232 5189 1559 5258 privaretur,
1596 5185 1955 5241 defectionem
1990 5192 2218 5238 conatus
2255 5191 2338 5237 est

768 5284 1098 5350 transiitque
1126 5281 1192 5334 ad
1219 5280 1521 5346 Agarenos.
1580 5277 1805 5346 Magnus
1861 5277 2022 5330 etiam
2057 5273 2200 5343 apud
2238 5274 2338 5326 hos

769 5375 872 5428 fuit
903 5388 966 5427 ac
1026 5374 1254 5427 summis
1309 5370 1617 5424 honoribus
1669 5371 1916 5422 alfeclus.
1965 5365 2099 5419 Nam
2140 5380 2337 5436 magno

769 5465 1099 5517 instructqu
1141 5462 1384 5514 exercitu
1430 5459 1662 5528 Agareui
1717 5461 1985 5511 miserunt
2031 5463 2222 5508 contra
2261 5454 2340 5506 \i-

769 5557 922 5610 ciuos
946 5570 1074 5610 suos
1106 5555 1313 5618 hostes,
1360 5553 1452 5622 qui
1507 5561 1771 5607 vocantur
1798 5549 2084 5604 Cermatar.
2119 5545 2342 5599 Manne-

2365 4605 2419 4664 D

2439 3354 2623 3424 λήλοις
2673 3357 2784 3406 τῶν
2849 3356 3291 3425 στρατευμάτων,
3346 3356 3440 3407 καὶ
3493 3356 3601 3407 τῶν
3657 3355 4022 3424 Ἰσμαηλιτῶν

2440 3447 2908 3517 ὑπερτερούντων,
2968 3450 3246 3500 κύκλωσιν
3282 3450 3492 3518 ὑπέστη
3538 3452 3565 3500 6
3618 3447 3870 3516 βασιλεὺς
3924 3450 4024 3500 καὶ

2439 3541 2540 3609 ἤδη
2565 3539 2842 3608 ἁλώσιμος
2869 3536 2956 3610 ἦν.
2997 3542 3062 3592 "O
3093 3540 3156 3610 δὴ
3193 3541 3285 3593 καὶ
3328 3540 3517 3609 μαθὼν
3566 3541 3820 3608 Μανουὴλ
3852 3544 3879 3591 6
3924 3539 4020 3591 τοῦ

2441 3632 2672 3702 στρατοῦ
2729 3631 3118 3702 ἐξηγούμενος,
3160 3633 3256 3685 καὶ
3302 3633 3475 3686 δεινὶν
3529 3634 3879 3704 ἡγησάμενος
3933 3635 4023 3684 (Σο-

2444 3723 2719 3793 ρυάλωτον
2749 3722 2976 3792 βασιλέα
3009 3725 3302 3794 Ῥωμαίων
3340 3725 3490 3789 ἰδεῖν,
3518 3727 3645 3788 τοὺς
3688 3725 3818 3792 περὶ
3855 3725 4021 3778 αὑτὸν

2445 3813 2830 3884 ἀναθαρρύνας
2862 3815 3036 3885 εἰσῄει
3067 3815 3206 3884 μετά
3237 3815 3472 3885 θάρσους
3494 3817 3583 3867 τὸν
3614 3815 3878 3868 κίνδυνον.
3932 3815 4022 3877 Ὠς

2442 3905 2488 3958 δ’
2515 3901 2643 3976 εὗρε
2684 3908 2934 3977 καμόντα
2957 3909 3048 3960 τὸν
3085 3907 3308 3976 βασιλέα
3338 3909 3432 3961 καὶ
3465 3909 3564 3976 τὴν
3599 3908 3870 3979 σωτηρίαν
3908 3908 4022 3961 ἀπ-

2441 3998 2740 4067 εγνωκότα,
2768 3999 3242 4070 προφασιζόμενον
3271 4000 3328 4051 δὲ
3361 4000 3434 4070 μὴ
3465 3999 3749 4070 βούλεσθαι
3775 4001 3864 4052 τὸν
3889 3999 4023 4052 λαὸν

2444 4090 2716 4158 φεύγοντα
2773 4091 3137 4144 καταλιπεῖν·
3201 4093 3336 4157 "Are
3395 4093 3482 4162 δὴ,
3545 4094 3729 4160 φησὶν,
3787 4087 4022 4160 ὦβασι-

2442 4180 2556 4244 λεῦ,
2587 4183 2720 4234 ἕπου
2765 4200 2855 4252 μοι
2887 4185 3353 4252 προπορευομὲνῳ
3383 4184 3479 4236 καὶ
3514 4183 3612 4253 τὴν
3644 4184 3759 4235 ὀδόν
3807 4200 3888 4236 σοι
3931 4185 4021 4236 εύ-

2444 4272 2678 4345 ρύνοντι.
2723 4294 2741 4326 ι
2797 4274 2884 4337 Ὠς
2926 4275 2970 4326 6'
3013 4277 3040 4327 6
3089 4275 3346 4344 Μανουὴλ
3379 4277 3547 4346 ἐξῄει,
3602 4277 3629 4328 6
3672 4274 3929 4344 βασιλεὺς
3963 4276 4020 4328 δὲ

2442 4365 2802 4436 κατεπτηχὼς
2832 4368 2929 4436 ούχ
2961 4367 3165 4430 εἵπετο,
3203 4369 3363 4420 πάλιν
3388 4369 3451 4418 ὲκ
3482 4367 3734 4434 δευτέρου
3755 4367 4024 4436 ὑποστρέ-

2441 4455 2540 4525 ψαι
2572 4457 2913 4526 ἠναγκάσθη.
2960 4458 3050 4519 Ὠς
3081 4458 3136 4509 δὲ
3162 4458 3255 4507 καὶ
3284 4457 3448 4510 πάλιν
3482 4457 3776 4525 ἠστόχησε,
3813 4458 3873 4507 τὸ
3899 4459 4019 4524 τρί-

2443 4564 2534 4599 τον
2564 4548 2924 4617 ἐπιστραφεὶς
2953 4548 3181 4602 θάνατον
3230 4547 3528 4616 ἠπείλησεν
3592 4551 3638 4598 εἰ
3699 4547 3771 4616 μὴ
3806 4547 4018 4609 ἕποιτο,

2448 4639 2540 4692 καὶ
2572 4639 2744 4701 οὕτως
2770 4639 2865 4707 ὀψὲ
2900 4641 2992 4692 καὶ
3027 4640 3180 4707 μόλις
3218 4638 3313 4691 τοῦ
3362 4637 3611 4691 κινδύνου
3644 4639 3892 4691 διέσωσε.
3928 4639 4030 4690 Δι’)

2443 4733 2629 4798 τιμαῖς
2657 4731 2846 4783 τοῦτον
2867 4731 3138 4793 ἁνταξίοις
3172 4730 3492 4793 ἐδεξιώσατο
3518 4731 3613 4782 καὶ
3641 4731 3870 4798 δωρεαῖς
3897 4730 4018 4781 ἐθε-

2446 4822 2741 4890 ράπευσεν,
2781 4822 3079 4889 εὐεργέτην
3120 4821 3213 4872 καὶ
3257 4820 3478 4889 σωτῆρα
3515 4820 3827 4871 ἀποκαλῶν.
3877 4819 4021 4871 Ἀλλ’

2442 4912 2471 4962 ό
2503 4910 2695 4976 φθόνος
2727 4911 2915 4979 ἴσχυσε
2951 4910 3092 4962 κατὰ
3123 4911 3217 4964 τοῦ
3267 4913 3511 4964 τοιούτου
3553 4911 3766 4980 ἀνδρὸς.
3810 4912 3905 4962 καί
3940 4911 4023 4972 εἰς

2445 5005 2773 5057 καθοσίωσιν
2800 5006 2864 5056 ὲκ
2897 5005 3164 5071 λοιδορίας
3188 5005 3562 5073 κατεγκλήθη.
3591 5004 3758 5055 Ὅθεν
3779 5004 3871 5055 καὶ
3900 5003 4020 5053 κίν-

2443 5093 2601 5146 δυνον
2644 5094 2706 5147 οὐ
2756 5094 2950 5164 μικρὸν
2991 5093 3170 5162 ἑαυτῷ
3231 5095 3609 5163 ἐνηργημένον
3651 5092 4018 5159 κατανοήσας,

2444 5187 2542 5240 καὶ
2579 5185 2667 5240 διά
2704 5201 2850 5249 τινος
2883 5187 2994 5238 τῶν
3029 5186 3370 5238 πιστοτάτων
3398 5185 3862 5255 πληροςορηθεὶς,
3891 5184 4017 5236 δού-

2443 5276 2536 5329 λου
2571 5278 2672 5346 μὲν
2725 5281 3011 5345 γεγονότος
3061 5277 3224 5330 αὑτοῦ
3271 5276 3636 5346 οἱνοχοοῦντος
3661 5276 3719 5328 δὲ
3775 5285 3900 5327 τοτε
3942 5275 4022 5345 τῷ

2447 5368 2660 5437 βασιλεῖ
2699 5368 2964 5437 Θεοφίλῳ,
3009 5369 3083 5431 ὡς
3148 5369 3332 5437 μέλλοι
3400 5368 3588 5420 τοῦτον
3650 5365 4019 5433 ἀποτυφλοῦν,

2445 5459 2786 5513 ἀποστασίαν
2819 5461 2992 5531 τολμᾷ
3033 5461 3293 5530 καὶπρὸς
3356 5461 3692 5530 ’Λγαρηνοῦς
3736 5459 4024 5525 uetat-3‘32-

2405 5575 2410 5579 -
2451 5568 2564 5616 ται,
2597 5554 2768 5621 μέγας
2804 5555 2898 5606 καὶ
2930 5554 3058 5623 παρ’
3092 5555 3275 5617 αὐτοῖς
3301 5553 3485 5620 ὀφθεὶς
3509 5553 3602 5604 καὶ
3625 5552 3913 5620 μεγίσταις
3941 5566 4022 5602 τίδ’

1898 5659 2258 5716 XYLANDRI
2299 5660 2384 5715 ET
2429 5662 2637 5719 GOARI
2677 5666 2911 5721 ΝΟΤᾸΣ.

846 5767 918 5833 ('2)
959 5765 1079 5819 Alio
1135 5764 1352 5818 nomine
1411 5759 1766 5829 τουρμάρχης
1797 5757 1865 5811 de
1919 5773 2027 5826 quo
2055 5754 2345 5824 Rigallius.
2388 5758 2501 5815 Hoc
2533 5771 2714 5816 autem
2738 5763 2809 5816 42
2832 5771 3135 5832 martyrum
3179 5776 3373 5833 agmen
3432 5775 3496 5816 ex
3539 5759 3812 5814 Armeniis
3876 5766 4017 5812 erat.

770 5837 940 5892 Con.
