4226 6442
254 409 393 478 1025

1379 413 1916 475 IIlSTORiARUM
1957 416 2335 480 COMPENDI
2354 423 2483 480 iiii.

3383 428 3523 494 1026

253 534 412 601 μένος
446 531 537 582 καὶ
572 528 845 591 σκ;λετὲις,
894 528 948 579 ἓν
981 527 1159 582 οὐδενὶ
1205 530 1478 598 διαφέρων
1521 529 1692 598 ἑτέρῳ
1726 530 1835 582 τῶν

1943 546 2004 583 ac
2068 535 2314 602 pristinae
2389 534 2683 591 valetudini
2746 536 3054 591 re9titutum
3107 537 3214 591 iri?
3277 539 3519 610 Respon-

249 619 592 688 τεθνηκότων
629 617 660 684 ἢ
695 617 841 686 μόνῳ
887 617 964 686 τῷ
1001 619 1284 673 ἀναπνεῖν.
1343 619 1440 682 Τίς
1474 615 1568 671 οὖν
1621 620 1834 690 ἐλπὶςῆ

253 711 405 769 ποῖος
456 707 614 772 λόγος
663 707 842 760 ἔσεται
873 708 901 758 ὁ
933 709 1139 760 πείσων
1175 726 1241 778 με
1281 709 1706 780 ἀναρρωσθῆναι
1744 712 1839 762 καὶ

250 800 331 860 εἰς
357 796 454 867 τὴν
480 796 754 864 προτέραν
799 796 1015 861 εὐεξίαν
1061 798 1272 864 ὲλθεῖνς
1319 799 1717 862 Ὑπολαϐόντες
1745 797 1838 852 οὖν

250 888 605 940 οίότιώτατοι
627 886 836 957 ἔφησαν
869 889 1005 957 πρὸς
1039 889 1202 942 αὐτόν
1242 905 1256 919 ·
1307 890 1491 943 Πάντα
1513 890 1720 942 δυνατά
1746 891 1838 944 καὶ

250 981 403 1031 οὐδὲν
453 979 707 1031 ἀδυνατεῖ
738 979 816 1050 τῷ
845 979 985 1048 Θεῷ.
1035 979 1099 1032 Ei
1134 981 1264 1048 γοῦν
1302 981 1627 1044 σπουδάσεις
1669 983 1836 1050 ἀναῤ-

258 1069 494 1141 ῥωσθεὶς
525 1071 622 1140 τὴν
656 1069 767 1122 τῶν
803 1071 1190 1140 Είκονομάχων
1221 1072 1528 1124 ἀποσϐέσαι
1559 1075 1837 1143 πυρκαϊὰν

251 1161 467 1223 καὶτὰς
507 1161 658 1229 ίεράς
693 1163 906 1223 εἰκόνας
940 1163 1083 1214 κατὰ
1129 1164 1255 1226 τοὺς
1290 1163 1556 1226 παλαιοὺς
1596 1169 1686 1218 καὶ
1732 1184 1839 1218 πα-

250 1253 476 1322 τρικοὺς
525 1252 762 1320 θεσμοὺς
812 1253 1217 1322 ἀναστηλῶσαι,
1250 1256 1722 1324 εὐαγγελιζόμεθά
1753 1273 1836 1309 σοι

248 1345 348 1412 τὴν
413 1344 581 1413 ζωήν.
645 1342 812 1397 Εἶπον
848 1346 943 1398 καὶ
971 1345 1358 1415 ὑπεχώρησαν.
1385 1349 1495 1402 Καὶ
1523 1349 1686 1412 εὐθὺς
1716 1351 1750 1418 ἦ
1777 1366 1836 1401 τε

253 1438 404 1497 νόσος
447 1435 674 1505 έρρἀῐσε
709 1437 804 1488 καὶ
837 1437 894 1488 αἱ
940 1438 1172 1505 φυσικαὶ
1224 1439 1496 1510 ἐνέργειαι
1543 1441 1838 1504 ἀκωλύτως

251 1529 627 1588 ἐπετελοῦντο,
672 1531 766 1583 καὶ
812 1531 871 1582 ἐν
922 1531 1115 1601 βραχεῖ
1152 1532 1230 1601 τῷ
1271 1535 1451 1604 χρόνῳ
1499 1535 1714 1588 τελείαν
1742 1535 1836 1587 τοῦ

249 1622 690 1692 ἀρρωστήματος
742 1623 970 1690 ὲσχήκει
1022 1624 1368 1694 ἀπαλλαγήν.
1409 1627 1584 1696 Ῥᾲων
1631 1626 1688 1678 δὲ
1736 1628 1836 1695 τῆς

249 1714 409 1766 νόσου
439 1715 754 1784 γενόμενος,
789 1717 1240 1786 ἐξιππασάμενος
1279 1717 1440 1782 εὐθὺς
1474 1719 1664 1772 ἄπεισι
1700 1719 1838 1789 πρὸς

247 1807 311 1860 τὸ
333 1807 598 1860 παλατιον
618 1809 714 1859 καὶ
743 1808 941 1860 εἴσεισι
960 1807 1097 1877 πρὸς
1112 1809 1212 1877 τὴν
1241 1809 1510 1878 βασιλίδα,
1545 1811 1636 1863 καὶ
1661 1812 1836 1863 πάντα

249 1899 452 1968 τρόπον
501 1901 674 1969 αὐτὴν
737 1900 1024 1970 παρεκίνει
1081 1899 1179 1962 τὰς
1235 1900 1386 1962 Οείας
1449 1902 1834 1969 ἀναστηλῶσαι

249 1991 484 2056 εἰκόνας,
526 1991 692 2045 πάλαι
726 1995 820 2045 καὶ
850 1991 1020 2061 αὐτὴν
1069 1993 1328 2064 ἀφορμῆς
1378 1994 1681 2063 δράξασθαι
1713 1997 1835 2064 γλι-

248 2083 511 2151 χομὲνην,
567 2083 655 2135 διά
694 2085 896 2148 παντὸς
953 2084 1342 2156 ἑρεθιζομένην
1395 2087 1490 2139 καὶ
1539 2088 1691 2154 παρά
1737 2089 1835 2156 τῆς

249 2175 459 2238 οἰκείας
489 2176 696 2247 μητρὸς
725 2179 806 2240 είς
849 2177 1009 2231 τοῦτο
1037 2178 1132 2232 καὶ
1165 2178 1272 2230 τῶν
1309 2179 1702 2248 μητραδέλφων
1726 2180 1834 2234 τῶν

250 2268 584 2338 πατρικίων.
647 2269 836 2339 Ὅμως
887 2270 947 2324 δὲ
992 2271 1384 2342 ἀντέπιπτενή
1418 2272 1671 2340 Θεοδώρα
1720 2275 1833 2335 τοῖς

248 2362 431 2428 λόγοις
477 2361 572 2415 τοῦ
607 2363 892 2433 Μανουὴλ,
933 2364 1022 2435 [Ρ.
1237 2366 1346 2418 εἴτε
1400 2367 1528 2429 τοὺς
1580 2368 1716 2436 πρὶς
1743 2367 1832 2418 τὸν

249 2455 423 2526 ἄνδρα
458 2457 654 2526 ὅρκους
683 2457 1080 2526 εὐλαϐουμένη,
1108 2458 1241 2520 είτε,
1273 2459 1348 2520 ὡς
1377 2460 1608 2529 ἔφαμεν,
1647 2461 1740 2513 καὶ
1773 2460 1834 2513 τὸ

253 2546 460 2615 πλῆθος
509 2547 785 2601 δεδοικυῖα
823 2548 932 2601 τῶν
981 2552 1047 2618 τῇ
1095 2549 1306 2618 αἱρέσει
1355 2551 1830 2620 κατειλημμένων.

263 2639 616 2709 Ἐγκειμένου
640 2639 698 2691 δὲ
727 2639 823 2693 τοῦ
853 2641 1111 2711 Μανουὴλ
1148 2642 1250 2709 ἔφη
1283 2642 1612 2712 ὴΘεοδώρα,
1646 2644 1745 2710 ὡς,
1775 2644 1832 2698 ’0

251 2733 408 2800 ἐμὸς,
444 2727 489 2786 ὦ
520 2733 816 2803 μάγιστρε,
853 2733 995 2804 ἀνήρ
1033 2749 1093 2785 τε
1126 2734 1222 2786 καὶ
1251 2733 1504 2804 βασιλεῦς
1545 2736 1832 2806 ἀκριϐείας

246 2822 318 2896 ἦν
343 2827 602 2897 ἐραστὴς,
647 2827 742 2879 καὶ
787 2825 940 2879 οὐδὲν
979 2827 1406 2895 ἀπερισκέπτως
1460 2828 1665 2898 ἔπραξε
1716 2829 1832 2881 πώ-

252 2935 409 2980 ποτε,
440 2920 536 2970 καὶ
573 2918 733 2972 τοῦτο
764 2918 825 2970 τὸ
859 2917 1056 2986 δόγμα,
1086 2921 1135 2969 εί
1170 2916 1245 2987 μὴ
1279 2919 1727 2989 ἀπηγορευμένον
1764 2916 1831 2990 ἦν

257 3013 371 3073 τοῖς
411 3012 576 3080 ἱεροῖς
622 3012 810 3078 νόμοις
848 3010 945 3063 καὶ
974 3013 1093 3070 ταῖς
1126 3010 1310 3075 ἁγίαις
1341 3011 1604 3080 Ι’ραφαῖς,
1641 3014 1742 3064 οὐκ
1767 3014 1832 3066 ἂν

259 3104 430 3168 ἐξίῖισε
460 3103 560 3172 τῆς
593 3104 944 3172 Ἐκκλησίας.
985 3103 1171 3156 Ταῦτα
1198 3104 1254 3156 δὲ
1289 3104 1506 3172 ἐκείνης
1542 3105 1828 3174 εἰπούσης,

1943 623 2072 678 dere
2097 627 2352 680 monachi
2381 627 2546 680 Deum
2580 625 2713 679 nihil
2746 641 2854 678 non
2890 642 3051 694 posse
3082 646 3094 682 :
3130 629 3275 698 quod
3303 631 3349 684 si
3389 645 3520 702 ergo

1941 715 2180 769 sanitate
2209 729 2426 787 recepta
2459 733 2682 787 operam
2713 718 2790 772 sit
2828 716 3061 774 daturus
3097 730 3155 774 ut
3201 723 3519 777 incendium

1947 807 2015 861 ab
2049 806 2470 878 lmaginiperdis
2499 810 2795 864 excitatum
2857 811 3165 880 restinguat.
3219 828 3522 884 sacrasque

1942 897 2214 966 imagines
2254 899 2559 952 secundum
2589 909 2770 953 vetera
2804 902 3074 967 majorum
3109 901 3329 956 decreta
3362 905 3524 958 resti-

1939 998 2076 1053 tuat,
2105 1004 2164 1042 se
2193 989 2240 1040 ei
2273 990 2440 1042 vitam
2477 999 2634 1044 certo
2683 991 3024 1060 promittere.
3062 991 3243 1060 Atque
3275 993 3385 1044 haec
3422 992 3517 1046 fati

1939 1082 2339 1138 discesserunt.
2395 1082 2589 1137 Statim
2627 1099 2759 1137 vero
2795 1093 2850 1137 et
2905 1084 3128 1138 morbus
3185 1085 3420 1144 remisit,
3464 1091 3522 1138 et

1939 1175 2222 1228 naturales
2252 1174 2542 1228 iacultates
2571 1175 2717 1228 omni
2775 1174 3170 1244 impedimento
3222 1185 3352 1230 sunt
3388 1175 3526 1230 Iibe-

1939 1273 2086 1328 ralze,
2117 1267 2380 1334 brevique
2429 1269 2694 1334 temporis
2721 1269 2901 1335 spat-io
2930 1265 3252 1319 inﬁrmitate
3284 1280 3520 1334 prorsus

1937 1369 2020 1412 est
2053 1361 2270 1414 solutus
2318 1359 2629 1413 Manuelus.
2669 1357 2762 1412 Sic
2814 1375 2945 1429 ergo
3000 1358 3238 1411 allevato
3288 1372 3524 1426 corpore

1938 1451 2125 1504 statim
2160 1467 2302 1520 equo
2327 1453 2393 1504 ad
2429 1450 2693 1519 palatium
2731 1450 2790 1513 it,
2827 1452 3221 1518 ingressusque
3253 1451 3319 1502 ad
3351 1450 3525 1518 impe-

1939 1541 2196 1595 ratricem
2255 1558 2374 1595 eam
2429 1557 2779 1608 Summopere
2829 1541 2892 1594 ad
2947 1541 3291 1608 reponendas
3330 1555 3520 1595 sacras

1939 1633 2206 1700 imagines
2263 1633 2609 1688 exhortatur.
2648 1633 2722 1686 Ea
2749 1648 2878 1686 vero
2904 1632 3236 1701 jampridem
3270 1633 3522 1686 occasio-

1941 1739 2062 1777 nem
2092 1724 2255 1791 hujus
2288 1724 2364 1776 rei
2399 1726 2624 1793 agenda:
2649 1724 2954 1792 qmerobat,
2991 1723 3226 1777 subinde
3257 1722 3519 1792 instigata

1941 1831 1970 1870 a
2003 1828 2178 1873 matre
2234 1832 2332 1870 sua
2379 1829 2435 1870 et
2470 1817 2758 1870 avnnculis
2812 1815 3083 1884 patriciis.
3140 1815 3518 1870 Nihilominus

1870 1881 1909 1936 Β
1941 1917 2121 1959 tamen
2152 1907 2337 1961 verbis
2388 1905 2622 1959 Manueli
2668 1903 2957 1958 Theodora
2989 1915 3104 1956 tum
3142 1918 3204 1958 se
3235 1903 3518 1972 opposuit,

1935 1996 2050 2050 sive
2080 1996 2378 2064 juramenti
2413 1994 2616 2049 marito
2646 1995 2870 2061 praestiti
2900 1995 3184 2062 religione,
3227 1994 3343 2048 sive
3374 1993 3515 2048 mul-

1937 2085 2250 2149 titudinem,
2324 2085 2488 2154 cujus
2552 2085 2887 2139 mentionem
2976 2085 3232 2150 fecimus,
3295 2087 3525 2140 harresis

1937 2175 2105 2230 istius
2161 2176 2538 2230 studiosorum
2575 2175 2962 2231 reformidans.
2999 2177 3064 2229 Et
3111 2177 3346 2230 instante
3402 2176 3520 2230 Ma—

1937 2269 2150 2322 nnelo:
2203 2268 2378 2332 Meus,
2439 2269 2638 2338 inquit,
2683 2285 2716 2322 ο
2777 2270 3059 2338 magister,
3123 2272 3357 2324 maritus
3413 2270 3524 2322 im-

1936 2369 2154 2430 perator
2203 2361 2611 2416 accurationem
2678 2362 2898 2426 amavit,
2961 2363 3206 2432 nihilque
3274 2380 3514 2434 unquam

1936 2457 2043 2512 nisi
2075 2472 2134 2510 re
2172 2455 2342 2526 probe
2366 2456 2665 2510 deliberata
2697 2455 2827 2525 egit.
2855 2455 3038 2524 itaque
3069 2456 3347 2510 decretum
3377 2473 3520 2526 quo-

1935 2566 2043 2620 que
2075 2551 2141 2604 de
2190 2548 2438 2603 colendis
2491 2548 2824 2618 imaginibus
2884 2563 2993 2601 non
3048 2547 3225 2601 fuerat
3272 2550 3516 2604 Ecclesia

1934 2647 2242 2714 ejecturus,
2272 2643 2380 2697 nisi
2422 2643 2473 2695 id
2539 2641 2753 2708 legibus
2804 2643 3105 2711 litterisque
3140 2642 3304 2714 942
3344 2643 3519 2698 sacris

1936 2737 2190 2793 Scivissct
2252 2733 2522 2788 damnari.
2565 2732 2688 2786 llaec
2736 2733 2928 2786 iet-utze
2962 2733 3242 2787 Nanneius
3277 2747 3521 2801 praesen-

1935 2842 2042 2888 tem
2071 2831 2286 2901 imperii
2322 2830 2556 2898 vitaeque
2587 2827 2773 2889 finem,
2795 2827 3098 2893 eademque
3125 2825 3236 2878 lilio
3269 2826 3518 2878 minatus

1934 2934 2040 2987 est,
2101 2924 2206 2978 nisi
2263 2923 2510 2976 divinum
2566 2929 2823 2972 ornatum
2872 2931 3157 2971 sacrarum
3221 2915 3519 2984 imaginum

1935 3016 2202 3071 Ecclesiis
2241 3015 2518 3068 redderet.
2573 3010 2787 3074 Quibus
2819 3009 3005 3064 verbis
3071 3006 3355 3060 Tlteodora
3397 3008 3515 3060 sive

1937 3108 2231 3177 perterrita
2267 3107 2384 3161 sive
2423 3105 2580 3166 alias,
2636 3113 2693 3156 ut
2750 3102 3016 3164 diximus,
3070 3101 3366 3163 delectata,
3408 3107 3518 3152 tota

250 3198 474 3266 ταχείαν
500 3197 797 3263 ἠπείλησεν
831 3197 968 3266 αὐτῇ
1013 3196 1400 3265 καταστροφὴν
1432 3197 1530 3266 τῆς
1563 3197 1708 3267 ζωῆς
1740 3200 1830 3250 καὶ

1941 3203 2026 3255 isti
2067 3201 2287 3269 negotio
2333 3213 2456 3252 sese
2484 3195 2653 3250 dedit.
2694 3194 2888 3248 Statim
2925 3193 3110 3262 itaque
3157 3192 3209 3244 in
3263 3191 3522 3245 taberna-

249 3290 348 3355 τῆς
389 3286 665 3356 βασιλείας
717 3288 1133 3350 ἔκπτωσιν,’κα“ι
1163 3288 1264 3339 οὐκ
1291 3288 1428 3357 αὐτῇ
1480 3289 1661 3356 μόνον,
1697 3290 1831 3342 ἀλλά

252 3379 349 3431 καὶ
386 3378 464 3448 τῷ
490 3377 694 3449 ταύτης
724 3379 846 3448 υἱῷ,
883 3381 932 3430 εί
961 3381 1036 3448 μὴ
1068 3379 1159 3431 τὸν
1191 3379 1335 3431 θεῖον
1384 3379 1587 3449 κόσμον
1613 3382 1722 3434 τῶν
1759 3383 1833 3433 ἱε-

253 3473 365 3544 ρῶν
388 3471 614 3524 εἰκόνων
643 3471 869 3540 ἀποδοίη
903 3474 1026 3533 ταῖς
1073 3472 1450 3543 Ἐκκλησίαις.
1489 3472 1693 3527 Τούτου
1721 3477 1834 3537 τοῖς

252 3564 435 3632 λόγοις
463 3562 576 3616 εἴτε
621 3562 1108 3631 ὲκδειματωθεῖσα,
1139 3567 1249 3616 εἴτε
1279 3565 1372 3616 καὶ
1399 3564 1572 3628 ἄλλως
1599 3568 1831 3636 ἀρεσκο-

256 3659 416 3728 μένη,
449 3658 524 3720 ὡς
554 3657 804 3724 εἴπομεν,
841 3657 872 3726 ἡ
901 3655 1110 3726 βασιλὶς
1148 3658 1242 3726 ὅλη
1270 3657 1362 3710 τοῦ
1406 3657 1570 3727 ἔργου
1598 3661 1830 3725 γίνεται.

251 3753 362 3807 Καὶ
387 3750 550 3813 εὐθὺς
575 3749 896 3818 ἀγείρεσθαι
921 3752 976 3801 ὲν
1000 3751 1109 3812 τοῖς
1135 3749 1461 3821 σκηνώμασι
1491 3751 1584 3803 τοῦ
1608 3751 1833 3806 Θεοκτί-

254 3861 379 3897 στου
413 3843 750 3913 προσέταττε
803 3842 1012 3905 πάντας
1044 3844 1168 3905 τοὺς
1202 3845 1295 3897 ἐπὶ
1326 3845 1541 3897 συνέσει
1573 3847 1666 3898 καὶ
1691 3847 1834 3917 λόγῳ

252 3935 703 4005 κεκοσμημένους
731 3933 795 3987 ἔκ
824 3951 882 3987 τε
923 3935 1024 4003 τῆς
1070 3935 1291 3988 συνόδου
1325 3939 1417 3988 καὶ
1448 3936 1549 4005 τῆς
1593 3938 1835 4007 συγκλή-

250 4045 367 4092 του,
397 4028 491 4080 καὶ
525 4027 716 4094 λόγους
750 4029 924 4079 κινεῖν
948 4025 1045 4079 καὶ
1085 4026 1487 4097 προϐάλλεσθαι
1519 4031 1647 4098 περὶ
1677 4030 1833 4100 ὀρθο-

250 4117 451 4185 δοξίας.
482 4117 706 4171 Πάντων
742 4117 822 4179 δὲ,
850 4116 925 4178 ὡς
949 4116 1080 4180 ἔπος
1105 4119 1304 4183 εἰπεῖν,
1339 4119 1833 4189 συναθροισθέντων

252 4210 346 4262 καὶ
378 4206 555 4273 λόγων
584 4205 794 4257 πολλῶν
827 4206 1085 4273 ῥυέντων,
1120 4208 1213 4258 καὶ
1255 4209 1570 4276 μαρτυριῶν
1602 4209 1709 4262 ἀπὸ
1736 4212 1835 4280 τῆς

251 4300 401 4362 θείας
437 4299 659 4369 Γραφῆς
700 4296 1086 4366 παραχθεισῶν
1134 4297 1234 4350 οὐκ
1273 4299 1488 4366 ὀλίγων,
1523 4301 1584 4352 τὸ
1611 4301 1833 4363 εὐσεϐὲς

253 4389 588 4458 ὑπερίσχυσε
631 4389 799 4458 μέρος
834 4389 929 4440 καὶ
976 4388 1152 4458 δόγμα
1188 4391 1377 4456 γέγονε
1429 4391 1524 4453 τὰς
1557 4392 1707 4455 Θείας
1730 4410 1835 4445 πα-

255 4481 519 4551 ραχρῆμα
548 4478 986 4547 ἀναστηλώσθαι
1017 4480 1252 4543 εἰκόνας,
1281 4480 1390 4534 τῶν
1416 4483 1718 4555 ἀρχιερέων
1741 4487 1833 4537 καὶ

252 4572 506 4642 μοναχὼν
529 4572 623 4623 καὶ
652 4570 1054 4640 συγκλητικῶν,
1085 4571 1198 4624 ὅσοι
1223 4573 1300 4640 τῷ
1329 4573 1489 4626 πάΟει
1515 4577 1830 4644 κατείχοντο

249 4667 542 4735 πρότερον,
577 4662 685 4715 τῶν
721 4662 984 4715 πλειόνων
1023 4663 1084 4715 τὸ
1114 4666 1361 4734 κρεῖττον
1404 4668 1827 4736 μεταμαθόντων

252 4759 348 4807 καὶ
407 4748 1002 4822 μεταστοιχειωθέντων
1035 4753 1170 4822 πρὸς
1217 4755 1314 4824 τὴν
1347 4755 1629 4825 ἀλήθειαν.
1683 4759 1828 4822 ὅσοις

248 4847 303 4899 δὲ
351 4845 642 4898 δευσοποιὰ
676 4843 933 4896 καθίκετο
967 4847 998 4911 ἡ
1038 4845 1140 4913 τῆς
1193 4846 1476 4910 εὐσεϐείας
1530 4849 1676 4918 βαφὴ
1732 4853 1826 4903 καὶ⁵

250 4933 603 5003 ἀμεταθέτως
655 4929 822 5003 εἶχον,
871 4931 1303 5003 ἀπεληλαμένων
1333 4938 1432 5005 τῆς
1482 4938 1690 5001 πόλεως
1733 4940 1828 4992 καὶ

253 5025 574 5096 ὑπερορίαις
628 5023 1161 5094 παραπεμφθέντων.
1216 5027 1511 5098 Καθῃρέθη
1565 5030 1622 5080 δὲ
1666 5032 1764 5084 καὶ
1804 5035 1832 5086 ὁ

250 5117 518 5187 δυσσεϐὴς
555 5115 899 5187 φατριάρχης
949 5117 1062 5185 (22)
1127 5118 1351 5186 Ἰαννῆς,
1384 5119 1597 5171 καὶτοῦ
1645 5123 1832 5191 ἀρχιεο

255 5209 480 5280 patr/0'3
533 5209 723 5276 θρόνου
770 5208 1026 5277 ἀπηλάθη
1067 5209 1136 5260 δι’
1185 5210 1489 5279 ἀποστολῆς
1537 5213 1830 5280 ἀξιολόγων

253 5301 469 5369 ἀνδριὶν
505 5299 614 5350 τῶν
645 5299 723 5360 είς
754 5299 1001 5367 φυλακὴν
1030 5302 1378 5368 τεταγμένων
1412 5302 1506 5354 τοῦ
1543 5305 1826 5359 παλατίου.

253 5386 349 5454 οἷς
375 5393 641 5464 πρότερον
670 5393 767 5462 μὲν
799 5392 1079 5446 κατελθεῖν
1107 5395 1207 5446 οὐκ
1233 5394 1497 5459 ἐπείθετο,
1539 5397 1647 5449 οὐδέ
1687 5398 1829 5453 ἑκών

251 5501 316 5553 γε
346 5484 536 5547 αὐτοῖς
563 5486 662 5555 τῆς
710 5485 1006 5554 ἐκκλησίας
1047 5489 1306 5556 ἐκστῆναι
1329 5487 1694 5543 διεϐεϐαιοῦτο
1717 5509 1728 5521 ·
1754 5493 1830 5556 ὡς

250 5576 298 5632 δ’
321 5570 469 5630 οὗτοι
491 5578 934 5648 ὑποστρέψαντες
962 5581 1099 5650 πρὸς
1121 5581 1220 5651 τὴν
1249 5581 1546 5651 πέμψασαν
1582 5584 1831 5653 βασιλίδα

1941 3296 2062 3349 cuia
2101 3291 2406 3346 Theoctisti
2433 3304 2628 3344 omnes
2664 3287 2959 3341 convenire
2987 3286 3168 3354 jubet,
3201 3287 3293 3354 qui
3324 3285 3392 3340 de
3428 3299 3518 3339 se-

1938 3383 2227 3439 natoribus
2261 3382 2344 3435 vel
2394 3380 2635 3435 concilio
2668 3379 2937 3449 sapientia
2976 3385 3130 3430 erant
3163 3391 3229 3430 ac
3266 3376 3519 3432 doctrina

1937 3480 2138 3540 ornati,
2169 3491 2373 3545 eosque
2401 3474 2468 3529 de
2491 3487 2620 3527 vera
2655 3471 2916 3542 religione
2950 3471 3005 3524 in
3040 3469 3280 3525 medium
3311 3484 3517 3524 consu-

1939 3571 2071 3623 lere.
2109 3568 2184 3622 lhi
2215 3565 2475 3621 omnibus
2499 3605 2513 3629 ,
2547 3575 2812 3634 quantum
2854 3562 2976 3632 ejus
3004 3563 3119 3617 fieri
3153 3564 3352 3632 potuit,
3382 3577 3520 3616 con-

1936 3659 2196 3730 gregalis,
2231 3673 2351 3712 cum
2387 3657 2527 3714 varii
2559 3665 2745 3711 essent
2779 3670 3064 3710 sermones
3095 3654 3266 3709 habiti
3301 3663 3356 3708 et.
3407 3669 3516 3708 non

1937 3768 2109 3823 pauca
2157 3766 2329 3806 sacrae
2376 3749 2676 3818 Scriptum
2734 3748 3044 3804 testimonia
3078 3747 3371 3816 producta,
3415 3747 3519 3816 pia:

1940 3847 2112 3916 partis
2147 3843 2421 3899 sententia
2479 3840 2761 3903 obtinuit,
2819 3840 3207 3905 decretumque
3234 3839 3302 3892 de
3341 3839 3516 3893 sacris

1939 3939 2269 4008 imaginibus
2295 3938 2480 3990 statim
2519 3932 2853 4002 reponendis
2885 3931 3113 3986 factum.
3150 3931 3226 3984 Eo
3275 3931 3329 3984 in
3385 3945 3519 3984 con—

1937 4045 2102 4084 ventu
2139 4029 2414 4098 principes
2448 4026 2823 4090 sacerdotum,
2860 4024 3122 4078 monachi
3156 4038 3220 4077 ac
3247 4023 3512 4078 senatorii

1936 4121 2061 4185 viri,
2095 4131 2220 4173 ante
2255 4118 2452 4172 haeresi
2480 4116 2685 4181 vitiati,
2737 4114 2967 4182 majoris
3011 4115 3185 4184 partis
3242 4113 3516 4168 sententia

1939 4211 2085 4264 docti
2122 4210 2412 4263 veritatem
2440 4207 2921 4267 erroredaumato
2955 4203 3188 4272 amplexi
3217 4211 3365 4257 sunt.
3399 4202 3516 4256 Ah-

1939 4311 2187 4373 rogatum
2217 4302 2382 4356 etiam
2418 4310 2504 4355 est.
2545 4300 2871 4368 patriarchae
2901 4313 3101 4352 munus
3129 4295 3520 4358 Janui,missi-

1937 4411 2046 4466 que
2085 4403 2408 4464 praestantes
2437 4393 2560 4454 viri,
2592 4391 2795 4459 quibus
2853 4391 3039 4459 palatii
3097 4389 3347 4443 custodia
3397 4396 3518 4441 erat

1939 4487 2286 4550 demandata,
2338 4484 2430 4553 qui
2494 4497 2620 4536 eum
2674 4480 2814 4534 solio
2880 4479 3256 4534 deturbarent.
3311 4475 3516 4532 Janncs

1940 4580 2115 4649 primo
2147 4591 2432 4632 cessurum
2479 4592 2538 4630 se
2572 4581 2666 4629 aut
2703 4574 2930 4628 omnino
2961 4573 3202 4627 Ecclesia
3236 4571 3513 4626 exiturum

1939 4672 2225 4742 denegavit
2273 4684 2488 4725 summa
2532 4669 2908 4722 contentione.
2958 4665 3134 4730 Quam
3171 4665 3291 4733 ejus
3323 4672 3516 4718 contu-

1937 4765 2170 4819 maciam
2205 4777 2330 4815 cum
2351 4802 2366 4824 ,
2407 4775 2549 4830 quos
2578 4759 2776 4812 missos
2797 4755 2959 4827 95,3
2989 4757 3055 4809 ad
3084 4770 3208 4809 eum
3249 4754 3512 4816 diximus,

1938 4857 2200 4924 Augustin
2234 4852 2598 4914 iudicassent,
2633 4850 2816 4902 statim
2857 4845 3060 4899 Bai-das
3085 4844 3351 4914 patricius
3383 4844 3510 4895 mit-

1939 4947 2091 5007 titur,
2125 4943 2418 5012 quaasitum
2449 4955 2513 4992 ex
2543 4953 2608 4992 eo
2631 4954 2696 4990 an
2724 4938 2794 4991 ob
2835 4935 3228 5006 professionem
3253 4948 3394 4988 vera:
3427 4949 3512 4986 re-

1939 5036 2162 5105 ligionis
2217 5030 2542 5101 patriarcha:
2595 5030 2713 5083 loco
2762 5028 2956 5082 cedere
3003 5026 3357 5080 detrectaret.
3400 5021 3509 5078 Sed

1936 5126 2161 5186 Janues,
2187 5125 2347 5176 homo
2375 5129 2633 5175 versutus
2656 5128 2710 5173 et
2738 5129 2795 5171 ut
2817 5118 3107 5186 quisquam
3128 5115 3268 5170 alius
3297 5113 3510 5168 fraudis

1936 5217 2293 5272 calumnizeve
2343 5217 2565 5269 suendae
2610 5226 2844 5281 gnarus,
2876 5219 3116 5262 ventrem
3154 5222 3312 5261 sumu
3374 5205 3505 5258 dor-

1936 5323 2170 5376 sumque
2199 5315 2250 5361 et
2274 5316 2426 5358 nates
2487 5305 2710 5372 plumbo
2755 5300 3096 5370 compungit,
3131 5305 3190 5351 ut
3218 5311 3246 5349 a
3278 5296 3510 5365 quihus-

1936 5418 2056 5458 cam
2114 5400 2298 5470 llagris
2334 5410 2507 5451 ca'sus
2551 5394 2863 5457 videretur;
2895 5390 3312 5459 vociferansque
3342 5389 3412 5440 ita
3447 5404 3507 5443 se

1944 5497 2012 5550 ab
2065 5494 2129 5547 iis
2182 5492 2274 5559 qui
2325 5489 2476 5542 missi
2528 5485 2741 5542 fuerant
2780 5492 3100 5545 tractatum,
3155 5489 3363 5536 tantum
3403 5478 3508 5534 sibi

1940 5587 2206 5656 temporis
2241 5581 2470 5637 concedi
2498 5579 2705 5651 ﬂagitat
2734 5579 2909 5633 donec
2933 5575 3142 5631 vibices
3167 5573 3504 5630 eluercntur.

1405 5715 1757 5773 XYLANDRI
1786 5719 1877 5774 ΕΤ
1911 5717 2124 5774 GOARI
2166 5717 2399 5775 NOTAE.

323 5850 438 5921 (ἳὲ.)
493 5850 852 5922 Φατριάρκης
913 5860 1058 5908 recte
1116 5854 1348 5924 legitur,
1382 5871 1491 5909 non
1544 5859 1912 5928 πατριάρχης.
1950 5855 2121 5912 Cum.
