4226 6442
706 406 726 472 1
742 406 845 471 ΟΞἹ

1959 394 2278 459 GEORGH
2322 392 2661 456 CEDRENI

3867 383 4006 448 1f“le

703 522 914 578 Bardas
939 528 1120 576 autem
1161 515 1362 589 vigilia:
1394 513 1759 586 drungarius,
1793 525 1822 566 a
1857 527 1966 581 quo
1998 527 2059 567 se
2092 512 2162 564 ita
2187 523 2296 563 cae-

2425 504 2662 573 rvdiptpa.
2715 499 2995 554 τεθείκασι
3045 499 3112 552 τὰ
3160 499 3257 568 τῆς
3303 496 3613 560 ἀπειθείας,
3645 498 3674 549 ό
3714 497 4008 567 πατρίκιος

701 628 828 668 sum
869 609 1078 667 Jannes
1111 609 1351 676 dicebat,
1415 610 1720 679 impostura
1749 605 1988 666 detecta,
2020 603 2298 664 concitus,

707 707 1071 763 reluctantem
1105 704 1272 758 etiam
1308 703 1476 757 domo
1526 698 1883 770 patriarchali
1915 697 2084 766 ejicit.
2107 696 2164 750 In
2183 695 2304 763 ejus

709 798 890 851 locum
919 797 1241 865 imperatrix
1293 804 1544 852 sanctum
1583 808 1649 848 ac
1695 792 1939 848 divinum
1969 788 2301 845 Methodium

710 888 1038 952 introducit,
1069 888 1161 958 qui
1222 887 1402 941 adhuc
1439 883 1816 940 confessionis
1865 897 1978 936 sua:
2006 889 2060 934 et
2083 881 2150 933 ob
2183 893 2302 933 eam

709 983 930 1038 tolerati
977 981 1232 1050 supplicii
1296 987 1460 1032 notas
1515 979 1570 1031 in
1625 990 1794 1030 carne
1867 988 1964 1027 sua
2028 974 2304 1040 gestabat,

711 1074 969 1127 omnibus
1013 1073 1118 1140 piis
1172 1069 1554 1125 sacerdotibus
1578 1110 1590 1131 ,
1626 1065 1781 1119 laicis
1819 1079 1882 1119 ac
1916 1063 2226 1125 monachis,
2253 1070 2307 1114 et

713 1166 780 1221 iis
797 1166 960 1220 etiam
981 1167 1074 1233 qui
1104 1164 1158 1217 in
1186 1162 1467 1216 montibus
1487 1158 1911 1218 exercebantur.
1940 1171 2157 1211 summo
2180 1170 2307 1209 cum

713 1258 915 1329 gaudio
945 1258 1068 1325 ejus
1096 1253 1534 1325 designationem
1570 1250 2028 1321 approbantibus,
2074 1264 2136 1301 ac
2169 1262 2309 1301 con--

714 1349 894 1402 fertim
929 1348 980 1401 in
1011 1347 1199 1401 urbem
1237 1344 1610 1405 venientibus,
1667 1356 1888 1411 unoque
1917 1355 2016 1394 ore
2049 1337 2305 1391 haeresim

712 1437 1248 1510 lmaginiperdarum
1275 1435 1670 1492 damnantibus
1699 1443 1907 1488 interno
1936 1433 2308 1485 anathemate.

714 1533 828 1587 lloc
859 1531 1182 1601 prteclarum
1222 1529 1436 1584 facinus
1499 1525 1701 1597 inclyta
1727 1524 2015 1579 Theodora
2069 1531 2124 1576 et
2165 1519 2311 1575 filius

713 1622 872 1676 initio
939 1621 1156 1690 imperii
1195 1619 1279 1674 sui
1311 1618 1624 1673 edidewnt.
1686 1617 1892 1685 Impius
1937 1628 2067 1668 vero
2102 1611 2310 1667 .lannes

713 1710 879 1782 944
911 1709 1252 1764 monasterio
1281 1709 1530 1763 inclusus
1561 1705 1798 1769 cuidam,
1835 1720 1963 1759 cum
1991 1705 2044 1757 in
2075 1703 2309 1771 quadam

711 1807 832 1873 ejus
875 1813 1032 1872 parte
1084 1804 1337 1857 suflixam
1364 1801 1656 1870 imaginem
1691 1797 1898 1852 Christi
1930 1795 2042 1858 Dei,
2069 1795 2312 1863 Deiparar.

2405 595 2602 648 θᾶττον
2632 592 2980 662 ἐκπέμπεται
3007 589 3241 659 Βάρὸας,
3266 591 3294 642 ό
3324 589 3420 658 τῆς
3443 588 3734 657 δεσποίνης
3753 588 4006 656 ἁδελφὸς,

2403 687 2497 740 τοῦ
2529 686 2688 756 χάριν
2738 682 3079 751 πευσόμενος
3127 681 3205 750 μὴ
3251 683 3316 752 τῇ
3365 679 3639 750 ὀρθοδόξῳ
3675 681 3859 732 πίστει
3912 678 4008 731 τοῦ

2409 776 2805 848 πατριαρχείου
2834 775 2934 829 οὑκ
2979 773 3370 828 ἀπανίσταται.
3417 772 3476 824 Ὀ
3504 771 3563 825 δὲ
3621 770 3830 839 Ἰαννῆς
3863 785 4012 821 παν-

2407 875 2607 944 οῦργος
2657 874 2734 927 ὣν
2778 872 2874 925 καὶ
2906 868 3277 940 συκοφαντίας
3315 868 3486 940 ῥάψαι
3518 869 3678 937 εἰπερ
3711 884 3794 930 τις
3827 865 4008 930 εἰδὼς,

2412 970 2652 1041 μολίϐδῳ
2709 967 3049 1033 καταστίξας
3079 966 3180 1038 τὴν
3230 965 3428 1020 ἑαυτοῦ
3489 963 3762 1032 γαστέρα,
3794 962 3895 1014 καὶ
3942 960 4012 1011 τὰ

2407 1063 2578 1126 νῶτα,
2612 1062 2851 1124 καὶτοὺς
2875 1059 3141 1128 γλουτοὺς
3169 1058 3244 1121 ὡς
3268 1058 3449 1111 δοκεῖν
3475 1053 3844 1126 μαστιχθῆναι
3860 1051 4014 1122 παρὰ

2409 1172 2606 1220 τινων,
2657 1155 2753 1207 καὶ
2802 1152 2959 1224 παρὰ
3003 1152 3112 1205 τῶν
3165 1150 3535 1222 πεμφθέντων
3581 1146 3758 1201 ταῦτα
3815 1144 4014 1198 παθεῖν

2410 1247 2699 1317 κεκραγὼς
2737 1244 3093 1316 βαρϐαρικῶς
3139 1243 3490 1313 ἐπιθεμένων
3533 1240 3707 1310 αὐτῷ,
3741 1238 3838 1292 καὶ
3871 1237 4016 1306 μᾶλς

2411 1339 2504 1391 λον
2523 1337 2677 1408 παρὰ
2699 1337 3120 1389 Κωνσταντίνου
3143 1333 3239 1387 τοῦ
3275 1332 3643 1404 δρουγγαρίου
3668 1329 3771 1399 τῆς
3797 1328 4013 1398 βίγλας,

2412 1430 2691 1500 ἠντιϐόλει
2735 1428 3166 1500 συγχωρηθῆναι
3198 1427 3337 1495 πρὸς
3373 1425 3593 1496 μικρὸν,
3629 1422 3742 1476 ἐστ’
3772 1423 3839 1476 ἂν
3871 1424 4018 1490 ἀφα-

2413 1521 2651 1574 νισθεῖεν
2707 1519 2876 1573 αὑτοῦ
2921 1521 2992 1573 τὰ
3044 1521 3345 1588 στίγματα.
3408 1517 3520 1570 Καὶ
3557 1516 3586 1569 ὁ
3633 1514 3737 1586 μὲν
3801 1513 4016 1582 Ἰαννῆς

2411 1611 2606 1665 ταῦτα’
2636 1611 2737 1665 όδὲ
2769 1612 2981 1682 Βάρδας
2999 1613 3094 1665 τοῦ
3124 1615 3550 1682 σκαιωρήματος
3577 1606 4017 1676 ἁπελεγχθέντος

2414 1709 2494 1768 εἰς
2523 1703 2693 1772 θυμὸν
2737 1706 2976 1773 κινηθεὶς
3012 1703 3107 1758 καὶ
3136 1703 3344 1758 ἄκοντα
3383 1703 3576 1756 τοῦτον
3609 1699 3708 1753 τοῦ
3740 1715 4019 1768 πατριαρ-

2414 1798 2564 1868 χείου
2577 1799 2783 1865 κατάγε
2795 1816 2832 1851 ι.
2847 1791 2924 1852 Οὗ
2941 1796 3353 1866 καταχθέντοςὴ
3369 1795 3626 1847 δέσποινα
3644 1792 4019 1858 ἀντεισήγαγε

711 1904 767 1950 et
797 1895 1257 1965 archangelorum
1320 1900 1596 1956 cerneret,
1665 1891 1966 1945 diaconum
2026 1902 2191 1942 suum
2242 1902 2310 1940 eo

2425 1892 2507 1944 τὸν
2543 1891 2686 1963 ἱερὸν
2717 1894 2812 1944 καὶ
2837 1891 2986 1944 θεῖον
3021 1890 3305 1952 Μεθόδιον,
3339 1888 3422 1942 ἔτι
3456 1889 3554 1958 τῆς
3589 1885 3883 1958 ὁμολογίας
3919 1885 4020 1938 καὶ

721 1988 1025 2042 ascendere
1051 1997 1106 2042 et
1141 1984 1536 2042 venerabilium
1568 1984 1865 2055 imaginum
1894 1981 2085 2037 oculos
2113 1995 2310 2034 eruere

713 2079 890 2149 jubet,
923 2080 1116 2134 dicens
1154 2094 1250 2134 eas
1279 2078 1545 2132 facultate
1577 2077 1798 2131 videndi
1839 2089 1947 2129 non
2013 2089 2138 2129 esse
2170 2088 2309 2141 prue-

715 2168 882 2225 ditas.
939 2169 1055 2224 Hoc
1084 2181 1141 2224 ut
1176 2168 1401 2224 rescivit
1447 2167 1534 2238 pia
1586 2168 1854 2236 Augusta,
1914 2165 2106 2220 divino
2141 2163 2309 2218 animi

720 2267 937 2322 fervore
993 2269 1216 2320 incensa
1246 2265 1422 2336 ipsius
1468 2262 1630 2320 effodi
1677 2262 1866 2317 oculos
1895 2261 2072 2329 jubet.
2104 2261 2306 2316 Verum

719 2359 1126 2415 intercessione
1151 2358 1518 2430 quorumdam
1544 2355 1800 2412 effectum
1833 2363 1917 2410 est
1952 2369 2016 2408 nc
2047 2353 2099 2407 id
2135 2355 2306 2407 fieret.

718 2450 904 2506 Missis
937 2464 1119 2506 tamen
1149 2450 1482 2507 satellitibus
1503 2448 1795 2505 Theodora
1826 2445 2086 2504 ducentis
2117 2443 2313 2517 ﬂagro-

719 2555 841 2595 rum
872 2542 1072 2597 ictibus
1099 2556 1224 2596 eum
1261 2539 1535 2595 multavit.

2419 1985 2518 2053 τῆς
2568 1986 2878 2054 μαρτυρίας
2917 1986 2976 2037 ὲν
3015 1986 3082 2053 τῇ
3118 1983 3286 2055 σαρκὶ
3323 1984 3393 2037 τὰ
3443 1982 3721 2052 στίγματα
3773 1979 4020 2050 περιςέο

2423 2095 2608 2149 ροντα,
2633 2078 2891 2132 ἁπάντων
2925 2077 3036 2130 τῶν
3056 2076 3302 2130 εὐσεϐῶν
3339 2075 3555 2146 ἱερέων,
3590 2071 3800 2128 λαῖκῶν
3831 2088 3893 2124 τε
3921 2070 4023 2124 καὶ

2422 2172 2697 2243 μοναχῶν,
2753 2171 2836 2243 [Ρ.
2888 2171 3016 2243 556]
3074 2170 3212 2225 ἀλλὰ
3271 2169 3370 2224 καὶ
3416 2168 3527 2223 τῶν
3562 2169 3622 2221 ἐν
3661 2169 3776 2229 τοῖς
3832 2165 4024 2235 ὄρεσιν

2418 2265 2777 2333 ἀσκουμένων
2818 2266 2958 2333 μετὰ
2990 2264 3191 2332 πολλῆς
3221 2265 3324 2334 τῆς
3356 2261 3715 2333 περιχαρείας
3749 2258 4024 2321 ἀποδεξα-

2424 2357 2604 2427 μένων
2636 2357 2738 2428 τὴν
2767 2357 3063 2428 προϐολὴν,
3099 2357 3195 2410 καὶ
3227 2355 3425 2427 ἀθρόον
3454 2355 3554 2424 τὴν
3574 2351 3823 2423 βασιλίδα
3849 2367 4027 2404 καταα

2423 2446 2700 2501 λαϐόντων
2736 2448 2832 2501 καὶ
2858 2446 3159 2517 ὁμοφώνως
3199 2447 3405 2515 αἰωνίῳ
3441 2445 3745 2514 ἁναθέματι
3777 2441 4026 2513 παραδε-

2424 2541 2684 2595 δωκότων
2714 2540 2812 2611 τὴν
2863 2543 3081 2610 αἰρεσιν
3110 2541 3217 2592 τῶν
3245 2540 3654 2610 Εἰκονομάχων.
3689 2536 3878 2590 Ταῦτα
3913 2537 4020 2605 μὲν

719 2634 779 2686 ὲν
808 2636 1118 2706 προοιμίοις
1171 2638 1240 2706 τῇ
1281 2634 1514 2703 ἁοιδίμῳ
1552 2631 1807 2703 Θεοδὼρᾳ
1857 2631 1952 2686 καὶ
2021 2633 2101 2704 τῷ
2158 2634 2364 2706 ταύτης
2404 2634 2506 2704 υἱῷ
2553 2634 2914 2705 κατεπράχθη
2990 2633 3060 2688 τὰ
3111 2634 3547 2706 κατορθώματα·
3595 2631 3626 2685 δ
3672 2632 3730 2686 δὲ.
3783 2632 4006 2702 ἀνίερος

733 2729 944 2798 Ἰαννῆς
976 2731 1034 2781 ὲν
1067 2727 1422 2799 μοναστηρίῳ
1455 2727 1564 2782 τινὶ
1600 2724 1967 2796 κατειρχθεὶς,
2010 2727 2102 2779 καὶ
2150 2726 2208 2779 ἐν
2249 2744 2355 2781 τινι
2428 2729 2588 2799 μέρει
2635 2728 2828 2781 τούτου
2896 2728 3356 2798 ἀνεστηλωμένην
3417 2726 3755 2795 θεασάμενος
3820 2726 4013 2778 εἰκόνα

719 2818 959 2888 Χριστοῦ
987 2817 1082 2871 τοῦ
1127 2816 1265 2872 Θεοῦ
1311 2816 1534 2884 καὶτῆς
1565 2816 1910 2888 Θεομήτορος
1939 2817 2032 2868 καὶ
2076 2817 2186 2871 τῶν
2223 2819 2606 2889 ἀρχαγγέλων,
2633 2820 2713 2889 τῷ
2746 2818 2945 2873 ἑαυτοῦ
2971 2820 3207 2890 διακόνῳ
3240 2818 3577 2888 προσέταξεν
3610 2817 3871 2872 ἀναϐάντι
3904 2817 4024 2870 τῶν

722 2911 1035 2980 σεϐασμίων
1069 2912 1294 2964 εἰκόνων
1323 2909 1587 2980 ἀνορύξαι
1616 2911 1744 2972 τοὺς
1765 2909 2105 2980 ὀφθαλμοὺς,
2137 2912 2309 2964 είπιυν
2353 2913 2426 2982 μὴ
2461 2913 2608 2982 ἔχειν
2637 2913 2839 2974 αὐτοὺς
2863 2913 2964 2982 τὴν
2987 2911 3085 2965 τοῦ
3110 2913 3244 2983 όρᾷν
3269 2913 3523 2982 δύναμιν.
3559 2911 3651 2974 Ὠς
3667 2909 3759 2964 οὖν
3782 2909 4022 2962 ἐπύθετο

718 3003 894 3058 ταῦτα
927 3006 960 3073 ἡ
995 3003 1226 3074 εὐσεϐὴς
1257 3002 1537 3069 δέσποινα,
1593 3002 1744 3072 ζήλῳ
1775 3001 1906 3071 θείῳ
1937 3003 2322 3073 ἐκπυρωθεῖσα
2370 3007 2496 3067 τοὺς
2524 3006 2692 3058 αὑτοῦ
2731 3005 3033 3074 προσέταξε
3064 3004 3418 3076 διορυχθῆναι
3467 3002 3807 3073 ὀφθαλμούς.
3853 3003 4024 3057 Ἀλλὰ

722 3099 883 3152 τοῦτο
923 3099 1021 3166 μὲν
1047 3097 1147 3150 οὐκ
1181 3096 1398 3165 ἐγένετο
1448 3096 1890 3166 μεσιτευσάντων
1927 3097 2113 3160 τινῶν,
2153 3097 2488 3169 δορυφόρους
2508 3099 2553 3151 δ’
2577 3099 2914 3168 ἐκπέμψασα
2941 3099 3198 3169 μάστιξιν
3245 3101 3412 3155 αὑτὸν
3452 3100 3793 3173 κατῃκίσατο
3826 3100 4030 3171 λὼριμν

720 3196 1016 3252 διακοσίων
1052 3194 1166 3264 (93)
1179 3234 1192 3247 .

797 3291 971 3346 Natus
1005 3287 1108 3344 fuit
1139 3289 1346 3345 .lannes
1373 3290 1477 3344 iste
1515 3288 1700 3358 Cpoli,
1734 3291 1908 3356 stirpe
1937 3289 2320 3343 lllorocharza-
2349 3298 2391 3354 ε

720 3385 968 3441 niornm.
1023 3383 1089 3436 Et
1139 3382 1252 3451 jam
1297 3381 1364 3435 ad
1410 3391 1690 3436 senectam
1723 3392 1939 3435 aetatem
1971 3382 2238 3436 accedens
2269 3384 2321 3436 iu

727 3477 1313 3550 pra-stantissimorum
1384 3482 1691 3545 martyrum
1774 3473 1947 3542 Sergii
2009 3484 2063 3527 et
2126 3473 2322 3529 Bacchi

729 3571 991 3642 princeps
1022 3569 1124 3624 fuit
1155 3568 1513 3634 monasterio,
1546 3568 1617 3622 ibi
1658 3568 1712 3622 in
1759 3568 2006 3622 Ecclesia
2035 3569 2204 3623 veluti
2235 3585 2328 3624 co-

729 3667 890 3720 luber
921 3663 1148 3734 quidam
1211 3662 1267 3716 in
1314 3669 1476 3716 antro
1524 3661 1880 3716 delitescens.
1911 3659 2180 3716 Paulatim
2223 3663 2323 3717 de-

729 3761 862 3812 inde
890 3765 1219 3826 progressus
1254 3753 1320 3809 ad
1350 3753 1546 3807 altiora
1581 3755 1710 3808 fecit
1732 3793 1747 3817 ,
1782 3768 1880 3824 per
1905 3769 2123 3808 omnem
2160 3754 2324 3808 vitam

738 3846 1274 3918 ltnaginipet‘dat‘um
1328 3845 1528 3901 haeresi
1559 3845 1808 3916 impense
1840 3847 2081 3911 deditus,
2113 3849 2328 3917 praesti-

731 3942 945 4008 giarum
973 3941 1250 3994 studiosus
1287 3946 1343 3994 et
1369 3938 1774 3993 divinationum
1807 3955 1904 4008 per
1926 3941 2153 4010 pelvim.
2182 3940 2329 3994 Cha-

728 4033 986 4088 rissimus
1020 4031 1120 4085 fuit
1149 4030 1416 4086 Michaelo
1458 4029 1647 4096 Balbo,
1696 4032 1814 4087 sive
1855 4032 1928 4087 ob
1961 4033 2186 4087 haeresis
2228 4048 2324 4086 so-

732 4127 1010 4188 cietatem,
1045 4126 1162 4180 sive
1185 4123 1257 4178 ob
1287 4123 1555 4178 doctrinae
1578 4123 1918 4193 opinionem,
1937 4134 1991 4179 et
2022 4134 2328 4194 praeceptor

737 4213 1046 4284 Theophilo
1073 4215 1198 4283 ejus
1237 4215 1349 4268 filio
1375 4214 1560 4268 datus.
1589 4213 1930 4283 TheOphilus
1961 4214 2196 4283 imperio
2237 4228 2330 4269 σου

735 4318 896 4376 σπιριο
927 4307 1166 4377 primum
1210 4307 1258 4361 ei
1293 4306 1521 4377 syncclli
1583 4306 1907 4374 dignitatem
1935 4307 2193 4368 contulit,
2237 4309 2332 4360 de—

737 4403 865 4455 inde
910 4400 1280 4470 patriarcham
1338 4399 1548 4454 creavit
1607 4398 1814 4468 Cpolis.
1871 4397 2080 4452 Solitns
2143 4398 2244 4452 fuit
2281 4399 2330 4453 ei

737 4493 915 4563 pelvis
945 4491 1205 4545 vaticinio
1261 4499 1314 4544 et
1349 4491 1637 4563 praestigiis
1666 4489 1848 4544 futura
1877 4490 2199 4560 praedicere.
2243 4490 2333 4543 Et-

738 4584 886 4639 enim
921 4581 1220 4652 aliquando
1245 4581 1408 4652 945
1441 4596 1567 4636 cum
1613 4581 1778 4636 inﬁda
1813 4590 1977 4650 atque
2008 4596 2154 4636 saeva
2187 4597 2335 4650 qua:-

2502 3293 2740 3360 Ἤνεγκε
2773 3293 2829 3345 δὲ
2860 3293 2954 3346 τὸν
2996 3292 3207 3363 Ἰαννῆν
3228 3293 3423 3346 τοῦτον
3451 3293 3484 3362 ἡ
3521 3293 3889 3362 μεγαλόπολις
3910 3293 4031 3363 (ει)

2428 3385 2570 3455 αὕτη
2600 3387 2694 3438 καὶ
2726 3385 2920 3438 πασῶν
2954 3383 3352 3456 προκαθημένῃ
3383 3385 3492 3436 τῶν
3521 3383 3733 3438 πόλεων
3758 3384 3899 3453 (25).
3926 3389 4030 3454 τῆς

2429 3477 2540 3531 τῶν
2576 3476 3059 3547 Μωροχαρζανίων
3093 3477 3473 3546 καταγόμενον
3503 3477 3719 3542 γενεᾶς.
3774 3474 4031 3544 Ἀψαμε-

2431 3588 2519 3623 νον
2547 3570 2604 3624 δὲ
2633 3571 2732 3640 ἤδη
2768 3570 2864 3622 καὶ
2893 3567 3223 3638 γεροντικῆς
3257 3568 3478 3639 ἡλικίας
3509 3569 3542 3636 ἠ
3579 3566 3716 3637 μονὴ
3753 3567 3864 3620 τῶν
3889 3568 4028 3620 κσλ-

2429 3663 2654 3715 λινίκων
2689 3659 2986 3732 μαρτύρων
3033 3659 3263 3731 Σεργίου
3303 3664 3394 3713 καὶ
3419 3660 3636 3730 Βάκχου
3685 3657 3800 3728 (26)
3831 3658 4031 3729 ὥσπερ

2429 3756 2556 3807 τινὰ
2589 3753 2858 3825 δράκοντα
2892 3753 2951 3807 ὲν
2983 3751 3251 3823 ἐκκλησία⁵
3280 3751 3638 3821 φωλεύσαντα
3673 3745 3824 3822 εἶχεν
3851 3752 4032 3822 inuti.

2435 3863 2598 3918 μενον
2629 3847 2686 3898 ὲν
2716 3846 2878 3916 αὐτῇ,
2916 3845 2973 3897 ἐν
3007 3844 3067 3897 δὲ
3107 3847 3232 3908 ταῖς
3285 3845 3429 3899 κατὰ
3479 3844 3680 3915 μικρὸν
3729 3846 4033 3915 γενόμενον

2433 3937 2737 3993 ἀναϐάσεσι
2757 3940 2822 4007 τῇ
2849 3953 2906 3990 τε
2927 3937 3037 3991 τῶν
3060 3937 3452 4007 Εἰκονομάχων
3472 3936 3618 4004 ἀθέῳ
3638 3937 3852 4006 αἱρέσει
3876 3940 4034 4008 ἰσχυ-

2437 4030 2548 4101 ρῶς
2576 4029 3015 4098 προστετηκότα,
3046 4028 3144 4082 καὶ
3161 4029 3442 4099 γοητείαις
3468 4031 3899 4099 προσανέχοντα,
3933 4032 4035 4083 καὶ

2433 4119 2924 4190 λεκανομαντείαις
2947 4118 3036 4173 διὰ
3071 4120 3188 4190 βίου
3226 4120 3450 4182 παντὸς,
3485 4120 3858 4189 διαφερόντως
3891 4121 4038 4186 ᾶγαο

2438 4211 2683 4276 πηθέντα
2710 4207 2788 4275 τῷ
2817 4212 2989 4278 πατρὶ
3023 4208 3524 4279 ΘεοφίλουμΜιχαὴλ
3545 4209 3626 4278 τῷ
3648 4208 3887 4280 τραυλῷ,
3915 4209 4033 4262 εἴτε

2435 4302 2514 4371 τῷ
2531 4303 2808 4355 κοινωνεῖν
2829 4304 2929 4372 τῆς
2957 4300 3124 4355 αὐτοῦ
3157 4302 3444 4373 αἱρέσεως,
3481 4304 3592 4354 εἴτε
3621 4304 3716 4355 καὶ
3747 4302 3824 4372 τῷ
3852 4304 4035 4370 1072-5-

2438 4412 2562 4465 τητι
2611 4392 2916 4464 κτήσασθαι
2963 4393 3144 4461 δόξαν,
3184 4395 3283 4447 τοῦ
3325 4393 3586 4461 Θεοᾳίλου
3620 4395 3677 4447 δὲ
3701 4395 4035 4449 διδάσκαλον

2439 4486 2721 4556 γεγονότα.
2757 4486 2867 4540 Καὶ
2893 4487 3015 4540 ἐπεὶ
3039 4482 3194 4550 οὗτος
3219 4488 3320 4549 τὰς
3336 4489 3435 4557 τῆς
3453 4488 3730 4558 βασιλείας
3761 4490 4038 4559 κατέσχεν

2441 4579 2636 4651 ἡνίας,
2701 4578 3000 4646 σύγκελλον
3054 4579 3153 4649 μὲν
3207 4577 3397 4632 τοῦτον
3451 4579 3590 4649 τιμᾷ
3636 4577 3888 4648 πρῶτον,
3933 4575 4037 4632 εἶθ’

740 4673 863 4728 dam
898 4687 1033 4743 gens
1057 4671 1234 4726 tribus
1259 4671 1588 4725 ductoribus
1621 4685 1719 4724 usa
1741 4669 2040 4724 Romanam
2066 4671 2322 4727 ditionem

2443 4672 2672 4742 ὓστερον
2710 4673 2808 4726 καὶ
2843 4669 3196 4741 πατριάρχην
3232 4670 3640 4740 ἀποκαθίστησι
3672 4671 4036 4724 Κωνσταντι-

743 4762 1060 4830 infestaret,
1098 4777 1276 4832 eaque
1335 4777 1432 4816 res
1475 4761 1884 4832 Theophilum,
1929 4763 2006 4815 uti
2064 4778 2162 4831 par
2193 4772 2330 4828 erat,

742 4856 1041 4910 sollicitum
1075 4863 1311 4920 teneret,
1340 4853 1544 4910 Jannes
1573 4871 1695 4909 eum
1737 4855 1962 4910 dimissa
1984 4855 2150 4909 animi
2179 4857 2339 4925 aegri-

747 4946 939 5000 tudine
985 4945 1192 5015 optime
1233 4945 1304 4999 de
1358 4946 1524 5000 rebus
1571 4960 1795 5015 sperare
1841 4948 2104 5011 iusserat,
2175 4946 2338 5001 modo

743 5039 921 5107 ipsius
978 5038 1213 5094 consilio
1254 5053 1447 5108 parere
1476 5039 1657 5093 vellet.
1689 5037 1994 5093 Consilium
2028 5039 2135 5092 tale
2174 5049 2288 5092 erat
2321 5053 2334 5090 :

748 5130 899 5185 Inter
947 5144 1116 5185 mreas
1168 5139 1400 5195 statuas,
1439 5143 1561 5200 qure
1619 5135 1779 5183 erant
1832 5129 1887 5181 in
1937 5129 2136 5196 euripo
2181 5126 2338 5190 circi,

2441 4763 2772 4826 νουπόλεως,
2830 4762 3176 4833 προγνώσεις
3222 4761 3378 4822 τινὰς
3423 4760 3513 4814 διὰ
3565 4761 4041 4830 λεκανομαντείας

2445 4855 2543 4908 καὶ
2572 4853 2834 4923 γοητείας
2879 4852 3028 4924 αὐτῷ
3067 4851 3505 4921 ἀπαγγέλλοντα.
3541 4853 3858 4923 Κατέτρεχέ
3902 4872 4039 4907 ποτε

2441 4944 2510 4994 τὰ
2563 4941 2853 5012 Ῥωμαίων
2881 4943 3036 5006 ἔθνος
3076 4943 3307 4997 ἄπιστον
3337 4943 3434 4996 καὶ
3469 4943 3707 5014 σκληρὸν
3757 4944 3897 5015 (27),
3945 4947 4040 5013 ὑφ’

2442 5035 2682 5105 ἡγεμόσι
2717 5035 2870 5104 τρισὶ
2925 5036 3445 5106 στρατηγούμενον⁹
3494 5037 3588 5088 καὶ
3631 5036 3707 5096 ὡς
3759 5037 3911 5099 εἰκὸς
3943 5038 4042 5090 ἐπὶ

2443 5128 2619 5198 τούτῳ
2646 5127 2739 5180 τοῦ
2771 5128 3033 5195 Θεοφίλου
3068 5130 3399 5196 ἀνιωμένου,
3430 5126 3732 5183 ἀποθέσθαι
3770 5129 3874 5195 τὴν
3901 5129 4041 5182 ἀθυ-

1915 5262 2270 5320 XYLANDRI
2317 5263 2403 5318 ΕΤ
2439 5263 2656 5320 GOAlll
2692 5263 2925 5322 ΝΟΤᾹΞ.

827 5367 940 5439 (25)
977 5365 1318 5439 Taurearum'
1355 5361 1450 5417 hic
1506 5372 1994 5439 eratusupremus
2041 5375 2346 5439 numerus,

757 5429 935 5511 qnem'
954 5440 1065 5511 jam
1101 5437 1271 5511 babes
1291 5435 1353 5511 in
1383 5429 1767 5511 superioribus
1783 5431 2141 5511 recensitum.
2169 5429 2343 5511 Cum.

827 5499 972 5580 (24f
995 5505 1377 5580 Μεγαλόπολες
1439 5499 1514 5580 ob
1537 5573 1552 5580 _
1580 5502 1995 5580 amplitudinem
2046 5499 2346 5580 dicebatur

750 5570 1106 5636 Constantini
1126 5577 1290 5637 urbs;
1323 5573 1620 5634 Θεούπολις
1674 5570 1965 5627 Antiochia
2006 5572 2078 5626 ob
2115 5571 2167 5624 id
2195 5570 2342 5638 (μιυὰ

752 5651 985 5718 contigit
1041 5645 1648 5718 Iustinianbtemporc
1711 5643 2062 5718 miraculum,
2115 5642 2192 5718 de
2235 5656 2345 5718 quo

751 5709 999 5789 ejusdem
1034 5732 1178 5770 anno
1206 5714 1242 5768 2
1271 5733 1326 5789 ;_
1367 5709 1674 5782 Ἀγιόῖπολις
1732 5712 2078 5768 Hierusalem
2135 5709 2342 5765 Christi

753 5783 887 5848 nece
913 5795 1257 5843 consecrata.
1287 5783 1460 5840 Com.

826 5860 940 5928 (25)
963 5855 1247 5912 Librarius
1299 5855 1389 5911 hic
1449 5853 1727 5924 ascripsit,
1783 5852 1929 5926 quod
1957 5860 2108 5909 recte
2154 5852 2344 5909 multis

2458 5362 2581 5415 aliis
2603 5361 2760 5423 locis,
2794 5375 2856 5415 ac
2886 5360 3093 5415 rectius
3144 5361 3319 5415 multo
3344 5375 3507 5430 quam
3549 5361 3658 5426 hic,
3692 5373 4041 5430 antimasset,

2443 5431 2753 5486 Cedrenutn
2805 5431 3083 5486 scribendi
3134 5433 3394 5484 nimirum
3444 5434 3670 5484 materia
3703 5435 4041 5490 destitutum

2445 5503 2581 5574 hzec
2619 5516 2850 5574 narrare
2882 5521 2904 5574 :_
2934 5503 3050 5554 Οὐκ
3072 5496 3280 5574 Δεἶχες,
3339 5501 3414 5564 ὡς
3464 5502 3644 5567 ἔοικε,
3691 5504 3745 5555 τί
3777 5505 4040 5574 γρασειν,

2443 5571 2740 5652 ἀκρρλμωρε
2769 5572 3032 5652 ίςερδηνέ.
3071 5571 3202 5626 Χῖι..

2523 5587 2740 5695 ρομωρε
2769 5587 3032 5652 εξεροηνε.
3071 5587 3202 5626 λη..

2519 5640 2632 5711 (26)
2706 5644 2966 5712 usttniani
2992 5646 3093 5696 hoc
3121 5652 3239 5712 erat
3257 5641 3573 5705 aedificium,
3607 5641 3675 5698 de
3705 5657 3817 5712 quo
3850 5647 4042 5700 statim

2447 5713 2561 5782 sub,
2586 5713 2742 5765 initio
2781 5711 2994 5781 imperii
3029 5712 3169 5782 ejus.
3199 5711 3372 5766 Goan.

2517 5781 2630 5852 (27)
2662 5783 2871 5838 Abares
2890 5781 3162 5845 existimo,
3194 5798 3335 5853 quos
3355 5783 3557 5853 pariter
3581 5783 3632 5848 ι,
3658 5784 3691 5838 5
3717 5784 4044 5840 ιοεσνὶιεί-

2447 5863 2682 5908 mocatta
2699 5853 3063 5908 ἀπιστότατον
3097 5853 3248 5915 ἔθνος
3274 5856 3368 5907 καὶ
3397 5855 3826 5925 ἀπληστότατον.
3859 5854 4040 5910 Con.
