4226 6442
259 431 404 496 1029

1336 421 1620 483 Πῐιςτοιι
1633 422 1647 478 l
1660 420 1879 482 ARUM
1912 418 2301 481 COMPENDI
2314 420 2444 482 ΗΜ.

3386 419 3528 492 1030

251 547 382 620 μίαν
413 547 440 600 ὀ
484 543 688 612 Ἰαννῆς
721 537 1021 612 παρεκάλει
1050 537 1140 590 καὶ
1181 535 1417 606 θάρσους
1450 533 1830 604 πληρωθῆναι,

1939 541 2119 589 statua
2148 531 2396 600 quaedam
2427 541 2648 588 exstare
2675 529 2950 588 ferebatur
2991 531 3219 602 triceps.
3239 531 3374 589 Tres
3393 550 3524 604 ergo

250 641 372 707 εῐγε
410 637 570 707 μόνον
602 636 669 706 τῇ
720 631 890 686 αὑτοῦ
946 627 1226 699 συμϐουλῇ
1281 627 1723 697 πειθαρχήσειεν.
1772 626 1836 679 'H

247 734 303 785 δὲ
337 727 620 800 συμϐουλὴ
668 724 895 794 τοιαύτη
924 718 1015 794 ἦν.
1086 722 1176 776 Ἐν
1216 723 1327 784 τοῖς
1359 721 1439 783 εἰς
1472 719 1564 771 τὸν
1612 717 1837 786 εὖριπνίιν

248 822 342 875 τοῦ
383 818 612 872 ίππικοῦ
666 817 979 886 ἱσταμένοις
1029 814 1252 884 χαλκοῖς
1307 813 1560 882 ἀνδριᾶσι
1611 812 1706 863 καί
1746 828 1830 874 τις

248 913 472 982 ἀνδριάς
513 911 770 965 ἵστασθαι
815 907 1037 976 ἐλέγετο
1073 905 1223 976 τρισὶ
1269 904 1704 974 διατυπούμενος
1741 922 1834 958 κε-

250 1007 466 1075 φαλαῖς.
542 1002 877 1069 Ιιροστάττει
949 1001 1195 1054 τοίνυνό
1245 997 1450 1066 Ἰαννῆς
1518 996 1836 1066 ἰσαρίθμους

251 1092 462 1160 σφύρας
490 1088 858 1160 χαλκευθῆναι
890 1092 1009 1151 ταῖς
1044 1088 1332 1156 κεφαλαῖς,
1366 1083 1592 1155 ἀνδράσι
1622 1105 1680 1138 τε
1702 1087 1836 1138 ταύ-

247 1201 347 1245 τας
371 1181 786 1251 ἐγχειρισθῆναι
818 1179 963 1233 κατὰ
997 1180 1156 1250 χεῖρα
1206 1178 1499 1247 γενναίοις,
1540 1177 1681 1229 κατά
1716 1194 1836 1228 τινα

249 1275 303 1326 δὲ
331 1275 676 1343 τεταγμένην
711 1272 861 1342 ὥραν
891 1270 1213 1342 νυκτερινὴν
1253 1270 1368 1338 ἅμα
1403 1268 1549 1337 αὑτῷ
1581 1269 1835 1336 γενέσθαι

252 1366 388 1436 πρὸς
419 1366 509 1418 τὸν
560 1366 853 1436 εἰρημένον
905 1363 1227 1433 ἀνδριάντα,
1282 1361 1378 1414 καὶ
1422 1362 1585 1432 ἡνίκα
1626 1361 1836 1421 τούτοις

254 1459 558 1524 κελεύσειε,
593 1457 780 1510 παίειν
814 1456 1051 1526 ἰσχυρῶς
1102 1456 1222 1517 ταῖς
1265 1454 1498 1526 σφύραις
1532 1455 1629 1517 τὰς
1663 1471 1836 1521 κεφα-

249 1549 368 1613 λὰς,
413 1551 611 1619 μέχρις
642 1549 708 1601 ἂν
768 1546 1142 1616 κατενεχθεῖεν
1199 1547 1280 1610 εἰς
1332 1547 1435 1615 γῆν
1482 1546 1557 1608 ὡς
1612 1545 1670 1609 ἐξ
1719 1548 1836 1607 ἐνὸς

252 1640 560 1708 κρούματός
594 1656 651 1692 τε
680 1641 773 1694 καὶ
815 1638 1085 1708 πλήξεως.
1141 1639 1358 1700 Ἡσθεὶς
1393 1633 1488 1690 οὖν
1523 1640 1634 1700 τοῖς
1658 1638 1836 1704 λόγοις

250 1733 278 1782 ὸ
305 1731 558 1800 βασιλεὺς
587 1731 731 1783 οὕτω
757 1730 1010 1795 γενέσθαι
1043 1727 1365 1799 προσέταξε.
1394 1729 1502 1780 Καὶ
1527 1730 1838 1798 γενομένων

255 1824 435 1874 ἐκεῖσε
479 1822 587 1874 τῶν
621 1821 833 1888 ἀνδρῶν
873 1821 991 1890 ἅμα
1037 1821 1116 1890 τῷ
1178 1823 1351 1891 Ἰανρῇ
1408 1822 1594 1890 πόρρω
1626 1819 1838 1874 νυκτῶν

1946 625 2180 681 malleos
2229 640 2404 680 mreos
2461 625 2718 680 fabricari
2764 623 2994 693 jubebat
3041 624 3266 691 Janncs,
3317 641 3530 695 eosque

1941 716 2087 771 tradi
2120 715 2252 770 viris
2281 730 2448 771 manu
2480 717 2699 779 validis,
2727 717 2822 786 qui
2852 718 3155 772 constituta
3184 719 3363 772 noctis
3386 718 3524 772 hora

1939 824 2128 864 secum
2165 807 2233 863 ad
2273 817 2513 863 statuam
2550 809 2700 863 illam
2759 810 3106 870 accederent,
3164 811 3360 879 iisque,
3395 827 3526 865 cum

1941 900 2057 968 ipse
2106 901 2442 966 mandasset,
2493 904 2673 972 capita
2727 900 2943 957 fortiter
2997 902 3243 967 ferirent,
3287 905 3416 958 dum
3455 919 3521 958 ea

1941 992 2107 1045 veluti
2143 1009 2252 1048 uno
2278 994 2390 1047 ictu
2418 1005 2581 1064 atque
2601 994 2839 1063 impulsu
2874 995 2926 1048 in
2955 1004 3159 1048 terram
3196 994 3522 1062 dejicerent.

1942 1080 2170 1136 Gratum
2237 1083 2341 1135 hoc
2376 1083 2668 1136 consilium
2706 1080 3024 1151 imperatori
3086 1081 3208 1144 fuit,
3246 1082 3527 1151 jnssitque

1942 1175 2015 1228 ita
2078 1176 2220 1230 lieri.
2271 1173 2420 1243 Ergo
2461 1191 2658 1245 magna
2728 1175 2839 1244 jam
2887 1183 3041 1243 parte
3090 1176 3270 1230 noctis
3331 1186 3525 1231 exacta

1940 1282 2063 1320 cum
2101 1265 2234 1320 viris
2263 1266 2385 1320 istis
2417 1265 2642 1331 Jannes,
2709 1267 2805 1336 qui
2846 1281 2916 1320 ne
2941 1276 3356 1335 agnosceretur,
3398 1282 3524 1336 pro-

1941 1357 2068 1412 fano
2103 1356 2291 1410 habitu
2323 1373 2382 1412 se
2416 1357 2773 1424 imluerat,ad
2808 1367 3046 1412 statuam
3081 1357 3253 1420 venit,
3281 1359 3522 1427 magico-

1939 1465 2048 1521 que
2082 1450 2329 1503 carmine
2387 1452 2636 1514 recitato,
2691 1452 2865 1520 iisque
2923 1451 3124 1506 robore
3163 1450 3309 1518 quod
3349 1453 3526 1504 iuerat

1941 1551 2135 1597 statua:
2180 1543 2459 1611 adempto,
2512 1544 2663 1598 viros
2706 1544 2854 1597 omni
2906 1545 2958 1597 vi
2991 1555 3283 1614 percutere
3342 1544 3522 1613 capita

1941 1642 2135 1688 statua:
2179 1634 2352 1700 jubet.
2384 1635 2585 1688 Eorum
2636 1635 2744 1689 duo
2775 1635 3132 1691 validissimis
3168 1636 3370 1690 ictibus
3411 1635 3524 1688 duo

1943 1726 2119 1796 capita
2156 1737 2351 1782 statua:
2393 1727 2756 1783 decusscrunt
2792 1746 2804 1780 :
2843 1728 3038 1782 tertius
3089 1729 3380 1803 remissius
3422 1728 3524 1778 alt-

1941 1827 2150 1888 quanto
2174 1821 2380 1874 fet-iens
2409 1821 2692 1874 inclinavit
2716 1820 2959 1889 quidem,
2994 1835 3100 1873 non
3129 1830 3307 1872 tamen
3337 1834 3365 1870 a
3399 1832 3526 1871 cor-

251 1907 404 1980 (ἦνδ“
433 1913 462 1963 ὁ
500 1910 706 1979 Ἰαννῆς
737 1909 875 1978 μετὰ
902 1909 1092 1963 λαῐκοῦ
1122 1908 1216 1962 τοῦ
1249 1890 1346 1980 [Ρ.
1369 1908 1496 1981 537]
1527 1910 1832 1978 σχήματος,

1942 1925 2073 1980 pore
2109 1920 2280 1965 totum
2324 1912 2510 1966 avellit
2537 1921 2721 1980 caput.
2758 1911 2960 1967 Eodem
2995 1912 3158 1965 modo
3182 1926 3307 1964 cum
3342 1910 3523 1976 gentis

256 2003 343 2056 ἵνα
399 2003 473 2073 μὴ
525 2001 853 2070 κατάφωρος
907 1999 1179 2070 γένηται),
1211 2003 1337 2063 τοὺς
1393 1999 1832 2068 στοιχειωτικοὺς

249 2093 442 2160 λόγους
473 2092 586 2160 (28)
627 2091 872 2144 ἐπειπὼν
903 2092 997 2145 καὶ
1027 2091 1126 2161 τὴν
1152 2091 1378 2145 ἐνοῦσαν
1406 2091 1638 2159 δύναμιν
1669 2091 1728 2143 ἐν
1753 2088 1832 2151 τῷ

249 2185 479 2256 τοιούτῳ
531 2186 814 2256 ἀνδριάντι
853 2185 1212 2256 ἀφελόμενος,
1236 2186 1421 2239 παίειν
1451 2185 1578 2246 τοὺς
1631 2183 1832 2254 ἄνδρας

249 2278 468 2329 ἐκέλευε
516 2278 784 2340 νεανικῶς
827 2293 886 2329 τε
933 2278 1024 2329 καὶ
1073 2277 1331 2347 ἰσχυρῶς.
1381 2277 1492 2330 Καὶ
1527 2278 1574 2328 οἱ
1611 2276 1712 2346 μὲν
1741 2277 1834 2329 δύο

251 2368 638 2439 ίσχυροτάταις
682 2369 1022 2439 χρησάμενοι
1056 2371 1176 2430 ταῖς
1211 2370 1547 2436 καταφοραῖς
1593 2367 1692 2430 τὰς
1738 2367 1832 2421 δύο

247 2460 344 2512 τοῦ
394 2462 716 2530 ἀνδριάντος
763 2460 1049 2529 ἀπέκοψαν
1088 2459 1354 2530 κεφαλὰς,
1385 2461 1412 2513 ὁ
1439 2460 1618 2528 τρίτος
1648 2459 1705 2513 δὲ
1732 2477 1833 2530 μα-

1941 2003 2060 2071 ejus
2109 2003 2344 2058 ducibus
2378 2012 2562 2058 actum
2615 2006 2718 2058 l‘uit
2749 2022 2763 2057 :
2794 2020 2920 2057 nam
2976 2004 3248 2059 seditione
3307 2011 3518 2062 coorta,

1940 2105 2100 2164 atque
2124 2111 2187 2149 ea
2215 2095 2269 2149 in
2302 2111 2540 2166 pugnam
2581 2097 2899 2150 intestinam
2924 2098 3214 2157 evadente,
3233 2095 3523 2165 θωόιιυ

1938 2186 2006 2242 de
2040 2189 2276 2243 ducibus
2303 2189 2645 2253 ccciderunt,
2678 2191 2874 2244 tertius
2904 2189 3106 2243 vulnus
3148 2189 3382 2258 accepit,
3425 2185 3523 2242 sed

1941 2295 2045 2333 nou
2086 2280 2308 2334 lethale.
2361 2281 2728 2334 Nihilominus
2752 2289 2933 2334 tamen
2966 2281 3042 2335 rei
3075 2280 3323 2349 gerenda:
3344 2294 3410 2333 co
3439 2277 3526 2331 fa-

1937 2383 2024 2428 cto
2055 2374 2262 2438 inutili,
2318 2389 2452 2444 gens
2492 2389 2554 2429 ea
2585 2373 2800 2428 viribus
2827 2375 2946 2429 suis
2997 2374 3258 2430 destituta
3293 2373 3518 2427 domum

1941 2465 2123 2521 rediit.

246 2552 568 2622 λακωτέραν
601 2558 831 2623 ποιήσας
871 2554 969 2623 τὴν
1007 2552 1225 2623 πληγὴν
1267 2551 1463 2623 μικρὸν
1506 2554 1606 2622 μὲν
1652 2553 1998 2620 κατέκλινεν,
2031 2558 2093 2610 ού
2122 2558 2227 2628 μὴν
2256 2558 2350 2610 καὶ
2379 2559 2510 2631 ὅλην
2591 2556 2690 2612 τοῦ
2776 2557 3031 2628 σώματος
3100 2558 3343 2627 ἀπέτεμε
3419 2559 3521 2628 τὴν

247 2649 512 2718 κεφαλήν.
543 2645 637 2711 Οἷς
661 2650 725 2718 δὴ
757 2651 1155 2720 παραπλησίως
1181 2651 1276 2704 καὶ
1305 2651 1372 2702 τά
1391 2650 1532 2703 κατὰ
1555 2653 1684 2713 τοὺς
1711 2652 1988 2722 ἡγεμόνας
2020 2653 2117 2707 τοῦ
2180 2656 2374 2719 ἔθνους
2438 2655 2853 2727 ἐπηκολούθησε
2875 2673 2886 2684 ·
2925 2657 3170 2718 στάσεως
3237 2656 3344 2725 γάρ
3374 2670 3522 2716 τινος

245 2740 517 2806 κραταιᾶς
571 2738 1008 2809 ἐπεισπεσούσης
1051 2739 1128 2809 τῷ
1161 2741 1354 2809 γένει,
1408 2739 1583 2810 ταύτῃ
1625 2740 1684 2792 δὲ
1725 2743 1823 2796 καὶ
1879 2743 2060 2813 μάχης
2110 2745 2380 2814 ἐμφυλίου
2411 2746 2950 2816 ἐπακολουθησάσης.
2985 2749 3032 2799 οί
3057 2747 3151 2800 δύο
3209 2746 3320 2801 τῶν
3387 2750 3518 2815 ἠγε-

248 2833 430 2899 μόνων
474 2830 790 2893 πίπτουσιν,
846 2832 1059 2901 ἐπλήγη
1091 2832 1148 2885 δέ
1176 2833 1271 2885 καὶ
1307 2835 1336 2884 ὀ
1361 2831 1566 2901 τρίτος,
1605 2833 1666 2884 ού
1743 2835 1853 2904 μήν
1883 2853 1944 2903 γε
1983 2837 2235 2906 καιρίως,
2264 2838 2475 2906 ἤργησε
2509 2838 2554 2889 δ’
2580 2839 2730 2906 ὅμως
2758 2838 2822 2889 ἐκ
2847 2838 2948 2906 τῆς
2983 2836 3223 2908 πληγῆς,
3255 2838 3352 2890 καὶ
3409 2839 3509 2891 οὖ-

245 2937 353 2980 τως
381 2920 441 2972 τὸ
469 2920 618 2983 ἔθνος
661 2920 965 2991 ἡσθενηκὺς
998 2924 1181 2976 οἴκαδε
1212 2924 1576 2992 ἀπενόστησε.
1608 2925 1718 2976 Καὶ
1758 2928 1825 2978 τὰ
1869 2929 1967 2997 μὲν
1992 2930 2091 2996 τῆς
2112 2929 2368 2998 γοητείας
2398 2929 2592 2991 οὕτως.

319 3009 411 3079 Τῷ
443 3012 500 3063 δὲ
545 3012 706 3079 γόητι
755 3011 933 3080 τούτῳ
977 3014 1152 3084 Ἰαννῇ
1183 3013 1413 3082 ἀδελφὸς
1441 3011 1510 3085 ἦν
1540 3019 1828 3083 σαρκικδς,

243 3101 420 3170 ενομα
468 3100 546 3172 τῷ
599 3101 756 3172 ἀνδρὶ
803 3104 1105 3174 Ἀρσαϐὴρ,
1165 3105 1264 3174 τὴν
1293 3107 1463 3176 τύχην
1515 3110 1829 3179 πατρίκιος.

248 3193 437 3262 Τούτῳ
491 3193 813 3261 προάστειον
845 3190 916 3263 ἦν
946 3196 1167 3249 κατὰτὸ
1210 3199 1498 3268 εὐώνυμον
1538 3201 1704 3269 μέρος
1735 3202 1830 3254 τοῦ

2006 3019 2139 3073 Fuit
2171 3019 2300 3073 huic
2358 3019 2519 3073 Janni
2571 3020 2740 3073 frater
2791 3021 3052 3084 carnalis,
3085 3021 3312 3074 nomine
3345 3022 3517 3074 Arsa-

1935 3127 2119 3173 verus,
2184 3113 2451 3181 patricius
2517 3113 2731 3168 ordine.
2792 3113 2842 3166 Is
2890 3115 3269 3168 suburbanum
3324 3115 3518 3168 habuit

1934 3201 2001 3254 ad
2035 3198 2186 3254 Steni
2231 3202 2510 3256 sinistram
2541 3214 2777 3272 partem,
2805 3203 3054 3272 proxime
3110 3204 3302 3258 Sancti
3322 3204 3520 3260 Phorm

246 3285 465 3348 Στενοῦ,
503 3285 732 3351 ἔγγιστα
757 3287 855 3352 τῆς
887 3291 1054 3356 μονῆς
1081 3287 1177 3341 τοῦ
1209 3290 1396 3357 Ἀγίου
1427 3293 1611 3357 Φωκᾶ,
1631 3295 1831 3346 οίκοδο-

1936 3292 2354 3350 monasterium.
2418 3291 2665 3346 aediliciis
2748 3294 3089 3361 sumptuosis
3161 3294 3514 3360 instructum,

247 3376 355 3445 μὰς
410 3375 532 3444 ἕχον
583 3375 918 3439 πολυτελεῖς,
954 3378 1116 3442 στοάς
1171 3397 1232 3433 τε
1281 3384 1376 3436 καὶ
1421 3383 1675 3453 βαλανεῖα
1736 3388 1830 3437 καὶ

243 3467 526 3537 διατριϐὰς
593 3469 762 3533 ἄλλας
830 3470 1168 3540 ἐπιτερπεῖς.
1237 3475 1448 3528 Ἐκεῖσε
1511 3479 1567 3530 δὲ
1616 3480 1645 3531 ὁ
1697 3479 1832 3546 γόης

247 3557 448 3626 συχνὰς
505 3559 674 3612 ποιῶν
729 3560 828 3622 τὰς
881 3564 1235 3631 καταγωγὰς,
1271 3566 1539 3634 ύπόγαιόν
1569 3585 1623 3620 τι
1660 3587 1830 3623 κατα-

245 3652 522 3712 σκευάσας
545 3650 869 3722 ἐνδιαίτημα
903 3655 996 3705 καὶ
1026 3653 1104 3723 τῷ
1133 3656 1453 3725 Τροςωνίου
1505 3662 1825 3730 παρόμοιον,

243 3741 468 3794 δπισθεν
495 3742 550 3793 δὲ
573 3741 798 3805 πυλίδας
821 3744 1238 3815 δημιουργήσας
1257 3750 1388 3801 εἴσω
1417 3751 1544 3815 τοὺς
1576 3752 1829 3817 θέλοντας

241 3834 664 3903 παραπέμπειν,
702 3837 828 3896 τοὺς
864 3835 1223 3904 βουλομένους
1267 3839 1484 3908 ἐδέχετο
1528 3845 1587 3894 ἐν
1633 3845 1830 3911 ἐκείνῳ

241 3925 320 3994 τῷ
359 3922 581 3992 πονηρῷ
618 3925 994 3994 ἐργαστηρίῳ,
1026 3928 1122 3980 καὶ¹
1172 3928 1268 3982 νῦν
1324 3931 1424 3999 μὲν
1477 3933 1830 4001 ἐταμιεύοντο

243 4016 798 4086 θαλαμηπολούμεναι
849 4017 963 4085 (29)
1026 4022 1361 4088 μονάξουσαί
1409 4041 1469 4076 τε
1506 4025 1603 4078 καὶ
1648 4027 1826 4090 ἄλλως

241 4109 500 4174 γυναῖκες
532 4107 610 4174 τῷ
633 4107 818 4160 κάλλει
839 4110 1182 4180 διαπρεπεῖς,
1204 4109 1292 4174 αἷς
1311 4117 1712 4185 συνεφθείρετο,
1732 4118 1827 4171 νῦν

240 4198 296 4252 δὲ
324 4200 753 4266 ήπατοσκοπίαι,
796 4201 892 4253 καὶ
927 4200 1413 4270 λεκανομαντεῐαι,
1460 4209 1555 4260 καὶ
1583 4211 1828 4276 γοητεῖαι

242 4293 335 4344 καὶ
383 4294 806 4360 νεκυομαντεῖαι
875 4293 1251 4362 ἐνηργοιῖωτο,
1305 4297 1374 4349 δι’
1433 4292 1508 4352 ὧν
1567 4299 1826 4366 πολλάκις

241 4383 535 4452 συνεργεία
568 4383 838 4451 δαιμόνων
864 4385 985 4436 τινὰ
1012 4385 1120 4438 τῶν
1156 4387 1459 4452 μελλόντων
1508 4391 1824 4460 προέλεγεν.

253 4471 415 4523 Ἀλλὰ
445 4471 599 4523 τοῦτο
634 4472 693 4523 τὸ
746 4472 934 4541 κτῆμα
968 4473 1122 4527 ἐλθὸν
1157 4474 1382 4546 ὕστερον
1407 4481 1488 4542 είς
1521 4482 1613 4532 τὸν
1651 4501 1824 4553 παρα-

239 4560 585 4630 κοιμώμενον
619 4563 699 4624 εἰς
731 4563 927 4631 ἔδαφος
959 4569 1420 4634 καταστρέφεται,
1459 4576 1554 4624 καὶ
1595 4576 1676 4634 είς
1731 4592 1824 4644 μου

236 4651 333 4720 νὴν
355 4652 764 4722 κατεσκευάσθη
792 4654 876 4706 ἐπ’
897 4656 1123 4724 ὀνόματι
1146 4658 1312 4710 Φωκᾶ
1334 4658 1429 4711 τοῦ
1463 4661 1816 4734 μεγαλομάρ-
1849 4674 1893 4729 1)

236 4758 419 4812 τυρος.

309 4831 648 4903 Καθαιρέσει
693 4834 771 4900 δὲ,
819 4834 895 4894 ὡς
946 4836 1198 4906 εἴπομεν,
1225 4833 1383 4904 οὗτος
1414 4843 1572 4896 κα“ιοί
1625 4843 1814 4898 τούτου

237 4925 460 4994 μέτοχοι
495 4924 1007 4997 καθυποὸληθέντες
1047 4932 1158 4984 οὐδ’
1200 4933 1373 5000 οὕτως
1405 4940 1633 5009 ἡσυχίαν
1656 4938 1812 5014 ἦγον,

233 5015 372 5069 ἀλλὰ
399 5015 544 5068 κατὰ
574 5017 684 5070 τῶν
718 5019 891 5086 ἁγίων
919 5020 1001 5074 ἔτι
1047 5023 1419 5081 ἐνεανιεύοντο
1461 5033 1690 5087 εἰκόνων
1719 5038 1814 5089 καὶ

233 5107 451 5175 πονηρὰ
488 5107 633 5160 κατὰ
672 5109 782 5161 τῶν
812 5111 1054 5165 εὐσεϐῶν
1087 5115 1380 5184 ἐμελέτων.
1431 5120 1810 5189 Συκοοραντίαν

231 5194 342 5262 γὰρ
372 5194 648 5263 βάψαντες
670 5199 811 5252 κατὰ
841 5203 938 5254 τοῦ
959 5205 1196 5272 μεγάλου
1220 5207 1482 5261 Μεθοδίου
1512 5214 1812 5284 ἐπειρῶντο

233 5284 542 5339 διαϐάλλειν
567 5288 660 5340 τὸν
689 5291 1060 5363 ἀνεπίληπτον
1107 5298 1202 5350 καὶ
1233 5299 1378 5353 οὓτω
1415 5302 1504 5355 τὸν
1529 5305 1809 5374 ὀρθόδοξον

1935 3383 2264 3452 porticibus,
2305 3383 2519 3438 balneis
2548 3385 2782 3454 aliisque
2810 3387 2875 3438 ad
2903 3385 3281 3440 amoenitatem
3311 3390 3518 3457 paratis

1934 3471 2214 3540 operibus.
2280 3470 2357 3524 lbi
2386 3470 2591 3526 Jannes
2622 3473 2818 3527 crebro
2847 3474 3030 3528 solens
3074 3475 3346 3530 diversari
3374 3477 3513 3530 sub-

1935 3571 2249 3616 terraneum
2289 3563 2565 3632 quoddam
2595 3564 2938 3619 domicilium
2972 3563 3367 3634 Trophoniano
3424 3583 3518 3621 as-

1931 3653 2112 3707 simile
2164 3653 2312 3718 fecit,
2343 3656 2397 3708 in
2458 3656 2619 3722 cujus
2675 3656 2892 3724 postico
2947 3655 3091 3712 fores
3132 3666 3290 3712 erant
3330 3658 3396 3713 ad
3433 3659 3518 3712 in-

1933 3746 2324 3800 tromittendos
2378 3747 2651 3802 homines.
2689 3747 2748 3801 In
2781 3749 2941 3802 istam
2983 3749 3309 3803 sceleratam
3339 3748 3519 3803 ollici-

1933 3847 2058 3886 nam
2129 3835 2293 3888 modo
2351 3837 2652 3890 monachas
2706 3838 2955 3907 aliasque
3035 3839 3278 3909 insignes
3339 3840 3516 3895 fortuna

1935 3925 2196 3980 mulieres
2223 3928 2517 3993 condebat,
2552 3944 2789 3999 cumque
2825 3930 2895 3984 iis
2913 3946 3026 3985 rem
3059 3931 3322 3998 habebat;
3349 3933 3513 3989 modo

1925 4015 2238 4082 jecinorunt
2277 4019 2674 4089 inspectiones,
2715 4021 3088 4076 divinationes
3132 4039 3228 4093 per
3287 4026 3510 4094 pelvim,

1930 4102 2343 4170 praastigiasque
2422 4103 2558 4158 alias
2625 4111 2680 4158 et
2749 4116 3089 4160 mortuorum
3162 4113 3512 4166 evocationes

1928 4194 2223 4246 exercebat
2254 4208 2316 4246 ac
2342 4208 2724 4261 saepenumero
2755 4195 3094 4252 daemonibus
3119 4199 3511 4268 adjuvantibus

1931 4285 2112 4338 futura
2149 4285 2330 4354 aliqua
2365 4285 2713 4354 prazdicebat.
2735 4288 2851 4340 Hoc
2904 4290 3285 4345 suburbanum
3320 4301 3508 4362 postea

1927 4377 2188 4442 temporis
2205 4377 2552 4444 imperatoris
2570 4377 2943 4432 cubicularius
2962 4389 3155 4437 nactus
3175 4384 3295 4437 solo
3313 4399 3500 4453 aequa-

1931 4468 2027 4529 vit,
2064 4469 2572 4537 monasteriumque
2595 4469 2670 4524 ibi
2703 4484 2734 4523 a
2784 4485 2985 4542 magno
3048 4484 3290 4546 martyre
3323 4475 3506 4532 Phoca

1929 4557 2349 4613 denominatum
2388 4561 2660 4616 condidit.

1996 4850 2267 4907 Caeterum
2321 4852 2527 4910 Jaunes
2566 4855 2670 4910 hoc
2723 4871 2833 4924 quo
2896 4857 3008 4912 dixi
3061 4871 3240 4928 pacto,
3276 4860 3507 4931 ejusque

1925 4941 2266 4997 sociieadem
2301 4943 2515 4999 ratione
2541 4945 2766 5012 dejecti,
2807 4961 2916 5000 non
2972 4963 3030 5002 se
3097 4959 3278 5004 tamen
3326 4953 3510 5005 conti-

1924 5043 2166 5088 nuerunt
2217 5035 2346 5102 quin
2369 5047 2421 5090 et
2491 5049 2679 5091 contra
2741 5052 2954 5101 sacras
2987 5040 3248 5109 imagines
3296 5043 3505 5111 aliquid

1925 5123 2105 5179 adhuc
2129 5126 2459 5180 molirentur
2497 5137 2549 5181 et
2571 5128 2675 5196 piis
2732 5129 2959 5182 insidias
3010 5139 3309 5184 struerent.
3370 5132 3497 5197 Quo

1921 5217 2085 5272 modo
2127 5220 2293 5274 etiam
2349 5222 2787 5288 integerrimum,
2825 5220 2992 5292 947
3038 5221 3371 5278 Methodium
3404 5241 3497 5279 ea-

1920 5313 2130 5368 lumnia
2158 5314 2560 5370 circumvenire
2593 5325 2647 5370 et
2674 5333 2818 5372 verte
2866 5317 3142 5388 religionis
3188 5321 3498 5377 cultoribus

1395 5457 1751 5519 KYLANDRI
1781 5467 1868 5520 ET
1899 5469 2113 5526 GOARI
2143 5472 2374 5529 ΝΟΤΛΕ.

298 5562 415 5648 (28)
449 5565 722 5648 Στοιχεῖον
750 5567 1245 5648 .moderna__lingua_
1291 5571 1462 5632 Graeci
1495 5590 1690 5635 vocant
1721 5599 1803 5638 se-

231 5646 436 5718 cretam
470 5644 692 5714 onaturae
739 5638 802 5718 in
840 5638 1160 5718 hominibus
1184 5644 1247 5698 ad
1269 5660 1660 5718 quamcunque
1687 5668 1798 5708 rem

228 5703 658 5791 propensionem
700 5714 756 5786 _et
819 5709 1198 5791 aptitudinem.
1246 5703 1653 5791 frequentius—
1698 5703 1799 5791 pro

227 5773 394 5853 tarvis
413 5787 485 5853 ac
512 5776 757 5853 spectris_
777 5773 940 5832 noctu
975 5785 1363 5850 apparentibus
1390 5773 1465 5842 lac
1489 5773 1682 5846 domos
1699 5773 1800 5848 'in;

227 5841 575 5910 testantibus,
624 5861 689 5902 ac
726 5847 943 5904 demum
977 5841 1074 5921 pro
1110 5857 1265 5910 malis
1295 5841 1798 5933 geniisftii—agorum

1911 5590 2251 5711 strigumque
2274 5592 2576 5662 magistris,
2625 5602 2910 5661 usurpant.
2961 5592 3120 5650 Unde
3155 5613 3492 5668 στοιχειωτιο

1911 5661 1999 5711 κοὶ
2054 5662 2172 5711 όγοι
2203 5664 2366 5711 verba
2408 5673 2538 5711 sunt
2579 5664 2648 5711 ad
2685 5665 3000 5711 huiusmodi
3047 5667 3323 5711 daemones.
3350 5685 3490 5711 ann.

1911 5661 1999 5712 κοὶ
2025 5661 2172 5734 λόγοι
2203 5661 2385 5734 verba
2408 5673 2538 5717 sunt
2579 5664 2648 5717 ad
2684 5665 3001 5734 hujusmodi
3047 5661 3323 5723 daemones
3350 5685 3490 5725 cono

1908 5730 2204 5784 vocandos.
2229 5729 2402 5786 Goan.

1981 5800 2092 5869 (29)
2130 5799 2368 5871 Virgines
2391 5813 2443 5856 et
2469 5812 2652 5871 nupta:
2677 5805 2965 5862 nobiliores
2992 5805 3048 5862 in
3095 5808 3488 5865 secretioribus

1907 5869 2164 5925 thalamis
2196 5869 2502 5928 c‘ustoditze.
2531 5869 2704 5929 Goan.
