4226 6442
747 396 879 461 1031

752 602 942 655 lierent
978 602 1272 672 quamdam
1307 605 1508 671 (mater
1539 621 1602 661 ea
1647 605 1752 659 fuit
1781 604 2179 679 Metroplianis,
2238 615 2328 684 qui

757 704 943 758 postea
1009 692 1258 762 Smyrnae
1314 699 1517 764 praesul
1579 699 1758 754 factus
1801 706 1904 768 est)
1963 704 2136 758 multo
2197 720 2334 759 auro

749 782 1350 854 [adlicitationibusque
1429 796 1745 856 corruptam
1806 791 2136 858 subornant,
2214 811 2335 864 quae

748 880 1008 944 Augustae
1040 883 1096 930 et
1146 877 1496 947 imperatoris
1561 879 1841 934 tutoribus
1879 881 2088 936 diceret
2155 899 2184 937 a
2222 885 2333 940 Me-

753 969 944 1022 ttiodio
975 984 1034 1022 se
1077 985 1202 1024 esse
1263 977 1587 1038 stupratam.
1650 972 1847 1026 Statim
1905 989 2037 1044 ergo
2084 977 2334 1032 terribile

741 1058 881 1127 judit
903 1061 1013 1113 ium
1045 1077 1105 1114 ex
1137 1061 1397 1116 civilibus
1427 1071 1482 1116 et
1512 1065 1745 1119 sacratis
1780 1065 2093 1121 hominibus
2118 1071 2334 1137 cogitur

754 1154 1070 1206 cont-ilium.
1116 1157 1314 1207 Astant
1358 1156 1462 1223 pii,
1528 1159 1804 1211 mmstitia:
1825 1175 1888 1212 ac
1909 1160 2114 1214 doloris
2136 1161 2280 1230 pleni
2316 1182 2328 1217 :

746 1259 854 1297 ιιοιι
890 1246 1088 1298 absunt
1113 1246 1290 1313 impii,
1317 1245 1715 1302 dedecusliaud
1750 1251 2008 1320 exiguum
2026 1266 2086 1306 ea
2111 1257 2332 1309 actione

753 1338 1106 1390 conciliatum
1151 1337 1216 1390 iri
1237 1340 1450 1406 piorum
1482 1342 1651 1394 coetui
1712 1352 2022 1410 sperantes.
2060 1342 2335 1400 Prodennt

752 1430 1187 1482 calumniatores
1210 1431 1409 1483 animis
1443 1430 1637 1494 inflati,
1708 1433 1854 1501 quod
1919 1435 2131 1490 crimen
2184 1438 2235 1491 id
2277 1439 2329 1492 in

745 1533 1000 1591 promptu
1052 1522 1255 1576 habere
1324 1523 1684 1591 probationes
1750 1526 2006 1591 ﬁderent,
2061 1529 2330 1600 producta

748 1613 802 1666 in
840 1615 1076 1666 medium
1138 1614 1484 1680 muliercula,
1525 1633 1649 1686 qua:
1708 1621 2015 1688 composito
2055 1622 2333 1688 judicibus

744 1720 858 1757 rem
891 1713 1157 1759 narraret.
1195 1704 1416 1760 Judices
1446 1717 1498 1760 et
1525 1709 1796 1776 praecipue
1846 1708 2154 1774 Manuelus,
2187 1712 2331 1766 tristi

743 1797 895 1850 vultu
957 1798 1240 1854 assident.
1306 1798 1530 1867 indigne
1583 1798 1822 1855 ferentes
1882 1803 2045 1857 unius
2095 1802 2332 1859 hominis

747 1888 912 1955 culpa
950 1897 1153 1941 emtum
1186 1888 1400 1955 piorum
1434 1865 1496 1941 in
1529 1889 1832 1957 periculum
1871 1892 2090 1947 ludibrii
2123 1895 2328 1950 venire.
2366 1865 2405 1919 Β

747 1979 878 2042 Qua:
909 1981 1093 2031 omnia
1134 1981 1380 2034 sentiens
1418 1979 1753 2047 Methodius,
1788 1993 1848 2038 nt
1881 1994 1935 2039 et
1960 2002 2084 2054 spes
2124 1989 2332 2057 impio-

749 2086 868 2123 rum
900 2079 950 2123 et
991 2071 1208 2140 piorum
1266 2071 1649 2141 aegritudinem
1682 2075 1925 2129 aboleret
1954 2091 2131 2145 neque
2155 2080 2333 2132 eccle-

752 2163 846 2216 siae
882 2163 1018 2230 lapis
1045 2161 1368 2216 offensionis
1403 2173 1569 2227 esset,
1609 2166 1742 2219 nihil
1777 2167 2183 2222 multitudinem
2241 2185 2330 2223 re-

747 2254 959 2306 veritus
1012 2254 1176 2306 homo
1214 2256 1359 2308 omni
1412 2257 1722 2309 reverentia
1779 2270 1945 2328 atque
2001 2259 2210 2314 honore
2254 2263 2334 2315 di-

749 2347 1068 2413 gnissimus.
1105 2347 1154 2397 in
1186 2355 1482 2413 touspectn
1515 2348 1762 2401 omnium
1793 2351 2046 2418 pudenda
2083 2352 2331 2417 nudavit,

747 2453 869 2507 qua?
922 2453 1083 2491 nemo
1120 2455 1226 2490 non
1259 2439 1692 2493 videbatmorLo
1729 2443 1964 2509 quodam
1998 2446 2336 2500 emarcuisse

750 2533 1010 2597 omnique
1037 2531 1277 2583 naturali
1317 2532 1364 2582 vi
1392 2545 1517 2585 esse
1567 2534 1802 2600 privata.
1829 2533 2046 2590 Pudore
2107 2538 2209 2592 hoc
2253 2538 2334 2591 fa-

749 2631 898 2675 etum
929 2621 1166 2688 opplevit
1207 2621 1634 2676 calumniatores
1667 2630 1719 2676 et
1788 2625 1950 2678 malis
2005 2628 2332 2694 gaudentes,

749 2713 869 2782 pios
901 2720 1084 2764 antem
1115 2713 1297 2763 la'titia
1329 2728 1339 2761 :
1372 2710 1540 2781 948
1589 2714 1681 2782 qui
1742 2714 1946 2782 ingenti
1972 2730 2098 2769 cum
2131 2719 2335 2788 gaudio

752 2805 1089 2858 Methodium
1120 2804 1402 2871 cingentes
1435 2805 1750 2858 salutabant
1818 2817 1982 2875 atque
2037 2810 2335 2877 amplecte-

751 2895 970 2957 bantur,
1011 2910 1187 2962 ncque
1230 2895 1506 2948 habebant
1541 2912 1651 2964 quo
1685 2896 1844 2951 modo
1894 2898 2160 2968 voluptati
2225 2918 2336 2957 suae

753 2987 1164 3041 satisfacerent.
1201 2986 1265 3038 Et
1301 2987 1525 3055 quidam
1558 2989 1625 3041 de
1653 2988 1966 3044 notioribus
1993 2991 2208 3059 placide
2239 3011 2334 3063 ag-

749 3093 974 3148 gressus
1026 3094 1088 3130 ex
1118 3078 1729 3146 eoquzesivitquonam
1778 3081 1942 3136 modo
1980 3083 2163 3136 virilia
2213 3086 2334 3140 e‘us

750 3171 826 3223 ita
861 3170 1284 3222 emarcuisseut.
1338 3168 1438 3221 Cui
1478 3169 1523 3223 is
1585 3185 1701 3223 rem
1756 3178 1926 3225 totam
1974 3186 2003 3224 a
2060 3175 2336 3245 principio

752 3261 1018 3316 narravit.
1061 3264 1150 3322 Se.
1187 3277 1308 3315 cum
1388 3259 1571 3315 Romm
1610 3262 1851 3333 degeret,
1895 3266 2096 3322 missus
2157 3282 2220 3322 eo
2265 3268 2332 3322 ad

753 3367 949 3420 papam
1010 3351 1080 3404 ob
1137 3350 1405 3405 intentata
1464 3349 1776 3420 Nicephoro
1830 3356 2182 3411 sanctissimo
2238 3373 2334 3426 pa-

750 3448 1014 3499 triarcha:
1041 3445 1296 3510 crimina,
1338 3455 1594 3497 vexatum
1618 3443 1793 3498 fuisse
1815 3459 1844 3497 a
1867 3447 2054 3502 carnis
2087 3449 2336 3503 studioso

754 3540 902 3590 malo
959 3538 1147 3605 genio.
1210 3538 1330 3590 sine
1382 3535 1790 3590 intermissione
1857 3537 1977 3591 dies
2033 3548 2335 3609 noctesque

755 3627 936 3697 ipsum
964 3627 1222 3679 titillante
1251 3633 1304 3678 et
1329 3624 1404 3677 rei
1434 3623 1692 3679 Veneres:
1719 3626 2015 3693 appetitum
2038 3631 2334 3683 excitante.

755 3719 943 3787 Itaque
991 3732 1052 3772 se
1086 3716 1367 3770 ardentem
1401 3730 1464 3770 ea
1523 3713 1844 3784 Cupiditate,
1879 3732 1941 3770 ac
1969 3727 2181 3773 tantum
2228 3737 2336 3777 non

756 3813 803 3866 ei
838 3810 1316 3870 succumbentcm,
1358 3807 1520 3863 Petro
1538 3809 1910 3875 apostolorum
1947 3811 2180 3882 principi
2209 3827 2338 3868 sese

759 3905 961 3958 dedere
1005 3903 1286 3962 statuisse,
1327 3901 1625 3969 multisque
1674 3901 1742 3955 ab
1773 3916 1838 3957 eo
1889 3903 2145 3972 precibus
2202 3919 2338 3959 con-

759 3997 1004 4051 tendisse
1065 3996 1142 4048 uti
1167 3995 1473 4048 selibidine
1515 3995 1615 4048 ista
1656 3994 1930 4048 liberaret.
1964 3995 2122 4051 Hunc
2175 4009 2340 4052 noctu

760 4088 1025 4148 astitisse,
1079 4101 1144 4140 ac
1175 4086 1356 4139 virilia
1411 4100 1510 4139 sua
1573 4100 1736 4140 manu
1783 4087 1974 4140 dextra
2025 4098 2339 4159 tangentem

759 4178 1154 4241 combussisse,
1184 4179 1458 4246 simulque
1480 4175 1682 4231 dixisse
1713 4179 1852 4232 nihil
1901 4196 2022 4234 esse
2083 4181 2228 4248 quod
2288 4181 2343 4233 in

761 4279 1044 4337 posterum
1079 4270 1185 4323 sibi
1217 4271 1285 4322 ah
1313 4271 1418 4322 ista
1462 4279 1729 4325 metueret
1757 4272 2058 4342 voluptatis
2082 4273 2346 4340 concupi-

761 4365 994 4417 scentia.
1042 4361 1111 4415 Se
1135 4363 1206 4416 ob
1228 4362 1608 4418 vehementem
1633 4363 1878 4418 dolorem
1915 4377 2115 4417 somno
2148 4378 2346 4417 excus-

761 4471 884 4508 sutn
920 4456 1086 4508 talem
1125 4463 1405 4523 repertum
1453 4455 1625 4510 fuisse
1651 4457 1868 4524 qualem
1891 4455 1991 4524 ipsi
2048 4455 2341 4508 vidissent.

2081 408 2397 470 GEORGII
2445 414 2775 477 CEDRENI

747 515 996 567 dolorem
1034 511 1228 568 afferre
1256 514 1440 568 conati
1478 527 1628 570 sunt.
1677 514 1785 570 Res
1835 531 1895 570 ea
1927 518 2000 572 ita
2024 532 2164 576 acta.
2201 522 2316 576 Mu-

2442 531 2662 598 ιυττῆσαι
2704 534 2849 585 λαόν.
2910 535 3024 601 Χρυ

3881 433 4021 501 1032

3038 538 3147 589 σίου
3206 540 3310 611 γὰρ
3339 540 3533 596 πολλοῦ
3573 545 4022 615 ὑποφθείραντές

2436 635 2557 672 τινα
2616 626 2851 689 γυναῖκα
2920 629 3012 678 καί
3071 630 3452 701 ὑποσχέσεσιν,
3510 637 3558 688 εί
3605 641 3766 705 μόνον
3814 639 4024 704 τούτοις

2438 717 2742 783 συμφήσειε
2800 717 3009 787 (μήτηρ
3051 719 3107 772 δὲ
3157 722 3217 774 τὸ
3251 724 3472 789 γύναιον
3522 722 3591 797 ἦν
3626 729 4024 799 Μητροφάνους

2435 801 2527 853 τοῦ
2567 805 2862 870 μετέπειτα
2918 808 3174 879 Σμύρνης
3218 814 3731 886 προεδρεύσαντος),
3771 821 4020 873 πείθουσι

2435 897 2717 948 κατειπεῖν
2748 896 2839 950 τοῦ
2874 898 3030 966 ἁγίου
3067 903 3204 971 πρός
3236 921 3295 957 τε
3320 906 3420 976 τὴν
3449 907 3741 961 δέσποιναν
3767 913 3862 962 καὶ
3893 914 4020 976 τοὺς

2435 985 2762 1056 ἐπιτρόπους
2791 989 2882 1042 τοῦ
2911 989 3176 1060 βασιλέως
3200 996 3274 1060 ὼς
3303 996 3388 1067 εἴη
3431 999 3568 1070 αὐτῇ
3600 1002 4018 1070 πεπλησιακώς.

2436 1077 2593 1145 Βῆμα
2622 1079 2755 1142 γοῦν
2790 1082 2992 1145 εὐθέως
3039 1086 3241 1156 φρίκης
3274 1089 3471 1156 μεστὸν
3496 1092 3560 1142 ὲκ
3594 1093 3888 1146 πολιτικῶν
3923 1095 4019 1146 καὶ

2437 1169 2596 1239 ἱερῶν
2633 1171 2843 1243 ἀνδρῶν
2870 1179 3358 1247 συγκροτούμενον.
3395 1182 3658 1252 Παρῆσαν
3687 1187 3735 1238 οἱ
3777 1185 4021 1248 εὐσεϐεῖς

2435 1263 2746 1332 κατηφείας
2797 1269 2891 1318 καὶ
2938 1267 3114 1336 λύπης
3173 1273 3622 1343 πεπληρωμένοι,
3660 1276 3762 1328 οὐκ
3800 1279 4022 1346 ἀπῆσαν

2435 1353 2483 1403 οἱ
2537 1352 2754 1416 ἀσεϐεῖς
2812 1357 3004 1425 μῶμον
3031 1361 3092 1412 ἐκ
3138 1361 3236 1430 τῆς
3278 1365 3530 1433 πράξεως
3569 1366 3629 1418 οὐ
3664 1368 3757 1418 τόν
3786 1371 4022 1436 τυχόντα

2438 1442 2530 1514 [Ρ.
2564 1446 2690 1519 538]
2726 1454 3128 1521 προστριϐἦναι
3155 1459 3218 1523 τῇ
3251 1457 3359 1508 τῶν
3389 1458 3684 1527 ὀρθοδνΞξων
3721 1463 4024 1534 Ἐκκλησία

2432 1534 2690 1599 οἰόμενοι.
2728 1539 2987 1610 Παρῆσαν
3015 1545 3062 1594 οἱ
3120 1546 3454 1614 συκοφάνται
3493 1549 3638 1617 μέγα
3697 1553 4023 1619 φρονοῦντες

2434 1626 2530 1695 ὡς.
2561 1631 2702 1696 τάχα
2752 1633 2850 1700 τῆς
2902 1637 3239 1704 κατηγορίας
3279 1638 3570 1708 πρόχειρον
3629 1641 3863 1711 ἐχούσης
3926 1644 4024 1695 τὸν

2435 1719 2672 1788 ἔλεγχον.
2714 1723 2969 1792 Παρῆγον
2999 1727 3076 1787 είς
3112 1725 3276 1795 μέσον
3313 1729 3374 1782 τὸ
3419 1730 3657 1797 γύναιον,
3707 1734 3800 1784 καὶ
3837 1735 3873 1786 ἃ
3915 1735 4026 1786 ἐδι-

2434 1807 2604 1877 δάχθη
2641 1813 2754 1873 τοῖς
2785 1811 3096 1877 δικάζουσιν
3140 1816 3501 1884 ἐθριάμϐευεν
3529 1819 3664 1890 (50).
3715 1822 4023 1893 Ἐσκυθρω-

2436 1899 2610 1963 παζον
2636 1902 2684 1953 oi
2709 1902 2980 1965 δικασταὶ,
3021 1908 3239 1960 καὶτῶν
3268 1908 3443 1962 ἄλλων
3477 1912 3638 1964 πλέον
3657 1915 3684 1966 ὁ
3719 1915 4024 1986 μάγιστρος

2437 1992 2713 2062 Μανουὴλ,
2747 1995 2795 2046 εἱ
2842 1994 2909 2047 δι’
2942 1997 3060 2060 ἐνὸς
3087 1999 3378 2070 ἀνθρώπου
3431 2005 3768 2058 κινδυνεύσει
3807 2008 3868 2060 τὸ
3908 2008 4022 2060 τῶν

2437 2083 2737 2153 ὀρθοδόξων
2771 2088 3043 2156 πλήρωμα
3073 2091 3246 2157 γέλως
3279 2095 3531 2160 γενέσθαι
3563 2101 3673 2159 τοῖς
3699 2100 4025 2161 ἀντιθέτοις.

2437 2176 2656 2229 Τούτων
2698 2179 2916 2233 πάντων
2947 2183 3344 2252 ἐπαισθόμενος
3368 2188 3394 2238 ὁ
3423 2187 3564 2255 ἱερὸς
3592 2189 3852 2253 Μεθόδιος
3875 2233 3888 2251 ,
3928 2194 4028 2245 καὶ

2435 2271 2562 2331 τοὺς
2596 2268 2696 2338 μὲν
2722 2271 2944 2334 ἀσεϐεῖς
2984 2275 3089 2326 τῶν
3121 2276 3353 2330 ἐλπίδων
3386 2283 3721 2348 μεταστῆσαι
3761 2281 4024 2351 βουλόμε-

2438 2373 2549 2418 νος,
2595 2357 2721 2420 τοὺς
2759 2358 2804 2410 δ’
2865 2360 3109 2426 εὐσεϐεῖς
3168 2365 3472 2430 ἀπαλλάξαι
3526 2368 3626 2437 τῆς
3684 2373 4028 2441 κατεχούσης

2441 2447 2782 2518 βαρυθυμίας
2821 2453 2916 2504 καὶ
2967 2456 3033 2524 τῇ
3090 2455 3388 2527 Ἐκκλησία
3436 2461 3511 2527 μὴ
3564 2461 3711 2523 λίθος
3759 2462 4028 2527 γενέσθαι

2439 2543 2891 2610 προσκόμματος,
2955 2547 3120 2614 μηδὲν
3164 2549 3253 2599 τδν
3305 2549 3463 2619 ὄχλον
3529 2552 4027 2624 ὑποστειλάμενος,

2439 2633 2875 2703 ἀποσεισάμενος
2910 2639 3009 2709 τὴν
3065 2641 3336 2711 ἀναϐολὴν
3378 2645 3464 2695 ἐπ’
3513 2645 3632 2712 ὄψει
3663 2646 3884 2698 πάντων
3917 2649 4030 2700 τῶν

2440 2727 2731 2792 θεωμένων
2763 2729 3075 2798 ἀπογυμνοῖ
3103 2734 3170 2785 τὰ
3219 2735 3394 2786 αἰδοῖα
3429 2737 3456 2787 ὁ
3491 2737 3675 2805 πάσης
3716 2739 3899 2802 αἰδοῦς
3933 2745 4032 2793 καὶ

2437 2817 2604 2884 τιμῆς
2635 2817 2802 2880 δντως
2829 2819 2999 2884 ἄξιος.
3034 2824 3144 2875 Καὶ
3180 2824 3353 2892 ἐφάνη
3387 2829 3500 2888 τοῖς
3541 2829 3674 2878 πᾶσι
3701 2828 3874 2880 ταῦτα
3933 2848 4037 2898 με-

2443 2909 2775 2978 μαρασμένα
2812 2911 2920 2963 ἀπό
2973 2929 3118 2976 τινος
3146 2915 3304 2967 νόσου
3355 2917 3450 2968 καὶ
3490 2917 3586 2985 τῆς
3620 2917 3859 2986 φυσικῆς
3888 2937 4035 2971 παν-

2437 3002 2673 3051 τάπασιν
2703 3003 2986 3071 ἐνεργείας
3013 3004 3238 3074 ἄμοιρα.
3270 3007 3539 3074 Αἰσχύνης
3566 3008 3624 3060 τὸ
3652 3013 4034 3078 πρίγματοδς

2438 3090 2800 3159 χαιρεκάκους
2831 3093 3096 3163 ἐνέπλησε
3127 3097 3220 3147 καὶ
3259 3099 3387 3158 τοὺς
3420 3101 3787 3165 συκοςάντας.
3831 3107 4035 3173 εὖφρο-

2364 3197 2408 3255 c
2444 3184 2608 3250 σύνης
2627 3184 2670 3233 δ’
2705 3185 2786 3236 ὅτι
2811 3186 3011 3254 πολλῆς
3031 3188 3122 3239 καὶ
3154 3188 3422 3256 θυμηδίας
3466 3191 3594 3253 τοὺς
3627 3191 3892 3256 εὐσεϐεῖς.
3922 3197 4037 3248 Καὶ

2444 3274 2830 3343 περιλαϐόντες
2868 3278 3028 3328 αὐτὸν
3053 3278 3169 3345 μεθ’
3203 3277 3646 3348 ὑπερϐαλλούσης
3671 3286 4038 3350 περιχαρείας

2444 3367 2886 3434 κατησπάζοντο,
2941 3368 3386 3437 περιεπλέκοντο,
3424 3371 3526 3422 οὐκ
3571 3368 3714 3439 εἶχον
3751 3374 3899 3436 ὅπως
3956 3377 4038 3443 τῷ

2451 3455 2648 3525 πλήθει
2684 3457 2996 3526 χρήσωνται
3027 3460 3127 3526 τῆς
3162 3462 3356 3528 χαρᾶς.
3399 3463 3505 3514 Καί
3541 3479 3625 3525 τις
3653 3473 3763 3514 στί-ἰν
3797 3483 4038 3533 γνησιωο

2446 3546 2620 3614 τέρων
2657 3549 2970 3615 προσελθὼν
3019 3552 3202 3621 ἡρέμα
3237 3552 3501 3621 ἐπηρώτα
3532 3554 3624 3606 τὸν
3657 3560 4036 3628 πατριάρχηυ,

2443 3640 2534 3691 τὸν
2560 3640 2759 3707 τρόπον
2789 3640 2982 3709 μαθεῖν
3043 3642 3244 3696 ἐθέλων
3300 3645 3394 3696 τοῦ
3437 3647 3731 3715 μαρασμοῦ
3766 3649 3878 3700 τῶν
3938 3669 4036 3718 μο-

2450 3732 2600 3799 ρΐων.
2659 3730 2967 3783 Ἀναλαϐὼν
3011 3731 3066 3784 δὲ
3125 3727 3279 3797 οὗτος
3311 3735 3554 3804 διηγεῖτο
3596 3739 3802 3790 ἄνωθεν
3840 3742 3938 3793 καὶ
3978 3742 4036 3806 ἐξ

2447 3818 2643 3886 ἀρχῆς,
2675 3819 2864 3888 ὅτιπερ
2901 3820 2988 3872 Ἑν
3027 3818 3210 3891 Ῥώμῃ
3242 3825 3518 3891 πεμφθεὶς
3549 3827 3687 3896 πρὸς
3711 3827 3804 3879 τὸν
3845 3831 4041 3884 πάπαν

2447 3905 2533 3958 διά
2563 3905 2662 3965 τὰς
2692 3906 2834 3957 κατὰ
2860 3907 3176 3978 Νικγιςρόρου
3209 3910 3304 3963 τοῦ
3339 3912 3647 3978 άγιωτάτου
3681 3919 4041 3986 πατριάρχου

2449 3995 2841 4066 ἀνεγερθείσας
2857 4000 3177 4064 ἐπαγωγὰς,
3205 4001 3428 4052 κάκεῖσε
3459 4002 3683 4067 διάγων,
3712 4005 4043 4076 ἠνωχλήθην

2451 4088 2557 4142 ὑπὸ
2586 4089 2678 4140 τοῦ
2707 4086 3035 4158 φιὶῖοσάρκου
3065 4091 3340 4159 δαίμονος,
3365 4093 3422 4154 ὃς
3447 4094 3546 4145 οὐκ
3577 4096 3792 4148 ἐνέλιπε
3817 4100 4045 4169 νύκτωρ

2453 4180 2547 4231 καὶ
2577 4179 2694 4246 μεθ’
2727 4179 2939 4249 ἡμέραν
2966 4182 3317 4250 γαργαρίξων
3350 4183 3445 4234 καὶ
3481 4184 3678 4252 μίξεως
3706 4205 3799 4256 μοι
3836 4207 4044 4260 σαρκε-

2453 4269 2556 4336 κῆς
2590 4269 2862 4321 ἀνακινῶν
2918 4269 3147 4338 ἔρωτας.
3181 4272 3645 4342 Ἀναφλεγόμενος
3666 4277 3722 4330 δὲ
3748 4279 3827 4347 τῷ
3855 4283 4047 4349 πάθει⁹

2453 4360 2524 4420 ὡς
2554 4359 2655 4428 ἤδη
2690 4361 2785 4410 καὶ
2827 4360 3152 4427 ἡττώμενος,
3198 4362 3369 4427 ἐγνων
3411 4364 3603 4433 Πέτρῳ
3641 4367 3720 4436 τῷ
3755 4374 4047 4441 κορυςαξῳ

2454 4449 2562 4500 τῶν
2635 4449 2950 4500 ἀποστόλων
2999 4450 3296 4504 ἀναθέσθαι
3359 4456 3638 4522 ἐμαυτὸν,
3694 4462 3788 4511 καὶ
3852 4463 4048 4515 τοῦτον

763 4545 888 4600 llaec
961 4560 1086 4599 cum
1160 4547 1232 4597 ita
1294 4555 1574 4599 narrasset
1635 4546 1986 4616 patriarcha,
2058 4545 2340 4601 Manuelus

2457 4539 2811 4609 ἐξελιπάρουν
2838 4541 3146 4606 ἀπαλλάξαι
3199 4560 3266 4611 με
3325 4545 3425 4611 τῆς
3471 4549 3795 4616 σωματικῆς
3829 4553 4046 4624 ταύτης

764 4636 1169 4689 intolerabilem
1219 4635 1360 4686 hanc
1393 4633 1642 4688 fraudem
1697 4635 1952 4688 indicans
1973 4634 2167 4688 statuit
2229 4651 2346 4686 mn-

766 4725 1048 4778 lierculam
1083 4723 1480 4790 quaestionibus
1513 4723 1801 4787 adhibere,
1862 4736 1921 4776 ut
1976 4740 2098 4792 qua:
2153 4725 2346 4778 fuisset

767 4815 878 4870 doli
938 4815 1197 4868 nectendi
1234 4814 1372 4866 ratio
1423 4814 1770 4883 intelligeret.
1818 4815 2014 4870 Statim
2069 4831 2198 4883 ergo
2237 4817 2350 4884 gla-

766 4907 893 4959 dius
945 4904 1258 4971 stringitur,
1317 4905 1486 4972 virgte
1535 4904 1646 4973 igni
1697 4906 1995 4960 candentes
2026 4907 2348 4970 afferuntur,

771 4995 1176 5063 carnificesque
1240 4994 1414 5062 parati
1467 5003 1651 5047 astant
1714 5011 1727 5047 :
1792 4996 1995 5064 quibus
2045 4997 2232 5052 infelix
2289 5015 2350 5054 ea

771 5089 960 5142 territa
987 5088 1064 5139 rei
1093 5086 1376 5140 veritatem
1409 5085 1575 5156 949
1599 5087 1772 5154 palam
1815 5088 2038 5154 fatetur,
2081 5107 2192 5160 quo
2255 5107 2348 5160 pa-
2376 5133 2379 5136 ‹

774 5188 865 5232 cto
897 5185 1124 5232 structa:
1156 5177 1391 5241 insidiae,
1442 5188 1611 5246 utque
1669 5192 1806 5233 auro
1854 5190 1906 5233 et
1943 5181 2352 5248 pollicitationi-

772 5268 872 5322 bus
905 5275 1162 5336 corrupta
1197 5275 1252 5321 et
1279 5266 1505 5335 decepta
1538 5268 1725 5333 fuerit,
1758 5272 1848 5338 qui
1905 5274 2200 5328 commenti
2251 5289 2354 5326 au-

773 5366 995 5415 ctores:
1056 5360 1294 5430 denique
1342 5371 1509 5413 totam
1560 5359 1796 5414 fabulam
1852 5362 2038 5428 refert,
2096 5365 2356 5430 additque

774 5450 920 5505 domi
949 5465 1061 5505 suae
1089 5467 1281 5505 aurum
1324 5453 1375 5505 in
1408 5451 1627 5505 sacculo
1673 5463 1947 5523 repertum
2001 5457 2067 5509 iri
2117 5458 2349 5526 quadam

775 5541 831 5598 in
866 5543 1051 5599 arcula
1092 5542 1344 5598 fruu'enti
1379 5544 1563 5612 plena.
1597 5542 1662 5597 Et
1701 5547 1906 5601 missus
1951 5562 2015 5601 eo
2045 5551 2347 5603 satellitum

2453 4631 2707 4701 ὀρέξεως.
2765 4631 2876 4683 Καὶ
2931 4633 3024 4684 τὸν
3076 4635 3378 4687 ἐπιστάντα
3425 4637 3625 4699 νυκτὸς
3674 4639 3925 4706 ἅψασθαι
3974 4648 4042 4714 τῇ

2455 4722 2603 4792 δεξιᾷ
2638 4723 2781 4791 χειρὶ
2807 4723 2914 4774 τῶν
2947 4723 3161 4776 αἰδοίων
3192 4726 3284 4777 καὶ
3313 4729 3697 4796 καταπρῆσαι,
3731 4731 4048 4787 ἐπειπόντα

2456 4814 2548 4866 τοῦ
2613 4813 2805 4866 λοιποῦ
2872 4813 2948 4884 μὴ
3007 4815 3291 4868 πτοεῖσθαι
3335 4817 3433 4885 τὴν
3485 4820 3770 4886 φιλήδονον
3834 4825 4048 4891 ὄρεξιν.

2455 4905 2799 4966 Διυπνισθεὶς
2850 4905 2907 4956 δὲ
2966 4907 3104 4973 μετὰ
3159 4907 3395 4974 σφοδρᾶς
3452 4909 3749 4978 ἀλγηδόνος
3806 4913 4051 4983 εὑρέθη-δ

2456 4998 2597 5065 ἔχων
2612 4996 2688 5058 ὡς
2719 4997 3048 5052 ἐθεάσασθε.
3079 4996 3266 5049 Ταῦτα
3281 4999 3373 5051 τοῦ
3393 5001 3732 5069 πατριάρχου
3765 5004 4046 5069 εἰπόντος,

2456 5089 2555 5142 οὐκ
2586 5089 2884 5157 ἀνάσχετον
2914 5091 2942 5141 ὁ
2972 5089 3231 5158 Μανουὴλ
3255 5089 3485 5158 νομίσας
3517 5092 3578 5142 τδ
3599 5094 3854 5162 τύρευμα
3901 5097 4051 5163 ιγνω

2455 5180 2699 5245 ἐξετάσει
2728 5180 2952 5247 δοθῆναι
2986 5180 3046 5231 τὸ
3070 5179 3297 5247 γύναιον
3328 5181 3413 5249 ἐφ’
3469 5175 3514 5249 ᾧ
3549 5182 3894 5254 διασαφῆσαι
3947 5191 4050 5257 civ

2460 5273 2936 5342 μηχανορραφίαν.
2986 5272 3150 5340 Ξίφος
3199 5289 3258 5324 τε
3292 5268 3386 5326 οὖν
3419 5273 3584 5336 εὐθὺς
3643 5276 3820 5346 τούτῳ
3861 5279 4043 5332 ἐπανο

2458 5366 2692 5416 ετείνετο
2718 5366 2811 5416 καὶ
2845 5363 3028 5432 ῥάϐδοι
3066 5364 3383 5431 ἐκομίζοντο
3414 5366 3799 5436 ηκανθωμέναι
3828 5409 3842 5426 ,
3871 5372 3970 5422 καὶ
4000 5374 4049 5422 οἱ

2458 5455 2644 5524 δήμιοι
2703 5457 3172 5526 παρειστήκεισαν
3208 5457 3516 5525 εὐτρεπεῖς.
3564 5453 3660 5521 Οἷς
3707 5459 4054 5529 ἐκδειματω-

2463 5547 2618 5600 θεῖσα
2663 5549 2696 5616 ἡ
2731 5547 2993 5616 δύστηνος
3030 5547 3246 5618 τίθησιν
3282 5549 3558 5601 ἔκπυστον
3591 5550 3692 5621 τὴν
3751 5550 4046 5621 ἀληθειαν,

1936 5660 2287 5716 XYLANDRI
2325 5662 2410 5716 ΕΤ
2443 5662 2657 5718 ϐΟΑΒΙ
2685 5660 2912 5716 ΝΟΤίΕ,

849 5749 963 5824 (δῦ.)
996 5749 1278 5821 Manifesta
1327 5755 1601 5824 impudens
1673 5754 1990 5808 muliercula
2021 5759 2071 5810 iu
2121 5761 2354 5812 omnium

779 5821 966 5874 auditu
1013 5825 1244 5878 criminis
1291 5821 1570 5893 infantiam
1597 5826 1890 5894 erulgufvat.
1932 5825 2168 5882 Lt-xicun
2220 5845 2354 5884 ano-

2465 5773 2688 5882 réymnm
2741 5759 2870 5812 bibl.
2901 5757 3034 5829 Reg.
3073 5775 3083 5807 :
3119 5757 3470 5829 Θριαμϐεύω,
3530 5760 3834 5830 κατάδηλον
3888 5759 4047 5816 ποτε).

2512 5843 2639 5881 om.

2512 5843 2639 5881 0A3.
