  <div class='ocr_page' id='page_1' title='image "/cluster/home/n/w/nwhite01/storage/ocr_20150623/121/nnc1.0046980032/533.png"; bbox 0 0 4226 6442; ppageno 0'>
   <div class='ocr_carea' id='block_1_1' title="bbox 645 341 779 408">
    <p class='ocr_par' dir='ltr' id='par_1_1' title="bbox 645 341 779 408">
     <span class='ocr_line' id='line_1_1' title="bbox 645 341 779 408; baseline -0.022 0"><span class='ocrx_word' id='word_1_1' title='bbox 645 341 779 408; x_wconf 80' lang='grc'><strong>1051</strong></span> 
     </span>
    </p>
   </div>
   <div class='ocr_carea' id='block_1_2' title="bbox 1914 354 2617 418">
    <p class='ocr_par' dir='ltr' id='par_1_2' title="bbox 1914 354 2617 418">
     <span class='ocr_line' id='line_1_2' title="bbox 1914 354 2617 418; baseline 0.003 -3"><span class='ocrx_word' id='word_1_2' title='bbox 1914 354 2234 416; x_wconf 75' lang='lat' dir='ltr'><strong>GEORGII</strong></span> <span class='ocrx_word' id='word_1_3' title='bbox 2278 357 2617 418; x_wconf 75' lang='lat' dir='ltr'><strong>CEDRENl</strong></span> 
     </span>
    </p>
   </div>
   <div class='ocr_carea' id='block_1_3' title="bbox 3786 356 3927 420">
    <p class='ocr_par' dir='ltr' id='par_1_3' title="bbox 3786 356 3927 420">
     <span class='ocr_line' id='line_1_3' title="bbox 3786 356 3927 420; baseline 0.028 -4"><span class='ocrx_word' id='word_1_4' title='bbox 3786 356 3927 420; x_wconf 73' lang='lat'><strong>1052</strong></span> 
     </span>
    </p>
   </div>
   <div class='ocr_carea' id='block_1_4' title="bbox 635 458 2258 542">
    <p class='ocr_par' dir='ltr' id='par_1_4' title="bbox 635 458 2226 539">
     <span class='ocr_line' id='line_1_4' title="bbox 635 458 2226 539; baseline 0.008 -26"><span class='ocrx_word' id='word_1_5' title='bbox 635 458 844 528; x_wconf 70' lang='grc' dir='ltr'>ευριιίαι</span> <span class='ocrx_word' id='word_1_6' title='bbox 873 458 944 515; x_wconf 86' lang='lat' dir='ltr'><strong>ad</strong></span> <span class='ocrx_word' id='word_1_7' title='bbox 997 460 1170 531; x_wconf 83' lang='lat' dir='ltr'><strong>ipsam</strong></span> <span class='ocrx_word' id='word_1_8' title='bbox 1209 463 1411 535; x_wconf 73' lang='lat' dir='ltr'><strong>regiam</strong></span> <span class='ocrx_word' id='word_1_9' title='bbox 1449 463 1504 519; x_wconf 93' lang='lat' dir='ltr'><strong>in</strong></span> <span class='ocrx_word' id='word_1_10' title='bbox 1548 463 1864 537; x_wconf 81' lang='lat' dir='ltr'><strong>Magaaura.</strong></span> <span class='ocrx_word' id='word_1_11' title='bbox 1915 468 2106 539; x_wconf 83' lang='lat' dir='ltr'><strong>Itaque</strong></span> <span class='ocrx_word' id='word_1_12' title='bbox 2162 486 2226 525; x_wconf 77' lang='lat' dir='ltr'><strong>ex</strong></span> 
     </span>
    </p>
   </div>
   <div class='ocr_carea' id='block_1_5' title="bbox 2365 458 3925 542">
    <p class='ocr_par' dir='ltr' id='par_1_5' title="bbox 2365 468 3925 541">
     <span class='ocr_line' id='line_1_5' title="bbox 2365 468 3925 541; baseline 0 -18"><span class='ocrx_word' id='word_1_13' title='bbox 2365 469 2585 524; x_wconf 85' lang='grc' dir='ltr'>ασίλεια</span> <span class='ocrx_word' id='word_1_14' title='bbox 2643 470 2702 524; x_wconf 84' lang='grc' dir='ltr'><strong>ἐν</strong></span> <span class='ocrx_word' id='word_1_15' title='bbox 2752 472 2816 541; x_wconf 80' lang='grc' dir='ltr'>τῇ</span> <span class='ocrx_word' id='word_1_16' title='bbox 2879 469 3190 539; x_wconf 77' lang='grc' dir='ltr'>Μαγναύρα</span> <span class='ocrx_word' id='word_1_17' title='bbox 3256 468 3548 532; x_wconf 76' lang='grc' dir='ltr'>καὶοῦτως</span> <span class='ocrx_word' id='word_1_18' title='bbox 3603 468 3663 533; x_wconf 84' lang='grc' dir='ltr'>ἐξ</span> <span class='ocrx_word' id='word_1_19' title='bbox 3710 469 3925 523; x_wconf 85' lang='grc' dir='ltr'>ἐκείνου</span> 
     </span>
    </p>
   </div>
   <div class='ocr_carea' id='block_1_6' title="bbox 637 552 2226 628">
    <p class='ocr_par' dir='ltr' id='par_1_6' title="bbox 637 552 2226 628">
     <span class='ocr_line' id='line_1_6' title="bbox 637 552 2226 628; baseline 0.008 -25"><span class='ocrx_word' id='word_1_20' title='bbox 637 565 706 604; x_wconf 92' lang='lat' dir='ltr'><strong>eo</strong></span> <span class='ocrx_word' id='word_1_21' title='bbox 769 565 991 607; x_wconf 98' lang='lat' dir='ltr'><strong>rursum</strong></span> <span class='ocrx_word' id='word_1_22' title='bbox 1042 552 1244 610; x_wconf 83' lang='lat' dir='ltr'><strong>ﬂorere</strong></span> <span class='ocrx_word' id='word_1_23' title='bbox 1326 556 1576 612; x_wconf 76' lang='lat' dir='ltr'><strong>scientiae</strong></span> <span class='ocrx_word' id='word_1_24' title='bbox 1636 567 1949 628; x_wconf 72' lang='lat' dir='ltr'><strong>cmperunt.</strong></span> <span class='ocrx_word' id='word_1_25' title='bbox 2009 564 2226 616; x_wconf 63' lang='lat' dir='ltr'><strong>tametsi</strong></span> 
     </span>
    </p>
   </div>
   <div class='ocr_carea' id='block_1_7' title="bbox 639 643 2228 718">
    <p class='ocr_par' dir='ltr' id='par_1_7' title="bbox 639 643 2228 718">
     <span class='ocr_line' id='line_1_7' title="bbox 639 643 2228 718; baseline 0.007 -23"><span class='ocrx_word' id='word_1_26' title='bbox 639 643 1153 709; x_wconf 65' lang='lat' dir='ltr'><strong>praestantissimum</strong></span> <span class='ocrx_word' id='word_1_27' title='bbox 1182 644 1353 718; x_wconf 77' lang='lat'><strong>966</strong></span> <span class='ocrx_word' id='word_1_28' title='bbox 1377 650 1479 703; x_wconf 90' lang='lat' dir='ltr'><strong>hoc</strong></span> <span class='ocrx_word' id='word_1_29' title='bbox 1500 659 1556 704; x_wconf 91' lang='lat' dir='ltr'><strong>et</strong></span> <span class='ocrx_word' id='word_1_30' title='bbox 1578 648 1997 705; x_wconf 86' lang='lat' dir='ltr'><strong>celeberrimum</strong></span> <span class='ocrx_word' id='word_1_31' title='bbox 2027 649 2228 706; x_wconf 83' lang='lat' dir='ltr'><strong>factum</strong></span> 
     </span>
    </p>
   </div>
   <div class='ocr_carea' id='block_1_8' title="bbox 637 735 2229 816">
    <p class='ocr_par' dir='ltr' id='par_1_8' title="bbox 637 735 2229 816">
     <span class='ocr_line' id='line_1_8' title="bbox 637 735 2229 816; baseline 0.009 -31"><span class='ocrx_word' id='word_1_32' title='bbox 637 736 788 791; x_wconf 75' lang='lat' dir='ltr'><strong>vitiis</strong></span> <span class='ocrx_word' id='word_1_33' title='bbox 820 735 1012 791; x_wconf 62' lang='lat' dir='ltr'><strong>Bardm</strong></span> <span class='ocrx_word' id='word_1_34' title='bbox 1062 738 1317 793; x_wconf 75' lang='lat' dir='ltr'><strong>eluendis</strong></span> <span class='ocrx_word' id='word_1_35' title='bbox 1366 756 1477 795; x_wconf 89' lang='lat' dir='ltr'><strong>non</strong></span> <span class='ocrx_word' id='word_1_36' title='bbox 1539 741 1772 799; x_wconf 83' lang='lat' dir='ltr'><strong>sull&#39;ecit.</strong></span> <span class='ocrx_word' id='word_1_37' title='bbox 1821 744 2229 816; x_wconf 86' lang='lat' dir='ltr'><strong>Philosophiam</strong></span> 
     </span>
    </p>
   </div>
   <div class='ocr_carea' id='block_1_9' title="bbox 640 826 2233 905">
    <p class='ocr_par' dir='ltr' id='par_1_9' title="bbox 640 826 2233 905">
     <span class='ocr_line' id='line_1_9' title="bbox 640 826 2233 905; baseline 0.01 -28"><span class='ocrx_word' id='word_1_38' title='bbox 640 826 875 881; x_wconf 90' lang='lat' dir='ltr'><strong>docebat</strong></span> <span class='ocrx_word' id='word_1_39' title='bbox 907 842 1137 899; x_wconf 81' lang='lat' dir='ltr'><strong>magnus</strong></span> <span class='ocrx_word' id='word_1_40' title='bbox 1172 830 1264 886; x_wconf 90' lang='lat' dir='ltr'><strong>ille</strong></span> <span class='ocrx_word' id='word_1_41' title='bbox 1294 832 1662 905; x_wconf 89' lang='lat' dir='ltr'><strong>philosophus</strong></span> <span class='ocrx_word' id='word_1_42' title='bbox 1724 835 1834 891; x_wconf 89' lang='lat' dir='ltr'><strong>Leo</strong></span> <span class='ocrx_word' id='word_1_43' title='bbox 1862 838 2233 893; x_wconf 84' lang='lat' dir='ltr'><strong>consobrinus</strong></span> 
     </span>
    </p>
   </div>
   <div class='ocr_carea' id='block_1_10' title="bbox 632 914 2232 997">
    <p class='ocr_par' dir='ltr' id='par_1_10' title="bbox 632 914 2232 997">
     <span class='ocr_line' id='line_1_10' title="bbox 632 914 2232 997; baseline 0.009 -28"><span class='ocrx_word' id='word_1_44' title='bbox 632 914 827 971; x_wconf 85' lang='lat' dir='ltr'><strong>Januis</strong></span> <span class='ocrx_word' id='word_1_45' title='bbox 856 919 1212 987; x_wconf 74' lang='lat' dir='ltr'><strong>patriarchte.</strong></span> <span class='ocrx_word' id='word_1_46' title='bbox 1252 922 1352 977; x_wconf 79' lang='lat' dir='ltr'><strong>llic</strong></span> <span class='ocrx_word' id='word_1_47' title='bbox 1401 922 1516 981; x_wconf 90' lang='lat' dir='ltr'><strong>Leo</strong></span> <span class='ocrx_word' id='word_1_48' title='bbox 1549 927 1843 997; x_wconf 77' lang='lat' dir='ltr'><strong>episcOpus</strong></span> <span class='ocrx_word' id='word_1_49' title='bbox 1891 943 2018 984; x_wconf 92' lang='lat' dir='ltr'><strong>cum</strong></span> <span class='ocrx_word' id='word_1_50' title='bbox 2085 938 2232 985; x_wconf 90' lang='lat' dir='ltr'><strong>esset</strong></span> 
     </span>
    </p>
   </div>
   <div class='ocr_carea' id='block_1_11' title="bbox 635 1006 2232 1093">
    <p class='ocr_par' dir='ltr' id='par_1_11' title="bbox 635 1006 2232 1093">
     <span class='ocr_line' id='line_1_11' title="bbox 635 1006 2232 1093; baseline 0.013 -33"><span class='ocrx_word' id='word_1_51' title='bbox 635 1006 1064 1079; x_wconf 65' lang='lat' dir='ltr'><strong>Thessalonicae,</strong></span> <span class='ocrx_word' id='word_1_52' title='bbox 1131 1014 1548 1087; x_wconf 83' lang='lat' dir='ltr'><strong>lmaginiperdis</strong></span> <span class='ocrx_word' id='word_1_53' title='bbox 1603 1019 1876 1077; x_wconf 86' lang='lat' dir='ltr'><strong>submotis</strong></span> <span class='ocrx_word' id='word_1_54' title='bbox 1925 1023 2042 1093; x_wconf 89' lang='lat' dir='ltr'><strong>ipse</strong></span> <span class='ocrx_word' id='word_1_55' title='bbox 2094 1039 2232 1092; x_wconf 80' lang='lat' dir='ltr'><strong>quo-</strong></span> 
     </span>
    </p>
   </div>
   <div class='ocr_carea' id='block_1_12' title="bbox 634 1110 2232 1189">
    <p class='ocr_par' dir='ltr' id='par_1_12' title="bbox 634 1110 2232 1189">
     <span class='ocr_line' id='line_1_12' title="bbox 634 1110 2232 1189; baseline 0.012 -39"><span class='ocrx_word' id='word_1_56' title='bbox 634 1116 743 1168; x_wconf 84' lang='lat' dir='ltr'><strong>quc</strong></span> <span class='ocrx_word' id='word_1_57' title='bbox 799 1118 1030 1159; x_wconf 89' lang='lat' dir='ltr'><strong>munere</strong></span> <span class='ocrx_word' id='word_1_58' title='bbox 1096 1120 1200 1161; x_wconf 90' lang='lat' dir='ltr'><strong>suo</strong></span> <span class='ocrx_word' id='word_1_59' title='bbox 1279 1110 1525 1177; x_wconf 82' lang='lat' dir='ltr'><strong>privatus</strong></span> <span class='ocrx_word' id='word_1_60' title='bbox 1583 1126 1708 1166; x_wconf 91' lang='lat' dir='ltr'><strong>cum</strong></span> <span class='ocrx_word' id='word_1_61' title='bbox 1778 1113 1833 1168; x_wconf 89' lang='lat' dir='ltr'><strong>in</strong></span> <span class='ocrx_word' id='word_1_62' title='bbox 1890 1115 2003 1169; x_wconf 89' lang='lat' dir='ltr'><strong>otio</strong></span> <span class='ocrx_word' id='word_1_63' title='bbox 2068 1118 2232 1189; x_wconf 87' lang='lat' dir='ltr'><strong>dege-</strong></span> 
     </span>
    </p>
   </div>
   <div class='ocr_carea' id='block_1_13' title="bbox 641 1195 2236 1271">
    <p class='ocr_par' dir='ltr' id='par_1_13' title="bbox 641 1195 2236 1271">
     <span class='ocr_line' id='line_1_13' title="bbox 641 1195 2236 1271; baseline 0.01 -24"><span class='ocrx_word' id='word_1_64' title='bbox 641 1203 744 1257; x_wconf 82' lang='lat' dir='ltr'><strong>ret,</strong></span> <span class='ocrx_word' id='word_1_65' title='bbox 823 1195 953 1251; x_wconf 86' lang='lat' dir='ltr'><strong>huic</strong></span> <span class='ocrx_word' id='word_1_66' title='bbox 1016 1196 1117 1252; x_wconf 79' lang='lat' dir='ltr'><strong>fuit</strong></span> <span class='ocrx_word' id='word_1_67' title='bbox 1175 1202 1401 1271; x_wconf 82' lang='lat' dir='ltr'><strong>negotio</strong></span> <span class='ocrx_word' id='word_1_68' title='bbox 1474 1203 1774 1261; x_wconf 85' lang='lat' dir='ltr'><strong>adhibitus.</strong></span> <span class='ocrx_word' id='word_1_69' title='bbox 1838 1206 2041 1262; x_wconf 77' lang='lat' dir='ltr'><strong>Verum</strong></span> <span class='ocrx_word' id='word_1_70' title='bbox 2107 1217 2236 1263; x_wconf 87' lang='lat' dir='ltr'><strong>ante</strong></span> 
     </span>
    </p>
   </div>
   <div class='ocr_carea' id='block_1_14' title="bbox 644 1287 2239 1369">
    <p class='ocr_par' dir='ltr' id='par_1_14' title="bbox 644 1287 2239 1369">
     <span class='ocr_line' id='line_1_14' title="bbox 644 1287 2239 1369; baseline 0.01 -30"><span class='ocrx_word' id='word_1_71' title='bbox 644 1287 697 1340; x_wconf 89' lang='lat' dir='ltr'><strong>in</strong></span> <span class='ocrx_word' id='word_1_72' title='bbox 730 1287 1085 1357; x_wconf 87' lang='lat' dir='ltr'><strong>imperatoris</strong></span> <span class='ocrx_word' id='word_1_73' title='bbox 1116 1290 1410 1363; x_wconf 81' lang='lat' dir='ltr'><strong>Theophili</strong></span> <span class='ocrx_word' id='word_1_74' title='bbox 1447 1297 1705 1351; x_wconf 89' lang='lat' dir='ltr'><strong>notitiam</strong></span> <span class='ocrx_word' id='word_1_75' title='bbox 1750 1300 1855 1353; x_wconf 93' lang='lat' dir='ltr'><strong>hoc</strong></span> <span class='ocrx_word' id='word_1_76' title='bbox 1907 1300 2070 1355; x_wconf 89' lang='lat' dir='ltr'><strong>modo</strong></span> <span class='ocrx_word' id='word_1_77' title='bbox 2116 1316 2239 1369; x_wconf 79' lang='lat' dir='ltr'><strong>pcr-</strong></span> 
     </span>
    </p>
   </div>
   <div class='ocr_carea' id='block_1_15' title="bbox 639 1380 2236 1459">
    <p class='ocr_par' dir='ltr' id='par_1_15' title="bbox 639 1380 2236 1459">
     <span class='ocr_line' id='line_1_15' title="bbox 639 1380 2236 1459; baseline 0.008 -28"><span class='ocrx_word' id='word_1_78' title='bbox 639 1387 888 1433; x_wconf 85' lang='lat' dir='ltr'><strong>vcnerat.</strong></span> <span class='ocrx_word' id='word_1_79' title='bbox 917 1380 1054 1434; x_wconf 90' lang='lat' dir='ltr'><strong>Cum</strong></span> <span class='ocrx_word' id='word_1_80' title='bbox 1089 1384 1273 1439; x_wconf 85' lang='lat' dir='ltr'><strong>omnis</strong></span> <span class='ocrx_word' id='word_1_81' title='bbox 1294 1385 1653 1442; x_wconf 88' lang='lat' dir='ltr'><strong>scientiarum</strong></span> <span class='ocrx_word' id='word_1_82' title='bbox 1709 1390 1931 1459; x_wconf 80' lang='lat' dir='ltr'><strong>generis</strong></span> <span class='ocrx_word' id='word_1_83' title='bbox 1996 1391 2236 1459; x_wconf 83' lang='lat' dir='ltr'><strong>perfecta</strong></span> 
     </span>
    </p>
   </div>
   <div class='ocr_carea' id='block_1_16' title="bbox 639 1471 2236 1553">
    <p class='ocr_par' dir='ltr' id='par_1_16' title="bbox 639 1471 2236 1553">
     <span class='ocr_line' id='line_1_16' title="bbox 639 1471 2236 1553; baseline 0.006 -29"><span class='ocrx_word' id='word_1_84' title='bbox 639 1471 956 1539; x_wconf 71' lang='lat' dir='ltr'><strong>cognitione</strong></span> <span class='ocrx_word' id='word_1_85' title='bbox 983 1490 1094 1530; x_wconf 90' lang='lat' dir='ltr'><strong>non</strong></span> <span class='ocrx_word' id='word_1_86' title='bbox 1131 1476 1359 1533; x_wconf 87' lang='lat' dir='ltr'><strong>haberet</strong></span> <span class='ocrx_word' id='word_1_87' title='bbox 1418 1480 1523 1534; x_wconf 87' lang='lat' dir='ltr'><strong>sibi</strong></span> <span class='ocrx_word' id='word_1_88' title='bbox 1579 1495 1793 1551; x_wconf 88' lang='lat' dir='ltr'><strong>parem,</strong></span> <span class='ocrx_word' id='word_1_89' title='bbox 1853 1481 1946 1536; x_wconf 88' lang='lat' dir='ltr'><strong>vili</strong></span> <span class='ocrx_word' id='word_1_90' title='bbox 1998 1483 2236 1553; x_wconf 87' lang='lat' dir='ltr'><strong>quodam</strong></span> 
     </span>
    </p>
   </div>
   <div class='ocr_carea' id='block_1_17' title="bbox 641 1563 2241 1641">
    <p class='ocr_par' dir='ltr' id='par_1_17' title="bbox 641 1563 2241 1641">
     <span class='ocr_line' id='line_1_17' title="bbox 641 1563 2241 1641; baseline 0.009 -27"><span class='ocrx_word' id='word_1_91' title='bbox 641 1563 695 1615; x_wconf 91' lang='lat' dir='ltr'><strong>iu</strong></span> <span class='ocrx_word' id='word_1_92' title='bbox 729 1563 1008 1619; x_wconf 83' lang='lat' dir='ltr'><strong>domicilio</strong></span> <span class='ocrx_word' id='word_1_93' title='bbox 1035 1568 1237 1635; x_wconf 86' lang='lat' dir='ltr'><strong>quibus</strong></span> <span class='ocrx_word' id='word_1_94' title='bbox 1278 1571 1520 1641; x_wconf 84' lang='lat' dir='ltr'><strong>quisque</strong></span> <span class='ocrx_word' id='word_1_95' title='bbox 1550 1573 1712 1628; x_wconf 87' lang='lat' dir='ltr'><strong>vellet</strong></span> <span class='ocrx_word' id='word_1_96' title='bbox 1737 1574 1955 1629; x_wconf 88' lang='lat' dir='ltr'><strong>artibus</strong></span> <span class='ocrx_word' id='word_1_97' title='bbox 1989 1574 2241 1629; x_wconf 86' lang='lat' dir='ltr'><strong>homines</strong></span> 
     </span>
    </p>
   </div>
   <div class='ocr_carea' id='block_1_18' title="bbox 642 1655 2240 1735">
    <p class='ocr_par' dir='ltr' id='par_1_18' title="bbox 642 1655 2240 1735">
     <span class='ocr_line' id='line_1_18' title="bbox 642 1655 2240 1735; baseline 0.008 -27"><span class='ocrx_word' id='word_1_98' title='bbox 642 1655 983 1711; x_wconf 82' lang='lat' dir='ltr'><strong>instituebat.</strong></span> <span class='ocrx_word' id='word_1_99' title='bbox 1058 1658 1359 1730; x_wconf 81' lang='lat' dir='ltr'><strong>Aliquanto</strong></span> <span class='ocrx_word' id='word_1_100' title='bbox 1443 1671 1713 1735; x_wconf 89' lang='lat' dir='ltr'><strong>tempore,</strong></span> <span class='ocrx_word' id='word_1_101' title='bbox 1779 1681 1904 1721; x_wconf 90' lang='lat' dir='ltr'><strong>cum</strong></span> <span class='ocrx_word' id='word_1_102' title='bbox 1961 1666 2117 1720; x_wconf 90' lang='lat' dir='ltr'><strong>multi</strong></span> <span class='ocrx_word' id='word_1_103' title='bbox 2186 1669 2240 1721; x_wconf 90' lang='lat' dir='ltr'><strong>in</strong></span> 
     </span>
    </p>
   </div>
   <div class='ocr_carea' id='block_1_19' title="bbox 645 1747 2242 1826">
    <p class='ocr_par' dir='ltr' id='par_1_19' title="bbox 645 1747 2242 1826">
     <span class='ocr_line' id='line_1_19' title="bbox 645 1747 2242 1826; baseline 0.007 -25"><span class='ocrx_word' id='word_1_104' title='bbox 645 1747 896 1803; x_wconf 67' lang='lat' dir='ltr'><strong>srieltliis</strong></span> <span class='ocrx_word' id='word_1_105' title='bbox 948 1764 1278 1821; x_wconf 74' lang='lat' dir='ltr'><strong>pregressus</strong></span> <span class='ocrx_word' id='word_1_106' title='bbox 1337 1754 1484 1810; x_wconf 85' lang='lat' dir='ltr'><strong>haud</strong></span> <span class='ocrx_word' id='word_1_107' title='bbox 1538 1759 1893 1826; x_wconf 66' lang='lat' dir='ltr'><strong>paenitendas</strong></span> <span class='ocrx_word' id='word_1_108' title='bbox 1954 1758 2242 1822; x_wconf 74' lang='lat' dir='ltr'><strong>fecissent,</strong></span> 
     </span>
    </p>
   </div>
   <div class='ocr_carea' id='block_1_20' title="bbox 2334 558 3926 633">
    <p class='ocr_par' dir='ltr' id='par_1_20' title="bbox 2334 558 3926 633">
     <span class='ocr_line' id='line_1_20' title="bbox 2334 558 3926 633; baseline 0 -18"><span class='ocrx_word' id='word_1_109' title='bbox 2334 562 2670 633; x_wconf 80' lang='grc' dir='ltr'>ἀνηϐάσκειν</span> <span class='ocrx_word' id='word_1_110' title='bbox 2704 563 2762 617; x_wconf 80' lang='grc' dir='ltr'>αἱ</span> <span class='ocrx_word' id='word_1_111' title='bbox 2805 564 3112 633; x_wconf 83' lang='grc' dir='ltr'>ἐπιστῆμαι</span> <span class='ocrx_word' id='word_1_112' title='bbox 3161 561 3417 633; x_wconf 73' lang='grc' dir='ltr'>ἤρξαντο.</span> <span class='ocrx_word' id='word_1_113' title='bbox 3463 558 3635 614; x_wconf 82' lang='grc' dir='ltr'>Τοῦτο</span> <span class='ocrx_word' id='word_1_114' title='bbox 3673 560 3732 614; x_wconf 72' lang='grc' dir='ltr'>τὸ</span> <span class='ocrx_word' id='word_1_115' title='bbox 3762 560 3926 632; x_wconf 76' lang='grc' dir='ltr'>ἔργον</span> 
     </span>
    </p>
   </div>
   <div class='ocr_carea' id='block_1_21' title="bbox 2335 652 3927 727">
    <p class='ocr_par' dir='ltr' id='par_1_21' title="bbox 2335 652 3927 727">
     <span class='ocr_line' id='line_1_21' title="bbox 2335 652 3927 727; baseline 0 -20"><span class='ocrx_word' id='word_1_116' title='bbox 2335 654 2622 711; x_wconf 83' lang='grc' dir='ltr'>κάλλιστον</span> <span class='ocrx_word' id='word_1_117' title='bbox 2648 655 2744 709; x_wconf 81' lang='grc' dir='ltr'><strong>καὶ</strong></span> <span class='ocrx_word' id='word_1_118' title='bbox 2782 656 3108 727; x_wconf 75' lang='grc' dir='ltr'>περιϐόητον</span> <span class='ocrx_word' id='word_1_119' title='bbox 3140 654 3202 707; x_wconf 85' lang='grc' dir='ltr'><strong>δν</strong></span> <span class='ocrx_word' id='word_1_120' title='bbox 3229 656 3333 707; x_wconf 75' lang='grc' dir='ltr'>οὐκ</span> <span class='ocrx_word' id='word_1_121' title='bbox 3357 652 3583 723; x_wconf 79' lang='grc' dir='ltr'>ἴσχυσεν</span> <span class='ocrx_word' id='word_1_122' title='bbox 3610 652 3927 707; x_wconf 79' lang='grc' dir='ltr'>ἀποπλῦναι</span> 
     </span>
    </p>
   </div>
   <div class='ocr_carea' id='block_1_22' title="bbox 2334 745 3929 818">
    <p class='ocr_par' dir='ltr' id='par_1_22' title="bbox 2334 745 3929 818">
     <span class='ocr_line' id='line_1_22' title="bbox 2334 745 3929 818; baseline 0 -19"><span class='ocrx_word' id='word_1_123' title='bbox 2334 745 2432 809; x_wconf 71' lang='grc' dir='ltr'><strong>τάς</strong></span> <span class='ocrx_word' id='word_1_124' title='bbox 2468 748 2696 810; x_wconf 72' lang='grc' dir='ltr'>ἐνούσας</span> <span class='ocrx_word' id='word_1_125' title='bbox 2728 746 2893 808; x_wconf 78' lang='grc' dir='ltr'>ἄλλας</span> <span class='ocrx_word' id='word_1_126' title='bbox 2917 746 2995 817; x_wconf 81' lang='grc' dir='ltr'><strong>τῷ</strong></span> <span class='ocrx_word' id='word_1_127' title='bbox 3028 747 3211 818; x_wconf 74' lang='grc' dir='ltr'>Βάρδᾳ</span> <span class='ocrx_word' id='word_1_128' title='bbox 3254 745 3498 816; x_wconf 78' lang='grc' dir='ltr'>κηλῖδας.</span> <span class='ocrx_word' id='word_1_129' title='bbox 3552 746 3666 814; x_wconf 84' lang='grc' dir='ltr'><strong>Τῆς</strong></span> <span class='ocrx_word' id='word_1_130' title='bbox 3697 745 3800 816; x_wconf 68' lang='grc' dir='ltr'>μὲν</span> <span class='ocrx_word' id='word_1_131' title='bbox 3830 745 3929 799; x_wconf 79' lang='grc' dir='ltr'>οὖν</span> 
     </span>
    </p>
   </div>
   <div class='ocr_carea' id='block_1_23' title="bbox 2339 836 3926 909">
    <p class='ocr_par' dir='ltr' id='par_1_23' title="bbox 2339 836 3926 909">
     <span class='ocr_line' id='line_1_23' title="bbox 2339 836 3926 909; baseline 0 -19"><span class='ocrx_word' id='word_1_132' title='bbox 2339 836 2668 909; x_wconf 71' lang='grc' dir='ltr'><strong>φιλοσοφίας</strong></span> <span class='ocrx_word' id='word_1_133' title='bbox 2718 838 2973 909; x_wconf 77' lang='grc' dir='ltr'>ἐξηγεῖτο</span> <span class='ocrx_word' id='word_1_134' title='bbox 2999 839 3154 893; x_wconf 86' lang='grc' dir='ltr'>Λέων</span> <span class='ocrx_word' id='word_1_135' title='bbox 3203 840 3413 900; x_wconf 87' lang='grc' dir='ltr'>ἐκεῖνος</span> <span class='ocrx_word' id='word_1_136' title='bbox 3442 839 3472 890; x_wconf 87' lang='grc' dir='ltr'><strong>ὁ</strong></span> <span class='ocrx_word' id='word_1_137' title='bbox 3504 838 3679 908; x_wconf 89' lang='grc' dir='ltr'>μέγας</span> <span class='ocrx_word' id='word_1_138' title='bbox 3732 854 3795 891; x_wconf 83' lang='grc' dir='ltr'><strong>τε</strong></span> <span class='ocrx_word' id='word_1_139' title='bbox 3822 837 3926 891; x_wconf 82' lang='grc' dir='ltr'>καὶ</span> 
     </span>
    </p>
   </div>
   <div class='ocr_carea' id='block_1_24' title="bbox 2340 927 3927 1001">
    <p class='ocr_par' dir='ltr' id='par_1_24' title="bbox 2340 927 3927 1001">
     <span class='ocr_line' id='line_1_24' title="bbox 2340 927 3927 1001; baseline -0.001 -18"><span class='ocrx_word' id='word_1_140' title='bbox 2340 931 2651 1001; x_wconf 69' lang='grc' dir='ltr'>φιλόσοφος,</span> <span class='ocrx_word' id='word_1_141' title='bbox 2707 931 2928 1000; x_wconf 73' lang='grc' dir='ltr'>ἀνεψιὸς</span> <span class='ocrx_word' id='word_1_142' title='bbox 2973 930 3052 984; x_wconf 87' lang='grc' dir='ltr'><strong>ῶν</strong></span> <span class='ocrx_word' id='word_1_143' title='bbox 3097 930 3276 999; x_wconf 81' lang='grc' dir='ltr'>Ἰαννῆ</span> <span class='ocrx_word' id='word_1_144' title='bbox 3320 929 3414 983; x_wconf 83' lang='grc' dir='ltr'><strong>τοῦ</strong></span> <span class='ocrx_word' id='word_1_145' title='bbox 3464 929 3835 1000; x_wconf 69' lang='grc' dir='ltr'>πατριάρχους</span> <span class='ocrx_word' id='word_1_146' title='bbox 3865 927 3927 991; x_wconf 74' lang='grc' dir='ltr'>ὃς</span> 
     </span>
    </p>
   </div>
   <div class='ocr_carea' id='block_1_25' title="bbox 2338 1019 3924 1093">
    <p class='ocr_par' dir='ltr' id='par_1_25' title="bbox 2338 1019 3924 1093">
     <span class='ocr_line' id='line_1_25' title="bbox 2338 1019 3924 1093; baseline -0.001 -19"><span class='ocrx_word' id='word_1_147' title='bbox 2338 1022 2434 1075; x_wconf 71' lang='grc' dir='ltr'>καὶ</span> <span class='ocrx_word' id='word_1_148' title='bbox 2476 1022 2567 1074; x_wconf 73' lang='grc' dir='ltr'><strong>τὸν</strong></span> <span class='ocrx_word' id='word_1_149' title='bbox 2597 1020 2788 1091; x_wconf 77' lang='grc' dir='ltr'>θρόνον</span> <span class='ocrx_word' id='word_1_150' title='bbox 2839 1021 3000 1092; x_wconf 73' lang='grc' dir='ltr'>ἔλαχε</span> <span class='ocrx_word' id='word_1_151' title='bbox 3045 1023 3147 1091; x_wconf 85' lang='grc' dir='ltr'>τῆς</span> <span class='ocrx_word' id='word_1_152' title='bbox 3207 1020 3294 1093; x_wconf 87' lang='grc' dir='ltr'><strong>[Ρ.</strong></span> <span class='ocrx_word' id='word_1_153' title='bbox 3334 1019 3462 1092; x_wconf 75' lang='grc'><strong>548]</strong></span> <span class='ocrx_word' id='word_1_154' title='bbox 3493 1019 3924 1089; x_wconf 71' lang='grc' dir='ltr'><strong>Θεσσαλονίκης,</strong></span> 
     </span>
    </p>
   </div>
   <div class='ocr_carea' id='block_1_26' title="bbox 2338 1093 3930 1186">
    <p class='ocr_par' dir='ltr' id='par_1_26' title="bbox 2338 1093 3930 1186">
     <span class='ocr_line' id='line_1_26' title="bbox 2338 1093 3930 1186; baseline -0.003 -17"><span class='ocrx_word' id='word_1_155' title='bbox 2338 1114 2463 1184; x_wconf 81' lang='grc' dir='ltr'>ἄρτι</span> <span class='ocrx_word' id='word_1_156' title='bbox 2485 1115 2542 1169; x_wconf 84' lang='grc' dir='ltr'><strong>δέ</strong></span> <span class='ocrx_word' id='word_1_157' title='bbox 2570 1093 2682 1168; x_wconf 78' lang='grc' dir='ltr'><strong>τῶν</strong></span> <span class='ocrx_word' id='word_1_158' title='bbox 2715 1115 3107 1186; x_wconf 83' lang='grc' dir='ltr'>Είκονομάχων</span> <span class='ocrx_word' id='word_1_159' title='bbox 3155 1114 3597 1186; x_wconf 77' lang='grc' dir='ltr'><strong>καθαιρεθέντων</strong></span> <span class='ocrx_word' id='word_1_160' title='bbox 3641 1113 3930 1184; x_wconf 77' lang='grc' dir='ltr'>συγκαθη-</span> 
     </span>
    </p>
   </div>
   <div class='ocr_carea' id='block_1_27' title="bbox 2345 1204 3935 1278">
    <p class='ocr_par' dir='ltr' id='par_1_27' title="bbox 2345 1204 3935 1278">
     <span class='ocr_line' id='line_1_27' title="bbox 2345 1204 3935 1278; baseline 0 -21"><span class='ocrx_word' id='word_1_161' title='bbox 2345 1204 2476 1276; x_wconf 85' lang='grc' dir='ltr'>ρέοη</span> <span class='ocrx_word' id='word_1_162' title='bbox 2516 1207 2611 1261; x_wconf 69' lang='grc' dir='ltr'>καὶ</span> <span class='ocrx_word' id='word_1_163' title='bbox 2640 1207 2825 1275; x_wconf 79' lang='grc' dir='ltr'>αὐτὸς,</span> <span class='ocrx_word' id='word_1_164' title='bbox 2854 1210 2949 1261; x_wconf 73' lang='grc' dir='ltr'>καὶ</span> <span class='ocrx_word' id='word_1_165' title='bbox 2985 1208 3265 1278; x_wconf 76' lang='grc' dir='ltr'><strong>σχολάζων</strong></span> <span class='ocrx_word' id='word_1_166' title='bbox 3287 1209 3366 1270; x_wconf 83' lang='grc' dir='ltr'><strong>εἰς</strong></span> <span class='ocrx_word' id='word_1_167' title='bbox 3394 1207 3599 1276; x_wconf 73' lang='grc' dir='ltr'>ταύτην</span> <span class='ocrx_word' id='word_1_168' title='bbox 3630 1205 3935 1277; x_wconf 77' lang='grc' dir='ltr'>προεϐιδά-</span> 
     </span>
    </p>
   </div>
   <div class='ocr_carea' id='block_1_28' title="bbox 2342 1296 3930 1369">
    <p class='ocr_par' dir='ltr' id='par_1_28' title="bbox 2342 1296 3930 1369">
     <span class='ocr_line' id='line_1_28' title="bbox 2342 1296 3930 1369; baseline 0.002 -21"><span class='ocrx_word' id='word_1_169' title='bbox 2342 1296 2468 1359; x_wconf 83' lang='grc' dir='ltr'>ζετο</span> <span class='ocrx_word' id='word_1_170' title='bbox 2507 1297 2605 1368; x_wconf 83' lang='grc' dir='ltr'><strong>τὴν</strong></span> <span class='ocrx_word' id='word_1_171' title='bbox 2648 1298 2866 1369; x_wconf 82' lang='grc' dir='ltr'>σχολήν.</span> <span class='ocrx_word' id='word_1_172' title='bbox 2933 1297 3186 1367; x_wconf 83' lang='grc' dir='ltr'><strong>Ἐγένετο</strong></span> <span class='ocrx_word' id='word_1_173' title='bbox 3225 1299 3282 1352; x_wconf 79' lang='grc' dir='ltr'>δὲ</span> <span class='ocrx_word' id='word_1_174' title='bbox 3334 1299 3601 1369; x_wconf 81' lang='grc' dir='ltr'>πρότερον</span> <span class='ocrx_word' id='word_1_175' title='bbox 3648 1296 3930 1369; x_wconf 80' lang='grc' dir='ltr'>γνώριμος</span> 
     </span>
    </p>
   </div>
   <div class='ocr_carea' id='block_1_29' title="bbox 2341 1388 3925 1461">
    <p class='ocr_par' dir='ltr' id='par_1_29' title="bbox 2341 1388 3925 1461">
     <span class='ocr_line' id='line_1_29' title="bbox 2341 1388 3925 1461; baseline 0.003 -22"><span class='ocrx_word' id='word_1_176' title='bbox 2341 1388 2589 1459; x_wconf 67' lang='grc' dir='ltr'>Θεοφίλῳ</span> <span class='ocrx_word' id='word_1_177' title='bbox 2614 1390 2692 1460; x_wconf 81' lang='grc' dir='ltr'>τῷ</span> <span class='ocrx_word' id='word_1_178' title='bbox 2733 1390 2945 1460; x_wconf 82' lang='grc' dir='ltr'>βασιλεῖ</span> <span class='ocrx_word' id='word_1_179' title='bbox 2968 1390 3159 1445; x_wconf 85' lang='grc' dir='ltr'>τοῦτον</span> <span class='ocrx_word' id='word_1_180' title='bbox 3206 1390 3298 1444; x_wconf 80' lang='grc' dir='ltr'>τὸν</span> <span class='ocrx_word' id='word_1_181' title='bbox 3332 1392 3554 1461; x_wconf 74' lang='grc' dir='ltr'>τρόπον.</span> <span class='ocrx_word' id='word_1_182' title='bbox 3588 1392 3780 1453; x_wconf 83' lang='grc' dir='ltr'>Πὰσας</span> <span class='ocrx_word' id='word_1_183' title='bbox 3812 1390 3925 1461; x_wconf 72' lang='grc' dir='ltr'><strong>γάρ</strong></span> 
     </span>
    </p>
   </div>
   <div class='ocr_carea' id='block_1_30' title="bbox 2346 1479 3933 1554">
    <p class='ocr_par' dir='ltr' id='par_1_30' title="bbox 2346 1479 3933 1554">
     <span class='ocr_line' id='line_1_30' title="bbox 2346 1479 3933 1554; baseline 0.002 -23"><span class='ocrx_word' id='word_1_184' title='bbox 2346 1479 2698 1551; x_wconf 75' lang='grc' dir='ltr'>κατορθώσας</span> <span class='ocrx_word' id='word_1_185' title='bbox 2728 1481 2828 1545; x_wconf 72' lang='grc' dir='ltr'><strong>τὰς</strong></span> <span class='ocrx_word' id='word_1_186' title='bbox 2867 1484 3180 1554; x_wconf 80' lang='grc' dir='ltr'>ἐπιστήμας</span> <span class='ocrx_word' id='word_1_187' title='bbox 3201 1483 3279 1545; x_wconf 86' lang='grc' dir='ltr'>ὡς</span> <span class='ocrx_word' id='word_1_188' title='bbox 3313 1483 3435 1536; x_wconf 76' lang='grc' dir='ltr'>οὐδέ</span> <span class='ocrx_word' id='word_1_189' title='bbox 3470 1482 3600 1552; x_wconf 86' lang='grc' dir='ltr'>μίαν</span> <span class='ocrx_word' id='word_1_190' title='bbox 3623 1482 3834 1552; x_wconf 73' lang='grc' dir='ltr'>ἔτερος,</span> <span class='ocrx_word' id='word_1_191' title='bbox 3873 1483 3933 1534; x_wconf 84' lang='grc' dir='ltr'><strong>ἐν</strong></span> 
     </span>
    </p>
   </div>
   <div class='ocr_carea' id='block_1_31' title="bbox 2346 1571 3933 1645">
    <p class='ocr_par' dir='ltr' id='par_1_31' title="bbox 2346 1571 3933 1645">
     <span class='ocr_line' id='line_1_31' title="bbox 2346 1571 3933 1645; baseline 0.003 -23"><span class='ocrx_word' id='word_1_192' title='bbox 2346 1571 2554 1624; x_wconf 75' lang='grc' dir='ltr'>εὐτελεῖ</span> <span class='ocrx_word' id='word_1_193' title='bbox 2600 1590 2707 1627; x_wconf 87' lang='grc' dir='ltr'>τινι</span> <span class='ocrx_word' id='word_1_194' title='bbox 2756 1575 3102 1644; x_wconf 77' lang='grc' dir='ltr'>καταλύματι</span> <span class='ocrx_word' id='word_1_195' title='bbox 3160 1575 3366 1642; x_wconf 92' lang='grc' dir='ltr'>διάγων</span> <span class='ocrx_word' id='word_1_196' title='bbox 3394 1576 3522 1637; x_wconf 69' lang='grc' dir='ltr'>τοὺς</span> <span class='ocrx_word' id='word_1_197' title='bbox 3568 1574 3933 1645; x_wconf 75' lang='grc' dir='ltr'>βουλομένους</span> 
     </span>
    </p>
   </div>
   <div class='ocr_carea' id='block_1_32' title="bbox 2348 1664 3933 1735">
    <p class='ocr_par' dir='ltr' id='par_1_32' title="bbox 2348 1664 3933 1735">
     <span class='ocr_line' id='line_1_32' title="bbox 2348 1664 3933 1735; baseline 0.001 -21"><span class='ocrx_word' id='word_1_198' title='bbox 2348 1664 2731 1732; x_wconf 77' lang='grc' dir='ltr'>ἐ;ιυσταγώγει</span> <span class='ocrx_word' id='word_1_199' title='bbox 2782 1666 2978 1718; x_wconf 72' lang='grc' dir='ltr'>ὁποίαν</span> <span class='ocrx_word' id='word_1_200' title='bbox 3010 1665 3245 1729; x_wconf 77' lang='grc' dir='ltr'>’ἕκαστος</span> <span class='ocrx_word' id='word_1_201' title='bbox 3293 1664 3558 1735; x_wconf 73' lang='grc' dir='ltr'>βούλοιτο.</span> <span class='ocrx_word' id='word_1_202' title='bbox 3608 1664 3697 1728; x_wconf 83' lang='grc' dir='ltr'>Ὠς</span> <span class='ocrx_word' id='word_1_203' title='bbox 3750 1664 3795 1717; x_wconf 80' lang='grc' dir='ltr'>δ’</span> <span class='ocrx_word' id='word_1_204' title='bbox 3828 1664 3933 1734; x_wconf 67' lang='grc' dir='ltr'>ἤδη</span> 
     </span>
    </p>
   </div>
   <div class='ocr_carea' id='block_1_33' title="bbox 2351 1754 3937 1825">
    <p class='ocr_par' dir='ltr' id='par_1_33' title="bbox 2351 1754 3937 1825">
     <span class='ocr_line' id='line_1_33' title="bbox 2351 1754 3937 1825; baseline 0 -18"><span class='ocrx_word' id='word_1_205' title='bbox 2351 1754 2541 1821; x_wconf 68' lang='grc' dir='ltr'>ῖρὸνος</span> <span class='ocrx_word' id='word_1_206' title='bbox 2572 1756 2925 1825; x_wconf 80' lang='grc' dir='ltr'>παρετείνετο</span> <span class='ocrx_word' id='word_1_207' title='bbox 2956 1758 3049 1809; x_wconf 76' lang='grc' dir='ltr'>καὶ</span> <span class='ocrx_word' id='word_1_208' title='bbox 3080 1756 3267 1808; x_wconf 72' lang='grc' dir='ltr'>πολλοὶ</span> <span class='ocrx_word' id='word_1_209' title='bbox 3300 1756 3444 1810; x_wconf 78' lang='grc' dir='ltr'>κατα</span> <span class='ocrx_word' id='word_1_210' title='bbox 3490 1755 3587 1818; x_wconf 79' lang='grc' dir='ltr'><strong>τας</strong></span> <span class='ocrx_word' id='word_1_211' title='bbox 3618 1756 3937 1825; x_wconf 74' lang='grc' dir='ltr'>ἐπιστήμας</span> 
     </span>
    </p>
   </div>
   <div class='ocr_carea' id='block_1_34' title="bbox 644 1839 2258 1918">
    <p class='ocr_par' dir='ltr' id='par_1_34' title="bbox 644 1841 2241 1918">
     <span class='ocr_line' id='line_1_34' title="bbox 644 1841 2241 1918; baseline 0.012 -26"><span class='ocrx_word' id='word_1_212' title='bbox 644 1841 786 1896; x_wconf 71' lang='lat' dir='ltr'><strong>torte</strong></span> <span class='ocrx_word' id='word_1_213' title='bbox 817 1841 1039 1911; x_wconf 83' lang='lat' dir='ltr'><strong>juvenis</strong></span> <span class='ocrx_word' id='word_1_214' title='bbox 1075 1846 1297 1915; x_wconf 84' lang='lat' dir='ltr'><strong>quidam</strong></span> <span class='ocrx_word' id='word_1_215' title='bbox 1340 1848 1484 1918; x_wconf 90' lang='lat' dir='ltr'><strong>apud</strong></span> <span class='ocrx_word' id='word_1_216' title='bbox 1518 1865 1646 1906; x_wconf 89' lang='lat' dir='ltr'><strong>eum</strong></span> <span class='ocrx_word' id='word_1_217' title='bbox 1710 1867 1982 1908; x_wconf 90' lang='lat' dir='ltr'><strong>summam</strong></span> <span class='ocrx_word' id='word_1_218' title='bbox 2043 1864 2241 1911; x_wconf 87' lang='lat' dir='ltr'><strong>nactus</strong></span> 
     </span>
    </p>
   </div>
   <div class='ocr_carea' id='block_1_35' title="bbox 2365 1839 3937 1918">
    <p class='ocr_par' dir='ltr' id='par_1_35' title="bbox 2365 1845 3937 1918">
     <span class='ocr_line' id='line_1_35' title="bbox 2365 1845 3937 1918; baseline -0.001 -22"><span class='ocrx_word' id='word_1_219' title='bbox 2365 1845 2713 1914; x_wconf 68' lang='grc' dir='ltr'>προέκοπτον,</span> <span class='ocrx_word' id='word_1_220' title='bbox 2750 1847 2949 1918; x_wconf 78' lang='grc' dir='ltr'>συνέϐη</span> <span class='ocrx_word' id='word_1_221' title='bbox 2972 1848 3096 1902; x_wconf 72' lang='grc' dir='ltr'>τινα</span> <span class='ocrx_word' id='word_1_222' title='bbox 3116 1848 3339 1902; x_wconf 87' lang='grc' dir='ltr'>νεανίαν</span> <span class='ocrx_word' id='word_1_223' title='bbox 3370 1848 3469 1917; x_wconf 77' lang='grc' dir='ltr'>τῆς</span> <span class='ocrx_word' id='word_1_224' title='bbox 3543 1847 3937 1917; x_wconf 63' lang='grc' dir='ltr'>γεωμετρικῆς</span> 
     </span>
    </p>
   </div>
   <div class='ocr_carea' id='block_1_36' title="bbox 642 1934 2238 2012">
    <p class='ocr_par' dir='ltr' id='par_1_36' title="bbox 642 1934 2238 2012">
     <span class='ocr_line' id='line_1_36' title="bbox 642 1934 2238 2012; baseline 0.011 -29"><span class='ocrx_word' id='word_1_225' title='bbox 642 1934 960 2000; x_wconf 70' lang='lat' dir='ltr'><strong>geometriae</strong></span> <span class='ocrx_word' id='word_1_226' title='bbox 1015 1936 1276 2004; x_wconf 90' lang='lat' dir='ltr'><strong>peritiam</strong></span> <span class='ocrx_word' id='word_1_227' title='bbox 1362 1940 1547 1995; x_wconf 88' lang='lat' dir='ltr'><strong>scriba</strong></span> <span class='ocrx_word' id='word_1_228' title='bbox 1619 1941 1679 1996; x_wconf 84' lang='lat' dir='ltr'><strong>tit</strong></span> <span class='ocrx_word' id='word_1_229' title='bbox 1724 1942 2011 2012; x_wconf 87' lang='lat' dir='ltr'><strong>cujusdam</strong></span> <span class='ocrx_word' id='word_1_230' title='bbox 2059 1944 2238 2010; x_wconf 86' lang='lat' dir='ltr'><strong>ducis,</strong></span> 
     </span>
    </p>
   </div>
   <div class='ocr_carea' id='block_1_37' title="bbox 643 2027 2244 2101">
    <p class='ocr_par' dir='ltr' id='par_1_37' title="bbox 643 2027 2244 2101">
     <span class='ocr_line' id='line_1_37' title="bbox 643 2027 2244 2101; baseline 0.01 -25"><span class='ocrx_word' id='word_1_231' title='bbox 643 2040 886 2094; x_wconf 86' lang='lat' dir='ltr'><strong>cumque</strong></span> <span class='ocrx_word' id='word_1_232' title='bbox 922 2041 988 2081; x_wconf 88' lang='lat' dir='ltr'><strong>en</strong></span> <span class='ocrx_word' id='word_1_233' title='bbox 1021 2027 1077 2081; x_wconf 91' lang='lat' dir='ltr'><strong>in</strong></span> <span class='ocrx_word' id='word_1_234' title='bbox 1109 2028 1313 2084; x_wconf 88' lang='lat' dir='ltr'><strong>bellum</strong></span> <span class='ocrx_word' id='word_1_235' title='bbox 1346 2034 1650 2101; x_wconf 80' lang='lat' dir='ltr'><strong>profectus,</strong></span> <span class='ocrx_word' id='word_1_236' title='bbox 1696 2032 1837 2089; x_wconf 80' lang='lat' dir='ltr'><strong>fusis</strong></span> <span class='ocrx_word' id='word_1_237' title='bbox 1876 2049 2101 2091; x_wconf 88' lang='lat' dir='ltr'><strong>suorum</strong></span> <span class='ocrx_word' id='word_1_238' title='bbox 2147 2052 2244 2091; x_wconf 89' lang='lat' dir='ltr'><strong>co-</strong></span> 
     </span>
    </p>
   </div>
   <div class='ocr_carea' id='block_1_38' title="bbox 646 2117 2247 2197">
    <p class='ocr_par' dir='ltr' id='par_1_38' title="bbox 646 2117 2247 2197">
     <span class='ocr_line' id='line_1_38' title="bbox 646 2117 2247 2197; baseline 0.011 -31"><span class='ocrx_word' id='word_1_239' title='bbox 646 2117 777 2184; x_wconf 69' lang='lat' dir='ltr'><strong>piis,</strong></span> <span class='ocrx_word' id='word_1_240' title='bbox 805 2117 966 2173; x_wconf 85' lang='lat' dir='ltr'><strong>vivus</strong></span> <span class='ocrx_word' id='word_1_241' title='bbox 987 2120 1041 2173; x_wconf 92' lang='lat' dir='ltr'><strong>in</strong></span> <span class='ocrx_word' id='word_1_242' title='bbox 1067 2118 1307 2197; x_wconf 88' lang='lat' dir='ltr'><strong>hostium</strong></span> <span class='ocrx_word' id='word_1_243' title='bbox 1335 2133 1664 2192; x_wconf 87' lang='lat' dir='ltr'><strong>potestatem</strong></span> <span class='ocrx_word' id='word_1_244' title='bbox 1691 2127 1959 2197; x_wconf 87' lang='lat' dir='ltr'><strong>pervenit.</strong></span> <span class='ocrx_word' id='word_1_245' title='bbox 1982 2137 2035 2183; x_wconf 89' lang='lat' dir='ltr'><strong>et</strong></span> <span class='ocrx_word' id='word_1_246' title='bbox 2055 2127 2247 2183; x_wconf 77' lang='lat' dir='ltr'><strong>Sarra-</strong></span> 
     </span>
    </p>
   </div>
   <div class='ocr_carea' id='block_1_39' title="bbox 654 2211 2247 2277">
    <p class='ocr_par' dir='ltr' id='par_1_39' title="bbox 654 2211 2247 2277">
     <span class='ocr_line' id='line_1_39' title="bbox 654 2211 2247 2277; baseline 0.011 -18"><span class='ocrx_word' id='word_1_247' title='bbox 654 2223 793 2263; x_wconf 79' lang='lat' dir='ltr'><strong>ceuo</strong></span> <span class='ocrx_word' id='word_1_248' title='bbox 828 2211 1050 2266; x_wconf 85' lang='lat' dir='ltr'><strong>cuidam</strong></span> <span class='ocrx_word' id='word_1_249' title='bbox 1088 2212 1287 2268; x_wconf 86' lang='lat' dir='ltr'><strong>illustri</strong></span> <span class='ocrx_word' id='word_1_250' title='bbox 1338 2215 1394 2269; x_wconf 91' lang='lat' dir='ltr'><strong>in</strong></span> <span class='ocrx_word' id='word_1_251' title='bbox 1426 2217 1751 2273; x_wconf 68' lang='lat' dir='ltr'><strong>servitutem</strong></span> <span class='ocrx_word' id='word_1_252' title='bbox 1779 2220 2021 2275; x_wconf 88' lang='lat' dir='ltr'><strong>deditur.</strong></span> <span class='ocrx_word' id='word_1_253' title='bbox 2054 2220 2247 2277; x_wconf 88' lang='lat' dir='ltr'><strong>lsmae-</strong></span> 
     </span>
    </p>
   </div>
   <div class='ocr_carea' id='block_1_40' title="bbox 644 2301 2248 2379">
    <p class='ocr_par' dir='ltr' id='par_1_40' title="bbox 644 2301 2248 2379">
     <span class='ocr_line' id='line_1_40' title="bbox 644 2301 2248 2379; baseline 0.009 -25"><span class='ocrx_word' id='word_1_254' title='bbox 644 2301 867 2356; x_wconf 67' lang='lat' dir='ltr'><strong>lturum</strong></span> <span class='ocrx_word' id='word_1_255' title='bbox 899 2318 964 2357; x_wconf 90' lang='lat' dir='ltr'><strong>eo</strong></span> <span class='ocrx_word' id='word_1_256' title='bbox 1002 2313 1250 2375; x_wconf 85' lang='lat' dir='ltr'><strong>tempore</strong></span> <span class='ocrx_word' id='word_1_257' title='bbox 1297 2309 1558 2379; x_wconf 84' lang='lat' dir='ltr'><strong>princeps</strong></span> <span class='ocrx_word' id='word_1_258' title='bbox 1594 2310 1906 2367; x_wconf 79' lang='lat' dir='ltr'><strong>Mamumus</strong></span> <span class='ocrx_word' id='word_1_259' title='bbox 1944 2328 2070 2368; x_wconf 89' lang='lat' dir='ltr'><strong>cum</strong></span> <span class='ocrx_word' id='word_1_260' title='bbox 2125 2314 2248 2368; x_wconf 84' lang='lat' dir='ltr'><strong>aliis</strong></span> 
     </span>
    </p>
   </div>
   <div class='ocr_carea' id='block_1_41' title="bbox 648 2395 2248 2478">
    <p class='ocr_par' dir='ltr' id='par_1_41' title="bbox 648 2395 2248 2478">
     <span class='ocr_line' id='line_1_41' title="bbox 648 2395 2248 2478; baseline 0.012 -33"><span class='ocrx_word' id='word_1_261' title='bbox 648 2395 856 2450; x_wconf 71' lang='lat' dir='ltr'><strong>Graecis</strong></span> <span class='ocrx_word' id='word_1_262' title='bbox 889 2397 1202 2469; x_wconf 88' lang='lat' dir='ltr'><strong>disciplinis</strong></span> <span class='ocrx_word' id='word_1_263' title='bbox 1233 2404 1485 2467; x_wconf 82' lang='lat' dir='ltr'><strong>vacabat,</strong></span> <span class='ocrx_word' id='word_1_264' title='bbox 1516 2412 1631 2459; x_wconf 87' lang='lat' dir='ltr'><strong>tttm</strong></span> <span class='ocrx_word' id='word_1_265' title='bbox 1686 2408 1962 2476; x_wconf 62' lang='lat' dir='ltr'><strong>praecipue</strong></span> <span class='ocrx_word' id='word_1_266' title='bbox 2027 2422 2248 2478; x_wconf 87' lang='lat' dir='ltr'><strong>geome-</strong></span> 
     </span>
    </p>
   </div>
   <div class='ocr_carea' id='block_1_42' title="bbox 653 2489 2252 2570">
    <p class='ocr_par' dir='ltr' id='par_1_42' title="bbox 653 2489 2252 2570">
     <span class='ocr_line' id='line_1_42' title="bbox 653 2489 2252 2570; baseline 0.009 -29"><span class='ocrx_word' id='word_1_267' title='bbox 653 2489 776 2543; x_wconf 69' lang='lat' dir='ltr'><strong>illa!)</strong></span> <span class='ocrx_word' id='word_1_268' title='bbox 804 2501 923 2545; x_wconf 85' lang='lat' dir='ltr'><strong>erat</strong></span> <span class='ocrx_word' id='word_1_269' title='bbox 970 2491 1208 2549; x_wconf 86' lang='lat' dir='ltr'><strong>deditus.</strong></span> <span class='ocrx_word' id='word_1_270' title='bbox 1268 2495 1487 2551; x_wconf 81' lang='lat' dir='ltr'><strong>Accidit</strong></span> <span class='ocrx_word' id='word_1_271' title='bbox 1538 2499 1837 2569; x_wconf 79' lang='lat' dir='ltr'><strong>aliquando</strong></span> <span class='ocrx_word' id='word_1_272' title='bbox 1886 2511 1945 2555; x_wconf 91' lang='lat' dir='ltr'><strong>ut</strong></span> <span class='ocrx_word' id='word_1_273' title='bbox 1996 2500 2141 2570; x_wconf 88' lang='lat' dir='ltr'><strong>ejus,</strong></span> <span class='ocrx_word' id='word_1_274' title='bbox 2183 2502 2252 2555; x_wconf 87' lang='lat' dir='ltr'><strong>de</strong></span> 
     </span>
    </p>
   </div>
   <div class='ocr_carea' id='block_1_43' title="bbox 652 2589 2252 2661">
    <p class='ocr_par' dir='ltr' id='par_1_43' title="bbox 652 2589 2252 2661">
     <span class='ocr_line' id='line_1_43' title="bbox 652 2589 2252 2661; baseline 0.01 -23"><span class='ocrx_word' id='word_1_275' title='bbox 652 2602 761 2652; x_wconf 66' lang='lat' dir='ltr'><strong>quo</strong></span> <span class='ocrx_word' id='word_1_276' title='bbox 829 2589 1101 2656; x_wconf 78' lang='lat' dir='ltr'><strong>diximus,</strong></span> <span class='ocrx_word' id='word_1_277' title='bbox 1160 2591 1668 2661; x_wconf 77' lang='lat' dir='ltr'><strong>juvenisdominus</strong></span> <span class='ocrx_word' id='word_1_278' title='bbox 1729 2597 1798 2652; x_wconf 85' lang='lat' dir='ltr'><strong>de</strong></span> <span class='ocrx_word' id='word_1_279' title='bbox 1855 2614 2252 2654; x_wconf 72' lang='lat' dir='ltr'><strong>amermumtzze</strong></span> 
     </span>
    </p>
   </div>
   <div class='ocr_carea' id='block_1_44' title="bbox 656 2680 2251 2754">
    <p class='ocr_par' dir='ltr' id='par_1_44' title="bbox 656 2680 2251 2754">
     <span class='ocr_line' id='line_1_44' title="bbox 656 2680 2251 2754; baseline 0.009 -23"><span class='ocrx_word' id='word_1_280' title='bbox 656 2682 709 2731; x_wconf 91' lang='lat' dir='ltr'><strong>iu</strong></span> <span class='ocrx_word' id='word_1_281' title='bbox 764 2680 1096 2737; x_wconf 84' lang='lat' dir='ltr'><strong>mathemata</strong></span> <span class='ocrx_word' id='word_1_282' title='bbox 1162 2694 1214 2737; x_wconf 90' lang='lat' dir='ltr'><strong>et</strong></span> <span class='ocrx_word' id='word_1_283' title='bbox 1272 2688 1629 2754; x_wconf 80' lang='lat' dir='ltr'><strong>geometriam</strong></span> <span class='ocrx_word' id='word_1_284' title='bbox 1686 2689 1868 2744; x_wconf 81' lang='lat' dir='ltr'><strong>studio</strong></span> <span class='ocrx_word' id='word_1_285' title='bbox 1916 2692 2251 2746; x_wconf 72' lang='lat' dir='ltr'><strong>mentionem</strong></span> 
     </span>
    </p>
   </div>
   <div class='ocr_carea' id='block_1_45' title="bbox 658 2770 2259 2851">
    <p class='ocr_par' dir='ltr' id='par_1_45' title="bbox 658 2770 2259 2851">
     <span class='ocr_line' id='line_1_45' title="bbox 658 2770 2259 2851; baseline 0.008 -28"><span class='ocrx_word' id='word_1_286' title='bbox 658 2770 883 2828; x_wconf 68' lang='lat' dir='ltr'><strong>t‘aet&#39;ct.</strong></span> <span class='ocrx_word' id='word_1_287' title='bbox 921 2773 996 2827; x_wconf 90' lang='lat' dir='ltr'><strong>lbi</strong></span> <span class='ocrx_word' id='word_1_288' title='bbox 1037 2780 1325 2845; x_wconf 84' lang='lat' dir='ltr'><strong>cupere&#39;se</strong></span> <span class='ocrx_word' id='word_1_289' title='bbox 1374 2794 1499 2833; x_wconf 87' lang='lat' dir='ltr'><strong>eum</strong></span> <span class='ocrx_word' id='word_1_290' title='bbox 1533 2780 1816 2851; x_wconf 85' lang='lat' dir='ltr'><strong>ipsiusque</strong></span> <span class='ocrx_word' id='word_1_291' title='bbox 1847 2784 2101 2837; x_wconf 78' lang='lat' dir='ltr'><strong>doctores</strong></span> <span class='ocrx_word' id='word_1_292' title='bbox 2159 2798 2259 2836; x_wconf 89' lang='lat' dir='ltr'><strong>an-</strong></span> 
     </span>
    </p>
   </div>
   <div class='ocr_carea' id='block_1_46' title="bbox 658 2864 2259 2942">
    <p class='ocr_par' dir='ltr' id='par_1_46' title="bbox 658 2864 2259 2942">
     <span class='ocr_line' id='line_1_46' title="bbox 658 2864 2259 2942; baseline 0.009 -28"><span class='ocrx_word' id='word_1_293' title='bbox 658 2864 778 2918; x_wconf 83' lang='lat' dir='ltr'><strong>dire</strong></span> <span class='ocrx_word' id='word_1_294' title='bbox 811 2866 1141 2921; x_wconf 80' lang='lat' dir='ltr'><strong>mentionem</strong></span> <span class='ocrx_word' id='word_1_295' title='bbox 1191 2869 1411 2938; x_wconf 81' lang='lat' dir='ltr'><strong>juvenis</strong></span> <span class='ocrx_word' id='word_1_296' title='bbox 1434 2872 1532 2937; x_wconf 86' lang='lat' dir='ltr'><strong>ait,</strong></span> <span class='ocrx_word' id='word_1_297' title='bbox 1594 2880 1649 2926; x_wconf 88' lang='lat' dir='ltr'><strong>et</strong></span> <span class='ocrx_word' id='word_1_298' title='bbox 1716 2890 1878 2942; x_wconf 79' lang='lat' dir='ltr'><strong>quam</strong></span> <span class='ocrx_word' id='word_1_299' title='bbox 1936 2875 2259 2930; x_wconf 84' lang='lat' dir='ltr'><strong>adhibercnl</strong></span> 
     </span>
    </p>
   </div>
   <div class='ocr_carea' id='block_1_47' title="bbox 661 2957 2255 3033">
    <p class='ocr_par' dir='ltr' id='par_1_47' title="bbox 661 2957 2255 3033">
     <span class='ocr_line' id='line_1_47' title="bbox 661 2957 2255 3033; baseline 0.009 -26"><span class='ocrx_word' id='word_1_300' title='bbox 661 2957 825 3009; x_wconf 70' lang='lat' dir='ltr'><strong>It&#39;blls</strong></span> <span class='ocrx_word' id='word_1_301' title='bbox 852 2959 1204 3025; x_wconf 76' lang='lat' dir='ltr'><strong>geometricis</strong></span> <span class='ocrx_word' id='word_1_302' title='bbox 1240 2961 1577 3032; x_wconf 71' lang='lat' dir='ltr'><strong>diligentiam</strong></span> <span class='ocrx_word' id='word_1_303' title='bbox 1603 2968 1912 3033; x_wconf 71' lang='lat' dir='ltr'><strong>CXplOl&#39;nl’t}.</strong></span> <span class='ocrx_word' id='word_1_304' title='bbox 1942 2965 2255 3022; x_wconf 80' lang='lat' dir='ltr'><strong>Mamnmus</strong></span> 
     </span>
    </p>
   </div>
   <div class='ocr_carea' id='block_1_48' title="bbox 662 3048 2263 3125">
    <p class='ocr_par' dir='ltr' id='par_1_48' title="bbox 662 3048 2263 3125">
     <span class='ocr_line' id='line_1_48' title="bbox 662 3048 2263 3125; baseline 0.006 -25"><span class='ocrx_word' id='word_1_305' title='bbox 662 3048 765 3100; x_wconf 82' lang='lat' dir='ltr'><strong>huc</strong></span> <span class='ocrx_word' id='word_1_306' title='bbox 798 3050 1017 3116; x_wconf 77' lang='lat' dir='ltr'><strong>cognito</strong></span> <span class='ocrx_word' id='word_1_307' title='bbox 1042 3052 1303 3119; x_wconf 86' lang='lat' dir='ltr'><strong>juvenem</strong></span> <span class='ocrx_word' id='word_1_308' title='bbox 1338 3054 1495 3109; x_wconf 74' lang='lat' dir='ltr'><strong>hctus</strong></span> <span class='ocrx_word' id='word_1_309' title='bbox 1558 3055 1722 3125; x_wconf 79' lang='lat'><strong>967</strong></span> <span class='ocrx_word' id='word_1_310' title='bbox 1747 3056 2042 3109; x_wconf 76' lang='lat' dir='ltr'><strong>admodum</strong></span> <span class='ocrx_word' id='word_1_311' title='bbox 2103 3056 2170 3108; x_wconf 90' lang='lat' dir='ltr'><strong>ad</strong></span> <span class='ocrx_word' id='word_1_312' title='bbox 2203 3071 2263 3111; x_wconf 91' lang='lat' dir='ltr'><strong>se</strong></span> 
     </span>
    </p>
   </div>
   <div class='ocr_carea' id='block_1_49' title="bbox 662 3141 2259 3215">
    <p class='ocr_par' dir='ltr' id='par_1_49' title="bbox 662 3141 2259 3215">
     <span class='ocr_line' id='line_1_49' title="bbox 662 3141 2259 3215; baseline 0.004 -25"><span class='ocrx_word' id='word_1_313' title='bbox 662 3150 845 3200; x_wconf 67' lang='lat' dir='ltr'><strong>\‘twal,</strong></span> <span class='ocrx_word' id='word_1_314' title='bbox 886 3147 940 3193; x_wconf 86' lang='lat' dir='ltr'><strong>et</strong></span> <span class='ocrx_word' id='word_1_315' title='bbox 993 3155 1061 3193; x_wconf 79' lang='lat' dir='ltr'><strong>an</strong></span> <span class='ocrx_word' id='word_1_316' title='bbox 1121 3141 1395 3211; x_wconf 85' lang='lat' dir='ltr'><strong>cognitam</strong></span> <span class='ocrx_word' id='word_1_317' title='bbox 1460 3144 1689 3197; x_wconf 75' lang='lat' dir='ltr'><strong>haberet</strong></span> <span class='ocrx_word' id='word_1_318' title='bbox 1746 3160 1864 3198; x_wconf 86' lang='lat' dir='ltr'><strong>eam</strong></span> <span class='ocrx_word' id='word_1_319' title='bbox 1911 3145 2259 3215; x_wconf 84' lang='lat' dir='ltr'><strong>disciplinam</strong></span> 
     </span>
    </p>
   </div>
   <div class='ocr_carea' id='block_1_50' title="bbox 2348 1937 3934 2010">
    <p class='ocr_par' dir='ltr' id='par_1_50' title="bbox 2348 1937 3934 2010">
     <span class='ocr_line' id='line_1_50' title="bbox 2348 1937 3934 2010; baseline 0.001 -21"><span class='ocrx_word' id='word_1_320' title='bbox 2348 1937 2662 2009; x_wconf 74' lang='grc' dir='ltr'>ἐπιστήμης</span> <span class='ocrx_word' id='word_1_321' title='bbox 2703 1941 2785 2003; x_wconf 83' lang='grc' dir='ltr'><strong>είς</strong></span> <span class='ocrx_word' id='word_1_322' title='bbox 2826 1940 2996 2010; x_wconf 72' lang='grc' dir='ltr'>ἄκρον</span> <span class='ocrx_word' id='word_1_323' title='bbox 3045 1940 3353 2007; x_wconf 84' lang='grc' dir='ltr'>ἐληλακότα</span> <span class='ocrx_word' id='word_1_324' title='bbox 3407 1940 3735 2008; x_wconf 76' lang='grc' dir='ltr'>ὑπογραφέα</span> <span class='ocrx_word' id='word_1_325' title='bbox 3777 1939 3934 2007; x_wconf 76' lang='grc' dir='ltr'>γενέ-</span> 
     </span>
    </p>
   </div>
   <div class='ocr_carea' id='block_1_51' title="bbox 2350 2025 3940 2104">
    <p class='ocr_par' dir='ltr' id='par_1_51' title="bbox 2350 2025 3940 2104">
     <span class='ocr_line' id='line_1_51' title="bbox 2350 2025 3940 2104; baseline 0.001 -20"><span class='ocrx_word' id='word_1_326' title='bbox 2350 2030 2474 2085; x_wconf 86' lang='grc' dir='ltr'>σθαι</span> <span class='ocrx_word' id='word_1_327' title='bbox 2526 2033 2674 2096; x_wconf 74' lang='grc' dir='ltr'>τινος</span> <span class='ocrx_word' id='word_1_328' title='bbox 2736 2032 3067 2103; x_wconf 85' lang='grc' dir='ltr'>στρατηγοῦ.</span> <span class='ocrx_word' id='word_1_329' title='bbox 3130 2025 3207 2086; x_wconf 81' lang='grc' dir='ltr'>Οὗ</span> <span class='ocrx_word' id='word_1_330' title='bbox 3261 2031 3558 2104; x_wconf 82' lang='grc' dir='ltr'>γενομένου</span> <span class='ocrx_word' id='word_1_331' title='bbox 3614 2032 3759 2085; x_wconf 88' lang='grc' dir='ltr'>κατά</span> <span class='ocrx_word' id='word_1_332' title='bbox 3813 2049 3940 2085; x_wconf 85' lang='grc' dir='ltr'>τινα</span> 
     </span>
    </p>
   </div>
   <div class='ocr_carea' id='block_1_52' title="bbox 2351 2122 3942 2194">
    <p class='ocr_par' dir='ltr' id='par_1_52' title="bbox 2351 2122 3942 2194">
     <span class='ocr_line' id='line_1_52' title="bbox 2351 2122 3942 2194; baseline 0.001 -19"><span class='ocrx_word' id='word_1_333' title='bbox 2351 2122 2588 2194; x_wconf 83' lang='grc' dir='ltr'>πόλεμον</span> <span class='ocrx_word' id='word_1_334' title='bbox 2635 2124 2823 2178; x_wconf 81' lang='grc' dir='ltr'>εἵπετο</span> <span class='ocrx_word' id='word_1_335' title='bbox 2848 2125 2944 2178; x_wconf 72' lang='grc' dir='ltr'>καὶ</span> <span class='ocrx_word' id='word_1_336' title='bbox 2989 2124 3178 2189; x_wconf 77' lang='grc' dir='ltr'>αὐτὸς,</span> <span class='ocrx_word' id='word_1_337' title='bbox 3236 2126 3333 2178; x_wconf 77' lang='grc' dir='ltr'>καὶ</span> <span class='ocrx_word' id='word_1_338' title='bbox 3381 2125 3592 2192; x_wconf 72' lang='grc' dir='ltr'>τροπῆς</span> <span class='ocrx_word' id='word_1_339' title='bbox 3637 2124 3942 2194; x_wconf 83' lang='grc' dir='ltr'>γενομένης</span> 
     </span>
    </p>
   </div>
   <div class='ocr_carea' id='block_1_53' title="bbox 2352 2215 3946 2287">
    <p class='ocr_par' dir='ltr' id='par_1_53' title="bbox 2352 2215 3946 2287">
     <span class='ocr_line' id='line_1_53' title="bbox 2352 2215 3946 2287; baseline -0.002 -18"><span class='ocrx_word' id='word_1_340' title='bbox 2352 2216 2651 2287; x_wconf 79' lang='grc' dir='ltr'>ζωγρεῖται</span> <span class='ocrx_word' id='word_1_341' title='bbox 2682 2217 2776 2270; x_wconf 89' lang='grc' dir='ltr'><strong>καί</strong></span> <span class='ocrx_word' id='word_1_342' title='bbox 2804 2234 2912 2270; x_wconf 91' lang='grc' dir='ltr'>τινι</span> <span class='ocrx_word' id='word_1_343' title='bbox 2940 2216 3051 2270; x_wconf 89' lang='grc' dir='ltr'><strong>τῶν</strong></span> <span class='ocrx_word' id='word_1_344' title='bbox 3077 2216 3360 2286; x_wconf 75' lang='grc' dir='ltr'>ἐπιφανῶν</span> <span class='ocrx_word' id='word_1_345' title='bbox 3393 2218 3473 2280; x_wconf 86' lang='grc' dir='ltr'><strong>είς</strong></span> <span class='ocrx_word' id='word_1_346' title='bbox 3501 2215 3749 2269; x_wconf 76' lang='grc' dir='ltr'>δουλείαν</span> <span class='ocrx_word' id='word_1_347' title='bbox 3797 2216 3946 2268; x_wconf 70' lang='grc' dir='ltr'>ἐκδίο</span> 
     </span>
    </p>
   </div>
   <div class='ocr_carea' id='block_1_54' title="bbox 2352 2306 3945 2379">
    <p class='ocr_par' dir='ltr' id='par_1_54' title="bbox 2352 2306 3945 2379">
     <span class='ocr_line' id='line_1_54' title="bbox 2352 2306 3945 2379; baseline -0.001 -17"><span class='ocrx_word' id='word_1_348' title='bbox 2352 2311 2525 2363; x_wconf 83' lang='grc' dir='ltr'>δοται.</span> <span class='ocrx_word' id='word_1_349' title='bbox 2560 2308 2620 2363; x_wconf 87' lang='grc' dir='ltr'><strong>Ὀ</strong></span> <span class='ocrx_word' id='word_1_350' title='bbox 2650 2310 2707 2363; x_wconf 82' lang='grc' dir='ltr'>δὲ</span> <span class='ocrx_word' id='word_1_351' title='bbox 2739 2308 2878 2363; x_wconf 74' lang='grc' dir='ltr'>κατὰ</span> <span class='ocrx_word' id='word_1_352' title='bbox 2903 2309 3054 2364; x_wconf 73' lang='grc' dir='ltr'>τόνδε</span> <span class='ocrx_word' id='word_1_353' title='bbox 3090 2310 3181 2364; x_wconf 75' lang='grc' dir='ltr'><strong>τὸν</strong></span> <span class='ocrx_word' id='word_1_354' title='bbox 3203 2308 3397 2379; x_wconf 80' lang='grc' dir='ltr'>καιρὸν</span> <span class='ocrx_word' id='word_1_355' title='bbox 3423 2308 3534 2361; x_wconf 89' lang='grc' dir='ltr'><strong>τῶν</strong></span> <span class='ocrx_word' id='word_1_356' title='bbox 3578 2306 3945 2378; x_wconf 78' lang='grc' dir='ltr'>Ἰσμαηλιτῶν</span> 
     </span>
    </p>
   </div>
   <div class='ocr_carea' id='block_1_55' title="bbox 2354 2397 3947 2472">
    <p class='ocr_par' dir='ltr' id='par_1_55' title="bbox 2354 2397 3947 2472">
     <span class='ocr_line' id='line_1_55' title="bbox 2354 2397 3947 2472; baseline -0.003 -20"><span class='ocrx_word' id='word_1_357' title='bbox 2354 2400 2647 2472; x_wconf 78' lang='grc' dir='ltr'>κατάρχων</span> <span class='ocrx_word' id='word_1_358' title='bbox 2687 2402 2938 2470; x_wconf 67' lang='lat' dir='ltr'><strong>May.th</strong></span> <span class='ocrx_word' id='word_1_359' title='bbox 2996 2401 3182 2464; x_wconf 80' lang='grc' dir='ltr'>ἄλλοις</span> <span class='ocrx_word' id='word_1_360' title='bbox 3225 2417 3283 2453; x_wconf 87' lang='grc' dir='ltr'><strong>τε</strong></span> <span class='ocrx_word' id='word_1_361' title='bbox 3330 2399 3653 2470; x_wconf 77' lang='grc' dir='ltr'>μαθήμασιν</span> <span class='ocrx_word' id='word_1_362' title='bbox 3696 2397 3947 2467; x_wconf 79' lang='grc' dir='ltr'>Ἐλληνι-</span> 
     </span>
    </p>
   </div>
   <div class='ocr_carea' id='block_1_56' title="bbox 2358 2490 3943 2564">
    <p class='ocr_par' dir='ltr' id='par_1_56' title="bbox 2358 2490 3943 2564">
     <span class='ocr_line' id='line_1_56' title="bbox 2358 2490 3943 2564; baseline -0.001 -20"><span class='ocrx_word' id='word_1_363' title='bbox 2358 2496 2471 2556; x_wconf 71' lang='grc' dir='ltr'>αοῖς</span> <span class='ocrx_word' id='word_1_364' title='bbox 2494 2493 2773 2564; x_wconf 73' lang='grc' dir='ltr'>σχολάζων</span> <span class='ocrx_word' id='word_1_365' title='bbox 2800 2494 2899 2548; x_wconf 67' lang='grc' dir='ltr'>καὶ</span> <span class='ocrx_word' id='word_1_366' title='bbox 2943 2493 3008 2564; x_wconf 73' lang='grc' dir='ltr'>δὴ</span> <span class='ocrx_word' id='word_1_367' title='bbox 3049 2493 3145 2547; x_wconf 72' lang='grc' dir='ltr'>καὶ</span> <span class='ocrx_word' id='word_1_368' title='bbox 3182 2492 3524 2563; x_wconf 80' lang='grc' dir='ltr'>γεωμετρίας</span> <span class='ocrx_word' id='word_1_369' title='bbox 3564 2490 3943 2561; x_wconf 76' lang='grc' dir='ltr'>διαφερόντως</span> 
     </span>
    </p>
   </div>
   <div class='ocr_carea' id='block_1_57' title="bbox 2357 2583 3950 2658">
    <p class='ocr_par' dir='ltr' id='par_1_57' title="bbox 2357 2583 3950 2658">
     <span class='ocr_line' id='line_1_57' title="bbox 2357 2583 3950 2658; baseline -0.001 -20"><span class='ocrx_word' id='word_1_370' title='bbox 2357 2586 2680 2657; x_wconf 69' lang='grc' dir='ltr'>ἐξικόμενος</span> <span class='ocrx_word' id='word_1_371' title='bbox 2704 2583 2800 2658; x_wconf 78' lang='grc' dir='ltr'><strong>ἦν.</strong></span> <span class='ocrx_word' id='word_1_372' title='bbox 2833 2588 3010 2656; x_wconf 79' lang='grc' dir='ltr'>Λόγου</span> <span class='ocrx_word' id='word_1_373' title='bbox 3042 2587 3099 2640; x_wconf 86' lang='grc' dir='ltr'><strong>δέ</strong></span> <span class='ocrx_word' id='word_1_374' title='bbox 3137 2586 3618 2657; x_wconf 41' lang='grc' dir='ltr'>ποτε-κινηθέντος</span> <span class='ocrx_word' id='word_1_375' title='bbox 3649 2586 3801 2657; x_wconf 77' lang='grc' dir='ltr'>παρᾶ</span> <span class='ocrx_word' id='word_1_376' title='bbox 3848 2584 3950 2637; x_wconf 85' lang='grc' dir='ltr'><strong>τοῦ</strong></span> 
     </span>
    </p>
   </div>
   <div class='ocr_carea' id='block_1_58' title="bbox 2359 2661 3953 2751">
    <p class='ocr_par' dir='ltr' id='par_1_58' title="bbox 2359 2679 3953 2751">
     <span class='ocr_line' id='line_1_58' title="bbox 2359 2679 3953 2751; baseline 0.001 -21"><span class='ocrx_word' id='word_1_377' title='bbox 2359 2680 2450 2731; x_wconf 70' lang='grc' dir='ltr'><strong>τον</strong></span> <span class='ocrx_word' id='word_1_378' title='bbox 2481 2680 2697 2732; x_wconf 83' lang='grc' dir='ltr'>νεανίαν</span> <span class='ocrx_word' id='word_1_379' title='bbox 2729 2680 2947 2751; x_wconf 83' lang='grc' dir='ltr'>ἔχοντος</span> <span class='ocrx_word' id='word_1_380' title='bbox 2977 2680 3242 2733; x_wconf 70' lang='grc' dir='ltr'>δεσπότου</span> <span class='ocrx_word' id='word_1_381' title='bbox 3288 2681 3420 2750; x_wconf 68' lang='grc' dir='ltr'>περὶ</span> <span class='ocrx_word' id='word_1_382' title='bbox 3444 2679 3546 2748; x_wconf 77' lang='grc' dir='ltr'>τῆς</span> <span class='ocrx_word' id='word_1_383' title='bbox 3573 2680 3655 2742; x_wconf 79' lang='grc' dir='ltr'><strong>είς</strong></span> <span class='ocrx_word' id='word_1_384' title='bbox 3677 2679 3746 2731; x_wconf 64' lang='grc' dir='ltr'><strong>τά</strong></span> <span class='ocrx_word' id='word_1_385' title='bbox 3770 2679 3953 2747; x_wconf 83' lang='grc' dir='ltr'>μαθή-</span> 
     </span>
    </p>
   </div>
   <div class='ocr_carea' id='block_1_59' title="bbox 2366 2770 3953 2844">
    <p class='ocr_par' dir='ltr' id='par_1_59' title="bbox 2366 2770 3953 2844">
     <span class='ocr_line' id='line_1_59' title="bbox 2366 2770 3953 2844; baseline -0.002 -20"><span class='ocrx_word' id='word_1_386' title='bbox 2366 2789 2513 2841; x_wconf 88' lang='grc' dir='ltr'>ματα</span> <span class='ocrx_word' id='word_1_387' title='bbox 2551 2773 2788 2843; x_wconf 76' lang='grc' dir='ltr'>σπουδῆς</span> <span class='ocrx_word' id='word_1_388' title='bbox 2833 2774 2927 2827; x_wconf 88' lang='grc' dir='ltr'><strong>τοῦ</strong></span> <span class='ocrx_word' id='word_1_389' title='bbox 2961 2772 3330 2844; x_wconf 79' lang='grc' dir='ltr'>ἁμερμουμνῆ</span> <span class='ocrx_word' id='word_1_390' title='bbox 3385 2774 3480 2827; x_wconf 75' lang='grc' dir='ltr'>καὶ</span> <span class='ocrx_word' id='word_1_391' title='bbox 3528 2773 3629 2842; x_wconf 75' lang='grc' dir='ltr'>τῆς</span> <span class='ocrx_word' id='word_1_392' title='bbox 3663 2773 3794 2842; x_wconf 68' lang='grc' dir='ltr'>περὶ</span> <span class='ocrx_word' id='word_1_393' title='bbox 3850 2770 3953 2839; x_wconf 77' lang='grc' dir='ltr'>τὴν</span> 
     </span>
    </p>
   </div>
   <div class='ocr_carea' id='block_1_60' title="bbox 2361 2857 3954 2935">
    <p class='ocr_par' dir='ltr' id='par_1_60' title="bbox 2361 2857 3954 2935">
     <span class='ocr_line' id='line_1_60' title="bbox 2361 2857 3954 2935; baseline -0.004 -17"><span class='ocrx_word' id='word_1_394' title='bbox 2361 2865 2708 2935; x_wconf 77' lang='grc' dir='ltr'>γεωμετρίαν</span> <span class='ocrx_word' id='word_1_395' title='bbox 2739 2866 3081 2934; x_wconf 77' lang='grc' dir='ltr'>ἐπιμελείας,</span> <span class='ocrx_word' id='word_1_396' title='bbox 3117 2866 3407 2918; x_wconf 74' lang='grc' dir='ltr'>«Ἃκοῦσαι</span> <span class='ocrx_word' id='word_1_397' title='bbox 3438 2862 3696 2928; x_wconf 74' lang='grc' dir='ltr'>τοῦτον,ι</span> <span class='ocrx_word' id='word_1_398' title='bbox 3730 2857 3889 2916; x_wconf 78' lang='grc' dir='ltr'>εἶπεν</span> <span class='ocrx_word' id='word_1_399' title='bbox 3924 2864 3954 2912; x_wconf 71' lang='grc' dir='ltr'><strong>ο</strong></span> 
     </span>
    </p>
   </div>
   <div class='ocr_carea' id='block_1_61' title="bbox 2364 2957 3955 3030">
    <p class='ocr_par' dir='ltr' id='par_1_61' title="bbox 2364 2957 3955 3030">
     <span class='ocr_line' id='line_1_61' title="bbox 2364 2957 3955 3030; baseline -0.004 -19"><span class='ocrx_word' id='word_1_400' title='bbox 2364 2959 2630 3025; x_wconf 79' lang='grc' dir='ltr'>νεανίας,‹</span> <span class='ocrx_word' id='word_1_401' title='bbox 2660 2959 2914 3030; x_wconf 78' lang='grc' dir='ltr'>ἐπιθυμῶ</span> <span class='ocrx_word' id='word_1_402' title='bbox 2938 2961 3033 3013; x_wconf 75' lang='grc' dir='ltr'><strong>καὶ</strong></span> <span class='ocrx_word' id='word_1_403' title='bbox 3055 2958 3164 3013; x_wconf 89' lang='grc' dir='ltr'><strong>τῶν</strong></span> <span class='ocrx_word' id='word_1_404' title='bbox 3186 2958 3352 3013; x_wconf 72' lang='grc' dir='ltr'>αὐτοῦ</span> <span class='ocrx_word' id='word_1_405' title='bbox 3377 2958 3735 3021; x_wconf 81' lang='grc' dir='ltr'>διδασκάλων,</span> <span class='ocrx_word' id='word_1_406' title='bbox 3760 2957 3857 3009; x_wconf 69' lang='grc' dir='ltr'>καὶ</span> <span class='ocrx_word' id='word_1_407' title='bbox 3886 2957 3921 3025; x_wconf 73' lang='grc' dir='ltr'>ἦ</span> <span class='ocrx_word' id='word_1_408' title='bbox 3942 2979 3955 3006; x_wconf 78' lang='grc' dir='ltr'><strong>ι</strong></span> 
     </span>
    </p>
   </div>
   <div class='ocr_carea' id='block_1_62' title="bbox 2368 3048 3950 3123">
    <p class='ocr_par' dir='ltr' id='par_1_62' title="bbox 2368 3048 3950 3123">
     <span class='ocr_line' id='line_1_62' title="bbox 2368 3048 3950 3123; baseline -0.003 -20"><span class='ocrx_word' id='word_1_409' title='bbox 2368 3051 2548 3120; x_wconf 77' lang='grc' dir='ltr'>ἔχουσι</span> <span class='ocrx_word' id='word_1_410' title='bbox 2579 3053 2706 3123; x_wconf 71' lang='grc' dir='ltr'>περὶ</span> <span class='ocrx_word' id='word_1_411' title='bbox 2737 3052 2836 3121; x_wconf 74' lang='grc' dir='ltr'>τὴν</span> <span class='ocrx_word' id='word_1_412' title='bbox 2866 3051 3217 3121; x_wconf 77' lang='grc' dir='ltr'>γεωμετρίαν</span> <span class='ocrx_word' id='word_1_413' title='bbox 3253 3050 3592 3117; x_wconf 79' lang='grc' dir='ltr'>κατανοῆσαι</span> <span class='ocrx_word' id='word_1_414' title='bbox 3623 3048 3884 3117; x_wconf 80' lang='grc' dir='ltr'>σπουδήν.</span> <span class='ocrx_word' id='word_1_415' title='bbox 3930 3064 3950 3098; x_wconf 76' lang='grc' dir='ltr'><strong>ι</strong></span> 
     </span>
    </p>
   </div>
   <div class='ocr_carea' id='block_1_63' title="bbox 2371 3141 3956 3214">
    <p class='ocr_par' dir='ltr' id='par_1_63' title="bbox 2371 3141 3956 3214">
     <span class='ocr_line' id='line_1_63' title="bbox 2371 3141 3956 3214; baseline -0.001 -20"><span class='ocrx_word' id='word_1_416' title='bbox 2371 3142 2586 3210; x_wconf 84' lang='grc' dir='ltr'>Ἐμαθε</span> <span class='ocrx_word' id='word_1_417' title='bbox 2638 3142 2854 3197; x_wconf 74' lang='grc' dir='ltr'>τοῦτ·οὸ</span> <span class='ocrx_word' id='word_1_418' title='bbox 2900 3144 3169 3214; x_wconf 72' lang='grc' dir='ltr'>Μαμοὶιμ,</span> <span class='ocrx_word' id='word_1_419' title='bbox 3231 3145 3326 3197; x_wconf 69' lang='grc' dir='ltr'>καὶ</span> <span class='ocrx_word' id='word_1_420' title='bbox 3392 3142 3531 3213; x_wconf 82' lang='grc' dir='ltr'>μετᾶ</span> <span class='ocrx_word' id='word_1_421' title='bbox 3592 3141 3956 3211; x_wconf 75' lang='grc' dir='ltr'>περιχαρείας</span> 
     </span>
    </p>
   </div>
   <div class='ocr_carea' id='block_1_64' title="bbox 663 3226 2258 3307">
    <p class='ocr_par' dir='ltr' id='par_1_64' title="bbox 663 3230 2258 3306">
     <span class='ocr_line' id='line_1_64' title="bbox 663 3230 2258 3306; baseline 0.005 -23"><span class='ocrx_word' id='word_1_422' title='bbox 663 3230 884 3299; x_wconf 72' lang='lat' dir='ltr'><strong>quzriit,</strong></span> <span class='ocrx_word' id='word_1_423' title='bbox 920 3240 974 3284; x_wconf 79' lang='lat' dir='ltr'><strong>et</strong></span> <span class='ocrx_word' id='word_1_424' title='bbox 1016 3233 1183 3286; x_wconf 79' lang='lat' dir='ltr'><strong>aieuti</strong></span> <span class='ocrx_word' id='word_1_425' title='bbox 1234 3233 1393 3288; x_wconf 79' lang='lat' dir='ltr'><strong>[idem</strong></span> <span class='ocrx_word' id='word_1_426' title='bbox 1431 3233 1680 3305; x_wconf 71' lang='lat' dir='ltr'><strong>derogat,</strong></span> <span class='ocrx_word' id='word_1_427' title='bbox 1714 3252 1777 3290; x_wconf 88' lang='lat' dir='ltr'><strong>c0</strong></span> <span class='ocrx_word' id='word_1_428' title='bbox 1811 3245 2057 3306; x_wconf 81' lang='lat' dir='ltr'><strong>tempore</strong></span> <span class='ocrx_word' id='word_1_429' title='bbox 2087 3239 2258 3291; x_wconf 89' lang='lat' dir='ltr'><strong>nemi-</strong></span> 
     </span>
    </p>
   </div>
   <div class='ocr_carea' id='block_1_65' title="bbox 2365 3226 3958 3307">
    <p class='ocr_par' dir='ltr' id='par_1_65' title="bbox 2368 3234 3958 3307">
     <span class='ocr_line' id='line_1_65' title="bbox 2368 3234 3958 3307; baseline -0.002 -21"><span class='ocrx_word' id='word_1_430' title='bbox 2368 3235 2705 3288; x_wconf 83' lang='grc' dir='ltr'>είσκαλεῖται</span> <span class='ocrx_word' id='word_1_431' title='bbox 2751 3236 2844 3289; x_wconf 75' lang='grc' dir='ltr'>τὸν</span> <span class='ocrx_word' id='word_1_432' title='bbox 2900 3237 3019 3290; x_wconf 83' lang='grc' dir='ltr'>νέον</span> <span class='ocrx_word' id='word_1_433' title='bbox 3078 3236 3303 3307; x_wconf 80' lang='grc' dir='ltr'>πολλῆς,</span> <span class='ocrx_word' id='word_1_434' title='bbox 3352 3237 3446 3290; x_wconf 68' lang='grc' dir='ltr'><strong>κα)⁸</strong></span> <span class='ocrx_word' id='word_1_435' title='bbox 3503 3234 3958 3306; x_wconf 80' lang='grc' dir='ltr'>παραγενόμενον</span> 
     </span>
    </p>
   </div>
   <div class='ocr_carea' id='block_1_66' title="bbox 666 3328 2262 3399">
    <p class='ocr_par' dir='ltr' id='par_1_66' title="bbox 666 3328 2262 3399">
     <span class='ocr_line' id='line_1_66' title="bbox 666 3328 2262 3399; baseline 0.005 -24"><span class='ocrx_word' id='word_1_436' title='bbox 666 3338 790 3375; x_wconf 62' lang='grc' dir='ltr'>ιιιηιη</span> <span class='ocrx_word' id='word_1_437' title='bbox 858 3333 1057 3390; x_wconf 60' lang='grc' dir='ltr'>ναι-ιιι·</span> <span class='ocrx_word' id='word_1_438' title='bbox 1118 3339 1251 3379; x_wconf 83' lang='lat' dir='ltr'><strong>suos</strong></span> <span class='ocrx_word' id='word_1_439' title='bbox 1312 3328 1608 3395; x_wconf 71' lang='lat' dir='ltr'><strong>magistros</strong></span> <span class='ocrx_word' id='word_1_440' title='bbox 1667 3329 1979 3397; x_wconf 76' lang='lat' dir='ltr'><strong>geometria:</strong></span> <span class='ocrx_word' id='word_1_441' title='bbox 2031 3345 2262 3399; x_wconf 80' lang='lat' dir='ltr'><strong>gnaram</strong></span> 
     </span>
    </p>
   </div>
   <div class='ocr_carea' id='block_1_67' title="bbox 665 3415 2262 3488">
    <p class='ocr_par' dir='ltr' id='par_1_67' title="bbox 665 3415 2262 3488">
     <span class='ocr_line' id='line_1_67' title="bbox 665 3415 2262 3488; baseline 0.004 -21"><span class='ocrx_word' id='word_1_442' title='bbox 665 3430 786 3468; x_wconf 56' lang='lat' dir='ltr'><strong>esse</strong></span> <span class='ocrx_word' id='word_1_443' title='bbox 807 3424 1007 3469; x_wconf 77' lang='lat' dir='ltr'><strong>conten</strong></span> <span class='ocrx_word' id='word_1_444' title='bbox 1034 3418 1169 3471; x_wconf 66' lang='lat' dir='ltr'><strong>iens.</strong></span> <span class='ocrx_word' id='word_1_445' title='bbox 1201 3415 1262 3471; x_wconf 79' lang='lat' dir='ltr'><strong>lu</strong></span> <span class='ocrx_word' id='word_1_446' title='bbox 1276 3421 1423 3475; x_wconf 84' lang='lat' dir='ltr'><strong>venis</strong></span> <span class='ocrx_word' id='word_1_447' title='bbox 1453 3435 1650 3488; x_wconf 88' lang='lat' dir='ltr'><strong>cupere</strong></span> <span class='ocrx_word' id='word_1_448' title='bbox 1676 3436 1733 3475; x_wconf 86' lang='lat' dir='ltr'><strong>se</strong></span> <span class='ocrx_word' id='word_1_449' title='bbox 1762 3436 1951 3476; x_wconf 85' lang='lat' dir='ltr'><strong>eorum</strong></span> <span class='ocrx_word' id='word_1_450' title='bbox 1971 3422 2262 3478; x_wconf 81' lang='lat' dir='ltr'><strong>scientiam</strong></span> 
     </span>
    </p>
   </div>
   <div class='ocr_carea' id='block_1_68' title="bbox 666 3510 2265 3582">
    <p class='ocr_par' dir='ltr' id='par_1_68' title="bbox 666 3510 2265 3582">
     <span class='ocr_line' id='line_1_68' title="bbox 666 3510 2265 3582; baseline 0.003 -21"><span class='ocrx_word' id='word_1_451' title='bbox 666 3510 986 3563; x_wconf 66' lang='lat' dir='ltr'><strong>exanimare</strong></span> <span class='ocrx_word' id='word_1_452' title='bbox 1016 3527 1140 3563; x_wconf 87' lang='lat' dir='ltr'><strong>cum</strong></span> <span class='ocrx_word' id='word_1_453' title='bbox 1178 3510 1408 3575; x_wconf 84' lang='lat' dir='ltr'><strong>diceret,</strong></span> <span class='ocrx_word' id='word_1_454' title='bbox 1442 3512 1627 3565; x_wconf 84' lang='lat' dir='ltr'><strong>statim</strong></span> <span class='ocrx_word' id='word_1_455' title='bbox 1682 3513 1719 3566; x_wconf 88' lang='lat' dir='ltr'><strong>ii</strong></span> <span class='ocrx_word' id='word_1_456' title='bbox 1767 3522 1969 3582; x_wconf 74' lang='lat' dir='ltr'><strong>prmsto</strong></span> <span class='ocrx_word' id='word_1_457' title='bbox 2019 3512 2265 3576; x_wconf 85' lang='lat' dir='ltr'><strong>luerunt,</strong></span> 
     </span>
    </p>
   </div>
   <div class='ocr_carea' id='block_1_69' title="bbox 673 3604 2265 3677">
    <p class='ocr_par' dir='ltr' id='par_1_69' title="bbox 673 3604 2265 3677">
     <span class='ocr_line' id='line_1_69' title="bbox 673 3604 2265 3677; baseline 0.005 -24"><span class='ocrx_word' id='word_1_458' title='bbox 673 3604 987 3671; x_wconf 63' lang='lat' dir='ltr'><strong>ligurastlue</strong></span> <span class='ocrx_word' id='word_1_459' title='bbox 1019 3604 1183 3657; x_wconf 85' lang='lat' dir='ltr'><strong>trium</strong></span> <span class='ocrx_word' id='word_1_460' title='bbox 1213 3613 1267 3659; x_wconf 87' lang='lat' dir='ltr'><strong>et</strong></span> <span class='ocrx_word' id='word_1_461' title='bbox 1298 3614 1543 3675; x_wconf 82' lang='lat' dir='ltr'><strong>quatuor</strong></span> <span class='ocrx_word' id='word_1_462' title='bbox 1590 3607 1928 3677; x_wconf 81' lang='lat' dir='ltr'><strong>angulorum</strong></span> <span class='ocrx_word' id='word_1_463' title='bbox 1956 3606 2265 3675; x_wconf 85' lang='lat' dir='ltr'><strong>descripse—</strong></span> 
     </span>
    </p>
   </div>
   <div class='ocr_carea' id='block_1_70' title="bbox 670 3696 2270 3769">
    <p class='ocr_par' dir='ltr' id='par_1_70' title="bbox 670 3696 2270 3769">
     <span class='ocr_line' id='line_1_70' title="bbox 670 3696 2270 3769; baseline 0.004 -22"><span class='ocrx_word' id='word_1_464' title='bbox 670 3703 820 3759; x_wconf 85' lang='lat' dir='ltr'><strong>runt,</strong></span> <span class='ocrx_word' id='word_1_465' title='bbox 859 3702 912 3749; x_wconf 88' lang='lat' dir='ltr'><strong>et</strong></span> <span class='ocrx_word' id='word_1_466' title='bbox 940 3696 994 3749; x_wconf 90' lang='lat' dir='ltr'><strong>in</strong></span> <span class='ocrx_word' id='word_1_467' title='bbox 1030 3698 1270 3751; x_wconf 84' lang='lat' dir='ltr'><strong>medium</strong></span> <span class='ocrx_word' id='word_1_468' title='bbox 1333 3713 1580 3754; x_wconf 82' lang='lat' dir='ltr'><strong>canones</strong></span> <span class='ocrx_word' id='word_1_469' title='bbox 1617 3700 2017 3769; x_wconf 79' lang='lat' dir='ltr'><strong>principiorum</strong></span> <span class='ocrx_word' id='word_1_470' title='bbox 2049 3714 2270 3769; x_wconf 72' lang='lat' dir='ltr'><strong>geome-</strong></span> 
     </span>
    </p>
   </div>
   <div class='ocr_carea' id='block_1_71' title="bbox 669 3787 2269 3862">
    <p class='ocr_par' dir='ltr' id='par_1_71' title="bbox 669 3787 2269 3862">
     <span class='ocr_line' id='line_1_71' title="bbox 669 3787 2269 3862; baseline 0.004 -22"><span class='ocrx_word' id='word_1_471' title='bbox 669 3787 788 3840; x_wconf 79' lang='lat' dir='ltr'><strong>t:i.i-</strong></span> <span class='ocrx_word' id='word_1_472' title='bbox 822 3789 1194 3852; x_wconf 83' lang='lat' dir='ltr'><strong>adduxerunt,</strong></span> <span class='ocrx_word' id='word_1_473' title='bbox 1259 3792 1482 3845; x_wconf 88' lang='lat' dir='ltr'><strong>nomina</strong></span> <span class='ocrx_word' id='word_1_474' title='bbox 1547 3792 1845 3861; x_wconf 82' lang='lat' dir='ltr'><strong>ﬁgurarum</strong></span> <span class='ocrx_word' id='word_1_475' title='bbox 1907 3801 2269 3862; x_wconf 78' lang='lat' dir='ltr'><strong>exponentes,</strong></span> 
     </span>
    </p>
   </div>
   <div class='ocr_carea' id='block_1_72' title="bbox 672 3880 2274 3953">
    <p class='ocr_par' dir='ltr' id='par_1_72' title="bbox 672 3880 2274 3953">
     <span class='ocr_line' id='line_1_72' title="bbox 672 3880 2274 3953; baseline 0.003 -22"><span class='ocrx_word' id='word_1_476' title='bbox 672 3880 823 3931; x_wconf 85' lang='lat' dir='ltr'><strong>nulla</strong></span> <span class='ocrx_word' id='word_1_477' title='bbox 852 3881 1070 3935; x_wconf 83' lang='lat' dir='ltr'><strong>interim</strong></span> <span class='ocrx_word' id='word_1_478' title='bbox 1112 3882 1322 3936; x_wconf 89' lang='lat' dir='ltr'><strong>reddita</strong></span> <span class='ocrx_word' id='word_1_479' title='bbox 1389 3898 1556 3939; x_wconf 84' lang='lat' dir='ltr'><strong>causa</strong></span> <span class='ocrx_word' id='word_1_480' title='bbox 1620 3892 1715 3937; x_wconf 90' lang='lat' dir='ltr'><strong>aut</strong></span> <span class='ocrx_word' id='word_1_481' title='bbox 1778 3884 1993 3953; x_wconf 88' lang='lat' dir='ltr'><strong>prolata</strong></span> <span class='ocrx_word' id='word_1_482' title='bbox 2044 3882 2274 3938; x_wconf 82' lang='lat' dir='ltr'><strong>demon-</strong></span> 
     </span>
    </p>
   </div>
   <div class='ocr_carea' id='block_1_73' title="bbox 675 3970 2272 4043">
    <p class='ocr_par' dir='ltr' id='par_1_73' title="bbox 675 3970 2272 4043">
     <span class='ocr_line' id='line_1_73' title="bbox 675 3970 2272 4043; baseline 0.002 -20"><span class='ocrx_word' id='word_1_483' title='bbox 675 3971 963 4025; x_wconf 86' lang='lat' dir='ltr'><strong>stratione.</strong></span> <span class='ocrx_word' id='word_1_484' title='bbox 999 3970 1105 4026; x_wconf 81' lang='lat' dir='ltr'><strong>Eos</strong></span> <span class='ocrx_word' id='word_1_485' title='bbox 1144 3988 1270 4026; x_wconf 85' lang='lat' dir='ltr'><strong>cum</strong></span> <span class='ocrx_word' id='word_1_486' title='bbox 1323 3972 1509 4028; x_wconf 89' lang='lat' dir='ltr'><strong>animo</strong></span> <span class='ocrx_word' id='word_1_487' title='bbox 1545 3973 1721 4028; x_wconf 87' lang='lat' dir='ltr'><strong>elatos</strong></span> <span class='ocrx_word' id='word_1_488' title='bbox 1773 3976 1987 4043; x_wconf 85' lang='lat' dir='ltr'><strong>jactare</strong></span> <span class='ocrx_word' id='word_1_489' title='bbox 2029 3988 2152 4028; x_wconf 91' lang='lat' dir='ltr'><strong>sese</strong></span> <span class='ocrx_word' id='word_1_490' title='bbox 2201 3972 2272 4027; x_wconf 91' lang='lat' dir='ltr'><strong>ob</strong></span> 
     </span>
    </p>
   </div>
   <div class='ocr_carea' id='block_1_74' title="bbox 678 4064 2270 4136">
    <p class='ocr_par' dir='ltr' id='par_1_74' title="bbox 678 4064 2270 4136">
     <span class='ocr_line' id='line_1_74' title="bbox 678 4064 2270 4136; baseline 0.006 -23"><span class='ocrx_word' id='word_1_491' title='bbox 678 4064 1108 4133; x_wconf 73' lang='lat' dir='ltr'><strong>descriptionem</strong></span> <span class='ocrx_word' id='word_1_492' title='bbox 1192 4064 1489 4135; x_wconf 83' lang='lat' dir='ltr'><strong>ﬁgurarum</strong></span> <span class='ocrx_word' id='word_1_493' title='bbox 1578 4065 1790 4121; x_wconf 85' lang='lat' dir='ltr'><strong>videret</strong></span> <span class='ocrx_word' id='word_1_494' title='bbox 1848 4066 2092 4136; x_wconf 82' lang='lat' dir='ltr'><strong>juvenis,</strong></span> <span class='ocrx_word' id='word_1_495' title='bbox 2160 4064 2270 4118; x_wconf 70' lang='lat' dir='ltr'><strong>«In</strong></span> 
     </span>
    </p>
   </div>
   <div class='ocr_carea' id='block_1_75' title="bbox 680 4156 2275 4227">
    <p class='ocr_par' dir='ltr' id='par_1_75' title="bbox 680 4156 2275 4227">
     <span class='ocr_line' id='line_1_75' title="bbox 680 4156 2275 4227; baseline 0.004 -20"><span class='ocrx_word' id='word_1_496' title='bbox 680 4158 853 4221; x_wconf 83' lang='lat' dir='ltr'><strong>muni,</strong></span> <span class='ocrx_word' id='word_1_497' title='bbox 894 4156 1093 4225; x_wconf 83' lang='lat' dir='ltr'><strong>inquit,</strong></span> <span class='ocrx_word' id='word_1_498' title='bbox 1148 4158 1365 4210; x_wconf 87' lang='lat' dir='ltr'><strong>ratione</strong></span> <span class='ocrx_word' id='word_1_499' title='bbox 1421 4166 1590 4227; x_wconf 78' lang='lat' dir='ltr'><strong>atque</strong></span> <span class='ocrx_word' id='word_1_500' title='bbox 1621 4174 1680 4213; x_wconf 90' lang='lat' dir='ltr'><strong>re</strong></span> <span class='ocrx_word' id='word_1_501' title='bbox 1730 4173 1955 4212; x_wconf 88' lang='lat' dir='ltr'><strong>causam</strong></span> <span class='ocrx_word' id='word_1_502' title='bbox 1980 4158 2275 4214; x_wconf 89' lang='lat' dir='ltr'><strong>continens</strong></span> 
     </span>
    </p>
   </div>
   <div class='ocr_carea' id='block_1_76' title="bbox 681 4248 2276 4319">
    <p class='ocr_par' dir='ltr' id='par_1_76' title="bbox 681 4248 2276 4319">
     <span class='ocr_line' id='line_1_76' title="bbox 681 4248 2276 4319; baseline 0.002 -18"><span class='ocrx_word' id='word_1_503' title='bbox 681 4248 1086 4303; x_wconf 81' lang='lat' dir='ltr'><strong>demonstratio</strong></span> <span class='ocrx_word' id='word_1_504' title='bbox 1145 4250 1455 4319; x_wconf 75' lang='lat' dir='ltr'><strong>principem</strong></span> <span class='ocrx_word' id='word_1_505' title='bbox 1519 4251 1733 4304; x_wconf 87' lang='lat' dir='ltr'><strong>obtinet</strong></span> <span class='ocrx_word' id='word_1_506' title='bbox 1779 4252 1981 4306; x_wconf 87' lang='lat' dir='ltr'><strong>locum.</strong></span> <span class='ocrx_word' id='word_1_507' title='bbox 2017 4249 2136 4316; x_wconf 83' lang='lat' dir='ltr'><strong>Qua</strong></span> <span class='ocrx_word' id='word_1_508' title='bbox 2179 4266 2276 4305; x_wconf 82' lang='lat' dir='ltr'><strong>vos</strong></span> 
     </span>
    </p>
   </div>
   <div class='ocr_carea' id='block_1_77' title="bbox 681 4342 2273 4412">
    <p class='ocr_par' dir='ltr' id='par_1_77' title="bbox 681 4342 2273 4412">
     <span class='ocr_line' id='line_1_77' title="bbox 681 4342 2273 4412; baseline 0.004 -19"><span class='ocrx_word' id='word_1_509' title='bbox 681 4342 914 4406; x_wconf 74' lang='lat' dir='ltr'><strong>omissa,</strong></span> <span class='ocrx_word' id='word_1_510' title='bbox 945 4357 1071 4394; x_wconf 81' lang='lat' dir='ltr'><strong>cum</strong></span> <span class='ocrx_word' id='word_1_511' title='bbox 1102 4356 1227 4397; x_wconf 84' lang='lat' dir='ltr'><strong>esse</strong></span> <span class='ocrx_word' id='word_1_512' title='bbox 1264 4358 1376 4397; x_wconf 88' lang='lat' dir='ltr'><strong>rem</strong></span> <span class='ocrx_word' id='word_1_513' title='bbox 1414 4344 1806 4397; x_wconf 89' lang='lat' dir='ltr'><strong>tantummodo</strong></span> <span class='ocrx_word' id='word_1_514' title='bbox 1863 4344 2089 4407; x_wconf 83' lang='lat' dir='ltr'><strong>dicatis,</strong></span> <span class='ocrx_word' id='word_1_515' title='bbox 2135 4359 2273 4412; x_wconf 63' lang='lat' dir='ltr'><strong>pra!-</strong></span> 
     </span>
    </p>
   </div>
   <div class='ocr_carea' id='block_1_78' title="bbox 683 4434 2270 4502">
    <p class='ocr_par' dir='ltr' id='par_1_78' title="bbox 683 4434 2270 4502">
     <span class='ocr_line' id='line_1_78' title="bbox 683 4434 2270 4502; baseline 0.001 -17"><span class='ocrx_word' id='word_1_516' title='bbox 683 4435 844 4502; x_wconf 81' lang='lat' dir='ltr'><strong>cipua</strong></span> <span class='ocrx_word' id='word_1_517' title='bbox 877 4434 1197 4502; x_wconf 84' lang='lat' dir='ltr'><strong>ignorantes</strong></span> <span class='ocrx_word' id='word_1_518' title='bbox 1226 4434 1482 4489; x_wconf 81' lang='lat' dir='ltr'><strong>videmini</strong></span> <span class='ocrx_word' id='word_1_519' title='bbox 1511 4435 1643 4489; x_wconf 88' lang='lat' dir='ltr'><strong>mihi</strong></span> <span class='ocrx_word' id='word_1_520' title='bbox 1671 4452 1778 4489; x_wconf 91' lang='lat' dir='ltr'><strong>nou</strong></span> <span class='ocrx_word' id='word_1_521' title='bbox 1803 4437 1995 4490; x_wconf 87' lang='lat' dir='ltr'><strong>leviter</strong></span> <span class='ocrx_word' id='word_1_522' title='bbox 2021 4452 2228 4492; x_wconf 88' lang='lat' dir='ltr'><strong>errare.</strong></span> <span class='ocrx_word' id='word_1_523' title='bbox 2253 4456 2270 4486; x_wconf 74' lang='grc' dir='ltr'><strong>ι</strong></span> 
     </span>
    </p>
   </div>
   <div class='ocr_carea' id='block_1_79' title="bbox 686 4527 2275 4599">
    <p class='ocr_par' dir='ltr' id='par_1_79' title="bbox 686 4527 2275 4599">
     <span class='ocr_line' id='line_1_79' title="bbox 686 4527 2275 4599; baseline 0 -18"><span class='ocrx_word' id='word_1_524' title='bbox 686 4527 1037 4581; x_wconf 70' lang='lat' dir='ltr'><strong>llaercntihus</strong></span> <span class='ocrx_word' id='word_1_525' title='bbox 1092 4527 1162 4582; x_wconf 91' lang='lat' dir='ltr'><strong>iis</strong></span> <span class='ocrx_word' id='word_1_526' title='bbox 1216 4536 1273 4583; x_wconf 85' lang='lat' dir='ltr'><strong>et</strong></span> <span class='ocrx_word' id='word_1_527' title='bbox 1336 4540 1391 4582; x_wconf 91' lang='lat' dir='ltr'><strong>ut</strong></span> <span class='ocrx_word' id='word_1_528' title='bbox 1451 4544 1652 4585; x_wconf 81' lang='lat' dir='ltr'><strong>causas</strong></span> <span class='ocrx_word' id='word_1_529' title='bbox 1739 4530 1857 4599; x_wconf 91' lang='lat' dir='ltr'><strong>ipse</strong></span> <span class='ocrx_word' id='word_1_530' title='bbox 1923 4531 2275 4584; x_wconf 86' lang='lat' dir='ltr'><strong>demonstra-</strong></span> 
     </span>
    </p>
   </div>
   <div class='ocr_carea' id='block_1_80' title="bbox 689 4618 2273 4691">
    <p class='ocr_par' dir='ltr' id='par_1_80' title="bbox 689 4618 2273 4691">
     <span class='ocr_line' id='line_1_80' title="bbox 689 4618 2273 4691; baseline 0.001 -19"><span class='ocrx_word' id='word_1_531' title='bbox 689 4627 771 4673; x_wconf 80' lang='lat' dir='ltr'><strong>ret</strong></span> <span class='ocrx_word' id='word_1_532' title='bbox 844 4618 1176 4688; x_wconf 87' lang='lat' dir='ltr'><strong>petentibus,</strong></span> <span class='ocrx_word' id='word_1_533' title='bbox 1244 4636 1344 4674; x_wconf 89' lang='lat' dir='ltr'><strong>cur</strong></span> <span class='ocrx_word' id='word_1_534' title='bbox 1401 4621 1609 4690; x_wconf 81' lang='lat' dir='ltr'><strong>qtnevis</strong></span> <span class='ocrx_word' id='word_1_535' title='bbox 1666 4622 1839 4691; x_wconf 79' lang='lat' dir='ltr'><strong>ligura</strong></span> <span class='ocrx_word' id='word_1_536' title='bbox 1908 4623 2011 4674; x_wconf 89' lang='lat' dir='ltr'><strong>hoc</strong></span> <span class='ocrx_word' id='word_1_537' title='bbox 2077 4636 2273 4675; x_wconf 90' lang='lat' dir='ltr'><strong>nomen</strong></span> 
     </span>
    </p>
   </div>
   <div class='ocr_carea' id='block_1_81' title="bbox 689 4710 2286 4779">
    <p class='ocr_par' dir='ltr' id='par_1_81' title="bbox 689 4710 2286 4779">
     <span class='ocr_line' id='line_1_81' title="bbox 689 4710 2286 4779; baseline 0.001 -14"><span class='ocrx_word' id='word_1_538' title='bbox 689 4717 745 4765; x_wconf 86' lang='lat' dir='ltr'><strong>et</strong></span> <span class='ocrx_word' id='word_1_539' title='bbox 825 4710 966 4762; x_wconf 89' lang='lat' dir='ltr'><strong>hanc</strong></span> <span class='ocrx_word' id='word_1_540' title='bbox 1026 4710 1453 4766; x_wconf 86' lang='lat' dir='ltr'><strong>delineationem</strong></span> <span class='ocrx_word' id='word_1_541' title='bbox 1524 4714 1773 4779; x_wconf 88' lang='lat' dir='ltr'><strong>haberet,</strong></span> <span class='ocrx_word' id='word_1_542' title='bbox 1834 4712 2028 4767; x_wconf 90' lang='lat' dir='ltr'><strong>ordine</strong></span> <span class='ocrx_word' id='word_1_543' title='bbox 2099 4724 2286 4767; x_wconf 87' lang='lat' dir='ltr'><strong>osten-</strong></span> 
     </span>
    </p>
   </div>
   <div class='ocr_carea' id='block_1_82' title="bbox 691 4800 2284 4873">
    <p class='ocr_par' dir='ltr' id='par_1_82' title="bbox 691 4800 2284 4873">
     <span class='ocr_line' id='line_1_82' title="bbox 691 4800 2284 4873; baseline 0.001 -20"><span class='ocrx_word' id='word_1_544' title='bbox 691 4803 791 4854; x_wconf 88' lang='lat' dir='ltr'><strong>dit.</strong></span> <span class='ocrx_word' id='word_1_545' title='bbox 840 4800 881 4855; x_wconf 92' lang='lat' dir='ltr'><strong>li</strong></span> <span class='ocrx_word' id='word_1_546' title='bbox 934 4800 1003 4854; x_wconf 85' lang='lat' dir='ltr'><strong>ad</strong></span> <span class='ocrx_word' id='word_1_547' title='bbox 1086 4802 1166 4855; x_wconf 91' lang='lat' dir='ltr'><strong>rei</strong></span> <span class='ocrx_word' id='word_1_548' title='bbox 1251 4802 1673 4873; x_wconf 63' lang='lat' dir='ltr'><strong>intelligi-titiam</strong></span> <span class='ocrx_word' id='word_1_549' title='bbox 1729 4803 1950 4858; x_wconf 89' lang='lat' dir='ltr'><strong>deducti</strong></span> <span class='ocrx_word' id='word_1_550' title='bbox 2009 4804 2284 4857; x_wconf 89' lang='lat' dir='ltr'><strong>hominem</strong></span> 
     </span>
    </p>
   </div>
   <div class='ocr_carea' id='block_1_83' title="bbox 692 4892 2284 4966">
    <p class='ocr_par' dir='ltr' id='par_1_83' title="bbox 692 4892 2284 4966">
     <span class='ocr_line' id='line_1_83' title="bbox 692 4892 2284 4966; baseline 0 -20"><span class='ocrx_word' id='word_1_551' title='bbox 692 4907 860 4962; x_wconf 89' lang='lat' dir='ltr'><strong>porro</strong></span> <span class='ocrx_word' id='word_1_552' title='bbox 940 4892 1196 4948; x_wconf 87' lang='lat' dir='ltr'><strong>admirati</strong></span> <span class='ocrx_word' id='word_1_553' title='bbox 1260 4894 1621 4966; x_wconf 79' lang='lat' dir='ltr'><strong>interrogant,</strong></span> <span class='ocrx_word' id='word_1_554' title='bbox 1710 4896 1922 4951; x_wconf 87' lang='lat' dir='ltr'><strong>aliosne</strong></span> <span class='ocrx_word' id='word_1_555' title='bbox 1980 4895 2145 4950; x_wconf 85' lang='lat' dir='ltr'><strong>etiam</strong></span> <span class='ocrx_word' id='word_1_556' title='bbox 2202 4903 2284 4947; x_wconf 88' lang='lat' dir='ltr'><strong>ta-</strong></span> 
     </span>
    </p>
   </div>
   <div class='ocr_carea' id='block_1_84' title="bbox 695 4985 2282 5057">
    <p class='ocr_par' dir='ltr' id='par_1_84' title="bbox 695 4985 2282 5057">
     <span class='ocr_line' id='line_1_84' title="bbox 695 4985 2282 5057; baseline 0.002 -18"><span class='ocrx_word' id='word_1_557' title='bbox 695 4988 776 5041; x_wconf 88' lang='lat' dir='ltr'><strong>les</strong></span> <span class='ocrx_word' id='word_1_558' title='bbox 858 4985 1183 5055; x_wconf 80' lang='lat' dir='ltr'><strong>Byzantium</strong></span> <span class='ocrx_word' id='word_1_559' title='bbox 1272 4986 1517 5043; x_wconf 85' lang='lat' dir='ltr'><strong>haberet.</strong></span> <span class='ocrx_word' id='word_1_560' title='bbox 1596 4986 1659 5043; x_wconf 88' lang='lat' dir='ltr'><strong>Et</strong></span> <span class='ocrx_word' id='word_1_561' title='bbox 1738 5003 1866 5043; x_wconf 91' lang='lat' dir='ltr'><strong>cum</strong></span> <span class='ocrx_word' id='word_1_562' title='bbox 1980 4987 2282 5057; x_wconf 87' lang='lat' dir='ltr'><strong>responde-</strong></span> 
     </span>
    </p>
   </div>
   <div class='ocr_carea' id='block_1_85' title="bbox 695 5079 2284 5151">
    <p class='ocr_par' dir='ltr' id='par_1_85' title="bbox 695 5079 2284 5151">
     <span class='ocr_line' id='line_1_85' title="bbox 695 5079 2284 5151; baseline 0 -18"><span class='ocrx_word' id='word_1_563' title='bbox 695 5087 780 5133; x_wconf 84' lang='lat' dir='ltr'><strong>ret</strong></span> <span class='ocrx_word' id='word_1_564' title='bbox 807 5079 1094 5148; x_wconf 85' lang='lat' dir='ltr'><strong>plurimos,</strong></span> <span class='ocrx_word' id='word_1_565' title='bbox 1129 5093 1194 5133; x_wconf 87' lang='lat' dir='ltr'><strong>ac</strong></span> <span class='ocrx_word' id='word_1_566' title='bbox 1238 5094 1301 5135; x_wconf 82' lang='lat' dir='ltr'><strong>se</strong></span> <span class='ocrx_word' id='word_1_567' title='bbox 1358 5080 1758 5151; x_wconf 88' lang='lat' dir='ltr'><strong>discipulorum</strong></span> <span class='ocrx_word' id='word_1_568' title='bbox 1817 5080 2131 5143; x_wconf 89' lang='lat' dir='ltr'><strong>minimum,</strong></span> <span class='ocrx_word' id='word_1_569' title='bbox 2177 5096 2284 5134; x_wconf 89' lang='lat' dir='ltr'><strong>non</strong></span> 
     </span>
    </p>
   </div>
   <div class='ocr_carea' id='block_1_86' title="bbox 696 5171 2285 5239">
    <p class='ocr_par' dir='ltr' id='par_1_86' title="bbox 696 5171 2285 5239">
     <span class='ocr_line' id='line_1_86' title="bbox 696 5171 2285 5239; baseline 0.001 -14"><span class='ocrx_word' id='word_1_570' title='bbox 696 5186 763 5226; x_wconf 74' lang='lat' dir='ltr'><strong>ex</strong></span> <span class='ocrx_word' id='word_1_571' title='bbox 795 5171 1184 5239; x_wconf 77' lang='lat' dir='ltr'><strong>magistrorum</strong></span> <span class='ocrx_word' id='word_1_572' title='bbox 1217 5186 1341 5227; x_wconf 88' lang='lat' dir='ltr'><strong>esse</strong></span> <span class='ocrx_word' id='word_1_573' title='bbox 1397 5188 1650 5239; x_wconf 90' lang='lat' dir='ltr'><strong>numero,</strong></span> <span class='ocrx_word' id='word_1_574' title='bbox 1701 5172 2010 5229; x_wconf 78' lang='lat' dir='ltr'><strong>lllamumus</strong></span> <span class='ocrx_word' id='word_1_575' title='bbox 2066 5189 2285 5228; x_wconf 89' lang='lat' dir='ltr'><strong>rursum</strong></span> 
     </span>
    </p>
   </div>
   <div class='ocr_carea' id='block_1_87' title="bbox 698 5263 2281 5334">
    <p class='ocr_par' dir='ltr' id='par_1_87' title="bbox 698 5263 2281 5334">
     <span class='ocr_line' id='line_1_87' title="bbox 698 5263 2281 5334; baseline 0.001 -18"><span class='ocrx_word' id='word_1_576' title='bbox 698 5264 767 5317; x_wconf 89' lang='lat' dir='ltr'><strong>de</strong></span> <span class='ocrx_word' id='word_1_577' title='bbox 794 5264 1021 5318; x_wconf 90' lang='lat' dir='ltr'><strong>doctore</strong></span> <span class='ocrx_word' id='word_1_578' title='bbox 1049 5265 1265 5333; x_wconf 66' lang='lat' dir='ltr'><strong>quaerit.</strong></span> <span class='ocrx_word' id='word_1_579' title='bbox 1318 5265 1445 5334; x_wconf 86' lang='lat' dir='ltr'><strong>quis</strong></span> <span class='ocrx_word' id='word_1_580' title='bbox 1481 5265 1572 5319; x_wconf 92' lang='lat' dir='ltr'><strong>ille</strong></span> <span class='ocrx_word' id='word_1_581' title='bbox 1603 5275 1656 5319; x_wconf 87' lang='lat' dir='ltr'><strong>et</strong></span> <span class='ocrx_word' id='word_1_582' title='bbox 1687 5280 1756 5319; x_wconf 86' lang='lat' dir='ltr'><strong>an</strong></span> <span class='ocrx_word' id='word_1_583' title='bbox 1822 5263 2004 5319; x_wconf 86' lang='lat' dir='ltr'><strong>adhuc</strong></span> <span class='ocrx_word' id='word_1_584' title='bbox 2056 5266 2281 5320; x_wconf 79' lang='lat' dir='ltr'><strong>viveret.</strong></span> 
     </span>
    </p>
   </div>
   <div class='ocr_carea' id='block_1_88' title="bbox 699 5352 2289 5427">
    <p class='ocr_par' dir='ltr' id='par_1_88' title="bbox 699 5352 2289 5427">
     <span class='ocr_line' id='line_1_88' title="bbox 699 5352 2289 5427; baseline 0 -17"><span class='ocrx_word' id='word_1_585' title='bbox 699 5355 1019 5423; x_wconf 77' lang='lat' dir='ltr'><strong>Respondet</strong></span> <span class='ocrx_word' id='word_1_586' title='bbox 1050 5352 1288 5410; x_wconf 88' lang='lat' dir='ltr'><strong>Leonem</strong></span> <span class='ocrx_word' id='word_1_587' title='bbox 1329 5370 1453 5411; x_wconf 88' lang='lat' dir='ltr'><strong>esse</strong></span> <span class='ocrx_word' id='word_1_588' title='bbox 1490 5356 1544 5410; x_wconf 92' lang='lat' dir='ltr'><strong>in</strong></span> <span class='ocrx_word' id='word_1_589' title='bbox 1578 5358 1717 5411; x_wconf 90' lang='lat' dir='ltr'><strong>vivis</strong></span> <span class='ocrx_word' id='word_1_590' title='bbox 1752 5356 1953 5419; x_wconf 87' lang='lat' dir='ltr'><strong>adhuc.</strong></span> <span class='ocrx_word' id='word_1_591' title='bbox 1985 5357 2206 5427; x_wconf 90' lang='lat' dir='ltr'><strong>inopem</strong></span> <span class='ocrx_word' id='word_1_592' title='bbox 2235 5366 2289 5411; x_wconf 89' lang='lat' dir='ltr'><strong>et</strong></span> 
     </span>
    </p>
   </div>
   <div class='ocr_carea' id='block_1_89' title="bbox 700 5446 2290 5518">
    <p class='ocr_par' dir='ltr' id='par_1_89' title="bbox 700 5446 2290 5518">
     <span class='ocr_line' id='line_1_89' title="bbox 700 5446 2290 5518; baseline 0.004 -20"><span class='ocrx_word' id='word_1_593' title='bbox 700 5446 870 5517; x_wconf 76' lang='lat'><strong>968</strong></span> <span class='ocrx_word' id='word_1_594' title='bbox 901 5446 1035 5500; x_wconf 82' lang='lat' dir='ltr'><strong>nulli</strong></span> <span class='ocrx_word' id='word_1_595' title='bbox 1068 5446 1159 5499; x_wconf 86' lang='lat' dir='ltr'><strong>alii</strong></span> <span class='ocrx_word' id='word_1_596' title='bbox 1187 5448 1264 5502; x_wconf 88' lang='lat' dir='ltr'><strong>rei</strong></span> <span class='ocrx_word' id='word_1_597' title='bbox 1294 5463 1457 5518; x_wconf 89' lang='lat' dir='ltr'><strong>quam</strong></span> <span class='ocrx_word' id='word_1_598' title='bbox 1484 5449 1735 5505; x_wconf 85' lang='lat' dir='ltr'><strong>Scientiis</strong></span> <span class='ocrx_word' id='word_1_599' title='bbox 1783 5450 2055 5505; x_wconf 89' lang='lat' dir='ltr'><strong>deditum.</strong></span> <span class='ocrx_word' id='word_1_600' title='bbox 2092 5451 2290 5504; x_wconf 89' lang='lat' dir='ltr'><strong>Statim</strong></span> 
     </span>
    </p>
   </div>
   <div class='ocr_carea' id='block_1_90' title="bbox 704 5537 2293 5607">
    <p class='ocr_par' dir='ltr' id='par_1_90' title="bbox 704 5537 2293 5607">
     <span class='ocr_line' id='line_1_90' title="bbox 704 5537 2293 5607; baseline 0.002 -15"><span class='ocrx_word' id='word_1_601' title='bbox 704 5553 836 5607; x_wconf 83' lang='lat' dir='ltr'><strong>ergo</strong></span> <span class='ocrx_word' id='word_1_602' title='bbox 866 5537 934 5592; x_wconf 90' lang='lat' dir='ltr'><strong>ad</strong></span> <span class='ocrx_word' id='word_1_603' title='bbox 959 5539 1109 5592; x_wconf 90' lang='lat' dir='ltr'><strong>hunc</strong></span> <span class='ocrx_word' id='word_1_604' title='bbox 1133 5538 1345 5594; x_wconf 88' lang='lat' dir='ltr'><strong>litteras</strong></span> <span class='ocrx_word' id='word_1_605' title='bbox 1398 5540 1451 5594; x_wconf 91' lang='lat' dir='ltr'><strong>in</strong></span> <span class='ocrx_word' id='word_1_606' title='bbox 1498 5540 1640 5596; x_wconf 88' lang='lat' dir='ltr'><strong>hanc</strong></span> <span class='ocrx_word' id='word_1_607' title='bbox 1694 5543 2027 5596; x_wconf 74' lang='lat' dir='ltr'><strong>sententiam</strong></span> <span class='ocrx_word' id='word_1_608' title='bbox 2076 5542 2293 5596; x_wconf 79' lang='lat' dir='ltr'><strong>Mamu-</strong></span> 
     </span>
    </p>
   </div>
   <div class='ocr_carea' id='block_1_91' title="bbox 707 5628 2295 5707">
    <p class='ocr_par' dir='ltr' id='par_1_91' title="bbox 707 5628 2295 5707">
     <span class='ocr_line' id='line_1_91' title="bbox 707 5628 2295 5707; baseline 0.004 -23"><span class='ocrx_word' id='word_1_609' title='bbox 707 5644 832 5684; x_wconf 73' lang='lat' dir='ltr'><strong>mus</strong></span> <span class='ocrx_word' id='word_1_610' title='bbox 864 5628 1105 5685; x_wconf 88' lang='lat' dir='ltr'><strong>scribit:</strong></span> <span class='ocrx_word' id='word_1_611' title='bbox 1145 5647 1165 5682; x_wconf 74' lang='grc' dir='ltr'><strong>ι</strong></span> <span class='ocrx_word' id='word_1_612' title='bbox 1205 5630 1276 5684; x_wconf 78' lang='lat' dir='ltr'><strong>Ex</strong></span> <span class='ocrx_word' id='word_1_613' title='bbox 1326 5631 1512 5686; x_wconf 81' lang='lat' dir='ltr'><strong>fructu</strong></span> <span class='ocrx_word' id='word_1_614' title='bbox 1567 5634 1845 5695; x_wconf 83' lang='lat' dir='ltr'><strong>arborem.</strong></span> <span class='ocrx_word' id='word_1_615' title='bbox 1903 5651 1969 5691; x_wconf 77' lang='lat' dir='ltr'><strong>ex</strong></span> <span class='ocrx_word' id='word_1_616' title='bbox 2021 5635 2295 5707; x_wconf 85' lang='lat' dir='ltr'><strong>discipulo</strong></span> 
     </span>
    </p>
   </div>
   <div class='ocr_carea' id='block_1_92' title="bbox 711 5721 2292 5795">
    <p class='ocr_par' dir='ltr' id='par_1_92' title="bbox 711 5721 2292 5795">
     <span class='ocr_line' id='line_1_92' title="bbox 711 5721 2292 5795; baseline 0.004 -22"><span class='ocrx_word' id='word_1_617' title='bbox 711 5721 1034 5789; x_wconf 84' lang='lat' dir='ltr'><strong>magistrum</strong></span> <span class='ocrx_word' id='word_1_618' title='bbox 1060 5722 1408 5793; x_wconf 83' lang='lat' dir='ltr'><strong>agnovimus.</strong></span> <span class='ocrx_word' id='word_1_619' title='bbox 1436 5722 1576 5795; x_wconf 80' lang='lat' dir='ltr'><strong>Ergo</strong></span> <span class='ocrx_word' id='word_1_620' title='bbox 1614 5731 1692 5790; x_wconf 82' lang='lat' dir='ltr'><strong>tu,</strong></span> <span class='ocrx_word' id='word_1_621' title='bbox 1748 5725 1839 5795; x_wconf 92' lang='lat' dir='ltr'><strong>qui</strong></span> <span class='ocrx_word' id='word_1_622' title='bbox 1898 5734 2048 5780; x_wconf 81' lang='lat' dir='ltr'><strong>tanta</strong></span> <span class='ocrx_word' id='word_1_623' title='bbox 2112 5742 2292 5781; x_wconf 90' lang='lat' dir='ltr'><strong>rerum</strong></span> 
     </span>
    </p>
   </div>
   <div class='ocr_carea' id='block_1_93' title="bbox 713 5811 2295 5891">
    <p class='ocr_par' dir='ltr' id='par_1_93' title="bbox 713 5811 2295 5891">
     <span class='ocr_line' id='line_1_93' title="bbox 713 5811 2295 5891; baseline 0.002 -17"><span class='ocrx_word' id='word_1_624' title='bbox 713 5811 1023 5874; x_wconf 81' lang='lat' dir='ltr'><strong>instructus</strong></span> <span class='ocrx_word' id='word_1_625' title='bbox 1048 5815 1523 5889; x_wconf 85' lang='lat' dir='ltr'><strong>scientiaignotns</strong></span> <span class='ocrx_word' id='word_1_626' title='bbox 1559 5817 1669 5875; x_wconf 92' lang='lat' dir='ltr'><strong>tuis</strong></span> <span class='ocrx_word' id='word_1_627' title='bbox 1727 5818 1944 5877; x_wconf 84' lang='lat' dir='ltr'><strong>civibus</strong></span> <span class='ocrx_word' id='word_1_628' title='bbox 2008 5819 2295 5891; x_wconf 79' lang='lat' dir='ltr'><strong>sapientia:</strong></span> 
     </span>
    </p>
   </div>
   <div class='ocr_carea' id='block_1_94' title="bbox 2368 3328 3957 3400">
    <p class='ocr_par' dir='ltr' id='par_1_94' title="bbox 2368 3328 3957 3400">
     <span class='ocr_line' id='line_1_94' title="bbox 2368 3328 3957 3400; baseline -0.001 -20"><span class='ocrx_word' id='word_1_629' title='bbox 2368 3328 2702 3383; x_wconf 79' lang='grc' dir='ltr'>ἐπυνθάνετο</span> <span class='ocrx_word' id='word_1_630' title='bbox 2746 3332 2794 3383; x_wconf 83' lang='grc' dir='ltr'>εἰ</span> <span class='ocrx_word' id='word_1_631' title='bbox 2826 3329 3029 3398; x_wconf 88' lang='grc' dir='ltr'>γνῶσιν</span> <span class='ocrx_word' id='word_1_632' title='bbox 3073 3329 3189 3400; x_wconf 79' lang='grc' dir='ltr'>ἔχει</span> <span class='ocrx_word' id='word_1_633' title='bbox 3236 3329 3338 3399; x_wconf 74' lang='grc' dir='ltr'>τῆς</span> <span class='ocrx_word' id='word_1_634' title='bbox 3364 3328 3622 3397; x_wconf 73' lang='grc' dir='ltr'>τοιαύτης</span> <span class='ocrx_word' id='word_1_635' title='bbox 3646 3328 3957 3396; x_wconf 79' lang='grc' dir='ltr'>δυνάμεως.</span> 
     </span>
    </p>
   </div>
   <div class='ocr_carea' id='block_1_95' title="bbox 2368 3422 3963 3494">
    <p class='ocr_par' dir='ltr' id='par_1_95' title="bbox 2368 3422 3963 3494">
     <span class='ocr_line' id='line_1_95' title="bbox 2368 3422 3963 3494; baseline 0.002 -22"><span class='ocrx_word' id='word_1_636' title='bbox 2368 3422 2865 3493; x_wconf 85' lang='grc' dir='ltr'>Συγκαταθεμένου</span> <span class='ocrx_word' id='word_1_637' title='bbox 2887 3424 2931 3476; x_wconf 86' lang='grc' dir='ltr'>δ’</span> <span class='ocrx_word' id='word_1_638' title='bbox 2972 3423 3184 3477; x_wconf 85' lang='grc' dir='ltr'>ἐκείνου</span> <span class='ocrx_word' id='word_1_639' title='bbox 3220 3423 3441 3493; x_wconf 75' lang='grc' dir='ltr'>ἠπίστει</span> <span class='ocrx_word' id='word_1_640' title='bbox 3472 3426 3498 3477; x_wconf 86' lang='grc' dir='ltr'>ὁ</span> <span class='ocrx_word' id='word_1_641' title='bbox 3528 3423 3831 3494; x_wconf 69' lang='grc' dir='ltr'>βάρϐαρος,</span> <span class='ocrx_word' id='word_1_642' title='bbox 3865 3422 3963 3473; x_wconf 76' lang='grc' dir='ltr'>καὶ</span> 
     </span>
    </p>
   </div>
   <div class='ocr_carea' id='block_1_96' title="bbox 2369 3510 3960 3584">
    <p class='ocr_par' dir='ltr' id='par_1_96' title="bbox 2369 3510 3960 3584">
     <span class='ocr_line' id='line_1_96' title="bbox 2369 3510 3960 3584; baseline -0.001 -21"><span class='ocrx_word' id='word_1_643' title='bbox 2369 3512 2655 3565; x_wconf 76' lang='grc' dir='ltr'>διετείνετο</span> <span class='ocrx_word' id='word_1_644' title='bbox 2708 3513 2914 3584; x_wconf 86' lang='grc' dir='ltr'>μηδένα</span> <span class='ocrx_word' id='word_1_645' title='bbox 2960 3513 3150 3583; x_wconf 72' lang='grc' dir='ltr'>ἕτερον</span> <span class='ocrx_word' id='word_1_646' title='bbox 3204 3510 3345 3567; x_wconf 78' lang='grc' dir='ltr'>εἶναι</span> <span class='ocrx_word' id='word_1_647' title='bbox 3394 3513 3531 3582; x_wconf 72' lang='grc' dir='ltr'>πλὴν</span> <span class='ocrx_word' id='word_1_648' title='bbox 3578 3512 3687 3566; x_wconf 69' lang='grc' dir='ltr'>’τῶν</span> <span class='ocrx_word' id='word_1_649' title='bbox 3738 3512 3960 3564; x_wconf 75' lang='grc' dir='ltr'>ἐκείνου</span> 
     </span>
    </p>
   </div>
   <div class='ocr_carea' id='block_1_97' title="bbox 2369 3603 3966 3678">
    <p class='ocr_par' dir='ltr' id='par_1_97' title="bbox 2369 3603 3966 3678">
     <span class='ocr_line' id='line_1_97' title="bbox 2369 3603 3966 3678; baseline 0.001 -22"><span class='ocrx_word' id='word_1_650' title='bbox 2369 3603 2705 3659; x_wconf 78' lang='grc' dir='ltr'>διδασκάλων</span> <span class='ocrx_word' id='word_1_651' title='bbox 2757 3606 2858 3676; x_wconf 77' lang='grc' dir='ltr'>τῆς</span> <span class='ocrx_word' id='word_1_652' title='bbox 2913 3608 3300 3678; x_wconf 83' lang='grc' dir='ltr'>γεωμετρικῆς</span> <span class='ocrx_word' id='word_1_653' title='bbox 3351 3608 3665 3676; x_wconf 80' lang='grc' dir='ltr'>ἐπιστήμης</span> <span class='ocrx_word' id='word_1_654' title='bbox 3697 3606 3966 3677; x_wconf 80' lang='grc' dir='ltr'>είδήμονα</span> 
     </span>
    </p>
   </div>
   <div class='ocr_carea' id='block_1_98' title="bbox 2372 3686 3963 3769">
    <p class='ocr_par' dir='ltr' id='par_1_98' title="bbox 2372 3686 3963 3769">
     <span class='ocr_line' id='line_1_98' title="bbox 2372 3686 3963 3769; baseline 0.001 -22"><span class='ocrx_word' id='word_1_655' title='bbox 2372 3695 2518 3748; x_wconf 73' lang='grc' dir='ltr'>κατὰ</span> <span class='ocrx_word' id='word_1_656' title='bbox 2540 3686 2639 3766; x_wconf 72' lang='grc' dir='ltr'>τὴν</span> <span class='ocrx_word' id='word_1_657' title='bbox 2669 3698 2792 3749; x_wconf 82' lang='grc' dir='ltr'>τότε</span> <span class='ocrx_word' id='word_1_658' title='bbox 2823 3700 3059 3768; x_wconf 78' lang='grc' dir='ltr'>ἡμέραν.</span> <span class='ocrx_word' id='word_1_659' title='bbox 3097 3697 3429 3769; x_wconf 85' lang='grc' dir='ltr'>Ίμείρεσθαι</span> <span class='ocrx_word' id='word_1_660' title='bbox 3461 3699 3516 3752; x_wconf 75' lang='grc' dir='ltr'>δὲ</span> <span class='ocrx_word' id='word_1_661' title='bbox 3551 3700 3826 3767; x_wconf 73' lang='grc' dir='ltr'>φήσαντος</span> <span class='ocrx_word' id='word_1_662' title='bbox 3867 3697 3963 3749; x_wconf 89' lang='grc' dir='ltr'><strong>τοῦ</strong></span> 
     </span>
    </p>
   </div>
   <div class='ocr_carea' id='block_1_99' title="bbox 2373 3787 3964 3860">
    <p class='ocr_par' dir='ltr' id='par_1_99' title="bbox 2373 3787 3964 3860">
     <span class='ocr_line' id='line_1_99' title="bbox 2373 3787 3964 3860; baseline -0.002 -19"><span class='ocrx_word' id='word_1_663' title='bbox 2373 3791 2665 3844; x_wconf 80' lang='grc' dir='ltr'>νεανίσκου</span> <span class='ocrx_word' id='word_1_664' title='bbox 2721 3792 2830 3845; x_wconf 89' lang='grc' dir='ltr'><strong>τῶν</strong></span> <span class='ocrx_word' id='word_1_665' title='bbox 2884 3790 3053 3843; x_wconf 75' lang='grc' dir='ltr'>αὐτοῦ</span> <span class='ocrx_word' id='word_1_666' title='bbox 3103 3790 3443 3844; x_wconf 81' lang='grc' dir='ltr'>διδασκάλων</span> <span class='ocrx_word' id='word_1_667' title='bbox 3497 3793 3695 3860; x_wconf 67' lang='grc' dir='ltr'>πεῖραν</span> <span class='ocrx_word' id='word_1_668' title='bbox 3750 3787 3964 3848; x_wconf 75' lang='grc' dir='ltr'>λαϐεῖν,</span> 
     </span>
    </p>
   </div>
   <div class='ocr_carea' id='block_1_100' title="bbox 2377 3878 3969 3953">
    <p class='ocr_par' dir='ltr' id='par_1_100' title="bbox 2377 3878 3969 3953">
     <span class='ocr_line' id='line_1_100' title="bbox 2377 3878 3969 3953; baseline -0.003 -18"><span class='ocrx_word' id='word_1_669' title='bbox 2377 3883 2572 3936; x_wconf 71' lang='grc' dir='ltr'>θᾶττον</span> <span class='ocrx_word' id='word_1_670' title='bbox 2611 3883 2643 3953; x_wconf 83' lang='grc' dir='ltr'>ἧ</span> <span class='ocrx_word' id='word_1_671' title='bbox 2671 3883 2828 3951; x_wconf 84' lang='grc' dir='ltr'>λόγος</span> <span class='ocrx_word' id='word_1_672' title='bbox 2858 3878 3005 3937; x_wconf 73' lang='grc' dir='ltr'>οὗτοι</span> <span class='ocrx_word' id='word_1_673' title='bbox 3037 3883 3426 3953; x_wconf 78' lang='grc' dir='ltr'>παρίστανται,</span> <span class='ocrx_word' id='word_1_674' title='bbox 3452 3885 3547 3935; x_wconf 66' lang='grc' dir='ltr'>καὶ</span> <span class='ocrx_word' id='word_1_675' title='bbox 3574 3881 3969 3949; x_wconf 81' lang='grc' dir='ltr'>διεχαραττον-</span> 
     </span>
    </p>
   </div>
   <div class='ocr_carea' id='block_1_101' title="bbox 2374 3971 3969 4046">
    <p class='ocr_par' dir='ltr' id='par_1_101' title="bbox 2374 3971 3969 4046">
     <span class='ocr_line' id='line_1_101' title="bbox 2374 3971 3969 4046; baseline -0.008 -13"><span class='ocrx_word' id='word_1_676' title='bbox 2374 3993 2436 4026; x_wconf 78' lang='grc' dir='ltr'><strong>το</strong></span> <span class='ocrx_word' id='word_1_677' title='bbox 2498 3977 2752 4045; x_wconf 75' lang='grc' dir='ltr'>σχήματα</span> <span class='ocrx_word' id='word_1_678' title='bbox 2790 3976 3037 4046; x_wconf 82' lang='grc' dir='ltr'>τρίγωνα</span> <span class='ocrx_word' id='word_1_679' title='bbox 3102 3977 3194 4028; x_wconf 73' lang='grc' dir='ltr'>καὶ</span> <span class='ocrx_word' id='word_1_680' title='bbox 3226 3976 3571 4045; x_wconf 78' lang='grc' dir='ltr'>τετράγωνα,</span> <span class='ocrx_word' id='word_1_681' title='bbox 3615 3974 3707 4026; x_wconf 67' lang='grc' dir='ltr'>καὶ</span> <span class='ocrx_word' id='word_1_682' title='bbox 3740 3971 3969 4033; x_wconf 66' lang='grc' dir='ltr'>καιὸνες</span> 
     </span>
    </p>
   </div>
   <div class='ocr_carea' id='block_1_102' title="bbox 2378 4062 3970 4136">
    <p class='ocr_par' dir='ltr' id='par_1_102' title="bbox 2378 4062 3970 4136">
     <span class='ocr_line' id='line_1_102' title="bbox 2378 4062 3970 4136; baseline -0.008 -18"><span class='ocrx_word' id='word_1_683' title='bbox 2378 4068 2456 4128; x_wconf 80' lang='grc' dir='ltr'><strong>εἰς</strong></span> <span class='ocrx_word' id='word_1_684' title='bbox 2480 4068 2645 4134; x_wconf 86' lang='grc' dir='ltr'>μέσον</span> <span class='ocrx_word' id='word_1_685' title='bbox 2672 4066 3032 4136; x_wconf 77' lang='grc' dir='ltr'>προύτίθεντο</span> <span class='ocrx_word' id='word_1_686' title='bbox 3087 4066 3179 4119; x_wconf 85' lang='grc' dir='ltr'><strong>τοῦ</strong></span> <span class='ocrx_word' id='word_1_687' title='bbox 3215 4063 3583 4135; x_wconf 80' lang='grc' dir='ltr'>στοιχειωτοῦ,</span> <span class='ocrx_word' id='word_1_688' title='bbox 3617 4064 3677 4115; x_wconf 74' lang='grc' dir='ltr'><strong>το</strong></span> <span class='ocrx_word' id='word_1_689' title='bbox 3718 4062 3841 4132; x_wconf 74' lang='grc' dir='ltr'>μὲν,</span> <span class='ocrx_word' id='word_1_690' title='bbox 3885 4063 3970 4113; x_wconf 72' lang='grc' dir='ltr'><strong>δτι</strong></span> 
     </span>
    </p>
   </div>
   <div class='ocr_carea' id='block_1_103' title="bbox 2377 4156 3969 4230">
    <p class='ocr_par' dir='ltr' id='par_1_103' title="bbox 2377 4156 3969 4230">
     <span class='ocr_line' id='line_1_103' title="bbox 2377 4156 3969 4230; baseline -0.012 -8"><span class='ocrx_word' id='word_1_691' title='bbox 2377 4159 2439 4211; x_wconf 67' lang='grc' dir='ltr'><strong>τὸ</strong></span> <span class='ocrx_word' id='word_1_692' title='bbox 2481 4159 2668 4228; x_wconf 79' lang='grc' dir='ltr'>σχῆμα</span> <span class='ocrx_word' id='word_1_693' title='bbox 2723 4159 2843 4211; x_wconf 83' lang='grc' dir='ltr'>τόδε</span> <span class='ocrx_word' id='word_1_694' title='bbox 2894 4159 3053 4230; x_wconf 81' lang='grc' dir='ltr'>τήνδε</span> <span class='ocrx_word' id='word_1_695' title='bbox 3092 4158 3251 4229; x_wconf 82' lang='grc' dir='ltr'>φέρει</span> <span class='ocrx_word' id='word_1_696' title='bbox 3302 4158 3401 4227; x_wconf 78' lang='grc' dir='ltr'>τὴν</span> <span class='ocrx_word' id='word_1_697' title='bbox 3454 4156 3646 4225; x_wconf 72' lang='grc' dir='ltr'>κλῆσιν</span> <span class='ocrx_word' id='word_1_698' title='bbox 3697 4156 3794 4209; x_wconf 75' lang='grc' dir='ltr'>καὶ</span> <span class='ocrx_word' id='word_1_699' title='bbox 3846 4156 3969 4208; x_wconf 75' lang='grc' dir='ltr'>τόδε</span> 
     </span>
    </p>
   </div>
   <div class='ocr_carea' id='block_1_104' title="bbox 2378 4248 3972 4335">
    <p class='ocr_par' dir='ltr' id='par_1_104' title="bbox 2378 4248 3972 4335">
     <span class='ocr_line' id='line_1_104' title="bbox 2378 4248 3972 4335; baseline -0.001 -33"><span class='ocrx_word' id='word_1_700' title='bbox 2378 4251 2562 4320; x_wconf 82' lang='grc' dir='ltr'>τήνδε,</span> <span class='ocrx_word' id='word_1_701' title='bbox 2584 4252 2955 4316; x_wconf 81' lang='grc' dir='ltr'>διδάσκοντες,</span> <span class='ocrx_word' id='word_1_702' title='bbox 2987 4251 3168 4305; x_wconf 77' lang='grc' dir='ltr'>αἰτίαν</span> <span class='ocrx_word' id='word_1_703' title='bbox 3198 4250 3255 4303; x_wconf 88' lang='grc' dir='ltr'><strong>δέ</strong></span> <span class='ocrx_word' id='word_1_704' title='bbox 3277 4252 3387 4335; x_wconf 46' lang='grc' dir='ltr'>,καὶ</span> <span class='ocrx_word' id='word_1_705' title='bbox 3423 4249 3577 4317; x_wconf 73' lang='grc' dir='ltr'>λόγον</span> <span class='ocrx_word' id='word_1_706' title='bbox 3614 4250 3709 4301; x_wconf 74' lang='grc' dir='ltr'>καὶ</span> <span class='ocrx_word' id='word_1_707' title='bbox 3738 4248 3799 4302; x_wconf 73' lang='grc' dir='ltr'><strong>τὸ</strong></span> <span class='ocrx_word' id='word_1_708' title='bbox 3831 4248 3972 4301; x_wconf 71' lang='grc' dir='ltr'>διότι</span> 
     </span>
    </p>
   </div>
   <div class='ocr_carea' id='block_1_105' title="bbox 2384 4338 3973 4414">
    <p class='ocr_par' dir='ltr' id='par_1_105' title="bbox 2384 4338 3973 4414">
     <span class='ocr_line' id='line_1_105' title="bbox 2384 4338 3973 4414; baseline -0.004 -17"><span class='ocrx_word' id='word_1_709' title='bbox 2384 4344 2707 4398; x_wconf 77' lang='grc' dir='ltr'>ἀπεδίδοσαν</span> <span class='ocrx_word' id='word_1_710' title='bbox 2755 4344 3029 4414; x_wconf 75' lang='grc' dir='ltr'>οὐδαμῶς.</span> <span class='ocrx_word' id='word_1_711' title='bbox 3086 4344 3175 4407; x_wconf 77' lang='grc' dir='ltr'>Ὠς</span> <span class='ocrx_word' id='word_1_712' title='bbox 3228 4338 3322 4397; x_wconf 77' lang='grc' dir='ltr'><strong>οῦν</strong></span> <span class='ocrx_word' id='word_1_713' title='bbox 3373 4341 3520 4411; x_wconf 75' lang='grc' dir='ltr'>ἐώρα</span> <span class='ocrx_word' id='word_1_714' title='bbox 3553 4340 3973 4412; x_wconf 66' lang='grc' dir='ltr'>γαυρουμένους</span> 
     </span>
    </p>
   </div>
   <div class='ocr_carea' id='block_1_106' title="bbox 2382 4433 3971 4507">
    <p class='ocr_par' dir='ltr' id='par_1_106' title="bbox 2382 4433 3971 4507">
     <span class='ocr_line' id='line_1_106' title="bbox 2382 4433 3971 4507; baseline -0.004 -15"><span class='ocrx_word' id='word_1_715' title='bbox 2382 4440 2630 4503; x_wconf 71' lang='grc' dir='ltr'>αὐτοὶ)ςὸ</span> <span class='ocrx_word' id='word_1_716' title='bbox 2656 4440 2878 4501; x_wconf 84' lang='grc' dir='ltr'>νεανίας</span> <span class='ocrx_word' id='word_1_717' title='bbox 2926 4441 3020 4490; x_wconf 74' lang='grc' dir='ltr'>καὶ</span> <span class='ocrx_word' id='word_1_718' title='bbox 3068 4439 3213 4507; x_wconf 87' lang='grc' dir='ltr'>μέγα</span> <span class='ocrx_word' id='word_1_719' title='bbox 3246 4436 3579 4507; x_wconf 71' lang='grc' dir='ltr'>φρονοῦντας</span> <span class='ocrx_word' id='word_1_720' title='bbox 3616 4436 3706 4486; x_wconf 71' lang='grc' dir='ltr'>ἐπὶ</span> <span class='ocrx_word' id='word_1_721' title='bbox 3752 4436 3819 4505; x_wconf 81' lang='grc' dir='ltr'>τῇ</span> <span class='ocrx_word' id='word_1_722' title='bbox 3859 4433 3971 4486; x_wconf 88' lang='grc' dir='ltr'><strong>τῶν</strong></span> 
     </span>
    </p>
   </div>
   <div class='ocr_carea' id='block_1_107' title="bbox 2386 4521 3973 4602">
    <p class='ocr_par' dir='ltr' id='par_1_107' title="bbox 2386 4521 3973 4602">
     <span class='ocr_line' id='line_1_107' title="bbox 2386 4521 3973 4602; baseline -0.004 -16"><span class='ocrx_word' id='word_1_723' title='bbox 2386 4534 2683 4601; x_wconf 76' lang='grc' dir='ltr'>σχημάτων</span> <span class='ocrx_word' id='word_1_724' title='bbox 2708 4532 3065 4602; x_wconf 76' lang='grc' dir='ltr'>καταγραφῇ.</span> <span class='ocrx_word' id='word_1_725' title='bbox 3090 4548 3107 4580; x_wconf 78' lang='grc' dir='ltr'><strong>ι</strong></span> <span class='ocrx_word' id='word_1_726' title='bbox 3137 4530 3267 4582; x_wconf 72' lang='grc' dir='ltr'><strong>Ἐπὶ</strong></span> <span class='ocrx_word' id='word_1_727' title='bbox 3310 4528 3511 4591; x_wconf 74' lang='grc' dir='ltr'>παντὸς</span> <span class='ocrx_word' id='word_1_728' title='bbox 3528 4528 3711 4595; x_wconf 65' lang='grc' dir='ltr'>λόγου,</span> <span class='ocrx_word' id='word_1_729' title='bbox 3731 4521 3777 4579; x_wconf 79' lang='grc' dir='ltr'>ὦ</span> <span class='ocrx_word' id='word_1_730' title='bbox 3800 4521 3973 4589; x_wconf 58' lang='grc' dir='ltr'>οἶκτοι,</span> 
     </span>
    </p>
   </div>
   <div class='ocr_carea' id='block_1_108' title="bbox 2385 4614 3979 4689">
    <p class='ocr_par' dir='ltr' id='par_1_108' title="bbox 2385 4614 3979 4689">
     <span class='ocr_line' id='line_1_108' title="bbox 2385 4614 3979 4689; baseline -0.005 -14"><span class='ocrx_word' id='word_1_731' title='bbox 2385 4624 2415 4675; x_wconf 83' lang='grc' dir='ltr'>ὁ</span> <span class='ocrx_word' id='word_1_732' title='bbox 2455 4622 2676 4684; x_wconf 88' lang='grc' dir='ltr'>νεανίας</span> <span class='ocrx_word' id='word_1_733' title='bbox 2721 4621 2847 4689; x_wconf 75' lang='grc' dir='ltr'>ἔφη,</span> <span class='ocrx_word' id='word_1_734' title='bbox 2917 4621 3013 4673; x_wconf 76' lang='grc' dir='ltr'>καὶ</span> <span class='ocrx_word' id='word_1_735' title='bbox 3068 4618 3397 4689; x_wconf 83' lang='grc' dir='ltr'>πράγματος</span> <span class='ocrx_word' id='word_1_736' title='bbox 3423 4618 3485 4670; x_wconf 78' lang='grc' dir='ltr'><strong>το</strong></span> <span class='ocrx_word' id='word_1_737' title='bbox 3528 4616 3662 4669; x_wconf 63' lang='grc' dir='ltr'>διότι</span> <span class='ocrx_word' id='word_1_738' title='bbox 3691 4614 3753 4667; x_wconf 80' lang='grc' dir='ltr'><strong>τὸ</strong></span> <span class='ocrx_word' id='word_1_739' title='bbox 3803 4615 3979 4686; x_wconf 61' lang='grc' dir='ltr'>κῦρος</span> 
     </span>
    </p>
   </div>
   <div class='ocr_carea' id='block_1_109' title="bbox 2388 4706 3978 4783">
    <p class='ocr_par' dir='ltr' id='par_1_109' title="bbox 2388 4706 3978 4783">
     <span class='ocr_line' id='line_1_109' title="bbox 2388 4706 3978 4783; baseline -0.004 -18"><span class='ocrx_word' id='word_1_740' title='bbox 2388 4714 2538 4783; x_wconf 77' lang='grc' dir='ltr'>ἔχει’</span> <span class='ocrx_word' id='word_1_741' title='bbox 2568 4714 2727 4783; x_wconf 80' lang='grc' dir='ltr'>ὑμεῖς</span> <span class='ocrx_word' id='word_1_742' title='bbox 2758 4712 2815 4766; x_wconf 84' lang='grc' dir='ltr'>δὲ</span> <span class='ocrx_word' id='word_1_743' title='bbox 2852 4711 2952 4782; x_wconf 80' lang='grc' dir='ltr'>τὴν</span> <span class='ocrx_word' id='word_1_744' title='bbox 2982 4710 3220 4781; x_wconf 79' lang='grc' dir='ltr'>ὓπαρξιν</span> <span class='ocrx_word' id='word_1_745' title='bbox 3258 4711 3427 4780; x_wconf 77' lang='grc' dir='ltr'>μόνην</span> <span class='ocrx_word' id='word_1_746' title='bbox 3453 4709 3730 4776; x_wconf 84' lang='grc' dir='ltr'>λέγοντες,</span> <span class='ocrx_word' id='word_1_747' title='bbox 3756 4707 3885 4770; x_wconf 66' lang='grc' dir='ltr'>τοὺς</span> <span class='ocrx_word' id='word_1_748' title='bbox 3918 4706 3978 4759; x_wconf 79' lang='grc' dir='ltr'><strong>δέ</strong></span> 
     </span>
    </p>
   </div>
   <div class='ocr_carea' id='block_1_110' title="bbox 2387 4800 3979 4874">
    <p class='ocr_par' dir='ltr' id='par_1_110' title="bbox 2387 4800 3979 4874">
     <span class='ocr_line' id='line_1_110' title="bbox 2387 4800 3979 4874; baseline -0.004 -17"><span class='ocrx_word' id='word_1_749' title='bbox 2387 4806 2581 4873; x_wconf 81' lang='grc' dir='ltr'>λόγους</span> <span class='ocrx_word' id='word_1_750' title='bbox 2609 4804 3052 4874; x_wconf 88' lang='grc' dir='ltr'>παρατρέχοντες</span> <span class='ocrx_word' id='word_1_751' title='bbox 3082 4803 3181 4872; x_wconf 71' lang='grc' dir='ltr'><strong>οὐχ</strong></span> <span class='ocrx_word' id='word_1_752' title='bbox 3217 4802 3419 4870; x_wconf 75' lang='grc' dir='ltr'>ἥκιστά</span> <span class='ocrx_word' id='word_1_753' title='bbox 3446 4818 3535 4872; x_wconf 91' lang='grc' dir='ltr'><strong>μοι</strong></span> <span class='ocrx_word' id='word_1_754' title='bbox 3574 4800 3979 4870; x_wconf 82' lang='grc' dir='ltr'>διαμαρτάνειν</span> 
     </span>
    </p>
   </div>
   <div class='ocr_carea' id='block_1_111' title="bbox 2389 4890 3982 4966">
    <p class='ocr_par' dir='ltr' id='par_1_111' title="bbox 2389 4890 3982 4966">
     <span class='ocr_line' id='line_1_111' title="bbox 2389 4890 3982 4966; baseline -0.004 -18"><span class='ocrx_word' id='word_1_755' title='bbox 2389 4899 2618 4958; x_wconf 85' lang='grc' dir='ltr'>δοκεῖτε,</span> <span class='ocrx_word' id='word_1_756' title='bbox 2649 4898 2709 4964; x_wconf 74' lang='grc' dir='ltr'><strong>τδ</strong></span> <span class='ocrx_word' id='word_1_757' title='bbox 2736 4895 3073 4966; x_wconf 85' lang='grc' dir='ltr'>κυριώτερον</span> <span class='ocrx_word' id='word_1_758' title='bbox 3104 4893 3451 4961; x_wconf 81' lang='grc' dir='ltr'>ἀγνοοῦντες.</span> <span class='ocrx_word' id='word_1_759' title='bbox 3496 4911 3514 4943; x_wconf 75' lang='grc' dir='ltr'><strong>ι</strong></span> <span class='ocrx_word' id='word_1_760' title='bbox 3538 4891 3659 4944; x_wconf 80' lang='grc' dir='ltr'>Τῶν</span> <span class='ocrx_word' id='word_1_761' title='bbox 3690 4891 3746 4943; x_wconf 73' lang='grc' dir='ltr'>δὲ</span> <span class='ocrx_word' id='word_1_762' title='bbox 3780 4890 3982 4944; x_wconf 77' lang='grc' dir='ltr'>διαποο</span> 
     </span>
    </p>
   </div>
   <div class='ocr_carea' id='block_1_112' title="bbox 2393 4982 3981 5061">
    <p class='ocr_par' dir='ltr' id='par_1_112' title="bbox 2393 4982 3981 5061">
     <span class='ocr_line' id='line_1_112' title="bbox 2393 4982 3981 5061; baseline -0.006 -17"><span class='ocrx_word' id='word_1_763' title='bbox 2393 4992 2678 5061; x_wconf 66' lang='grc' dir='ltr'>ρησατιτων</span> <span class='ocrx_word' id='word_1_764' title='bbox 2704 4990 2798 5041; x_wconf 73' lang='grc' dir='ltr'>καὶ</span> <span class='ocrx_word' id='word_1_765' title='bbox 2833 4989 2929 5051; x_wconf 71' lang='grc' dir='ltr'><strong>τας</strong></span> <span class='ocrx_word' id='word_1_766' title='bbox 2954 4986 3134 5050; x_wconf 84' lang='grc' dir='ltr'>αἰτίας</span> <span class='ocrx_word' id='word_1_767' title='bbox 3164 4985 3372 5040; x_wconf 76' lang='grc' dir='ltr'>τούτων</span> <span class='ocrx_word' id='word_1_768' title='bbox 3403 4985 3733 5054; x_wconf 84' lang='grc' dir='ltr'>διευκρινεῖν</span> <span class='ocrx_word' id='word_1_769' title='bbox 3764 4984 3863 5035; x_wconf 76' lang='grc' dir='ltr'>καὶ</span> <span class='ocrx_word' id='word_1_770' title='bbox 3892 4982 3981 5035; x_wconf 87' lang='grc' dir='ltr'>δι-</span> 
     </span>
    </p>
   </div>
   <div class='ocr_carea' id='block_1_113' title="bbox 2390 5073 3987 5150">
    <p class='ocr_par' dir='ltr' id='par_1_113' title="bbox 2390 5073 3987 5150">
     <span class='ocr_line' id='line_1_113' title="bbox 2390 5073 3987 5150; baseline -0.006 -14"><span class='ocrx_word' id='word_1_771' title='bbox 2390 5082 2615 5136; x_wconf 84' lang='grc' dir='ltr'>δάσκειν</span> <span class='ocrx_word' id='word_1_772' title='bbox 2669 5078 3161 5150; x_wconf 79' lang='grc' dir='ltr'>παρακαλούντων,</span> <span class='ocrx_word' id='word_1_773' title='bbox 3220 5077 3343 5128; x_wconf 72' lang='grc' dir='ltr'>ἐπεὶ</span> <span class='ocrx_word' id='word_1_774' title='bbox 3390 5073 3825 5145; x_wconf 70' lang='grc' dir='ltr'>διερμηνεῦοντα</span> <span class='ocrx_word' id='word_1_775' title='bbox 3885 5073 3987 5127; x_wconf 78' lang='grc' dir='ltr'>καὶ</span> 
     </span>
    </p>
   </div>
   <div class='ocr_carea' id='block_1_114' title="bbox 2392 5165 3981 5241">
    <p class='ocr_par' dir='ltr' id='par_1_114' title="bbox 2392 5165 3981 5241">
     <span class='ocr_line' id='line_1_114' title="bbox 2392 5165 3981 5241; baseline -0.005 -15"><span class='ocrx_word' id='word_1_776' title='bbox 2392 5172 2762 5241; x_wconf 79' lang='grc' dir='ltr'>σαφηνίζοντα</span> <span class='ocrx_word' id='word_1_777' title='bbox 2786 5170 2993 5234; x_wconf 80' lang='grc' dir='ltr'>ταύτας</span> <span class='ocrx_word' id='word_1_778' title='bbox 3034 5169 3312 5239; x_wconf 72' lang='grc' dir='ltr'>εὕρισκον,</span> <span class='ocrx_word' id='word_1_779' title='bbox 3336 5168 3410 5230; x_wconf 86' lang='grc' dir='ltr'><strong>ὡς</strong></span> <span class='ocrx_word' id='word_1_780' title='bbox 3437 5167 3555 5221; x_wconf 78' lang='grc' dir='ltr'>τόδε</span> <span class='ocrx_word' id='word_1_781' title='bbox 3594 5167 3694 5235; x_wconf 78' lang='grc' dir='ltr'><strong>μεν</strong></span> <span class='ocrx_word' id='word_1_782' title='bbox 3722 5165 3813 5218; x_wconf 68' lang='grc' dir='ltr'><strong>διὰ</strong></span> <span class='ocrx_word' id='word_1_783' title='bbox 3832 5166 3981 5229; x_wconf 61' lang='grc' dir='ltr'>τῶε,</span> 
     </span>
    </p>
   </div>
   <div class='ocr_carea' id='block_1_115' title="bbox 2390 5259 3983 5334">
    <p class='ocr_par' dir='ltr' id='par_1_115' title="bbox 2390 5259 3983 5334">
     <span class='ocr_line' id='line_1_115' title="bbox 2390 5259 3983 5334; baseline -0.013 -14"><span class='ocrx_word' id='word_1_784' title='bbox 2390 5266 2510 5319; x_wconf 85' lang='grc' dir='ltr'>τόδε</span> <span class='ocrx_word' id='word_1_785' title='bbox 2540 5265 2597 5319; x_wconf 83' lang='grc' dir='ltr'>δὲ</span> <span class='ocrx_word' id='word_1_786' title='bbox 2630 5265 2718 5318; x_wconf 74' lang='grc' dir='ltr'>διὰ</span> <span class='ocrx_word' id='word_1_787' title='bbox 2746 5263 2868 5317; x_wconf 87' lang='grc' dir='ltr'>τόδε</span> <span class='ocrx_word' id='word_1_788' title='bbox 2899 5262 2999 5334; x_wconf 81' lang='grc' dir='ltr'>τὴν</span> <span class='ocrx_word' id='word_1_789' title='bbox 3040 5262 3341 5332; x_wconf 73' lang='grc' dir='ltr'>εἰρημένην</span> <span class='ocrx_word' id='word_1_790' title='bbox 3391 5259 3585 5329; x_wconf 76' lang='grc' dir='ltr'>κλῆσίν</span> <span class='ocrx_word' id='word_1_791' title='bbox 3617 5276 3673 5312; x_wconf 88' lang='grc' dir='ltr'><strong>τε</strong></span> <span class='ocrx_word' id='word_1_792' title='bbox 3713 5260 3809 5311; x_wconf 69' lang='grc' dir='ltr'>καὶ</span> <span class='ocrx_word' id='word_1_793' title='bbox 3841 5277 3983 5330; x_wconf 67' lang='grc' dir='ltr'>γρα-</span> 
     </span>
    </p>
   </div>
   <div class='ocr_carea' id='block_1_116' title="bbox 2393 5353 3986 5429">
    <p class='ocr_par' dir='ltr' id='par_1_116' title="bbox 2393 5353 3986 5429">
     <span class='ocr_line' id='line_1_116' title="bbox 2393 5353 3986 5429; baseline -0.003 -19"><span class='ocrx_word' id='word_1_794' title='bbox 2393 5360 2501 5429; x_wconf 81' lang='grc' dir='ltr'>φὴν</span> <span class='ocrx_word' id='word_1_795' title='bbox 2556 5357 2694 5428; x_wconf 79' lang='grc' dir='ltr'>εχει,</span> <span class='ocrx_word' id='word_1_796' title='bbox 2730 5356 2828 5410; x_wconf 77' lang='grc' dir='ltr'>καὶ</span> <span class='ocrx_word' id='word_1_797' title='bbox 2861 5357 2980 5426; x_wconf 74' lang='grc' dir='ltr'>ἅμα</span> <span class='ocrx_word' id='word_1_798' title='bbox 3025 5358 3053 5409; x_wconf 82' lang='grc' dir='ltr'><strong>ὁ</strong></span> <span class='ocrx_word' id='word_1_799' title='bbox 3090 5355 3216 5419; x_wconf 84' lang='grc' dir='ltr'>νοῦς</span> <span class='ocrx_word' id='word_1_800' title='bbox 3270 5354 3451 5408; x_wconf 82' lang='grc' dir='ltr'>αὐτῶν</span> <span class='ocrx_word' id='word_1_801' title='bbox 3508 5353 3819 5424; x_wconf 81' lang='grc' dir='ltr'>διηνοίγετο</span> <span class='ocrx_word' id='word_1_802' title='bbox 3887 5357 3986 5408; x_wconf 76' lang='grc' dir='ltr'>καὶ</span> 
     </span>
    </p>
   </div>
   <div class='ocr_carea' id='block_1_117' title="bbox 2391 5444 3983 5517">
    <p class='ocr_par' dir='ltr' id='par_1_117' title="bbox 2391 5444 3983 5517">
     <span class='ocr_line' id='line_1_117' title="bbox 2391 5444 3983 5517; baseline -0.003 -15"><span class='ocrx_word' id='word_1_803' title='bbox 2391 5449 2500 5502; x_wconf 88' lang='grc' dir='ltr'><strong>τῶν</strong></span> <span class='ocrx_word' id='word_1_804' title='bbox 2528 5449 2840 5517; x_wconf 87' lang='grc' dir='ltr'>λεγομένων</span> <span class='ocrx_word' id='word_1_805' title='bbox 2867 5446 3142 5511; x_wconf 85' lang='grc' dir='ltr'>συνίεσαν,</span> <span class='ocrx_word' id='word_1_806' title='bbox 3164 5444 3368 5515; x_wconf 73' lang='grc' dir='ltr'>θάμϐει</span> <span class='ocrx_word' id='word_1_807' title='bbox 3390 5446 3575 5498; x_wconf 70' lang='grc' dir='ltr'>λοιπον</span> <span class='ocrx_word' id='word_1_808' title='bbox 3600 5444 3983 5515; x_wconf 74' lang='grc' dir='ltr'>συσχεθέντες.</span> 
     </span>
    </p>
   </div>
   <div class='ocr_carea' id='block_1_118' title="bbox 2395 5538 3985 5610">
    <p class='ocr_par' dir='ltr' id='par_1_118' title="bbox 2395 5538 3985 5610">
     <span class='ocr_line' id='line_1_118' title="bbox 2395 5538 3985 5610; baseline -0.002 -18"><span class='ocrx_word' id='word_1_809' title='bbox 2395 5544 2443 5593; x_wconf 86' lang='grc' dir='ltr'>εἱ</span> <span class='ocrx_word' id='word_1_810' title='bbox 2475 5542 2572 5594; x_wconf 73' lang='grc' dir='ltr'>καὶ</span> <span class='ocrx_word' id='word_1_811' title='bbox 2611 5540 2805 5602; x_wconf 75' lang='grc' dir='ltr'>ἄλλους</span> <span class='ocrx_word' id='word_1_812' title='bbox 2843 5539 2957 5610; x_wconf 77' lang='grc' dir='ltr'>ἔχει</span> <span class='ocrx_word' id='word_1_813' title='bbox 3009 5540 3288 5601; x_wconf 62' lang='grc' dir='ltr'>τοιούτους</span> <span class='ocrx_word' id='word_1_814' title='bbox 3336 5539 3399 5591; x_wconf 76' lang='grc' dir='ltr'>τὸ</span> <span class='ocrx_word' id='word_1_815' title='bbox 3433 5538 3730 5600; x_wconf 75' lang='grc' dir='ltr'>Βυζάντιον</span> <span class='ocrx_word' id='word_1_816' title='bbox 3760 5539 3985 5606; x_wconf 64' lang='grc' dir='ltr'>ἐτηρὼο</span> 
     </span>
    </p>
   </div>
   <div class='ocr_carea' id='block_1_119' title="bbox 2397 5626 3979 5705">
    <p class='ocr_par' dir='ltr' id='par_1_119' title="bbox 2397 5626 3979 5705">
     <span class='ocr_line' id='line_1_119' title="bbox 2397 5626 3979 5705; baseline -0.003 -20"><span class='ocrx_word' id='word_1_817' title='bbox 2397 5651 2525 5687; x_wconf 83' lang='grc' dir='ltr'>των.</span> <span class='ocrx_word' id='word_1_818' title='bbox 2563 5634 2863 5705; x_wconf 83' lang='grc' dir='ltr'>Εἱρηκότος</span> <span class='ocrx_word' id='word_1_819' title='bbox 2902 5633 2958 5686; x_wconf 81' lang='grc' dir='ltr'>δὲ</span> <span class='ocrx_word' id='word_1_820' title='bbox 2986 5633 3179 5685; x_wconf 82' lang='grc' dir='ltr'>τούτου</span> <span class='ocrx_word' id='word_1_821' title='bbox 3214 5631 3505 5692; x_wconf 77' lang='grc' dir='ltr'>πλείστους</span> <span class='ocrx_word' id='word_1_822' title='bbox 3536 5633 3592 5683; x_wconf 85' lang='grc' dir='ltr'><strong>ἐν</strong></span> <span class='ocrx_word' id='word_1_823' title='bbox 3628 5631 3777 5700; x_wconf 74' lang='grc' dir='ltr'>αῦτῷ</span> <span class='ocrx_word' id='word_1_824' title='bbox 3814 5626 3979 5693; x_wconf 73' lang='grc' dir='ltr'>εἶναι,</span> 
     </span>
    </p>
   </div>
   <div class='ocr_carea' id='block_1_120' title="bbox 2398 5720 3987 5793">
    <p class='ocr_par' dir='ltr' id='par_1_120' title="bbox 2398 5720 3987 5793">
     <span class='ocr_line' id='line_1_120' title="bbox 2398 5720 3987 5793; baseline -0.003 -16"><span class='ocrx_word' id='word_1_825' title='bbox 2398 5727 2491 5779; x_wconf 67' lang='grc' dir='ltr'>καὶ</span> <span class='ocrx_word' id='word_1_826' title='bbox 2520 5727 2711 5778; x_wconf 64' lang='grc' dir='ltr'>ἐαυτὸν</span> <span class='ocrx_word' id='word_1_827' title='bbox 2763 5724 2854 5777; x_wconf 74' lang='grc' dir='ltr'>τὸν</span> <span class='ocrx_word' id='word_1_828' title='bbox 2887 5724 3114 5793; x_wconf 75' lang='grc' dir='ltr'>ἔσχατον</span> <span class='ocrx_word' id='word_1_829' title='bbox 3147 5720 3255 5773; x_wconf 86' lang='grc' dir='ltr'><strong>τῶν</strong></span> <span class='ocrx_word' id='word_1_830' title='bbox 3300 5720 3559 5790; x_wconf 80' lang='grc' dir='ltr'>μαθητῶν</span> <span class='ocrx_word' id='word_1_831' title='bbox 3603 5720 3719 5772; x_wconf 74' lang='grc' dir='ltr'>ἀλλ’</span> <span class='ocrx_word' id='word_1_832' title='bbox 3766 5736 3830 5771; x_wconf 83' lang='grc' dir='ltr'><strong>ου</strong></span> <span class='ocrx_word' id='word_1_833' title='bbox 3877 5721 3987 5773; x_wconf 77' lang='grc' dir='ltr'><strong>τῶν</strong></span> 
     </span>
    </p>
   </div>
   <div class='ocr_carea' id='block_1_121' title="bbox 2400 5811 3984 5888">
    <p class='ocr_par' dir='ltr' id='par_1_121' title="bbox 2400 5811 3984 5888">
     <span class='ocr_line' id='line_1_121' title="bbox 2400 5811 3984 5888; baseline -0.006 -14"><span class='ocrx_word' id='word_1_834' title='bbox 2400 5819 2783 5881; x_wconf 60' lang='grc' dir='ltr'>διδασκίντωτ),</span> <span class='ocrx_word' id='word_1_835' title='bbox 2832 5814 3082 5888; x_wconf 70' lang='grc' dir='ltr'>περὶτοῦ</span> <span class='ocrx_word' id='word_1_836' title='bbox 3120 5814 3445 5868; x_wconf 70' lang='grc' dir='ltr'>διδασκάλου</span> <span class='ocrx_word' id='word_1_837' title='bbox 3493 5811 3655 5867; x_wconf 77' lang='grc' dir='ltr'>πάλιν</span> <span class='ocrx_word' id='word_1_838' title='bbox 3690 5811 3984 5871; x_wconf 64' lang='grc' dir='ltr'>διεπυνθά-</span> 
     </span>
    </p>
   </div>
  </div>
