4226 6442
275 426 415 491 1053

1364 423 1909 488 HISTORIARUM
1948 421 2472 489 COMPENDIUM.
2580 413 2583 418 “

3401 418 3544 487 1054

269 564 449 617 νοντο,
478 545 562 612 τίς
592 565 653 600 τε
706 547 792 618 εἴη
818 547 916 601 καὶ
953 549 1002 600 εἱ
1037 544 1335 617 περίεστιν.
1392 546 1450 599 Ὀ
1483 546 1540 598 δὲ
1594 546 1744 610 ὅστις
1777 564 1836 599 τε
1868 546 1913 600 Α

1872 546 1913 600 Α
1943 540 2180 596 fructum
2197 557 2303 598 non
2336 538 2469 607 fers,
2493 555 2562 597 ne
2587 539 2894 612 dedignaris
2916 539 2984 596 ad
3003 552 3105 597 nos
3130 537 3319 598 venire
3339 544 3541 608 tuaque

269 640 358 711 εἴη
386 639 738 711 ἁπεκρίνατο,
777 640 874 694 καὶ
892 640 970 703 ὡς
995 639 1077 693 ἔτι
1101 639 1383 709 περίεστιν
1420 639 1560 707 ἀκτή
1572 656 1710 708 μονα
1730 639 1848 708 βίον

271 732 423 796 οἰκίων
456 732 551 785 καὶ
587 731 725 802 μηδέ
756 747 898 786 τισιν
929 731 1110 795 ἄλλοις
1142 730 1261 784 ἀλλ’
1290 730 1323 800 ἢ
1369 729 1558 799 μόναις
1580 731 1703 793 ταῖς
1726 731 1850 784 ἐπι-

272 822 514 893 στήμαις
570 820 997 892 προσηλωμένον
1046 820 1186 890 ἔχων
1236 822 1330 873 τὸν
1380 818 1469 890 [Ρ.
1523 818 1651 891 549]
1699 817 1846 874 νοῦν.

273 912 582 983 Γράμματα
611 911 744 979 γοῦν
773 912 937 977 εὐθὺς
963 914 993 967 ὁ
1020 913 1269 983 Μαμοὺμ
1300 910 1413 982 (48λ
1453 912 1589 981 πρὸς
1638 913 1849 965 ἐκεῖνον

270 1004 644 1076 διαχαράττέι,
669 1004 821 1060 τόνδε
843 1007 935 1059 τὸν
957 1003 1081 1059 νοῦν
1109 1005 1326 1074 ἔχοντα·
1351 1023 1368 1055 ι
1417 1006 1495 1058 nix
1520 1004 1615 1059 τοῦ
1632 1001 1848 1074 καρποῦ

269 1097 334 1148 τὺ
367 1095 586 1166 δένδρον
636 1097 732 1149 καὶ
766 1097 832 1150 ἐκ
882 1096 977 1149 τοῦ
1017 1095 1267 1167 μαθητοῦ
1308 1097 1554 1167 ἔγνωμεν
1583 1096 1674 1151 τὸν
1705 1095 1850 1149 διδά-

273 1188 496 1242 τκαλον.
563 1187 721 1241 Ἐπεὶ
762 1187 896 1256 γοῦν
948 1188 1270 1259 τηλικοῦτος
1308 1187 1384 1242 ὢν
1421 1190 1551 1258 περὶ
1596 1190 1697 1260 τὴν
1740 1189 1850 1243 τῶν

270 1276 443 1330 όντων
473 1276 790 1347 ἐπιστήμην
825 1277 1103 1346 ἄγνωστος
1126 1273 1178 1330 εῐ
1198 1279 1313 1341 τοῖς
1345 1278 1850 1346 συμπολίταις,τῆς

273 1367 534 1435 γνώσεως
585 1371 685 1421 καὶ
734 1367 932 1437 σοφίας
978 1367 1190 1439 καρπὸν
1264 1368 1341 1439 μὴ
1377 1368 1734 1439 δρεπόμενος,
1774 1369 1849 1439 μὴ

269 1458 592 1529 ἀπαξιὼσῃς
617 1459 792 1512 ἐλθεῖν
829 1460 965 1530 προς
985 1461 1136 1531 ἡμᾶς
1159 1461 1257 1513 καὶ
1293 1459 1396 1529 τῆς
1429 1462 1528 1525 σῆς
1585 1460 1847 1527 μεταδοῦ-

271 1568 362 1604 ναι
412 1552 628 1618 σοφίας.
666 1552 980 1622 Ἐρχομένῳ
1029 1550 1141 1621 γάρ
1187 1567 1272 1604 σοι
1316 1550 1518 1620 αὐχένα
1563 1551 1850 1603 ὑποκλινεῖ

272 1642 431 1708 γένος
468 1641 616 1696 ἅπαν
659 1642 723 1695 τὸ
769 1642 880 1695 τῶν
930 1644 1288 1713 Σαρακηνῶν,
1331 1644 1425 1694 καὶ
1463 1641 1694 1693 πλούτου
1755 1643 1849 1694 καὶ

270 1734 492 1804 δωρεῶν
513 1734 795 1806 ἁξιωθήσῃ
822 1728 898 1788 ὧν
928 1736 1038 1788 οὐδ’
1061 1729 1142 1798 εἷς
1166 1734 1387 1787 πώποτε
1410 1733 1519 1787 τῶν
1541 1734 1846 1803 ἀνθρώπων

268 1824 521 1895 ἠξίωται.
572 1843 592 1876 ι
622 1824 813 1878 Ταῦτα
844 1825 914 1878 τὰ
967 1824 1275 1896 γράμματα
1325 1825 1451 1887 δοὺς
1481 1824 1560 1897 τῷ
1581 1826 1847 1892 νεανίσκῳ

270 1918 370 1970 καὶ
423 1916 620 1986 δώροις
666 1916 1206 1987 φιλοφρονησάμενος
1262 1918 1541 1987 ἐκπέμπει
1570 1916 1707 1987 πρὸς
1755 1918 1847 1969 τὸν

270 2008 617 2063 διδάσκαλον.
666 2008 729 2062 '0
775 2008 831 2061 δὲ
879 2008 1170 2072 διασωθεὶς
1214 2008 1351 2077 πρὸς
1388 2009 1491 2079 τὴν
1528 2007 1845 2077 βασιλεύου-

272 2114 370 2149 σαν
419 2098 515 2151 καὶ
553 2096 734 2162 ζῶντα
773 2096 866 2149 τδν
916 2097 1207 2164 φιλόσοφον
1253 2095 1508 2167 εὑρηκὼς
1562 2096 1841 2149 ἐπιδίδωσι

268 2188 447 2242 ταῦτα
470 2188 541 2243 τὰ
587 2190 917 2260 γράμματα.
958 2188 1015 2241 '0
1045 2188 1100 2241 δὲ
1144 2189 1246 2242 οὐκ
1283 2188 1566 2242 ἀκίνδυνον
1589 2185 1727 2243 εἶναι
1759 2189 1847 2242 λο-

269 2280 565 2350 γισάμενος
595 2282 644 2334 εί
671 2280 893 2351 γραφὴν
941 2280 1050 2334 ἀπὸ
1082 2281 1192 2334 τῶν
1226 2280 1436 2351 ἐχθρῶν
1463 2280 1665 2345 δέξοιτο
1694 2282 1842 2349 εἰδή-

1953 646 2056 685 nos
2089 633 2337 686 doctrina
2356 632 2658 702 impertire.
2693 631 2946 686 Venienti
2975 632 3120 687 enim
3147 630 3246 686 tibi
3276 637 3390 685 tota
3411 628 3543 685 Sar—

1953 724 2202 777 raceniea
2235 722 2388 778 natio
2420 724 2689 780 cervicem
2745 724 3059 789 submittet,
3111 722 3293 792 iisque
3328 721 3541 781 divitiis

1952 821 2005 865 et
2034 813 2196 868 donis
2227 814 2611 871 cumulaberis
2635 816 2841 884 quibus
2873 827 3039 868 nemo
3094 825 3339 882 unquam
3357 811 3543 865 homi-

1955 920 2108 958 num.
2144 923 2164 956 ι
2209 904 2319 961 Has
2351 907 2567 963 litteras
2600 905 2795 976 juveni
2850 904 3157 961 liberaliter
3212 902 3418 959 donato
3444 903 3541 959 dat

1952 994 2123 1050 Leuni
2156 997 2477 1054 tradendae.
2514 1000 2678 1069 Isque
2710 997 3033 1069 Byzantium
3089 995 3383 1051 incolumis
3411 1009 3538 1064 per-

1953 1087 2122 1153 latus,
2159 1101 2285 1142 cum
2310 1087 2545 1143 Leonem
2580 1088 2764 1142 adhuc
2783 1088 2969 1142 vivum
3021 1086 3334 1157 reperisset,
3368 1085 3415 1139 ei
3449 1085 3537 1138 lit-

1952 1187 2100 1234 teras
2130 1178 2329 1234 reddit.
2373 1178 2487 1236 Leo
2524 1181 2899 1250 periculosum
2938 1181 3185 1235 sentiens
3205 1179 3428 1234 litteras
3466 1176 3537 1231 ab

1952 1271 2113 1327 hoste
2140 1272 2415 1341 accipere,
2458 1272 2744 1327 nesciente
2776 1270 2829 1326 id
2865 1271 3217 1339 imperatore.
3278 1268 3538 1324 Theocti-

1951 1371 2096 1418 stum
2119 1364 2448 1432 logothetam
2480 1363 2682 1427 dromi,
2712 1377 2877 1432 quem
2903 1361 3121 1415 deinde
3161 1375 3189 1412 a
3216 1359 3396 1413 Barda
3450 1360 3535 1412 in-

1954 1454 2242 1509 terfectum
2273 1455 2584 1517 docuimus,
2610 1452 2843 1516 accedit,
2895 1462 2952 1509 et
3018 1457 3210 1507 narrat
3260 1450 3537 1520 quomodo

1951 1547 2257 1616 discipulus
2280 1562 2416 1602 suus
2462 1548 2710 1617 captivus
2757 1544 2984 1600 redierit
3046 1546 3369 1615 litterasque
3429 1543 3532 1599 sibi

1950 1641 2016 1690 ah
2058 1654 2433 1693 amermnmua
2464 1639 2711 1693 attulerit
2747 1655 2762 1703 ;
2824 1637 3100 1705 simulque
3150 1652 3246 1692 eas
3288 1636 3531 1692 exhibet.

1954 1728 2063 1782 lloc
2100 1730 2257 1785 modo
2300 1729 2503 1784 Leonis
2535 1731 2589 1784 in
2624 1728 2849 1784 occulto
2880 1735 3192 1782 versantem
3225 1726 3529 1781 doctrinam

1953 1821 2260 1890 discipulus
2294 1823 2345 1873 in
2384 1823 2559 1875 lucem
2591 1822 2871 1891 produxit,
2910 1827 3078 1891 atque
3108 1819 3213 1873 hac
3242 1818 3535 1874 occasion:

1955 1913 2273 1981 imperatori
2302 1913 2544 1968 innotuit
2582 1927 2647 1967 ac
2704 1911 2995 1966 familiaris
3044 1920 3131 1967 est
3189 1909 3368 1966 factus
3398 1909 3528 1963 Leo.

1950 2003 2147 2057 Statim
2182 2004 2328 2058 enim
2365 2003 2412 2059 is
2457 2019 2584 2058 eum
2643 2003 2863 2066 accivit,
2915 2003 3258 2068 ditatumque
3312 2001 3531 2071 publice

1946 2095 2141 2148 docere
2159 2093 2349 2164 jussit,
2378 2095 2652 2165 gytnnasii
2686 2095 2741 2149 in
2768 2109 2929 2149 usum
2946 2092 2997 2149 ei
3022 2093 3330 2148 concedens
3354 2092 3527 2147 eadem

1944 2186 2315 2258 Quadraginta
2347 2188 2675 2259 Martyrum.
2713 2187 2817 2242 Sed
2873 2186 3179 2240 Mannunus
3230 2183 3431 2239 Leonis
3458 2184 3528 2237 ad

1946 2296 2005 2335 se
2046 2280 2284 2335 adventu
2323 2279 2638 2349 desperato,
2677 2278 3045 2350 geometricas
3103 2276 3273 2348 969
3319 2276 3529 2345 aliquot

270 2387 411 2435 σεως
466 2372 596 2427 ἄνευ
639 2371 952 2449 βασιλικῆς,
1016 2373 1271 2439 πρόσεισι
1315 2371 1391 2441 τῷ
1439 2372 1703 2443 λογοθέτῃ
1750 2372 1844 2426 τοῦ

1944 2372 2466 2442 astronomicasque
2490 2380 2545 2426 et
2570 2371 2801 2425 aliarum
2820 2367 3526 2437 scientiarumqumstiones

268 2464 476 2534 δρόμου
501 2463 850 2534 (Θεόκτιστος
871 2458 1024 2527 οῦτος
1043 2460 1134 2535 ἦν,
1166 2466 1194 2518 ό
1216 2464 1370 2535 παρὰ
1387 2466 1481 2518 τοῦ
1504 2465 1684 2535 Βάρδα
1705 2466 1843 2534 μετὰ

1942 2463 2009 2518 ad
2037 2479 2159 2517 eum
2197 2463 2393 2527 mittit,
2441 2463 2777 2518 solutionem
2822 2475 3014 2517 earum
3067 2473 3324 2530 poscens.
3375 2457 3526 2524 Quas

271 2554 447 2609 ταῦτα
480 2556 813 2627 ἀναιρεθεὶς)
864 2557 960 2609 καὶ
1021 2556 1290 2626 διηγεῖται
1339 2557 1489 2619 ὅπως
1520 2574 1580 2609 τε
1613 2557 1838 2624 ἀφίκετο

1942 2570 2068 2607 cum
2100 2552 2211 2608 Leo
2236 2563 2382 2608 recte
2420 2568 2615 2608 omnes
2641 2553 3023 2617 discussisset,
3062 2559 3120 2605 et
3141 2547 3525 2603 admirationis

266 2645 407 2715 πρὸς
435 2646 598 2698 αὑτὸν
621 2648 650 2698 ὁ
676 2646 1020 2716 αἰχμάλωτος
1051 2646 1323 2717 μαθητὴς,
1352 2649 1446 2701 καὶ
1473 2648 1621 2711 ὅπως
1654 2648 1828 2718 γράμ-

1941 2646 2243 2700 ειιιὶιτιηιίιε
2269 2645 2443 2714 gratia
2478 2646 2642 2700 simul
2672 2645 2920 2714 quaedam
2978 2642 3162 2696 futura
3195 2636 3524 2710 praedicendi

270 2754 346 2807 μα
376 2736 527 2807 αὐτῷ
566 2739 1008 2808 προσκεκόμικεν
1050 2739 1117 2792 ἐκ
1163 2739 1258 2792 τοῦ
1315 2740 1702 2809 ἀμερμουμνῆ,
1748 2742 1842 2792 καὶ

1939 2737 2091 2805 signa
2126 2736 2527 2803 adscripsisset,
2550 2732 2860 2788 Mannumus
2890 2732 3097 2786 litteris
3132 2731 3254 2785 istis
3274 2730 3520 2799 acceptis

266 2829 385 2897 ἅμα
413 2826 515 2899 τὴν
553 2829 772 2899 γραφὴν
805 2826 1054 2880 ἐκϐαλὼν
1094 2829 1176 2889 είς
1203 2830 1390 2897 χεῖρας
1421 2828 1656 2879 δίδωσιν.
1691 2827 1837 2894 Αὕτη

1976 2826 2184 2878 nimum
2240 2824 2517 2880 desiderio
2566 2824 2688 2893 ejus
2727 2824 3010 2879 sauciatus
3076 2820 3252 2874 fertur
3321 2832 3522 2890 magna
3627 2831 3641 2847 ‘

1942 2930 2075 2969 voce
2105 2916 2471 2981 exclamasse,
2508 2913 2875 2968 admiratione
2907 2920 3073 2966 tantm
3114 2911 3236 2980 ejus
3260 2909 3366 2965 viri
3420 2909 3522 2963 do-

270 3028 357 3074 σις
385 3012 599 3079 γίνεται
650 3012 744 3065 καὶ
790 3009 1087 3073 οἰκείωσις,
1120 3012 1213 3062 καὶ
1260 3012 1288 3062 ό
1338 3008 1550 3078 λεχθεὶς
1587 3008 1837 3078 μαθητὴς

1944 3007 2158 3059 ctrinae.
2182 3007 2379 3060 Statim
2412 3020 2542 3075 ergo
2572 3004 2642 3059 ad
2676 3003 3041 3073 TheOphilum
3077 3003 3289 3071 legatos
3316 3000 3511 3063 mittit,

265 3100 366 3169 τὴν
393 3101 489 3153 τοῦ
517 3102 745 3164 Λέοντος
775 3102 967 3169 σοφίαν
990 3100 1834 3173 ἔτιδκρυπτομένηνυέδημοσίευ-

1939 3114 2061 3151 cum
2093 3098 2291 3152 litteris
2317 3100 2432 3151 haec
2460 3096 2937 3168 signiﬁcantibus:
2968 3113 2984 3144 ι
3021 3091 3518 3161 Statueram.quod

266 3207 347 3245 σε·
388 3192 783 3262 προσκαλεῖται
821 3193 931 3263 γὰρ
969 3193 1047 3256 ὠς
1090 3194 1254 3264 τάχος
1306 3193 1470 3245 αὑτὸν
1499 3194 1527 3245 ὁ
1580 3191 1834 3261 βασιλεὺς
1866 3210 1908 3268 c

1866 3210 1908 3268 ρ
1941 3195 2025 3243 est
2049 3187 2268 3258 genuini
2302 3188 2462 3243 amici
2499 3187 2765 3250 alliciunt,
2788 3186 2908 3256 ipse
2937 3183 3004 3239 ad
3057 3194 3108 3237 te
3158 3182 3347 3237 venire
3375 3198 3390 3234 :
3422 3179 3519 3234 sed

266 2921 301 2988 ἡ
327 2921 477 2974 αἰτία
505 2920 582 2988 τῷ
615 2920 891 2989 φιλοσόφῳ
920 2919 1111 2971 Λέοντι
1139 2918 1277 2988 πρὸς
1318 2918 1410 2971 τὸν
1436 2918 1661 2987 βασιλέα
1692 2917 1827 2985 γνῶ-

265 3284 362 3337 καὶ⁹
391 3284 666 3347 πλουτίζει
712 3284 807 3335 καὶ
856 3284 1092 3354 δημοσία
1141 3283 1413 3336 διδάσκειν
1444 3282 1831 3352 προτρέπεται,

266 3371 687 3440 κατοικητήριον
724 3370 993 3440 ἀφορίσας
1036 3370 1186 3439 αύτῷ
1218 3371 1308 3424 τὸν
1360 3370 1506 3423 θεῖον
1556 3372 1679 3425 ναὸν
1727 3372 1836 3424 τῶν

265 3462 691 3532 Τεσσαρᾶκοντα
717 3462 1041 3516 καλλινίκων
1073 3463 1266 3533 Μαρτύ
1277 3481 1404 3533 ρων.
1424 3464 1485 3517 Ὀ
1512 3465 1569 3517 δὲ
1590 3465 1837 3533 Μαμοὺμ

262 3551 537 3619 ἀπογνοὺς
563 3551 664 3621 τὴν
683 3550 776 3604 τοῦ
812 3551 1105 3619 φιλοσόφου
1129 3551 1311 3619 ἄφιξιν
1340 3553 1573 3621 ἀπορίας
1603 3553 1834 3621 ἐκθέμε-

266 3660 355 3703 νος
385 3641 779 3713 γεωμετρικῶν
802 3643 896 3695 καὶ
929 3643 1342 3713 ἀστρονομικῶν
1376 3643 1710 3715 ζητημάτων
1740 3648 1834 3696 καί

261 3749 428 3785 τινων
484 3732 660 3786 ἄλλων
722 3731 1065 3801 μαθημάτων
1117 3734 1419 3807 ἐκπέμπει,
1490 3733 1587 3796 τὰς
1652 3733 1835 3796 λύσεις

263 3823 667 3893 σαφηνισθῆναί
701 3825 750 3875 οἱ
800 3823 1246 3893 ἐξαιτησάμενος.
1314 3825 1397 3883 Ὡς
1441 3823 1486 3876 δ’
1536 3825 1775 3891 ἑκάστην
1806 3826 1834 3877 ὁ

264 3915 416 3968 Λέων
476 3914 705 3984 ζήτησιν
756 3914 1042 3967 διελύσατο
1094 3915 1391 3985 ἁρμοδίως,
1451 3915 1747 3985 προσέθετο
1775 3915 1833 3968 δὲ

262 4006 653 4076 καταπλήξεως
684 4006 842 4075 χάριν
882 4008 976 4058 καί
1001 4023 1123 4057 τινα
1159 4006 1268 4058 τῶν
1304 4007 1604 4076 μελλόντων
1632 4010 1834 4076 σημεῖα

267 4098 676 4166 προγνωστικὰ,
724 4098 821 4150 καὶ
868 4096 1044 4168 τούτῳ
1096 4097 1394 4168 ἐξέπεμψε,
1434 4100 1556 4152 τότε
1612 4099 1675 4169 δὴ
1740 4102 1833 4152 ἐπὶ

260 4191 453 4259 χεῖρας
488 4187 726 4242 λαεόντα
757 4188 848 4242 τὸν
877 4190 1279 4259 ἀμερμουμνῆν
1299 4190 1576 4260 τρωθῆναι
1605 4190 1682 4261 τῷ
1702 4190 1830 4243 τού-

260 4294 356 4328 του
383 4276 569 4346 ἔρωτι,
607 4279 749 4349 μέγα
778 4295 836 4330 τε
855 4281 1189 4349 ἀνακραγεῖν
1213 4279 1304 4333 τὸν
1324 4281 1490 4350 ἄνδρα
1516 4282 1613 4349 τῆς
1640 4281 1831 4350 σοφίας

263 4368 704 4440 ὑπεραγάμενον.
741 4368 917 4430 Εὐθὺς
944 4366 1036 4423 οὖν
1067 4370 1365 4438 πρεσϐείαν
1408 4372 1543 4441 πρὸς
1583 4372 1673 4425 τὸν
1698 4372 1829 4426 Θεό-

261 4461 416 4526 φιλον
461 4460 557 4514 καὶ
603 4460 907 4529 γράμματα
959 4460 1181 4513 τοιαῦτα
1211 4460 1402 4531 ἔχοντα
1457 4462 1560 4531 τὴν
1590 4463 1830 4517 διάνοιαν

1940 3297 2061 3333 cum
2093 3295 2121 3331 a
2150 3277 2258 3332 Deo
2281 3279 2413 3332 mihi
2440 3278 2802 3333 commissum
2857 3275 3145 3345 imperium
3177 3272 3520 3344 populusque

1942 3373 2074 3425 mihi
2100 3370 2376 3432 subditus,
2415 3371 2582 3439 cujus
2612 3384 2833 3424 summa
2867 3378 2951 3424 est
2982 3374 3249 3436 potestas,
3307 3365 3361 3420 id
3407 3379 3518 3419 non

1937 3462 2261 3522 concedant,
2297 3468 2423 3529 peto
2453 3469 2512 3514 ut
2542 3460 2719 3513 virum
2741 3473 2903 3529 quem
2925 3457 3266 3528 philosophia
3284 3456 3521 3525 aliisque

1938 3551 2182 3605 scientiis
2223 3550 2498 3605 celebrem
2524 3550 2717 3614 habes,
2737 3549 2805 3604 ad
2833 3565 2919 3604 me
2945 3549 3155 3612 mittas,
3181 3558 3237 3603 ut
3261 3548 3517 3619 exiguum

1938 3654 2154 3711 tempus
2197 3656 2416 3696 mecum
2474 3642 2676 3710 degens
2719 3656 2821 3696 sua
2884 3656 2973 3695 me
3039 3638 3309 3705 doctrina,
3357 3639 3518 3707 cujus

1938 3748 2124 3788 amore
2168 3733 2360 3802 ﬂagro,
2421 3733 2716 3802 impertiat.
2772 3730 2961 3802 Neque
3015 3732 3087 3786 ob
3132 3729 3412 3800 religionis
3456 3740 3510 3784 et

1937 3827 2115 3892 gentis
2137 3826 2515 3881 diversitatem
2572 3825 2675 3878 hoc
2709 3824 2955 3889 diﬁ'eras,
3007 3824 3103 3879 sed
3152 3823 3298 3893 quod
3355 3821 3517 3877 bonis

1936 3919 2130 3971 amicis
2168 3917 2422 3981 debetur,
2487 3916 2896 3986 quamprimum
2955 3923 3202 3985 praestes.
3252 3912 3355 3968 Pro
3413 3913 3516 3967 hoc

1933 4008 2109 4061 ollicio
2141 4009 2236 4062 tibi
2267 4009 2384 4060 auri
2418 4007 2737 4063 centenaria
2788 4005 2892 4060 l00
2923 4007 3240 4069 reddemus,
3281 4019 3505 4075 pacem~

1933 4114 2040 4169 que
2072 4106 2127 4151 et
2163 4098 2345 4152 foedus
2382 4113 2621 4165 perenne
2662 4105 3076 4167 componemus.
3110 4115 3129 4147 ι
3164 4095 3277 4150 Has
3305 4096 3519 4150 litteras

1934 4206 2058 4246 cum
2092 4192 2395 4259 accepisset
2420 4190 2784 4260 Theophilus,
2830 4189 3132 4244 absurdum
3184 4195 3339 4241 ratus
3391 4186 3518 4240 bar-

1932 4284 2082 4338 baris
2119 4283 2349 4336 nrodere
2383 4284 2668 4349 scientias,
2691 4282 2763 4336 ob
2790 4295 2929 4349 quas
2972 4276 3220 4334 Romana
3279 4292 3416 4347 gens
3456 4276 3511 4330 in

1931 4374 2293 4430 admiratione
2345 4382 2509 4437 esset,
2562 4374 2809 4441 petitioni
2862 4372 2990 4424 huic
3070 4385 3179 4424 non
3234 4370 3433 4423 annuit
3493 4385 3508 4422 :

1932 4464 2166 4519 Leonem
2217 4479 2347 4517 vero
2400 4464 2600 4531 majori
2639 4477 2800 4532 porro
2854 4463 2908 4515 in
2949 4462 3160 4515 honore
3226 4460 3388 4515 habet
3449 4472 3515 4512 ac

258 4549 558 4619 ἐκπέμπει·
602 4568 621 4601 ι
655 4547 987 4619 Ἐϐουλόμην
1044 4550 1144 4618 μὲν
1186 4550 1352 4613 αὐτὸς
1390 4551 1683 4620 ἀφικέσθαι
1721 4570 1825 4619 σοι,
1853 4536 1907 4596 D

1853 4536 1907 4596 Ῑ)
1936 4557 2342 4611 Thessalonicae
2364 4555 2532 4626 970
2564 4557 2884 4624 episcopum
2917 4562 3091 4619 creat,
3123 4566 3288 4623 opera
3315 4549 3506 4608 Jannis

261 4635 423 4704 ἔργον
459 4637 686 4707 γνησίου
734 4637 891 4707 φίλου
926 4638 1299 4709 ἀποπληρῶν·
1330 4641 1452 4695 ἐπεὶ
1476 4641 1585 4711 δὲή
1621 4645 1845 4699 ἀνακει-
1919 4665 1930 4717 ι

1843 4678 1845 4686 ν
1919 4647 2265 4717 patriarchae,
2294 4648 2462 4715 cujus
2496 4647 2649 4699 illum
2684 4645 2856 4701 fuisse
2880 4654 3172 4716 cognatum
3201 4645 3512 4700 docuimus.

260 4730 399 4799 μένη
436 4746 527 4799 μοι
564 4730 705 4800 ἁρχὴ
747 4735 811 4785 ἐκ
839 4729 975 4784 Θεοῦ
1021 4733 1111 4785 καὶ
1152 4734 1180 4784 ό
1212 4732 1314 4785 ὑπὸ
1356 4733 1455 4804 τὴν
1494 4735 1651 4805 χεῖρά
1700 4754 1803 4807 μου
1866 4740 2038 4792 τελῶν
2107 4740 2358 4800 πλεῖστος
2444 4738 2801 4802 κατεξουσίας
2839 4738 2967 4799 λαὸς
3003 4737 3160 4790 τοῦτο
3199 4740 3262 4791 οὐ
3294 4754 3509 4806 συγχω-

258 4826 362 4891 ρεῖ,
388 4821 448 4874 ὃν
477 4822 621 4892 ἔχεις
644 4823 736 4876 ἐπὶ
763 4822 1050 4893 φιλοσοφίᾳ
1082 4823 1177 4876 καὶ
1203 4826 1321 4886 ταῖς
1346 4824 1561 4889 λοιπαῖς
1585 4829 1915 4897 ἐπιστήμαις
1957 4828 2241 4897 διαϐόητον
2325 4827 2516 4897 ἄνδρα,
2595 4829 2802 4898 βραχύν
2869 4846 2992 4881 τινα
3095 4826 3284 4897 χρόνον
3368 4825 3505 4879 αίτῶ

256 4913 634 4978 ἐξαποστεῖλαι
722 4930 836 4983 μοι,
912 4915 1011 4983 τῆς
1094 4914 1256 4968 αὑτοῦ
1327 4917 1636 4989 ἐπιστήμης
1699 4920 2079 4988 μεταδώσοντά
2143 4938 2234 4989 μοι
2273 4920 2616 4990 ἐκκαιομένῳ
2641 4922 2735 4973 καὶ
2761 4919 2965 4989 ταύτης
3004 4918 3282 4989 ἐρωτικῶς
3307 4917 3503 4986 ἔχοντι.

256 5008 347 5079 Μὴ
385 5005 622 5076 ἀναϐολὴ
660 5006 717 5059 δέ
745 5006 834 5059 διὰ
875 5005 937 5059 τὸ
988 5006 1152 5067 σέϐας
1196 5008 1292 5061 καὶ
1340 5008 1440 5073 τὴν
1497 5008 1591 5063 τοῦ
1625 5011 1814 5077 γένους
1854 5010 2244 5080 ἀλλοτριότητα
2275 5009 2472 5071 ἔσοιτο,
2507 5009 2646 5063 ἀλλὰ
2668 5010 2867 5079 μᾶλλον
2892 5012 2975 5063 ὅτι
3038 5008 3303 5072 τοιούτοις
3361 5007 3505 5073 ἁξιοί

257 5100 431 5171 φίλοις
476 5100 743 5154 ἐπιεικέσι
787 5116 848 5152 τε
901 5102 994 5153 καὶ
1040 5101 1319 5171 χρηστοῖς,
1360 5101 1536 5170 πέρας
1568 5101 1628 5155 τὸ
1652 5103 1816 5171 τάχος
1854 5102 2067 5155 λαϐέτω
2105 5103 2136 5170 ἡ
2170 5103 2406 5171 αἴτησις.
2441 5102 2616 5172 Χάρις
2640 5102 2698 5154 δέ
2735 5118 2817 5155 σοι
2853 5102 2994 5171 ὑπὲρ
3064 5101 3257 5154 τούτου
3325 5118 3498 5154 κατα·

256 5193 587 5263 ϐληθήσεται
614 5190 838 5261 χρυσίου
880 5191 979 5259 μὲν
1045 5191 1239 5245 ἐκατδν
1300 5190 1656 5261 κενηνάρια,
1723 5191 1913 5260 είρήνη
1955 5192 2012 5243 δὲ
2044 5191 2139 5243 καὶ
2170 5191 2392 5244 σπονδαὶ
2420 5188 2765 5258 ἁτελεύτητοι
2789 5193 2885 5243 καὶ
2922 5189 3106 5244 ἀΐδιοι.
3144 5209 3163 5242 ι
3196 5190 3501 5259 Δεξάμενος

253 5285 313 5339 δὲ
339 5286 410 5340 τὰ
445 5285 748 5355 γράμματα
772 5285 800 5337 ὁ
843 5283 1122 5353 Θεόφιλος,
1163 5284 1362 5338 ἄτοπον
1399 5283 1590 5353 κρίνας
1633 5285 1683 5335 εί
1709 5282 1807 5352 τὴν
1847 5283 1956 5336 τῶν
1989 5284 2159 5337 ὄντων
2186 5282 2407 5351 γνῶσιν,
2472 5284 2537 5336 δι’
2582 5283 2649 5352 ἢν
2678 5282 2739 5335 τὸ
2803 5282 3088 5352 Ῥωμαίων
3140 5282 3296 5350 γένος
3359 5281 3498 5335 θαυ-

258 5376 512 5446 μάζεται,
545 5376 631 5450 [Ρ.
660 5375 788 5447 550]
822 5376 1037 5430 ἔκδοτον
1061 5378 1277 5447 ποιήσει
1301 5378 1409 5439 τοϊς
1440 5375 1641 5437 ἔθνεσι,
1677 5378 1813 5447 πρὸς
1855 5379 1924 5430 τὰ
1959 5376 2251 5447 αἰτηθέντα
2320 5377 2411 5429 καὶ
2442 5376 2742 5440 ἀξιωθέντα
2802 5376 2901 5428 οὐκ
2948 5374 3205 5428 ἐπένευσε
3245 5390 3260 5405 ο
3288 5373 3378 5428 τὸν
3435 5374 3494 5428 δέ

253 5470 464 5524 Λέοντα
497 5469 589 5521 διὰ
618 5468 861 5539 μείζονος
885 5462 989 5539 ἦγε
1021 5468 1190 5540 τιμῆς
1239 5470 1334 5523 καὶ
1361 5469 1461 5538 τῆς
1491 5467 1895 5538 Θεσσαλονίκης
1974 5468 2381 5538 προχειρίζεται
2447 5467 2708 5537 πρόεδρον
2744 5507 2759 5529 ,
2806 5465 2896 5518 τὸν
2958 5469 3303 5540 πατριὰρλην
3359 5468 3494 5521 ἁνα-

256 5561 451 5627 πείσας
495 5561 703 5630 Ἰαννῆν
733 5561 1108 5632 χειροτονῆσαι
1157 5562 1366 5627 τοῦτον,
1403 5561 1498 5615 καὶ
1534 5561 1704 5632 αὐτῷ,
1732 5561 1807 5625 ὡς
1834 5562 1934 5632 ἤδη
1967 5563 2212 5631 εἴπομεν,
2244 5562 2384 5613 κατὰ
2415 5563 2567 5628 γένος
2605 5560 2973 5628 ᾡκειωμένον.

1390 5717 1735 5775 XYLANDRI
1759 5718 1849 5774 ET
1880 5715 2091 5775 GOARI
2124 5716 2352 5774 NOTAE.

331 5859 447 5931 (48)
479 5859 529 5916 Is
555 5859 695 5917 idem
725 5860 817 5935 qui
842 5859 1126 5933 dignitatis
1162 5861 1382 5916 nomine
1434 5862 1831 5919 amermunmis
1880 5859 2040 5935 modo
2073 5865 2294 5913 vocatus
2327 5867 2433 5909 est.
2473 5858 2641 5910 (ευιιι.
