4226 6442
276 421 416 489 1057

1365 420 1904 483 HISTORIARUM
1957 422 2482 487 COMPENDIUM.

3423 430 3561 497 1058

274 541 369 594 Διὸ
397 540 519 595 ἀντὶ
542 538 642 611 τῆς
671 538 985 612 κρείττονος
1020 533 1182 609 δὲξης
1211 535 1280 591 τὰ
1320 537 1541 592 ἐναντία
1575 538 1867 608 ἠνέγκατο.

1975 542 2246 597 duntaxat
2293 556 2467 599 annos
2512 541 2786 613 Cpolilani
2826 544 3238 613 patriarchatus
3265 548 3432 620 972
3466 568 3558 606 so-

272 632 540 688 Μεθοδίου
572 630 682 702 γὰρ
708 629 803 684 τοῦ
826 629 1138 702 τρισολῦίου
1170 630 1261 684 τδν
1292 629 1406 701 βίον
1441 630 1865 702 μετηλλαχότος,

271 725 369 777 ἐπὶ
407 725 682 794 τέσσαρας
717 723 947 793 χρόνους
980 721 1140 793 μόνον
1171 721 1263 775 τὸν
1296 722 1396 793 τῆς
1424 724 1870 777 Κωνσταντινου-

272 816 489 879 πόλεως
537 815 883 878 οίακίσαντος
923 814 1136 885 θρόνον,
1186 814 1442 883 Ἰγνάτιος
1485 817 1513 868 6
1548 815 1867 886 Νικηφόρου

273 904 376 976 μὲν
408 905 506 959 τοῦ
548 905 817 977 βασιλέως
848 904 1208 978 θυγατριδοῦς
1228 944 1243 970 ,
1275 906 1392 969 υίὸς
1421 907 1476 959 δὲ
1516 908 1739 978 Μιχαὴλ
1771 907 1866 960 τοῦ

268 997 374 1069 τῆς
416 998 694 1068 βασιλείας
726 998 1169 1063 ἐκπεπτωκότας,
1203 997 1344 1069 μετὰ
1372 999 1434 1051 τὸ
1461 999 1560 1068 τῆς
1590 999 1869 1070 βασιλείας

272 1086 576 1142 ἀποπεσεῖν
633 1089 729 1141 καὶ
786 1087 856 1141 τὰ
925 1088 1219 1155 παιδογόνα
1273 1087 1643 1157 ἀφαιρεθῆναι
1702 1087 1869 1158 μόρια

277 1178 514 1248 μοναχδς
544 1176 786 1247 γεγονὼς
812 1178 909 1233 καὶ
937 1179 1039 1248 τῆς
1074 1177 1246 1248 μονῆς
1277 1177 1372 1230 τοῦ
1429 1178 1676 1248 Σατύρου
1730 1177 1867 1230 καθ-

278 1271 508 1343 ηγεμὼν
531 1271 645 1342 (50)
671 1313 687 1335 ,
728 1271 867 1343 πρὸς
890 1271 983 1325 τὸν
1011 1271 1417 1343 πατριαρχικδν
1443 1272 1634 1342 θρόνον
1663 1270 1868 1339 ἀνάγε-

275 1385 390 1422 ται.
421 1364 591 1431 Οὗτος
613 1368 707 1421 τὸν
737 1367 953 1439 Βάρδαν
988 1367 1083 1420 ἐπὶ
1110 1370 1176 1439 τῇ
1208 1368 1308 1438 τῆς
1340 1368 1603 1438 γυναικὸς
1637 1367 1868 1437 ἀναιτίῳ

274 1459 544 1532 ἀποϐολῇ,
574 1463 639 1532 τῇ
669 1461 728 1515 δὲ
758 1460 861 1529 τῆς
898 1460 1108 1524 οἰκείας
1147 1460 1370 1532 νύμφης
1409 1460 1718 1532 περιπλοκῇ
1754 1459 1866 1532 (51)

271 1554 376 1623 τῆς
405 1554 705 1625 ἐκκλησίας
739 1554 1041 1625 ἀπεῖργεν,
1077 1555 1199 1607 ἐπεὶ
1234 1555 1310 1624 μὴ
1337 1553 1447 1607 τῶν
1488 1553 1647 1606 θείων
1672 1553 1868 1624 ἡμέλει

274 1648 540 1703 κανόνων.
588 1648 686 1702 Ὃν
718 1647 844 1701 ἐπεὶ
873 1645 1046 1700 πολλὰ
1080 1645 1382 1701 λιτανεύων
1426 1647 1518 1698 καὶ
1549 1646 1817 1700 δυσωπῶν
1839 1648 1868 1700 6

274 1738 489 1810 Βάρδας
512 1741 918 1811 συγχωρήσεως
939 1739 1241 1808 ἀξιωθῆναι
1268 1739 1370 1791 οὐκ
1396 1737 1661 1810 ἠδυνήθη,
1689 1738 1866 1793 ἄλλων

274 1830 549 1893 ἀπογνοὺς
588 1829 728 1900 πρὸς
758 1829 973 1899 ἄμυναν
1006 1828 1376 1894 διανίσταται,
1406 1828 1627 1899 καὶτῆς
1665 1828 1867 1899 ἐκκλη-

277 1922 400 1985 σίας
452 1922 705 1977 ἐκϐάλλει
729 1962 745 1987 ,

277 2014 572 2077 υποίστους
627 2013 940 2067 τελευταῖον
1139 2011 1237 2066 τοῦ
1292 2012 1674 2083 Κοπρωνύμου
1712 2014 1869 2084 τάφῳ

279 2105 585 2173 ἀποκλείει,
631 2107 936 2176 ἐπιστήσας
975 2105 1125 2176 αύτῷ
1155 2104 1406 2174 φύλακας
1434 2104 1642 2167 δεινούς
1671 2121 1731 2157 τε
1775 2104 1871 2158 καὶ

278 2197 622 2269 ὠμοτάτους.
686 2198 927 2253 Ἀττεείω
960 2197 1004 2250 δ’
1037 2197 1104 2251 ἂν
1140 2199 1168 2251 6
1211 2197 1502 2268 ἱερώτατος
1536 2192 1692 2260 οὗτος
1730 2196 1869 2267 ἀνὴρ

274 2292 388 2344 ἀπὸ
434 2290 537 2357 τῆς
583 2290 928 2344 πολυωδύνου
975 2289 1182 2360 ταύτης
1227 2289 1556 2357 κακώσεως,
1588 2292 1637 2342 εί
1679 2290 1754 2360 μή
1786 2306 1869 2352 τις

277 2380 537 2452 θεοσεῦὴς
565 2381 854 2453 ἄνθρωπος
893 2380 1037 2437 κατά
1067 2398 1220 2445 τινας
1247 2380 1436 2451 χρείας
1465 2382 1576 2435 τῶν
1616 2380 1870 2453 φρουρῶν

278 2471 706 2541 ἀποδημούντων
756 2472 921 2543 ὲξῆγέ
966 2490 1027 2526 τε
1077 2472 1173 2525 τοῦ
1201 2472 1377 2542 τάφου
1426 2474 1522 2526 καὶ
1548 2473 1870 2543 ἐπιμελείας

280 2560 436 2636 ἠξίου
465 2565 566 2633 τῆς
606 2564 1016 2636 προσηκούσης.
1063 2566 1161 2619 Ὃν
1196 2566 1337 2636 μετὰ
1366 2564 1568 2636 πολλὴν
1598 2566 1730 2635 ὅσην
1771 2566 1870 2635 τὴν

281 2659 524 2714 κάκωσιν
560 2655 852 2732 ὑπερόριον
900 2657 958 2710 ὲν
996 2655 1287 2730 Μιτυλήνῃ
1321 2659 1486 2711 ποιεῖ.
1537 2656 1780 2709 Ἐπαθον
1813 2657 1870 2710 δὲ

278 2751 375 2804 καὶ
415 2751 567 2807 ἄλλοι
597 2747 787 2805 πολλοὶ
813 2747 922 2806 τῶν
964 2748 1284 2802 ἐπισκόπων
1308 2748 1380 2801 τὰ
1419 2748 1780 2819 παραπλήσιά
1809 2766 1868 2801 τε

280 2844 378 2895 καὶ
409 2841 599 2913 χείρω,
637 2844 721 2898 ὅτι
763 2844 840 2916 μὴ
874 2845 1176 2916 ἠρέσκοντο
1212 2843 1326 2905 τοῖς
1359 2842 1691 2911 γινομένοις,
1743 2840 1871 2912 μηδ’

281 2932 444 2986 ἄλλον
496 2934 754 3001 δέξασθαι
806 2934 1198 3008 διαὸοώμενοι,
1261 2932 1367 2991 κᾶν
1414 2931 1469 2984 εί
1513 2950 1567 2986 τι
1618 2932 1867 3003 γένηται.

279 3024 475 3094 Ὅμως
502 3025 547 3079 δ’
577 3026 901 3091 ύπενδόντες
931 3029 980 3081 οί
1010 3030 1110 3099 μὲν
1147 3024 1404 3091 ἀπειλαῖς
1439 3024 1488 3077 οἱ
1534 3023 1591 3077 δὲ
1636 3024 1870 3093 ὑποσχέ-

281 3131 436 3168 σεσιν
485 3116 695 3169 εἴκουσι
746 3116 825 3189 τῷ
865 3117 962 3171 τοῦ
1015 3117 1198 3190 Βάρδα
1244 3117 1551 3190 θελήματι,
1588 3114 1689 3185 τῆς
1735 3115 1870 3185 ἀρε-

277 3206 377 3275 τῆς
428 3207 524 3259 καὶ
573 3206 733 3277 δόξης
783 3208 966 3280 ἔρωτα
1016 3210 1319 3280 χρημάτων
1370 3211 1466 3263 καὶ
1519 3206 1869 3275 λειποταξῗυῑτ

278 3301 773 3373 ἀνταλλαξάμενοι.
837 3302 899 3355 '0
936 3301 992 3355 δὲ
1043 3302 1255 3373 Βάρδας
1297 3302 1521 3367 Φώτιον,
1573 3303 1741 3373 ἄνδρα
1776 3305 1868 3357 ἐπὶ

278 3390 445 3461 σοφίᾳ
480 3390 781 3463 γνώριμον,
828 3395 1311 3465 πρωτασηκρήτην
1341 3396 1647 3465 τηνικαῦτα
1686 3396 1867 3468 ὑπάρ-

276 3500 463 3551 χοντα,
492 3485 899 3555 προχειρίζεται
926 3486 1296 3557 πατριάρχην.
1341 3487 1495 3541 Ἐπεὶ
1520 3489 1575 3542 δὲ
1612 3490 1867 3562 παρῆσαν

276 3576 374 3626 καὶ
404 3576 773 3646 τοποτηρηταὶ
807 3576 901 3630 τοῦ
951 3577 1111 3631 πάπα
1154 3576 1375 3647 Ῥώμης
1402 3578 1543 3633 κατά
1567 3579 1678 3632 τῶν
1709 3581 1869 3634 Είκο-

276 3664 533 3735 νομάχων
572 3666 880 3731 σταλέντες,
906 3666 1158 3720 πείθουσι
1184 3667 1280 3721 καὶ
1306 3669 1505 3732 αὐτοὺς
1527 3671 1628 3739 τῆς
1658 3672 1870 3725 ἑαυτῶν

273 3759 530 3825 γενέσθαι
561 3759 854 3833 θελήσεως.
893 3762 986 3814 Διὸ
1024 3762 1115 3814 καὶ
1164 3763 1224 3815 ὲν
1252 3761 1331 3832 τῷ
1378 3763 1489 3816 τῶν
1524 3762 1682 3819 θείων
1755 3765 2101 3819 Ἀποστόλων
2190 3767 2414 3839 τεμένει
2477 3768 2760 3840 συνέδριον
2810 3766 3130 3839 ἠθροικότες

1974 634 2111 689 lium
2139 633 2433 700 tenuisset,
2483 636 2586 689 vita
2636 634 2922 702 defuncto,
2957 638 3211 708 ignatius
3260 641 3558 712 Nicephori

1972 725 2084 780 ﬁlia
2120 737 2304 791 natus,
2347 724 2601 782 Michaeli
2631 726 2910 798 Rangabaz
2960 728 3131 796 (ilius,
3195 731 3291 801 qui
3343 733 3557 801 imperii

1972 835 2069 887 Spe
2090 816 2346 887 adempta
2369 818 2598 888 insuper
2619 828 2895 876 castratus
2928 819 3109 876 fuerat
3137 822 3559 893 monachusque

1974 918 2031 966 et
2060 910 2386 965 monasterii
2434 910 2617 983 Satyri
2663 911 2938 982 princeps,
2996 913 3311 984 patriarcha
3339 925 3560 970 creatus

1970 1001 2096 1055 fuit.
2132 1001 2184 1056 ls
2212 999 2470 1067 Bardam,
2507 1000 2658 1071 quod
2694 1001 2786 1056 hie
2823 1018 3048 1058 uxorem
3091 1005 3213 1060 sine
3259 1019 3428 1059 causa
3473 1020 3561 1061 re-

1970 1093 2259 1164 pudiasset
2298 1110 2535 1164 eumque
2586 1110 2685 1149 sua
2740 1111 2882 1149 nuru
2920 1110 3035 1148 rem
3072 1096 3319 1159 haberet,
3374 1111 3564 1151 sacro—

1971 1201 2092 1240 rum
2148 1200 2423 1241 canonum
2481 1187 2706 1242 minime
2756 1187 3039 1258 negligens
3093 1187 3337 1244 Ecclesia
3385 1196 3560 1244 arcet.

1970 1278 2181 1332 Bardas
2209 1293 2334 1332 cum
2392 1279 2580 1334 multis
2631 1280 3117 1349 deprecationibus
3173 1280 3390 1336 veniam
3444 1295 3560 1337 non

1971 1370 2320 1440 impetraret,
2360 1369 2671 1440 (insperatis
2710 1371 2832 1427 aliis
2858 1370 3117 1426 remediis
3146 1371 3213 1425 ad
3257 1370 3558 1425 vindictam

1971 1479 2031 1518 se
2060 1464 2293 1529 confert,
2328 1461 2598 1533 lgnatium
2628 1465 2862 1517 ecclesia
2889 1463 3061 1532 ejieit.
3088 1463 3367 1532 variisque
3400 1470 3455 1517 et
3484 1462 3564 1517 in-

1972 1556 2355 1610 tolerabilibus
2397 1555 2576 1610 modis
2606 1564 2861 1609 vexatum
2890 1555 3105 1607 tandrm
3139 1556 3195 1608 in
3220 1553 3559 1624 Copronymi

1976 1645 2330 1715 sepulchrum
2365 1644 2622 1707 includit,
2678 1644 3012 1700 custodibus
3061 1644 3266 1699 additis
3315 1644 3562 1699 szcvissi-

1971 1737 2099 1792 mis.
2134 1734 2200 1789 Et
2225 1747 2477 1792 mortuus
2527 1734 2724 1791 fuisset
2773 1734 2850 1789 ibi
2884 1734 3047 1790 homo
3085 1735 3463 1790 divinissimus
3492 1749 3563 1790 ex

1973 1830 2333 1886 acerbissimo
2362 1828 2638 1893 cruciatu,
2670 1828 2779 1884 nisi
2803 1829 2930 1899 pius
2956 1829 3207 1901 quidam,
3231 1826 3564 1885 custodibus

791 1921 889 1974 καὶ
929 1921 1070 1992 μετὰ
1099 1920 1304 1984 πολλάς
1341 1919 1615 1985 κακώσεις
1653 1921 1748 1974 καὶ
1777 1921 1868 1975 άν-

1973 1939 2089 1978 suae
2141 1922 2494 1979 necessitatis
2535 1936 2705 1977 causa
2736 1921 2842 1976 alio
2869 1922 3158 1991 digressis,
3202 1936 3329 1976 eum
3368 1917 3560 1989 sepul-

1973 2017 2110 2071 Cltt‘O
2136 2014 2416 2071 eduxisset
2448 2027 2502 2070 et
2525 2014 2713 2069 debita
2747 2028 2883 2069 cura
2919 2013 3229 2069 refecisset.
3269 2010 3402 2067 Post
3426 2014 3564 2066 inul-

1973 2119 2079 2162 tam
2113 2108 2463 2163 vexationem
2505 2106 2728 2162 tandem
2765 2105 3035 2178 lgnatium
3072 2104 3392 2177 Mitylenam
3423 2103 3561 2158 Bar-

1972 2205 2068 2257 das
2109 2202 2339 2272 relegat.
2368 2199 2526 2254 Multi
2559 2215 2784 2270 quoque
2808 2209 2921 2255 tum
2948 2199 3043 2254 alii
3087 2198 3333 2269 episcopi
3363 2197 3561 2255 eodem

1972 2291 2137 2346 modo
2166 2303 2297 2345 sunt
2328 2288 2551 2344 tractati
2585 2299 2681 2345 aut
2717 2289 2884 2344 etiam
2923 2288 3187 2354 deterius,
3244 2288 3392 2358 quod
3437 2298 3564 2342 acta

1975 2400 2087 2439 non
2135 2385 2460 2454 pr'obarent,
2511 2398 2693 2453 neque
2758 2382 2931 2437 ullum
2984 2380 3172 2449 alium,
3231 2395 3566 2451 quocunque

1973 2473 2138 2528 modo
2162 2489 2251 2528 res
2281 2473 2530 2549 caderet,
2558 2472 2935 2544 patriai-ctiam
2966 2486 3027 2527 se
3071 2470 3444 2527 admissurum
3472 2485 3562 2529 as-

1972 2581 2164 2621 severa
2178 2574 2318 2621 rent.
2341 2565 2580 2633 Quidam
2610 2574 2793 2621 tamen
2839 2565 3041 2636 partim
3073 2563 3240 2620 minis
3298 2563 3564 2621 cedentes

1973 2661 2171 2731 partim
2199 2659 2696 2730 pollicitationibus
2721 2658 2935 2713 inducti
2955 2658 3145 2712 Bardaa
3174 2657 3438 2713 voluntati
3467 2657 3569 2713 ob-

1972 2752 2148 2808 secuti
2186 2760 2338 2816 sunt,
2372 2751 2598 2806 virtutis
2649 2766 2715 2806 ac
2745 2752 2932 2821 gloria:
2971 2765 3215 2808 amorem
3242 2750 3480 2822 pecunia
3507 2755 3566 2805 ct

1972 2845 2287 2901 desertione
2316 2852 2714 2914 permutantes.
2750 2842 2957 2898 Bardas
2977 2858 3110 2914 ergo
3140 2842 3422 2908 Pbotium,
3463 2855 3562 2897 cc-

1971 2936 2177 2991 lebrem
2224 2935 2497 3007 sapientia
2528 2936 2707 2990 virum
2751 2943 2805 2988 et
2856 2934 3285 2990 sccretariorum
3326 2948 3395 2989 eo
3424 2942 3564 2989 tem-

1972 3041 2102 3095 pore
2134 3026 2462 3097 principem,
2497 3026 2868 3095 patriareham
2905 3034 3077 3081 creat.
3116 3023 3372 3095 Cumque
3401 3024 3536 3079 ades

1972 3126 2094 3173 sent
2128 3116 2363 3173 Romani
2394 3117 2559 3190 973
2585 3133 2740 3187 papa:
2766 3116 2979 3181 vicarii,
3007 3115 3275 3172 adversus
3298 3112 3565 3185 Imagini-

1971 3210 2171 3286 perdas
2198 3209 2382 3275 missi,
2418 3211 2521 3265 bos
2556 3223 2777 3279 quoque
2807 3208 2901 3264 isti
2944 3208 3000 3263 in
3033 3223 3192 3262 suam
3234 3206 3566 3277 pertrahunt

1975 3306 2327 3371 sententiam,
2352 3301 2700 3376 concilioque
2728 3302 2786 3355 in
2817 3301 2988 3356 aedem
3008 3297 3399 3370 Apostolorum
3432 3310 3568 3351 con-

1974 3408 2198 3471 gregato
2245 3397 2521 3469 lgnatium
2561 3398 2632 3453 ab
2687 3391 2887 3453 exsilio
2954 3401 3241 3452 evocatum
3283 3387 3565 3465 publicata

1976 3486 2246 3541 sententia
2321 3487 2606 3541 damnant.
2703 3484 2831 3542 "me
2909 3493 3041 3541 sunt
3107 3483 3357 3540 facinora
3434 3490 3562 3551 qua:

1976 3576 2185 3636 Bardas
2216 3579 2434 3651 imperii
2465 3578 2751 3637 obtinendi
2781 3577 3087 3650 cupiditate
3128 3574 3403 3648 impulsus
3444 3572 3565 3630 edi-

1977 3672 2077 3727 dit.

3215 3762 3340 3834 δεδη
3348 3775 3566 3834 μοσιευ-

277 3857 418 3928 μένῃ
458 3854 776 3927 καθαιρέσει
814 3855 1289 3911 καθυποὸἀλλουσι
1314 3857 1409 3914 τὸν
1464 3858 1725 3927 Ἰγνάτιον
1757 3860 1857 3932 τῆς
1896 3861 2114 3934 εξορίας
2138 3863 2662 3935 μεταπεμψάμενοι.
2682 3861 2871 3918 Ταῦτα
2889 3862 2989 3934 μὲν
3005 3861 3074 3916 τὰ
3127 3861 3231 3932 τῆς
3287 3856 3573 3929 φιλοπρω-

273 3950 397 4011 τίας
429 3948 526 4001 τοῦ
555 3947 732 4018 Βάρδα
761 3947 1149 4019 νεανιεύματα.

350 4039 433 4091 Τὰ
468 4038 526 4091 δὲ
553 4037 705 4101 ἐντὸς
736 4037 990 4105 Εὐξείνου
1024 4038 1119 4091 καὶ
1151 4040 1333 4093 πᾶσαν
1360 4038 1462 4109 τὴν
1490 4039 1658 4094 αὐτοῦ
1687 4059 1868 4112 παρα-

276 4129 402 4184 λίαν
426 4130 457 4182 6
482 4128 591 4183 τῶν
629 4128 770 4192 Ῥὼς
791 4129 1014 4199 ἐπόρθει
1043 4130 1138 4182 καὶ
1163 4129 1460 4200 κατέτρεχε
1484 4131 1671 4194 στόλος
1695 4131 1870 4203 (ἔθνος

275 4225 338 4278 δὲ
369 4222 418 4277 οἱ
458 4220 593 4286 Ῥὼς
626 4221 911 4286 Σκυθικὸν,
941 4221 1073 4292 περὶ
1098 4220 1192 4273 τὸν
1215 4220 1463 4291 άρκτῷον
1495 4222 1712 4293 Ταῦρον
1735 4239 1870 4276 κατ-

277 4314 588 4386 ῳκημένον,
636 4313 915 4384 ἀνήμερόν
964 4329 1023 4365 τε
1064 4313 1159 4365 καὶ
1191 4313 1445 4384 ἄγριον),
1498 4315 1595 4368 καὶ
1629 4314 1768 4385 αὐτῇ
1809 4315 1867 4368 δὲ

2047 4040 2272 4098 Interim
2301 4040 2571 4113 quidquid
2600 4046 2687 4096 est
2708 4039 2854 4094 intra
2883 4036 3154 4093 Euxinum
3191 4044 3419 4107 pontum
3447 4046 3567 4089 ma-

1976 4133 2290 4189 ritimarum
2317 4131 2631 4203 regionum,
2664 4130 2899 4187 Rossiea
2936 4128 3352 4185 incursionibus
3393 4141 3565 4182 vexa-

1974 4225 2069 4279 bat
2094 4232 2259 4293 atque
2276 4224 2529 4280 vastabat
2546 4224 2760 4279 classis.
2778 4222 2940 4278 Bessi
2966 4236 3099 4292 gens
3113 4229 3198 4276 est
3215 4216 3568 4290 Scythica,“

1974 4315 2457 4386 septentrionalem
2478 4314 2726 4371 incolens
2762 4312 3030 4378 Taurum,
3053 4311 3167 4367 fera
3191 4318 3355 4381 atque
3369 4307 3569 4363 imma-

276 4407 349 4474 τῇ
388 4401 622 4473 βασιλίδι
648 4401 820 4455 δεινὸν
845 4400 1062 4455 ὲπέσειε
1089 4401 1338 4457 κίνδυνον
1358 4420 1372 4434 ·
1402 4402 1452 4457 οἳ
1489 4404 1608 4475 μετ’
1634 4405 1695 4458 οὐ
1730 4405 1865 4459 πολὺ

1974 4407 2083 4462 ιιίε.
2111 4405 2178 4461 Hi
2209 4421 2335 4462 cum
2371 4407 2491 4476 ipsa
2528 4405 2723 4477 Cpolin
2760 4406 2816 4461 in
2844 4420 3010 4477 grave
3039 4402 3406 4473 coniecissent
3424 4398 3570 4471 peri-

282 4498 383 4564 τῆς
419 4495 568 4558 θείας
602 4493 959 4564 πειραθέντες
1007 4493 1182 4563 ὀργῆς
1233 4492 1415 4548 οἴκαδε
1459 4495 1866 4561 ὑπενόστησαν,

1972 4500 2180 4564 culum,
2208 4500 2373 4569 paulo
2401 4506 2526 4570 post
2550 4496 2646 4554 Dei
2673 4498 2811 4553 iram
2858 4496 3071 4568 experti
3097 4496 3323 4550 domum
3355 4490 3568 4549 reversi

284 4585 552 4653 πρεσϐεία
614 4601 675 4638 τε
720 4583 899 4637 αὐτῶν
947 4582 1047 4653 τὴν
1110 4582 1358 4652 βασιλίδα
1423 4585 1868 4657 καταλαμϐάνει,

1973 4598 2126 4654 sunt,
2146 4590 2447 4661 legatisque
2467 4592 2520 4645 in
2552 4572 2741 4646 urbem
2767 4588 2955 4645 missis
2969 4587 3218 4643 divinum
3230 4584 3566 4654 baptismum

283 4679 370 4749 [Ρ.
422 4676 547 4748 552]
596 4676 692 4729 τοῦ
736 4676 883 4730 θείου
927 4676 1255 4746 μεταλαχεῖν
1299 4676 1679 4748 βαπτίσματος
1727 4679 1868 4733 λιτα-

1976 4678 2350 4748 efﬂagitarunt
2386 4679 2889 4748 impetraruntque.
2910 4677 3031 4733 Alia
3058 4690 3227 4746 porro
3274 4673 3567 4732 Cretensis

282 4770 552 4831 νεύοντα,
590 4767 619 4819 ὃ
649 4767 743 4820 καὶ
785 4766 1003 4835 γέγονε.
1056 4767 1167 4820 Καὶ
1196 4766 1294 4837 τῆς
1328 4767 1555 4837 Κρήτης
1586 4767 1645 4820 δὲ
1687 4768 1868 4832 στόλος

1979 4770 2175 4825 classis
2201 4768 2367 4823 modo
2405 4768 2678 4838 Cycladas
2726 4768 2889 4823 modo
2927 4767 3262 4823 maritimam
3313 4765 3380 4821 ad
3426 4762 3566 4819 Pro—

282 4858 447 4919 ἆλλος
496 4856 593 4909 νῦν
648 4858 747 4926 μὲν
792 4858 894 4920 τὰς
947 4856 1243 4918 Κυκλάδας
1291 4857 1486 4928 ἐδῄου,
1524 4858 1621 4912 νῦν
1650 4859 1709 4914 δὲ
1753 4861 1868 4931 ἄχρι

1980 4874 2285 4914 connesum
2317 4874 2497 4929 usque
2521 4858 2803 4915 infestavit
2820 4859 3127 4929 regionem.
3159 4855 3346 4912 Terrae
3375 4862 3565 4911 motus

286 4949 692 5019 Ιιροικοννήσου
736 4946 837 5016 τὴν
883 4946 1151 5017 παράλιον
1203 4946 1441 5000 ἅπασαν.
1497 4948 1776 5016 Ἐγένοντο
1813 4950 1868 5002 δὲ

1972 4965 2194 5021 quoque
2244 4965 2308 5007 ea
2352 4957 2682 5021 tempestate
2729 4952 2978 5020 apprime
3029 4949 3291 5005 horrendi
3320 4949 3566 5004 fuerunt.

285 5042 384 5092 καὶ
426 5038 601 5091 κλόνοι
630 5038 736 5108 γῆς
783 5038 1237 5109 φρικωδέστατοι.
1289 5032 1384 5101 Εἷς
1417 5037 1473 5091 δὲ
1503 5040 1532 5092 6
1575 5040 1867 5109 μέγιστος,

1974 5042 2179 5098 Horum
2207 5059 2351 5099 unus
2381 5044 2654 5099 maximus
2675 5041 2765 5097 die
2788 5041 2992 5097 Christi
3027 5042 3082 5097 in
3109 5041 3310 5098 cmlum
3333 5041 3569 5096 Assum-

285 5131 413 5186 καθ’
444 5132 509 5201 ἦν
544 5132 757 5202 ἡμέραν
795 5135 828 5200 ἡ
869 5131 965 5185 τοῦ
1011 5133 1221 5202 Κυρίου
1248 5132 1516 5202 ἀνάληψις
1551 5134 1868 5203 έορτάζεται

1972 5133 2175 5204 ptionis
2211 5134 2353 5189 festo
2385 5133 2606 5200 accidit,
2637 5134 2732 5203 qui
2767 5135 2888 5189 solo
2908 5148 3185 5190 concusso
3210 5148 3430 5188 murum
3461 5132 3561 5202 qui

283 5226 387 5294 τὴν
416 5225 522 5292 γῆν
545 5224 902 5287 κατασείσας,
932 5222 995 5275 τό
1023 5240 1084 5276 τε
1109 5224 1250 5278 κατὰ
1272 5223 1333 5276 τὸ
1374 5223 1713 5288 Ἐξωκιόνιον
1734 5225 1868 5294 πρὸς

1982 5232 2067 5279 est
2095 5223 2165 5278 ad
2208 5222 2569 5279 Exoeionium
2602 5230 2918 5292 prostravit,
2969 5222 3284 5294 templaque
3330 5221 3564 5293 pulchra

283 5320 391 5386 γῆν
420 5318 651 5386 ἡδάφισε
680 5318 878 5386 τεῖχος,
914 5316 1011 5369 καὶ
1041 5317 1203 5379 ναοὺς
1233 5316 1531 5387 εὐπρεπεῖς
1562 5318 1658 5370 καὶ
1689 5317 1868 5379 οἴκους

1972 5322 2026 5369 et
2054 5315 2247 5370 domos
2275 5311 2590 5383 splendidas
2616 5322 2671 5368 et
2699 5311 3006 5370 Victoriam
3048 5313 3117 5368 ad
3140 5312 3378 5367 Auream
3407 5312 3564 5372 urbis

285 5408 573 5478 λαμπροὺς
606 5406 702 5460 καὶ
720 5405 822 5477 τὴν
858 5405 1002 5461 κατὰ
1038 5405 1140 5476 τὴν
1160 5404 1390 5477 Χρυσῆν
1424 5404 1600 5475 πύλην
1631 5404 1730 5473 τῆς
1771 5403 1868 5456 πό-

1973 5412 2190 5473 portam
2217 5401 2544 5457 collocatam
2576 5398 2871 5470 subvertit,
2901 5407 2958 5458 et
2983 5414 3106 5472 qua:
3128 5400 3189 5457 in
3226 5397 3465 5457 Deutero
3494 5401 3564 5451 ad

1413 5600 1773 5656 XYLANDRI
1800 5601 1889 5657 ET
1923 5600 2141 5659 GOAM
2195 5600 2431 5659 NOTAE.

1981 5718 2302 5789 Theoetisto
2332 5718 2538 5775 Bardas
2569 5718 2778 5775 dicitur
2806 5719 3111 5789 cogitasse.
3130 5715 3333 5773 Filium
3372 5717 3566 5775 habuit

364 5724 479 5798 (50)
504 5722 807 5798 [inproprie
833 5723 1098 5792 princeps,
1121 5722 1345 5793 proprie
1377 5720 1620 5785 superior
1653 5729 1702 5773 et
1732 5734 1871 5787 pra:-

1982 5789 2192 5846 Bardas
2235 5792 2575 5862 Antigonum
2635 5790 3002 5846 domesticum
3037 5788 3374 5846 scholarum.
3422 5789 3558 5844 Χη.

288 5793 727 5871 ροέξ-ιιηε-(ὶολιι.

359 5865 476 5938 (51)
510 5863 578 5920 Et
605 5865 688 5922 sic
715 5879 881 5936 supra
930 5877 1172 5935 quoque,
1225 5861 1320 5918 ubi
1365 5859 1435 5917 de
1476 5856 1875 5918 summovendo
