4226 6442
213 463 350 529 1061

1316 460 1859 521 ΙίιὸίῸὶὶὶΛίὶυέιι
1903 461 2431 527 COMPENDIUM.

3364 471 3503 539 ίθῦῖ

208 584 307 636 καὶ
345 579 450 651 ήδη
490 579 628 651 πρὸς
662 586 773 643 τοὶ,
804 576 1147 646 Μαλαγίνοις
1186 577 1304 631 ἐστὶ
1336 577 1430 629 καὶ
1456 574 1794 641 προσδοκῶν-

1911 577 2147 644 venisse,
2180 590 2233 635 et
2265 582 2558 638 imminere
2591 597 2848 654 magnum
2911 584 3137 640 malum.
3175 584 3312 640 Eum
3356 604 3499 640 mm-

205 690 301 726 ται
330 675 455 727 ὅσον
490 673 643 729 οὗπω
673 673 846 726 δεινά.
902 671 1007 726 Ἢν
1040 670 1349 738 πυθόμενος
1385 669 1413 719 ὁ
1456 669 1801 737 πρωτονοτά-

213 781 330 834 ριος
363 763 476 836 (56)
514 762 769 819 ἀπελθὼν
828 763 971 834 μετὰ
1022 759 1326 831 κατηφείας
1371 760 1676 830 ἀπήγγειλε
1724 757 1803 826 τῷ

207 856 444 928 βασιλεῖ,
474 856 566 909 καὶ
598 857 718 926 ἅμα
748 855 841 909 ἐπὶ
871 856 1061 927 χεῖρας
1093 852 1233 923 ἔχων
1258 852 1323 905 τὰ
1357 850 1450 904 τοῦ
1475 850 1802 922 δομεστίκου

206 950 323 1003 τῶν
357 950 561 1021 σχολῶν
594 950 898 1021 γράμματα
929 946 1196 1001 ἐπεδίδου.
1244 946 1302 999 '0
1329 944 1386 999 δὲ
1422 943 1683 1015 ξλοσυρδν
1725 946 1803 1006 εἰς

209 1044 377 1095 αὐτὸν
401 1039 591 1093 ἐνιδὼν
624 1041 719 1093 καὶ
750 1037 1096 1101 τιτανῶδες,‹
1123 1034 1235 1089 Καὶ
1264 1034 1381 1095 πῶς
1406 1031 1733 1101 ἐτόλμησας,
1757 1024 1803 1083 ὦ

209 1133 359 1204 κακὴ
403 1133 650 1205 κεφαλὴ,
697 1133 825 1201 ἐφη,
858 1128 1002 1184 κατὰ
1026 1128 1121 1182 τὶν
1149 1124 1660 1193 ἁναγκαῖονάγῶνα
1678 1140 1803 1177 του-

206 1227 327 1282 τονὶ
378 1227 507 1296 περὶ
558 1223 817 1279 τοιούτων
876 1239 967 1293 μοι
1021 1218 1403 1287 διαλέγεσθαι,
1468 1217 1624 1269 οὐδὲν
1674 1215 1803 1269 ἄλλο

210 1317 570 1383 σπουδάζοντι
617 1316 650 1385 ἦ
689 1321 765 1385 μὴ
796 1314 889 1367 τὸν
921 1312 1089 1384 μέσον
1124 1308 1425 1379 εὐωνύμων
1458 1308 1589 1362 ίδεῖν
1619 1323 1801 1377 παρα-

206 1407 614 1479 τετραμμένον,
640 1406 784 1478 ὑπὲρ
805 1400 866 1461 οὗ
896 1422 986 1475 μοι
1014 1404 1123 1465 πᾶς
1149 1404 1176 1455 ὁ
1202 1401 1389 1470 ἀγών;
1415 1397 1703 1462 ιΤοιοῦτος
1735 1393 1801 1470 ἦν

204 1504 444 1572 ἔκφορος
473 1502 565 1553 καὶ
593 1501 683 1553 τόν
710 1499 974 1569 λογισμὸν
1006 1494 1545 1567 παρακεκινημένος.

279 1594 392 1648 Καὶ
417 1594 537 1664 οὐχὶ
567 1591 743 1661 τούτῳ
788 1589 887 1661 μὲν
914 1588 991 1659 τῷ
1030 1589 1184 1660 πόθῳ
1224 1589 1259 1660 ἢ
1302 1587 1467 1641 πάθει
1505 1586 1761 1658 ἡλίσκετο
1784 1628 1797 1651 ,

203 1688 317 1739 τῶν
348 1687 403 1739 δὲ
438 1672 614 1739 ἄλλων
648 1684 759 1737 τῶν
790 1681 1223 1754 άπρεπεστόρων
1252 1679 1535 1749 ἀπείχετο,
1568 1679 1706 1731 ἀλλὰ
1739 1679 1801 1731 τὸ

208 1781 434 1848 μέτριον
465 1776 610 1847 τάχα
656 1777 917 1845 ἀμέτρως
956 1769 1090 1845 ἦθος
1130 1770 1484 1842 μεταδιώκων
1536 1759 1798 1835 eseam;

202 1869 300 1922 τοῦ
330 1863 699 1941 προσήκοντος
725 1866 820 1921 καὶ
846 1865 946 1935 τῆς
972 1864 1261 1936 βασιλικῆς
1291 1863 1450 1928 ἀξίας
1476 1862 1652 1928 ἀξίου.
1685 1861 1797 1913 Καί

1910 672 2047 723 lium
2102 676 2520 740 protonmarius
2593 687 2829 731 moestus
2893 675 3211 746 imperatori
3267 679 3496 745 indicat,

1908 764 2076 837 simul
2113 766 2325 822 litteras
2351 767 2640 823 domestici
2670 770 2986 826 scholarum
3018 769 3309 827 exhibens.
3353 772 3492 827 'l‘uut

1906 855 2210 927 imperator
2243 867 2403 914 torvo
2454 876 2580 916 cum
2635 869 2691 916 et
2742 862 2969 918 titanico
3028 863 3265 920 intuitus
3317 865 3493 930 vultu,

1912 969 1930 1000 ι
1955 948 2265 1016 Quomodo,
2286 951 2485 1022 inquit,
2506 967 2675 1009 ausus
2704 967 2785 1015 es,
2809 953 3063 1020 sceleste,
3091 953 3229 1010 mihi
3255 964 3366 1008 tam
3398 970 3497 1009 ne-

1905 1043 2152 1098 cessario
2183 1045 2486 1099 certamine
2530 1056 2806 1115 occupato
2837 1044 2961 1100 istis
2994 1046 3061 1101 de
3110 1044 3278 1101 rebus
3328 1045 3502 1101 inter-

1908 1137 2170 1200 turhare,
2230 1151 2354 1190 cum
2409 1135 2462 1189 in
2509 1137 2609 1191 hoc
2644 1154 2817 1191 unum
2849 1137 3225 1193 incumberem
3277 1149 3335 1194 ut
3371 1154 3499 1195 eum

1905 1225 1998 1294 qui
2037 1225 2277 1281 medium
2340 1235 2509 1290 tenet,
2543 1227 2599 1281 in
2645 1227 2833 1283 laevam
2868 1235 3081 1300 partem
3113 1236 3377 1295 avertam,
3432 1229 3501 1286 de

1904 1330 2015 1384 quo
2039 1314 2171 1368 mihi
2198 1323 2369 1369 totum
2410 1314 2514 1370 hoc
2545 1323 2826 1373 certamen
2852 1317 3003 1373 est‘h
3030 1315 3218 1373 Tanta’
3245 1315 3346 1373 fuit
3372 1317 3494 1389 ejus

1905 1408 2208 1462 detinentia.

1980 1587 2166 1658 Neque
2211 1604 2342 1642 vero
2394 1590 2494 1644 hoc
2528 1596 2741 1642 tantum
2774 1588 2907 1643 vitio
2948 1588 3208 1646 laborans
3262 1596 3332 1644 ab
3370 1590 3496 1645 aliis

1905 1684 2187 1737 indecoris
2221 1684 2386 1737 rebus
2442 1683 2736 1745 abstinuit,
2790 1682 2885 1738 sed
2921 1690 3189 1752 praeterea
3227 1683 3500 1739 immode-

1904 1782 2025 1827 rate
2081 1770 2410 1826 modestiam
2483 1781 2703 1825 sectans
2756 1778 2810 1825 et
2858 1768 3211 1839 imperatoris
3249 1771 3499 1840 persona:

1901 1863 2071 1934 976
2098 1862 2459 1917 conveniente
2504 1864 2771 1933 gravitate
2803 1862 3025 1917 excidit.
3082 1860 3339 1917 Occurrit
3391 1862 3495 1915 aii-

204 1978 339 2014 ποτε
367 1962 576 2030 γυναίῳ
608 1957 948 2025 συναντήσας
980 1958 1044 2009 ἐκ
1075 1954 1364 2026 βαλανείου
1402 1953 1676 2006 ἐπανιόντι
1705 1955 1794 2005 καὶ

1904 1954 2127 2025 quando
2159 1954 2502 2009 muliercula:
2537 1953 2697 2024 cujus
2739 1954 2912 2008 ﬁlium
2945 1970 3013 2010 ex
3052 1970 3212 2010 sacro
3238 1970 3497 2025 suscepe-

201 2053 424 2122 κάλπην
446 2051 541 2104 ἐπὶ
564 2051 752 2122 χεῖρας
783 2048 963 2119 ἔχοντι
987 2047 1167 2121 (ἔτυχε
1198 2045 1256 2098 δὲ
1284 2044 1375 2099 τὸν
1397 2043 1602 2113 ταύτης
1633 2044 1800 2098 παῖδα

200 2148 271 2199 ἐκ
312 2142 407 2198 τοῦ
456 2142 603 2197 θείου
643 2140 874 2214 λουτροῦ
928 2136 1443 2208 υίοθετησάμενος),
1498 2137 1590 2189 τοῦ
1628 2137 1796 2190 ἵππου

200 2236 418 2300 ἀποϐὰς
444 2236 572 2299 τοὺς
607 2235 707 2306 μὲν
748 2233 1152 2306 συγκλητικοὺς
1174 2272 1189 2297 ,
1221 2234 1333 2285 ὅσοι
1381 2229 1557 2300 τούτῳ
1600 2229 1796 2300 παρεί-

200 2345 392 2394 ποντο,
425 2328 567 2382 κατὰ
595 2327 664 2381 τά
703 2327 885 2381 ἐκεῖσε
914 2326 1195 2395 ἀνάκτορα
1228 2322 1636 2388 ἐξαπέστειλεν,
1675 2321 1711 2375 ἃ
1740 2321 1797 2373 δὲ

202 2418 675 2491 προσηταιρίσατο
704 2418 797 2473 καὶ
825 2417 1175 2487 παρέτρεψεν
1211 2414 1486 2467 ἀκόλαστα
1521 2412 1614 2464 καὶ
1659 2429 1795 2481 πορ-

203 2513 332 2567 νικά
360 2513 629 2582 ἀνδράρια
664 2509 1001 2581 παραλαὸὼν
1027 2507 1195 2579 ἀπῄει
1223 2505 1364 2577 μετὰ
1389 2507 1489 2575 τῆς
1513 2504 1795 2572 γυναικὸς,

202 2606 301 2659 καὶ
328 2604 428 2674 τὴν
466 2602 685 2675 κάλπην
718 2601 829 2656 τῶν
874 2601 1090 2671 ἐκείνης
1128 2598 1329 2671 χειρῶν
1369 2597 1642 2666 ἀφείλετο,
1672 2597 1789 2658 καὶ,

207 2713 230 2743 α
256 2697 394 2760 ’Δγε
415 2694 573 2763 δῆτα,
602 2687 646 2745 ὦ
677 2694 862 2760 γύναι,
880 2690 1001 2745 εἷπε
1021 2732 1035 2757 ,
1071 2690 1348 2761 θαρροῦσα
1370 2688 1517 2752 δέξαι
1547 2704 1614 2757 με
1638 2689 1696 2739 ἐν
1727 2690 1793 2757 τῇ

200 2786 351 2856 οίκίᾳ
381 2800 497 2848 σου,
529 2783 724 2855 ψωμοῢ
754 2785 865 2854 (57)
894 2781 1233 2850 πιτυρώδους
1259 2781 1448 2849 ἔφεσιν
1479 2778 1672 2847 ἔχοντα
1700 2780 1797 2829 καὶ

203 2874 607 2945 ἁσδεστοτύρου
639 2873 771 2944 (58).
818 2892 837 2926 ι
874 2874 962 2935 Ὠς
986 2873 1033 2927 δ’
1069 2870 1333 2940 ἁπεπάγη
1360 2867 1496 2938 πρὸς
1521 2867 1613 2919 τὸν
1641 2866 1798 2934 λόγον

199 2967 236 3033 ἡ
284 2966 424 3035 γυνὴ
461 2964 692 3035 μηδενὸς
735 2963 1047 3034 εύποροῦσα
1081 2952 1189 3017 τῶν
1241 2961 1378 3033 πρὸς
1431 2960 1731 3030 ὑποδοχὴν,
1767 2962 1795 3012 ὁ

200 3054 423 3125 Μιχαὴλ
459 3054 656 3107 θᾶττον
699 3054 733 3124 ἦ
782 3054 939 3123 λόγος
978 3053 1193 3107 σινδόνα
1236 3049 1439 3116 λαϐὼν,
1494 3051 1561 3121 ἢν
1595 3051 1793 3121 ἤνεγκε

198 3140 264 3193 τὸ
290 3139 515 3207 γύναιον
548 3141 613 3193 ἐκ
658 3141 753 3193 τοῦ
805 3141 1092 3211 βαλανείου
1134 3140 1214 3193 ἐτι
1260 3139 1552 3209 διάϐροχον
1600 3138 1791 3203 οὖσαν,

200 3232 326 3286 ἀντὶ
365 3232 466 3301 τῆς
512 3231 895 3303 ὑπηρετούσης
954 3235 1022 3304 τῇ
1072 3230 1325 3302 τραπέζῃ
1371 3230 1565 3303 ὀθόνης
1618 3232 1790 3302 ἥπλου

1903 2055 1989 2101 rat
2016 2047 2253 2108 lavacro,
2295 2060 2324 2100 a
2362 2046 2562 2101 balneo
2596 2046 2849 2101 redeunti
2884 2056 2938 2101 et
2988 2031 3209 2102 situlam
3238 2048 3494 2103 manibus

1902 2139 2161 2209 gestanti.
2193 2138 2268 2192 lhi
2299 2153 2442 2208 equo
2468 2138 2815 2194 descendens
2861 2138 3159 2193 senatoria:
3204 2140 3495 2210 dignitatis

1900 2230 2055 2282 viros
2090 2227 2182 2297 qui
2214 2227 2649 2291 comitabantur,
2700 2228 2765 2281 ad
2799 2227 3063 2297 palatium
3113 2228 3267 2283 abire
3315 2229 3491 2296 jubet.

1904 2320 2026 2390 lpse
2073 2334 2199 2374 cum
2253 2319 2488 2390 impuris
2534 2328 2591 2373 et
2656 2318 2970 2374 libidinosis
3025 2317 3494 2373 homuncionibus

1901 2423 2042 2479 (pios
2086 2407 2189 2461 sibi
2236 2406 2531 2469 asciverat,
2591 2405 2977 2460 mulierculam
3015 2413 3242 2462 secutus
3270 2406 3491 2461 situlam

1901 2515 1931 2553 c
1959 2499 2212 2553 manibus
2240 2498 2362 2567 ejus
2387 2497 2590 2560 aufert,
2620 2504 2726 2557 et,t
2764 2494 2936 2562 Bono,
2975 2495 3073 2562 ait,
3116 2495 3302 2550 animo
3330 2496 3430 2558 sis,
3463 2513 3495 2549 (ι

1899 2592 2119 2657 mulier,
2146 2606 2339 2659 meque
2374 2589 2539 2644 domo
2590 2597 2681 2642 tua
2715 2588 2923 2658 accipe,
2978 2587 3072 2658 qui
3114 2586 3493 2643 furfuraceum

1898 2683 1987 2751 jus
2040 2690 2239 2752 appeto
2262 2691 2314 2737 et
2347 2686 2776 2751 ashestotyrnm.
2816 2698 2833 2730 ι
2880 2678 3017 2735 Cum
3053 2680 3118 2734 ad
3155 2679 3271 2735 haec
3325 2683 3493 2734 verba

1899 2774 2220 2843 diriguisset
2254 2772 2607 2837 muliercula,
2646 2780 2707 2825 ut
2738 2771 2825 2825 cui
2869 2771 2937 2825 ad
2985 2773 3300 2827 convivium
3356 2774 3492 2828 nihil

1899 2873 2051 2920 esset
2082 2863 2278 2933 parati,
2300 2860 2601 2916 Michaelus
2631 2861 2780 2916 dicto
2806 2863 2972 2919 citius
3001 2864 3310 2929 sindonem,
3329 2880 3492 2935 quam

1900 2970 1930 3008 e
1963 2953 2158 3007 balneo
2190 2952 2371 3005 adhuc
2403 2953 2715 3006 madentem
2747 2952 2836 3005 illa
2869 2951 3099 3020 ferebat,
3134 2969 3344 3026 mappae
3372 2956 3494 3011 loco

1897 3047 1951 3099 in
1989 3044 2107 3100 solo
2137 3043 2351 3109 stravit,
2390 3050 2691 3112 ereptaque
2721 3043 2940 3098 mulieri
2975 3045 3130 3100 clave
3186 3046 3493 3116 imperator

1898 3138 2016 3206 ipse
2044 3136 2440 3198 convivatoris,
2466 3136 2654 3204 coqui,
2684 3150 2927 3190 mensam
2965 3138 3222 3206 pnnentis
3250 3148 3304 3193 et
3335 3149 3491 3194 stru-

1898 3229 2067 3285 ctoris
2099 3243 2303 3283 munus
2354 3227 2550 3282 obivit.
2598 3226 2833 3281 Peracto
2880 3242 2947 3283 eo
2997 3229 3274 3295 convivio,
3325 3232 3493 3301 pedes

200 3322 299 3376 ἐπὶ
330 3292 709 3394 τού-ἐδάφους
729 3365 744 3389 ,
781 3292 889 3378 καίι⁷
917 3292 1022 3395 τὴς
1051 3292 1233 3376 κλεῖδα
1401 3323 1501 3392 τῆς
1521 3292 1790 3390 ’χυναικδς

1900 3324 2046 3376 lento
2066 3321 2284 3375 incessu
2316 3321 2576 3388 palatium
2602 3323 3075 3391 repetiit,fmagnae
3106 3292 3496 3381 stoliditatiset

199 3414 422 3487 ἀφελὼν
454 3417 619 3481 αὐτὸς
647 3414 716 3489 ἦν
737 3417 994 3488 βασιλεὺς
1023 3416 1314 3485 ἑστιάτωρ,
1347 3414 1631 3485 μάγειρος,
1657 3432 1790 3485 τρα-

199 3511 514 3577 πεζοποιὸς,
568 3510 865 3580 δαιτυμὼν.
898 3508 1302 3579 Ξυνδειπνήσας
1354 3506 1410 3560 δὲ
1450 3509 1515 3576 τῇ
1562 3511 1787 3574 γυναικὶ

200 3604 365 3668 πεζὸς
414 3604 507 3658 καὶ
563 3601 733 3673 βάδην
768 3603 906 3673 πρὸς
940 3602 1007 3654 τὰ
1043 3603 1323 3671 ἀνάκτορα
1354 3597 1543 3669 ἀπῄει,
1587 3600 1789 3669 πολλῆς

199 3695 457 3765 εὐηθείας
512 3694 952 3761 καταγινώσκων
1000 3693 1095 3746 καὶ
1133 3692 1307 3762 τύφου
1338 3690 1447 3744 τῶν
1477 3690 1587 3761 πρὸ
1627 3691 1796 3745 αὑτοῦ

1899 3412 2084 3467 fastus
2120 3413 2393 3466 damnans
2442 3412 2657 3480 priores
2696 3412 3059 3481 imperatores
3082 3452 3096 3478 ,
3148 3415 3245 3485 qui
3274 3416 3494 3486 elegan-

1896 3506 1985 3557 tiae
2008 3503 2370 3557 studuissent.
2408 3502 2536 3557 Ilrec
2568 3500 2734 3571 igitur
2758 3504 2944 3557 omnia
2977 3519 3105 3560 eum
3138 3505 3378 3561 invisum
3410 3507 3495 3561 fa-

1897 3597 2141 3651 ciebant.
2174 3603 2477 3663 contraque
2509 3594 2755 3663 seipSum
2802 3596 3059 3651 omnibus
3100 3600 3300 3653 merito
3344 3599 3494 3655 indi-

1907 3688 2224 3757 gnationem
2255 3685 2531 3740 movebat.

198 3786 463 3856 βασιλέων
518 3786 879 3854 κοσμιότητος
937 3783 1432 3850 ἀντιποιουμένων.
1488 3781 1655 3835 Ταῦτ’
1697 3780 1792 3834 οὖν
1826 3778 2051 3833 ᾶπαντα
2114 3777 2349 3850 μισητὸν
2400 3778 2578 3832 ἐποίει
2628 3778 2722 3833 τὸν
2771 3780 2981 3854 ἄνδρα,
3014 3781 3109 3836 καὶ
3161 3784 3285 3837 κατ’
3317 3783 3489 3838 αὐτοῦ

194 3882 296 3950 τὴν
318 3881 538 3934 πάντων
568 3877 796 3937 δικαίως
830 3876 1078 3930 ὑπεκίνει
1104 3876 1295 3944 ὀργήν.

268 3974 380 4028 Καὶ
436 3971 498 4024 τὸ
540 3971 607 4042 δὴ
647 3970 922 4040 χείριστον
972 3969 1005 4039 ἡ
1048 3967 1161 4022 τῶν
1196 3969 1595 4038 παρεπομένων
1640 3967 1791 4038 αὐτῷ

197 4062 454 4118 κιναίδων
487 4061 693 4131 φατρία
727 4059 823 4113 καὶ
857 4058 994 4127 πρὸς
1023 4059 1208 4110 πᾶσαν
1239 4058 1633 4127 αἰσχρουργίαν
1669 4059 1789 4110 ἐπι-

194 4155 448 4227 τηδείων,
483 4152 578 4215 οὓς
606 4153 814 4213 ἐκεῖνος
845 4149 936 4203 διὰ
960 4148 1129 4219 τιμῆς
1171 4149 1265 4202 καὶ
1301 4148 1485 4212 αἰδοῦς
1519 4147 1692 4217 ἄγων,
1718 4148 1787 4202 τὰ

198 4248 321 4300 θεῖα.
389 4242 691 4307 διαπαίζων
747 4257 808 4294 τε
862 4240 955 4293 καὶ
1020 4237 1104 4311 [Ρ.
1166 4237 1294 4310 554]
1355 4238 1784 4311 ἐξορχούμενος,

199 4333 481 4405 ἱερατικὰς
512 4332 706 4395 στολὰς
737 4332 1068 4402 χρυσοῦςρεῖς
1103 4328 1413 4382 ἐνεδίδυσκε
1443 4330 1534 4383 καὶ
1575 4331 1787 4400 ἐπωμί-

196 4427 296 4489 δας
319 4468 335 4489 ,
382 4427 478 4479 καὶ
504 4423 833 4494 ἀσχημόνως
859 4420 1140 4492 ἠνάγκαζε
1175 4419 1269 4473 καὶ
1306 4421 1558 4489 άνάγνως
1610 4421 1787 4476 τελεῖν

198 4517 268 4569 τά
293 4515 413 4570 θεῖά
444 4531 502 4567 τε
534 4515 629 4567 καὶ
659 4512 926 4579 πανάγια,
954 4512 1047 4564 τὸν
1083 4509 1317 4580 ἔξαρχον
1348 4509 1557 4564 τούτων
1595 4512 1789 4583 (Γρύλο

1972 3965 2213 4021 Facinus
2240 3981 2369 4019 vero
2396 3965 2787 4033 deterrimum,
2825 3969 2972 4037 quod
3005 3979 3209 4024 cretum
3248 3971 3491 4028 habebat

1896 4072 2085 4111 secum
2101 4057 2441 4112 cinaedorum
2460 4066 2514 4111 et
2531 4058 2596 4113 ad
2615 4073 2835 4113 omnem
2855 4062 3248 4130 turpitudinem
3272 4074 3493 4140 parato-

1896 4164 2017 4203 rum
2035 4148 2357 4214 hominum;
2384 4163 2525 4219 quos
2546 4150 2600 4204 in
2634 4152 2849 4205 honore
2869 4151 2959 4206 ille
2984 4153 3215 4216 habens,
3238 4164 3297 4208 ut
3325 4156 3490 4211 rebus

1896 4242 2077 4294 sacris
2109 4240 2389 4304 illuderet,
2450 4243 2698 4297 vestibus
2731 4257 2831 4297 eos
2865 4244 3309 4301 sacerdotalibus
3350 4262 3489 4301 auro

1897 4330 2125 4385 intextis
2150 4330 2474 4396 amiciebat,
2498 4340 2672 4400 atque
2698 4332 3101 4399 humeralibus,
3128 4334 3295 4406 977
3321 4354 3488 4410 coge-

1896 4421 2098 4492 batque
2130 4423 2365 4492 turpiter
2384 4432 2438 4478 et
2469 4423 2685 4493 impure
2711 4439 2901 4481 sacras
2925 4428 3175 4483 actiones
3191 4429 3442 4484 aemulari
3469 4448 3482 4496 ;

1898 4515 2205 4585 principem
2241 4513 2359 4581 ejus
2400 4522 2579 4569 cretus
2622 4512 2873 4581 Gryllum
2902 4519 3231 4584 patriarcha:
3264 4520 3485 4574 nomine

197 4608 289 4668 λος
336 4604 485 4673 αύτῷ
527 4602 723 4672 ὄνομα)
772 4600 1126 4670 πατριάρχην
1176 4598 1510 4663 ἀποκαλῶν,
1563 4601 1690 4662 τοὺς
1733 4602 1791 4655 δὲ

1900 4607 2157 4672 ornabat,
2216 4606 2463 4675 reliquos
2514 4604 2807 4661 duodecim
2871 4611 3343 4679 metropolitarum
3376 4631 3391 4666 :
3426 4628 3486 4668 se

197 4699 423 4760 λοιποὺς
446 4698 657 4751 δώδεκα
689 4696 1119 4767 μητροπολίτας.
1164 4693 1364 4747 Ἐτίθει
1389 4693 1447 4748 δὲ
1476 4693 1571 4747 καὶ
1600 4695 1792 4750 ἐαυτὸν

197 4793 296 4845 ἱνα
328 4791 438 4844 τῶν
485 4790 773 4860 θυηπόλων
794 4827 811 4854 ,
863 4788 956 4841 καὶ
986 4787 1083 4856 τῆς
1116 4786 1429 4849 Κολωνείας
1478 4785 1793 4856 ὠνομάζετο

198 4886 466 4955 πρόεδρος
527 4882 664 4952 (59).
728 4880 883 4933 Ἐπεὶ
933 4878 990 4932 δὲ
1038 4878 1185 4949 ᾄδειν
1222 4877 1441 4944 ξαύτοὺς
1478 4878 1649 4951 ἐχρῆν
1693 4880 1787 4933 καὶ

195 4975 372 5028 τελεῖν
406 4974 474 5027 τά
506 4975 818 5043 μυστήρια.
851 4970 942 5024 διὰ
972 4968 1207 5037 κιθάρας
1238 4966 1340 5028 τὰς
1370 4966 1517 5036 ᾠδὶς
1560 4967 1789 5040 ἐξεπλή-

95 5108 101 5112 .
198 5084 350 5139 ρουν,
394 5065 493 5118 νῦν
527 5067 625 5135 μὲν
659 5065 846 5136 ἡρέμα
879 5078 996 5124 πως
1041 5060 1139 5113 καὶ
1167 5056 1404 5128 λιγυρῶς
1428 5056 1785 5126 ὲἰτηκεὶἶδντεςν

197 5158 297 5213 νῦν
347 5157 404 5212 δὲ
436 5156 779 5230 διαπρυσίοις
800 5195 814 5217 ,
866 5153 1056 5222 ὥσπερ
1085 5152 1142 5203 ἐν
1178 5150 1293 5211 ταῖς
1327 5147 1501 5219 ἱεραῖς
1540 5146 1788 5218 λειτουρ-

1897 4699 2077 4768 ipsum
2107 4713 2327 4768 quoque
2359 4714 2531 4753 unum
2568 4699 2892 4770 pontiﬁcum
2926 4708 2979 4755 et
3010 4702 3242 4757 coloniae
3283 4704 3481 4773 praesi-

1896 4789 2016 4843 dem
2048 4791 2380 4859 appellabat.
2408 4790 2545 4844 Cum
2584 4791 2924 4845 cantandum
2976 4802 3097 4846 erat
3151 4796 3483 4863 peragendis

1897 4883 2212 4943 sacriﬁciis.
2242 4882 2533 4936 citltaram‘
2553 4883 2908 4946 adhibebant,
2938 4886 3101 4939 modo
3126 4888 3330 4940 sensim
3359 4903 3479 4940 eam

1896 4980 2186 5041 tangentes
2222 4979 2284 5026 ut
2319 4973 2584 5027 subtilem
2608 4973 2797 5028 ederet
2827 4988 3041 5037 vocem,
3079 4974 3240 5029 modo
3277 4985 3336 5028 nt
3368 4991 3484 5029 ma-

1896 5077 2064 5131 gnum
2094 5062 2339 5119 sonitum
2370 5062 2677 5129 exhiberet,
2714 5063 2860 5118 sicut
2884 5064 2938 5116 in
2976 5064 3265 5124 sacriﬁciis
3299 5079 3483 5120 sacer—

1899 5152 2059 5207 dotes
2091 5160 2355 5208 contenta
2392 5168 2526 5208 voce
2557 5160 2808 5209 cantant.
2866 5153 3048 5211 Aurea
3073 5156 3243 5212 etiam
3268 5164 3322 5212 et
3349 5157 3481 5212 bac-

1326 5237 1687 5294 XYLANIHU
1719 5241 1809 5296 ΕΤ
1857 5242 2070 5301 GOARI
2104 5245 2339 5301 ΝΟΤιΕ.

270 5339 385 5407 (56)
418 5332 940 5407 ’Υπογραμματέων
957 5333 1196 5403 πρῶτος,
1229 5344 1289 5390 ut
1316 5329 1558 5397 loquitur
1590 5329 1662 5382 Da
1690 5361 1700 5383 .
1725 5349 1790 5386 a-

201 5404 402 5467 seenu's
436 5404 832 5462 subdiaconus.
863 5404 1037 5459 Goan.

271 5480 389 5548 (57.)
419 5479 504 5532 Ab
536 5480 639 5548 hac
670 5489 804 5548 vice
855 5490 1043 5548 panem
1103 5475 1363 5548 usitatum
1416 5475 1569 5548 ψωμί
1610 5473 1783 5529 Graeci

200 5544 546 5618 nuncupant.
568 5544 670 5600 Jun
705 5544 1005 5618 Xylander,
1036 5545 1130 5599 sed
1176 5546 1417 5618 insulse.
1434 5544 1613 5600 Com.

268 5614 650 5703 (ξὸγςίοξειιπι
700 5614 1184 5703 ,ιιιιιιριδιίιιειιιπι
1216 5614 1537 5703 atii-verbum
1576 5623 1778 5669 sonat:

201 5685 333 5760 quid
365 5685 446 5743 rei
480 5689 573 5750 sit.
607 5687 751 5760 malo
778 5685 916 5739 alios
942 5685 1224 5760 judicare,
1255 5685 1780 5760 _i_d_qjuidem__appa-

201 5754 306 5823 rel,
335 5772 553 5813 caseum
584 5757 775 5811 rudem
797 5763 853 5807 et
885 5756 1095 5809 minimi
1128 5755 1284 5823 pretii
1318 5754 1514 5820 fuisse.
1554 5754 1687 5808 Χιί..
1710 5784 1782 5795 -

202 5829 499 5898 coagulum
526 5827 691 5898 calci_
716 5826 907 5880 diluta:
930 5825 1175 5898 densiori
1201 5824 1401 5890 simile,
1449 5825 1593 5898 unde
1631 5824 1785 5898 audit

200 5893 617 5970 ἁσόὲστότυρον.
654 5896 881 5953 Caseum
908 5911 1010 5952 non
1041 5896 1357 5951 exstinctum
1399 5897 1633 5967 explicat
1673 5893 1785 5966 Xy-

1899 5337 2147 5412 lauder;
2181 5354 2248 5392 an
2268 5339 2343 5393 illi
2373 5339 2708 5412 quandoque
2735 5339 2870 5395 arsit
2908 5343 3234 5412 coagulum?
3258 5342 3479 5398 Utinam

1938 5410 2247 5480 t'overhiutn
2273 5411 2798 5480 perciperet.'Oatt;
2826 5410 3104 5480 ἐκάηνέίς
3133 5415 3193 5466 τὸ
3222 5412 3483 5479 ὀξυνόγα-

1915 5494 2006 5540 ιον,
2036 5478 2183 5553 φυσᾷ
2210 5480 2305 5553 καὶ
2353 5479 2415 5531 τὸ
2458 5480 2775 5553 κουρκοῦτι,
2826 5478 3038 5553 Ριιίίεηι
3085 5484 3346 5553 exsuﬂlat,
3390 5478 3480 5551 qui

1895 5549 2119 5618 coagulo
2189 5548 2417 5604 adustus
2469 5548 2597 5604 est‘:
2635 5552 2686 5604 in
2724 5551 2901 5619 planis
2959 5565 3155 5607 errans
3200 5548 3481 5607 salebrosa

1894 5628 2370 5690 nonpermearet,
2408 5635 2517 5673 uno
2556 5621 2746 5684 verbo,
2777 5630 3012 5690 saperet.
3060 5619 3234 5676 Con.

1959 5687 2075 5758 (59)
2104 5688 2183 5743 Ad
2210 5691 2442 5757 patriam
2472 5690 2758 5744 Coloniam
2789 5687 2931 5744 Asia:
2964 5691 3178 5756 urbem,
3207 5690 3275 5746 68
3297 5689 3480 5746 locum

1891 5756 2037 5811 inter
2056 5756 2421 5828 episcopatus
2460 5762 2606 5827 apud
2659 5760 2930 5815 Codinum
2978 5776 3129 5817 nunc
3181 5768 3477 5825 tenentem,

1893 5829 2172 5885 alludehat
2199 5828 2443 5901 Gryllus.
2465 5830 2640 5885 Gesn.
3397 5830 3408 5841 ’
