4226 6442
731 397 751 455 1
763 400 865 462 067

2007 393 2322 452 GEORGII
2353 394 2686 455 CEDRENI

3878 403 4017 470 l068

724 514 912 585 ipsum
950 523 1167 582 quoque
1193 508 1581 578 imperatorem
1622 505 1676 558 in
1710 504 2014 574 periculum
2045 504 2307 572 conjicie-

2415 504 2628 573 ἔγνωκέ
2657 523 2716 558 τε
2748 507 2840 560 τὸν
2869 507 3101 562 θάνατον
3133 511 3227 564 καὶ
3268 510 3403 582 πρὸς
3438 513 3563 578 τοὺς
3598 515 3764 578 πόδας
3807 517 4004 587 ἔρριψε

729 607 846 666 bat.
880 603 1280 660 Constantinus
1327 601 1486 672 bigla:
1529 598 1866 668 drungarius
1898 597 2085 652 subito
2123 610 2315 664 magna

724 715 851 754 eam
883 696 1047 766 981
1090 711 1254 755 manu
1299 693 1697 762 superveniens
1729 689 2091 759 compescuit,
2146 689 2318 757 impe-

728 798 1082 853 ratoremque
1145 785 1345 839 faustis
1409 779 1897 836 acclamationibus
1948 790 2314 848 prosecutus.

2414 599 2513 652 τοῦ
2565 600 2829 670 βασιλέως
2879 603 3091 656 ἐαυτόν.
3141 605 3282 658 Ἀλλ’
3309 607 3602 660 ἀποσπῶσι
3637 608 3828 661 τοῦτον
3860 613 4008 662 ἐκειο

2419 689 2510 740 θεν
2546 694 2641 744 καὶ
2677 691 2909 761 μεληδὸν
2939 694 3396 763 κατατέμνουσιν,
3425 692 3546 750 εἶτα
3583 700 3757 770 κοντῷ
3785 701 3856 753 τὰ
3887 721 4012 755 παι-

2414 780 2608 847 δογόνα
2661 783 2824 836 αὑτοῦ
2857 786 3308 856 ἐπαιωρήσλντες
3359 790 3526 861 μόρια
3565 793 4011 863 παραδειγματι-

723 878 848 945 jure
906 877 1258 932 interfectum
1317 872 1550 928 Bardam
1612 871 1921 927 aliirmavit.
1979 872 2096 924 Hoc
2158 878 2307 940 parte

2415 872 2624 934 ζουσιν.
2681 876 2863 944 Ἤρθη
2898 877 2954 928 δὲ
3005 878 3233 947 θόρυϐος
3280 881 3456 945 ’πολὺς
3511 883 3606 936 xal.
3655 884 3735 952 τῷ
3794 886 4013 954 βασιλεῖ

717 969 904 1025 “Barda
953 969 1171 1026 sublato
1208 968 1512 1037 imperator
1554 966 1758 1022 omissa
1795 963 2044 1019 Cretensi
2084 963 2314 1033 expedi-

728 1063 877 1117 tione
911 1063 1230 1130 Byzantium
1256 1059 1436 1114 rediit.

2414 965 2663 1019 κίνδυνον
2717 970 3011 1034 ἐπισείων,
3052 970 3111 1022 ὃν
3165 974 3195 1025 6
3245 973 3344 1043 τῆς
3406 974 3599 1044 βίγλας
3641 977 4008 1047 ὃρουγγάριος

2414 1057 2829 1123 Κωνσταντῖνος
2877 1064 3267 1128 μετὰεπολλῶν
3319 1069 3398 1130 εἰς
3435 1071 3600 1136 μέσον
3633 1072 3845 1141 ἀθρόως
3878 1073 3974 1124 ἐπι

725 1155 914 1222 φανεὶς
947 1154 1228 1216 διέλυσεν,
1271 1151 1570 1220 εὐφημίαις
1612 1165 1670 1200 τε
1706 1147 1916 1217 βάλλων
1957 1148 2048 1200 τὸν
2086 1145 2309 1216 βασιλέα
2351 1149 2444 1202 καὶ
2481 1149 2709 1208 δικαίως
2739 1154 3034 1210 ἀποθανεῖν
3070 1157 3160 1208 τὸν
3222 1157 3435 1229 Βάρδαν
3500 1161 4002 1236 διαϐεϐαιούμενος.

725 1241 836 1299 Καὶ
867 1247 896 1297 6
922 1247 1022 1317 μὲν
1053 1243 1264 1314 Βάρδας
1304 1241 1476 1304 οὕτως
1507 1241 1564 1304 ἐξ
1597 1240 1902 1311 ἀνθρώπων
1934 1241 2169 1308 ἐγένετο,
2250 1241 2345 1292 καὶ
2385 1240 2529 1294 οὕτω
2559 1245 2590 1312 ἡ
2625 1249 2769 1299 κατᾶ
2802 1249 3040 1320 Κρητῶν
3080 1255 3412 1324 ἐκστρατεία
3479 1255 3698 1310 ἐλέλυτο
3718 1300 3732 1322 ,
3779 1261 3873 1313 τσῦ
3909 1261 4010 1330 βα-

726 1336 918 1397 σιλέως
948 1337 1083 1404 πρὸς
1111 1334 1171 1387 τὸ
1201 1330 1496 1395 Βυζάντιον
1530 1331 2000 1400 ὑποστρέψαντος.

799 1483 978 1548 Atque
1037 1481 1140 1534 hoc
1197 1479 1415 1533 facinus
1456 1480 1716 1535 Basiiium
1781 1477 1846 1530 ad
1896 1477 2309 1546 imperatorium

726 1573 1000 1642 fastigium
1032 1572 1231 1625 evexit.
1265 1571 1396 1624 Nam
1433 1571 1732 1636 Michaelns
1762 1586 1884 1621 t'llm
1919 1571 2068 1638 prole
2096 1579 2313 1623 careret

721 1676 773 1719 rt
840 1667 991 1720 Solus
1043 1666 1434 1734 rempublicam
1498 1679 1687 1728 gerere
1737 1679 1843 1716 unu
1889 1663 2132 1723 valeret,
2185 1677 2309 1715 eum

724 1759 1008 1828 adoptavit
1072 1759 1330 1826 magistri
1355 1739 1628 1815 Amtatum
1690 1757 1978 1825 dignitate,
2041 1764 2094 1806 et
2147 1755 2310 1822 paulo

725 1863 848 1920 post
873 1853 923 1902 in
949 1849 1141 1915 Magno
1173 1848 1401 1902 Τυωιξό
1419 1845 1668 1902 ﬂladema
1690 1849 1735 1900 ei
1777 1845 2052 1915 imposuit.
2075 1843 2310 1899 Basilius

2491 1479 2665 1530 Τοῦτο
2718 1482 2786 1532 τὸ
2820 1481 2982 1552 ἔργον
3011 1483 3090 1545 είς
3134 1482 3404 1552 βασίλειον
3447 1485 3578 1554 ὕψος
3620 1489 3862 1562 ἀνήγαγε
3910 1497 4004 1545 τὸν

2414 1571 2714 1623 Βασίλειον.
2756 1573 3004 1643 Φυσικῆς
3056 1576 3165 1646 γὰρ
3213 1579 3437 1646 ἀπορῶν
3485 1580 3646 1649 γονῆς
3685 1585 3713 1634 6
3756 1585 4000 1656 Μιχαὴλ,

2414 1661 2511 1713 καὶ
2547 1662 2616 1713 τὰ
2660 1662 2816 1714 κοινὰ
2852 1663 3124 1732 διεξάγειν
3160 1669 3258 1736 οὐχ
3297 1665 3407 1731 οἷός
3451 1688 3510 1721 τε
3545 1670 3640 1732 ὢν,
3679 1675 4002 1729 εἰσ-ποιεῖταί

2413 1770 2472 1805 τε
2535 1754 2701 1807 αὑτὸν
2753 1757 2833 1817 είς
2882 1757 2998 1807 υίὴν
3043 1760 3107 1826 τῇ
3145 1757 3254 1809 τῶν
3290 1764 3611 1832 μαγίστρων
3662 1765 3790 1835 ἀξία
3834 1771 4006 1837 τιμήν

2417 1865 2550 1908 σας,
2603 1849 2696 1899 καὶ
2748 1848 2988 1919 διάδημα
3039 1852 3176 1920 μετὰ
3228 1852 3422 1920 μικρὸν
3479 1854 3628 1924 αὑτῷ
3690 1859 4002 1931 περιτίθησι

722 1952 934 1996 tantum
995 1942 1226 2009 adeptus
1282 1941 1590 2008 potestatis,
1652 1939 2038 2006 imperatorem
2074 1947 2306 1990 conatus

2418 1940 2558 1991 κατὰ
2639 1941 2736 2009 τὴν
2787 1942 3047 2012 Μεγάλην
3105 1944 3430 2011 Ἐκκλησίαν
3489 1949 3800 2018 γενόμενος.
3877 1951 4004 2016 Ἐγο

725 2049 890 2104 quam
927 2033 1246 2102 longissime
1279 2032 1345 2083 ab
1377 2030 1584 2084 odiosis
1612 2038 1662 2083 et
1695 2030 1936 2081 iulaudis
1966 2027 2084 2080 istis
2111 2028 2308 2082 studiis

724 2125 1019 2184 abducere,
1068 2121 1388 2187 imprudens
1419 2122 1572 2190 gravi
1611 2137 1733 2174 eum
1773 2129 1962 2172 contra
2005 2134 2063 2172 se
2093 2119 2304 2170 inllatn-

725 2215 892 2269 mavit
930 2215 1078 2267 odio.
1141 2211 1444 2267 Michaelus
1478 2211 1623 2266 enim
1682 2211 2138 2279 reprehensiones
2197 2225 2303 2262 non

719 2308 903 2360 ferens
944 2307 1013 2360 de
1063 2321 1128 2359 eo
1179 2304 1558 2358 interﬁciendo
1593 2303 1824 2356 consilia
1887 2301 2026 2364 iniit,
2079 2307 2138 2354 ut
2193 2316 2305 2356 sua:

719 2399 1022 2455 voluntatis
1056 2398 1468 2468 impedimento.
1497 2396 1560 2449 Et
1599 2393 1893 2448 Basiliciuo
1935 2393 2151 2446 cuidam
2199 2395 2304 2447 im-

717 2492 1006 2561 peratoria:
1037 2492 1240 2545 celucis
1275 2490 1462 2559 remigi
1509 2490 1561 2542 in
1598 2489 1834 2542 medium
1876 2486 2143 2556 producto
2176 2501 2307 2554 pur-

719 2599 910 2654 puram
953 2584 1312 2652 diadcmaque
1363 2580 1746 2645 circnimledit,
1782 2594 2055 2648 manuque
2089 2594 2188 2632 sua
2235 2578 2300 2633 ad

716 2687 969 2730 senatqu
1013 2675 1274 2740 edocens,
1319 2676 1460 2728 hanc
1506 2673 1695 2728 habuit
1723 2674 2072 2726 orationem:
2105 2691 2123 2721 ι
2151 2671 2303 2725 Jam-

717 2767 954 2836 pridem,
995 2766 1182 2827 amici,
1222 2768 1570 2820 decreveram
1619 2765 1764 2818 hunc
1811 2764 1990 2833 potius
2025 2764 2200 2816 virum
2235 2763 2300 2817 ad

718 2859 932 2927 imperii
963 2859 1232 2912 honorem
1260 2873 1534 2932 summum
1567 2856 1799 2911 evehere
1821 2871 1984 2925 quam
2017 2853 2297 2909 Basilium.

720 2951 860 3006 Sunt
885 2952 1034 3006 enim
1067 2952 1120 3004 in
1141 2966 1206 3006 co

860 3135 1098 3188 Primum
1122 3150 1315 3188 corona
1344 3135 1519 3202 forma
1551 3134 1711 3201 digna
1748 3135 1912 3201 regia,

853 3205 1057 3259 Deinde
1087 3217 1366 3272 cognatum
1409 3205 1650 3256 diadema
1683 3213 1756 3256 est
1789 3206 1906 3255 huic
1937 3204 2076 3266 viro;

862 3279 1102 3344 Suntque
1129 3277 1309 3328 omnia
1343 3277 1590 3343 dignitati
1627 3275 2008 3330 courenientia.
2041 3291 2060 3324 ι

715 3546 885 3619 ω2
915 3545 1029 3602 Hoc
1065 3545 1266 3600 factum
1302 3555 1467 3615 atque
1487 3545 1602 3598 haec
1635 3544 1813 3597 oratio
1842 3541 2169 3612 principiqu
2204 3539 2307 3594 fuit

718 3642 979 3695 interitus
1023 3640 1299 3696 Michaeli.
1357 3639 1608 3692 Accessit
1661 3640 1768 3690 huc
1818 3636 1965 3689 aliud
2017 3635 2300 3704 quiddam.

719 3729 870 3784 Mero
910 3744 1033 3785 sese
1060 3744 1184 3782 cum
1217 3727 1494 3781 obruisset
1528 3726 1828 3779 Michaelus
1858 3721 2174 3791 aliquando,
2211 3735 2306 3789 per

717 3821 1043 3876 ebrietatem
1070 3820 1239 3872 multa
1265 3819 1500 3872 absurda
1536 3817 1814 3887 prazcepit,
1847 3829 2043 3884 nempe
2082 3823 2142 3866 ut
2174 3814 2300 3882 qui-

723 3912 954 3964 husdam
991 3926 1174 3973 aures,
1204 3910 1330 3963 aliis
1363 3925 1543 3971 nares,
1581 3909 1856 3961 nonnullis
1888 3907 2067 3974 capita
2109 3921 2303 3974 ampu-

711 4009 988 4052 tarentur.
1025 3997 1242 4063 Quaene
1275 3999 1485 4062 tierent,
1514 3997 1748 4050 Basilius
1775 3996 2008 4061 obstitit,
2046 4010 2154 4049 non
2191 4007 2299 4048 tam

717 4092 786 4144 de
812 4091 942 4142 aliis
974 4106 1136 4156 quant
1162 4092 1230 4143 de
1271 4105 1331 4143 se
1357 4090 1476 4158 ipso
1501 4091 1790 4142 sollicitus.
1829 4087 2128 4142 Michaelus
2154 4095 2304 4155 post-

717 4196 886 4251 quam
919 4184 1060 4235 hunc
1094 4182 1192 4234 sibi
1237 4181 1457 4234 thtare
1498 4181 1689 4243 sensit,
1723 4193 1938 4233 atroces
1968 4181 2133 4233 struit
2167 4179 2298 4232 iusi-

715 4273 859 4337 dias,
887 4273 1187 4328 subornato
1212 4273 1303 4342 qui
1333 4277 1542 4327 hastam
1585 4276 1710 4326 fera:
1736 4274 2004 4327 simulans
2042 4271 2299 4326 ferienda:

715 4381 885 4419 causa
931 4381 990 4419 se
1039 4367 1282 4428 mittere,
1333 4367 1387 4417 in
1440 4363 1702 4418 Basilium
1759 4364 2039 4432 deligeret.
2098 4364 2300 4431 Eaeque

710 4459 942 4514 detecta:
980 4467 1130 4522 sunt,
1173 4472 1298 4510 cum
1359 4459 1404 4511 is
1444 4472 1602 4526 quem
1656 4456 2018 4509 subornatum
2059 4455 2297 4510 diximus

715 4550 910 4613 fuisse,
942 4548 1054 4616 jam
1097 4549 1400 4603 moriturus
1437 4564 1550 4602 rem
1586 4547 1827 4601 ell‘erret.
1859 4546 1937 4600 Ac
1979 4547 2128 4600 misit
2162 4562 2296 4600 sane

2415 2032 2624 2101 κρατὴς
2664 2034 2705 2084 δ’
2767 2028 2922 2096 οὗτος
2977 2037 3076 2102 τῆς
3135 2038 3306 2106 ἀρχῆς
3363 2038 3601 2106 γεγονὼς
3659 2044 4004 2114 ἀπεπειρᾶτο

2412 2122 2502 2173 τὸν
2552 2124 2778 2191 βασιλέα
2827 2125 2901 2189 ὡς
2965 2130 3304 2198 πορρωτάτω
3366 2132 3600 2198 ἁπάγειν
3665 2133 3774 2185 τῶν
3829 2154 3999 2206 μιση-

2411 2215 2520 2267 τῶν
2569 2216 2746 2284 ἔργων
2807 2220 2897 2274 καὶ
2955 2221 3290 2290 ἐπιρρήτων.
3346 2223 3545 2277 Ἐλαθε
3605 2225 3663 2279 δὲ
3701 2227 3788 2278 διὰ
3839 2230 4004 2282 τοῦτο

2413 2304 2588 2373 ἐαυτῷ
2624 2307 3074 2373 καθοπλίζωντὸν
3107 2311 3322 2378 φθόνον.
3356 2313 3449 2383 Μὴ
3500 2315 3682 2386 φέρων
3722 2319 3830 2388 γὰρ
3870 2322 4002 2382 τοὺς

2413 2394 2668 2464 ἐλέγχους
2690 2399 2717 2450 ὁ
2745 2399 2985 2470 Μιχαὴλ.
3015 2401 3107 2453 καὶ
3137 2401 3226 2452 τὸν
3248 2402 3535 2457 Βασίλειον
3564 2407 3807 2460 ἐκποδὼν
3835 2415 4000 2477 ποιῆέ

2417 2504 2508 2540 σαι
2547 2489 2926 2558 διανοούμενος
2959 2490 3037 2554 ὡς
3084 2495 3193 2546 τῶν
3214 2495 3379 2548 αὑτοῦ
3415 2496 3739 2567 θελημέιτων
3766 2504 3994 2571 ἐμποδι-

2416 2580 2568 2648 στὴν,
2602 2581 2940 2636 Βασιλικῖνὸν
2971 2601 3092 2636 τινα
3127 2585 3218 2638 τοῦ
3259 2588 3540 2657 βασιλικοῦ
3579 2590 3998 2664 δρόμωνοςιϐυ)

2414 2671 2610 2740 ἐρέτην
2637 2673 2953 2742 ὑπάρχοντα
2971 2678 3050 2738 εἰς
3079 2678 3244 2745 μέσον
3268 2679 3496 2748 ἀγαγὼν
3515 2683 3612 2750 τὴν
3631 2685 3918 2755 πορφύραν
3941 2704 4001 2738 τε

2401 2761 2690 2815 ιένδύεικαὶ
2710 2767 2768 2816 τὸ
2784 2766 3022 2836 διάδημα
3040 2769 3352 2839 περιτίθησι
3367 2775 3457 2825 καὶ
3483 2776 3619 2843 πρὸς
3637 2776 3736 2845 τὴν
3756 2776 4001 2848 σύγκλη-

2405 2870 2496 2905 τον
2515 2856 2701 2923 ἐξάγει
2717 2857 2816 2924 τῆς
2838 2861 3016 2929 χειρὸς
3039 2862 3176 2931 ἔχων
3193 2864 3378 2926 αὑτὸν,
3400 2866 3491 2918 καὶ
3511 2868 3798 2934 ἐξαγαγὼν
3819 2871 4002 2925 τοιού-

2407 2961 2512 2998 των
2527 2948 2687 3000 τινῶν
2701 2952 2966 3019 ῥημάτων
2981 2954 3094 3023 ἀπή
3105 2954 3283 3021 ρξατοο
3313 2975 3330 3006 ι
3348 2958 3517 3010 Πάλαι
3539 2961 3638 3027 μὲν
3664 2959 3771 3013 ἔδει
3787 2967 4003 3017 τουτονὶ

2406 3039 2499 3091 τὸν
2518 3041 2706 3109 ἄνδρα,
2728 3034 2772 3092 ὦ
2790 3043 2952 3108 φίλοι,
2974 3048 3052 3107 είς
3071 3046 3160 3096 τὸν
3185 3065 3249 3098 πε
3260 3049 3546 3115 ρί6λεπτον
3564 3053 3768 3121 κόσμον
3783 3057 3883 3125 τῆς
3907 3057 4004 3126 βα..

2410 3133 2615 3195 σιλείας
2637 3134 2936 3204 ἀναγαγεῖν
2953 3137 2988 3206 ἢ
3005 3139 3095 3191 τὸν
3114 3138 3412 3195 Βασίλειοψ
3432 3143 3698 3214 Πρόσεστι
3720 3149 3831 3219 γὰρ
3850 3151 4001 3219 αὐτῷ

2543 3265 2785 3342 Πρῶτον
2809 3270 2927 3336 μὲν
2942 3271 3119 3342 ειίόξοςν
3141 3271 3316 3334 ἀξιον
3353 3276 3733 3342 τυραννίδος,

2665 3340 2948 3422 δεύτερον
2967 3340 3047 3422 ,δὲ
3074 3341 3188 3422 (ti?)
3214 3337 3495 3422 συμφυὲς
3515 3337 3707 3422 πέλ-εί
3729 3349 3958 3418 στέφος
3975 3387 3995 3399 ο

2582 3415 2833 3461 Απαντιι
2863 3409 2914 3461 δ’
2946 3411 3266 3478 ἁρμόζουσι
3287 3409 3437 3479 πρὸς
3467 3416 3581 3482 τὴν
3604 3417 3806 3479 ἀξίαν.

2408 3540 2558 3610 Αὕτη
2593 3543 2846 3612 ήπρᾶξις
2877 3545 3021 3596 καὶὸ
3057 3544 3216 3612 λόγος
3263 3542 3418 3610 οὗτος
3457 3552 3602 3621 ἀρχὴ
3655 3554 3845 3620 γέγονε
3901 3559 4001 3622 τῆς

2409 3634 2571 3686 αὑτοῦ
2591 3636 2961 3698 καταλύσεως.
2999 3637 3329 3709 Ἑπισυνέὃη
3352 3639 3410 3692 ὁέ
3434 3659 3485 3692 τι
3516 3643 3610 3695 καὶ
3629 3644 3775 3698 ἄλλο.
3799 3647 3999 3718 Ἀκραο

2408 3726 2653 3778 τοποτῶν
2690 3727 2798 3794 γὰρ
2824 3729 2850 3778 ό
2891 3728 3102 3797 Μιχαὴλ
3137 3730 3229 3781 καὶ
3272 3731 3682 3801 μεθυσκόμενος
3716 3746 3858 3792 κατὰ
3904 3745 3997 3795 τὸν

2406 3815 2506 3883 τῆς
2542 3815 2710 3887 μέθης
2774 3820 2967 3887 καιρὸν
3011 3820 3184 3871 πολλὰ
3246 3823 3341 3874 καὶ
3417 3825 3594 3876 ἄτοπα
3652 3831 3993 3896 προσέταττε

2409 3904 2769 3973 πράττεσθαι,
2822 3905 2916 3956 τοῦ
2981 3905 3081 3974 μὲν
3112 3908 3468 3977 ἀφαιρεῖσθαι
3511 3912 3576 3963 τὰ.
3637 3907 3774 3979 ὦτα,
3834 3918 3998 3973 ἄλλον

2405 3996 2506 4063 τὴν
2535 3999 2679 4063 ῥῖνα,
2709 3998 2805 4047 καὶ
2838 3997 2936 4065 τὴν
2959 3999 3203 4066 κεφαλὴν
3230 4001 3420 4069 ἐτέρου
3445 4019 3458 4032 ο
3488 4005 3694 4058 ἐκώλυε
3718 4009 3773 4060 δὲ
3818 4012 3997 4064 ταῦτα

2405 4087 2652 4154 γίνεσθαι
2684 4092 2711 4141 ό
2745 4088 3047 4154 Βασίλειος,
3095 4091 3156 4141 οὑ
3207 4094 3466 4145 τοσοῦτον
3502 4097 3630 4164 περὶ
3674 4097 3784 4149 τῶν
3819 4102 3998 4154 ἄλλων

2405 4181 2528 4231 ὅσον
2557 4181 2681 4248 περὶ
2709 4180 2905 4233 ἐαυτοῦ
2935 4180 3212 4244 δεδοικώς.
3265 4183 3353 4243 Ὠς
3411 4183 3506 4236 οὖν
3534 4186 3677 4252 ἔγνω
3709 4192 3736 4240 ό
3769 4192 3997 4260 Μιχαῆλ

2405 4272 2666 4340 ἐμπόδιον
2701 4273 2866 4324 αὑτὸν
2909 4275 3072 4341 ἔχων,
3108 4273 3356 4341 μεγάλην
3409 4277 3528 4327 κατ’
3569 4278 3734 4331 αὑτοῦ
3791 4284 3998 4353 συρςδά⁴

2404 4380 2526 4415 πτει
2573 4364 2889 4434 ἐπιϐουλήν.
2947 4365 3010 4416 'H
3061 4364 3118 4418 δὲ
3156 4359 3258 4433 ἦν·
3294 4365 3586 4436 ὑποτίθησί
3631 4387 3737 4423 τινι
3785 4372 3993 4442 λόγχην

2400 4457 2692 4524 ἐπαφεῖναι
2752 4457 2894 4526 λόγῳ
2953 4457 3050 4527 μὲν
3108 4460 3249 4512 κατὰ
3301 4459 3395 4511 τοῦ
3450 4460 3665 4531 θηρίου,
3727 4464 3877 4534 ἔργῳ
3933 4467 3992 4520 δὲ

2403 4550 2546 4600 κατὰ
2597 4548 2691 4599 τοῦ
2739 4548 3046 4604 Βασιλείου.
3089 4553 3199 4604 Καὶ
3247 4552 3404 4605 τοῦτο
3452 4554 3612 4620 δῆλον
3643 4557 3836 4620 γέγονε
3891 4559 3990 4610 τοῦ

717 4646 956 4706 hastam,
994 4640 1089 4695 sed
1131 4655 1160 4692 a
1209 4640 1410 4694 Basilio
1443 4642 1740 4694 aberravit.
1774 4639 1916 4709 Ergo
1957 4639 2190 4694 Basilius
2229 4655 2294 4692 ex

2408 4639 2788 4700 κελευσθέντος
2845 4641 2904 4691 ἐν
2954 4641 3030 4708 τῷ
3090 4641 3308 4709 μέλλειν
3359 4642 3731 4710 ἀποθνήσκειν
3790 4645 3984 4712 ἐξαγο-

720 4732 940 4788 insidiis
991 4745 1240 4786 servatus
1292 4747 1452 4801 agere
1501 4748 1663 4801 quam
1701 4734 1811 4801 pati
1869 4731 2050 4800 potius
2116 4730 2293 4784 duxit.

716 4824 925 4895 Estque
961 4823 1261 4882 Michaelus
1298 4826 1350 4878 in
1384 4826 1584 4894 palatio
1624 4827 1689 4878 ad
1732 4824 1848 4878 Divi
1881 4824 2172 4878 Mattiantis
2206 4825 2293 4878 in-

715 4915 1004 4982 terl'ectus,
1036 4931 1183 4972 anno
1211 4918 1280 4970 ab
1306 4917 1514 4987 origine
1543 4917 1729 4971 mundi
1765 4915 1926 4979 6376,
1951 4917 2085 4970 hora
2118 4917 2295 4972 noctis

714 5008 899 5062 tertia.
932 5007 1226 5077 Imperavit
1258 5023 1382 5062 cum
1433 5019 1610 5062 matre
1648 5023 1824 5063 annos
1855 5007 2292 5078 quatuordecim,

713 5100 869 5156 solus
892 5100 1168 5154 undecim.
1197 5099 1522 5169 Quanquam
1553 5112 1736 5155 autem
1775 5100 1940 5153 vitam
1975 5099 2085 5168 egit
2115 5099 2291 5153 disso-

719 5193 914 5257 lutam,
951 5208 1061 5247 non
1096 5201 1277 5246 tamen
1319 5207 1544 5261 prorsus
1590 5193 1725 5246 nihil
1775 5191 2048 5246 laudabile
2097 5193 2290 5261 gessit.

713 5280 930 5337 Obtulit
952 5283 1096 5337 enim
1121 5280 1318 5353 Magno
1351 5280 1575 5352 Templo
1606 5282 1887 5352 poculum,
1927 5281 2070 5351 quod
2106 5283 2288 5336 disco-

2405 4729 2717 4800 ρεύσαντος.
2776 4728 2876 4800 [Ρ.
2923 4731 3066 4803 557]
3126 4733 3332 4800 Ἀφῆκε
3395 4732 3493 4802 μὲν
3543 4729 3637 4785 οὖν
3689 4727 3844 4796 οὗτος
3889 4737 3989 4806 τὴν

2401 4825 2622 4892 λόγχην,
2655 4823 2926 4892 διήμαρτε
2953 4823 3028 4887 δὲ,
3065 4826 3159 4875 καὶ
3202 4824 3442 4876 σέσωστο
3466 4825 3495 4876 6
3533 4823 3839 4887 Βασίλειος.
3878 4829 3988 4879 Καὶ

2402 4914 2599 4977 σωθεὶς
2629 4915 2824 4983 δρᾶσαί
2855 4932 2907 4967 τι
2959 4915 3160 4984 μᾶλλον
3205 4915 3542 4967 ἐσπούδασεν
3568 4915 3600 4984 ἢ
3638 4915 3862 4967 παθεῖν’
3891 4920 3988 4970 καὶ

2403 5003 2698 5076 σεράττεται
2733 5007 2761 5056 ό
2789 5004 3011 5074 Μιχαὴλ
3039 5007 3181 5056 κατὰ
3226 5005 3296 5057 τὰ
3329 5005 3608 5073 ἀνάκτορα
3657 5005 3752 5056 τοῦ
3795 5005 3986 5072 Ἀγίου

2401 5095 2723 5164 Μάμαντος,
2769 5097 2828 5150 ἐν
2855 5096 2964 5148 ἐτει
3001 5095 3077 5164 τῷ
3110 5101 3312 5164 ,ςτοςᾏ
3354 5094 3473 5164 ὥρᾳ
3509 5094 3558 5162 γ’
3612 5094 3709 5163 τῆς
3765 5096 3984 5159 νυκτὸς,

2398 5188 2570 5257 ἄρξας
2623 5189 2760 5257 μετὰ
2786 5188 2886 5257 τῆς
2921 5188 3124 5258 μητρὸς
3163 5187 3262 5256 μὲν
3295 5187 3387 5256 ἐτη
3446 5187 3528 5251 ιδ’,
3576 5192 3644 5237 ια’
3672 5185 3727 5238 δὲ
3779 5203 3987 5258 μοναρ-

2398 5285 2592 5352 χήσας.
2631 5283 2792 5335 ’Δλλὰ
2823 5281 2918 5334 καὶ
2943 5281 3114 5345 οὕτως
3137 5282 3385 5352 ἐκμελῶς
3405 5282 3497 5334 καὶ
3526 5279 3826 5348 ἀναγώγως
3856 5281 3984 5351 ﬁtti-

1834 5478 2188 5535 ΧΥιΑΝυιιι
2214 5481 2300 5534 ΕΤ
2355 5479 2568 5537 GOARI
2629 5479 2859 5539 ΝΟΤλ-Ε.

792 5641 904 5710 (66)
936 5639 1016 5695 Ad
1040 5639 1301 5695 Basilium
1322 5640 1473 5696 hunc
1493 5656 1668 5712 usque
1689 5640 2032 5712 dromom'bus
2063 5641 2148 5695 vix
2174 5651 2294 5696 ute-

715 5714 920 5768 bantur
953 5714 1334 5781 imperatores,
1357 5711 1742 5782 sedAgr’ariis.
1773 5711 1845 5766 De
1874 5715 2120 5779 utriSque
2153 5713 2298 5767 Cou-

714 5785 998 5836 stantinus
1055 5782 1121 5834 tle
1174 5783 1392 5836 Adtulit.
1450 5781 1582 5850 Imp.
1622 5794 1733 5837 toto
1764 5798 1814 5836 c.
1852 5783 1914 5836 5|
1971 5783 2292 5847 fusissimc;

721 5852 1085 5907 Cassiodorus
1117 5866 1335 5923 quoque
1369 5850 1493 5906 Var.
1530 5853 1566 5906 ι.
1603 5869 1654 5919 v,
1686 5853 1769 5908 16.
1791 5851 1964 5908 0οη.

2475 5642 2587 5711 (67)
2615 5642 2878 5697 Senarius
2914 5644 3120 5709 primus
3152 5639 3429 5711 Euripidis
3464 5647 3569 5700 est.
3598 5639 3809 5693 medius
3841 5642 3986 5696 inte-

2404 5710 2522 5782 ger,
2541 5714 2586 5766 si
2617 5715 2762 5780 legas
2793 5715 2885 5764 καὶ
2906 5710 3245 5780 δεύτερονδέ.
3276 5711 3704 5782 Videturautem
3738 5713 3984 5766 atlucere

2404 5780 2470 5836 ad
2496 5798 2693 5836 nomen
2727 5783 3024 5836 Basilictni.
3062 5783 3276 5849 Alioqui
3334 5796 3438 5833 non
3472 5780 3627 5834 video
3652 5783 3742 5847 qui
3782 5799 3843 5832 ex
3877 5785 3982 5834 im-

2405 5855 2681 5924 peratoria
2711 5853 3002 5908 credamus
3048 5852 3218 5907 fuisse
3259 5853 3517 5921 remigem
3566 5850 3793 5904 fauniia.
3847 5851 3977 5906 Mt.
