4226 6442
258 397 403 463 1069

1353 396 1903 457 HISTORIARUM
1939 397 2468 460 COMPENDI‘JM.

3381 407 3519 474 1070

254 526 353 572 σας
384 509 445 560 οὺ
483 505 829 565 παντάπασιν
875 507 1145 576 ὴμοίρησε
1206 505 1317 558 τῶν
1370 507 1673 558 ἐπαινετῶν
1697 523 1710 535 ·
1744 505 1821 557 δι-

1874 509 1911 566 Α
1942 508 2212 573 poterinm
2241 507 2462 573 dicitur,
2493 516 2547 561 et
2582 506 2940 578 polycandela
2972 508 3212 580 plurimo
3251 525 3516 584 prastan-

256 615 290 651 σ
314 597 742 669 οποτηριονςῦ8)
771 598 879 667 γὰρ
907 596 1250 667 προσήνεγκε
1268 599 1335 666 τῇ
1365 596 1591 666 Μεγάλῃ
1610 595 1838 664 Ἐκκλη-

251 692 370 760 σία,
405 692 498 744 καὶ
526 689 906 760 πολυκάνδηλα
947 689 1058 761 (69)
1081 691 1150 743 τὰ
1179 688 1373 760 πρώην
1397 689 1519 742 λίαν
1559 687 1840 759 ὑπερελά-

253 799 448 836 σαντα.

339 875 750 945 Ἀναιρεθέντος
774 875 854 937 δ’,
916 876 992 938 ὡς
1059 875 1311 945 εἴπομεν,
1346 873 1440 927 τοῦ
1499 874 1736 944 Μιχαὴλ,
1782 877 1844 928 τὸ

256 968 357 1034 τῆς
392 966 670 1036 βασιλείας
700 967 1000 1036 ἀνεδήσατο
1034 969 1282 1037 κράτοςό
1303 966 1456 1020 Βασίῖ
1477 984 1604 1028 ἰος.
1655 969 1842 1032 Ὅστις

251 1058 312 1112 δὲ
351 1051 504 1120 οὗτος
533 1053 600 1128 ἦν
629 1059 644 1088 ¹
683 1059 778 1110 καὶ
817 1057 939 1112 ὅθεν
963 1057 1190 1128 ὥρμητο
1221 1097 1240 1123 ,
1290 1061 1401 1112 κάκ
1460 1059 1622 1122 ποίας
1660 1059 1842 1123 αἰτίας

260 1154 345 1214 εἰς
367 1152 466 1221 τὴν
513 1151 784 1220 βασίλειον
817 1150 976 1222 ἀνῄει
1017 1154 1306 1222 περιωπήν
1342 1153 1405 1204 ἐκ
1453 1151 1718 1221 ταπεινῆς
1752 1155 1846 1206 καὶ

252 1241 544 1311 ἀλαμποῦς
569 1242 896 1312 ὁρμώμενος
921 1241 1114 1312 τύχης,
1141 1242 1349 1296 ἄνωθεν
1389 1242 1659 1296 διαλαϐὼν
1686 1245 1712 1295 ό
1759 1243 1846 1296 λός

254 1352 349 1402 γος
388 1335 774 1405 διατρανώσει.
805 1337 1043 1404 ’Πνεγκε
1078 1337 1257 1388 τοίνυν
1288 1337 1320 1405 ή
1371 1334 1480 1389 τῶν
1521 1336 1847 1390 Μακεδόνων

253 1427 412 1498 χώρα
441 1426 625 1488 αὑτὸν,
648 1421 803 1479 εἷλκε
830 1426 888 1479 δὲ
921 1427 982 1480 τὸ
1002 1426 1158 1494 γένος
1178 1427 1240 1491 ἐξ
1271 1428 1596 1498 Ἀρμενίων,
1617 1430 1680 1481 ἐκ
1705 1431 1846 1484 πάνυ

253 1518 514 1589 λαμπράς
542 1517 915 1587 καταγόμενος
934 1517 1032 1586 τῆς
1051 1517 1162 1570 τῶν
1184 1517 1526 1587 Ἀρσακιδῶν
1551 1521 1760 1588 σειρᾶς,
1788 1519 1846 1585 ἐξ

252 1606 322 1682 ἧς
345 1613 514 1680 μόνης
539 1611 702 1679 νόμος
725 1607 794 1682 ἦν
819 1609 1202 1680 βασιλεύεσθαι
1230 1610 1469 1682 Πάρθοις
1508 1613 1602 1664 καὶ
1639 1613 1845 1682 Μήδοις

255 1706 351 1756 καὶ
385 1702 690 1772 Ἀρμενίοις
713 1704 801 1756 διὰ
831 1704 888 1755 τ),
912 1703 1066 1766 κλέος
1084 1705 1178 1758 τοῦ
1199 1703 1418 1773 πρώτου
1455 1705 1724 1772 Ἀρσάκου
1751 1705 1846 1757 τοῦ

251 1793 353 1847 ἀνα
365 1795 710 1864 κτησαμένου
724 1794 835 1855 τοῖς
857 1792 1090 1862 Πάρθοις
1104 1793 1202 1863 τὴν
1215 1791 1490 1861 βασιλείαν
1505 1793 1608 1843 ὑπὸ
1626 1791 1848 1861 Περσῶν

254 1885 756 1953 ὲσφετερισμένηνα
787 1885 896 1937 Καὶ
930 1883 1130 1954 συνέϐη
1165 1885 1330 1954 μέχρι
1361 1883 1558 1936 πολλοῦ
1590 1888 1713 1947 τοὺς
1745 1885 1839 1937 τοῦ

257 1974 534 2045 Ἀρσάκου
571 1974 875 2042 ἀπογόνους
899 1974 1207 2044 βασιλεύειν
1241 1974 1350 2029 τῶν
1400 1977 1708 2046 εἰρημένων
1750 1977 1834 2028 ‘50-

255 2067 384 2122 νῶν.
435 2068 702 2138 Ἐσχατος
730 2068 789 2120 δὲ
822 2069 920 2137 τῆς
953 2068 1230 2138 βασιλείας
1264 2069 1518 2121 ἐκπεσὼν
1575 2069 1838 2136 Ἀρτάϐα-

257 2177 348 2222 νος
381 2160 481 2229 τῆς
515 2159 871 2230 προγονικῆς.
909 2163 998 2212 καὶ
1033 2161 1062 2212 ὁ
1098 2163 1290 2214 τούτου
1323 2161 1552 2230 ἁδελφὸς
1585 2162 1839 2231 Κλιένηζ.

258 2253 503 2322 φυγάδες
545 2255 626 2315 εἰς
683 2253 744 2304 τὸ
805 2253 1100 2314 Βυζάντιον
1151 2254 1577 2324 παραγίνονται·
1627 2255 1779 2306 Λέων
1815 2257 1844 2306 ό

263 2345 435 2415 μέγας
466 2345 585 2398 τότε
616 2346 713 2415 τὴν
745 2345 851 2398 τῶν
898 2345 1185 2416 Ῥωμαίων
1221 2345 1361 2399 ίθυνε
1405 2346 1706 2417 βασιλείαν.
1741 2340 1842 2399 Οὗ-

253 2453 348 2500 τος
381 2434 475 2490 οὖν
514 2439 642 2500 τοὺς
680 2439 881 2507 ἄνδρας
913 2437 1317 2508 ὑποδεξάμενος
1345 2441 1439 2490 καὶ
1490 2439 1840 2510 ἀξιοπρεπῶς

254 2533 494 2599 τιμήσας
530 2532 746 2599 οἴκησιν
803 2531 896 2600 τὴν
945 2535 1332 2600 προσήκουσαν
1387 2531 1444 2582 ἐν
1490 2534 1555 2599 τῇ
1609 2531 1842 2599 βασιλίδι

261 2622 590 2692 ἀπένειμεν.
621 2622 801 2691 Ὅπερ
850 2620 1040 2691 μαθὼν
1086 2625 1114 2674 ὁ
1153 2622 1261 2674 τῶν
1308 2622 1536 2692 Περσῶν
1591 2622 1844 2691 βασιλεὺς

257 2714 588 2784 γράμμασιν
633 2715 832 2775 αὐτοὺς
871 2714 1249 2783 μετεκαλεῖτο,
1300 2715 1378 2777 είς
1435 2714 1533 2784 τὴν
1580 2714 1844 2786 πατρῴαν

265 2803 694 2876 ὓπισχνούμενος
714 2806 1014 2875 ἠγεμονίαν
1053 2807 1487 2877 ἐγκαταστῆσαι.
1521 2808 1844 2878 Δεξαμένων

260 2897 308 2951 δ’
342 2898 577 2951 ἐκείνων
647 2899 715 2949 τὰ
756 2897 1060 2967 γράμματα
1107 2897 1201 2950 κοιλ⁵
1239 2899 1367 2967 περί
1406 2899 1500 2950 τοῦ
1569 2900 1842 2967 πρακτέου

259 2988 766 3057 διασκοπουμένων,
787 2989 1046 3060 μηνύεται
1065 2989 1152 3041 διά
1178 3005 1319 3052 τινος
1337 2989 1445 3041 τῶν
1466 2989 1846 3060 ὑπηρετουμέο

261 3099 368 3135 νων
397 3081 586 3143 αὐτοῖς
617 3080 797 3134 πάντα
813 3081 892 3150 τῷ
915 3080 1146 3150 βασιλεῖ,
1167 3082 1260 3136 καὶ
1284 3083 1366 3135 ὅτι
1386 3085 1434 3135 οἱ
1463 3081 1730 3152 πλανῆται
1751 3072 1845 3134 οὗ·

257 3191 341 3228 τοι
360 3176 455 3228 καὶ
477 3174 739 3246 ἐπήλυδες
755 3175 864 3227 τῶν
891 3175 1306 3246 ἐπισημοτέρων
1337 3175 1462 3228 εἰσί.
1486 3175 1598 3230 Καὶ
1632 3174 1712 3237 εἴς
1724 3191 1845 3227 τινα

264 3267 529 3338 πολίχνην
561 3267 660 3335 τῆς
685 3267 1026 3331 Μακεδονίας
1061 3267 1239 3336 Νίκην
1268 3268 1681 3337 ὀνομαζομένην
1705 3267 1846 3336 μετὰ

263 3361 540 3426 γυναικῶν
569 3362 666 3412 καὶ
689 3359 896 3413 τέκνων
925 3359 1124 3421 αὐτοὺς
1145 3361 1467 3424 κατοικίζει.
1507 3356 1642 3414 Εἶτα
1679 3361 1845 3414 πάλιν

261 3451 363 3520 τῆς
398 3451 630 3521 Περσῶν
656 3450 935 3522 βασιλείας
963 3449 1067 3504 ὑπὸ
1085 3450 1195 3502 τῶν
1226 3450 1566 3520 Σαρακηνῶν
1599 3453 1842 3520 ἀνατρά-

266 3544 462 3615 πείσης
494 3585 508 3610 ,
532 3545 600 3598 τά
630 3543 989 3616 παραπλήσια
1041 3545 1136 3598 καὶ
1173 3547 1202 3598 ὁ
1224 3543 1521 3614 τηνικαῦτα
1561 3545 1845 3614 ἀμερμου-

269 3639 407 3706 μνῆς
441 3636 901 3706 ὁιεπράξατο,καὶ
935 3636 1225 3706 γράμμασι
1247 3636 1596 3705 μετεκαλείτο
1633 3636 1758 3697 τοὺς
1788 3636 1846 3687 ἐν

263 3723 580 3794 Μακεδονίᾳ
616 3726 724 3778 τῶν
775 3725 1114 3795 Ἀρσακιδῶν
1146 3725 1471 3793 ἀπογόνους.
1495 3723 1846 3794 Φωραῦέντος

263 3815 320 3867 δὲ
351 3817 446 3867 καὶ
478 3815 670 3868 τούτου
700 3815 793 3868 τοῦ
825 3816 1101 3886 δράματος
1141 3817 1450 3888 Ἡρακλείῳ
1479 3817 1557 3887 τῷ
1611 3816 1841 3886 βασιλεῖ,

274 3911 368 3960 καὶ
402 3909 484 3960 ὅτι
511 3909 611 3960 οὐκ
652 3908 836 3976 εὐνοίᾳ
885 3908 1131 3977 τῇιπρδς
1191 3911 1387 3972 αὐτοὺς
1416 3911 1448 3977 ἡ
1511 3909 1843 3978 μετάκλησις

265 3999 500 4066 γίνεται,
534 3998 648 4050 ἀλλ’
681 3998 821 4051 ὥστε
846 3999 912 4051 δι’
937 3999 1118 4052 αὐτῶν
1150 4000 1210 4052 τὸ
1259 4000 1368 4053 τῶν
1408 4001 1720 4069 Ἀρμενίων
1750 4001 1843 4051 καὶ

274 4089 509 4159 Πάρθων
575 4091 730 4156 γένος
792 4091 1033 4159 ὑπήκοον
1075 4089 1350 4158 γενέσθαι,
1409 4092 1486 4153 εἰς
1546 4090 1842 4152 Φιλίππους

263 4182 459 4243 αὖτοὺς
495 4181 619 4250 (μία
649 4181 704 4233 δὲ
729 4180 867 4252 αὕτη
907 4182 1016 4234 τῶν
1046 4181 1435 4235 Μακεδονικῶν
1479 4180 1844 4249 πόλεων)μετο

262 4273 481 4337 οικίξει,
511 4270 628 4325 εἶτα
681 4275 844 4327 πάλιν
896 4274 1107 4326 ἐκεῖθεν
1143 4276 1222 4335 είς
1261 4272 1718 4344 Ἀδριανούπολιν.
1747 4273 1847 4324 Εὑ-

266 4365 422 4417 θέτου
447 4365 503 4417 δὲ
541 4364 636 4417 τοῦ
672 4365 837 4418 τόπον
870 4367 1129 4432 φανέντος
1163 4367 1273 4426 τοῖς
1299 4364 1491 4430 ξένοις,
1534 4366 1613 4425 εἰς
1644 4364 1843 4432 πλῆθος

274 4456 640 4527 κατέστησιν,
677 4455 980 4526 ἁσύγχυτον
1009 4457 1072 4508 τὸ
1101 4456 1257 4524 γένος
1280 4455 1666 4523 φυλάσσοντες.
1701 4454 1845 4524 Χρό-

1813 1859 1922 1912 :B

1945 601 2105 653 tiora.

2022 863 2314 919 Interfecto
2360 864 2648 931 Micliaelo,
2692 867 2930 924 Basilius
2963 869 3254 939 imperium
3285 878 3518 946 occepit.

1945 959 1996 1014 Is
2053 960 2197 1015 unde
2252 967 2472 1029 sumpto
2528 960 2687 1015 initio
2718 977 2935 1032 quaque
2973 979 3107 1020 usus
3141 967 3426 1023 occasione
3455 987 3521 1024 cx

1951 1054 2142 1108 humili
2185 1063 2238 1106 et
2270 1054 2507 1108 obscuro
2537 1055 2658 1108 loco
2711 1054 2776 1108 ad
2821 1056 3037 1110 culmen
3078 1057 3289 1128 imperii
3328 1075 3523 1117 ascen-

1949 1148 2110 1212 derit,
2146 1147 2310 1202 altius
2338 1149 2569 1216 repetita
2597 1163 2656 1202 re
2684 1156 2768 1203 est
2797 1149 3202 1218 explicandum.
3256 1151 3377 1206 Fuit
3407 1152 3479 1208 Ba
3503 1184 3522 1193 -

1951 1243 2107 1297 silius
2133 1241 2306 1311 patria
2344 1241 2510 1311 983
2553 1239 2800 1304 Macedo,
2846 1241 3069 1297 natione
3107 1244 3418 1310 Armenius,
3457 1262 3520 1300 ex

1948 1337 2152 1392 illustri
2198 1336 2592 1390 Arsacidarum
2645 1335 2854 1403 Stin-pe,
2898 1351 2961 1390 ex
3014 1351 3122 1405 qua
3173 1339 3331 1392 unica
3379 1341 3522 1408 leges

1949 1429 2198 1484 sinebant
2271 1427 2624 1491 Parthorum,
2679 1428 2958 1483 Medorum
3027 1429 3525 1502 Armeniorntnque

1953 1540 2107 1592 reges
2139 1523 2320 1591 deligi,
2357 1523 2428 1576 ob
2455 1523 2679 1590 gloriam
2713 1524 2875 1592 primi
2907 1525 3150 1590 Arsacis,
3174 1525 3268 1592 qui
3304 1526 3524 1581 Parthis

1951 1631 2177 1685 regnum
2222 1632 2251 1668 a
2303 1615 2491 1670 Persis
2534 1625 2846 1683 snrreptum
2917 1626 3355 1684 recuperaverat.
3418 1618 3521 1673 Diu

1953 1707 2244 1763 admodum
2279 1707 2445 1775 hujus
2472 1709 2693 1761 Arsacis
2745 1707 3036 1776 progenies
3070 1708 3233 1762 dictis
3268 1710 3520 1779 gentibus

1955 1799 2265 1868 imperavit.
2300 1796 2537 1851 Ultimus
2562 1797 2873 1852 Artabanus
2895 1799 3125 1868 ejusque
3169 1799 3340 1854 frater
3372 1800 3521 1855 Clie-

1951 1907 2070 1952 nes,
2103 1889 2249 1944 avito
2276 1890 2544 1944 exturbati
2575 1906 2760 1957 regno,
2802 1890 3124 1960 Byzantium
3154 1895 3374 1946 exsules
3398 1910 3495 1964 per

1947 1990 2234 2047 venerunt,
2266 1981 2446 2037 Leone
2471 1998 2667 2052 magno
2689 1992 2800 2036 tum
2828 1982 3196 2038 Romanorum
3233 1985 3521 2054 imperium

1947 2085 2189 2144 gerente.
2211 2077 2261 2128 is
2286 2076 2431 2128 viros
2466 2076 2600 2128 istos
2625 2077 2862 2144 excepit,
2899 2076 3308 2146 honoribusque
3342 2078 3522 2146 dignis

1947 2166 2186 2220 alliciens
2248 2166 2641 2220 habitationem
2701 2167 2753 2220 in
2815 2166 2952 2220 urbe
3000 2167 3069 2220 iis
3107 2168 3520 2224 convenientem

1948 2257 2270 2326 assignavit.
2340 2256 2628 2310 Persarum
2687 2272 2780 2310 rex
2820 2258 3038 2326 cognita
3089 2257 3192 2311 hac
3244 2273 3302 2312 re
3337 2260 3522 2314 missis

1947 2349 2140 2404 litteris
2165 2364 2259 2404 eos
2296 2351 2597 2411 revocavit,
2632 2349 3019 2401 restituturum
3053 2363 3113 2401 se.
3146 2347 3197 2400 in
3230 2356 3521 2417 paternum

1949 2458 2174 2509 regnum
2228 2440 2576 2511 promittens.
2633 2439 2769 2492 Dum
2828 2440 2880 2492 hi
2940 2439 3143 2494 litteris
3192 2440 3255 2494 iis
3287 2443 3524 2510 acceptis

1948 2532 2076 2600 quid
2111 2534 2256 2586 iacto
2307 2548 2441 2586 usus
2496 2532 2566 2585 sit
2618 2531 2944 2594 deliberant,
3008 2532 3228 2601 quidam
3276 2531 3520 2601 ipsorum

1951 2627 2189 2680 tantulus
2221 2634 2398 2679 totum
2431 2624 2709 2695 negotium
2746 2626 2994 2693 expoiiit,
3037 2625 3339 2680 ostendens
3363 2641 3522 2680 erro-

1949 2733 2046 2770 nes
2081 2717 2177 2770 hos
2217 2724 2380 2784 atque
2432 2715 2670 2771 advenas
2705 2731 2828 2771 esse
2883 2732 2949 2770 ex
2986 2716 3380 2771 illustrissimis
3409 2717 3522 2772 hn-

1951 2805 2208 2859 tninibus.
2267 2804 2456 2874 Itaque
2490 2805 2601 2860 Leo
2645 2823 2739 2861 eos
2770 2821 2895 2860 cum
2929 2808 3192 2862 uxoribus
3237 2814 3293 2861 et
3331 2809 3523 2864 liberis

1948 2896 2137 2950 Nicam
2199 2897 2479 2967 (oppidum
2538 2906 2621 2952 cst
2673 2900 2776 2952 hoc
2829 2897 3182 2966 Macedonia)
3235 2899 3522 2958 transfert.

1951 2989 2189 3043 llursnm
2213 3001 2397 3060 postea
2413 2988 2700 3045 Persarum
2723 3005 2888 3060 regno
2913 3007 2941 3043 ιι
2967 2993 3287 3048 Sarracenis
3302 3009 3520 3060 everso,

1948 3081 2069 3150 ejus
2103 3081 2366 3151 temporis
2417 3097 2819 3137 amermunmes
2851 3083 3036 3136 itidem
3066 3085 3266 3140 litteris
3313 3086 3525 3141 Arsaci-

1874 3199 1917 3258 C
1953 3172 2052 3228 das
2089 3174 2141 3227 in
2178 3173 2495 3229 Macedonia
2533 3173 2792 3244 degentes
2843 3178 3138 3231 revocavit.
3198 3177 3352 3244 Quod
3397 3193 3522 3233 cum

1949 3265 2235 3320 lieraclius
2275 3278 2389 3320 tum
2420 3266 2718 3335 imperator
2749 3267 3224 3336 deprehendisset,
3257 3270 3525 3342 intelligev

1948 3370 2140 3428 retque
2169 3374 2293 3413 eum
2343 3374 2451 3412 non
2498 3359 2878 3413 benevolentia
2914 3361 3207 3432 impulsum
3255 3361 3404 3431 ipsos
3429 3380 3522 3417 ac-

1947 3465 2182 3513 cersere,
2225 3449 2318 3505 sed
2349 3450 2494 3519 quod
2537 3459 2782 3519 speraret
2831 3467 3020 3505 eorum
3046 3468 3214 3523 opera
3247 3471 3307 3509 se
3339 3456 3526 3512 Arme-

1948 3541 2070 3594 nios
2095 3539 2262 3611 98‘
2279 3554 2439 3609 posse
2472 3551 2522 3594 et
2539 3539 2770 3594 Parthos
2788 3541 2891 3595 sibi
2919 3541 3214 3612 subjicere,
3241 3542 3523 3614 Philippos

1950 3632 2104 3701 (urbs
2128 3639 2181 3684 et
2223 3633 2336 3684 haec
2370 3639 2456 3685 est
2480 3629 2832 3701 MacedOniue)
2856 3648 2950 3688 eos
2973 3645 3330 3702 transportat,
3362 3647 3525 3706 atque

1948 3723 2077 3778 inde
2111 3723 2529 3792 Adrianopolin.
2588 3722 2692 3789 Qui
2731 3724 2889 3780 locus
2929 3742 3054 3780 cum
3088 3728 3225 3796 ipsis
3255 3735 3524 3798 υμνοι-ιη’

1947 3830 2052 3870 nos
2081 3814 2378 3880 videretur,
2418 3827 2691 3870 auxerunt
2727 3816 2799 3871 ibi
2834 3832 2914 3880 se.
2949 3833 3122 3888 genus
3151 3835 3312 3875 suum
3344 3835 3526 3877 secre-

1945 3916 2059 3960 tum
2095 3907 2164 3960 ab
2217 3906 2342 3960 aliis
2391 3916 2696 3962 servantes.
2748 3907 3044 3977 Aliquanto
3091 3921 3213 3980 post
3255 3919 3524 3981 tempore.

1945 3997 2310 4052 Constantino
2361 4014 2486 4052 cum
2533 4008 2707 4053 matre
2757 3999 2909 4052 lrena
2944 4000 3236 4069 imperium
3277 4007 3523 4068 gerente,

1945 4087 2242 4141 Arsacides
2273 4087 2495 4156 quidam
2535 4090 2755 4142 nomine
2777 4088 3004 4144 Maictes
3042 4092 3386 4149 necessitatis
3409 4107 3525 4148 sua:

1949 4194 2113 4233 causa
2162 4178 2355 4248 Cpolin
2409 4181 2578 4241 venit,
2621 4181 2922 4251 inciditque
2972 4184 3027 4236 in
3060 4183 3320 4252 gentiiem
3361 4197 3522 4239 suam

1947 4271 2286 4336 Leonetn,et
2334 4272 2700 4328 arctissimam
2751 4288 2875 4326 cum
2919 4289 2988 4328 eo
3043 4275 3338 4330 amicitiam
3391 4291 3524 4329 con-

1949 4364 2132 4417 traxit.
2185 4361 2444 4428 Quicum
2497 4365 2676 4433 ipsum
2707 4366 3062 4436 Adrianopoli
3110 4367 3328 4436 quidem
3367 4368 3524 4422 habi-

1948 4461 2086 4515 tare,
2116 4467 2287 4522 genus
2319 4460 2498 4506 autem
2525 4454 2592 4508 ab
2615 4454 2897 4511 Arsacidis
2925 4456 3140 4510 trahere
3170 4458 3520 4526 intelligeret.

269 4566 381 4611 νοις
407 4549 463 4600 δὲ
491 4548 740 4617 ὓστερον,
775 4549 938 4617 ἡνίκα
961 4550 1367 4608 Κωνσταντίνος
1404 4546 1503 4598 σὺν
1536 4546 1742 4614 Εἰρήνῃ
1776 4548 1842 4615 τῇ

1880 4541 1921 4593 ι)
1951 4543 2185 4597 alienum
2209 4544 2387 4598 solum
2418 4545 2604 4612 patriai
2629 4545 2699 4599 ob
2723 4546 2821 4598 viri
2849 4548 3225 4615 praestantiam
3257 4551 3518 4618 primum,

277 4639 448 4709 μητρὶ
485 4639 855 4705 ἐϐασίλευσεν,
893 4641 1034 4710 ἁνήρ
1061 4657 1142 4702 τις
1178 4639 1432 4706 Μαῒκτης
1467 4636 1724 4706 τοῦνομα,
1760 4640 1840 4698 εἰς

268 4731 329 4783 τὸ
351 4731 464 4784 τῶν
481 4731 820 4801 ’Δρσακιδῶν
841 4733 1127 4800 ἀναφέρων
1147 4733 1324 4798 γένος,
1343 4731 1485 4783 κατὰ
1509 4746 1631 4782 τινα
1655 4730 1844 4798 χρείαν

271 4821 445 4892 εἰσῄει
476 4825 557 4885 είς
594 4823 693 4893 τὴν
726 4823 1136 4892 βασιλεύουσαν,
1174 4823 1264 4894 [Ρ.
1290 4820 1414 4893 558]
1445 4821 1502 4884 ὃς
1539 4820 1696 4890 ἀνδρὶ
1747 4836 1845 4871 πε·

268 4917 586 4984 ριτυγχάνει
629 4916 867 4984 τυχαίως
916 4916 1170 4984 όμογενεῖ
1214 4915 1402 4967 Λέοντι
1453 4912 1713 4982 τοῠνομα,
1750 4913 1845 4964 καὶ

265 5007 344 5067 είς
375 5005 594 5075 ὁμιλίαν
629 5006 779 5074 αὐτῷ
814 5009 1091 5068 καταστὰς
1120 5004 1373 5074 ὅλοςητῆς
1429 5004 1620 5057 τούτου
1664 5003 1845 5072 φιλίας

267 5095 508 5162 ἐγένετο.
550 5096 636 5159 Ὠς
665 5095 722 5149 δὲ
757 5095 1054 5165 κατενόησε
1087 5096 1179 5147 καὶ
1214 5093 1376 5147 αὑτὸν
1428 5092 1524 5145 τοῦ
1563 5092 1673 5145 τῶν
1710 5093 1840 5159 Ἀρ-

267 5186 504 5247 σακιδῷν
534 5188 767 5258 αἵματος
793 5183 954 5254 εἶναι,
985 5189 1041 5241 ἐν
1085 5185 1523 5258 Ἀδριανουπόλει
1563 5182 1838 5251 οἰκοῦντα,

1951 4650 2222 4703 unamque
2263 4651 2329 4688 ex
2372 4635 2490 4703 ejus
2529 4634 2742 4692 ﬁliabus
2791 4651 3013 4691 uxorem
3066 4638 3243 4693 duxit.
3295 4639 3418 4694 Hoc
3453 4655 3521 4694 ex

1949 4726 2206 4794 conjugio
2237 4738 2398 4778 natus
2418 4737 2498 4780 est
2524 4725 2706 4780 Basilii
2735 4737 2908 4794 pater,
2950 4729 3161 4784 viribus
3188 4740 3241 4784 et
3271 4731 3522 4800 corporis

1951 4817 2137 4871 habitu
2191 4826 2494 4885 praestans;
2556 4819 2643 4872 cui
2699 4819 2902 4873 nobilis
2947 4819 3195 4888 quedam
3249 4831 3516 4885 matrona.

1951 4924 2068 4976 qua:
2114 4923 2142 4959 a
2195 4924 2391 4976 magno
2436 4907 2797 4964 Constantino
2856 4913 3065 4967 natales
3112 4928 3246 4969 suos
3303 4917 3520 4977 trahere

1951 5000 2320 5061 credebatur,
2377 5001 2542 5053 tiliam
2614 5017 2768 5055 suam
2833 5003 2990 5070 longe
3058 5003 3519 5060 formosissimam

1955 5103 2178 5160 nuptum
2230 5089 2476 5144 tradidit.
2533 5089 2630 5144 llis
2678 5092 2996 5160 parentibus
3056 5103 3218 5150 natus
3262 5093 3515 5157 Basilius.

1951 5193 2240 5252 antequam
2272 5193 2611 5246 nasceretur,
2642 5183 2810 5238 multa
2845 5183 3037 5240 habuit
3064 5186 3314 5256 potiundi
3346 5187 3518 5255 impe-

1381 5349 1740 5405 XYLANDRI
1771 5347 1856 5404 ET
1907 5346 2120 5408 GOARI
2171 5344 2398 5400 ΝΟΤᾹΞ.

336 5494 450 5563 (68)
486 5493 658 5560 Quale
713 5494 973 5563 poculum
1021 5493 1094 5546 sit
1124 5491 1573 5562 discopoterium,
1611 5508 1718 5548 non
1754 5508 1844 5549 as-

266 5581 470 5636 sequar
497 5572 677 5636 certo.
698 5563 840 5630 Quid
867 5563 939 5636 sit
967 5563 1174 5627 discus,
1202 5565 1329 5618 alibi
1375 5573 1460 5620 est
1485 5565 1840 5636 explicatum.

269 5636 333 5690 Et
348 5633 718 5705 'polycandela
752 5633 1010 5705 suspicor
1037 5648 1160 5688 esse
1181 5642 1512 5705 corruptam
1541 5650 1603 5690 ex
1630 5634 1847 5705 semila-

269 5703 383 5759 tina
422 5703 632 5766 vocent,
671 5712 729 5756 ut
768 5705 880 5757 sint
921 5703 1309 5773 uoliuxdvorjka.
1349 5703 1677 5759 candelabra
1710 5704 1849 5758 mul-

270 5783 354 5828 tas
415 5773 733 5844 recipientia
796 5771 1075 5844 candelas.
1157 5771 1644 5844 Quaﬂconjectnra
1691 5774 1850 5829 facile

269 5847 443 5915 patiar
464 5843 674 5898 ﬁrmius
691 5843 894 5913 aliquid
929 5846 1242 5901 monstrari.
1271 5843 1672 5900 er..—Discus
1693 5861 1848 5916 repo-

1945 5489 2121 5546 nendo
2153 5490 2282 5560 pani
2338 5485 2726 5560 eucharistico.
2752 5495 2808 5560 et
2845 5486 2990 5560 uti;
3041 5487 3170 5543 vino
3193 5501 3517 5546 consecrato

1948 5555 2281 5628 recipiendo,
2313 5568 2442 5614 sunt
2478 5557 2912 5627 δισκοποτήριον.
2941 5555 3115 5628 (ἔσῃ.

2020 5627 2129 5700 (69)
2150 5630 2229 5684 Ex
2274 5630 2521 5699 pluribus
2572 5629 2891 5700 auctoribus
2939 5627 3513 5700 in‘Euchologioad-

1948 5696 2128 5756 dnctis
2165 5696 2367 5768 repono
2419 5697 2818 5770 πολυκάνδηλα.
2845 5696 3052 5770 Funale
3089 5699 3257 5770 variis
3285 5696 3514 5770 lychnis

1949 5782 2224 5834 ornatum,
2257 5786 2286 5824 e
2313 5768 2553 5840 laqueari
2584 5768 2830 5840 ecclesiae
2861 5768 3104 5840 pendens
3133 5768 3510 5826 aclnniinibus

1951 5858 2068 5898 cum
2097 5854 2260 5896 totam
2285 5838 2588 5897 illuStt'aus.
2626 5838 2793 5895 Goan.
