4226 6442
734 357 872 423 1075

2027 359 2352 423 GEORGII
2388 361 2688 423 CEDREN
2699 364 2724 422 Ι

3855 359 3992 424 1075

729 473 910 539 segnis
967 479 1131 542 atque
1175 473 1597 541 somniculosos,
1653 490 1761 530 non
1800 475 2120 538 excitasset,
2161 477 2307 530 videt
2337 481 2380 535 A

2337 481 2380 535 Α
2409 476 2487 546 τῷ
2500 478 2598 546 τῆς
2630 478 2796 546 μονῆς
2815 476 3099 545 ἡγουμένῳ
3123 477 3148 528 ὁ
3170 475 3377 545 μάρτυς
3397 474 3682 542 ἐφίσταται
3699 474 3933 543 Διομήδη
3942 491 3990 536 ς,

729 569 794 617 ad
856 581 915 619 se
967 565 1188 618 tertium
1251 567 1436 621 venire
1495 574 1811 638 martyrem,
1874 583 1983 622 non
2039 579 2098 622 ut
2151 569 2305 636 prius

730 658 940 726 placide
965 659 1068 713 ista
1097 659 1404 729 jubentem,
1433 661 1526 716 sed
1559 663 1796 731 graviter
1831 663 2006 718 minas
2039 665 2306 718 adhiben-

730 764 858 817 tem,
896 767 961 808 ac
983 754 1090 808 nisi
1118 753 1370 807 mandata
1401 764 1710 825 perageret,
1735 756 1901 825 ﬂagra
1921 757 2301 811 intentantem.

729 845 806 898 lia
841 845 1060 900 demum
1085 847 1389 902 monachus
1405 865 1500 918 per
1525 860 1724 902 metum
1755 865 1951 919 sopore
1982 849 2306 920 ignaviaque

729 937 978 990 excussis
1014 945 1186 1005 porta:
1213 937 1468 1009 assistit,_
1491 937 1890 1009 Basiliumque,
1928 948 1987 992 ut
2013 948 2131 993 erat
2164 939 2307 992 divi-

730 1026 879 1082 nitus
935 1027 1145 1096 jussus,
1211 1035 1388 1081 vocat.
1449 1007 1551 1094 Qui
1587 1007 2136 1100 statimirespondit,
2175 1049 2192 1081 ‹
2228 1029 2303 1084 En

730 1117 967 1184 adsum,
1035 1117 1266 1174 Domine
1319 1137 1333 1174 :
1402 1121 1533 1188 quid
1595 1123 1822 1175 mandas
1883 1136 2044 1176 servo
2103 1122 2242 1176 tuo?
2282 1140 2299 1172 ι

730 1205 1034 1265 Monachus
1077 1226 1202 1264 eum
1239 1213 1290 1264 in
1328 1211 1721 1266 monasterium
1751 1211 2070 1277 introducit,
2110 1213 2305 1266 Imma-

732 1298 960 1356 nissime
983 1309 1198 1367 tractat,
1229 1304 1375 1356 omni
1410 1319 1538 1356 cura
1568 1303 1762 1358 reiicit.
1790 1303 2091 1373 Stipulatus
2112 1304 2307 1359 deinde

730 1408 992 1454 arcanum
1044 1409 1169 1448 eum
1224 1395 1326 1448 sibi
1394 1395 1670 1449 occultum
1720 1404 2065 1450 servaturum
2131 1411 2308 1465 neque

726 1485 1157 1556 evulgaturum,
1215 1488 1476 1555 martyris
1543 1488 1860 1542 vaticinium
1928 1489 2195 1557 exponit,
2251 1496 2306 1542 et

728 1576 1034 1633 obtestatur
1093 1588 1154 1631 ut
1188 1580 1338 1633 exitu
1395 1580 1501 1632 hoc
1551 1581 1941 1648 comprobante
2000 1580 2083 1634 sui
2142 1590 2307 1647 atque

732 1671 1046 1724 monasterii
1103 1671 1232 1725 velit
1285 1671 1622 1726 meminisse.
1677 1671 1810 1726 Cum
1844 1672 2080 1727 Basilius
2111 1673 2224 1727 haec
2249 1681 2309 1726 ut

731 1777 791 1816 se
843 1761 1004 1833 longe
1057 1763 1341 1832 superiora
1400 1774 1767 1828 aversaretur,
1823 1765 1983 1834 idque
2034 1765 2218 1834 potius
2275 1781 2305 1818 a

729 1853 990 1907 monacho
1031 1853 1334 1923 postularet
1373 1863 1434 1907 ut
1461 1855 1698 1924 aliquem
1737 1854 2035 1908 illustrium
2063 1855 2307 1907 virorum

729 1943 1010 1997 dominum
1054 1945 1155 1999 sibi
1191 1945 1533 2010 conciliaret,
1583 1945 1917 2014 perlibenter
1958 1944 2099 2000 hanc
2138 1945 2184 2000 ei
2219 1946 2309 2000 ille

731 2035 947 2088 navavit
990 2050 1210 2105 operam
1239 2078 1254 2100 ,
1309 2045 1364 2091 et
1413 2036 1676 2091 Basilium
1731 2035 2036 2106 TheOphilo
2093 2038 2232 2107 (erat
2261 2036 2308 2092 is

732 2126 981 2182 Mieliaeli
1007 2128 1354 2196 imperatoris
1373 2138 1426 2183 et
1445 2129 1630 2184 Bardae
1649 2128 1881 2184 Cesaris
1922 2138 2308 2198 rognatus,at-

728 2234 836 2284 que
868 2219 941 2274 ob
968 2227 1190 2274 statura:
1219 2220 1579 2275 humilitatem
1609 2219 2014 2291 Tthphilitzes
2036 2222 2307 2277 diminuto

728 2312 997 2366 vocabulo
1026 2313 1450 2382 appellabatur),
1482 2313 1574 2382 qui
1599 2312 1707 2369 isto
1757 2314 2092 2368 monasterio
2145 2313 2308 2366 fami-

731 2405 945 2460 liai-iter
974 2407 1249 2468 utebatur,
1288 2406 1714 2461 commendavit.
1763 2405 1985 2460 Solebat
2020 2405 2108 2460 hic
2139 2404 2312 2461 Theo-

728 2495 983 2566 philitzes
1004 2511 1222 2566 semper
1243 2496 1740 2567 generososJ'orma
1761 2497 1996 2567 eleganti
2013 2509 2066 2552 et
2091 2496 2308 2550 fortitu-

730 2587 859 2641 dine
889 2595 1209 2656 pra-stantes
1242 2589 1344 2644 sibi
1371 2604 1616 2658 quaerere
1633 2589 1799 2659 990
1826 2589 2080 2655 famulos,
2105 2604 2308 2658 eosque

729 2680 920 2736 sericis
956 2681 1203 2736 vestibus
1243 2681 1683 2751 alioquehahitu
1724 2696 2014 2736 exornare.
2077 2680 2173 2736 llis
2220 2683 2304 2735 in-

729 2779 937 2828 sertum
975 2772 1261 2838 Basiliam,
1302 2789 1426 2830 cum
1475 2773 1687 2828 videret
1741 2774 1908 2826 animi
1953 2774 2309 2843 corporisque

730 2862 1054 2921 fortitudine
1107 2865 1337 2936 reliquis
1383 2860 1680 2920 admodum
1720 2866 2066 2932 anteeellere,
2121 2876 2308 2935 proto-

728 2961 1018 3011 stratorem
1049 2972 1172 3012 eum
1217 2965 1388 3014 creat.
1431 2957 1496 3011 Et
1529 2956 1766 3012 Basilius
1801 2971 2018 3026 semper
2048 2956 2114 3010 ad
2145 2972 2308 3026 supe-

729 3051 876 3103 rfora
909 3050 1140 3105 tendens
1169 3051 1222 3104 in
1255 3050 1372 3105 dies
1400 3048 1484 3104 sui
1527 3062 1769 3102 amorem
1801 3047 1854 3102 in
1890 3048 2072 3101 animo
2101 3047 2306 3101 domini

2417 570 2655 622 κελεύων
2678 568 2916 634 ἐξελθεῖν
2947 570 3026 633 εἰς
3051 567 3143 622 τὸν
3170 569 3267 637 τῆς
3295 565 3465 636 μονῆς
3497 566 3719 618 πυλῶνα
3744 568 3837 619 καὶ
3871 568 3992 619 ὀνο-

2420 663 2586 730 μαστὶ
2622 662 2848 716 καλέσαι
2889 660 3192 724 Βασίλειον,
3226 659 3320 712 καὶ
3348 659 3439 711 τὸν
3465 658 3854 712 ὑπακούσαντα
3881 659 3995 710 είσ-

2415 757 2645 823 αγαγεῖν
2669 755 2748 818 είς
2760 756 2817 808 τὸ
2839 751 3217 823 μοναστήριον
3233 752 3328 805 καὶ
3359 751 3677 819 ἐπιμελείας
3700 750 3933 816 ἀξιῶσαι
3964 765 3978 779 ·

2416 847 2779 916 κεχρισμένον
2809 847 2916 913 γὰρ
2947 840 3084 905 εἶναι
3117 844 3309 897 τοῦτον
3369 843 3593 913 βασιλέα
3634 841 3787 913 παρὰ
3834 841 3993 900 Θεοῦ.

2416 937 2510 990 καὶ
2539 936 2701 988 αὑτὸν
2744 935 2964 1005 μέλλειν
2999 936 3080 996 είς
3106 933 3461 1004 ἀνοικοδομὴν
3497 932 3592 986 καὶ
3627 931 3857 1001 αὔξησιν
3897 931 3998 998 τῆς

2415 1029 2699 1100 παρούσης
2734 1028 2988 1093 γενέσθαι
3011 1028 3202 1096 μονῆς.
3234 1025 3294 1079 '0
3324 1027 3380 1078 δὲ
3412 1022 3824 1095 καθηγούμενος
3856 1025 3995 1093 φάν-

2413 1138 2600 1190 τασμα
2653 1118 2714 1172 τὸ
2765 1118 2958 1171 θεαθὲν
3017 1116 3157 1170 εἶναι
3197 1117 3659 1186 ὑπολογισάμενος
3710 1120 3766 1170 ἐν
3819 1115 3997 1168 οὐδενὶ

2413 1211 2558 1282 λόγῳ
2587 1212 2654 1264 τὰ
2689 1209 2992 1280 λαληθέντα
3016 1209 3326 1278 ἐποιήσατο,
3355 1210 3490 1264 ἀλλὰ
3516 1207 3676 1261 πάλιν
3704 1208 3899 1260 ἑαυτὸν
3921 1207 3997 1276 τῷ

2415 1301 2569 1373 ὑπνῳ
2594 1302 2937 1355 ἐπεδεδώκει.
2995 1302 3077 1355 Τὰ
3109 1302 3270 1370 ὃμοια
3319 1300 3378 1352 δὲ
3412 1300 3574 1352 πάλιν
3619 1301 3684 1353 ὲκ
3736 1298 3995 1367 δευτέρου

2419 1394 2777 1462 θεασάμενος,
2838 1392 2960 1445 ἐπεὶ
3015 1393 3089 1460 μὴ
3140 1393 3396 1461 ἀνέφερε,
3444 1390 3620 1460 νωθής
3658 1407 3741 1452 τις
3781 1389 3856 1442 ὢν
3904 1390 3997 1443 καί

2417 1484 2686 1554 ὑπνώδης,
2723 1486 2785 1536 ἐκ
2815 1484 2997 1554 τρίτου
3042 1482 3228 1552 βλέπει
3254 1485 3344 1536 τῖν
3374 1482 3628 1552 μάρτυρα
3651 1481 3831 1534 οὐκέθ’
3863 1481 3998 1549 ἡσύ-

2413 1594 2524 1646 χως
2558 1577 2654 1630 καὶ
2711 1577 2899 1645 πράως
2953 1575 3506 1644 παρακελευόμενον,
3556 1575 3692 1628 ἀλλὰ
3722 1576 3816 1628 καὶ
3870 1575 3992 1627 λίαν

2417 1667 2665 1738 σφοδρῶς
2688 1667 3020 1721 ἀπειλοῦντα
3052 1668 3145 1719 καὶ
3179 1669 3450 1736 μάστιγας
3485 1666 3563 1735 τῷ
3582 1666 3758 1720 δοκεῖν
3797 1666 3994 1732 ἐπιφέ-

2418 1776 2600 1828 ροντα.
2639 1760 2686 1810 εί
2741 1759 2816 1828 μὴ
2872 1757 3069 1811 θᾶττον
3116 1757 3452 1827 ὑπηρετήσει
3500 1759 3611 1819 τοῖς
3660 1756 3996 1825 λεγομένοις.

2342 1839 2384 1896 Β
2415 1852 2549 1905 Τότε
2575 1850 2620 1904 δ’
2643 1844 2736 1904 οὖν
2761 1850 3001 1919 ἔμφοϐος
3029 1849 3360 1912 διυπνισθεὶς
3387 1851 3480 1902 καὶ
3522 1849 3613 1902 τὸν
3642 1849 3798 1902 ὄκνον
3851 1852 4000 1902 ἐκτι-

2415 1941 2719 2011 ναξάμενος
2750 1941 2828 2012 τῷ
2863 1941 3072 1993 πυλῶνι
3103 1942 3412 2008 ἐφίσταται,
3447 1940 3543 1994 καὶ
3582 1941 3724 1993 κατὰ
3758 1940 3818 1993 τὸ
3853 1940 3999 1992 θεῖον

2417 2033 2746 2104 πρόσταγμα
2773 2033 2976 2086 ἐκάλει·
3003 2033 3274 2089 Βασίλειε.
3295 2034 3404 2086 Καὶ
3432 2032 3486 2096 ὃς
3511 2031 3694 2096 ese-3:
3715 2032 3843 2086 Ἰδοὺ
3861 2031 3996 2100 ἐγὼ,

2414 2126 2596 2196 κύριεο
2635 2125 2689 2178 τί
2711 2125 3080 2195 προστάσσεις
3101 2126 3179 2196 τῷ
3209 2125 3382 2194 δούλῳ
3410 2143 3504 2178 σου
3527 2140 3542 2187 ;
3581 2124 3729 2176 Είσω
3748 2123 3802 2176 δὲ
3825 2122 3997 2178 αὑτὸν

2412 2219 2512 2288 τῆς
2547 2219 2719 2288 μονῆς
2744 2219 3058 2288 εἰσαγαγὼν
3080 2217 3307 2288 δεούσης
3333 2235 3393 2272 τε
3421 2218 3718 2288 θεραπείας
3748 2217 3842 2270 καὶ
3875 2218 4000 2269 ἐπιο

2415 2312 2636 2381 μελείας
2665 2312 2868 2382 ἠξίωσε
2907 2314 3004 2367 καὶ
3037 2313 3218 2382 πάσης
3250 2312 3524 2383 μετέδωκε
3572 2312 3998 2382 φιλοφροσύνης.

2413 2399 2510 2457 Eis
2527 2405 2540 2425 ’
2569 2403 2859 2473 ἐχεμυθεῖν
2885 2403 3330 2474 ἀσφαλισάμενος
3350 2405 3443 2457 καὶ
3475 2403 3548 2473 μὴ
3572 2402 3840 2455 ἔκπυστον
3865 2401 4000 2469 πρὸς

2413 2514 2535 2550 τινα
2569 2497 2787 2562 θέσθαι,
2825 2497 2960 2550 ἀλλὰ
2996 2497 3126 2568 παρ’
3166 2497 3342 2565 ἐαυτῷ
3373 2498 3664 2565 φυλάττειν
3689 2497 3747 2548 τὸ
3784 2497 4000 2564 μυστῆ-

2417 2608 2530 2660 ριον
2561 2593 2976 2661 παρεγγυήσας,
3018 2593 3117 2660 τὴν
3147 2590 3242 2644 τοῦ
3275 2590 3551 2661 μάρτυρος
3590 2590 3740 2660 αὑτῷ
3797 2590 3998 2654 ἐφανέ-

2412 2697 2554 2749 ρωσε
2601 2680 2928 2751 πρόρρησιν,
2959 2681 3053 2734 καὶ
3082 2680 3222 2751 μετὰ
3255 2682 3354 2752 τὴν
3388 2679 3615 2733 ἔκϐασιν
3643 2680 3751 2733 τῶν
3817 2697 4004 2749 πραγ-

2413 2772 2597 2840 μάτων
2620 2770 2815 2824 ὲαυτοῦ
2841 2789 2898 2825 τε
2924 2771 3018 2825 καὶ
3043 2772 3142 2841 τῆς
3167 2776 3334 2841 μονῆς
3367 2770 3675 2841 μεμνῆσθαι
3705 2770 3999 2824 ἐδυσώπει.

2411 2863 2498 2934 [Ρ.
2533 2862 2657 2934 561]
2693 2863 2800 2916 Τοῦ
2825 2865 2879 2916 δὲ
2908 2864 2985 2927 ὡς
3016 2863 3154 2936 ὑπὲρ
3186 2865 3376 2917 ἑαυτὸν
3398 2864 3458 2917 τὸ
3485 2865 3715 2933 πρᾶγμα
3744 2864 4000 2916 ἀποσειο-

2412 2957 2594 3024 μένου,
2626 2957 2720 3009 καὶ
2749 2956 2953 3026 μᾶλλον
2974 2957 3252 3020 ἀξιοῦντος
3281 2957 3372 3009 τὸν
3425 2957 3730 3027 ἡγούμενον
3774 2958 4003 3009 εἰσοικι-

2409 3047 2468 3099 σο
2480 3048 2598 3114 ᾗναί
2628 3066 2729 3101 τινι
2753 3049 3296 3118 τῶνέμφανεστέρων
3321 3051 3396 3111 είς
3413 3048 3681 3110 δουλείαν,
3708 3048 4000 3112 ἀσπασίως

729 3142 903 3208 auxit,
937 3143 1134 3214 suique
1163 3142 1583 3197 admirationem
1611 3139 1910 3196 virtutibus
1947 3141 2063 3195 suis
2101 3139 2308 3193 ἐκσω-
2336 3171 2376 3224 C

2336 3171 2376 3224 Ο
2411 3137 2599 3188 ἑαυτὸν
2638 3137 2718 3198 εἰς
2747 3137 2938 3190 τοῦτον
2971 3137 3273 3189 ἐκδέδωκεν
3322 3138 3350 3190 ὁ
3384 3138 3707 3207 ἡγούμενος,
3741 3138 3838 3188 καὶ
3874 3138 4000 3187 ἐπεὶ

729 3233 852 3285 vit:
896 3249 1020 3286 nam
1075 3242 1128 3286 et
1176 3247 1340 3286 manu
1395 3241 1513 3286 erat
1569 3239 1856 3300 promptus
1916 3239 1970 3285 et
2026 3230 2306 3285 animosus

729 3332 896 3394 atque
953 3328 1019 3379 ad
1077 3323 1287 3394 qumvis
1335 3322 1594 3377 mandata
1647 3320 1998 3391 exsequenda
2051 3320 2196 3374 celer
2245 3334 2308 3372 ac

728 3416 982 3472 idoneus.

2417 3231 2662 3299 συνήθως
2691 3226 2803 3298 εἶχε
2834 3230 2970 3300 πρὸς
3002 3230 3101 3299 τὴν
3127 3231 3384 3298 τοιαύτην
3423 3230 3590 3298 μονὴν
3613 3231 3642 3282 ὁ
3691 3228 3783 3280 τοῦ
3837 3228 3998 3295 βασι-

2415 3321 2549 3382 λέως
2581 3323 2797 3392 Μιχαὴλ
2828 3324 2922 3375 καὶ
2950 3322 3043 3376 τοῦ
3069 3322 3249 3394 Βάρδα
3283 3320 3378 3374 τοῦ
3411 3322 3690 3392 Καίσαρος
3721 3321 3999 3390 συγγενὴς

2420 3413 2698 3482 Θενίςιλος,
2731 3414 2791 3466 ὃν
2826 3414 3277 3486 ὑποκοριζόμενοι
3305 3415 3393 3468 διὰ
3425 3417 3483 3467 τὸ
3520 3418 3718 3484 μικρὸν
3741 3421 3841 3482 τῆς
3871 3415 3994 3484 ἠλι-

727 3507 849 3572 κίας
877 3509 1234 3580 Θεοφιλίτζην
1267 3511 1514 3573 ἐκάλουν,
1546 3511 1720 3582 τούτῳ
1756 3506 2048 3576 συνέστησε
2075 3506 2166 3558 τὸν
2205 3504 2484 3557 Βασίλειον
2515 3509 2599 3558 ἀεὶ
2628 3508 2865 3578 σπουδὴν
2895 3509 3073 3577 ἔχοντι
3113 3507 3394 3576 γενναίους
3450 3510 3544 3562 καὶ
3609 3509 3832 3572 εὐειδεῖς
3901 3503 4001 3560 κατι

726 3602 814 3655 ἐπ’
837 3603 1030 3674 ἀνδρία
1056 3594 1377 3671 διαϐοήτους
1406 3603 1701 3674 κεκτῆσθαι
1728 3601 1860 3671 περὶ
1887 3599 2052 3654 αὑτὸν
2084 3599 2364 3666 ὑπηρέτας
2387 3613 2402 3629 ⁵
2437 3598 2712 3662 τοιούτους
2775 3600 2884 3670 γὰρ
2954 3601 3398 3670 προσλαμϐάνων
3477 3603 3739 3673 Σηρικαῖς
3778 3619 3839 3654 τε
3903 3603 3999 3654 εὑ-

728 3696 828 3760 θὺς
919 3696 1150 3766 ἐκόσμει
1215 3695 1408 3766 ἐσθῆσι
1460 3697 1556 3748 καὶ
1607 3698 1675 3766 τῇ
1743 3693 1876 3764 ἄλλῃ
1951 3689 2257 3757 καταστολῇ
2305 3689 2622 3758 διαπρεπῶς
2706 3690 3145 3760 κατελάμπρυνε.
3228 3692 3451 3754 Τούτοις
3558 3693 4002 3761 ἐγκαταλεγέντα

726 3789 818 3842 τὸν
877 3787 1157 3842 Βασίλειον
1239 3790 1332 3842 καὶ
1395 3788 1534 3842 κατὰ
1609 3788 1743 3842 πολὺ
1828 3784 2090 3856 προῦχειν
2163 3781 2273 3834 τῶν
2314 3780 2490 3833 ἄλλων
2516 3779 2778 3834 δοκοῦντα
2803 3783 2947 3834 κατὰ
2981 3783 3080 3852 τὴν
3112 3785 3432 3853 σωματικὴν
3477 3785 3670 3856 ῥώμην
3737 3787 3832 3839 καὶ
3893 3786 4001 3854 ou-

727 3883 888 3954 χικὴν
926 3885 1149 3954 ἀνδρίαν
1179 3886 1665 3956 πρωτοστράτωρα
1690 3883 1878 3937 τοῦτον
1952 3879 2347 3952 προϐάλλεται.
2410 3878 2524 3930 ’Λεί
2590 3878 2647 3930 δὲ
2716 3881 2829 3941 τοῖς
2890 3879 3201 3949 ἔμπροσθεν
3264 3881 3710 3950 ἐπεκτεινόμενος
3781 3886 4001 3955 ἡμέραν

727 3977 788 4043 ἐξ
841 3980 1055 4051 ἡμέρας
1114 3981 1209 4034 ἐπὶ
1269 3981 1430 4034 πλέον
1489 3981 1744 4050 ἠγαπᾶτο
1805 3981 1957 4047 παρὰ
2003 3978 2099 4032 τοῦ
2164 3975 2448 4045 Θεοφίλου,
2507 3977 2602 4030 καὶ
2677 3978 2772 4029 ἐπὶ
2850 3978 2964 4039 τοῖς
3040 3976 3263 4039 οἰκείοις
3349 3981 3768 4050 προτερήμασιν
3837 3983 4003 4035 ἐθαυ-

731 4072 966 4141 μάζετοο
1003 4069 1072 4144 ἦν
1124 4073 1231 4144 γάρ
1263 4075 1405 4128 κατά
1438 4091 1496 4128 τε
1526 4077 1683 4144 χεῖρα
1733 4075 1982 4142 γενναῖος
2015 4072 2112 4127 καὶ
2163 4071 2304 4125 κατὰ
2340 4070 2522 4140 ψυχὴν
2553 4069 2857 4141 θαρραλέος
2920 4071 3014 4123 καὶ
3045 4071 3180 4139 πρὸς
3202 4073 3310 4124 πᾶν
3342 4071 3404 4124 τὸ
3431 4071 3787 4142 κελευὸμενον
3869 4075 4001 4141 ὀξύς

728 4183 787 4220 τε
818 4167 911 4220 καὶ
936 4167 1260 4239 ἐπιτήδειος.
1306 4224 1307 4227 η

803 4263 1022 4319 Interim
1063 4271 1238 4318 mater
1279 4263 1420 4334 ejus,
1457 4264 1733 4333 quomodo
1766 4266 1869 4318 iter
1919 4263 2034 4318 ﬁlio
2088 4277 2310 4318 succes-

731 4355 899 4410 sisset
925 4363 978 4409 et
1007 4370 1169 4426 quem
1209 4354 1454 4409 laborum
1489 4355 1651 4410 linem
1705 4357 1935 4409 sortitus
1966 4364 2134 4420 esset,
2168 4353 2310 4408 seire

730 4445 1073 4512 desiderans,
1113 4446 1241 4500 dum
1272 4447 1439 4500 animi
1462 4448 1706 4517 angitur,
1781 4447 2054 4501 insomnis
2115 4443 2310 4511 imagi-

731 4551 896 4593 natur
924 4539 1106 4594 videre
1128 4555 1188 4595 se
1227 4540 1283 4594 in
1305 4541 1428 4594 aula
1454 4556 1552 4595 sua
1604 4556 1853 4609 magnam
1914 4541 2152 4610 plantam
2208 4552 2308 4591 cu-

731 4643 924 4698 presso
995 4631 1322 4691 assimilem.
1380 4647 1549 4686 aureo
1607 4640 1825 4696 trunco,
1885 4630 2056 4684 ramis
2109 4629 2309 4695 aureis,

732 4730 904 4776 totam
927 4723 1168 4792 denique
1194 4737 1329 4777 auro
1361 4725 1646 4789 nitentem,
1674 4734 1730 4778 et
1765 4739 1931 4794 super
1989 4723 2090 4776 hac
2146 4738 2306 4777 suum

733 4813 998 4868 Basiliam
1037 4816 1353 4870 considere.
1386 4815 1460 4870 Ut
1484 4817 1781 4886 evigilavit,
1836 4817 2167 4870 insomnium
2202 4815 2308 4869 hoc

735 4902 952 4957 mulieri
985 4903 1202 4957 cuidam
1239 4904 1509 4973 religiosae
1544 4905 1819 4974 proponit.
1859 4904 1932 4958 Ea
1958 4906 2102 4960 bono
2133 4905 2305 4974 ipsam

735 4994 921 5047 animo
951 4993 1109 5064 jubet
1137 5009 1263 5050 esse
1295 4995 1388 5049 lilii
1433 5011 1624 5061 causa,
1655 4995 2073 5066 conjiciensquc
2102 4997 2308 5051 insom-

736 5086 811 5138 nii
840 5086 971 5149 vim,
1007 5101 1131 5141 eum
1157 5087 1528 5142 Romanorum
1594 5089 1977 5158 imperatorem
2039 5087 2155 5143 fore
2181 5103 2307 5157 pro-

738 5177 974 5232 nuntiat.
1015 5179 1095 5232 Ex
1125 5187 1378 5234 eomater
1406 5179 1612 5246 Basilii,
1645 5181 1748 5235 hoc
1772 5181 1970 5235 futurae
2005 5181 2097 5234 lilii
2131 5179 2306 5234 felici-

740 5270 870 5324 tatis
910 5278 1230 5340 argumento
1256 5272 1532 5341 prioribus
1572 5273 1778 5339 addito,
1835 5273 2071 5328 sollicita
2092 5287 2192 5342 pro
2241 5287 2306 5327 eo

738 5374 862 5413 esse
890 5357 1056 5415 desiit
1084 5361 1366 5431 animique
1407 5362 1530 5416 laeta
1561 5363 1798 5432 optimas
1829 5379 1957 5433 spes
1980 5363 2138 5418 aluit.

816 5627 973 5683 Forte
1005 5643 1102 5699 per
1130 5632 1180 5684 id
1231 5642 1448 5700 tempus
1479 5631 1665 5686 Basilii
1691 5632 1946 5687 dominus
1965 5629 2305 5701 Theophilus

745 5716 796 5770 in
831 5717 1254 5789 Peloponnesum
1291 5721 1448 5793 991
1475 5721 1787 5792 reipublicae
1852 5737 2017 5778 causa
2046 5723 2301 5786 mittitur,

745 5821 851 5861 una
877 5809 1036 5865 etiam
1065 5810 1266 5867 Basilio
1297 5813 1675 5882 prolicisceute
1715 5828 1777 5868 ac
1834 5829 1930 5868 sua
1992 5815 2300 5870 ministeria

2488 4251 2597 4306 Καὶ
2619 4251 2647 4303 ὁ
2695 4250 2795 4315 μὲν
2825 4248 3106 4311 Βασίλειος
3137 4243 3204 4320 ἦν
3234 4251 3292 4303 ἐν
3322 4249 3554 4314 τούτοις,
3607 4251 3638 4318 ἠ
3697 4251 3751 4303 δὲ
3811 4253 4001 4323 μήτηρ

2416 4345 2585 4399 αὑτοῦ
2609 4342 2858 4413 ἐγλίχετο
2890 4342 3083 4411 μαθεῖν
3113 4341 3228 4404 πῶς
3259 4342 3408 4412 αὑτῷ
3453 4343 3523 4394 τὰ
3558 4343 3700 4396 κατὰ
3741 4345 3842 4411 τὴν
3878 4346 4002 4397 ὁδὸν

2414 4439 2540 4507 ἔσχε
2574 4438 2670 4490 καὶ
2704 4435 2833 4488 ποία
2865 4451 2950 4498 τις
2978 4434 3139 4486 αὑτὸν
3183 4434 3358 4486 παῦλα
3401 4434 3510 4487 τῶν
3542 4436 3719 4488 πὲνων
3753 4437 4000 4500 ἐδέξατο.

2416 4527 2776 4598 Δυσθυμοῦσα
2795 4525 2854 4578 δὲ
2889 4525 2983 4579 καὶ
3010 4524 3353 4594 ἁσχάλλουσα
3377 4529 3478 4597 ὁρᾷ
3511 4527 3630 4579 καθ’
3663 4527 3866 4590 ὑπνους
3896 4532 4000 4598 μέ-

2345 4668 2389 4724 D
2418 4639 2493 4689 γα
2528 4620 2694 4688 φυτὸν
2725 4617 3054 4687 κυπαρίσσῳ
3108 4618 3453 4687 προσεοικὸς,
3498 4618 3643 4671 ἔνδον
3669 4619 3772 4686 τῆς
3824 4622 4002 4688 αὑλῆς

2419 4712 2587 4780 αὑτῆς
2633 4708 2887 4775 ἑστηκὸς,
2941 4710 3164 4776 χρυσοῖς
3213 4709 3594 4775 πυκαζόμενον
3627 4709 3848 4778 φύλλοις
3903 4713 4002 4764 καὶ

2417 4801 2654 4872 χρυσοῦς
2677 4800 2806 4862 τοὺς
2845 4798 3072 4861 κλάδους
3097 4800 3191 4851 καὶ
3221 4799 3281 4851 τὸ
3311 4800 3558 4869 στέλεχος
3596 4800 3738 4870 ἔχον,
3772 4797 3834 4854 οὗ
3894 4805 3995 4871 ἐφ’

2417 4893 2653 4963 ύπερθεν
2676 4894 2704 4944 ὁ
2736 4891 2940 4959 ταύτης
2976 4891 3087 4947 υίὸς
3115 4890 3394 4952 Βασίλειος
3423 4892 3734 4955 ἐκαθέζετο.
3776 4896 4003 4946 Διυπνι-

2418 4985 2604 5038 σθεῖσα
2633 4984 2690 5036 δὲ
2711 4983 2977 5050 διηγεῖται
3005 4983 3064 5033 τὸ
3100 4983 3282 5052 ὃραμά
3310 5000 3415 5034 τινι
3463 4984 3570 5035 τῶν
3599 4985 3846 5038 εὑλαὸὡν
3897 5004 4002 5053 γυ-

2415 5075 2618 5130 vum-0"
2649 5093 2664 5106 ⁸
2694 5076 2727 5142 ἡ
2759 5074 2816 5126 δὲ
2866 5072 3126 5139 εὐθυμεῖν
3159 5089 3216 5124 τε
3268 5074 3573 5143 ἐπέτρεπεν
3620 5076 3713 5128 ἐπὶ
3742 5077 3821 5144 τῷ
3870 5079 3998 5146 υἱεῖ»,

2417 5167 2512 5219 καὶ
2551 5167 2612 5218 τδ
2638 5164 2834 5235 ὁραθὲν
2885 5163 3246 5233 ἐπικρίνουσα
3298 5163 3520 5233 βασιλέα
3564 5167 3850 5236 Ῥωμαίων
3902 5187 3998 5236 γε-

2416 5260 2604 5314 νέσθαι
2632 5259 2724 5310 τὸν
2747 5258 2864 5311 υἱον
2887 5258 3056 5328 αὐτῆς
3073 5260 3425 5328 ἀπεφαίνετο.
3450 5261 3576 5326 Τοῖς
3599 5261 3886 5330 προτέροις
3901 5259 3999 5316 οὖν

2415 5350 2510 5403 καὶ
2564 5348 2724 5402 τοῦτο
2771 5350 3161 5420 προσλαῦοῦσα
3187 5352 3376 5405 λοιπὸν
3412 5355 3457 5422 ἡ,
3479 5354 3664 5422 μήτηρ
3714 5354 3999 5406 οὐκέ⁹ιι⁹τδ

2415 5445 2522 5498 ἀπὸ
2555 5439 2708 5496 τοῦδε
2765 5444 2893 5514 περὶ
2941 5443 3108 5497 αὑτοῦ
3156 5445 3461 5515 ἐδυσφόρει,
3499 5445 3614 5498 ἀλλ’
3658 5446 3846 5516 ἔχαιρε
3903 5449 4000 5499 καὶ

2414 5535 2660 5606 χρηστάς
2687 5533 2782 5587 ἐπὶ
2807 5534 2883 5604 τῷ
2915 5535 3020 5606 υίῷ
3066 5536 3264 5607 ἔτρεφε
3293 5537 3393 5600 τὰς
3426 5539 3668 5601 ἐλπίδας.

2485 5626 2690 5696 Συνέϐη
2726 5629 2783 5680 δὲ
2831 5630 2951 5682 κατ’
2995 5631 3414 5700 ἐκεῖνσκαιροῦ
3467 5631 3724 5700 Θεόφιλον
3753 5634 3845 5686 τδν
3902 5636 4000 5689 τοῦ

2413 5719 2694 5773 Βασιλείου
2718 5719 2910 5789 κύριον
2948 5719 3224 5789 δημοσίων
3255 5723 3416 5792 χάριν
3459 5726 3801 5792 πραγμάτων
3855 5727 3999 5776 απο-

2413 5812 2670 5881 σταλῆναι
2694 5813 2770 5873 εἰς
2806 5811 3232 5883 Πελοπόννησον.
3259 5816 3455 5868 Εἵπετο
3488 5815 3659 5886 τούτῳ
3690 5816 3780 5869 καὶ
3809 5818 3836 5869 ι
3886 5817 3992 5871 Βα-
