4226 6442
224 430 361 492 1077

1330 413 1868 476 IIISTORIARUM
1905 411 2048 472 CONl
2065 412 2431 473 PENDlL’M.

3365 399 3502 464 1078

221 554 439 600 σιλειος,
462 539 562 607 τὴν
593 537 988 607 ἀφωρισμένην
1017 534 1167 602 αὕτῴ
1200 535 1512 603 ὑπηρεσίαν
1553 532 1808 598 ἀποπλη-

1943 533 2175 584 ιὶιιιυιιιο.
2211 530 2346 584 Cum
2387 528 2438 581 in
2471 523 2729 581 Achaiam
2759 531 2980 577 ventum
3024 530 3190 583 esset,
3223 517 3501 585 Theophi-

223 630 355 698 ρῶν.
416 629 714 682 Ἐλθόντων
737 629 794 681 δὲ.
823 631 899 691 εις
939 628 1168 696 ’Δχαῒαν
1203 625 1380 696 εἰσῄει
1413 626 1512 693 μὲν
1542 628 1569 678 ὁ
1617 625 1815 693 Θεόφι-

219 721 314 782 λος
354 722 435 783 είς
459 720 551 773 τὸν
577 719 672 773 τοῦ
703 721 1092 790 πρωτοκλὴτου
1133 717 1384 790 Ἀνδρέου
1409 717 1539 770 ναὸν
1586 736 1817 790 προσευ-

224 813 476 880 ξόμενος,
511 812 572 863 ού
606 811 922 878 συνεισῆλθε
951 812 992 864 δ’
1021 811 1169 878 αὐτῷ
1202 811 1294 863 καὶ
1318 811 1346 860 ό
1371 809 1650 871 Βασίλειος
1673 810 1815 874 τότε,

220 910 291 974 τῇ
309 904 762 976 οίκείᾳδιακονίᾳ,
785 905 860 966 ὡς
877 904 1072 965 ἔοικεν,
1096 901 1522 972 ἀπασχοληθείς.
1550 903 1817 973 ’Ὕστερον

221 997 280 1049 δὲ
318 996 412 1048 καὶ
442 996 604 1058 αὐτὸς
627 994 707 1066 τῷ
745 996 1035 1065 ἀποστόλῳ
1076 995 1416 1065 ἀποπληρῶν
1454 995 1509 1048 ,ἀ
1545 995 1819 1064 καθήκον-

223 1106 316 1153 τα,
351 1087 546 1161 καιροῦ
582 1089 973 1160 δραξάμενος,
1026 1090 1218 1142 εἴσεισι
1251 1091 1409 1159 μόνος
1448 1091 1526 1152 εἰς
1556 1088 1646 1140 τὸν
1670 1091 1817 1143 ναόν.

239 1180 541 1251 Ἐφήδρευε
592 1182 651 1233 δέ
702 1199 786 1246 τις
829 1182 907 1252 τῷ
941 1181 1071 1253 θείῳ
1111 1183 1328 1251 τεμένει
1371 1181 1466 1236 τοῦ
1519 1184 1820 1236 ἀποστόλου

233 1273 471 1342 μοναχδς
499 1274 703 1343 ἀρετῆς
734 1274 1184 1344 ἀντιποιούμενος
1213 1276 1299 1328 διὰ
1342 1274 1479 1344 βίον.
1522 1269 1689 1335 Οὗτος
1729 1276 1823 1327 τὸν

231 1365 333 1431 μὲν
361 1364 622 1432 Θεόφιλον
651 1366 964 1420 εἰσελθόντα
1006 1367 1144 1435 μετὰ
1175 1367 1447 1437 τοσαύτης
1490 1367 1818 1437 δορυφορίας

229 1451 356 1506 οὔτε
425 1456 727 1520 ὑπεδέξατο
777 1455 902 1508 οὔτε
953 1456 1195 1518 ἀναστὰς
1249 1458 1646 1527 κατησπάσατο
1700 1457 1822 1512 οὔτε

232 1545 379 1607 τινος
408 1546 611 1613 ἠξῖωσε
643 1550 849 1620 μικρᾶς
904 1547 1035 1615 γοῦν
1069 1550 1452 1617 προσρήσεως,
1498 1548 1724 1621 ὕστερον
1769 1551 1824 1604 δὲ

232 1635 329 1688 τοῦ
359 1637 644 1690 Βασιλείου
662 1640 1077 1708 εἰσερχομένου,
1096 1638 1170 1702 ὡς
1191 1641 1432 1709 εἴρηται,
1470 1641 1633 1708 μόνον
1663 1640 1827 1706 ὑπεξ-

236 1728 438 1796 ανέστη
488 1746 549 1782 τε
600 1730 677 1793 ὣς
732 1748 838 1783 τινι
895 1731 1006 1782 τῶν
1063 1732 1410 1799 κρειττόνων,
1450 1731 1533 1803 [ι’.
1569 1732 1819 1803 5621καὶ

232 1824 331 1888 τὴν
365 1820 426 1884 ἐξ
458 1822 611 1884 ἔθους
639 1825 751 1884 τοῖς
784 1821 1070 1891 βασιλεῦσι
1100 1816 1421 1893 π’ρὲπουσαν
1449 1827 1826 1895 προσήνεγκεν

234 1915 538 1984 εὐφημίαν.
573 1916 754 1987 Ὅπερ
776 1915 884 1968 τῶν
934 1919 1119 1969 ἐκεῖσε
1150 1920 1578 1988 παρατυχόντων
1628 1919 1827 1982 ἰδόντες

235 2004 382 2068 τινὲς
411 2009 474 2076 τῇ
503 2005 646 2058 κατὰ
673 2007 798 2070 τοὺς
828 2007 1025 2068 τόπους
1058 2007 1302 2070 ὲκείνους
1341 2008 1698 2078 πρωτευούσῃ
1724 2027 1822 2061 κα-

234 2098 301 2149 τὰ
361 2116 420 2150 τε
456 2102 661 2168 τρόπον
695 2100 790 2159 καὶ
856 2101 1139 2164 εὐγένειαν
1209 2103 1521 2171 γυναικὶ,ἥ
1571 2103 1825 2170 Δανιη>.ὶς

239 2187 348 2241 ἀπὸ
410 2189 504 2241 τοῦ
563 2189 767 2259 ταύτης
798 2191 992 2260 ἀνδρὲς
1069 2191 1405 2259 ὠνομάζετο,
1458 2193 1832 2259 ἀπαγγέλλου-

243 2297 350 2334 σιν.
387 2279 604 2348 Ἕκείνη
635 2281 692 2334 δὲ
724 2281 784 2334 τὸ
829 2281 1108 2335 διοπτικὸν
1139 2286 1233 2336 τοῦ
1293 2285 1549 2354 μοναχοῦ,
1584 2287 1721 2356 μηδ’
1751 2289 1833 2339 ὅτι

247 2373 616 2442 προορατικοῦ
675 2374 1016 2443 χαρίσματος
1077 2377 1307 2445 ἠξίωται
1363 2378 1678 2444 ἀγνοοῦσα,
1734 2380 1834 2431 οὐκ

244 2466 461 2530 ἐγένετο
504 2471 632 2537 περὶ
667 2469 725 2522 τὸ
749 2469 939 2539 λεχθὲν
969 2471 1200 2539 ἀμελὴς,
1235 2471 1348 2523 ἀλλ’
1392 2472 1507 2540 ἅμα
1530 2490 1586 2524 τε
1633 2474 1831 2542 ἤκουσε

243 2556 339 2606 καὶ
393 2558 885 2627 προσκαλεσαμένη
924 2561 1013 2613 τὸν
1061 2563 1296 2630 μοναχὸν
1339 2564 1669 2616 ὀνειδιστικά
1699 2565 1835 2632 πρὸς

244 2649 410 2700 αύτδν
458 2649 657 2720 διεξῄει
683 2654 926 2721 ῥήματα,
966 2672 984 2702 ι
1017 2653 1283 2715 Τοσοῦτος
1337 2656 1551 2725 χρόνος,
1579 2657 1832 2724 λέγουσα,

245 2737 421 2804 πᾶιῖερ
480 2742 840 2807 πνευματικὲ,
877 2742 936 2809 ἐξ
968 2737 1030 2794 οὗ
1085 2761 1168 2796 σοι
1199 2743 1480 2814 γνώριμος
1527 2748 1640 2814 ἐγὼ
1682 2749 1836 2801 καθέ-

249 2843 446 2896 στηκα,
483 2831 578 2883 καὶ
605 2827 754 2894 οἶδάς
790 2850 858 2902 με
888 2835 1032 2888 κατὰ
1081 2837 1174 2888 τὸν
1206 2839 1372 2890 τόπον
1426 2841 1482 2890 ἐν
1546 2841 1677 2892 πᾶσι
1725 2841 1836 2894 τῶν

250 2919 464 2971 πολλῶν
491 2920 878 2992 διαφέρουσαν,
916 2927 1011 2978 καὶ
1045 2927 1305 2980 οὐδέποτε
1348 2928 1472 2980 οὔτε
1521 2932 1839 3002 ἐπηγέρθης

248 3011 592 3084 θεασάμενός
635 3033 702 3084 με
730 3015 857 3070 οὔτε
891 3018 1115 3088 ὲπηύξω
1149 3038 1238 3089 μοι
1265 3037 1277 3050 ·
1313 3022 1428 3073 ἀλλ’
1460 3023 1579 3076 ούδὲ
1607 3023 1684 3093 τῷ
1718 3025 1836 3096 ἐμῷ

251 3105 354 3174 υἱῷ
382 3105 506 3159 οὗτε
529 3109 736 3179 ἐγγόνῳ
766 3110 867 3180 τὴν
894 3113 1154 3180 τοιαύτην
1183 3113 1489 3182 ἀπένειμας
1515 3117 1834 3184 φιλοφροσύ-

1921 626 2006 678 lus
2041 622 2300 692 precandi
2331 620 2498 689 gratia
2542 618 2806 686 templum
2837 614 2951 668 Divi
2989 612 3354 682 Amlreze.qui
3392 611 3506 679 pri-

1921 734 2045 772 mus
2074 718 2138 770 ad
2179 715 2412 786 apostoli
2470 711 2805 767 iunctionem
2863 715 2949 763 est
3009 716 3260 766 vocatus.
3311 706 3505 768 intrat.

1921 811 2127 866 Basilio
2167 821 2278 863 tum
2315 823 2422 862 non
2457 805 2780 865 comitante,
2814 799 2962 872 quod
3002 799 3048 855 is
3082 799 3344 852 nimirum
3373 812 3507 851 suo-

1923 922 2042 960 rum
2099 904 2439 973 negotiorum
2504 917 2667 956 causa
2717 899 2908 953 abesse
2961 893 3282 964 cogebatur.
3354 890 3508 954 Post.

1923 1001 2160 1054 Basilius
2205 1014 2426 1065 quoque
2490 993 2964 1065 opportunitatem
3025 995 3220 1042 nactus
3263 985 3413 1040 solus
3454 983 3510 1036 in

1924 1093 2066 1147 idem
2111 1092 2297 1145 famnn
2333 1105 2390 1144 se
2430 1088 2666 1154 confert,
2701 1084 2953 1157 apostolo
3006 1082 3251 1138 debitum
3301 1077 3513 1134 exhibi-

1926 1195 2082 1241 turns
2111 1186 2344 1240 cultum.
2381 1181 2712 1238 Praesidebat
2771 1187 2885 1233 tum
2920 1179 2969 1233 ei
3024 1177 3151 1230 fano
3204 1173 3514 1229 monachus

1926 1281 2170 1350 quidam,
2202 1279 2389 1332 virtuti
2425 1293 2520 1346 per
2547 1291 2764 1332 omnem
2789 1274 2956 1328 vitam
2984 1270 3223 1326 deditus.
3256 1267 3355 1322 llic
3387 1284 3512 1323 cum

1929 1384 2060 1430 ante
2117 1373 2433 1443 ingressum
2484 1380 2636 1424 tanto
2701 1381 2825 1423 cum
2890 1363 3187 1422 satellitum
3251 1361 3515 1416 comitatu

1929 1467 2295 1535 Theophilum
2376 1481 2552 1534 neque
2615 1461 2927 1531 excepisset
2981 1473 3159 1528 neque
3218 1469 3518 1524 assurgens

1930 1561 2221 1615 salutasset
2248 1575 2421 1626 neque
2457 1556 2684 1610 omnino
2737 1553 2819 1607 vel
2868 1553 3097 1606 minimo
3157 1549 3398 1618 alloquio
3431 1546 3515 1598 di-

1929 1663 2128 1723 gnatus
2158 1659 2325 1713 esset,
2357 1660 2487 1704 tunc
2516 1649 2722 1703 Basilio
2749 1647 2974 1702 intranti
3014 1645 3112 1699 soli
3147 1643 3519 1699 etassurrexit

1934 1756 1991 1799 ut
2014 1745 2379 1814 magistratui,
2407 1741 2748 1810 etquomodo
2773 1741 3132 1808 imperatores
3151 1735 3375 1791 salutarit
3402 1749 3522 1786 Illos

1934 1846 2016 1892 est
2061 1854 2184 1892 eum
2223 1836 2511 1890 salutavit.
2548 1834 2659 1888 Hoc
2688 1847 2812 1886 cum
2852 1831 3119 1885 vidissent
3152 1827 3516 1891 nonuulliqui

1937 1935 2080 1988 forte
2108 1933 2177 1988 ibi
2225 1932 2474 1993 aderant,
2507 1927 2725 1981 mulieri
2758 1940 2879 1994 quae
2917 1924 2984 1979 iis
3015 1921 3150 1977 locis
3209 1923 3410 1974 virtute
3470 1928 3523 1974 et

1937 2025 2156 2095 generis
2181 2022 2469 2077 nobilitate
2505 2017 2812 2090 principem
2833 2013 3057 2068 tenebat
3117 2011 3460 2081 dignitatem,
3493 2024 3520 2061 a

1936 2119 2135 2172 marito
2163 2130 2264 2170 suo
2284 2113 2526 2168 Danielis
2557 2111 2724 2173 dicta,
2749 2117 2994 2162 narrant,
3035 2103 3108 2158 Ea
3133 2102 3523 2173 perSpiraciam

1939 2206 2193 2260 monachi
2228 2204 2550 2271 donumque
2574 2202 2627 2256 in
2662 2216 2727 2256 eo
2775 2195 3109 2253 vaticinandi
3143 2195 3386 2250 divinum
3417 2210 3523 2247 non

1937 2303 2216 2370 ignorans,
2267 2299 2518 2354 nuntium
2557 2311 2682 2350 eum
2722 2307 3070 2364 nequaquam
3115 2290 3396 2359 neglexit:
3431 2288 3525 2343 sed

1941 2395 2083 2450 illico
2118 2395 2390 2448 monacho
2428 2391 2492 2444 ad
2529 2405 2588 2446 se
2616 2397 2811 2442 vorato
2829 2384 3182 2456 exprobravit
3219 2381 3365 2451 quod
3398 2382 3525 2436 εἱιιί.

1939 2502 2125 2554 quam,
2153 2495 2203 2538 ut
2229 2495 2381 2554 pater
2406 2483 2734 2554 spiritualis,
2770 2488 2925 2533 tanto
2950 2489 3194 2545 tempore
3221 2485 3401 2528 notam
3430 2477 3528 2526 ha-

1940 2582 2090 2636 beret
2151 2579 2519 2648 omnibusque
2560 2575 2877 2629 hominibus
2951 2572 3016 2627 iis
3077 2570 3131 2625 in
3183 2570 3318 2624 locis
3371 2569 3530 2637 longe

1939 2684 2203 2745 prmstare
2240 2674 2429 2734 Sciret,
2485 2685 2768 2740 nunquam
2801 2669 2884 2723 vel
2950 2665 3368 2722 assurrexisset
3397 2680 3531 2718 con-

1942 2779 2165 2838 spectae.
2205 2783 2384 2836 neque
2412 2765 2555 2820 votis
2585 2772 2909 2834 prosecutus
2935 2768 3104 2824 esset,
3166 2773 3229 2812 ac
3286 2773 3356 2811 ne
3418 2756 3533 2812 filio

1942 2861 2162 2930 quidem
2195 2875 2295 2914 suo
2328 2869 2420 2913 aut
2455 2855 2635 2926 nepoti
2668 2871 2793 2910 eum
2823 2867 3065 2923 unquam
3100 2851 3384 2906 habuisset
3437 2850 3539 2903 hoc

1943 2968 2158 3011 norem,
2189 2966 2335 3004 nunc
2366 2959 2544 3004 autem
2581 2945 2790 3002 homini
2844 2944 3093 3016 pauperi,
3137 2942 3434 3012 peregrino
3479 2951 3536 2994 et

1941 3045 2106 3117 992
2143 3047 2306 3098 vitam
2341 3042 2559 3113 degenti
2617 3041 2838 3108 inopem
2866 3037 3291 3097 assurrexisset,
3325 3043 3380 3090 et
3413 3043 3537 3089 tan-

1946 3153 2110 3209 quam
2143 3137 2528 3206 imperatorem
2594 3133 2943 3186 honorasset.
3013 3148 3030 3181 ι
3069 3129 3230 3198 Atqui
3263 3143 3385 3198 ego,
3444 3143 3535 3181 re-

250 3215 372 3266 νην.
404 3199 516 3252 Καὶ
570 3199 691 3264 πῶς
737 3201 832 3256 νῦν
881 3202 1170 3272 ἄνθρωπον
1201 3204 1392 3274 εὐτελῆ
1427 3207 1519 3256 καὶ
1551 3206 1700 3269 ξενον
1740 3211 1834 3260 καὶ

1943 3227 2164 3298 spondit
2198 3226 2526 3285 monachus,
2571 3237 2694 3276 eum
2735 3235 2844 3276 non
2881 3227 2938 3272 nt
2971 3217 3279 3273 communis
3341 3215 3533 3270 condi-

251 3293 464 3360 πένητα
517 3293 802 3348 διανύοντα
862 3294 976 3366 βίον
1018 3295 1144 3348 ἰδὼν
1198 3297 1570 3366 ὑπεξανέστης
1625 3302 1719 3352 καὶ
1765 3302 1841 3364 ὼς

256 3382 482 3451 βασιλέα
512 3386 779 3456 ὶτίμησας
803 3389 1009 3458 ς-Ούχ
1028 3388 1104 3451 ὡς
1128 3388 1225 3442 ἕνα
1257 3388 1366 3442 τῶν
1398 3392 1672 3460 τυχόντων
1693 3389 1834 3446 εἶδον

253 3476 344 3527 τὸν
386 3476 554 3546 ἄνδρα
582 3479 713 3546 ἐγὼ,
772 3479 1076 3550 ἀντὲφησεν
1109 3482 1140 3533 ὁ
1187 3481 1439 3551 μοναχὸς,
1493 3483 1607 3537 ἀλλ’
1659 3484 1734 3547 ὡς
1781 3486 1847 3537 ὲκ

255 3569 393 3622 Θεοῦ
425 3569 650 3639 βασιλέα
705 3574 996 3642 Ῥωμαίων
1040 3575 1146 3628 ὑπὸ
1201 3576 1440 3646 Χριστοῦ
1498 3594 1816 3648 προκεχειρι

262 3663 463 3714 σιένον
496 3662 620 3716 ίδὼν
661 3663 961 3736 ὲξανέστην
992 3667 1087 3720 καὶ
1114 3667 1483 3737 ὲπευφήμησα
1516 3683 1528 3696 ·
1589 3671 1700 3731 τοῖς
1741 3671 1853 3741 γὰρ

256 3756 364 3808 ὑπὸ
395 3757 531 3810 Θεοῦ
558 3759 947 3829 τετιμημένοις
984 3759 1308 3830 ὀφειλομένη
1345 3762 1562 3824 πάντως
1607 3765 1722 3815 ἐστὶ
1755 3765 1848 3816 καὶ

260 3850 294 3917 ἡ
330 3850 387 3912 ἐξ
408 3849 714 3921 ἀνθρώπων
749 3853 905 3922 τιμή.
931 3871 952 3904 ι

345 3943 408 3998 Ὀ
443 3945 545 4014 μὲν
587 3943 679 3996 οὖν
707 3943 966 4012 Θεόφιλος
1022 3946 1090 3999 τὰ
1147 3949 1598 4016 προστεταγμένα
1648 3948 1850 4013 ἀνύσας

262 4037 440 4103 εἴχετο
470 4037 632 4089 πάλιν
672 4036 771 4106 τῆς
794 4039 889 4090 ἐπὶ
934 4038 1032 4108 τὴν
1065 4038 1313 4108 βασιλίδα
1361 4041 1502 4104 ὁδοῦ,
1535 4040 1561 4090 ό
1588 4041 1643 4093 δὲ
1689 4040 1851 4092 Βασί-

264 4128 404 4189 iam;
436 4127 693 4198 ἀσθενείᾳ
735 4128 1024 4198 συσχεθεὶς
1069 4129 1322 4198 σώματος
1355 4131 1542 4183 αὐτόθι
1583 4131 1851 4200 καταλιμ-

266 4216 533 4269 πᾶ-ιεται·
579 4218 898 4286 ἐπιμελείας
950 4219 1007 4272 δὲ
1063 4220 1161 4289 τῆς
1225 4217 1610 4291 προσηκούσης
1661 4222 1843 4294 τυχὼν

271 4310 408 4375 πρὸς
439 4312 538 4377 τὴν
586 4311 773 4364 ἄνοδον
809 4311 1159 4381 ἡτοιμάζετο.
1200 4315 1295 4366 Ὃν
1353 4316 1848 4387 μετακαλεσαμένη

266 4405 300 4469 ἡ
329 4401 709 4472 προρρηθεῖσα
744 4403 882 4472 γυνὴ
910 4405 1166 4473 Δανιηλίς
1199 4405 1395 4475 δώροις
1416 4405 1580 4458 αὐτὸν
1609 4408 1706 4458 καὶ
1757 4425 1854 4477 με-

265 4497 456 4563 γάλοις
490 4494 762 4557 δεξιοῦται
794 4494 1121 4565 χαρίσμασι,
1155 4497 1323 4566 μηδὲν
1370 4497 1560 4566 ἕτερον
1589 4497 1850 4570 ἐπιζητή-

1949 3321 2114 3375 tionis
2139 3319 2375 3387 aliquem
2416 3317 2545 3381 vidi,
2577 3313 2668 3370 sed
2696 3321 2807 3367 uta
2838 3311 2950 3366 Deo
2991 3311 3326 3365 destinatum
3369 3309 3538 3378 impe-

1949 3410 2031 3465 rio
2065 3409 2440 3462 Romanorum
2474 3404 2718 3478 gerendo
2749 3412 2801 3459 et
2825 3402 2894 3457 ad
2949 3404 3052 3456 hoc
3085 3417 3114 3454 a
3155 3400 3382 3456 Christo
3439 3399 3536 3454 de-

1951 3501 2415 3557 Iectuinintuitus
2465 3497 2768 3561 assurrexi,
2806 3497 2969 3567 eique
3034 3495 3344 3567 gratulatus
3389 3509 3534 3548 sum.

1951 3593 2187 3647 Omnino
2253 3593 2400 3647 enim
2450 3591 2516 3646 ab
2571 3589 2887 3644 hominibus
2948 3589 3126 3642 honor
3179 3587 3247 3640 iis
3287 3585 3541 3650 debetur,

1951 3697 2092 3752 quos
2121 3684 2327 3736 honore
2358 3679 2501 3736 Deus
2523 3679 2781 3750 dignatus
2805 3681 2910 3732 'est.
2949 3696 2968 3730 ›

2032 3951 2666 4021 (Σαλιρνιηιιτιιρονιιῑιιιε
2698 3945 2968 4003 confectis
3017 3944 3292 4000 mandatis
3337 3943 3536 4014 Cpolin

1954 4046 2150 4101 reverti
2180 4045 2452 4108 instituit,
2485 4042 2676 4097 relicto
2698 4041 2772 4095 ibi
2825 4040 3045 4102 Basilio,
3086 4039 3247 4108 cuius
3311 4038 3415 4092 iter
3465 4038 3546 4091 in-

1955 4138 2239 4195 commoda
2274 4135 2529 4191 valetudo
2559 4133 2909 4205 impediebat.
2939 4133 3042 4198 Qui
3098 4148 3222 4186 cum
3257 4130 3551 4199 diligenter

1955 4240 2148 4287 curato
2181 4245 2409 4298 corpore
2436 4228 2726 4283 sanitatem
2762 4224 3080 4294 recepisset,
3113 4233 3166 4277 ct
3201 4237 3260 4277 se
3321 4224 3429 4290 jam
3471 4219 3542 4273 ad

1958 4320 2196 4375 reditmn
2225 4329 2464 4389 pararet,
2502 4333 2532 4372 a
2586 4315 2871 4370 Danielide
2921 4324 3181 4368 evocatus
3249 4318 3303 4366 et
3352 4312 3550 4380 amplis

1955 4409 2114 4465 bonis
2145 4407 2373 4463 affectus
2406 4417 2511 4473 est,
2542 4407 2688 4461 nihil
2711 4407 2779 4460 ah
2825 4407 2947 4475 ipso
2999 4404 3322 4473 requirente
3380 4418 3546 4470 quam

1960 4510 2021 4557 ut
2041 4517 2162 4557 cum
2186 4501 2398 4557 Joanne
2438 4501 2607 4570 (hunc
2637 4513 2698 4553 ea
2731 4498 2899 4553 filium
2963 4497 3220 4551 habebatl
3287 4495 3548 4563 spiritum

270 4605 415 4641 σασα
438 4589 569 4658 παρ’
613 4563 879 4656 αύτοῦγγῆή
921 4563 1301 4660 πᾸιευματιέῆς
1345 4563 1708 4663 ἀδελ-φότητος

1964 4596 2068 4650 lem
2108 4593 2292 4648 fratris
2336 4591 2720 4648 necessitatem
2757 4590 3132 4644 contraheret.
3190 4584 3349 4651 Quod
3416 4600 3542 4640 cum

272 4679 562 4750 συνδέσμῳ
584 4679 906 4749 συνδεθῆναι
931 4681 1067 4751 πρὸς
1095 4682 1350 4752 Ἰωάννην
1367 4684 1458 4736 τὸν
1477 4684 1685 4756 ταύτης
1719 4685 1855 4740 υἱόν.

281 4775 341 4827 '0
361 4775 420 4827 δὲ
452 4773 590 4844 πρὸς
619 4773 680 4826 τὸ
706 4771 903 4826 ἑαυτοῦ
936 4774 1264 4827 ἀποϐλέπων
1292 4776 1508 4840 εὐτελὲς
1536 4780 1629 4831 καὶ
1658 4778 1718 4830 τὸ
1762 4795 1860 4831 πε-

275 4867 501 4937 ριφανὲς
532 4863 923 4932 τῆςγυναικὸς
951 4865 1028 4927 ὡς
1059 4865 1205 4936 ὑπὲρ
1224 4867 1390 4920 αὐτὸν
1449 4869 1655 4937 μᾶλλον
1692 4870 1858 4927 οὖσαν

276 4958 526 5010 διωθεῖτο
557 4955 654 5026 τὴν
689 4955 930 5020 ἔντευξιν
948 4973 966 4989 ο
983 4957 1206 5011 πλείονα
1229 4960 1286 5013 δὲ
1311 4961 1658 5034 παράκλησιν
1702 4965 1861 5032 δεξά-

282 5065 444 5116 μενος
471 5049 698 5120 ὲκληροϊ
721 5047 812 5101 τὸν
841 5047 1048 5119 ταύτης
1092 5051 1317 5104 σκοπόν.
1375 5052 1860 5127 Ἐκπληρωθείσης

275 5141 334 5194 δὲ
361 5143 427 5210 τῇ
452 5139 672 5204 γυναικὶ
697 5140 798 5210 τῆς
825 5140 1094 5207 ἐφέσεως,
1122 5139 1303 5204 ἔδοξεν
1337 5142 1474 5212 αὐτῇ
1518 5144 1592 5214 μὴ
1632 5145 1862 5215 ἐπικρύ-

279 5249 436 5286 πτειν
475 5231 536 5284 τδ
574 5231 824 5302 βούλημα
884 5233 979 5286 τοῦ
1001 5233 1157 5298 Θεοῦ,
1197 5234 1334 5287 ἀλλά
1371 5235 1717 5305 δημοσιεύειν
1768 5241 1863 5291 καὶ

1967 4685 2058 4740 ille
2087 4696 2139 4740 et
2168 4701 2278 4740 suae
2311 4684 2597 4738 tenuitatis
2630 4682 2891 4738 conscius
2929 4691 2985 4735 et
3035 4681 3304 4734 illustrem
3347 4678 3550 4731 mulic-e

1966 4780 2040 4833 ris
2071 4789 2272 4833 statum
2306 4777 2665 4832 considerans
2694 4783 2754 4828 ut
2785 4790 2843 4829 se
2893 4773 3143 4825 altiorem
3192 4786 3307 4824 rem
3361 4769 3546 4824 dctre-
3625 4813 3630 4817 .

1965 4873 2162 4931 ctarct,
2189 4867 2407 4920 tandem
2441 4863 2688 4934 pluribus
2750 4863 2872 4931 ejus
2923 4861 3409 4916 adhortationibus
3456 4874 3562 4913 ce-

1966 4956 2105 5011 deus
2154 4956 2399 5026 perfecit.
2462 4953 2704 5008 Danielis
2755 4954 3046 5022 impetrato
3106 4951 3251 5020 quod
3307 4950 3549 5012 volebat,

1968 5050 2162 5104 statuit
2195 5047 2486 5101 consilium
2526 5045 2619 5100 Dei
2651 5060 2759 5099 non
2785 5044 3086 5106 occultare,
3126 5041 3220 5096 sed
3269 5041 3564 5112 quomodo

1969 5141 2071 5196 sibi
2104 5139 2530 5209 magniﬁcaejus
2566 5138 2816 5192 voluntas
2841 5135 3159 5191 denuntiata
3191 5143 3244 5189 et
3273 5134 3554 5204 patefacta

1969 5245 2112 5298 erat,
2145 5235 2217 5288 ita
2243 5234 2495 5303 detegere
2513 5230 2735 5286 Basilio.
2767 5228 3013 5286 Seorsim
3048 5230 3233 5298 itaque
3257 5227 3306 5283 ei
3339 5226 3550 5294 ‘rScito,

1411 5345 1762 5401 XYLANDRI
1799 5346 1888 5402 ΕΤ
1921 5347 2133 5404 GOABI
2189 5345 2426 5402 ΝΟΤίΕ.

354 5467 470 5534 (70)
502 5464 579 5518 Ad
634 5464 810 5517 instar
865 5462 1178 5528 adoptionis
1208 5479 1312 5532 qua
1346 5466 1473 5534 quis
1515 5466 1740 5520 alterius
1771 5465 1866 5517 ad-

284 5538 548 5596 seribitnr
615 5534 783 5599 ﬁlius,
824 5534 1268 5602 ἀδελφοποίησιν,
1319 5551 1425 5603 qna
1463 5538 1568 5589 sibi
1620 5537 1860 5588 alienum

286 5611 535 5664 fraterno
567 5619 756 5659 amore
802 5605 1062 5670 deinceps
1087 5607 1551 5674 prosequendum,
1585 5607 1867 5672 utriusque

1964 5466 2326 5522 nefandorum
2364 5464 2670 5519 facinorum
2697 5461 2961 5531 adjntrix,
3013 5458 3572 5533 posterisEcclesia:

1970 5553 2181 5591 necnon
2217 5536 2428 5604 imperii
2456 5535 2663 5605 legibus
2695 5531 3027 5603 proscripta
3049 5535 3152 5605 fuit
3174 5542 3227 5587 et
3261 5531 3550 5605 damnata:

1969 5610 2264 5677 Antiqnuin
2293 5603 2474 5661 tamen
2507 5603 2627 5674 ejus
2664 5606 2716 5658 in
2744 5605 2988 5677 Ecclesia
3024 5603 3568 5677 celebrandqrituur

287 5681 524 5735 fortuna:
558 5677 920 5748 participem,
944 5670 1299 5748 consiliorum
1335 5690 1398 5730 ac
1423 5678 1651 5730 subsidii
1677 5670 1870 5729 auc—to—
1969 5670 2362 5748 Eucliologium
2410 5670 2657 5731 asservat
2686 5692 2700 5741 ;
2732 5676 3131 5748 damnationis
3175 5671 3276 5728 Jus
3334 5670 3558 5726 Graeco-

287 5765 427 5810 tem,
463 5754 727 5815 perpetuo
761 5745 1018 5798 amicitia).
1051 5761 1189 5798 nexu
1222 5746 1559 5807 devinciunt,
1592 5751 1870 5815 excogita-

289 5835 417 5872 vere
447 5813 641 5871 Gra'ci.
679 5813 802 5870 [hec
829 5825 1008 5868 tamen
1045 5824 1102 5867 ut
1132 5816 1375 5883 antiquis
1416 5817 1626 5885 legibus
1657 5813 1869 5884 ignota,

292 5887 518 5945 Iatniliis
585 5899 784 5952 nocua,
844 5897 1138 5954 pravorum
1194 5887 1548 5941 consiliorum
1608 5888 1763 5957 origo
1808 5900 1877 5940 ac

1972 5743 2258 5803 romanum
2284 5787 2299 5808 ,
2363 5747 2660 5812 Blastares,
2692 5747 2895 5814 aliique
2943 5743 3264 5798 Graecorum
3290 5743 3555 5814 jurecon-

1970 5821 2100 5874 sulti
2127 5817 2482 5875 manifestum
2519 5813 3232 5889 proferunttestimonium.
3271 5813 3443 5869 Cum.
