4226 6442
698 374 836 441 1083

1964 377 2287 439 GEORGII
2326 376 2662 438 CEDRENI

3839 373 3977 437 iOSl

769 490 985 548 Rursus
1005 506 1130 548 cum
1173 492 1473 563 imperator
1499 492 1731 550 venandi
1791 507 1963 548 causa
2003 494 2056 546 in
2087 495 2282 547 Arma-

2460 491 2809 559 Περάσαντος
2842 488 2900 541 δέ
2927 506 3055 542 ποτε
3087 489 3180 543 τοῦ
3213 489 3479 560 βασιλέως
3511 491 3839 559 κυνηγεσίου
3874 495 3976 562 χά·

695 592 942 639 mentum
971 585 1377 654 trajecisset,et
1407 601 1438 641 a
1467 586 1756 642 venatione
1782 601 1910 640 cum
1945 591 2122 639 matre
2163 599 2281 639 coe-

695 687 858 731 naret
881 675 1170 733 Theodora
1202 677 1436 747 aliisque
1457 678 1787 733 necessariis
1814 678 2172 748 quibusdam,
2204 678 2284 730 in-

696 776 785 823 tro
819 769 1029 824 vocavit
1066 771 1234 825 etiam
1271 776 1780 840 prostostratorcm.
1813 768 1870 822 ln
1909 783 2072 838 quem
2097 767 2280 822 Theo-

698 859 833 913 dora
854 874 978 914 cum
1006 861 1200 917 crebro
1229 862 1419 917 oculos
1443 861 1726 916 deﬁxisset
1746 860 2152 930 contemplandi
2184 860 2283 914 ho-

698 951 868 1005 minis
893 967 1059 1008 causa
1090 961 1142 1008 et
1173 954 1488 1010 accuratius
1516 954 1699 1008 omnia
1723 953 2115 1022 perspiciendi,
2145 968 2282 1022 qua-

699 1043 966 1110 sdamqne
1008 1047 1061 1100 in
1087 1061 1152 1101 eo
1165 1056 1328 1105 notas
1348 1056 1402 1104 et
1420 1049 1573 1119 signa
1599 1047 2074 1117 deprehendisset,
2101 1048 2283 1102 subito

697 1135 892 1189 oborta
916 1138 1181 1207 vertigine
1199 1141 1513 1194 exanimata
1543 1146 1628 1194 est
1655 1149 1708 1194 et
1731 1141 1783 1192 in
1815 1146 2018 1193 terram
2046 1140 2278 1193 corruit.

698 1224 778 1279 lbi
811 1229 1032 1281 turbato
1085 1230 1414 1298 imperatore
1459 1240 1510 1286 et
1551 1232 1617 1286 iis
1667 1231 1761 1300 qui
1813 1233 2063 1295 aderant,
2098 1233 2280 1284 statim

699 1333 838 1387 aqua
873 1320 1036 1374 allata
1070 1331 1156 1377 est
1184 1332 1236 1378 et
1265 1332 1544 1389 unguenta
1585 1324 1836 1386 odorata,
1860 1326 2064 1394 quibus
2100 1323 2285 1378 Theo-

699 1409 890 1465 doram
936 1423 1367 1484 conspergeutes
1409 1426 1745 1472 recrearent.
1788 1415 1952 1487 Egre
1983 1417 2168 1470 animo
2196 1433 2283 1471 re-

700 1510 862 1571 cepto
893 1513 945 1557 et
983 1505 1148 1574 997
1175 1507 1408 1577 caligine
1432 1508 1705 1575 discussa,
1739 1509 2070 1579 interrogata
2109 1525 2137 1562 a
2174 1509 2283 1563 ﬁlio

699 1609 952 1663 quamam
983 1597 1148 1665 hujus
1175 1613 1339 1655 casus
1367 1614 1535 1654 causa
1577 1600 1796 1666 fuisset,
1827 1601 1918 1655 vix
1964 1603 2184 1656 tandem
2215 1603 2280 1655 ad

701 1696 824 1740 Sese
855 1701 1074 1741 reversa
1110 1688 1184 1742 ita
1213 1690 1532 1758 respondit:
1564 1690 1734 1756 Quem
1769 1699 1850 1753 tu,
1887 1692 1982 1756 fili,
2020 1691 2280 1746 Basilium

699 1775 976 1840 nominas,
1011 1777 1056 1831 is
1106 1789 1189 1832 est
1237 1788 1442 1834 nostrae
1491 1780 1672 1848 gentis
1719 1781 1973 1834 exitium.
2001 1780 2280 1849 Conspcxi

700 1866 846 1920 enim
877 1866 930 1921 in
961 1882 1026 1921 eo
1061 1879 1246 1921 notam
1293 1869 1421 1922 olim
1463 1885 1489 1921 a
1523 1879 1616 1924 tuo
1642 1881 1795 1939 patre
1849 1870 1979 1924 mihi
2016 1887 2287 1940 praemon-

702 1969 973 2027 stratam;
1009 1975 1184 2028 eaque
1215 1961 1334 2016 visa
1372 1961 1643 2032 vertigine
1688 1970 1941 2032 correpta
1972 1963 2120 2017 humi
2153 1978 2290 2017 con-

699 2052 832 2109 cidi.
864 2056 1172 2122 Imperator
1233 2063 1464 2110 matrem
1521 2056 1720 2125 partim
1774 2072 2055 2123 sermone,
2089 2058 2286 2126 partim

696 2145 1029 2214 juramentis
1081 2163 1110 2202 a
1168 2155 1315 2202 metu
1376 2149 1696 2213 revocavit,
1761 2149 2116 2218 animumque
2169 2149 2290 2218 ejus

701 2242 1022 2288 a'stuantem
1055 2235 1285 2301 sedavit,
1311 2250 1633 2290 asseverans
1663 2236 1921 2291 Basiliam
1943 2237 2089 2290 hunc
2112 2238 2288 2290 virum

703 2338 827 2378 esse
863 2340 1212 2394 generosum,
1250 2325 1453 2380 robore
1480 2325 1836 2396 insuperabili
1864 2328 2143 2397 animique
2179 2329 2293 2381 vir-

702 2421 823 2471 tute
875 2417 1318 2485 incomparabili.
1365 2426 1621 2472 caeterum
1683 2419 1998 2488 imperatori
2064 2420 2293 2488 ejusque

711 2503 935 2560 familiae
991 2507 1237 2576 apprime
1300 2508 1620 2564 benevolum
1676 2523 1740 2562 ac
1793 2509 2141 2564 fidissimum.
2178 2510 2292 2565 Hoc

706 2595 867 2648 modo
901 2607 1012 2649 tum
1057 2597 1292 2652 Basilius
1321 2597 1549 2652 fortunae
1596 2598 1854 2666 injuriam
1888 2601 2129 2654 evitavit.
2165 2600 2294 2656 Erat

703 2704 772 2744 eo
801 2701 1046 2760 tempore
1075 2689 1421 2759 imperatoris
1446 2691 1818 2747 cubicularius
1841 2693 2038 2762 Scytha
2071 2709 2290 2763 genere,

703 2779 1017 2845 emurchus,
1074 2780 1298 2836 nomine
1360 2782 1679 2848 Damianus,
1741 2784 1972 2852 patricia
2032 2785 2295 2854 dignitate

707 2871 966 2928 donatus.
1013 2875 1064 2927 Is
1097 2881 1218 2928 acta
1264 2873 1708 2944 imperatoris-ut
1741 2891 1934 2945 parum
1965 2879 2297 2933 convenien-

707 2968 781 3021 tia
809 2966 1092 3037 culpabat,
1141 2967 1445 3036 praesertim
1477 2982 1609 3023 vero
1647 2967 1837 3024 Barine
1875 2969 2136 3025 Cesaris.
2164 2970 2286 3036 Quo

707 3058 914 3114 factum
969 3067 1054 3116 est
1093 3069 1150 3114 ut
1183 3059 1507 3129 imperator,
1557 3059 1723 3115 homo
1769 3063 2001 3116 nimium
2045 3064 2292 3133 alioquin

709 3152 878 3207 hebes
912 3151 1092 3220 adque
1135 3166 1324 3206 rerum
1361 3165 1550 3206 curam
1591 3153 1998 3222 suscipiendam
2029 3155 2283 3224 ignavus,
2320 3181 2367 3244 ο

708 3243 928 3300 tandem
960 3244 1213 3300 irritatus
1249 3243 1500 3313 quaedam
1560 3243 1749 3299 Bardae
1783 3254 1903 3299 acta
1957 3249 2297 3304 rescinderet

646 3401 648 3403 ν
708 3344 878 3406 atque
917 3336 1245 3405 corrigeret.
1274 3335 1436 3402 Quod
1477 3351 1583 3391 non
1626 3336 1813 3392 ferens
1846 3337 2049 3404 Caesar,
2084 3340 2297 3395 occulte

708 3426 1031 3483 Damianum
1064 3429 1317 3493 adortus,
1361 3429 1663 3500 multisque
1689 3430 1987 3485 calumniis
2009 3439 2063 3485 et
2097 3430 2297 3487 fucatis

707 3519 1035 3576 criminibus
1060 3520 1411 3590 imperatoris
1442 3521 1686 3576 animum
1722 3521 1795 3576 ita
1828 3523 1897 3577 ab
1939 3538 2006 3577 eo
2039 3523 2298 3580 alienavit

711 3617 774 3664 ut
806 3608 1130 3664 cubicularii
1157 3624 1358 3665 munus
1393 3611 1441 3665 ei
1484 3610 1853 3680 abrogaverit.
1898 3610 2164 3666 Submoto
2198 3613 2300 3666 Da-

710 3700 900 3754 miano
934 3700 1272 3769 aliquamdiu
1299 3699 1470 3770 998
1498 3700 1736 3756 ollicium
1770 3701 2092 3756 cubicularii
2130 3718 2298 3758 vaca-

710 3793 788 3847 vit
817 3811 830 3847 :
863 3793 1081 3849 Caesare
1112 3803 1294 3848 autem
1324 3794 1554 3869 ejusque
1586 3795 1753 3850 sociis
1784 3795 1945 3849 modo
1973 3797 2118 3849 hunc
2141 3797 2300 3850 modo

708 3887 880 3942 alium
949 3887 998 3942 ei
1060 3886 1338 3957 praeﬁcere
1391 3887 1741 3955 conantibus,
1800 3887 1894 3943 Dei
1937 3889 2286 3956 providentia

644 4029 652 4039 .
711 3980 928 4036 occulte
992 3994 1082 4034 res
1118 3993 1219 4034 suo
1244 3977 1478 4032 arbitrio
1507 3977 1822 4048 gubernans
1882 3993 2100 4032 omnem
2153 3979 2302 4032 calli-

709 4070 937 4126 ditatem
969 4083 1033 4122 ac
1064 4069 1365 4124 versutiam
1395 4069 1606 4122 irritam
1642 4068 1792 4122 fecit.
1825 4068 2122 4138 Aliquanto
2153 4070 2297 4124 enim

710 4169 859 4233 post,
900 4167 1202 4230 Imperator
1231 4160 1496 4216 Basilium
1545 4159 1948 4213 cubicularium
1989 4171 2162 4221 creat,
2199 4174 2299 4228 pa-

714 4254 878 4313 tricia
902 4254 1066 4308 etiam
1096 4251 1367 4321 dignitate
1396 4266 1640 4317 ornans;
1671 4265 2010 4319 uxoremque
2043 4251 2093 4305 ei
2125 4265 2300 4320 copu-

711 4347 790 4401 lat
841 4345 1030 4400 l‘ormae
1104 4342 1519 4414 pulchritudine
1577 4357 1641 4396 ac
1716 4343 1981 4410 pudicitia
2044 4344 2300 4397 omnibus

711 4436 1018 4508 aequalibus
1070 4441 1448 4506 prmstantem,
1479 4432 1646 4486 ﬁliam
1680 4432 1972 4501 prudentia
2003 4439 2058 4487 et
2092 4432 2297 4487 nobili-

2314 1823 2361 1882 Β

2387 599 2473 650 ριν
2505 584 2585 644 εἰς
2620 582 2680 635 τὸ
2743 581 3144 651 Ἀρμαμέντον,
3187 583 3286 636 καὶ
3315 583 3455 652 μετά
3494 582 3595 651 τὴν
3644 585 3978 652 κυνηγεσίαν

2386 674 2762 744 εὐωχουμένου
2800 674 3020 744 συνάμα
3074 677 3138 743 τῇ
3185 677 3354 744 μητρί
3405 673 3662 746 Θεοδώρᾳ
3712 677 3808 728 καί
3863 695 3977 730 τισι

2383 765 2495 818 τῶν
2527 765 2809 833 συγγενῶν
2857 765 2951 818 καὶ
3001 765 3375 830 οἰκειοτάτων,
3422 764 3716 835 εἰσεκλὴθη
3751 764 3780 817 6
3825 783 3980 835 πρω-

2384 859 2702 928 τοστράτωρ
2751 858 2845 910 τοῦ
2900 858 3167 926 βασιλέως
3214 858 3594 920 κελεύσαντος.
3653 857 3797 927 Πρὸς
3832 858 3893 910 ὃν
3943 861 3976 928 ἠ

2389 950 2603 1020 βασιλὶς
2635 951 2967 1021 πυκνότερον
2993 951 3292 1020 ὲνητένιζε,
3317 950 3661 1004 κατανοοῦσα
3699 951 3794 1002 καὶ
3828 966 3977 1020 παρ-

2386 1043 2764 1097 επισκοποῦσα
2797 1046 2864 1098 τὰ
2916 1045 3038 1099 κατ’
3062 1045 3244 1098 αὐτόν.
3293 1043 3625 1111 Ἐπιγνούσα
3650 1043 3707 1096 δέ
3737 1062 3789 1094 τι
3831 1044 3978 1110 γνώ-

2388 1153 2562 1207 ρισμα
2594 1137 2688 1189 καὶ
2723 1139 2950 1206 σημεῖον
2992 1139 3050 1190 ὲν
3092 1127 3262 1206 αὐτῷ,
3312 1135 3516 1198 εὐθέως
3567 1136 3756 1206 ἰλίγγῳ
3810 1153 3981 1188 κατα-

2389 1229 2641 1297 σχεθεϊσα
2670 1231 2761 1282 καὶ
2787 1228 3119 1300 λειποθυμίᾳ
3152 1228 3408 1299 βληθεῖσα
3441 1230 3520 1289 είς
3549 1228 3652 1298 γῆν
3683 1229 3979 1282 κατέπεσε.

2386 1321 2794 1389 Θορυϐηθέντος
2830 1321 2887 1374 δὲ
2927 1319 3020 1372 τοῖ’)
3059 1319 3324 1390 βασιλέως
3364 1320 3459 1371 ἐπὶ
3503 1319 3678 1389 τούτῳ
3729 1323 3823 1372 καὶ
3869 1319 3980 1371 τῶν

2388 1412 2517 1480 περὶ
2550 1412 2642 1464 τὸν
2667 1412 2919 1482 βασιλέα,
2947 1412 3092 1482 ὕδωρ
3118 1429 3177 1465 τε
3200 1411 3362 1475 εὐθὺς
3387 1411 3674 1481 ἐκομίζετο
3697 1412 3795 1464 καὶ
3829 1411 3982 1480 μύρα

2387 1505 2494 1557 τῶν
2522 1505 2756 1570 εὐωδῶν,
2805 1501 2887 1569 οἷς
2925 1506 3343 1578 ὲπιρῤαίνοντες
3386 1506 3484 1572 τὴν
3534 1506 3822 1558 δέσποιναν
3883 1508 3984 1559 ἀν-

2388 1597 2687 1649 εκαλοῦντο
2721 1597 2815 1649 τοῦ
2854 1599 3171 1668 πτώματος.
3223 1599 3396 1662 Μόλις
3441 1599 3486 1651 δ’
3531 1598 3623 1652 οὖν
3663 1601 3741 1658 εἰς
3782 1601 3987 1670 ἑαυτὴν

2387 1686 2617 1742 ἐλθοῦσα
2667 1691 2762 1742 καὶ
2803 1690 2896 1742 τοῦ
2944 1690 3170 1752 σκότους
3199 1691 3591 1758 ἀνενεγκοῦσα,
3628 1691 3716 1762 [Ρ.
3747 1691 3872 1763 565]
3906 1692 3986 1756 ώς

2389 1777 2642 1846 ἡρωτᾶτο
2691 1779 2846 1848 παρά
2879 1780 2972 1832 τοῦ
3005 1782 3121 1833 υἱοῦ
3153 1782 3248 1834 καὶ
3286 1781 3551 1850 βασιλέως
3583 1785 3646 1836 ἐκ
3687 1785 3846 1846 ποίας
3898 1787 3985 1836 αἰ-

2389 1868 2509 1931 τίας
2547 1871 2862 1940 ἐπενεχθείη
2891 1871 3031 1942 αὐτῇ
3057 1873 3208 1925 τουτὶ
3244 1873 3306 1927 τὺ
3339 1873 3531 1938 πάθος,
3569 1876 3724 1944 μόλις
3750 1877 3834 1945 ἐφ’
3861 1879 3990 1931 ἑαυ-

2389 1961 2486 2027 τῆς
2514 1961 2781 2031 γενομένη
2813 1963 2939 2015 τάδε
2975 1964 3113 2030 πρὸς
3143 1964 3236 2016 τὸν
3261 1965 3373 2016 υἰδν
3398 1965 3756 2035 ἀπεκρίνατο·
3797 1984 3814 2016 ι
3860 1967 3984 2028 Ὃν.

2389 2043 2434 2101 ὦ
2466 2050 2677 2114 τέκνον,
2719 2051 2908 2106 τοῦτον
2950 2053 3129 2121 λέγεις
3163 2053 3465 2120 Βασίλειον,
3503 2057 3530 2108 6
3561 2056 3662 2123 τῆς
3710 2057 3991 2127 ἡμετέρας

2390 2140 2538 2193 ἐστὶν
2565 2141 2875 2210 ἀφανισμός
2909 2144 3125 2210 γενεᾶς·
3161 2138 3300 2197 εἶδον
3338 2143 3446 2212 γὰρ
3479 2145 3536 2196 ἐν
3570 2144 3720 2214 αὐτῷ
3757 2149 3992 2217 σημεῖον

2392 2233 2561 2285 πάλαι
2595 2251 2682 2301 μοι
2707 2235 2859 2303 παρα
2887 2234 2982 2288 τοῦ
3013 2235 3107 2287 σοῦ
3133 2235 3401 2305 ὲξηγηθὲν
3422 2237 3650 2306 πατρὸς,
3679 2236 3816 2306 πρὸς
3845 2239 3992 2308 ὅπερ

2395 2325 2748 2392 ἰλιγγιάσασα
2795 2329 2873 2390 εἰς
2905 2328 3009 2394 γῆν
3057 2327 3414 2382 κατώλισοον.
3455 2348 3473 2380 ι
3533 2328 3593 2380 '0
3629 2329 3684 2381 δὲ
3729 2328 3991 2397 βασιλεὺς

2391 2416 2551 2469 τοῦτο
2591 2418 2692 2486 μὲν
2731 2417 2911 2486 λόγοις
2941 2418 3387 2487 ἀποτρεπτικοῖς,
3427 2419 3584 2470 τοῦτο
3627 2419 3682 2472 δὲ
3715 2423 3811 2473 καὶ
3837 2422 3978 2491 πλη-

2395 2507 2675 2579 ροφορίαις
2719 2510 3011 2579 ἐνωμότοις
3054 2511 3236 2580 ἀπῆγε
3277 2513 3376 2581 τὴν
3409 2512 3622 2582 μητέρα
3662 2512 3756 2565 τοῦ
3805 2514 3983 2577 δέους,

2394 2603 2473 2663 εἰς
2535 2601 2596 2654 τὸ
2645 2601 2927 2665 καθεστὼς
2967 2603 3260 2670 ἐπανάγων
3313 2607 3405 2656 καὶ
3464 2603 3992 2674 παραμυθούμενος,

2402 2709 2419 2741 ι
2458 2692 2560 2744 Τὸν
2610 2692 2898 2762 ἄνθρωπον
2946 2694 3156 2759 τοῦτον,
3204 2695 3401 2762 λέγων,
3463 2695 3595 2758 ίσθι,
3647 2689 3692 2748 ὦ
3729 2696 3996 2750 δέσποινα

2396 2783 2493 2834 καὶ
2530 2784 2706 2854 μῆτερ
2738 2785 2868 2854 ἐμὴ,
2911 2785 3081 2856 ἄνδρα
3121 2785 3218 2855 μὲν
3253 2783 3394 2839 εἶναι
3432 2791 3700 2854 γενναῖον,
3741 2787 3902 2858 ῥώμῃ
3930 2805 3995 2841 τε

2395 2875 2771 2929 ἀνυπόστατον
2794 2877 2887 2929 καὶ
2908 2877 3090 2945 ψυχῆς
3120 2877 3372 2947 εὐγενείᾳ.
3403 2878 3755 2946 ἀσύγκριτον,
3793 2879 3993 2931 πιστὸν

2395 2965 2452 3017 δὲ
2486 2965 2556 3018 τὰ
2587 2967 2668 3028 εἰς
2706 2967 2856 3035 ἡμᾶς
2887 2969 2982 3018 καὶ
3016 2965 3208 3019 εὔνουν
3252 2966 3345 3018 καὶ
3380 2967 3502 3021 κατ’
3532 2969 3684 3021 οὐδὲν
3718 2971 3853 3038 ἡμῖν
3889 2987 3997 3021 κα-

2397 3056 2778 3112 κονούστατον.
2831 3075 2850 3108 ι
2909 3058 3018 3111 Καὶ
3074 3059 3196 3112 τότε
3253 3059 3351 3128 μὲν
3397 3059 3500 3127 τῆς
3532 3059 3791 3131 τοιαύτης
3821 3062 3997 3132 τύχης

2397 3149 2658 3219 ὲ-πὴρειαν
2705 3147 2848 3202 οὐτω
2884 3149 3236 3222 παρέδραμεν
3279 3150 3307 3203 6
3354 3150 3656 3212 Βασίλειος·
3707 3155 3992 3222 Δαμιανοῦ

2399 3240 2455 3293 δὲ
2484 3241 2577 3294 τοῦ
2611 3243 3134 3311 παρακοιμωμένου,
3164 3242 3222 3305 6;
3252 3243 3508 3311 εὐνοῦχός
3539 3260 3599 3296 τε
3627 3240 3696 3315 ἦν
3726 3250 3822 3300 καὶ
3853 3249 4000 3302 Σκύ-

2399 3331 2500 3402 θης
2528 3333 2621 3386 καὶ
2647 3335 2714 3403 τῇ
2748 3331 2856 3384 τῶν
2891 3333 3198 3404 πατρικίων
3231 3333 3359 3405 ἀξίᾳ
3388 3334 3649 3404 τετίμητο
3671 3377 3686 3399 ,
3721 3337 3788 3390 τά
3815 3357 3997 3410 πρατο

2398 3425 2602 3494 τόμενα
2649 3425 2800 3495 παρὰ
2848 3423 2942 3477 τοῦ
2979 3424 3245 3495 βασιλέως
3289 3426 3612 3490 κακίζοντος
3644 3429 3719 3492 ὡς
3756 3430 3817 3483 οὐ
3852 3433 4000 3486 κατὰ

2399 3519 2458 3570 τὸ
2486 3519 2602 3572 δέον
2627 3517 2948 3587 τελούμενα,
2985 3516 3282 3587 ἐξαιρέτως
3325 3517 3384 3570 δὲ
3417 3518 3486 3570 τα
3533 3519 3682 3590 παρὰ
3719 3520 3816 3573 τοῦ
3849 3523 4000 3576 θείου

2399 3609 2566 3663 αὐτοῦ
2601 3609 2785 3680 Βάρδα
2823 3609 2918 3662 τοῦ
2957 3609 3257 3681 Καίσαρος,
3300 3609 3635 3680 ἀνηρεθίσθη
3680 3612 3812 3665 ποτὲ
3858 3615 3998 3686 πρὸς

2399 3701 2737 3772 ἐπιστροφὴν
2777 3703 2805 3754 6
2855 3701 3133 3773 βασιλεὺς,
3193 3701 3312 3754 λίαν
3354 3701 3567 3771 ἀμϐλὺς
3617 3703 3711 3756 καὶ
3757 3707 4002 3775 νωχελὴς

2399 3793 2538 3862 πρὸς
2595 3793 2886 3863 ἀντίληψιν
2941 3793 3288 3863 πραγμάτων
3346 3793 3629 3864 ὑπάρχων,
3698 3795 3794 3848 καὶ
3845 3797 4001 3860 ἐνίας

2399 3883 2509 3934 τῶν
2538 3883 2632 3936 τοῦ
2660 3885 2936 3953 Καίσαρος
2969 3884 3225 3954 πράξεων
3252 3885 3522 3954 ἀνέτρεπε
3546 3886 3690 3956 τάχα
3715 3888 3809 3941 καί
3835 3889 4002 3960 διωρ-

2402 3975 2581 4030 θοῦτο.
2616 3976 2795 4044 Ὅπερ
2833 3977 2910 4045 μὴ
2937 3977 3118 4048 φέρων
3142 3978 3170 4030 6
3203 3979 3424 4048 Καῖσαρ
3447 3978 3713 4048 λαθρηδὸν
3733 3981 3878 4034 κατὰ
3905 3982 4000 4033 τοῦ

2402 4069 2678 4137 Δαμιανοῦ
2718 4070 3137 4132 συσκευάζεται·
3177 4070 3273 4127 καὶ
3307 4070 3532 4132 πολλαῖς
3563 4071 3841 4134 διασολαίς
3879 4075 4002 4125 κατ’

2402 4162 2570 4216 αὐτοῦ
2611 4163 2749 4233 πρὸς
2789 4163 2879 4216 τὸν
2931 4162 3155 4230 βασιλέα
3199 4163 3568 4232 χρησάμενος,
3624 4164 3720 4216 καὶ
3751 4165 4002 4229 πιθανῶς

2403 4255 2768 4323 σοφισάμενος
2819 4254 2918 4316 τὰς
2979 4252 3342 4323 κατηγορίας,
3401 4252 3591 4322 ἴσχυσε
3654 4257 4005 4324 μεταστῆσαι

2401 4345 2493 4396 τὸν
2538 4343 2768 4413 βασιλέα
2803 4345 2901 4412 τῆς
2926 4343 3057 4413 περὶ
3101 4344 3194 4396 τὸν
3231 4344 3507 4412 Δαμιανδν
3537 4344 3770 4407 εὐνοίας,
3804 4346 3880 4408 ώς
3907 4349 4005 4399 καὶ

2402 4435 2748 4501 διαδέξασθαι
2795 4435 3093 4504 δυνηθῆναι
3123 4435 3222 4503 τῆς
3243 4435 3451 4498 οἰκείας
3481 4435 3639 4500 ἀξίας
3673 4437 3858 4490 αὐτόν.
3883 4437 4006 4502 Ἐξ·

714 4538 824 4584 tate
855 4529 1271 4600 inclytissimam
1298 4526 1533 4596 lngeris,
1569 4525 1758 4594 stirpis
1783 4523 2150 4578 Martinacim.
2186 4523 2296 4579 Hoc

2408 4527 2677 4589 ωσθέντος
2703 4526 2795 4580 οὐν
2817 4527 3026 4579 ἐκείνου
3059 4527 3289 4598 ὲχήρευε
3315 4527 3500 4580 λοιπὸν
3532 4528 3628 4581 ἐπὶ
3656 4529 3850 4598 χρόνον
3879 4531 4006 4582 τινα

711 4618 882 4683 facto,
930 4627 984 4673 et
1037 4633 1226 4672 amore
1275 4617 1622 4685 imperatoris
1659 4614 1714 4668 in
1771 4614 2033 4670 Basilium
2067 4615 2302 4670 subinde

712 4719 1019 4776 crescente,
1058 4709 1248 4762 videns
1282 4708 1386 4760 ista
1419 4706 1646 4771 Bai-das,
1696 4706 2009 4776 invidiaque
2049 4706 2298 4762 stimula-

715 4817 805 4862 tus
835 4805 984 4860 etde
1035 4802 1236 4857 futuris
1292 4801 1585 4866 sollicitus,
1632 4815 1774 4871 saepe
1821 4800 1888 4853 ad
1939 4814 2034 4855 eos
2061 4815 2297 4867 quorum

685 4898 1028 4968 thortatibus
1073 4905 1258 4951 motus
1292 4893 1618 4948 Damianum
1651 4893 2006 4946 submoverat
2033 4893 2293 4947 dicebat:

719 4991 931 5047 Vestris
963 5004 1063 5060 ego
1091 4989 1274 5059 pravis
1295 4985 1545 5042 consiliis
1575 4984 1874 5038 obsecutus
1897 4985 2114 5052 vulpem
2138 4982 2298 5052 ejeci,

713 5083 884 5153 inque
913 5083 1034 5151 ejus
1068 5081 1249 5134 locum
1283 5078 1474 5133 induxi
1529 5077 1770 5140 leonem,
1805 5076 1896 5144 qui
1933 5091 2034 5130 nos
2097 5089 2298 5131 omnes

717 5175 882 5230 simul
915 5173 1162 5229 laniabit.

2405 4619 2468 4672 τὸ
2493 4619 2587 4672 τοῦ
2617 4618 3121 4687 παρακοιμωμένου
3149 4617 3544 4688 λειτούργημα·
3582 4619 3678 4672 τοῦ
3712 4621 4002 4692 Καίσαρος

2404 4710 2462 4764 δὲ
2502 4711 2599 4762 καὶ
2639 4709 2740 4775 τῆς
2775 4709 2905 4778 περὶ
2940 4708 3104 4761 αὐτὸν
3136 4707 3374 4780 φατρίας
3414 4707 3574 4761 ἄλλον
3605 4708 3702 4761 καὶ
3731 4709 3894 4762 ἀλλον
3925 4713 4008 4773 είς

2404 4800 2564 4854 τοῦτο
2589 4799 3050 4870 προϐιϐαζόντων,
3093 4802 3128 4871 ἡ
3164 4799 3258 4854 τοῦ
3292 4798 3431 4854 Θεοῦ
3466 4801 3714 4869 πρόνοια,
3754 4802 4010 4872 ἀοράτως

2405 4893 2481 4954 ώς
2507 4893 2645 4962 αὐτῇ
2678 4892 2936 4962 βουλητὸν
2969 4894 3039 4944 τὰ
3074 4892 3379 4963 πράγματα
3424 4891 3774 4958 διεξάγουσα,
3824 4897 4012 4948 πᾶσαν

2408 4985 2671 5054 φρόνησιν
2701 4985 2796 5036 καὶ
2823 4985 3162 5054 πανουργίαν
3208 4984 3491 5048 ἀπέδειξεν
3525 4985 3826 5054 ἄπρακτον.
3855 4989 4013 5040 Μετά

2406 5077 2603 5148 χρόνον
2663 5077 2770 5148 γάρ
2820 5095 2942 5130 τινα
2992 5077 3358 5148 προϐάλλεται
3423 5078 3927 5148 παρακοιμώμενον
3983 5081 4013 5131 6

2409 5169 2666 5239 βασιλεὺς
2706 5170 2797 5222 τὸν
2830 5169 3409 5247 Βασίλειονητιμὴσας
3460 5171 3623 5223 αὐτὸν
3655 5172 3752 5224 καὶ
3799 5189 4007 5241 πατριο

718 5270 951 5338 κιότητι,
988 5269 1083 5321 καὶ
1115 5267 1335 5335 γυναικὶ
1369 5259 1632 5329 συζεύξας
1665 5261 1968 5332 εὐπρεπείᾳ
2011 5277 2073 5314 τε
2146 5259 2398 5331 σώματος
2434 5264 2528 5316 καὶ
2601 5261 2791 5315 κάλλει
2837 5264 2930 5316 καὶ
3007 5262 3336 5334 σωφροσύνῃ
3411 5262 3604 5316 πασῶν
3650 5264 4015 5336 πρωτευούσῃ

719 5358 828 5411 τῶν
863 5358 986 5411 κατ’
1014 5358 1204 5428 αὐτὴν·
1236 5353 1376 5424 αὕτη
1407 5355 1462 5408 δὲ
1484 5349 1551 5424 ἦν
1581 5352 1829 5422 Θυγάτηρ
1856 5351 1950 5404 τοῦ
1983 5351 2132 5422 παρά
2171 5352 2389 5406 πάντων
2454 5354 2550 5406 ἐπὶ
2607 5355 2871 5424 φρονήσει
2919 5353 3012 5406 καὶ
3054 5353 3306 5425 εὐγενείᾳ
3370 5354 3658 5424 διαϐοήτου
3735 5357 4013 5425 Ἰγγερος,

720 5453 814 5506 τοῦ
857 5453 1048 5519 γένους
1096 5453 1476 5523 καταγομένου
1536 5448 1643 5499 τών
1676 5445 2088 5517 Μαρτινακίων.
2149 5446 2355 5500 Τούτου
2387 5449 2444 5501 δὲ
2509 5449 2847 5518 γενομένου,
2904 5449 2999 5501 καὶ
3061 5449 3380 5518 προσθήκην
3412 5449 3511 5517 τῆς
3570 5449 3707 5519 πρὸς
3746 5450 3839 5501 τὸν
3901 5450 4012 5502 Βα·-

725 5547 924 5600 σίλειον
951 5547 1043 5599 τοῦ
1077 5545 1344 5616 βασιλέως
1373 5547 1594 5617 ἀγάπης
1628 5542 1971 5612 ὲπιδιδούσης
2011 5541 2118 5605 ἀεὶ,
2150 5541 2292 5612 ὀρῶν
2330 5541 2358 5593 6
2398 5544 2642 5615 Καῖσαρ,
2680 5546 2776 5597 καὶ
2825 5543 2902 5614 τῷ
2935 5543 3114 5612 φθόνῳ
3146 5544 3476 5614 δακνόμενος
3543 5544 3640 5597 καί
3703 5543 3829 5613 περὶ
3917 5551 4012 5604 τοῦ

735 5640 1019 5704 μέλλοντος
1057 5637 1333 5710 ὀρρωδῶν,
1368 5639 1522 5707 ἔλεγε
1576 5637 1836 5699 πολλάκις

739 5821 949 5892 ἀθρόως
979 5821 1308 5894 λαφύξηται.

1910 5633 2034 5704 τρὸς
2079 5635 2206 5698 τοὺς
2266 5633 2430 5686 αὐτὸν
2481 5635 2885 5697 ἀναπείσαντας

731 5731 815 5783 ὅτι
848 5729 976 5791 Ταῖς
1009 5728 1394 5795 κακοϐουλίαις
1429 5729 1582 5800 ὐμῶν
1633 5727 1872 5798 πιθήσας
1923 5724 2052 5794 ἐγὼ,
2089 5725 2299 5790 essm
2331 5726 2617 5792 ἀλώπεκα,
2650 5726 2841 5780 λέοντα
2929 5728 3349 5796 ἀντεισήγαγον,

2971 5635 3460 5689 ἀποσκευάσασθαι
3553 5635 3645 5688 τὸν
3705 5637 4008 5704 Δαμιανὸν.

3435 5728 3522 5781 ἵνα
3577 5728 3785 5793 πάντας
3864 5731 4016 5801 ἡμεῖς
