4226 6442
280 381 421 453 1085

1338 382 1883 447 HISTORIARUM
1922 385 2452 453 COMPENDIUM.

3410 389 3551 456 1086

345 501 507 568 Ἀρτι
530 498 586 554 δὲ
617 496 713 552 τοῦ
744 496 1009 568 βασιλέως
1056 498 1281 570 Μιχαὴλ
1317 503 1459 555 κατὰ
1492 503 1727 574 Κρητῶν
1770 502 1859 568 ἐξ-

2048 508 2342 577 Postquam
2373 508 2575 564 deinde
2596 505 2894 576 Michaelus
2916 523 3042 564 cum
3066 508 3243 563 Barda
3277 511 3553 564 avunculo

267 592 568 655 ιλάσαντος
616 590 755 660 μετὰ
803 591 985 661 Βάρδα
1031 592 1312 664 Καίσαρος
1341 593 1433 647 τοῦ
1464 595 1611 647 θείου
1650 596 1815 648 αὑτοῦ
1840 636 1854 655 .,

268 687 366 739 καὶ
405 686 787 757 σοϐαρώτερον
837 687 1149 757 ἁπτομένου
1202 688 1313 743 τῶν
1362 696 1705 757 πραγμάτων
1764 691 1857 743 τοῦ

485 778 581 833 καὶ
620 780 763 834 κατὰ
819 779 1017 850 μικρὸν
1051 780 1312 842 ἁνιῶντος
1360 786 1453 834 τὸν
1505 782 1729 841 βασιλέα
1769 783 1859 834 καὶ

267 871 386 933 τοῖς
415 870 544 941 περὶ
575 870 739 925 αὑτὸν
769 873 1028 936 ὑπονοίας
1068 874 1326 946 ἀφορμὴν
1358 876 1612 936 διδόντος,
1651 878 1771 926 ἐπεὶ
1801 876 1860 925 ἐν

268 966 385 1027 τοῖς
430 964 644 1033 Κήποις
688 965 939 1031 ἐγένοντο
980 965 1168 1035 (τόπος
1199 967 1255 1020 δὲ
1290 969 1340 1019 οἱ
1370 967 1554 1036 Κῆ.ιοι
1588 969 1731 1018 κατὰ
1763 967 1860 1023 τὴν

270 1056 568 1126 παράλιον,
596 1055 684 1128 [Ρ.
711 1056 837 1126 566]
870 1056 996 1111 ἔνθα
1019 1059 1154 1130 πρὸς
1179 1059 1278 1129 τὴν
1305 1059 1581 1112 θάλασσαν
1611 1056 1860 1119 εἰσϐολὰς

271 1153 511 1204 ποιεῖται
546 1151 575 1204 6
626 1152 943 1222 Μαίανδρος
996 1153 1305 1223 ποταμὸς),
1364 1152 1601 1207 ἐνταῦθα
1647 1152 1710 1219 δὴ
1761 1149 1861 1218 τῆς

271 1244 548 1311 συσκευῆς
582 1245 678 1299 καὶ
726 1246 958 1314 μελέτης
992 1247 1295 1316 γενομένης
1321 1250 1436 1308 τοῖς
1470 1248 1598 1313 περὶ
1628 1245 1719 1295 τὸν
1762 1242 1862 1311 βα.-

270 1335 446 1401 σιλέα,
504 1335 591 1389 ἵνα
646 1336 723 1406 μὴ
776 1338 1252 1406 καταταχηθέντες
1305 1338 1520 1391 πάθωσι
1581 1334 1782 1405 μᾶλλον
1827 1334 1860 1404 ἢ

268 1426 565 1493 δράσωσιν,
619 1427 1058 1491 ἑπισπεύσαντες
1125 1429 1411 1499 ἀναιροῦσι
1475 1430 1566 1482 τὸν
1626 1425 1860 1498 Βαρδαν,

270 1518 459 1581 καθὼς
494 1519 703 1572 ἄνωθεν
757 1522 785 1573 6
834 1520 991 1587 λόγος
1036 1520 1338 1592 διαρρήδην
1387 1519 1647 1590 ἐδήλωσε.
1704 1535 1865 1588 περι-

272 1605 550 1659 πλακέντα
587 1609 700 1669 τοῖς
732 1604 826 1659 τοῦ
866 1606 1132 1675 βασιλέως
1170 1609 1317 1662 ποσί.
1357 1608 1591 1679 Πρώτην
1624 1604 1724 1675 ἦγε
1759 1625 1860 1677 τη-

270 1695 505 1751 νικαῦτα
562 1698 670 1767 μὴν
718 1700 747 1751 6
814 1701 1126 1771 Ἀπρίλλιος
1171 1702 1271 1770 τῆς
1334 1703 1395 1754 ιδ’
1459 1703 1859 1771 ἐπινεμήσεως.

283 1790 750 1856 ’.ιποκτανθέντος
785 1788 880 1845 οὖν
940 1794 1034 1846 τοῦ
1087 1794 1270 1862 Βάρδα
1325 1794 1487 1855 εὐθὺς
1526 1796 1554 1847 6
1608 1793 1863 1862 βασιλεὺς

269 1880 373 1950 τήν
405 1898 464 1935 τε
502 1884 929 1953 στρατοπεδείαν
969 1885 1231 1958 καταλύει
1262 1886 1356 1939 καὶ
1383 1887 1573 1938 νόστου
1607 1886 1743 1956 πρδς
1764 1886 1866 1956 τὴν

273 1970 671 2038 βασιλεύουσαν
728 1974 1029 2045 μέμνηται.
1098 1976 1446 2028 Ἐπανελθὼν
1503 1976 1560 2029 δὲ
1614 1978 1751 2046 προς
1807 1976 1868 2027 τὸ

272 2061 593 2129 Βυζάντιον,
627 2064 858 2135 ἐπείπερ
887 2066 1095 2128 οἰκείας
1122 2065 1347 2135 ἡμοίρει
1376 2066 1565 2135 γονῆς,
1602 2067 1866 2118 εἰσποιεῖ-

269 2156 362 2208 ταί
411 2172 471 2208 τε
515 2156 608 2208 τὸν
661 2156 948 2210 Βισίλειον
996 2156 1092 2211 καὶ
1129 2160 1209 2219 είς
1256 2156 1355 2227 τὴν
1393 2156 1503 2210 τῶν
1549 2158 1866 2226 μαγίστρων

270 2246 596 2312 ἀναϐιϐάζει
626 2249 812 2318 τιμήν.
852 2248 919 2300 ⁸⁸0
954 2248 1031 2320 μὴ
1065 2249 1246 2318 φέρων
1284 2250 1388 2301 ὑπὸ
1421 2247 1618 2316 φθόνου
1650 2250 1678 2300 6
1719 2249 1867 2319 Συμ-

272 2340 459 2405 ϐἀτιος
507 2343 535 2395 6
588 2340 880 2410 λογοθὲτης
930 2340 1025 2395 τοῦ
1076 2341 1302 2410 δρόμου,
1367 2343 1396 2393 6
1442 2340 1535 2394 τοῦ
1588 2341 1867 2412 Καίσαρος

274 2431 457 2504 Βάρόα
494 2433 761 2504 γαμϐρὸς.
814 2434 1304 2504 προφασισάμενος
1353 2436 1416 2486 τὸ
1471 2432 1546 2505 μὴ
1600 2434 1863 2489 δύνασθαι

273 2526 374 2597 ζῇν
408 2528 501 2580 ἐπὶ
532 2527 633 2596 τῆς
686 2527 958 2596 βασιλίδος
1004 2527 1103 2594 τὴν
1149 2526 1260 2579 τῶν
1295 2526 1623 2599 Θρακησίων
1662 2527 1869 2591 ἐξαιτεῖ

276 2619 642 2689 στρατηγίαν,
684 2620 782 2673 καλ⁸
816 2619 879 2688 δὴ
915 2619 1011 2672 καὶ
1055 2616 1349 2689 λαμϐάνει.
1392 2619 1605 2686 Ὀλίγου
1638 2619 1695 2673 δὲ
1740 2637 1864 2674 και-

277 2707 375 2776 ροῦ
417 2708 786 2778 παρελθόντος
828 2711 922 2764 καὶ
960 2710 1062 2781 τῆς
1109 2709 1387 2780 βασιλείας
1418 2709 1735 2777 ἐπισφαλῶς
1770 2728 1867 2763 κλ-

270 2800 651 2871 6ερνωμένης,
691 2800 788 2855 ἆτε
818 2800 911 2855 τοῦ
950 2801 1215 2872 βασιλέως
1247 2802 1383 2874 πρὸς
1413 2801 1618 2868 ἄλλοις,
1656 2801 1772 2855 ἀλλ’
1801 2804 1864 2856 οὐ

273 2894 394 2957 ταῖς
429 2893 538 2947 τῶν
580 2894 929 2964 πραγμάτων
969 2893 1274 2966 διοικήσεσι
1311 2896 1404 2947 τὸν
1445 2897 1571 2948 νοῦν
1608 2895 1826 2965 ἔχοντος
1849 2932 1865 2960 ,

274 2983 371 3036 καὶ
403 2983 499 3037 τοῦ
537 2983 770 3038 θανάτου
800 2985 858 3039 δὲ
890 2983 988 3039 τοῦ
1032 2985 1216 3057 Βάρδα
1251 2986 1510 3058 καθαρῶς
1543 2987 1865 3056 ἐλέγξαντος

274 3077 373 3148 τὴν
401 3077 568 3131 αὑτοῦ
601 3077 878 3131 οὒθένειαν
911 3079 1007 3132 καὶ
1038 3077 1297 3144 ἀφέλειαν
1331 3077 1565 3150 (ἐκείνου
1618 3082 1727 3148 γὰρ
1767 3082 1865 3131 ἐπ-

1962 598 2370 668 cxpcditiouem
2412 601 2678 671 suscepit.
2733 608 2790 655 et
2843 600 3048 657 Bardas
3098 601 3428 656 insolentius
3461 617 3551 655 res

1964 700 2204 746 tractare
2255 705 2444 762 cmptt,
2506 694 2886 758 paulatimque
2938 693 3325 762 imperatorem
3381 690 3556 747 offen-

1964 787 2098 838 dens
2126 788 2374 839 sinistris
2417 783 2484 837 de
2512 800 2572 838 se
2625 784 3039 853 suspicionibus
3074 798 3265 839 ansam
3294 785 3549 854 praebuit,

1963 888 2022 931 ut
2058 876 2238 947 Cepos
2272 890 2492 932 ventum
2529 887 2613 932 est
2650 878 2820 946 (Cepi.
2856 877 3050 931 Latine
3102 879 3294 933 hortos
3322 876 3551 940 dixeris,

1965 969 2070 1023 loci
2098 984 2296 1023 nomen
2354 979 2437 1024 est
2471 970 2759 1031 maritimi,
2794 970 2886 1024 ubi
2946 969 3219 1025 Maeander
3249 968 3448 1024 fluvius
3496 969 3554 1022 in

1964 1077 2116 1116 mare
2140 1062 2436 1127 illabitur),
2476 1063 2780 1130 imperator
2808 1077 2935 1117 cum
2985 1064 3104 1119 suis
3135 1062 3255 1116 iniit
3298 1061 3552 1124 consilia,

1966 1170 2034 1208 ne
2067 1170 2096 1207 a
2136 1154 2311 1208 Barda
2347 1154 2606 1223 praeventi
2652 1154 3129 1221 opprimerentur;
3156 1163 3212 1207 et
3240 1168 3302 1209 re
3335 1166 3554 1220 compo-

1965 1250 2069 1301 sita
2101 1255 2266 1313 atque
2322 1255 2593 1298 maturata
2622 1244 2790 1315 939
2817 1244 3022 1299 Bardas
3058 1243 3229 1313 pedes
3257 1245 3555 1310 imperato.

1966 1341 2045 1393 ris
2073 1348 2357 1406 amptexus
2396 1338 2704 1393 trucidatus
2735 1346 2995 1408 est;quae
3015 1352 3105 1393 res
3134 1352 3299 1406 supra
3330 1352 3361 1390 a
3395 1336 3555 1391 nobis

1964 1431 2239 1497 exposita.
2278 1433 2475 1484 Actum
2507 1430 2611 1483 hoc
2663 1430 2749 1484 die
2780 1430 2956 1499 prima
2986 1430 3212 1499 Aprilis,
3254 1430 3557 1485 indictione

1969 1523 2057 1578 H.
2079 1523 2372 1577 Interfecto
2402 1522 2598 1583 Barda,
2633 1526 2934 1591 imperator
2963 1523 3317 1588 expeditione
3347 1523 3554 1576 omissa

1966 1616 2144 1669 statim
2175 1615 2490 1668 szantiutn
2517 1614 2678 1669 reditt
2702 1631 2716 1679 ;
2739 1624 2794 1667 et
2827 1629 2892 1668 eo
2928 1628 3206 1673 reversus,
3247 1629 3372 1667 cum
3404 1614 3559 1680 prole

1966 1715 2199 1767 careret,
2228 1706 2488 1759 Basuium
2522 1706 2585 1757 ad
2609 1705 2908 1773 magisterii
2954 1704 3274 1771 dignitatem
3306 1713 3555 1757 evectum

1968 1797 2266 1864 adoptavit.
2294 1796 2450 1862 Quod
2483 1810 2610 1847 cum
2646 1812 2753 1848 non
2784 1794 2954 1848 ferret
2988 1808 3100 1861 pra:
3156 1793 3364 1846 invidia
3399 1792 3559 1863 Sym-

1976 1887 2155 1940 latius
2200 1886 2379 1938 drmui
2412 1883 2713 1953 logotbeta,
2745 1882 2933 1936 Barda:
2983 1898 3173 1951 gener,
3207 1882 3558 1950 prmtendens

1973 1992 2031 2031 se
2059 1975 2216 2045 Cpolt
2247 1992 2428 2028 more
2478 1990 2589 2028 non
2623 1990 2805 2043 posse.
2843 1976 2998 2042 petiit
3044 1975 3462 2044 impetravitque
3497 1982 3558 2028 ut

1975 2069 2388 2125 Tbracensibus
2424 2068 2822 2140 praeficeretur.
2850 2068 3081 2123 Paulum
3111 2067 3320 2121 efﬂuxit
3349 2077 3557 2134 tempo-

1971 2162 2068 2218 ris.
2094 2177 2219 2214 cum
2273 2160 2409 2213 satis
2439 2162 2617 2229 patuit
2666 2160 2955 2228 imperium
2990 2157 3301 2229 periculose
3354 2156 3556 2228 guber-

1972 2267 2114 2317 nari,
2153 2266 2352 2319 Qlllppt’
2392 2249 2655 2304 Miettaelo
2693 2250 2816 2304 aliis
2872 2264 3036 2317 quam
3089 2249 3405 2317 reipublicae
3461 2264 3557 2317 ge-

1969 2346 2154 2402 rendae
2182 2345 2412 2415 negotiis
2449 2345 2687 2403 intento.
2721 2343 2954 2413 ejusque
2991 2343 3254 2397 futilitate
3282 2356 3345 2395 ac
3373 2341 3557 2395 stulti-

1971 2441 2043 2494 tia
2078 2454 2106 2492 ιι
2142 2437 2334 2493 Bardae
2376 2438 2596 2493 interitu
2655 2437 2832 2506 palam
2884 2439 3281 2491 innotesceute.
3340 2433 3553 2489 Etenim

1970 2530 2169 2597 Barda,
2223 2541 2281 2584 ιιι
2338 2536 2432 2601 qut
2491 2532 2840 2600 imperatoris
2898 2531 3107 2599 collega
3156 2537 3324 2591 esset,
3359 2541 3458 2597 pro
3497 2540 3559 2579 re

1970 2623 2188 2693 publica
2239 2623 2550 2677 excubante
2604 2637 2671 2675 ac
2719 2636 2819 2690 pro
2851 2619 2995 2675 virili
3043 2619 3165 2689 ejus
3204 2618 3557 2672 administra-

1968 2716 2105 2769 tioni
2135 2716 2370 2771 intento.
2398 2713 2671 2768 industria
2704 2711 2868 2781 hujus
2899 2720 3063 2777 atque
3095 2710 3377 2778 diligentia
3406 2710 3560 2775 lgna-

1968 2809 2112 2863 viam
2141 2805 2392 2860 Micltaeli
2450 2805 2779 2859 occultarat.
2813 2802 3040 2857 Sublato
3092 2802 3290 2863 Barda,
3330 2808 3385 2854 et
3404 2797 3555 2854 omni

1970 2899 2185 2969 imperti
2222 2896 2614 2966 prm-uratione
2669 2895 2724 2949 in
2767 2896 2991 2949 unicum
3052 2894 3407 2949 incumbente
3460 2891 3559 2946 lli-

1969 2990 2241 3051 cltaelum,
2278 2988 2568 3057 perspicue
2612 2986 2865 3056 apparuit
2916 3000 3078 3055 quam
3108 2986 3155 3039 is
3195 2990 3342 3039 esset
3391 2982 3557 3036 homo

1967 3082 2034 3134 ad
2069 3095 2181 3136 rem
2216 3079 2489 3150 publicam
2518 3078 2854 3133 tractandam
2891 3078 3111 3146 ineptus
3142 3085 3308 3145 atque
3347 3074 3529 3143 segnis

273 3169 682 3239 αγρυπνοῦντος
707 3169 783 3234 ῶς
810 3169 1068 3223 κοινωνοῦ
1100 3170 1209 3224 τῶν
1248 3170 1613 3241 πραγμάτων,
1648 3171 1737 3224 καὶ
1764 3170 1863 3238 τῆς

1969 3171 2157 3243 itaque
2204 3170 2547 3227 subditorum
2604 3171 2811 3225 crebrze
2864 3178 3023 3226 erant
3082 3170 3151 3225 de
3212 3169 3557 3239 imperatore

276 3264 599 3334 διοικήσεως
636 3262 756 3315 καθ’
797 3264 922 3316 ὅσον
962 3255 1077 3315 οἶόν
1119 3279 1179 3316 τε
1215 3262 1596 3333 ἀντεχομένου,
1638 3266 1702 3333 τῇ
1738 3263 1864 3315 τού-

271 3370 370 3406 του
400 3352 691 3422 ἐπιμελείᾳ
724 3352 818 3403 καὶ
851 3351 1058 3421 σπουδῇ
1091 3352 1126 3423 ἡ
1169 3349 1264 3403 τοῦ
1308 3351 1574 3422 βισιλὲως
1615 3352 1865 3405 οὐθένεια

273 3444 630 3499 ἐκαλύπτετο·
681 3444 803 3497 ἐπεὶ
840 3442 885 3496 δ’
931 3444 1137 3506 ἐκεῖνος
1169 3443 1462 3513 ἀπεσφάγη
1509 3444 1666 3513 καὶὴ
1713 3445 1863 3497 πᾶσα

269 3540 371 3608 τῆς
400 3536 683 3609 βασιλείας
712 3536 937 3606 φροντὶς
966 3537 1048 3598 είς
1080 3535 1241 3605 μόνον
1289 3537 1553 3606 περιέστη
1586 3537 1677 3590 τὸν
1713 3540 1866 3606 βασι-

271 3632 392 3695 λέα,
437 3630 563 3685 τότε
613 3628 678 3698 δὴ
730 3626 987 3698 καθαρῶς
1034 3625 1097 3679 τὸ
1143 3625 1307 3680 αὐτοῦ
1352 3628 1729 3697 ἀνεπιτήδειον
1770 3629 1863 3682 καὶ

273 3724 410 3794 πρὸς
462 3722 563 3786 τὰς
610 3720 894 3784 πολιτικὰς
944 3719 1176 3790 πράξεις
1223 3721 1621 3784 ἀναπεπτωκὸς
1679 3722 1866 3791 ἐξηλέ-

273 3815 478 3883 γχετο),
530 3814 775 3880 ἐγίνοντο
802 3809 956 3877 παρὰ
997 3808 1092 3861 τοῦ
1135 3808 1317 3862 κοινοῦ
1363 3814 1609 3882 συνεχεῖς
1644 3812 1865 3881 διαγογ-

275 3905 476 3973 τυσμοὶ
514 3903 655 3957 κατά
698 3900 793 3955 τοῦ
842 3899 1131 3971 βασιλέως,
1182 3901 1281 3955 καὶ
1328 3901 1505 3974 οὗθἰἡ
1558 3903 1863 3974 σύγκλητος

272 3998 398 4052 οὔτε
451 3998 513 4051 τὸ
564 3995 872 4065 πολίτευμα
930 3996 1043 4056 τοῖς
1092 3996 1487 4064 πραττομένοις
1540 3997 1860 4067 ἠρέσκοντο,

274 4092 371 4144 καὶ
399 4089 535 4144 αὐτὸ
562 4088 627 4158 δὴ
656 4088 719 4140 τὸ
763 4088 1081 4158 στράτευμα
1126 4086 1603 4158 άνασεσοϐημένον
1648 4092 1742 4142 καὶ
1772 4108 1864 4144 κε-

277 4180 576 4252 κινημένον
611 4178 931 4248 ἐτύγχανεν.
962 4177 1166 4233 ’Δτινα
1195 4178 1285 4232 διὰ
1324 4178 1434 4232 τῶν
1463 4181 1811 4236 οἰκειοτάτων
1836 4184 1864 4237 6

276 4275 535 4346 βασιλεὺς
585 4272 1001 4342 ἐνωτιζόμενος,
1046 4272 1141 4325 καὶ
1187 4271 1287 4341 τὴν
1338 4271 1534 4326 ἑαυτοῦ
1584 4275 1863 4329 κατανοῶν

276 4367 414 4435 πρὸς
443 4365 545 4428 τὰς
586 4364 862 4435 κοσμικὰς
904 4364 1286 4434 ἐπιχειρήσεις
1332 4365 1692 4437 ἁδεξιότητα,
1744 4368 1862 4437 ἅμα

272 4457 333 4512 δὲ
361 4462 458 4512 καὶ
492 4455 863 4511 ἐπανάστασιν
897 4455 1244 4526 εὐλαϐηθεὶς,
1282 4456 1540 4511 κοινωνὸν
1581 4458 1725 4525 ἔγνω
1754 4461 1862 4513 τῶν

1968 3267 2226 3335 querelae,
2253 3274 2307 3318 et
2341 3280 2516 3332 neque
2549 3265 2764 3318 senatui
2791 3277 2976 3332 neque
3021 3260 3238 3316 civibus
3272 3268 3395 3315 acta
3430 3274 3556 3328 pro-

1971 3358 2261 3419 babantur,
2290 3357 2506 3426 ipsique
2531 3356 2696 3410 etiam
2715 3355 2991 3408 exercitus
3019 3350 3359 3407 ferociebant
3389 3359 3555 3419 atque

1967 3450 2410 3519 exagitabantur.
2442 3447 2575 3515 Quae
2606 3447 2819 3517 1000
2847 3445 3029 3500 omnia
3064 3444 3367 3500 Micltaelus
3424 3457 3551 3497 cum

1968 3556 1997 3594 a
2032 3539 2480 3594 familiarissimis
2502 3539 2608 3593 sibi
2645 3538 2897 3592 nuntiata
2923 3536 3282 3606 percepisset,
3309 3533 3555 3588 sentiens

1970 3647 2133 3702 quam
2168 3632 2284 3702 ipse
2322 3642 2466 3686 esset
2517 3634 2585 3684 ad
2645 3631 2783 3683 tanti
2841 3628 3055 3699 imperii
3098 3626 3553 3698 gubernationem

1970 3741 2164 3796 parum
2198 3725 2449 3785 idoneus,
2472 3722 2751 3792 simulque
2780 3722 2886 3777 sibi
2916 3736 2946 3775 a
2978 3719 3251 3776 seditione
3281 3727 3555 3784 metut-ns,

1968 3818 2236 3884 collegam
2268 3817 2460 3871 statuit
2490 3816 2595 3871 sibi
2625 3813 2957 3870 adsciscere.
2980 3813 3043 3867 Et
3063 3814 3190 3884 quia
3217 3812 3379 3883 paulo
3403 3819 3552 3879 ante,

1969 3918 2027 3962 ut
2069 3907 2332 3961 di\imtts.
2371 3905 2632 3961 Basilium
2664 3906 3046 3974 adaptaverat,
3077 3905 3401 3973 sciebatque
3424 3915 3552 3957 eum

1965 4000 2195 4069 reliquis
2228 3998 2551 4053 fortitudine
2588 4009 2643 4053 et.
2699 3995 2987 4067 prudentia
3045 3995 3277 4061 anteire,
3308 4004 3363 4050 et
3392 4008 3554 4064 posse

1967 4090 2198 4161 implere
2226 4090 2375 4159 qttod
2418 4089 2523 4144 sibi
2580 4088 2646 4143 ad
2697 4087 3091 4157 rempublicam
3138 4084 3552 4157 temperandam

1968 4183 2322 4239 dexteritatis
2354 4181 2568 4243 deerat,
2616 4180 2862 4234 maxime
2893 4188 3077 4233 autem
3110 4194 3368 4249 suprema
3402 4186 3556 4247 pote-

1968 4285 2112 4333 SIale
2135 4288 2202 4329 eo
2241 4273 2422 4343 ipsum
2449 4273 2785 4341 impellente,
2818 4269 3189 4342 imperatoriis
3227 4284 3352 4324 eum
3379 4269 3555 4323 bono-

1969 4368 2147 4432 ribus,
2183 4364 2492 4435 insignibus
2525 4373 2693 4434 atque
2723 4363 2921 4431 Opibus
2942 4370 3198 4425 exornat,
3226 4374 3556 4431 progressus

1965 4460 2130 4529 bujus
2161 4458 2236 4512 rei
2268 4471 2435 4511 causa
2485 4455 2702 4524 publica
2750 4457 2805 4510 in
2860 4457 3044 4512 nobile
3076 4454 3278 4510 diviute
3323 4453 3555 4523 Sapien-

272 4550 627 4620 πραγμάτων
655 4547 1065 4622 προσλαϐέσθαι
1098 4549 1192 4602 καὶ
1221 4547 1321 4619 τῆς
1354 4549 1551 4619 ἀρχῆς.
1586 4550 1696 4603 Καὶ
1736 4552 1861 4605 ἐπεὶ

1971 4552 2056 4607 tiae
2085 4549 2293 4613 fanum,
2328 4562 2394 4602 ac
2418 4546 2619 4601 Basilio
2640 4562 2902 4602 coronam
2952 4548 3154 4617 regiam
3177 4544 3405 4617 imponit
3436 4544 3560 4613 ipso

273 4643 384 4715 πρὸ
411 4643 615 4712 ὀλίγου,
653 4644 731 4707 ὡς
766 4640 974 4698 ἄνωθεν
1019 4639 1269 4713 εἴπομεν,
1304 4642 1760 4713 υἱοποιησάμενος
1790 4640 1858 4713 ἦν

272 4734 366 4787 τὸν
400 4733 703 4798 Βασίλειον,
738 4733 858 4804 ᾔδει
887 4733 945 4786 δὲ
969 4732 1133 4785 αὐτὸν
1163 4732 1259 4786 καλ⁸
1286 4732 1478 4804 ἀνδρίᾳ
1519 4736 1616 4787 καὶ
1657 4738 1872 4788 συνέσει

1974 4651 2178 4700 sanctae
2233 4641 2585 4695 Pentecostes
2643 4639 2783 4696 festo
2828 4640 2937 4705 die,
2974 4640 3069 4704 qui
3119 4638 3225 4694 fuit
3281 4637 3400 4694 dies
3429 4635 3556 4691 Maii

1981 4736 2242 4805 vigesima
2276 4739 2452 4792 sexta,
2487 4730 2784 4785 indictione
2811 4731 3021 4786 decima
3044 4736 3262 4800 quarta.

272 4830 387 4885 τῶν
407 4828 622 4883 πολλῶν
669 4827 1001 4897 διαφέροντα
1050 4828 1145 4881 καὶ
1193 4828 1378 4881 ἱκανὸν
1436 4829 1788 4899 ἀναπληροῦν
1834 4829 1897 4883 τὸ
1952 4843 2010 4880 εν
2056 4830 2121 4897 τῇ
2164 4823 2491 4893 κυϐερνήσει
2520 4820 2616 4875 τοῦ
2648 4824 2917 4892 κοσμικοῦ
2954 4823 3200 4890 σκάφους
3241 4820 3553 4891 ὑστέρημα.

274 4922 339 4978 τὸ
363 4921 529 4975 πλέον
555 4920 612 4974 δὲ
641 4919 736 4974 καὶ
784 4919 1096 4991 ὑπερτάτης
1159 4918 1443 4988 δυνάμεως
1474 4921 1773 4988 ἐναγούσης
1832 4922 1913 4985 εἰς
1949 4920 2108 4972 τοῦτο
2138 4917 2323 4982 αὑτὸν,
2369 4919 2465 4972 καὶ
2512 4918 2795 4989 βασιλείας
2823 4919 2957 4987 τιμῇ
3001 4916 3099 4968 καὶ
3126 4915 3256 4987 δόξῃ
3285 4913 3380 4968 καὶ
3427 4912 3552 4984 χρί·

277 5033 447 5088 σματι
493 5016 835 5085 κατακοσμεί
880 5016 973 5069 τὸν
1042 5014 1344 5079 Βασίλειον,

1437 5016 1579 5069 κατὰ
1622 5017 1723 5085 τὴν
1768 5016 1921 5084 ίεράν
1980 5020 2075 5066 καὶ
2134 5012 2299 5079 ἁγίαν
2347 5011 2567 5083 ἡμέραν
2623 5011 2724 5082 τῆς
2770 5008 3176 5079 Πεντηκοστῆς,
3228 5009 3290 5061 ἐν
3336 5004 3416 5075 τῷ
3461 5022 3564 5060 πε-

276 5109 541 5182 ριωνύμῳ
613 5109 714 5179 τῆς
773 5108 868 5162 τοῦ
931 5108 1067 5162 Θεοῦ
1136 5108 1337 5175 Σοφίας
1365 5110 1513 5177 ναῷ,
1544 5110 1809 5177 δημοσίαν
1835 5107 2060 5178 πρόοδον
2101 5104 2494 5175 ποιησάμενος,
2542 5105 2636 5157 καὶ
2691 5103 2784 5156 τὸν
2825 5101 3100 5172 βασίλειον
3150 5098 3229 5169 τῷ
3288 5096 3556 5169 Βασιλείῳ

274 5202 593 5274 περιτίθησι
649 5200 931 5269 στέφανον,
1013 5200 1180 5268 ἕκτην
1226 5200 1362 5269 πρὸς
1406 5200 1609 5253 εἴκοσιν
1666 5199 1889 5268 ἄγοντος
1925 5197 2021 5252 τοῦ
2054 5198 2232 5251 Μαΐου
2261 5196 2429 5265 μηνὸς
2458 5197 2560 5264 τῆς
2589 5195 2649 5249 ιδ’
2681 5197 3080 5266 ἐπινεμήσεως.

345 5296 522 5352 Τοῦτο
553 5295 741 5366 μαθὼν
786 5297 816 5348 6
848 5293 1156 5364 Συμϐάτιος
1190 5296 1426 5364 μετρίως
1459 5294 1559 5347 οὐκ
1605 5294 1863 5363 ἤνεγκεν,

274 5388 415 5444 ἀλλὰ
450 5386 714 5455 συνεργὸν
756 5384 996 5455 εἰληφὼς
1030 5386 1129 5439 καὶ
1161 5387 1254 5437 τὸν
1286 5385 1582 5453 πατρίκιον
1606 5386 1867 5455 Πηγάνην

274 5478 677 5551 (στραηγὲτης
706 5477 764 5530 δὲ
793 5470 949 5540 οὗτος
980 5475 1074 5530 τοῦ
1116 5475 1364 5545 Ὀψικίου
1397 5478 1701 5548 ἐτύγχανε)
1733 5478 1871 5546 πρὸς

273 5570 579 5624 ἀπόστασιν
624 5562 788 5632 εἶδον,
839 5566 1061 5637 Μιχαὴλ
1102 5564 1202 5636 μὶν
1235 5565 1614 5636 εὐφημοῦντες
1652 5567 1739 5620 τὸν
1775 5567 1870 5637 βα-

279 5661 455 5726 σιλέα,
487 5660 577 5730 ΙΡ.
604 5656 826 5729 5671ὠς
858 5657 925 5712 ἂν
951 5661 1015 5711 ἐκ
1042 5657 1235 5711 τούτου
1266 5658 1337 5711 τά
1368 5659 1551 5728 πλήθη
1571 5662 1864 5726 ἐπάγοιντο

278 5754 373 5806 καὶ
408 5752 487 5822 μὴ
517 5751 724 5804 ὣκοτεν
773 5752 965 5822 χεῖρας
996 5750 1176 5821 αἴρειν
1204 5750 1349 5804 κατὰ
1396 5752 1491 5804 τοῦ
1525 5754 1862 5821 αὐτοκράτο-

282 5861 397 5914 ρος,
445 5840 857 5913 δυσφημοῦντες
906 5841 963 5896 δὲ
1015 5842 1108 5894 τὸν
1163 5841 1441 5895 Βασίλειον
1491 5842 1587 5895 καὶ
1644 5845 1867 5913 μυρίαις

2044 5289 2159 5345 Hoc
2194 5291 2282 5345 ubi
2317 5290 2541 5344 rescivit
2565 5288 2904 5362 Symbatius.
2936 5288 3128 5358 inique
3153 5285 3298 5351 tulit,
3319 5292 3555 5341 nactus-

1974 5398 2083 5452 que
2115 5380 2326 5435 socium
2382 5378 2650 5436 facinoris
2698 5381 2968 5449 Pegauem
2999 5377 3316 5449 patricium,
3350 5375 3558 5445 Opsicii

1978 5472 2323 5545 praefectum,
2355 5473 2709 5529 rebellionem
2750 5481 2837 5528 est
2869 5473 3111 5528 molitus.
3160 5469 3487 5526 Michaelum
3519 5468 3556 5523 ii

1975 5568 2357 5634 imperatorem
2415 5565 2614 5622 faustis
2664 5566 2894 5621 vocibus
2951 5564 3279 5635 probabant,
3312 5570 3372 5618 ut
3409 5562 3559 5616 mul-

1970 5659 2262 5713 titttdiuem
2288 5658 2390 5713 sibi
2413 5659 2797 5720 conciliarent,
2821 5672 3001 5727 neque
3024 5656 3343 5711 viderentur
3360 5662 3556 5710 contra

1974 5766 2135 5806 suum
2174 5752 2565 5820 imperatorem
2599 5764 2795 5806 manus
2827 5750 3045 5814 tollere,
3072 5747 3336 5803 Basiliutn
3364 5754 3550 5803 autem

1978 5843 2365 5912 improbabant
2424 5858 2489 5897 ar.
2521 5842 2753 5899 infinitis
2806 5841 3238 5911 proscindebant
3258 5838 3545 5898 conviciis.
