4226 6442
705 371 848 440 1087

1972 374 2303 439 GEORGII
2345 378 2685 440 CEDRENI

3841 380 3985 448 1088

700 495 826 550 llaec
855 500 1045 549 aestate
1074 494 1393 564 agebantur.
1428 491 1534 548 Sed
1562 502 1620 547 ut
1649 492 1825 546 hiems
1861 493 2005 556 iniit,
2042 494 2280 564 dissipa-
2312 544 2317 556 γ

2401 498 2685 561 πλύνοντες
2714 496 2929 569 ὕϐρεσι.
2963 497 3074 552 Καὶ
3103 496 3277 552 ταῦτα
3309 497 3409 569 μὲν
3435 498 3739 569 ἐπράττετο
3762 499 3981 571 θέρουςο

701 599 752 643 ta
787 595 872 644 est
896 587 1010 642 hate
1039 587 1230 653 coitio,
1257 587 1494 642 ducibus
1518 583 1878 655 scelerisfnga
1918 585 2024 638 sibi
2061 586 2290 640 salutem

703 679 1105 751 qumrentibus.
1138 677 1458 751 Symbatius
1497 676 1922 731 Latum'saxuni
1964 676 2172 747 1001
2214 679 2289 742 (id

708 784 793 827 est
849 773 996 828 Asia:
1052 772 1339 827 castellum
1385 769 1667 823 excelsum
1726 778 1781 825 et
1836 768 2286 839 munitissimum)

2398 589 2605 660 χειμὼν
2657 589 2701 642 δ’
2752 591 2984 653 ἐπιστάς
3017 590 3117 654 τάς
3156 589 3448 653 συστάσεις
3501 583 3708 644 τούτων
3744 593 3982 658 διέλυσε,

2393 684 2503 738 τῶν
2526 684 2786 755 ἀρχηγῶν
2809 685 2909 752 τῆς
2930 683 3193 746 ἀπονοίας
3224 687 3371 753 φυγῇ
3400 684 3501 753 τὴν
3530 685 3808 758 σωτηρίαν
3836 701 3986 755 πρα-

2393 775 2886 845 γματευσαμένων.
2956 775 3014 829 Ὀ
3060 777 3158 847 μὲν
3188 774 3282 829 οὖν
3328 776 3635 845 Συμϐάτιος
3685 777 3781 846 τὴν
3833 779 3983 831 lna-

709 865 952 930 intravit,
1010 862 1256 933 Pegancs
1336 862 1635 932 Cmyaeium
1718 860 1975 914 obtinuit.
2047 860 2286 933 Uterque

2401 869 2538 919 κεῖαν
2564 868 2773 937 πέτραν
2809 867 3089 939 (φρούριον
3123 869 3180 922 δὲ
3233 868 3391 921 τοῦτο
3441 869 3675 939 ἐρυμνὸν
3723 869 3818 922 καὶ
3851 868 3985 922 δυσ-

708 957 871 1025 panlo
907 966 1030 1026 post
1062 963 1411 1024 expugnatus
1440 955 1492 1008 in
1532 953 1767 1008 vinculis
1792 963 1878 1008 εει
1917 953 1984 1007 ad
2042 955 2281 1024 iinpcra-
2326 982 2337 991 ι

709 1056 881 1101 torem
909 1046 1230 1117 perductus.
1266 1046 1422 1099 Oculi
1456 1047 1522 1100 iis
1548 1045 1755 1108 cﬂ'ossi,
1785 1043 2065 1116 Synibatio
2091 1047 2282 1100 dextra

706 1156 773 1193 an
799 1149 1009 1210 putata.
1062 1156 1231 1195 nasus
1266 1139 1489 1207 chani,
1525 1148 1579 1193 et
1631 1138 1850 1207 relegati
1885 1146 2035 1192 sunt.

710 1250 894 1299 ρονται
933 1220 1024 1287 τδν
1077 1234 1317 1304 βασιλέα·
1352 1232 1400 1285 οἳ
1433 1236 1527 1286 καὶ
1565 1233 1688 1291 τοὺς
1730 1233 2043 1302 ὀφθαλμοὺς
2096 1233 2349 1303 πηρωθέν

2388 959 2600 1012 ἀλωτον
2631 960 2773 1013 κατὰ
2802 960 2899 1031 τὴν
2928 961 3114 1013 Ἀσίαν
3135 961 3497 1030 διακείμενον)
3518 962 3925 1033 ἐπεισέρχεται,
3954 964 3982 1015 ό

2387 1049 2450 1102 δὲ
2484 1052 2741 1121 Πηγάνης
2771 1053 3002 1120 κατέσχε
3036 1051 3099 1104 τὺ
3127 1053 3442 1106 Κοτυάειον.
3504 1053 3666 1107 Ἀλλά
3704 1053 3845 1124 μετά
3885 1070 3981 1121 μι-

2397 1142 2527 1213 κρὸν
2571 1143 3117 1213 καταπολεμηθέντες
3154 1142 3365 1214 δέσμιοι
3406 1143 3543 1213 πρὸς
3581 1144 3745 1199 αύτδν
3782 1146 3985 1213 ἀναφέ-

2355 1252 2470 1301 τες,
2517 1239 2612 1291 καὶ
2650 1239 2875 1307 προσέτι
2908 1236 3119 1291 τούτων
3170 1241 3271 1308 τὴν
3338 1241 3438 1309 μὲν
3495 1237 3677 1303 δεξιάν
3738 1240 3768 1292 6
3831 1238 3982 1307 Συμ-

709 1327 915 1391 ϐάτιος,
938 1330 1037 1396 τὴν
1071 1329 1190 1395 ῥῖνα
1213 1325 1270 1379 δὲ
1298 1327 1325 1379 ό
1366 1325 1621 1394 Πηγάνης
1646 1324 2002 1394 ἀποτμηθεὶς,
2045 1324 2280 1396 ὲξορίαις
2323 1328 2807 1398 παραπέμπονται.

784 1417 1055 1473 Omnibus
1113 1415 1358 1470 Rr‘ntano
1417 1417 1651 1484 impr-rio
1711 1418 1944 1472 subditis
1998 1429 2151 1486 grata
2187 1417 2289 1471 [υῑι

712 1509 902 1565 Basilii
961 1510 1292 1579 designatio,
1330 1511 1686 1580 cupientibus
1740 1526 1864 1565 cum
1901 1511 2072 1564 virum
2107 1512 2291 1565 videre

719 1602 784 1656 ad
824 1601 1038 1655 clavum
1068 1602 1388 1671 reipublicae
1439 1602 1851 1669 scdenlcm,qtti
1884 1601 2077 1670 priVuti
2116 1603 2290 1654 ἴοι-ιιι·
2330 1634 2333 1637 -

714 1706 839 1744 nam
895 1698 1156 1760 expertus
1206 1706 1315 1744 non
1369 1691 1645 1760 ignoraret
1674 1691 1950 1760 quomodo
2001 1691 2290 1745 bumilesa

717 1783 1037 1851 potentibus
1090 1791 1479 1837 tractarentur.
1513 1770 1784 1837 Praeterea
1837 1784 2127 1837 molestum
2172 1789 2290 1835 erat

717 1871 971 1928 Michaeli
1005 1874 1317 1943 imperium,
1357 1874 1609 1928 dissoluti
1644 1875 1895 1936 nimium,
1938 1874 2181 1942 nullique
2210 1877 2285 1927 rei

714 1977 880 2030 quam
942 1962 1441 2019 comessationibus
1497 1973 1553 2019 ct
1597 1964 1838 2030 crapulae
1888 1963 2056 2018 dediti
2125 1973 2291 2033 atque

713 2056 1150 2124 atnigationibus
1181 2057 1501 2128 scurrisque
1550 2066 1606 2113 et
1665 2058 1787 2112 aliis
1845 2057 1966 2112 istis
1989 2058 2292 2113 decantatis

715 2148 901 2218 nugis,
948 2163 1187 2218 quarum
1229 2164 1395 2219 supra
1439 2148 1620 2204 obiter
1671 2149 2006 2203 mentionem
2035 2148 2287 2205 fecimus.

714 2241 866 2296 Idem
897 2242 1150 2296 aerarium
1199 2258 1323 2297 cum
1370 2242 1557 2298 cil'usis
1606 2244 1658 2296 in
1691 2242 1961 2308 cinaedos,
1989 2243 2292 2298 sambucis-

719 2334 882 2400 trias,
914 2334 1225 2389 saltatrices
1275 2335 1550 2405 aliamque
1600 2336 1947 2404 itnpurorum
2007 2336 2288 2390 hominum

717 2435 995 2482 catervam
1058 2426 1441 2498 largitionibus
1497 2428 1846 2484 exhausisset
1876 2440 1931 2483 et
1975 2430 2028 2481 in
2080 2443 2289 2483 aretunl

720 2532 835 2572 rent
870 2517 1173 2573 Romanam
1221 2520 1515 2589 coegisset,
1545 2521 1748 2576 deinde
1800 2522 1982 2592 inopia
2011 2530 2293 2591 premente

717 2625 842 2665 cum
872 2626 983 2680 quo
1006 2627 1067 2668 se
1090 2623 1327 2669 verteret
1358 2631 1465 2669 non
1491 2616 1733 2681 haberet,
1763 2616 2000 2685 injustas
2036 2619 2295 2687 parandae

717 2717 824 2773 qua
847 2705 1273 2760 necessitatibus
1298 2708 1416 2762 suis
1444 2709 1755 2763 mederetur
1783 2709 2026 2778 pecuniae
2051 2711 2295 2766 rationes

718 2797 1072 2866 excogitavit,
1124 2813 1435 2868 manusque
1493 2799 1690 2870 impias
1739 2804 1903 2857 rebus
1936 2803 2076 2856 nihil
2111 2804 2179 2857 ad
2233 2819 2294 2858 se

716 2889 1126 2958 pertinentibus
1151 2890 1356 2945 intulit.
1385 2891 1524 2957 Quin
1554 2905 1609 2947 et
1639 2909 1764 2948 cum
1792 2904 1933 2950 cmttt
1960 2896 2295 2950 nefariorum

719 2987 886 3049 atque
922 2981 1311 3038 obscmnorunt
1346 2984 1684 3039 cinaedorum
1718 2987 1880 3041 rebus
1903 2989 2077 3041 sacris
2098 2987 2297 3044 illude-

718 3072 833 3133 bat.
868 3073 1193 3144 nullumque
1234 3084 1354 3131 erat
1383 3077 1518 3131 adeo
1551 3078 1837 3132 infandum
1882 3080 2094 3151 1002
2116 3080 2297 3136 scelus

2468 1423 2672 1485 Πάντες
2698 1423 2743 1476 δ’
2770 1422 3169 1493 ηὑφράνθησαν
3195 1422 3290 1475 ἐπὶ
3314 1426 3381 1493 τῇ
3416 1422 3719 1494 ἀναῤῥήσει
3746 1420 3843 1475 τοῦ
3870 1422 3980 1475 Βα-

2395 1512 2595 1566 σιλεέου
2627 1514 2677 1566 oi
2706 1515 2802 1583 τῆς
2868 1514 3157 1583 Ῥωμαίων
3189 1514 3467 1585 βασιλείας
3505 1515 3759 1586 ὑπήκοοι,
3799 1513 3986 1583 γλιχό-

2397 1622 2551 1674 μινοι
2581 1604 2749 1677 ἄνδρα
2776 1604 3075 1659 θεάσασθαι
3103 1605 3196 1657 ἐπὶ
3216 1605 3328 1657 τῶν
3356 1605 3556 1659 οἰάκων
3582 1605 3678 1673 τῆς
3704 1604 3985 1673 βασιλείας

2393 1696 2708 1764 καθήμενον
2746 1696 3022 1765 ἰδιωτικῆς
3051 1713 3111 1748 τε
3138 1696 3308 1765 τύχης
3339 1696 3741 1766 πεπειραμένον
3774 1695 3872 1748 καὶ
3904 1695 3981 1764 μὴ

2396 1790 2695 1857 ἀγνοοῦντα
2725 1784 2813 1842 οἷα
2865 1790 3168 1857 πάσχουσιν
3198 1787 3305 1840 ὑπὸ
3353 1787 3463 1839 τῶν
3504 1786 3893 1857 δυνατωτέρων
3931 1786 3984 1839 οί

2393 1884 2789 1955 ταπεινότεροι.
2844 1882 3065 1935 Ἐλύπει
3105 1880 3215 1951 γὰρ
3244 1880 3443 1942 αὐτοὺς
3474 1880 3569 1932 καὶ
3609 1880 3662 1950 ἠ·
3692 1878 3789 1931 τοῦ
3825 1877 3984 1948 βασι-

2393 1977 2530 2040 λέως
2580 1977 2801 2047 Μιχαὴλ
2846 1975 2991 2047 ἀρχὴ
3025 1975 3147 2027 λίαν
3214 1972 3357 2043 ὑγρά
3404 1970 3498 2024 καὶ
3556 1969 3986 2044 ἐκδεδιῃτημένη

2395 2068 2738 2138 ὑπάρχουσα,
2791 2069 2884 2120 καὶ
2935 2066 3100 2137 μηδὲν
3142 2063 3270 2118 ἄλλο
3316 2063 3476 2132 ἔργον
3523 2062 3723 2131 ἔχουσα
3774 2061 3891 2113 ἀλλ’
3950 2058 3984 2128 ἥ

2394 2162 2617 2232 κώμους
2695 2159 2789 2215 καὶ
2875 2158 3089 2229 μέθας,
3164 2156 3260 2210 καὶ
3320 2154 3653 2224 εὐθηνοῦσαν
3720 2152 3987 2223 ἱπποδροο

2398 2254 2528 2323 μίαν
2567 2251 2661 2305 καὶ
2690 2249 3089 2320 γελωτοποιοὺς
3124 2247 3218 2300 καὶ
3244 2247 3343 2308 τὰς
3371 2245 3540 2308 ἀλλας
3567 2246 3667 2308 τὰς
3700 2243 3986 2315 παρεξηυ-

2394 2345 2637 2416 λημένας
2690 2342 2802 2397 τῶν
2856 2341 3130 2411 πράξεων,
3184 2334 3259 2393 ὧν
3308 2340 3383 2403 ὡς
3432 2340 3489 2391 ἐν
3536 2337 3753 2407 παρόδῳ
3791 2335 3988 2406 μνείαν

2395 2439 2602 2496 ἄνωθεν
2643 2439 2672 2490 6
2708 2437 2865 2504 λόγος
2894 2435 2983 2488 διὰ
3015 2434 3262 2504 βραχέων
3294 2432 3446 2485 ἔθετο
3467 2472 3481 2495 ,
3514 2431 3640 2493 τοὺς
3667 2429 3988 2499 βασιλικοὺς

2397 2531 2706 2601 θησαυροὺς
2739 2527 2997 2590 κιναίδοις
3031 2526 3126 2579 καὶ
3174 2523 3635 2594 σαμϐυκιστρίαις
3677 2521 3772 2574 καὶ
3815 2520 3987 2588 ὀρχη-

2399 2622 2578 2693 στρίσι
2608 2620 2703 2674 καὶ
2736 2619 3053 2673 ἀκολάστων
3084 2618 3222 2670 ὅλων
3272 2615 3476 2686 πληθύῖ
3522 2614 3801 2684 δικράνοκ
3839 2612 3985 2674 ὅλοις

2396 2711 2818 2773 ἀποκενοῦντος.
2866 2711 2984 2779 Ἀφ’
3021 2703 3096 2761 ὧν
3144 2707 3213 2760 τὰ
3270 2710 3370 2777 μὲν
3433 2705 3720 2774 Ῥωμαίων
3767 2706 3985 2756 ἐστενο-

2398 2806 2628 2878 χωρεῖτο
2670 2804 2997 2874 πράγματα,
3045 2801 3207 2863 αὐτὸς
3241 2800 3297 2853 δὲ
3349 2798 3847 2869 στενοχωρούμενος
3878 2795 3988 2848 ὑπὸ

2397 2898 2497 2966 τῆς
2534 2895 2743 2957 ἐνδείας
2767 2937 2782 2960 ,
2814 2895 2908 2947 καὶ¹
2936 2893 3009 2964 μὴ
3037 2892 3175 2962 ἔχων
3204 2893 3233 2945 ὅ
3262 2909 3310 2944 τι
3346 2893 3440 2943 καὶ
3466 2891 3734 2961 δράσειεν,
3761 2888 3986 2948 ἀδίκους

2399 2991 2605 3060 πόρους
2653 2988 2925 3041 ἐπενοεῖτο
2971 2985 3053 3044 είς
3101 2983 3400 3053 θεραπείαν
3443 2981 3586 3051 τάχα
3616 2981 3712 3049 τῆς
3760 2978 3985 3048 χρείας,

2399 3084 2495 3135 καὶ
2526 3082 2713 3151 χεῖρας
2736 3077 2982 3139 ἀνοσίους
3012 3075 3279 3128 ἐπέϐαλλε
3308 3076 3424 3137 τοῖς
3462 3073 3603 3126 κατά
3652 3071 3818 3141 μηδὲν
3849 3070 3989 3131 ὅλως

719 3164 864 3232 quod
895 3164 940 3220 is
969 3181 1091 3227 cum
1120 3167 1236 3222 suis
1294 3168 1522 3224 asscclis
1550 3170 1729 3224 verbis
1762 3185 1929 3239 reque
1962 3186 2071 3224 non
2106 3186 2299 3241 perpe-

2402 3173 2552 3241 αύτῷ
2580 3172 2937 3241 προσήκουσι.
2972 3166 3288 3231 Κατέπαιζε
3316 3166 3372 3219 δὲ
3397 3164 3492 3218 καὶ
3515 3163 3625 3217 τῶν
3656 3163 3821 3215 θείων
3846 3160 3990 3230 μετά

718 3263 912 3311 trarct.
945 3258 989 3310 A
1017 3260 1216 3327 quibus
1246 3275 1372 3315 cum
1410 3278 1534 3317 eum
1557 3271 1801 3317 avertere
1832 3263 2077 3317 studeret
2147 3263 2301 3318 Basi-

719 3347 829 3402 lius
888 3363 1114 3421 remque
1175 3354 1381 3422 srepius
1446 3361 1732 3420 tentasset,
1800 3369 1908 3409 non
1947 3356 2111 3409 modo
2164 3355 2297 3409 nihil

721 3438 923 3503 effecit,
958 3442 1053 3497 sed
1079 3453 1134 3497 et
1164 3454 1360 3499 contra
1390 3460 1450 3500 se
1478 3444 1803 3500 Michaelum
1837 3446 2075 3501 irritavit
2103 3455 2300 3518 estque

722 3531 792 3586 ab
821 3549 888 3588 eo
917 3535 1133 3589 insidiis
1174 3538 1406 3603 petitus,
1434 3545 1492 3593 ut
1545 3554 1711 3608 supra
1771 3539 2083 3594 docuimus.
2112 3541 2301 3610 Itaque

722 3628 1138 3683 continentibus
1180 3630 1529 3700 imperatoris
1561 3639 1754 3686 contra
1787 3645 1847 3685 se
1878 3632 2300 3686 machinationi-

722 3716 829 3771 bus
857 3721 1180 3786 perterritus
1213 3731 1544 3789 praevertere
1590 3721 1920 3776 maleﬁciqu
1955 3723 2143 3777 statuit
2177 3730 2299 3776 tan-

723 3809 869 3874 detn,
897 3827 1060 3881 reque
1084 3828 1207 3867 cum
1230 3813 1553 3882 quibusdam
1578 3814 1695 3869 suis
1713 3814 2072 3881 necessariis,
2099 3829 2302 3885 cogna-

726 3901 799 3955 tis
856 3918 920 3956 ac
957 3905 1368 3963 excubitoribus
1416 3907 1602 3977 palatii
1653 3908 1980 3978 composita,
2042 3907 2197 3963 illum
2245 3907 2300 3962 in

723 3995 927 4063 palatio
950 3996 1065 4051 Diri
1102 3998 1387 4054 Mamantis
1418 4001 1716 4057 interfecit.

2411 3264 2627 3335 μικρῶν
2683 3264 2775 3315 καὶ
2824 3258 3071 3326 ἀσελγῶν
3132 3256 3496 3328 ἀνδρογύνων·
3560 3256 3655 3307 καὶ
3710 3253 3866 3306 οὐδὲν
3916 3246 3993 3320 ἦν

2407 3352 2843 3426 ἀῤῥητσύργημα
2869 3350 2897 3402 ὃ
2931 3348 3004 3421 μὴ
3042 3349 3107 3403 δι’
3137 3347 3303 3401 αὑτοῦ
3334 3348 3429 3400 καὶ
3460 3346 3567 3399 τῶν
3594 3344 3771 3407 ἄλλως
3803 3360 3991 3412 παρι-

2408 3447 2759 3521 τρεφομένων
2785 3442 2934 3512 αὐτῷ
2964 3443 3057 3494 καὶ
3087 3440 3307 3508 ὲλέγετο
3341 3440 3434 3492 καὶ
3464 3438 3783 3509 ἐπράττετο.
3828 3437 3995 3489 Ἀπο-

2407 3540 2627 3607 τρέπειν
2676 3537 2733 3590 δὲ
2776 3536 2885 3588 τῶν
2936 3533 3197 3587 τοιούτων
3243 3531 3521 3601 ἀθεμίτων
3569 3529 3750 3600 ἔργων
3800 3529 3998 3583 τοῦτον

2409 3630 2733 3703 βουλόμενος
2778 3631 2805 3683 6
2834 3628 3112 3689 Βασίλειος
3140 3625 3405 3688 πολλάκις
3432 3624 3709 3696 πειραθεὶς
3741 3623 3803 3676 ού
3831 3622 3998 3692 μόνον

2406 3726 2510 3778 οὐκ
2540 3723 2751 3792 fauos,
2789 3720 2990 3791 μᾶλλον
3020 3723 3117 3790 μὲν
3147 3714 3239 3772 οὖν
3270 3716 3365 3772 καὶ
3406 3716 3543 3788 πρὸς
3585 3715 3759 3787 ὀργὴν
3794 3712 3999 3787 ἀνηρέ-

2409 3817 2547 3880 θισε,
2582 3815 2673 3868 καὶ
2708 3813 2939 3883 μελετᾷν
2973 3813 3095 3864 κατ’
3132 3809 3297 3865 αὐτοῦ
3332 3809 3499 3862 σκαιά
3530 3809 3628 3861 καὶ
3662 3810 3839 3862 ἄτοπα
3894 3809 3997 3860 ἀν-

2410 3906 2659 3977 εκίνησε,
2700 3902 2887 3966 καθὼς
2921 3903 2979 3954 ὲν
3018 3904 3127 3963 τοῖς
3145 3899 3455 3970 ἔμπροσθεν
3501 3899 3736 3968 εἴρηται.
3767 3898 3899 3959 Ταῖς
3935 3896 3999 3950 δὲ

2408 3996 2532 4051 κατ’
2605 3995 2772 4050 αὑτοῦ
2837 3993 3119 4063 συνεχέσιν
3186 3990 3502 4054 ἐπιϐουλαῖς
3577 3991 3673 4044 καὶ
3738 3990 4001 4060 μελέταις

723 4085 1148 4156 ὲκδειματωθεὶς
1176 4091 1203 4142 6
1238 4088 1516 4154 Βασίλειος
1545 4092 1745 4162 δρᾶσαί
1807 4110 1861 4147 τι
1925 4092 2124 4164 μᾶλλον
2152 4088 2260 4161 πρὸ
2287 4085 2382 4142 τοῦ
2421 4086 2617 4139 παθεῖν
2666 4086 2995 4155 ἠγωνίσατοο
3043 4081 3239 4137 οὐκοῦν
3288 4083 3382 4136 καὶ
3431 4081 4000 4153 παρασκευασάμενος

729 4179 866 4249 μετά
898 4197 1058 4234 τινων
1083 4182 1301 4236 οἰκείων
1323 4196 1382 4235 τε
1416 4184 1513 4237 καὶ
1544 4186 1823 4254 συγγενῶν
1853 4185 1951 4240 καὶ
1983 4184 2091 4238 τῶν
2121 4181 2475 4253 παρακοίτων
2545 4179 2603 4231 ιν
2651 4177 2766 4239 τοίς
2827 4173 3122 4246 βασιλείοις
3196 4171 3545 4244 στρατιωτῶν
3612 4174 3829 4245 ἀναιρεῖ
3902 4176 4001 4227 τὸν

727 4271 953 4343 βασιλέα
985 4275 1042 4326 ὲν
1075 4276 1186 4337 τοῖς
1220 4274 1504 4340 παλατίοις
1535 4276 1630 4330 τοῦ
1670 4276 1854 4345 Ἀγίου
1890 4277 2127 4346 μεγάλου
2153 4277 2429 4346 μάρτυρος
2456 4268 2778 4338 Μάμαντος-

798 4366 958 4422 llunc
1011 4367 1175 4422 linem
1232 4369 1482 4425 Micliaeli
1542 4373 1726 4427 mollis
1773 4388 1837 4426 ac
1884 4372 2159 4427 dissoluta
2192 4371 2303 4425 vita
2361 4435 2370 4441 ,

726 4458 942 4514 habuit.
974 4458 1051 4514 Eo
1099 4459 1336 4528 sublato,
1367 4462 1554 4517 statim
1586 4462 1826 4519 Basilius
1851 4464 2087 4534 primum
2111 4478 2143 4518 a
2172 4477 2306 4518 con-

723 4549 1021 4621 iurationis
1075 4553 1262 4615 sociis,
1317 4552 1517 4609 deinde
1572 4570 1602 4608 a
1656 4564 1850 4610 senatu
1902 4566 1958 4610 et
1987 4555 2308 4611 cohortibus

730 4643 1106 4711 imperatoriis
1124 4652 1178 4700 et
1204 4645 1355 4698 omni
1378 4646 1624 4700 exercitu
1649 4654 1816 4716 atque
1851 4647 2063 4701 urbana
2112 4647 2305 4702 multi-

726 4735 919 4789 tudine
952 4735 1255 4804 imperator
1282 4743 1367 4790 est
1394 4735 1734 4794 declaratus.
1785 4736 1854 4793 Ut
1877 4739 2115 4808 primum
2146 4752 2308 4794 occe-

726 4825 809 4895 pit
838 4826 1155 4894 imperium,
1208 4834 1402 4880 senatu
1453 4840 1518 4881 ac
1574 4828 1991 4897 magistratibus
2022 4827 2308 4884 advocatis

728 4917 985 4971 mrarium
1038 4917 1391 4986 imperatoris
1446 4920 1682 4988 aperuit,
1718 4920 1886 4990 inque
1941 4935 2007 4975 eo
2033 4920 2100 4975 de
2160 4928 2310 4975 tanta

730 5007 977 5077 pecuniae
1031 5008 1187 5077 copia
1216 5008 1353 5062 nihil
1400 5010 1674 5079 reliquum
1726 5011 1934 5065 invenit
1954 5020 2152 5080 praeter
2178 5011 2308 5075 tria,

730 5103 791 5149 ut
814 5097 1074 5162 diximus,
1093 5100 1429 5156 centenaria.
1460 5100 1722 5167 Quaerenti
1740 5110 1922 5156 autem
1946 5116 2310 5172 expensarum

732 5184 972 5249 tabulas.
1021 5196 1070 5243 ct
1101 5203 1197 5245 eas
1248 5203 1418 5259 penes
1461 5191 1753 5259 quemdam
1780 5208 1965 5247 senem
1997 5193 2310 5248 eunuchum

732 5277 1040 5346 reperiens,
1096 5281 1189 5334 ubi
1250 5281 1611 5353 deprehendit
1657 5298 1923 5353 quorsum
1987 5299 2049 5340 ea
2080 5284 2312 5354 pecunia

735 5377 888 5422 esset
912 5369 1062 5433 data,
1122 5372 1482 5439 optimatibus
1534 5386 1647 5427 rem
1672 5371 2081 5428 deliberandam
2110 5387 2311 5442 propo-

735 5457 865 5513 suit.
923 5458 1027 5524 Qui
1090 5475 1216 5515 cum
1266 5476 1376 5516 una
1415 5464 1686 5518 sententia
1712 5463 2082 5520 decrevissent
2114 5464 2313 5518 debere

740 5550 955 5622 1003
986 5569 1085 5608 eos
1112 5555 1205 5626 qui
1263 5558 1554 5626 pecuniam
1608 5558 1769 5613 malis
1827 5558 2129 5612 rationibus
2157 5572 2313 5613 acce-

736 5643 1109 5711 pissent,'eam
1131 5648 1325 5703 aerario
1344 5647 1654 5714 restituere,
1681 5648 1798 5717 ipse
1824 5649 2066 5718 mitigata
2092 5656 2313 5702 senten-

736 5733 814 5787 tia
837 5733 1122 5789 dimidium
1149 5735 1303 5791 reddi
1329 5736 1518 5806 jussit.
1551 5737 1667 5794 Hoc
1706 5739 1870 5794 modo
1924 5745 2164 5793 trecenta
2189 5736 2308 5792 auri

741 5827 1052 5882 ccntenaria
1079 5828 1277 5885 trario
1323 5839 1640 5900 recuperata
1666 5842 1818 5887 sunt.
1864 5830 2009 5886 Inter
2040 5830 2309 5900 recipien-

2483 4365 2595 4417 Καὶ
2640 4359 2859 4432 Μιχαὴλ
2898 4359 2997 4431 μὲν
3026 4358 3170 4412 οὕτω
3212 4358 3361 4428 βιοὺς
3389 4358 3696 4426 ἀνειμένως
3728 4359 3820 4410 καὶ
3858 4358 4001 4428 μαλ-

2414 4455 2598 4518 θακῶς
2629 4453 2874 4509 τοιοῦτον
2908 4453 3005 4504 καὶ
3047 4450 3108 4503 τὸ
3136 4450 3292 4512 τέλος
3326 4450 3565 4513 ἐδέξατο,
3598 4449 4002 4518 ἀναγορεύεται

2411 4548 2470 4603 δὲ
2513 4547 2782 4624 μόναρχος
2829 4542 2995 4606 εὐθὺς
3032 4543 3061 4594 ό
3101 4539 3384 4604 Βασίλειος
3436 4542 3589 4610 παρά
3632 4558 3689 4592 τε
3733 4541 3843 4593 τῶν
3877 4559 4005 4594 συν-

2413 4639 2642 4711 ωμοτῶν
2694 4637 2934 4708 πρῶτον,
2991 4630 3112 4689 εἷτα
3159 4635 3256 4687 καὶ
3301 4636 3402 4703 τῆς
3447 4632 3751 4702 συγκλήτου
3802 4631 4005 4702 βουλῆς

2408 4733 2504 4786 καὶ
2534 4729 2644 4783 τῶν
2674 4726 2974 4799 βασιλικῶν
3009 4725 3307 4793 ταγμάτων
3338 4725 3433 4776 καὶ
3465 4722 3668 4785 παντὸς
3698 4722 3794 4776 τοῦ
3833 4740 4005 4795 στρα-

2408 4820 2678 4891 τεύματος
2720 4818 2946 4897 καὶτῆς
2979 4816 3219 4886 πληθύος
3259 4815 3359 4883 τῆς
3412 4813 3496 4886 [Ρ.
3560 4812 3692 4885 568]
3743 4814 4000 4880 ἀπικῆς.

2411 4914 2565 4983 Ἅμα
2606 4913 2665 4967 δὲ
2718 4910 2796 4980 τῷ
2837 4907 3131 4980 παρελθεῖν
3165 4906 3259 4960 επὶ
3302 4905 3402 4974 τὴν
3442 4905 3552 4958 τῶν
3609 4906 3748 4958 ὅλων
3796 4907 4001 4976 ἀρχὴν,

2411 5001 2932 5071 προσκαλεσάμενος
2965 4997 3168 5050 αὐτίκα
3214 4996 3317 5063 τὴν
3346 4995 3637 5065 γερουσίαν
3665 4996 3762 5049 καὶ
3788 4998 3916 5059 τοὺς
3944 4998 4006 5051 ὲν

2410 5093 2685 5163 ἀξιώμασι
2724 5089 3085 5160 προῦχοντας,
3131 5088 3222 5141 τὸν
3252 5087 3530 5157 βασιλικὸν
3554 5088 3758 5157 ἠνέῳξε
3798 5086 4007 5157 θησαυο

2416 5186 2527 5256 ρδν,
2563 5185 2661 5237 καὶ
2692 5184 2845 5237 οὐδὲν
2892 5183 3082 5251 ἕτερον
3135 5182 3198 5234 ὲκ
3241 5181 3499 5234 τοσούτου
3538 5180 3646 5232 τῶν
3694 5182 4003 5249 χρημάτων

2412 5278 2650 5348 πλήθους
2693 5274 2893 5345 εὑρέθη
2948 5277 2997 5327 εἰ
3049 5276 3146 5344 μὴ,
3203 5274 3280 5337 ὡς
3335 5277 3430 5327 καὶ
3474 5273 3710 5343 πρόσθεν
3755 5273 4000 5343 εἴρηται,

2410 5369 2538 5437 τρία
2569 5368 2705 5437 μόνα
2740 5365 3091 5437 κεντηνάρια.
3128 5366 3379 5435 Ζητήσας
3415 5360 3510 5419 οὖν
3537 5368 3565 5419 ὁ
3605 5363 3862 5433 βασιλεὺς
3904 5366 4005 5436 τὴν

2413 5460 2510 5528 τῆς
2535 5459 2716 5523 ἐξόδου
2751 5456 3103 5528 ἀπογραφὴν,
3138 5457 3236 5509 καὶ
3265 5457 3475 5527 ταύτην
3503 5458 3677 5528 εὑρὼν
3710 5459 3866 5528 παρά
3893 5475 4005 5512 τινι

2413 5553 2630 5620 γέροντι
2670 5548 2949 5619 εὐνούχῳ,
2997 5549 3091 5601 καὶ
3127 5548 3311 5618 μαθὼν
3350 5550 3456 5618 ὅπη
3503 5549 3676 5602 ταῦτα
3728 5551 4003 5620 ἐχώρησε,

2419 5641 2614 5711 βουλὴν
2643 5644 2772 5710 περὶ
2810 5639 3001 5694 τούτου
3042 5639 3309 5711 προῦθετο
3351 5644 3462 5705 τοῖς
3494 5643 3758 5711 ἀρίστοις.
3797 5642 4004 5712 Ψήφου

2415 5731 2473 5785 δὲ
2500 5732 2651 5801 παρά
2677 5731 2899 5785 πάντων
2928 5729 3179 5800 δοθείσης
3201 5730 3444 5794 ἐκείνους
3466 5734 3592 5790 τοὺς
3619 5732 3808 5796 κακῶς
3828 5731 4007 5787 ταῦτα

2417 5825 2683 5888 λαϐὁιτας
2713 5822 3153 5895 ἀντιστρέψαιτά
3176 5824 3449 5895 ληφθέντα
3476 5825 3611 5896 προς
3642 5825 3700 5878 τὸ
3717 5824 4001 5894 δημόσιον,
