4226 6442
218 404 344 470 1093

1265 381 1804 448 HISTORIARUM
1846 372 2376 437 COMPENDIUM.

3334 362 3473 429 1094

211 519 301 582 τὰς
329 515 616 588 φάλαγγας
645 512 787 566 κατὰ
833 507 942 560 τῶν
965 503 1266 574 Βαρϐάρων
1299 500 1655 570 ἐστράτευσε,
1693 497 1788 548 καὶ
1819 548 1822 557 ,

1910 494 2078 546 Prima
2125 489 2402 558 expeditio
2461 487 2530 541 ad
2594 484 2922 556 'l‘ephricam
2979 486 3172 541 urbem
3236 483 3354 547 fuit,
3397 482 3490 538 cui

215 612 475 682 πρότερον
514 607 612 677 μὲν
642 604 785 658 κατὰ
812 601 910 670 τῆς
947 595 1230 666 Τεφρικῆς
1254 593 1392 663 (80),
1422 588 1490 664 ἦς
1519 593 1546 642 ὁ
1573 589 1792 682 Χρυσηί-

214 680 329 772 χειρ
363 701 570 768 ἡγεῖτο,
601 696 690 751 ἐπ’
723 693 918 764 ἀνδρίᾳ
941 691 1038 744 καὶ
1069 687 1282 742 συνέσει
1311 684 1592 754 διαφέρειν
1620 680 1794 772 δοκῶν

217 793 308 845 καὶ
340 790 545 858 σφόδρα
576 785 644 838 τὰ
694 784 984 853 Ῥωμαίων
1021 778 1376 848 κατατρέχων
1424 775 1516 827 καὶ
1540 771 1797 843 ληϊζόμε-

217 899 324 945 νος.
357 883 514 934 Κατὰ
537 876 728 930 τούτου
761 875 858 928 καὶ
874 873 974 943 τῆς
1007 871 1219 933 πόλεως
1250 866 1606 936 ὲσκτρατεύει
1639 867 1665 917 6
1697 864 1797 932 βα-

221 973 426 1034 σιλεύς.
485 969 593 1023 Τοῦ
626 969 682 1022 δὲ
737 967 811 1038 μὴ
847 965 1179 1025 ὑποστάντος
1204 960 1301 1030 τὴν
1340 960 1646 1018 ἐπέλευτιν,
1678 955 1792 1008 ἀλλ’

220 1069 350 1119 εἴσω
377 1061 572 1131 τειχῶν
602 1058 928 1129 γενομένου,
960 1051 1326 1123 καταδραμὼν
1361 1053 1461 1118 τὴν
1504 1047 1596 1102 ὑπ’
1639 1045 1800 1098 αὑτὸν

223 1159 442 1212 ἃπασαν
471 1155 656 1225 χώραν
687 1154 713 1204 ὁ
748 1148 1001 1222 βασιλεὺς
1035 1148 1129 1198 καὶ
1163 1143 1512 1214 ληϊσάμενος,
1540 1138 1636 1192 καὶ⁸
1666 1138 1803 1206 πρὸς

223 1247 369 1318 αὐτῷ
392 1246 470 1317 τῷ
498 1246 664 1314 τείχει
691 1243 788 1313 τῆς
807 1238 1089 1310 Τεφρικῆς
1114 1237 1267 1289 ἔθετο
1297 1235 1397 1304 τὴν
1421 1229 1800 1302 παρεμϐολὴν,

223 1340 311 1393 διὰ
357 1336 714 1407 προσεδρείας
783 1331 1004 1402 μακρᾶς
1049 1328 1190 1380 ἐλείν
1234 1326 1296 1377 τὸ
1347 1325 1528 1394 ἔρυμα
1576 1319 1800 1389 οἰηθείς.

235 1429 393 1484 Ἐπεὶ
412 1429 469 1480 δὲ
503 1426 798 1490 κατενόησε
828 1420 1097 1476 πάντοθεν
1144 1414 1614 1486 κατωχυρωμένον
1645 1412 1802 1475 αὐτὸ,

225 1525 319 1575 καὶ
354 1519 675 1573 ἀνέλπιστον
699 1510 766 1586 ἦν
799 1512 1075 1582 άλωθῆναι
1110 1508 1400 1579 πολιορκίᾳ
1426 1506 1550 1575 (ἤδη
1573 1506 1681 1574 γάρ
1710 1503 1804 1556 καὶ

225 1614 404 1666 πάντα
431 1611 497 1664 τὰ
533 1611 592 1662 ἐν
635 1610 702 1680 τῇ
733 1609 888 1679 χώρᾳ
923 1605 1199 1670 ἀναγκαῖα
1244 1599 1611 1670 κατεδήδοτο),
1645 1598 1802 1650 ἔλυσε

224 1704 320 1776 τὴν
355 1701 696 1773 πολιορκίαν,
743 1700 811 1753 τά
843 1693 1214 1766 πλησιάζοντα
1242 1695 1312 1763 τῇ
1347 1693 1590 1760 Τεφρικῇ
1633 1686 1805 1758 φρού-

1899 583 2240 654 Cltrysochir
2271 589 2522 648 praeerat,
2556 580 2721 633 homo
2751 579 2984 634 laudatae
3018 576 3362 634 fortitudinis
3397 586 3484 630 at-

1904 694 2009 745 que
2045 675 2389 734 calliditatis.
2424 675 2518 742 Qui
2562 688 2677 728 rem
2732 670 3032 725 Romanam
3077 670 3291 726 crebris
3320 684 3492 722 vexa-

1907 771 1998 824 bat
2032 766 2493 838 grassatiouibus.
2549 764 2600 819 is
2632 779 2755 819 cum
2788 762 3071 818 Romanos
3121 763 3494 850 adventantes

1909 877 2018 915 non
2049 859 2394 919 subsisteret,
2429 853 2524 910 sed
2555 857 2730 909 muris
2765 856 2995 909 clausus
3045 867 3105 906 se
3160 851 3492 914 contineret,

1905 953 2148 1006 Basilius
2176 965 2394 1003 onmem
2430 947 2607 1016 ipsius
2639 945 2906 1000 ditionem
2937 943 3232 1013 populatus
3258 941 3493 1009 Tephri-

1907 1059 2024 1097 eam
2070 1040 2306 1102 obsedit,
2352 1040 2614 1092 diuturna
2673 1038 2961 1091 obsidione
2997 1051 3057 1090 se
3083 1050 3150 1090 ea
3186 1034 3492 1104 potiturum

1908 1135 2165 1205 opinans.
2212 1131 2320 1184 Sed
2353 1141 2411 1185 ut
2433 1147 2554 1184 eam
2589 1131 2763 1184 sensit
2797 1129 3038 1196 undique
3062 1127 3487 1187 communitam,

1908 1241 1963 1284 et
1987 1243 2113 1296 spes
2145 1225 2438 1280 obsidione
2471 1221 2718 1293 potiundi
2781 1221 3026 1286 evanuit,
3078 1219 3336 1274 omnibus
3397 1215 3499 1269 ali-

1909 1320 2109 1374 mentis
2141 1332 2264 1387 qua:
2295 1317 2348 1369 in
2383 1331 2444 1369 ea
2483 1316 2697 1370 fuerant
2754 1314 2979 1384 regione
3026 1311 3140 1381 jam
3162 1307 3494 1378 absumptis,

1913 1410 2132 1463 obsidio
2163 1411 2346 1462 soluto
2379 1407 2561 1460 vicina
2593 1405 2875 1474 Tepbrica:
2895 1403 3120 1458 castella
3143 1403 3193 1455 vi
3221 1398 3500 1468 expugna-

1913 1505 2024 1564 vit,
2085 1500 2296 1569 1007
2356 1498 2619 1557 Abaram,
2655 1497 2914 1565 Coptum,
2958 1493 3222 1565 Spatham
3287 1491 3505 1559 aliaque

1914 1596 2120 1660 multa;
2151 1605 2311 1662 atque
2349 1591 2656 1646 exercitum
2689 1589 2815 1644 inde
2841 1589 3071 1643 abduxit
3095 1584 3296 1656 amplis
3325 1583 3502 1654 partis

1912 1687 2104 1756 spoliis
2141 1694 2305 1754 atque
2327 1685 2570 1753 tropmis.

231 1767 321 1870 pra.
376 1767 744 1863 ἐκπορθήσας,
803 1791 902 1858 τὴν
956 1785 1228 1853 ’Δὸαραν,
1263 1784 1353 1837 τὸν
1411 1779 1665 1842 Κοπτὸν,
1696 1779 1796 1848 τὴν
1825 1779 2045 1845 Σπάθην
2090 1780 2186 1831 καὶ
2227 1777 2364 1830 ἄλλα
2425 1776 2618 1830 πολλά.
2691 1773 2948 1845 Ἀγείρας
2981 1771 3040 1826 δὲ
3106 1772 3200 1825 τὸν
3273 1767 3508 1841 στ’ρατδν

227 1891 434 1946 ἐκεῖθεν
462 1883 689 1956 ἐπανῄει
724 1880 862 1952 μετὰ
883 1878 1153 1950 λαμπρῶν
1182 1876 1292 1928 τῶν
1322 1875 1600 1945 τροπαίων
1620 1886 1678 1921 τε
1712 1870 1805 1922 καὶ
1845 1870 2133 1940 λαφύρων.

299 1951 642 2050 Ληῖζομένης
691 1976 748 2028 δὲ
793 1974 894 2044 τῆς
930 1974 1060 2042 περὶ
1111 1970 1212 2040 τὴν
1277 1966 1559 2036 Τεφρικὴν
1621 1961 1803 2033 χώρας

1982 1961 2242 2015 Evastata
2308 1974 2431 2028 qua:
2484 1965 2569 2012 est
2613 1958 2820 2010 circum
2869 1953 3203 2024 Tephricam
3253 1951 3502 2022 regione.

232 2074 448 2140 ἁπάσης
473 2069 567 2122 καὶ
594 2064 1062 2134 ἐκπορθουμένης,
1096 2063 1130 2131 ἡ
1160 2057 1478 2129 γειτονοῦσα
1507 2056 1679 2125 ταύτῃ
1709 2053 1810 2106 πό-

232 2167 314 2227 λις
351 2163 461 2215 τῶν
504 2156 866 2228 Ἰσμαηλιτῶν
899 2150 1179 2228 ᾗΤαύρας
1222 2153 1257 2222 ἡ
1289 2149 1595 2218 ἐπωνυμία,
1649 2149 1811 2213 όμαι-

233 2255 400 2325 χμίαν
455 2251 654 2321 ἔχουσα
679 2248 769 2302 καὶ
795 2243 1190 2316 κοινοπραγίαν
1220 2241 1359 2311 μετὰ
1383 2240 1484 2308 τῆς
1510 2237 1812 2308 Τεφρικῆς,

232 2345 597 2418 ὀρῤωδήσασα
626 2341 719 2394 τὸν
769 2339 1038 2400 κίνδυνον,
1075 2333 1331 2403 πρέσϐεις
1367 2330 1634 2400 πέμψασα
1664 2329 1816 2398 εἰρή-

237 2453 334 2506 νης
389 2435 542 2505 ἠξίου
583 2433 766 2501 τυχεῖν
799 2429 895 2481 καὶ
929 2428 1047 2489 ταῖς
1084 2424 1425 2494 συμμαχίσιν
1472 2421 1818 2490 ἐγγραφῆναι

244 2527 536 2596 Ῥωμαίων
558 2540 572 2555 ’
607 2523 702 2576 καὶ
741 2521 805 2592 δὴ
858 2521 1014 2588 ἔτυχε
1041 2517 1135 2570 τοῦ
1169 2513 1436 2585 βασιλέως
1483 2512 1620 2581 μετὰ
1645 2527 1810 2582 προσο

235 2617 422 2690 ηνείας
455 2613 748 2682 δεξαμένου
782 2611 883 2681 τὴν
919 2605 1238 2677 πρεσϐείαν.
1275 2603 1596 2675 Προσερρύη
1630 2603 1687 2656 δὲ
1727 2603 1822 2655 καὶ

224 2708 264 2758 '6
298 2701 652 2772 Κουρτέριος,
683 2699 840 2766 γένος
889 2696 963 2748 ὣν
1012 2695 1320 2764 Ἀρμένιος,
1361 2693 1419 2754 ὃς
1458 2696 1677 2772 κατεῖχε
1719 2694 1820 2762 τὴν

238 2771 487 2851 Δόκαναν
520 2793 614 2843 καὶ
658 2788 754 2851 τὰς
788 2787 1050 2857 ἐσχατιὰς
1099 2786 1207 2839 τῶν
1244 2771 1535 2854 Ῥωμαίων
1583 2785 1824 2853 συνεχῶς

237 2883 462 2956 ἐπόρθει
488 2882 584 2935 καὶ
625 2879 1051 2949 κατεστρέφετο,
1085 2877 1277 2929 ἐαυτὸν
1315 2874 1592 2945 παραδοὺς
1620 2873 1697 2941 τῷ
1728 2873 1824 2942 βα-

241 2976 380 3030 σιλεῖ
403 2975 496 3027 καὶ
519 2972 618 3041 τὴν
656 2970 812 3024 πόλιν
874 2970 968 3021 καὶ
997 2968 1090 3020 τὸν
1122 2966 1419 3020 ὑπείκοντα
1474 2965 1622 3035 αι)τῷ
1673 2965 1822 3018 λαόν.

1917 2055 2131 2109 Tauras
2194 2052 2372 2106 vicina
2439 2050 2848 2105 Ismaelicorum
2913 2047 3065 2110 urbs,
3119 2043 3498 2101 conicederata

1916 2163 2039 2203 cum
2073 2145 2365 2214 Teplirica,
2416 2144 2721 2213 periculum
2781 2148 3054 2201 metuens,
3097 2151 3286 2208 pacem
3323 2151 3352 2190 a
3393 2138 3500 2192 Ba-

1918 2243 2042 2297 silio
2075 2240 2262 2294 missis
2293 2237 2491 2305 legatis
2516 2229 2823 2303 laetiusque
2853 2248 2979 2287 cum
3036 2231 3301 2286 Romanis
3331 2229 3506 2299 petiit.

1918 2331 2026 2386 Eos
2054 2331 2356 2399 imperator
2385 2329 2624 2382 comiter
2656 2335 2914 2396 acceptos
2949 2324 3062 2378 voti
3117 2323 3244 2377 fecit
3279 2336 3508 2392 compo-

1921 2433 2024 2478 tes.
2060 2423 2327 2489 Adjunxit
2383 2437 2442 2475 se
2494 2420 2814 2490 imperatori
2854 2428 2910 2473 et
2946 2417 3235 2474 Curterius
3300 2430 3503 2485 genere

1919 2515 2234 2576 Armenius,
2276 2513 2369 2583 qui
2426 2511 2699 2566 Locanam
2760 2511 2952 2565 urbem
3018 2507 3240 2564 tenebat
3270 2515 3324 2562 et
3364 2507 3502 2561 ﬁnes

1924 2607 2205 2660 Romanos
2243 2604 2454 2659 crebris
2487 2603 2900 2660 incursionibus
2930 2601 3240 2656 infestarat.
3284 2598 3337 2653 Is
3365 2607 3418 2654 et
3445 2613 3506 2654 se

1924 2708 1979 2753 et
2009 2701 2198 2754 urbem
2233 2707 2288 2754 et
2317 2699 2599 2754 subditum
2638 2698 2743 2754 sibi
2778 2698 3039 2766 populum
3065 2696 3382 2766 imperatori
3407 2695 3504 2750 ile-

1924 2793 2084 2846 didit.
2117 2791 2338 2847 Interim
2375 2791 2612 2845 Basilius
2651 2791 2978 2845 selectorum
3011 2789 3245 2844 militum
3283 2802 3505 2843 manum

1927 2884 1994 2937 ad
2052 2883 2343 2953 Zapetram
2377 2891 2430 2936 et
2475 2882 2764 2937 Samosata
2813 2881 2984 2934 mittit
3035 2895 3302 2951 prospero
3342 2880 3510 2950 plane

1926 2985 2165 3026 conatu:
2203 2987 2330 3025 nam
2392 2971 2426 3024 ii
2466 2986 2562 3040 per
2611 2972 2898 3042 angustias
2933 2971 3112 3040 primo
3146 2971 3299 3026 aditu
3342 2985 3512 3040 pene-

255 3068 343 3121 Ἐν
372 3058 420 3132 ᾧ
473 3065 529 3116 δέ
567 3061 740 3116 ταῦτα
795 3061 1118 3127 ἐπράττετο,
1154 3059 1281 3111 λαὸν
1307 3058 1335 3110 ὁ
1370 3057 1625 3127 βασιλεὺς
1680 3059 1822 3110 κατὰ

1930 3072 2141 3116 trantes
2182 3064 2370 3116 urbem
2408 3062 2474 3116 de
2506 3063 2810 3132 improviso
2855 3072 3147 3129 ceperunt,
3205 3079 3513 3134 magnaque

241 3157 574 3228 Σαμοσάτων
613 3155 708 3206 καὶ⁸
745 3153 842 3222 τῆς
868 3152 1170 3221 λεγομένης
1202 3151 1490 3222 Ζαπέτρας
1520 3148 1822 3202 ἐπιλέκτων

1931 3161 2148 3222 peracta
2209 3152 2356 3207 caede
2436 3153 2762 3208 immensam
2826 3153 3177 3208 abstulerunt
3229 3155 3511 3226 praedam;

243 3245 590 3318 πολεμιστῶν
645 3242 937 3312 ἐκπέμψας
996 3240 1339 3310 εὐτύχησεν,
1396 3240 1456 3304 ἐξ
1517 3237 1708 3304 ἐφόδου
1754 3237 1822 3288 τὰ

1936 3248 2278 3316 Romanique
2315 3248 2471 3302 multi
2526 3249 2784 3311 vinculis,
2836 3249 2893 3303 in
2921 3250 3126 3318 quibus
3176 3249 3268 3303 diu
3307 3251 3516 3320 captivi

246 3310 407 3396 στενά
462 3338 557 3392 τοῦ
617 3310 852 3405 στρατοῧ
903 3334 1206 3393 διελθόντος
1257 3332 1394 3400 αὐτῇ
1447 3347 1509 3382 τε
1555 3331 1622 3398 τῇ
1675 3328 1822 3382 πόλει

1937 3343 2142 3396 detenti
2172 3343 2410 3408 fuerant,
2463 3351 2580 3397 tum
2633 3343 2796 3397 soluti
2839 3352 2986 3397 sunt.
3023 3340 3188 3398 Locis
3217 3310 3518 3413 circumia-

244 3433 506 3500 ἐξαίφνης
561 3425 1010 3486 ἐπεισπεσόντος·
1042 3421 1347 3492 κατεσχέθη
1375 3439 1435 3474 τε
1468 3422 1577 3491 γάρ
1611 3423 1644 3489 ἡ
1676 3422 1822 3482 πόλις

1941 3434 2194 3487 cantibus
2227 3434 2479 3488 incendio
2510 3434 2744 3490 vastatis
2775 3449 2838 3488 ac
2891 3433 3200 3490 Samosatis
3259 3449 3519 3504 pessum-

245 3529 324 3600 τῷ
353 3525 772 3597 ἀπροσδοκήτῳ,
825 3522 923 3575 καὶ
978 3519 1104 3582 λαὸς
1144 3519 1437 3588 ἀπεσφάγη
1500 3519 1689 3584 πολὺς,
1735 3519 1822 3571 καὶ

1940 3525 2106 3588 datis,
2145 3527 2417 3581 exercitus
2470 3526 2663 3580 eodem
2709 3528 2913 3595 impetu
2957 3525 3293 3596 Euphratem
3327 3536 3516 3581 trans-

246 3624 597 3694 αἰχμαλωσία
629 3621 838 3690 ἐλήφθη
889 3617 1140 3686 ἄπειρος,
1173 3619 1268 3669 καὶ
1298 3616 1514 3685 δέσμιοι
1567 3617 1822 3684 Ῥωμαῖοι

1946 3617 2076 3682 ivit;
2143 3628 2197 3671 et
2244 3618 2558 3672 ulteriorem
2610 3603 2909 3688 populatus
2966 3620 3266 3688 regionem,
3330 3619 3524 3676 multis

248 3719 478 3789 χρονίων
503 3715 719 3781 δεσμῶν
742 3710 1218 3783 ἠλευθερώθησαν.
1245 3707 1629 3778 Καταδραμὼν
1659 3708 1715 3760 δὲ
1741 3708 1822 3760 κατ

1950 3708 2167 3778 1008
2200 3711 2431 3777 captivis
2462 3710 2714 3764 abductis
2740 3718 2794 3764 et
2820 3720 3009 3779 parata
3043 3710 3282 3764 maxima
3315 3710 3529 3785 prada,

254 3810 612 3879 πυρπολήσας
630 3812 656 3863 6
679 3824 744 3858 πε
753 3803 950 3876 μφθε“ις
974 3803 1098 3864 λαὸς
1125 3803 1194 3873 τά
1221 3820 1281 3855 συ
1293 3801 1716 3869 μπαρακείμενα
1737 3799 1822 3867 τῆς

1946 3800 2236 3855 incolumis
2279 3800 2346 3853 ad
2384 3801 2771 3869 imperatorem
2806 3805 2993 3870 rediit,
3037 3807 3130 3876 qui
3162 3815 3292 3862 tunc
3323 3807 3389 3860 ad
3424 3805 3529 3859 ilu-

253 3901 438 3972 χώρας
493 3902 588 3954 καὶ
647 3901 716 3952 τά
763 3898 1057 3967 Σαμόσατα
1107 3891 1470 3962 ἐξεπόρθησε,
1519 3891 1612 3942 καὶ
1672 3892 1822 3960 ὁμοία

1947 3907 2070 3944 men
2101 3895 2475 3945 Atzarnucum
2508 3903 2687 3947 castra
2726 3894 2978 3951 habebat.

256 3995 408 4064 ῥύμῃ
436 3992 765 4062 περαιωθεὶς
797 3990 888 4041 τὸν
924 3985 1215 4055 Εὐφράτην
1245 3984 1340 4034 καὶ
1422 3983 1604 4034 πᾶσαν
1649 3980 1747 4050 τὴν
1815 3981 2044 4049 περαίαν
2096 3983 2534 4052 αἰχμαλωτίσας,
2589 3986 2683 4037 καὶ
2761 3988 2963 4059 πολλὴν
3041 3989 3302 4055 συλλέξας
3362 3993 3528 4061 αίχμ-

258 4085 492 4136 αλωσίαν
517 4083 610 4135 καὶ
634 4080 871 4149 λάφυρα,
903 4075 1241 4147 ὑπέστρεψεν
1272 4074 1462 4142 ἀσινὴς
1494 4073 1627 4141 πρὸς
1649 4071 1740 4124 τὸν
1791 4071 2189 4140 αὐτοκράτορα,
2227 4074 2363 4143 πρὸς
2428 4075 2506 4144 τῷ
2551 4074 2883 4147 Ἀτζαρνοὺκ
2939 4081 3178 4148 uoragi};
3203 4115 3205 4118 ι
3227 4081 3327 4152 τὴν
3387 4097 3529 4152 παρ-

252 4174 493 4245 εμϐολὴν
517 4173 726 4241 ἔχοντα.

339 4261 622 4317 Ἐντεῦθεν
646 4259 782 4326 ἄρας
813 4259 840 4310 6
871 4255 1123 4325 βασιλεὺς
1154 4252 1293 4324 μετὰ
1315 4253 1517 4315 παντὸς
1544 4251 1636 4303 τοῦ
1667 4267 1836 4320 στρα-

255 4357 354 4411 τοῦ
382 4355 480 4424 τὴν
515 4354 608 4405 ἐπὶ
632 4347 940 4418 Μελιτηνὴν
968 4348 1208 4411 ἄγουσαν
1235 4343 1425 4395 ὥδευε.
1448 4340 1838 4411 Προσπελάσας

255 4448 317 4500 δὲ
343 4446 419 4515 τῷ
453 4441 736 4513 Εὐφράτῃ,
758 4441 854 4491 καὶ
887 4437 1004 4506 ὥρα
1036 4436 1228 4506 θέρους
1257 4433 1620 4500 πελαγίζοντα
1651 4432 1822 4484 τοῦτοπ

1953 4440 2084 4486 tunc
2147 4436 2289 4500 (erat
2337 4437 2483 4488 enim
2547 4434 2735 4508 aestas)
2797 4447 3143 4506 stagnantem
3214 4449 3270 4495 et
3323 4443 3530 4498 inviqu

258 4537 438 4608 εὑρὼν
462 4535 554 4588 καὶ
575 4530 853 4591 παντελῶς
875 4528 1097 4589 άὸατον,
1121 4525 1450 4595 γεφυρώσας
1479 4523 1570 4575 τὸν
1595 4522 1822 4590 ποταμὸη

1951 4525 2196 4590 omnino,
2229 4541 2352 4579 eum
2379 4534 2542 4594 ponte
2575 4538 2916 4582 constratum
2946 4531 3224 4595 transivit,
3248 4548 3536 4604 magnam-

260 4626 577 4695 διεπέρασε,
633 4622 746 4675 Καὶ
779 4617 951 4670 πολλὰ
985 4616 1083 4685 τῆς
1115 4614 1297 4685 χώρας
1334 4611 1716 4682 λυμηνάμενος
1747 4612 1822 4662 κα⁴

1910 4630 2058 4695 ‘que
2086 4616 2205 4683 ejus
2265 4616 2507 4685 regionis
2550 4625 2760 4684 partem
2816 4621 3075 4687 vastavit,
3133 4634 3300 4692 capto
3359 4627 3530 4681 etiam

262 4675 813 4780 καταάτρειῖνάμενος,
841 4705 977 4759 ἐλὼν
1005 4675 1180 4757 δὲ’,έέιι
1199 4675 1268 4755 ’τὸ
1301 4675 1604 4772 φρουρῶν-ὃ
1639 4698 1822 4767 Ῥαψάι

1910 4679 2225 4774 ’ίισρεοοίο
2278 4708 2529 4762 castello.
2595 4709 2726 4762 lude
2767 4719 2978 4778 partem
3031 4675 3311 4772 exercitus
3362 4720 3531 4772 mittit

261 4823 382 4860 κιον
417 4803 655 4870 λέγεται,
687 4800 848 4868 μέρος
877 4798 933 4849 δὲ
965 4796 1059 4849 τοῦ
1098 4793 1329 4864 στρατοῦ
1369 4796 1434 4862 τῇ
1472 4789 1673 4861 μεταξὺ
1718 4791 1822 4855 Ἀρη

1948 4814 2069 4867 quae
2101 4800 2244 4854 inter
2269 4800 2523 4854 Arsinem
2554 4808 2609 4854 et
2633 4799 2966 4870 Euphratem
2996 4807 3103 4860 sita
3131 4809 3530 4876 popularetur;

264 4898 420 4950 σίνου
447 4911 507 4946 τε
542 4891 639 4944 καὶ
671 4888 957 4958 Εὐφράτου
985 4885 1139 4956 χώρᾳ
1163 4883 1452 4953 ἐκπέμψας
1476 4881 1822 4949 καταδραμεί·

1947 4891 2038 4961 qui
2081 4907 2200 4944 eam
2257 4893 2536 4960 regionem
2608 4892 2918 4948 incredibili
2983 4897 3276 4953 celeritate
3333 4914 3531 4968 perva-

263 4984 626 5060 προσέταξεν,
657 4982 708 5035 οἳ
745 4982 922 5033 πᾶσαν
958 4977 1127 5046 αὐτὴν
1184 4975 1409 5045 άπτέρῳ
1442 4974 1597 5041 τάχει
1622 4971 1814 5038 διαδρα

1945 4983 2052 5050 gati
2073 4980 2407 5045 Carcinium,
2430 4981 2814 5047 Glaschonem,
2847 4982 3140 5052 Amauem,
3168 4986 3443 5044 Murecem
3478 4995 3535 5045 et

269 5083 489 5150 μόντες,
514 5075 575 5128 τό
605 5090 662 5127 τε
691 5073 984 5141 λεγόμενον
1018 5067 1316 5136 Καρκίνιον
1346 5065 1442 5116 καὶ
1482 5065 1545 5116 τὸ
1592 5061 1822 5130 Γλασχὼ

1947 5069 2148 5124 Abdcla
2210 5072 2551 5126 exciderunt.
2611 5073 2784 5128 Porro
2846 5073 3154 5130 Melitenam
3216 5079 3530 5149 ingressus,

269 5168 509 5244 [P.57i]
534 5168 626 5220 καὶ
656 5165 904 5233 τδἋμαν
935 5163 1029 5215 καὶ
1053 5160 1114 5213 τὸ
1135 5157 1358 5227 Μιουρὴξ
1390 5157 1483 5208 καὶ
1515 5155 1576 5207 τὸ
1610 5154 1822 5222 Ἀϐδηλ‹

1953 5177 2074 5231 qua:
2119 5171 2253 5216 tunc
2300 5162 2666 5219 Barbarorum
2700 5165 2928 5221 fortium
2997 5171 3155 5237 capia
3185 5169 3439 5236 ﬂorebat,
3472 5181 3534 5228 ut

269 5257 416 5314 εὒ.ον
443 5259 537 5311 καὶ
569 5256 965 5323 ἐξεπόρθησαν,
997 5251 1165 5311 Αὐτὸς
1187 5250 1244 5303 δὲ
1273 5252 1337 5319 τῇ
1372 5247 1648 5316 Μελιτηνῇ
1684 5262 1822 5314 προσ

1953 5253 2416 5322 appropinquavit
2450 5255 2643 5320 muris,
2679 5256 2998 5313 barbaricas
3045 5262 3307 5317 cohortes
3339 5263 3532 5319 habuit

269 5349 458 5404 ϐαλὼν
502 5345 838 5416 εὐανδροςισῃ
904 5343 1027 5395 τότε
1059 5345 1156 5395 καὶ
1185 5339 1387 5412 πληθύῖ
1420 5337 1725 5408 Βαρϐάρων
1752 5353 1816 5404 γε

1956 5344 2168 5408 obvias,
2202 5344 2458 5398 ferociter
2495 5354 2550 5398 et
2586 5347 2806 5404 sublato
2835 5364 2957 5402 cum
2993 5350 3239 5407 clamore
3267 5355 3530 5409 inceden-

269 5441 589 5510 γανωμὲνῃ,
631 5439 755 5490 ἐπεὶ
793 5438 907 5498 τοῖς
951 5435 1186 5503 τείχεσιν
1221 5430 1546 5501 ἐπλησίασε,
1582 5425 1818 5498 βαρϐαρι

1954 5446 2058 5492 tes.
2092 5439 2226 5491 Cum
2249 5439 2450 5508 quibus
2472 5441 2732 5498 audacter
2749 5459 3102 5514 congressus,
3130 5451 3249 5516 ipse
3269 5452 3325 5505 in
3348 5450 3528 5520 prima

269 5537 378 5596 κὶις
440 5531 739 5594 ὑπεδέξατο
779 5529 1063 5597 φάλαγγας
1129 5526 1268 5594 μετὰ
1319 5525 1698 5594 φρυαγμάτων
1758 5539 1822 5575 κα

1956 5529 2071 5582 acie
2100 5533 2455 5599 constitutus,
2480 5534 2666 5590 hostes
2697 5536 2930 5606 repulit;
2970 5539 3219 5610 idemque
3246 5556 3276 5595 a
3307 5542 3534 5614 reliquis

1429 5639 1789 5695 XYLANDRI
1829 5639 1915 5694 ET
1944 5639 2156 5696 GOARI
2185 5640 2418 5701 NOTIE.

351 5740 464 5820 (89)
496 5736 640 5820 Urbs
674 5735 787 5820 lianc
811 5745 864 5791 et
889 5749 1227 5820 qqmcunquc
1259 5733 1313 5789 in
1342 5733 1698 5800 sequentibus
1727 5733 1845 5790 loca
1885 5744 2187 5792 memorata
2224 5747 2354 5794 sunt
2407 5738 2644 5796 Cilicum
2678 5755 2872 5798 versus
2907 5743 3224 5800 Armeniam
3291 5751 3350 5800 et
3423 5748 3532 5804 Διι-

275 5807 473 5867 meniae
503 5811 732 5865 minoris
753 5809 892 5863 loca.
926 5807 1100 5862 Gesn.

2019 4249 2150 4304 lude
2175 4251 2412 4307 Basilius
2444 4266 2569 4306 cum
2595 4253 2856 4310 omnibus
2888 4257 3063 4323 copiis
3094 4270 3288 4313 vanus
3315 4258 3528 4316 Melite-

1948 4357 2073 4395 nam
2108 4346 2312 4407 movit;
2348 4360 2584 4413 cumque
2644 4345 2712 4398 ad
2764 4345 3099 4415 Euphratem
3160 4353 3531 4418 pervenisset,
