4226 6442
244 416 379 483 Ῐθθῖ

1341 396 1701 461 HISTORIA
1712 394 1877 456 RUM
1920 394 2214 454 CUMPEN
2227 393 2300 453 D1
2314 394 2357 453 U
2372 393 2445 451 \l.

3264 384 3267 387 ’
3361 394 3493 458 tces

238 551 359 595 ,ηις
383 550 394 561 .
426 530 476 582 οι
501 527 600 596 μὲν
640 525 746 595 γὰρ
785 520 878 577 τοῦ
911 518 1224 590 Χαρσιανοῦ
1279 517 1493 579 ἑαυτοῖς
1537 515 1816 567 ἐνίσταντο
1846 522 1886 573 Α

1846 522 1886 573 Α
1921 515 2135 563 tabente
2161 509 2507 574 iactantiam,
2536 508 2827 576 quemdam
2852 522 2919 563 ex
2953 510 3296 568 Armeniacis
3313 511 3501 575 ferunt

236 622 309 676 τὰ
337 620 437 689 τῆς
461 614 677 687 ἀνδρίας
709 610 972 683 ἁρμόζειν
1005 611 1271 680 πρωτεῖα,
1322 606 1559 676 ἔμπαλιν
1606 604 1662 657 δὲ
1694 605 1822 655 ἑαυ-

233 712 351 772 τοῖς
382 707 431 759 oi
469 700 838 776 Ἂρμενιακοί.
890 700 977 763 Ὦς
1000 696 1093 752 οὖν
1124 700 1218 752 ἐπὶ
1254 697 1508 749 πλεῖστον
1534 693 1729 764 ἐχώρει
1755 692 1823 744 τὰ

237 801 339 869 τῆς
372 794 712 865 φιλονεικίας
755 792 851 845 καὶ
890 788 1029 860 πρὸς
1074 788 1135 841 τὸ
1189 785 1534 857 μεγάλαυχον
1586 784 1823 850 ἑκάτερα

238 890 443 960 ἔρρεπε
484 886 595 939 τῶν
640 883 959 953 ταγμάτων,
1018 877 1251 932 ἐνταῦθα
1287 877 1352 947 δὴ
1405 876 1622 930 λέγεται
1674 874 1824 942 παρά

238 996 386 1041 τινος
415 975 670 1045 λεχθῆναι
695 973 788 1026 τοῦ
820 973 930 1025 τῶν
956 970 1332 1040 Ἀρμενιακῶν
1357 968 1725 1035 συστήματος,
1751 965 1822 1026 ὡς

243 1068 363 1120 Ἵνα
376 1067 429 1117 τί
450 1057 693 1133 ματηνῶ
712 1060 1128 1133 συστρατιῶται,
1144 1058 1405 1129 ἀπρεπῶς
1423 1053 1819 1128 θρασυνόμεθα,

243 1158 503 1221 ὲξόντοῖς
555 1156 738 1226 ἔργοις
789 1153 1271 1221 ἀναμφισϐήτητον
1301 1150 1502 1219 ἀρετὴν
1553 1146 1822 1210 ἐπιδείξα-

241 1250 408 1314 σθαι;
438 1250 502 1302 Οἱ
556 1248 804 1316 πολέμιοι
835 1246 945 1315 γὰρ
976 1245 1035 1298 οὐ
1081 1245 1318 1314 μακρὰν,
1353 1241 1451 1294 καὶ
1494 1241 1701 1305 ἔξεστιν
1734 1240 1823 1290 ἐπὶ

242 1342 355 1392 τῶν
388 1340 566 1410 ἔργων
609 1338 845 1407 φανῆναι
872 1336 997 1399 τοὺς
1052 1336 1317 1405 ἀριστεῖς.
1363 1330 1504 1392 Τοὺς
1549 1327 1824 1390 τοιούτους

243 1434 426 1485 τοίνυν
456 1431 648 1496 λόγους
680 1428 1120 1490 διενωτισθέντες
1153 1427 1201 1479 οἱ
1251 1421 1550 1493 στρατηγοὶ
1580 1421 1673 1474 καὶ
1722 1422 1823 1489 τὴν

245 1526 383 1594 πρὸς
417 1522 638 1592 ἀνδρίαν
668 1522 849 1593 ὁρμὴν
880 1519 1316 1587 κατανοήσαντες
1338 1513 1430 1566 τοῦ
1465 1512 1617 1577 λαοῦ,
1657 1528 1823 1564 καταο

248 1614 515 1683 μαθόντες
540 1613 596 1666 δὲ
636 1615 728 1665 καὶ
752 1614 852 1683 τὴν
883 1612 991 1665 ἀπὺ
1020 1609 1115 1664 τοῦ
1149 1609 1314 1660 τόπου
1350 1605 1622 1676 βοήθειαν,
1653 1604 1737 1656 ὃτι
1764 1600 1823 1665 ἐξ

245 1704 574 1774 ὑπερδεξίων
618 1703 904 1773 μέλλουσιν
945 1698 1286 1754 ἐπιτίθεσθαι
1315 1700 1424 1761 τοῖς
1458 1696 1737 1765 πολεμίοις
1766 1694 1824 1745 ἐν

246 1796 413 1864 κοίλῳ
458 1795 731 1862 κειμένοις
757 1793 926 1862 τόπῳ,
960 1792 1081 1861 διχῆ
1133 1788 1400 1861 διαιροῦσι
1429 1789 1529 1855 τὴν
1567 1784 1816 1854 δύναμιν.

1926 601 2130 655 uixisse
2158 621 2170 655 ;
2201 600 2473 666 Quorsum
2497 600 2714 662 attinet,
2747 600 3174 665 commilitones,
3201 611 3313 657 tam
3344 601 3503 659 inde«

1925 702 2113 744 center
2140 692 2409 744 ferocire?
2434 704 2558 742 cum
2587 688 2745 742 lienat
2772 689 2930 743 factis
2962 692 3218 745 virtutem
3244 701 3499 748 testatatn

1927 781 2173 839 retdere.
2233 782 2483 835 hostibus
2545 780 2599 832 in
2635 783 2881 848 proximo
2929 783 3299 847 versantibus,
3334 800 3502 855 reque

1929 888 2043 941 ipsa
2071 873 2118 923 d-
2145 886 2230 925 tur
2268 874 2651 927 demonstrare
2685 870 2779 940 qui
2815 873 3021 928 virtute
3049 876 3162 930 sint
3211 875 3392 944 primi.
3427 876 3500 931 Ea

1933 964 2091 1017 verba
2150 978 2272 1015 cum
2323 964 2390 1016 ad
2445 978 2608 1017 aures
2644 963 2846 1017 ducum
2877 966 3281 1032 pervenissent,
3310 969 3503 1022 etaia-

1924 1058 2176 1109 critatem
2209 1054 2443 1105 militum
2469 1054 2533 1106 ad
2569 1068 2801 1124 pugnam
2850 1053 3235 1122 intelligerent,
3269 1072 3367 1112 nec
3390 1072 3498 1113 non

1928 1146 2100 1215 ipsius
2133 1144 2235 1198 loci
2268 1145 2728 1213 opportunitatem
2762 1144 3032 1198 sentirent
3070 1146 3171 1201 sibi
3226 1148 3293 1202 ad
3326 1149 3502 1203 victu-

1926 1242 2061 1292 riam
2092 1245 2425 1291 momentmn
2481 1236 2686 1303 1011
2745 1236 2889 1290 haud
2937 1236 3053 1291 leve
3085 1237 3298 1305 afferre,
3354 1240 3502 1309 quod

1925 1344 1956 1383 e
2012 1327 2232 1381 sublimi
2286 1329 2405 1379 loco
2438 1331 2491 1378 in
2554 1329 2736 1379 hostes
2774 1338 2927 1381 erant
2973 1328 3236 1395 impetum
3295 1329 3500 1398 daturi,

1930 1420 2023 1488 qui
2074 1422 2124 1473 in
2158 1420 2291 1471 valle
2322 1428 2500 1471 castra
2541 1418 2831 1479 habebant,
2864 1421 3164 1474 exercitum
3196 1436 3411 1477 omnem
3447 1424 3501 1477 iu

1926 1511 2064 1565 duas
2092 1510 2343 1564 dividunt
2413 1518 2616 1577 partes,
2649 1509 2801 1562 itaut
2872 1511 3058 1564 selecti
3094 1511 3159 1565 ad
3209 1520 3504 1567 sexcentos

1929 1602 2128 1656 milites
2154 1616 2278 1654 cum
2319 1601 2458 1668 ipsis
2493 1601 2821 1653 ductoribus
2848 1602 2899 1652 in
2953 1602 3161 1656 hostem
3202 1602 3499 1667 irruerent,

1928 1695 2118 1762 reliqui
2148 1706 2373 1745 numero
2408 1707 2515 1745 non
2542 1690 2696 1744 multi
2729 1693 2784 1745 in
2816 1692 3035 1745 sublimi
3069 1701 3299 1759 starent,
3329 1695 3502 1750 simu-

1924 1786 2033 1839 lata
2107 1782 2486 1847 multitudine;
2532 1782 2713 1851 itaque
2738 1798 2850 1837 rem
2882 1794 3236 1851 componunt,
3268 1793 3329 1838 ut
3377 1798 3502 1839 cum

247 1888 360 1941 Καὶ
387 1856 454 1939 ’τὸ
502 1888 599 1957 μὲν
628 1885 879 1954 ἔκκριτον
907 1884 1113 1954 ταύτης
1154 1883 1312 1952 ἄχρις
1349 1878 1649 1944 ἑξακοσίων
1702 1876 1821 1947 μετ’
1854 1856 1896 1912 Β

1854 1856 1896 1912 Β
1927 1877 2003 1930 illi
2054 1876 2266 1930 hostem
2326 1874 2695 1935 adorirentur,
2756 1874 2904 1928 illico
2960 1875 3012 1928 hi
3073 1876 3311 1931 maximo
3371 1890 3499 1931 cum

243 1977 431 2031 αδτῶν
455 1993 516 2043 γε
550 1976 659 2028 τῶν
693 1976 1016 2046 στρατηγῶν
1047 1972 1376 2044 προσϐαλεῖν
1399 1971 1593 2041 ἐκρίθη
1615 1969 1691 2039 τῷ
1712 1968 1824 2022 τῶν

243 2069 540 2138 βαρϐαρων
586 2067 800 2137 στρατῷ
834 2083 847 2098 ο
898 2068 957 2120 τὸ
985 2066 1041 2118 δὲ
1088 2063 1274 2117 λοιπὸν
1322 2062 1417 2115 καὶ
1463 2060 1826 2131 εὐαρίθμητον

242 2161 346 2228 τῆς
400 2160 717 2229 Ῥωμαῖκῆς
742 2159 1000 2230 στρατιᾶς
1026 2159 1104 2219 είς
1140 2156 1362 2223 δόκησιν
1389 2153 1624 2224 πλήθους
1655 2150 1823 2205 αὑτοῦ

248 2269 351 2304 που
380 2254 744 2313 σκευάσαντες
776 2251 911 2321 πρὸς
939 2249 1006 2302 τὰ
1030 2248 1278 2319 μετέωρα
1303 2246 1556 2315 ἔστησαν,
1578 2243 1827 2313 σύνθημα

243 2343 429 2407 δόντες
455 2344 663 2396 ἵν’ὄταν
691 2338 840 2396 οὗτοι
869 2340 1216 2411 πρασϐἀλωσι
1240 2341 1351 2402 τοῖς
1373 2334 1610 2407 ἐχθροῖς,
1640 2336 1826 2389 κάκεῖ-

246 2452 329 2487 νοι
379 2435 476 2486 σὺν
507 2433 808 2502 ἀλαλαγμῷ
849 2431 1092 2503 μεγίστῳ
1124 2431 1223 2486 καὶ
1273 2428 1565 2496 σάλπιγξιν
1619 2426 1822 2495 eum.

248 2522 447 2591 κτικὴν
507 2522 635 2592 βοὴν
690 2523 1062 2595 ἀναρρήξωσι,
1096 2519 1545 2589 συνεπηχούντων
1584 2518 1678 2571 καὶ
1713 2516 1823 2569 τῶν

248 2611 445 2679 ὁρέων,
486 2612 580 2664 καὶ
600 2611 773 2673 οὕτως
811 2611 1035 2678 ἀφανῶς
1073 2610 1162 2663 διά
1190 2609 1289 2677 τῆς
1311 2608 1503 2670 νυκτὸς
1544 2610 1610 2678 τῇ
1661 2622 1829 2676 στρα-

248 2700 505 2768 τοπεδεία
527 2699 637 2751 τῶν
675 2697 885 2770 ἐχθρῶν
917 2700 1281 2770 πλησιάζωσι.
1312 2698 1424 2752 Καὶ
1465 2698 1712 2750 τοιούτου
1740 2697 1827 2749 δο-

253 2790 437 2851 θέντος
471 2789 835 2859 συνθήματος,
864 2788 1020 2844 οὔπω
1051 2790 1149 2843 τοῦ
1184 2790 1339 2860 ἡλίου
1369 2790 1469 2851 τὰς
1509 2787 1824 2857 ἀκρωρείας

257 2880 609 2949 αὐγάζοντος,
634 2882 731 2952 βοῇ
762 2882 994 2954 στιϐαρᾷ
1022 2880 1404 2943 παιανίσαντες
1427 2880 1523 2933 καί⁵
1562 2880 1623 2932 τὸ
1657 2879 1830 2932 Σταυ-

254 2977 344 3043 ρὶς
374 2975 645 3045 νενίκηκε,
664 2975 1072 3046 συμϐοήσαντες
1096 2974 1426 3027 ἐπιτίθενται
1453 2975 1566 3036 τοῖς
1592 2972 1827 3042 ἐχθροῖς,

251 3065 808 3128 συνεπαλαλαζὸντων
859 3066 966 3119 ἀπὸ
1000 3065 1096 3117 τοῦ
1137 3064 1297 3133 ὅρους
1323 3065 1420 3117 καὶ
1465 3063 1575 3114 τῶν
1602 3062 1825 3115 λοιπῶν.

1927 1967 2125 2037 plausu
2159 1976 2215 2021 et
2242 1963 2391 2019 tubis
2416 1965 2743 2018 canentibus
2778 1964 3081 2018 terribilem
3137 1965 3367 2020 ederent
3399 1981 3499 2021 vo-

1928 2057 2330 2120 ciferationem,
2361 2055 2722 2110 reboantibus
2751 2056 2919 2111 simul
2966 2056 3264 2111 montibus.
3299 2055 3397 2111 llis
3425 2057 3499 2111 ita

1928 2151 2266 2220 compositis,
2338 2148 2548 2203 occulte
2601 2161 2699 2217 per
2749 2156 2984 2211 noctem,
3079 2156 3369 2218 antequam
3417 2151 3502 2205 sol

1935 2256 2147 2297 summa
2183 2240 2454 2295 montium
2511 2239 2837 2303 illustraret,
2900 2240 2969 2294 ad
3024 2249 3206 2296 castra
3259 2241 3499 2295 hostium

1929 2334 2272 2404 perveniunt,
2311 2345 2622 2399 magnaque
2656 2344 2788 2384 voce
2828 2344 3066 2399 preanem
3102 2340 3413 2395 cantantes,
3447 2343 3502 2386 et

1929 2421 2073 2477 Vicit
2099 2437 2233 2477 crux
2271 2422 2696 2485 conclamantes,
2730 2421 3122 2490 aggrediuntur
3159 2424 3391 2487 hostem,
3424 2425 3502 2479 si-

1930 2514 2043 2566 mut
2067 2513 2295 2582 reliquis
2315 2512 2381 2566 dc
2401 2520 2585 2567 monte
2648 2512 2937 2566 militarem
3009 2515 3502 2570 conclamationem

1929 2607 2234 2661 edentibus.
2272 2607 2342 2661 At
2380 2606 2603 2661 Barbari
2634 2606 2815 2661 subito
2845 2622 2906 2661 re
2956 2608 3231 2678 insperata
3292 2618 3503 2679 perter-

1934 2698 2060 2761 reri,
2088 2705 2141 2749 et
2169 2711 2344 2766 neque
2372 2698 2515 2751 inter
2529 2712 2588 2751 se
2637 2696 2808 2761 coire,
2857 2712 3034 2768 neque
3071 2701 3505 2769 contemplanda:

1932 2787 2256 2843 irruentium
2295 2788 2534 2844 hostium
2593 2790 2960 2846 multitudinis
3003 2799 3218 2862 tempus
3276 2794 3499 2860 habere,

1932 2894 2110 2947 neque
2143 2879 2366 2934 omnino
2400 2878 2697 2949 quicquam
2720 2880 2963 2937 salutare
3000 2896 3067 2936 ex
3099 2891 3347 2954 tempore
3369 2899 3504 2941 con-

1932 2973 2111 3025 sulere
2142 2986 2324 3040 posse,
2384 2971 2477 3025 sed
2507 2969 2650 3042 fuga:
2682 2987 2741 3027 se
2771 2974 2926 3028 dare.
2966 2973 3073 3029 Eos
3121 2973 3352 3031 Ruinani
3414 2978 3502 3032 in-

1930 3065 2109 3133 scqni,
2138 3073 2191 3117 et
2222 3064 2479 3120 absentes
2505 3064 2668 3118 simul
2699 3065 2940 3133 legiones
2975 3080 3277 3136 earumque
3336 3068 3503 3124 duces

251 3158 429 3218 Εὐθὺς
455 3154 548 3210 οὖν
568 3158 617 3208 ot
654 3155 926 3225 Βάρϐαροι
941 3155 1018 3224 τῷ
1034 3153 1338 3223 ἀνελπίστῳ
1361 3152 1827 3220 καταπλαγέντες,
1857 3191 1899 3248 C

1857 3191 1899 3248 ο
1932 3169 2236 3217 accersere,
2266 3169 2499 3224 cumque
2523 3155 2608 3210 his
2631 3154 2992 3209 domesticum
3024 3157 3359 3224 scholarum,
3389 3161 3504 3215 sic-

253 3250 350 3300 καὶ
382 3248 517 3317 μήτε
545 3247 806 3317 συστῆναι
850 3247 990 3317 μήτε
1030 3247 1091 3298 τὸ
1120 3244 1276 3297 ἐπιὸν
1314 3243 1515 3311 πλῆθος
1558 3243 1684 3295 ὅσον
1706 3244 1824 3295 ἐστὶ

251 3341 509 3403 λαϐόντες
532 3341 723 3409 καιρὸν
757 3340 905 3405 ἰδεῖν,
940 3338 1068 3409 μήτ’
1091 3337 1219 3392 ἄλλο
1241 3354 1292 3389 τι
1326 3340 1593 3407 σωτήριον
1615 3337 1827 3398 ἑαυτοῖς

252 3434 319 3484 ὲκ
368 3429 463 3482 τοῦ
495 3430 839 3501 παραχρῆμα
890 3428 1309 3499 βουλεύσασθαι,
1369 3428 1633 3496 ὥρμησαν
1688 3427 1825 3497 πρὸς

246 3523 453 3589 θνητή-ν.
495 3521 616 3576 Τῶν
642 3519 743 3574 οὖν
785 3519 1087 3574 διωκόντων
1142 3518 1430 3588 Ῥωμαίων
1471 3520 1567 3571 καὶ
1597 3519 1722 3579 τοὺς
1751 3517 1826 3587 μὴ

1936 3246 2013 3299 uti
2050 3246 2230 3301 fuerat
2256 3256 2610 3317 praeceptum.
2668 3247 2846 3303 Aucto
2878 3249 3201 3319 fugientium
3226 3266 3427 3321 pavore
3441 3268 3506 3307 ae

1939 3338 2194 3404 tumultu,
2223 3338 2454 3392 Romani
2482 3354 2576 3395 eos
2614 3355 2785 3410 usque
2837 3340 2906 3396 ad
2976 3343 3313 3398 tricesimum
3381 3345 3506 3399 mil-

1951 3428 2087 3482 liarc
2118 3430 2506 3499 insequuntur,
2529 3420 2765 3500 spatium
2791 3432 3175 3489 intermedium
3202 3436 3506 3493 innumeris

1937 3521 2173 3574 hostium
2204 3522 2568 3578 cadaveribus
2595 3532 3035 3582 consternentes.

254 3622 514 3682 συνόντας
555 3616 939 3687 ἐπιϐοωμένων
967 3616 1307 3684 στρατηγοὺς
1346 3614 1440 3667 καὶ
1462 3611 1532 3665 τὰ
1566 3613 1821 3682 τάγματα
1858 3616 1951 3667 καὶ
1982 3617 2069 3666 τὸν
2112 3616 2220 3669 τῶν
2279 3617 2477 3685 σχολῶν
2548 3619 2950 3689 ἀφηγούμενον,
3022 3619 3276 3691 καθάπερ
3320 3622 3506 3688 αὐτοῖς

254 3714 631 3774 συνετέτακτο,
666 3712 762 3764 καὶ
788 3709 898 3763 τῶν
920 3710 1230 3778 φευγόντων
1259 3710 1336 3771 είς
1361 3706 1586 3760 πλείονα
1612 3707 2089 3777 συνελαυνομένων
2123 3712 2283 3777 ξόϐον
2338 3714 2432 3764 καὶ
2483 3712 2745 3783 ταραχὴν,

2826 3712 3023 3783 συνέϐη
3096 3712 3260 3787 μέχρι
3312 3717 3506 3785 μιλίων

251 3806 545 3876 τριάκοντα
567 3802 820 3870 γενέσθαι
853 3803 949 3872 τὴν
978 3802 1160 3867 δίωξιν
1186 3801 1280 3855 καὶ
1307 3801 1399 3857 τὸν
1425 3801 1626 3870 μεταξὺ
1650 3802 1827 3872 χῶρον
1864 3804 2113 3873 ἀπείροις
2141 3805 2596 3876 καταστρωθῆναι
2623 3811 2858 3877 νεκροῖς.

326 3896 463 3947 Τότε
488 3894 552 3963 δὴ
579 3896 672 3945 καὶ
693 3894 722 3944 ό
748 3893 968 3962 ἀναιδὴς
998 3891 1307 3961 Χρυσόχειρ
1334 3891 1432 3943 σὺν
1463 3890 1664 3958 ὀλίγοις
1701 3890 1832 3959 φεύ-

254 4004 368 4054 γων
400 3984 507 4037 τῶν
544 3985 661 4052 μετ’
691 3982 875 4046 αὑτὸν,
926 3985 1051 4035 ἐπεὶ
1099 3981 1458 4035 καταδιώκειν
1508 3979 1651 4048 ἔγνω
1698 3982 1832 4033 Ῥω-

259 4077 418 4146 μαῖόν
439 4092 562 4128 τινα
598 4074 875 4143 Πουλάδην
903 4074 1003 4143 τὴν
1038 4071 1431 4142 προσηγορίαν,
1457 4073 1517 4125 ὃν
1550 4069 1829 4139 αἰχμάλω-

254 4183 348 4219 τον
380 4165 537 4219 ἔλαϐέ
560 4181 692 4217 ποτε
715 4164 857 4217 κατά
883 4162 982 4233 τὴν
1002 4160 1281 4232 Τεφρικὴν
1304 4162 1397 4214 καὶ
1423 4159 1511 4214 διὰ
1535 4161 1827 4230 ἀστεϊσμὸν

258 4262 353 4313 καὶ
390 4260 589 4330 χάριτα
633 4258 839 4327 συνήθη
870 4253 983 4327 εἶχε
1017 4256 1111 4308 καὶ
1141 4257 1440 4325 γνώριμον,
1494 4254 1832 4322 θεασάμενος

258 4352 423 4404 αὐτὸν
451 4351 547 4402 καὶ
562 4348 854 4418 γνωρίσας,
874 4346 957 4419 [P.
979 4346 1103 4419 5⁸15]
1123 4346 1497 4417 ἐπιστραφεὶς,
1514 4345 1579 4398 Τί
1596 4361 1701 4410 σοι,
1727 4361 1832 4415 φη-

259 4444 368 4507 σὶν,
396 4435 442 4495 ὧ
479 4440 629 4494 ἄθλιε
664 4440 933 4510 Πουλάδη,
985 4438 1369 4508 διεπραξάμην
1416 4437 1607 4501 κακὸν,
1642 4439 1723 4491 ὄτι
1767 4452 1834 4506 με

2013 3892 2166 3947 Tunc
2199 3894 2363 3948 etiam
2399 3895 2686 3964 impudens
2722 3897 2812 3951 ille
2845 3898 3199 3968 Chrysochir,
3225 3916 3347 3954 cum
3368 3918 3505 3971 pan-

1939 3986 2020 4040 cis
2045 4000 2269 4039 suorum
2306 3984 2542 4055 fugiens,
2577 4000 2702 4040 cum
2735 3987 2941 4044 instare
2961 3990 3068 4044 sibi
3096 3991 3306 4048 videret
3338 3993 3504 4049 Pola.

1935 4072 2056 4127 dem
2093 4074 2381 4142 quemdam
2411 4090 2442 4128 e
2473 4073 2758 4142 Romanis,
2792 4094 2950 4148 quem
2975 4081 3091 4150 ipse
3115 4082 3264 4149 olim,
3292 4086 3505 4158 1012

1936 4164 1993 4218 in
2016 4164 2159 4219 bello
2190 4165 2332 4234 apud
2371 4164 2694 4236 Tephrieam
2718 4179 2935 4239 ceperat
2994 4182 3297 4244 notumque
3329 4185 3384 4230 et
3426 4178 3507 4231 fa-

1935 4255 2201 4310 miliarem
2239 4258 2523 4319 habuerat,
2560 4274 2862 4329 agnoscens
2897 4261 3175 4319 hominem
3201 4274 3256 4320 et
3271 4267 3339 4320 ad
3375 4283 3503 4322 eum

1935 4357 2267 4407 conversus,
2302 4345 2468 4411 Quid,
2502 4348 2598 4411 ait,
2622 4349 2786 4404 miser
2810 4349 3066 4419 Pulades,
3101 4355 3227 4408 mali
3252 4356 3346 4410 tibi
3378 4356 3503 4424 feci,

1938 4434 2081 4503 quod
2118 4446 2336 4490 metam
2372 4437 2577 4493 furiose
2624 4442 2995 4511 persequeris,
3054 4445 3361 4503 interficere
3406 4466 3505 4502 cu-

259 4531 405 4583 οὖτω
432 4530 791 4591 καταδιώκεις
816 4529 1099 4599 μανιωδῶς
1119 4527 1407 4596 ἐπιθυμῶν
1435 4526 1643 4580 ἀνελεῖν
1665 4527 1756 4593 ;'O
1775 4528 1832 4580 δὲ
1865 4518 1909 4575 ι)

1865 4518 1909 4575 ι)
1936 4527 2127 4596 piens?
2162 4528 2260 4582 Cui
2295 4530 2530 4584 breviter
2554 4529 2806 4598 Pulades,
2847 4533 2975 4598 Deo,
3038 4536 3237 4606 inquit,
3268 4540 3503 4608 confido,

260 4621 543 4691 συντόμως
601 4618 926 4685 ὑπολαϐὼν,
963 4619 1086 4672 Τῶν
1139 4616 1472 4687 εὐεργεσιῶν
1524 4633 1654 4683 σου,
1717 4618 1829 4671 πά-

257 4728 402 4781 τρων
423 4711 554 4780 (85),
574 4710 669 4780 τὴν
697 4711 954 4780 ἀμοιϐὴν,
985 4709 1113 4778 ἔφη,
1142 4708 1435 4763 ἀποδοῦναί
1456 4725 1538 4761 σοι
1570 4708 1711 4762 κατά
1731 4709 1830 4776 τὴν

262 4802 548 4871 παροῦσαν
600 4800 815 4869 ἡμέραν
867 4800 1143 4861 πεποιθώς
1175 4802 1291 4869 είμι
1325 4801 1402 4868 τῷ
1449 4799 1590 4870 Θεῷ.
1632 4800 1692 4852 ’0
1734 4800 1831 4869 μὲν

258 4886 353 4941 οὖν
375 4889 571 4959 προῄει
596 4885 686 4942 οἷά
713 4907 798 4951 τις
823 4889 1190 4959 ἐμϐρόντητος
1216 4891 1308 4941 καὶ
1336 4889 1714 4960 βεϐλαμμένος
1736 4891 1831 4952 τὰς

264 4980 490 5048 φρένας,
552 4980 582 5031 ὁ
626 4980 685 5033 δὲ
735 4982 993 5049 ἐφείπετο
1054 4982 1171 5050 μετ’
1201 4980 1492 5050 εὐτολμίας
1552 4982 1829 5050 νεανικῆς.

260 5072 469 5141 Τάφρῳ
500 5072 558 5125 δὲ
593 5072 786 5143 βαθείᾳ
810 5075 839 5126 ό
865 5074 1195 5144 διωκόμενος
1238 5070 1500 5142 ἐντυχὼν,
1531 5073 1627 5149 καὶ
1659 5072 1832 5143 ὑπερ-

261 5162 502 5230 ⁴πηδῆσαι
532 5164 736 5233 ταύτην
779 5163 871 5216 τὸν
905 5165 1071 5217 ῐππον
1103 5165 1180 5235 μὴ
1231 5163 1547 5234 συγχωρῶν,
1582 5163 1832 5233 βάλλεται

261 5254 497 5308 κατόπιν
519 5254 671 5326 παρά
691 5254 787 5309 τοῦ
822 5255 1094 5309 Πουλάδου
1136 5256 1442 5325 φθάσαντος
1482 5255 1658 5308 κοντῶ
1689 5254 1833 5308 κατά

1938 4618 2042 4672 hac
2070 4619 2157 4674 die
2184 4637 2269 4675 me
2299 4623 2393 4677 tibi
2423 4637 2522 4691 pro
2552 4623 2660 4678 tuis
2681 4626 2892 4681 meritis
2920 4629 3150 4697 gratiam
3178 4632 3503 4688 relaturum.

1941 4708 2121 4779 Pergit
2148 4713 2344 4766 exinde
2367 4713 2701 4781 Chrysochir
2722 4717 2993 4772 attonitus
3020 4732 3083 4773 ac
3130 4736 3345 4787 vecors,
3399 4739 3500 4778 au-

1936 4798 2125 4853 dacter
2159 4804 2477 4869 insequente
2508 4803 2731 4866 Pulade,
2757 4807 2932 4861 donec
2968 4808 3033 4862 ad
3089 4811 3253 4864 altam
3293 4813 3499 4869 fossam

1944 4900 2265 4960 perventum
2302 4904 2405 4947 est.
2430 4892 2561 4946 Eam
2607 4910 2733 4949 cum
2769 4898 3049 4953 transilire
3067 4915 3269 4969 equum
3324 4902 3502 4976 Cltry~

1941 4981 2123 5035 sochir
2148 4996 2256 5034 non
2285 4992 2581 5049 pateretur,
2618 4996 2782 5040 conto
2811 4987 2954 5042 latus
2980 5003 3010 5041 a
3035 4988 3239 5045 Pulade
3273 5008 3505 5064 propere

1940 5070 2081 5125 ictus
2102 5073 2311 5127 doloris
2342 5076 2680 5144 impatientia
2713 5079 2781 5132 ab
2801 5095 2943 5150 equo
2981 5081 3274 5140 delabitur.
3303 5088 3506 5145 Aderat

1938 5163 2161 5232 quidam
2211 5165 2552 5221 Diaconitzcs
2585 5170 2825 5226 nomine.
2881 5172 2931 5226 Is
2962 5174 3146 5228 statim
3188 5191 3218 5229 a
3277 5192 3380 5232 suo
3405 5177 3504 5234 de-

1942 5255 2133 5311 siliens
2163 5273 2304 5325 equo
2333 5257 2756 5327 Chrysochireut
2784 5266 3082 5319 curandum
3111 5267 3367 5338 suaeipit,
3408 5284 3507 5325 ca-

1403 5415 1756 5470 XYLANDRI
1786 5418 1872 5473 ΕΤ
1895 5417 2104 5475 GOARI
2128 5416 2329 5471 NOTA:

333 5527 446 5596 (85)
469 5524 586 5579 Non
612 5528 944 5596 assequebar
971 5527 1102 5596 quid
1127 5528 1227 5582 sibi
1260 5528 1392 5582 illud
1412 5528 1634 5596 πάτρων
1650 5527 1830 5593 vellet,

259 5613 329 5652 an
371 5606 625 5666 parentes
656 5600 737 5650 vel
793 5599 1047 5666 majores,
1078 5596 1224 5666 quod
1257 5598 1344 5650 vix
1399 5596 1651 5665 quadrat,
1703 5613 1827 5651 cum

260 5670 331 5722 ab
361 5668 482 5735 ipso
505 5665 1321 5737 Chrysochirecaptnsdicatur
1343 5666 1600 5729 Pulades,
1635 5682 1700 5719 an
1736 5684 1828 5736 pa—

259 5745 497 5807 ιιιθιιιιιιιΔ
530 5736 882 5804 significaret,
924 5736 1109 5807 itaque
1161 5752 1286 5792 emn
1340 5737 1831 5807 σαρκάζωνιψμοι-

260 5806 398 5862 laret
477 5803 668 5875 Itaque
710 5807 892 5861 omisi.
958 5803 1093 5861 Min.
1131 5837 1202 5847 —
1255 5803 1829 5863 Cht'vioclzei:is'niim

594 5898 862 5958 PATROL.
909 5899 1028 5959 Gn.
1072 5899 1280 5961 CXXI.

1940 5529 2188 5597 captivus
2220 5526 2451 5584 l’nlades
2490 5540 2639 5603 recte
2672 5538 2830 5584 vocat
2888 5547 3010 5587 eum
3053 5534 3313 5603 πάτρωνα
3349 5556 3362 5593 :
3401 5538 3507 5597 hac

1946 5614 2180 5664 namque
2217 5614 2347 5653 νυοί)
2374 5617 2437 5653 cx
2490 5598 2670 5653 Italica
2709 5612 2930 5668 patrone
2970 5598 3205 5658 deducta
3250 5609 3506 5664 dominus

1941 5671 2125 5743 etiam
2160 5670 2711 5743 hnalteirompellanti
2752 5670 3058 5743 Orientales
3097 5678 3319 5743 captivi.
3356 5680 3505 5736 Alius

1943 5739 2243 5810 Ilrcsy'ltitls
2275 5757 2287 5790 :
2324 5742 2609 5807 Ιιατρωνες
2665 5742 2714 5792 oi
2756 5742 2960 5808 πρῶτοι
3020 5743 3129 5800 τῶν
3165 5739 3507 5810 ἀξιωθέντων

1941 5809 2036 5877 τῆ’
2089 5809 2371 5876 ’Ῥωμαιων
2401 5810 2699 5872 πολιτείας.
2731 5811 2898 5866 Goan.

3061 5906 3133 5968 35
