4226 6442
253 369 393 437 11θῖ

1317 371 1857 433 HlSTtiHiAillIM
1895 372 2424 433 tItLlll't‘ENDiUftl.

3377 363 3518 431 1102

248 493 417 544 ταῦθιι
446 490 617 560 λε’χων
652 490 938 560 ἐκράτησε.
979 485 1127 556 “pb;
1155 488 1209 541 δέ
1241 489 1337 558 τὴν
1369 488 1699 555 Καλλίπολιν
1729 493 1820 542 καὶ
1856 502 1892 553 Α

1856 502 1892 553 Α
1929 497 2054 543 ante
2090 489 2397 544 exercitum
2440 486 2536 540 itit
2571 502 2584 550 ;
2617 485 2999 555 superatisque.
3028 484 3191 541 'l'auti
3220 487 3512 555 angustiis.

252 579 525 632 ὶὲαἰασίαν
556 578 790 648 φθάσας,
814 577 1102 642 δυσῦατοις
1128 578 1183 631 δὲ
1226 578 1533 648 περιτυχὼν
1563 579 1658 632 καὶ
1680 580 1818 632 απο-

248 672 519 740 κρήμνοις
570 670 729 735 ὁδοῖς,
782 671 909 733 τοὶις
955 669 1061 723 ὑπὸ
1111 671 1270 738 χεῖρα
1324 669 1817 740 παραμυθούμενος

252 766 390 835 πεζῇ
439 763 532 816 καὶ
562 762 732 833 βάδην
778 762 940 824 αὐτὸς
969 760 1371 831 προεπορεύετο
1422 761 1515 815 τοῦ
1568 760 1816 830 στρατοῦ.

260 854 537 924 ’Υπερϐὰς
562 854 618 908 δὲ
646 854 715 906 τὰ
744 854 906 906 στενὰ
957 850 1052 905 τοῦ
1079 851 1296 922 Ταύρου
1342 854 1408 923 τῇ
1451 851 1822 925 Γερμανικείᾳ

247 947 597 1017 προσὸἀλλει.
657 946 814 1000 Ἐπεὶ
866 945 922 998 δὲ
951 944 1014 998 τὸ
1075 943 1426 1014 ἀνθιστάμενι
1464 968 1470 975 ·
1510 943 1657 996 ἅπαν
1708 946 1819 1005 τοῖς

246 1041 451 1109 τείχεσι
481 1037 845 1099 συνεκλείετο.
887 1036 984 1090 καὶ
1008 1036 1181 1099 οὐδεὶς
1211 1035 1415 1106 ἐτόλμα
1460 1034 1593 1106 πρὸς
1636 1038 1822 1105 χεῖρας

248 1132 441 1196 ἐλθεῖν,
475 1131 547 1184 τὰ
582 1130 686 1201 πρὸ
711 1133 809 1199 τῆς
835 1127 1045 1191 πόλεως
1099 1127 1269 1198 κάλλη
1307 1125 1497 1198 κείρας
1541 1127 1636 1180 καὶ
1684 1126 1821 1196 πυρὶ

250 1223 525 1292 παραδοὺς
561 1223 698 1295 πρὸς
741 1220 979 1276 Ἀδὰπαν
1016 1218 1129 1291 (86)
1159 1219 1491 1290 παρεγένετο
1516 1216 1613 1288 τὴν
1643 1217 1821 1271 πόλιν.

250 1317 359 1368 Καὶ
379 1315 487 1367 τῶν
522 1312 728 1384 ταύτης
772 1314 830 1366 δέ
863 1313 1102 1367 ἐποίκων
1149 1311 1224 1381 μὴ
1250 1310 1576 1381 τολμώντων
1625 1311 1683 1363 ἐν
1714 1312 1824 1373 τοῖς

250 1406 536 1476 ὑπαίθροις
594 1404 1041 1472 διαγωνίζεσθαι,
1102 1403 1219 1457 ἀλλ’
1249 1404 1379 1456 είσω
1426 1403 1825 1457 συνελαθέντων

248 1497 466 1569 τειχῶν,
496 1498 567 1550 τὰ
596 1498 701 1563 ἕξω
729 1497 827 1566 τῆς
859 1496 1065 1558 πόλεως
1113 1495 1439 1565 ληϊσάμενος
1500 1493 1593 1546 καὶ
1631 1496 1826 1548 ἀποτε-

252 1590 498 1659 φρώσας,
516 1589 946 1659 ἐκπολιορκήσας
970 1587 1027 1641 δὲ
1047 1588 1141 1642 καὶ
1156 1587 1216 1640 τὸ
1239 1586 1509 1657 πολίχνιον
1539 1586 1567 1639 ὃ
1592 1585 1826 1656 Γέροντα

250 1678 497 1742 ἐκάλουν,
527 1679 621 1732 καὶ
647 1678 948 1748 διαρπάσαι
971 1677 1121 1746 ἐφεὶς
1173 1680 1283 1740 τοῖς
1316 1674 1701 1748 στρατιώταις,
1734 1692 1825 1728 τε-

251 1772 493 1825 λευταῖον
532 1772 715 1835 αὐτοῖς
740 1769 1068 1839 προσϐάλλει
1103 1772 1213 1833 τοῖς
1231 1769 1461 1840 τείχεσι,
1496 1770 1590 1822 καὶ
1625 1785 1824 1822 παντο-

1927 581 1997 635 ad
2054 579 2460 637 Cermanieiam
2509 579 2762 633 acceSsit.
2828 577 3078 647 Cumque
3140 579 3325 634 hostes
3375 583 3517 632 intra

1926 686 2116 728 muros
2144 688 2203 727 se
2232 671 2600 735 continerent,
2657 683 2930 739 nemoque
2967 684 3187 723 manum
3258 670 3513 724 coaferre

1926 761 2172 827 auderet,
2233 759 2518 817 suburbiis
2546 758 2775 829 direptis
2830 768 2996 830 atque
3027 758 3292 824 incensis,
3325 762 3390 814 ad
3423 776 3519 813 ur.

1925 856 2047 913 bent
2090 854 2331 924 Adapam
2363 853 2534 909 venit.
2581 850 2830 921 Cumque
2885 851 2973 906 hic
3032 850 3197 906 etiam
3258 850 3515 921 Oppidani

1942 944 2222 1000 mcenibus
2261 958 2320 998 se
2349 950 2661 1005 tuerentur,
2724 956 2847 1010 quze
2892 950 3047 996 extra
3102 942 3293 996 urbem
3356 953 3516 997 erant

1933 1037 2282 1106 depraadatus
2319 1034 2593 1102 incendit;
2630 1032 2953 1104 oppidulum
2986 1033 3078 1087 cui
3115 1048 3314 1089 nomen
3334 1034 3515 1090 Gcron

1927 1129 2287 1199 expugnavit,
2371 1127 2750 1196 militibusque
2824 1125 3195 1195 diripiendum
3266 1127 3512 1182 tradidit.

1929 1220 2285 1289 Tandemque
2357 1218 2622 1273 adhibitis
2701 1217 2972 1272 machinis
3036 1232 3227 1274 muros
3311 1216 3517 1287 Adapte

1926 1327 2220 1384 aggressus
2244 1311 2704 1382 eppugnationem
2748 1309 2988 1381 undique
3022 1325 3201 1366 acrem
3231 1311 3471 1367 instituit
3497 1327 3510 1364 :

1930 1419 2055 1457 nam
2087 1416 2313 1458 suarmn
2343 1402 2626 1472 copiarum
2661 1402 2823 1456 robur
2889 1402 2941 1455 in
2969 1416 3121 1470 spem
3185 1416 3309 1456 eum
3365 1402 3514 1455 haud

1927 1494 2176 1565 exiguam
2214 1492 2367 1548 urbis
2410 1490 2691 1562 potiundae
2755 1490 3078 1546 adducebat.
3141 1491 3278 1548 Cum
3332 1498 3511 1547 autem

1933 1584 2142 1656 1015
2184 1586 2390 1639 videret
2427 1584 2684 1638 obsessos
2717 1581 2928 1636 fortiter
2976 1591 3029 1637 et
3085 1583 3359 1652 impavide
3416 1599 3514 1650 op-

1933 1680 2324 1748 pugnationem
2354 1676 2517 1741 ferre,
2567 1676 2729 1731 factis
2761 1674 2990 1729 indutiis
3011 1690 3108 1730 eos
3155 1685 3514 1745 percontatus

1935 1769 2258 1823 cstcninam
2283 1766 2365 1820 rei
2398 1766 2648 1830 ﬁdentes,
2698 1765 2890 1836 patriae
2941 1767 3261 1822 imminente
3319 1769 3509 1827 exitio.

248 1862 426 1925 δαπὰς
461 1862 767 1933 προσέφερε
825 1860 1096 1931 μηχανὰς,
1148 1860 1246 1914 καὶ
1304 1862 1527 1932 ἐνεργὸς
1556 1856 1623 1929 ἦν
1662 1862 1721 1912 ὲν
1751 1862 1817 1930 τῇ
1854 1846 1896 1906 Β

1854 1846 1896 1906 Β
1926 1874 2032 1915 tam
2075 1861 2285 1916 securis
2325 1869 2511 1915 essent
2560 1860 2779 1915 animis.
2816 1861 3115 1931 Respondit
3166 1861 3389 1931 quidam
3444 1862 3512 1917 de

254 1954 562 2026 πολιορκία,
581 1953 800 2016 ἐλπίδας
823 1953 884 2007 οὐ
911 1954 1113 2023 μικρὰς
1146 1952 1286 2024 ἔχων
1308 1953 1557 2023 αἱρήσειν
1587 1952 1686 2023 τὴν
1724 1951 1822 2003 πό-

252 2048 332 2099 λιν
352 2047 439 2100 διὰ
473 2046 533 2098 τὸ
560 2049 660 2117 τῆς
694 2047 822 2116 περὶ
849 2046 1013 2100 αὐτὸν
1044 2046 1331 2111 δυνάμεως
1385 2044 1572 2116 βάρος.
1634 2042 1823 2114 Εὐρώ-

254 2157 411 2204 στους
442 2140 497 2193 δὲ
528 2142 653 2204 τοὺς
682 2139 830 2192 ἔνδον
853 2138 1027 2208 εὑρὼν
1055 2139 1149 2193 καὶ
1170 2138 1339 2201 ἀδεῶς
1365 2138 1436 2192 τὰ
1463 2137 1825 2210 προσπίπτον.

248 2250 318 2285 τα
374 2233 661 2301 φέροντας,
698 2230 897 2301 ἀνοχὴν
943 2230 1022 2300 τῷ
1053 2228 1277 2301 πολέμῳ
1327 2230 1450 2294 δοὺς
1494 2229 1826 2283 ἐπυνθάνετο

249 2324 357 2376 τῶν
387 2323 536 2377 ἔνδον
567 2323 653 2391 ἐφ’
689 2322 797 2390 ὅτῳ
846 2320 1191 2388 πεποιθότες,
1227 2321 1328 2391 τῆς
1356 2321 1612 2393 πατρίδος
1643 2322 1824 2375 αὐτῶν

250 2416 350 2484 ἢδη
383 2413 684 2485 μελλούσης
742 2412 1293 2484 παραλαμϐάνεσθαι,
1325 2413 1506 2482 ὀλίγον
1540 2412 1705 2466 αὐτοῦ
1737 2413 1823 2467 λό-

250 2524 349 2576 γον
397 2508 710 2578 ποιούμενοι
741 2507 1023 2576 φαίνονται
1048 2524 1062 2539 ’
1100 2507 1237 2577 πρὸς
1272 2506 1332 2560 ὃν
1373 2506 1708 2577 ἀπεκρίνατό
1738 2524 1821 2569 τις

250 2598 361 2652 τῶν
382 2597 716 2667 γεραιτέρων
746 2596 1118 2667 πληροφορίαν
1145 2594 1433 2665 ἐσχηκέναι
1462 2591 1576 2664 Οόχ
1597 2595 1700 2647 ὑπὸ
1731 2593 1824 2647 σοῦ

252 2690 683 2761 πολιορκηθῆναι
718 2688 814 2742 νῦν
839 2688 939 2759 τὴν
970 2687 1146 2754 πόλιν,
1191 2687 1306 2741 ἀλλ’
1338 2688 1427 2756 ὑφ’
1458 2688 1650 2757 ἐτέρου
1680 2687 1824 2751 τινος

253 2784 617 2853 πεπρωμένον
645 2777 789 2836 εἶναι
819 2782 1026 2852 ταύτην
1065 2780 1339 2854 ληφθῆναι
1383 2781 1525 2834 κατὰ
1556 2780 1709 2849 γένος
1741 2797 1824 2833 σοι

254 2878 628 2946 προσήκοντος
680 2876 1112 2945 (Κωνσταντῖνος
1170 2874 1347 2944 τούτῳ
1379 2873 1440 2926 τὺ
1471 2874 1691 2943 ὄνομα),
1731 2877 1825 2927 καὶ

251 2968 339 3021 διὰ
373 2966 532 3021 τοῦτο
584 2967 661 3038 μὴ
707 2966 1186 3035 καταπλήττεσθαι
1229 2968 1343 3029 τοῖς
1393 2966 1820 3037 προσπίπτουσι.

254 3059 361 3115 Τοῦ
392 3060 450 3113 δὲ
480 3060 573 3113 τὸν
608 3060 723 3112 υίθιν
778 3057 1142 3121 ἐπιδείξαντος
1181 3059 1276 3111 καὶ
1311 3057 1387 3121 ὡς
1420 3059 1825 3118 Κωνσταντῖνος

254 3151 502 3205 καλεῖται
532 3150 797 3215 εἰπόντος,
826 3149 886 3202 ού
915 3148 1104 3202 τοῦτον
1144 3150 1174 3202 ὁ
1219 3147 1587 3219 ἐξηγούμενος
1638 3147 1825 3214 ἔλεγεν

254 3238 396 3295 εἶναι
419 3242 509 3295 τὸν
539 3242 942 3295 Κωνσταντῖνον
963 3241 1022 3304 ὃς
1054 3240 1236 3295 αὐτῶν
1267 3239 1453 3309 μέλλει
1484 3240 1703 3311 ποιῆσαι
1730 3240 1826 3309 τὴν

255 3336 413 3388 πόλιν
447 3334 761 3397 ἀνάστατον,
796 3333 954 3387 ἄλλον
981 3334 1040 3388 δέ
1087 3350 1211 3388 τινα
1256 3332 1394 3404 μετὰ
1416 3332 1608 3404 χρόνον
1635 3333 1828 3402 συχνὸν

256 3431 351 3483 καὶ
381 3426 491 3480 τῶν
522 3427 804 3496 ἀπογόνων
829 3427 936 3481 τῶν
967 3426 1098 3480 σῶν.
1145 3426 1260 3496 Ἐφ’
1288 3419 1371 3489 οἷς
1392 3427 1420 3479 ὁ
1445 3425 1696 3496 βασιλεὺς
1732 3425 1827 3494 ὀρ-

258 3520 490 3587 γισθεὶς,
535 3519 627 3572 καὶ
656 3518 837 3590 ἔργοις
869 3515 1148 3584 ἐξελέγξαι
1185 3515 1469 3587 βουληθεὶς
1514 3515 1707 3585 ψεῦδος
1730 3515 1829 3586 τὴν

258 3613 582 3683 πῴρῤησιν,
646 3608 1039 3680 συντονώτερον
1088 3610 1298 3679 ἥπτετο
1329 3608 1430 3678 τῆς
1486 3607 1827 3679 πολιορκίας.

268 3708 355 3769 Ὠς
372 3706 429 3759 δὲ
452 3704 668 3758 πάντων
700 3702 1006 3758 πονούντων
1031 3700 1107 3773 μὴ
1130 3700 1533 3772 προδαίνουσαν
1558 3698 1705 3770 ἐώρα
1732 3701 1830 3768 τὴν

259 3798 518 3866 σπουδὴν,
561 3794 851 3864 ἐπεγένετο
900 3793 1172 3864 δὲ’κρύος
1230 3794 1535 3865 ἀμήχανον,
1586 3794 1712 3856 τοὺς
1771 3794 1831 3846 ἐν

260 3891 510 3959 ὑπαίθρῳ
553 3888 798 3957 σφοδρῶς
836 3886 1254 3957 λυμαινόμενον,
1281 3886 1440 3939 ἔλυσε
1471 3886 1571 3956 τὴν
1614 3885 1832 3956 πολιορ-

260 3984 405 4037 κίαν.
439 3982 523 4053 [Ρ.
556 3978 687 4050 575]
723 3978 812 4033 Ἐν
856 3977 915 4031 δὲ
946 3976 1026 4047 τῷ
1051 3978 1412 4047 ὑποστρέφειν
1445 3977 1507 4031 τὸ
1559 3977 1693 4031 πολὺ
1721 3978 1830 4031 τῶν

258 4070 619 4142 αἰχμαλώτων
644 4070 730 4124 διὰ
758 4070 817 4123 τὸ
854 4068 1018 4138 βάρος
1047 4067 1191 4137 ξίφει
1240 4067 1502 4130 κελεύσας
1536 4068 1832 4138 ἀποφορτί-

260 4163 472 4227 ζεσθαι,
498 4162 596 4231 τῆς
626 4162 762 4233 πρὸς
797 4161 895 4233 τὴν
917 4159 1308 4231 βασιλεύουσαν
1331 4159 1530 4228 εἴχετο,
1551 4159 1687 4213 πολὺ
1711 4158 1831 4223 δέος

260 4258 370 4317 τοῖς
395 4256 461 4306 ἐκ
501 4252 600 4322 τῆς
632 4255 814 4322 Ἀγαρ
847 4249 1184 4305 καταλιπών.
1219 4250 1605 4320 Προσδοκήσας
1625 4250 1682 4303 δὲ
1714 4252 1832 4304 ἐπι-

261 4348 523 4417 θήσεσθαι
553 4346 735 4409 αὺτοῖς
770 4345 911 4399 κατὰ
944 4345 1011 4397 τὰ
1043 4344 1226 4407 στενὰ,
1262 4344 1453 4413 λόχους
1475 4345 1533 4396 ἐν
1563 4345 1678 4406 τοῖς
1708 4345 1832 4396 ἐπι-

260 4436 474 4504 καίροις
505 4434 666 4500 ἀφεὶς
695 4433 923 4495 πολλοὺς
975 4432 1087 4487 τῶν
1143 4432 1492 4502 ἐλλοχώντων
1520 4432 1828 4503 ἐζώγρησε.

1930 1952 2246 2009 senioribus
2285 1960 2468 2007 certos
2490 1966 2551 2008 se
2583 1965 2704 2008 esse
2737 1953 2924 2007 urbem
2988 1968 3099 2008 non
3156 1955 3225 2008 ab
3284 1955 3402 2025 ipso
3449 1955 3503 2009 iit

1930 2046 2242 2119 praesentia,
2283 2046 2378 2101 sed
2416 2044 2485 2099 ab
2511 2046 2622 2099 alio
2652 2044 2893 2115 quodam
2960 2061 3134 2115 genus
3185 2044 3251 2100 ad
3320 2048 3499 2117 ipsum

1929 2141 2222 2205 referente,
2250 2142 2474 2197 nomine
2535 2140 2926 2203 Constantino,
2959 2148 3332 2210 expugnatum
3387 2142 3453 2196 iri
3486 2159 3500 2203 ;

1928 2232 2111 2301 itaque
2127 2246 2185 2287 se
2213 2245 2322 2285 non
2347 2229 2541 2286 terreri
2575 2231 2674 2285 hac
2693 2229 3117 2301 oppugnatione.
3144 2230 3392 2301 Cumque
3409 2230 3510 2286 Ba-

1927 2325 2086 2379 silius
2125 2322 2297 2378 ﬁlium
2346 2323 2414 2378 iis
2438 2337 2599 2378 suum
2640 2322 3098 2387 demonstrasset,
3153 2332 3318 2393 atque
3368 2325 3512 2380 hunc

1927 2414 2350 2470 Constantinum
2392 2414 2581 2470 vocari
2603 2413 2854 2482 dixisset,
2886 2429 2995 2470 non
3027 2415 3173 2471 hunc
3200 2430 3323 2472 esse
3358 2416 3508 2471 illum

1926 2505 2347 2561 Constantinum
2381 2505 2693 2560 collocutor
2722 2506 2825 2561 iste
2880 2506 3188 2576 respondit,
3216 2506 3368 2563 urbis
3405 2509 3509 2563 hu»

1923 2600 2016 2672 jus
2053 2614 2383 2666 eversorem,
2407 2598 2504 2654 sed
2531 2598 2698 2653 alium
2726 2599 3026 2669 quemdam
3052 2597 3170 2654 fure
3199 2601 3370 2657 multo
3386 2608 3513 2671 post

1929 2704 2191 2763 tempore,
2235 2706 2300 2747 ex
2343 2690 2665 2764 posteritate
2721 2689 2932 2745 Basilii.
2973 2689 3056 2743 Ira
3080 2703 3390 2748 commotus
3439 2696 3510 2748 ob

1929 2786 2045 2840 haec
2076 2787 2391 2852 imperator,
2435 2781 2744 2851 lalsumque
2782 2795 2907 2836 esse
2949 2780 3052 2837 hoc
3085 2783 3404 2838 vaticinium
3448 2800 3509 2840 re

1929 2877 2050 2947 ipsa
2079 2873 2366 2931 ostendere
2395 2874 2648 2944 cupiens,
2675 2871 3059 2945 majori'quam
3086 2886 3248 2931 antea
3296 2876 3347 2930 vi
3409 2891 3510 2946 op-
3560 2902 3563 2905 -

1930 2966 2252 3038 pugnationi
2287 2967 2577 3021 incubuit:
2639 2965 2735 3021 sed
2784 2980 2934 3033 cum,
2968 2965 3395 3039 defatigantibus
3447 2984 3508 3025 se

1928 3057 2207 3123 omnibus,
2237 3057 2374 3112 nihil
2402 3055 2539 3112 elIici
2569 3056 2798 3122 videret,
2837 3056 3108 3128 simulque
3146 3058 3267 3128 gelu
3315 3059 3507 3128 ingens

1931 3149 2183 3205 obortum
2235 3148 2341 3204 sub
2395 3148 2486 3204 dio
2521 3156 2804 3204 versantes
2834 3146 3116 3218 afﬂigeret,
3161 3149 3504 3207 obsidionem

1933 3240 2448 3310 solvitdomumque
2479 3254 2671 3295 versus
2721 3253 2854 3295 suos
2915 3238 3160 3294 abduxit.
3229 3240 3375 3296 Inter
3419 3256 3506 3296 re-

1931 3329 2254 3386 vertendum
2294 3329 2704 3385 multitudinem
2737 3329 3102 3400 captivorum,
3156 3332 3303 3402 quod
3351 3334 3503 3388 oneri

1927 3430 2068 3485 crat,
2086 3422 2230 3477 ferro
2250 3421 2568 3477 obtruncari
2588 3421 2775 3490 jussit.
2800 3420 3006 3492 Itaque,
3022 3422 3199 3478 levato
3223 3425 3467 3479 exercitu
3481 3465 3495 3489 ,

1931 3512 2035 3567 iter
2076 3513 2142 3567 ad
2189 3512 2380 3568 urbem
2410 3513 2722 3569 institutum
2764 3522 3092 3583 prosecutus
3147 3522 3254 3580 est,
3308 3529 3507 3586 magno

1929 3604 2437 3675 Agarenisterrore
2471 3605 2717 3661 incusso.
2750 3604 2903 3672 Quos
2961 3621 3087 3661 cum
3130 3606 3357 3663 insidias
3401 3608 3507 3663 sibi

1932 3699 1984 3754 in
2028 3700 2300 3772 angustiis
2330 3708 2648 3756 structuros
2676 3699 3069 3770 praesagiisset,
3092 3701 3210 3757 suis
3239 3702 3506 3758 militibus

1929 3793 1996 3847 ad
2021 3800 2329 3863 opportuna
2361 3792 2477 3848 loca
2535 3791 2783 3849 dimissis
2811 3835 2827 3860 ,
2871 3792 3252 3849 insidiatorum
3306 3794 3507 3851 multos

1929 3887 2086 3940 vivos
2141 3885 2309 3954 cepit.
2338 3883 2550 3950 Quibus
2601 3885 2766 3941 rebus
2824 3884 3248 3947 Abdelomeleri,
3302 3890 3395 3954 qui
3439 3885 3509 3941 iis

1930 3977 2068 4032 locis
2100 3985 2353 4047 praeerat,
2405 3976 2625 4032 anitnus
2687 3977 2763 4031 ita
2803 3985 2885 4032 est
2941 3974 3149 4033 fractus
3206 3985 3268 4031 ut
3321 3977 3508 4033 missis

1933 4068 2128 4137 legatis
2188 4069 2767 4139 veniampaeemque
2811 4067 3084 4138 petiverit.
3150 4066 3509 4138 Assensitque

1928 4159 2249 4227 imperator,
2266 4165 2321 4211 et
2336 4158 2487 4230 hunc
2499 4158 2693 4213 deinde
2707 4168 3067 4228 spontaneum
3089 4159 3508 4230 1016contra

1928 4249 2047 4319 ejus
2065 4249 2295 4321 gentiles
2306 4250 2515 4304 socium
2536 4250 2749 4305 habuit.
2781 4248 2911 4305 Inde
2934 4264 3030 4319 per
3045 4251 3299 4322 Argaeum
3324 4251 3508 4322 profe-

1929 4348 2049 4393 ctus
2101 4337 2171 4392 ad
2233 4337 2536 4394 Caesaream
2593 4340 2781 4407 venit,
2835 4340 3021 4411 ibique
3067 4350 3123 4397 et
3169 4355 3237 4396 ex
3282 4342 3506 4398 Colonia

1930 4438 1984 4484 et
2000 4444 2064 4484 ex
2083 4426 2470 4500 Mesopotamia
2495 4431 2719 4489 nuntios
2736 4431 2811 4487 rei
2833 4432 3064 4489 feliciter
3085 4440 3251 4503 gesta:
3270 4435 3505 4506 accepit,

264 4527 407 4594 Πρὸς
458 4524 603 4592 ἆπερ
672 4523 1055 4593 Ἀὁδελομέλερ
1103 4526 1133 4575 ὁ
1173 4521 1268 4575 τοῦ
1321 4523 1488 4578 τόπου
1542 4523 1831 4593 κατάρχων
1864 4555 1906 4609 D

1864 4555 1906 4609 ι)
1941 4522 2124 4576 allatis
2146 4521 2314 4577 sitnul
2348 4523 2543 4592 spoliis
2574 4538 2637 4579 ac
2670 4525 2860 4580 multis
2875 4527 3104 4595 captivis
3124 4525 3311 4582 Curtis
3342 4535 3508 4597 atque

262 4614 604 4686 ἀπειρηκὼς,
635 4614 895 4679 πρέσϐεις
927 4616 1215 4683 ἐκπέμψας
1249 4614 1431 4677 ἁδείας
1474 4615 1570 4667 καὶ
1598 4615 1831 4684 σίρήνης

265 4707 438 4759 ἐδεῖτο
467 4708 652 4774 τυχεῖν
679 4718 692 4733 ·
736 4698 798 4756 οὗ
833 4703 933 4773 τὴν
963 4703 1150 4771 δέησιν
1198 4702 1490 4773 δεξάμενος
1516 4705 1545 4756 ὁ
1582 4703 1834 4774 βασιλεὺς

265 4799 558 4867 σύμμαχον
590 4795 752 4849 αὐτὸν
779 4794 838 4848 τὸ
868 4795 975 4847 ἀπὸ
998 4794 1152 4848 τοῦδε
1181 4793 1307 4865 ἔσχε
1337 4795 1479 4848 κατὰ
1500 4795 1610 4848 τῶν
1627 4795 1835 4865 ὁμοφύ-

263 4889 372 4941 λων
398 4887 700 4955 ἐθελοντήν.
738 4885 975 4939 Ἐκεῖθεν
994 4883 1089 4937 τὸν
1130 4885 1383 4952 Ἀργαῖον
1423 4884 1669 4951 διελθὼν,
1696 4886 1832 4957 πρὸς

268 4975 609 5045 Καισάρειαν
647 4975 940 5045 γενόμενος
986 4974 1050 5027 ἐκ
1087 4989 1146 5026 τε
1178 4973 1486 5037 Κολωνείας
1534 4974 1627 5031 καὶ
1655 4976 1833 5029 Μεσο-

265 5069 540 5137 ποταμίας
560 5065 855 5130 ἐπινικίους
884 5064 1143 5134 ἀγγελίας
1196 5064 1437 5130 ἐδέξατο,
1461 5065 1832 5136 κομισθέντων

264 5157 412 5225 αὺτῷ
436 5157 694 5227 λαφύρων
718 5158 811 5209 καὶ
826 5154 1186 5226 αἰχμαλώτων
1214 5154 1424 5209 πολλῶν
1442 5156 1698 5225 Κουρτῶν
1712 5156 1827 5227 (87)

1938 4611 2261 4678 Saracenis,
2305 4628 2446 4683 quos
2497 4628 2690 4671 omnes
2721 4616 2904 4686 gladio
2932 4616 3336 4685 oceidijussit:
3382 4633 3507 4672 nam

1938 4708 2220 4762 exercitus
2244 4705 2358 4776 jam
2384 4716 2511 4762 ante
2561 4709 2755 4778 spoliis
2809 4720 3045 4766 onustus
3102 4720 3221 4767 erat
3265 4711 3507 4782 Syriacis

1937 4804 2102 4863 atque
2130 4794 2582 4864 Tephricanis,et
2611 4798 3140 4869 nolebatimperator
3170 4802 3507 4871 captivorum

1938 4883 2186 4939 inutilem
2219 4899 2405 4940 secum
2441 4887 2659 4944 trahere
2693 4900 2988 4946 catervam.
3025 4888 3095 4944 Ut
3135 4892 3201 4947 ad
3241 4891 3505 4947 Medaeum

1937 4978 2209 5047 pervenit.
2244 4980 2471 5047 praemia
2498 4980 2565 5035 iis
2591 4994 2824 5048 quorum
2861 4982 3037 5036 virtus
3062 4982 3118 5036 in
3159 4982 3302 5038 bello
3329 4983 3511 5040 fuerat

1940 5067 2138 5122 eximia
2195 5067 2428 5136 divisit;
2470 5070 2841 5141 militibusque
2874 5071 3174 5128 hiematum
3235 5074 3508 5139 dimissis.

1936 5157 2056 5227 ipse
2117 5161 2373 5230 expedito
2442 5176 2568 5217 cum
2651 5162 2916 5218 comitatu
2998 5163 3511 5237 Constantinopolin

1379 5267 1734 5325 XYLANDBI
1752 5269 1841 5326 ΕΤ
1875 5271 2082 5328 GOARI
2122 5273 2352 5329 ΝΟΤᾹ).

339 5387 451 5462 (86)
480 5386 634 5457 Apud
660 5386 928 5462 Zonaram
963 5392 1047 5441 est
1072 5384 1269 5462 Adatq.
1294 5383 1398 5462 Sed
1429 5385 1832 5462 rursuslSoster

266 5454 703 5527 Ad‘npem'vocat
724 5457 802 5527 _in
844 5456 1203 5527 Constantino
1227 5455 1427 5527 Leonis
1459 5454 1548 5520 F.,
1572 5458 1662 5510 ubi
1708 5472 1830 5512 eam

263 5525 629 5598 expugnatam
660 5542 698 5598 7a
722 5525 895 5598 [larda
931 5526 1108 5598 Pltoca
1157 5525 1342 5579 refert.
1374 5526 1549 5598 I’an|_o
1575 5536 1699 5579 ante
1732 5542 1831 5598 pro

279 5594 621 5666 Ἀναῦαρζης
658 5596 757 5664 legi
800 5594 1159 5666 Ἁναζὰρδης,
1207 5610 1327 5663 quae
1357 5604 1441 5649 est
1496 5594 1833 5651 Dioscuridis

268 5668 469 5722 medici
493 5664 700 5734 patria,
737 5664 869 5718 urbs
907 5664 1111 5717 Cilicia-
1134 5675 1279 5727 nuta,
1314 5666 1479 5718 etiam
1522 5666 1656 5720 alias
1690 5666 1835 5721 facta

267 5741 443 5808 ipsius
472 5737 524 5808 it_t
550 5750 606 5787 re
641 5735 1105 5808 sintilimentionc
1130 5742 1329 5808 uictus.
1355 5736 1493 5788 XrL.

336 5808 451 5877 (87)
485 5803 644 5859 Forte
666 5802 919 5859 Cretibua
949 5822 961 5855 :
987 5818 1110 5858 nam
1148 5804 1363 5860 Cretam
1391 5819 1608 5876 quoque
1637 5804 1842 5877 Agarc-

1938 5405 2055 5478 nos
2079 5390 2486 5478 tgmﬁtenuisse
2532 5392 2722 5478 liquet.
2782 5394 2897 5478 Nisi
2931 5397 2976 5452 si
3025 5395 3157 5478 quid
3196 5403 3280 5452 est
3306 5398 3453 5478 aliud
3489 5417 3506 5457 :

1938 5475 2062 5514 nam
2096 5459 2281 5521 Turci,
2314 5463 2456 5537 quod
2487 5464 2556 5537 ad
2592 5459 2886 5537 elementa,
2915 5459 3088 5536 magis
3132 5467 3238 5521 huc
3269 5469 3508 5537 quadra—

1938 5538 2080 5591 rent,
2113 5544 2276 5606 quam
2313 5533 2456 5601 quod
2493 5533 2559 5586 ad
2592 5549 2739 5606 _r_em.
2777 5534 2909 5589 Χνι..
2949 5533 3324 5606 -Ίίουρτῶιλ
3354 5538 3512 5595 Curti

1940 5613 2132 5678 versus
2158 5598 2540 5678 .Culun'iamuct
2591 5603 3037 5678 blesupotamiam
3070 5598 3277 5675 populi,
3309 5609 3509 5665 exinde

1942 5677 2094 5747 parta
2123 5671 2347 5747 victoria
2371 5672 2424 5724 in
2442 5671 2847 5747 Cappadociam
2872 5671 3116 5747 abducti,
3143 5671 3309 5745 longe
3340 5680 3506 5747 positi

1943 5753 1986 5817 ιι⁸
2006 5736 2383 5817 Cretensibus.
2420 5736 2575 5817 quos
2592 5743 2686 5817 hie
2705 5745 2775 5817 ob
2808 5745 3076 5817 esilenret
3091 5736 3509 5816 ieiunam-allu-

1945 5812 2153 5864 sionem
2186 5812 2621 5867 cuttttninzscitur
2649 5812 2946 5885 Xylander.
2983 5812 3154 5874 Gesn.
