4226 6442
750 368 886 430 1103
2020 371 2336 431 GEURGH
2371 372 2706 433 CEDRENI
3879 373 4016 438 tm

743 485 926 550 rediit,
972 483 1156 552 ibique
1207 480 1274 537 de
1339 495 1487 536 more
1525 481 1764 536 vicioiim
1819 497 2078 537 coronam
2141 500 2170 536 a
2229 499 2364 550 ν.)-⁴

2431 502 2486 537 τε
2518 485 2611 536 καὶ
2641 483 2996 554 Σαρακηνῶν,
3022 485 3111 546 ei},
3148 485 3393 550 ἅπαντας
3428 487 3504 556 τῷ
3535 485 3676 556 ξίφει
3701 488 4018 541 ἀπεσκευά-

744 577 984 631 triarcha
1035 580 1285 646 accepit,
1331 589 1384 632 et
1422 577 1652 646 populus
1675 579 1724 630 ei
1781 576 2073 631 cantilenis
2125 588 2314 646 gratu-

2431 593 2563 630 σατο
2591 593 2602 606 ’
2655 573 2723 648 ἦν
2776 576 2882 646 γὰρ
2927 577 3567 649 προκαταπεπλησμένον
3600 577 3662 631 τὸ
3695 581 4017 648 στράτευμα

745 674 891 724 latus
911 676 1016 722 cst.
2435 668 2697 739 λαφύρων
2731 669 2839 722 ἀπό
2869 687 2928 722 τε
2962 671 3160 740 Συρίας
3188 671 3282 724 καὶ
3298 671 3711 741 Τεφρικῆς,καί
3735 674 3834 725 οὐκ
3854 672 4014 725 ἐδού-

741 761 862 812 ὶετο
902 759 995 812 καὶ
1016 759 1240 821 τούτους
1271 757 1412 826 ἔχειν
1447 757 1784 828 δύσχρηστον
1821 758 2311 828 παρακολούθημα.
2369 759 2458 811 Ἐν
2489 761 2718 830 Μηδαίῳ
2747 760 2801 812 δὲ
2835 762 3152 829 γενόμενος,
3191 762 3286 814 καὶ
3316 763 3483 831 τιμὰς
3548 761 3835 831 διανείμας
3900 765 4016 825 τοῖς

741 852 1049 923 ἀριστεῦσι,
1087 851 1181 904 καὶ
1232 854 1366 921 πρὸς
1401 853 1850 921 παραχειμασίαν
1877 853 2192 921 ἐκπέμψας,
2221 854 2381 917 αύτὸς
2415 854 2651 918 εὔζωνος
2679 853 2816 924 πρὸς
2835 853 2933 924 τὴν
2993 853 3383 922 βασιλεύουσαν
3447 853 3671 922 ἔφθασε,
3729 855 3822 907 καὶ
3870 855 4016 908 κατᾶ

740 947 801 999 τὸ
842 945 1031 1008 εἰωθὸς
1065 946 1151 1000 διὰ
1179 945 1274 999 τοῦ
1305 947 1648 1018 πατριάρχου
1679 947 1766 999 τὸν
1793 947 1890 1016 τῆς
1924 947 2082 1015 νίκης
2113 947 2331 1012 ἐδέξατο
2363 951 2628 1017 στέφανον
2658 951 2751 1003 καὶ
2783 949 2938 1021 παρὰ
2980 950 3074 1002 τοῦ
3117 950 3354 1019 πλήθους
3391 952 3487 1012 τὰς
3520 952 3818 1015 ἐπινικίους
3849 953 4010 1022 ᾠδάς.

813 1039 1085 1109 Tephrica
1143 1044 1243 1095 hoc
1290 1045 1452 1096 modo
1508 1041 1733 1102 abolita,
1775 1040 2134 1094 Tarsensium
2184 1044 2326 1094 vires

2509 1044 2650 1111 ’Ἤδη
2697 1043 2752 1095 δὲ
2799 1044 2898 1113 τῆς
2948 1044 3228 1113 Τεφρικῆς
3280 1043 3765 1114 ἀπομαρανθείσης
3815 1049 3848 1116 ἠ
3904 1047 4016 1097 τῶν

742 1131 938 1186 ﬂztrcre
965 1149 1032 1186 ac
1066 1133 1399 1186 invalesccre
1425 1141 1732 1198 ccepertmt.
1768 1148 2096 1201 rursmnque
2137 1133 2207 1186 ab
2241 1134 2324 1186 his

741 1226 1119 1278 Romanorum
1173 1225 1306 1277 lines
1335 1224 1577 1291 graviter
1633 1225 1906 1276 infestari.
1957 1225 2159 1278 Contra
2221 1225 2322 1279 hos

743 1316 992 1368 Andreas
1021 1313 1222 1385 Scytha
1283 1329 1663 1383 saepenumero
1716 1331 1829 1368 rem
1881 1316 2096 1368 fortiter
2127 1318 2316 1386 gessit,

745 1405 1058 1474 multosque
1092 1421 1281 1459 eorum
1331 1407 1423 1474 qui
1479 1409 1776 1474 prazdatum
1817 1409 2179 1461 excurrebant
2234 1408 2319 1460 in-

745 1495 959 1549 t.~t°l‘erit
991 1507 1083 1548 aut
1119 1497 1295 1565 cepit;
1341 1497 1526 1565 itaque
1569 1513 1694 1550 eum
1747 1499 2044 1567 imperator
2094 1499 2322 1568 patricia

749 1590 1022 1658 dignitate
1057 1592 1474 1645 cohonestatum
1505 1591 1710 1645 scholis
1731 1593 1990 1660 praefecit.
2022 1594 2198 1660 Atque
2218 1594 2331 1645 An-

741 1686 901 1734 dreas
925 1689 1118 1737 nactus
1150 1684 1408 1750 majorem
1438 1685 1550 1751 jam
1618 1691 1966 1751 potestatem,
2009 1685 2330 1753 viribusque

742 1785 960 1840 auctus,
989 1777 1157 1845 justis
1185 1778 1386 1846 pra-liis
1450 1778 1746 1846 aliquoties
1778 1794 1902 1832 cum
1957 1778 2228 1834 Melitcnis
2258 1795 2320 1833 ac
2359 1763 2398 1816 Β

743 1867 1112 1922 Τίσι-εθιιεὶιως
1139 1883 1472 1938 congressus
1519 1870 1803 1922 victoriam
1841 1871 2164 1938 reportavit.
2222 1870 2322 1922 Mi-

743 1964 813 2016 sit
846 1961 1142 2031 aliquando
1179 1960 1336 2016 Tarsi
1370 1977 1586 2016 amet-as
1618 1963 1886 2031 superbas
1925 1961 1992 2014 ad
2046 1960 2320 2015 Andream

746 2056 978 2114 litteras,
1037 2055 1227 2122 plenas
1277 2056 1732 2107 contumeliarum
1797 2054 2110 2122 impiarum.
2176 2054 2322 2107 Inter

743 2149 848 2200 alia
886 2149 1184 2214 scr'pserat
1221 2163 1232 2197 :
1267 2146 1528 2215 lzxpeiiar
1553 2162 1620 2199 an
1647 2147 1743 2200 tibi
1776 2146 1845 2200 sit
1872 2147 2321 2202 commodaturus

741 2241 922 2292 Mariae
959 2238 1124 2292 Filius
1150 2241 1378 2308 ejusque
1418 2239 1606 2302 Mater,
1665 2239 1754 2292 ubi
1787 2253 1936 2294 meas
1984 2239 2171 2308 copias
2225 2239 2320 2292 ad-

740 2344 932 2382 ιρι-ειη
965 2337 1017 2380 te
1049 2327 1260 2397 1017
1291 2331 1550 2383 eduxcro.
1602 2329 1730 2383 Eam
1755 2328 2042 2397 epistulam
2073 2331 2319 2385 Andreas

743 2421 965 2490 imagini
1015 2423 1254 2489 l‘eiparte
1284 2421 1590 2490 suspendit,
1629 2422 1700 2474 ita
1735 2420 1878 2474 fatus
1910 2462 1922 2474 .
1955 2420 2112 2476 Verbi
2137 2436 2196 2473 ae
2225 2421 2317 2476 Dei

739 2513 1009 2573 Geititrix,
1041 2521 1202 2580 tuque
1235 2513 1377 2567 Deus
1421 2512 1542 2582 ejus
1571 2511 1694 2578 Fili,
1724 2514 1845 2568 vide
1878 2523 1932 2566 ut
1980 2517 2320 2572 conviciatus

738 2615 824 2659 est
859 2614 913 2657 et
935 2620 1096 2673 quam
1127 2605 1426 2658 insolenter
1479 2605 1759 2658 infremuit
1798 2605 2176 2674 jactabundus
2227 2609 2319 2662 ille

739 2697 1010 2750 liaritarus
1038 2703 1225 2748 contra
1277 2706 1325 2749 te
1355 2704 1407 2750 et
1444 2698 1772 2766 peculiarem
1829 2706 1983 2751 tuum
2037 2699 2315 2768 populum.

741 2790 934 2843 t5.atini
967 2791 1160 2844 deinde
1214 2793 1512 2846 exercitum
1580 2809 1738 2846 suum
1774 2793 1840 2848 ad
1882 2795 2110 2849 Tarsum
2143 2797 2314 2849 duxit.

739 2885 990 2952 Cumque
1011 2884 1075 2935 ad
1110 2883 1286 2936 lucum
1327 2883 1414 2937 cui
1451 2883 1710 2939 Pndando
1743 2901 1939 2940 nomen
1993 2896 2077 2941 est
2134 2890 2319 2942 venis-

741 2991 768 3028 s
789 2987 844 3038 rt,
865 2978 918 3028 in
953 2975 1215 3029 adversos
1244 2974 1429 3030 hostes
1455 2976 1665 3043 incidit,
1725 2993 2014 3048 pugnaque
2041 2988 2315 3044 conscita,

742 3068 1015 3135 ingentem
1073 3082 1260 3120 eorum
1314 3076 1550 3136 stragem
1600 3070 1790 3133 edidit,
1847 3073 1898 3122 in
1953 3071 2141 3139 primis
2198 3073 2317 3140 ipso

740 3158 900 3209 etiam
935 3173 1116 3209 aniera
1180 3157 1491 3224 interfecto,
1548 3160 1844 3229 paucisque
1895 3160 2018 3229 fuga
2083 3161 2314 3216 Tarsum

739 3249 966 3316 elapsis.
1010 3249 1085 3302 lbi
1112 3259 1225 3302 tum
1253 3264 1384 3303 suos
1435 3250 1705 3315 humavit,
1741 3260 1796 3305 et
1821 3253 2179 3308 cadaveribus
2221 3255 2317 3308 ho-

741 3341 908 3391 stium
949 3341 1000 3391 in
1032 3355 1199 3393 unum
1227 3341 1504 3408 congestis
1556 3356 1811 3395 acervum
1849 3357 2105 3411 magnum
2133 3352 2316 3398 tumu-

742 3429 853 3481 lum
878 3446 939 3484 ac
965 3433 1271 3485 columnam
1307 3433 1649 3488 excitavitad
1686 3434 1926 3489 victoria:
1953 3439 2267 3491 memoriam
2300 3453 2313 3502 ;

742 3534 904 3592 atque
943 3527 1008 3576 ad
1048 3538 1145 3577 sua
1205 3540 1459 3579 reversus
1527 3527 1714 3580 multis
1771 3542 1895 3580 cum
1979 3528 2208 3598 captivis
2266 3537 2318 3584 et

741 3616 918 3684 ampla
955 3615 1154 3684 praeda,
1188 3615 1568 3684 imperatorem
1605 3632 1702 3687 per
1737 3617 1946 3674 litteras
1981 3619 2048 3673 de
2081 3636 2135 3674 re
2166 3629 2314 3688 gesta

739 3710 1028 3760 (Cl'llOl‘elll
1057 3706 1312 3760 reddidit.
1352 3707 1450 3761 llic
1486 3724 1642 3763 suam
1705 3712 1879 3764 tenuit
1941 3727 2144 3765 morem
2181 3712 2318 3765 invi-

740 3798 877 3862 dia;
921 3799 1234 3868 inventique
1288 3800 1508 3870 maligni
1545 3802 1819 3865 homines,
1880 3805 1973 3872 qui
2037 3804 2311 3858 Andream

740 3888 882 3955 apud
914 3886 1178 3942 Basiliam
1207 3889 1652 3952 criminarentur,
1717 3891 1876 3946 facile
1923 3894 1973 3948 ei
2025 3891 2194 3947 fuisse
2231 3895 2316 3946 di-

739 3989 926 4033 centes
961 3979 1136 4033 Tarso
1165 3982 1344 4048 potiri,
1409 3982 1515 4036 nisi
1563 3984 1632 4037 ob
1685 3983 1954 4052 ignaviam
2006 3986 2316 4040 cunctando

739 4071 1084 4126 occasionem
1118 4075 1464 4141 perdidisset.
1519 4081 1699 4142 Atque
1749 4075 1834 4130 his
1875 4076 2162 4131 calunmiis
2190 4091 2316 4131 cre-

739 4163 840 4215 bro
875 4166 1164 4219 inculcatis
1199 4179 1524 4233 persuasum
1587 4174 1672 4218 est
1705 4166 2020 4235 imperatori
2050 4174 2108 4219 ut
2141 4167 2315 4235 impe-

739 4255 881 4304 rium
933 4252 1225 4322 abrogaret
1281 4253 1528 4305 Andreae.
1582 4252 1636 4305 In
1700 4252 1818 4320 ejus
1875 4254 2051 4306 locum
2106 4251 2315 4307 sum-cit

743 4341 1111 4409 Stypeioiam,
1145 4339 1327 4394 statim
1362 4356 1419 4392 se
1445 4335 1678 4392 Tarsum
1737 4347 2133 4406 occupaturum
2182 4339 2316 4390 alia-

2432 1135 2720 1204 Ταρσιτῶν
2745 1136 2896 1203 ἰσχὺς
2934 1135 3150 1187 θάλλειν
3188 1137 3279 1187 καὶ
3315 1135 3645 1199 αὐξάνεσθαι
3672 1137 3894 1206 ἤρχετο,
3918 1139 4014 1190 καὶ

2428 1229 2590 1282 πάλιν
2616 1228 2723 1280 ἀπὸ
2748 1227 2952 1280 τούτων
2975 1229 3030 1279 αἱ
3067 1227 3174 1280 τῶν
3211 1228 3536 1296 Ῥωμαϊκῶν
3569 1229 3732 1297 ὁρίων
3760 1231 4013 1298 ἐσχατιαὶ

2424 1319 2617 1382 δεινῶς
2648 1319 2956 1381 ἐπιέζοντο.
2991 1320 3128 1371 Καθ’
3153 1312 3227 1370 ὧν
3245 1319 3497 1389 Ἀνδρέας
3530 1321 3735 1383 ἐκεῖνος
3763 1322 3791 1373 6
3815 1337 4013 1392 στρατ-

2430 1413 2641 1479 ηλάτης
2689 1413 2717 1464 ὁ
2743 1413 2807 1464 ἐκ
2865 1411 3087 1464 Σκυθῶν
3115 1411 3379 1474 πολλάκις
3405 1412 3712 1481 ἡνδρίσατο,
3759 1415 3853 1466 καὶ
3883 1413 4014 1464 πολ-

2429 1502 2554 1564 λοὺς
2577 1502 2685 1554 τῶν
2734 1505 2813 1564 είς
2874 1503 3154 1574 προνομὴν
3224 1505 3592 1572 ἐκτρεχόντων
3659 1507 3849 1575 ἀνῄρει
3917 1510 4012 1560 καὶ

2433 1593 2815 1662 αἰχμαλώτους
2845 1595 3172 1663 ἐλάμϐανεν’
3205 1595 3263 1646 ὃν
3297 1599 3323 1648 ὁ
3346 1595 3601 1664 βασιλεὺς
3623 1599 4009 1666 πατρικιότητί

2435 1703 2494 1737 τε
2529 1686 2756 1753 ἐτίμησε
2790 1687 2882 1738 καὶ
2917 1688 2998 1749 εἰς
3023 1686 3119 1758 τὴν
3148 1688 3321 1758 ἀρχὴν
3355 1688 3462 1739 τῶν
3506 1687 3710 1756 σχολῶν
3741 1689 4010 1758 προϐιϐά-

2427 1776 2531 1840 ζει.
2564 1779 2694 1830 Τότε
2721 1778 2784 1847 δὴ
2816 1778 3013 1847 μᾶλλον
3041 1781 3069 1830 6
3107 1780 3364 1848 Ἀνδρέας
3406 1781 3514 1833 άπδ
3553 1781 3800 1850 μείζονος
3851 1780 4008 1846 ἐξου-

2429 1869 2547 1930 σίας
2579 1886 2638 1920 τε
2686 1869 2780 1920 καὶ
2829 1869 3112 1938 δυνάμεως
3175 1873 3443 1940 ἐμφανέσι
3493 1874 3694 1942 μάχαις
3745 1873 4010 1936 πολλάκις

2427 1960 2561 2029 πρός
2591 1978 2646 2011 τε
2679 1962 2804 2024 τοὺς
2831 1961 2939 2013 ἀπὸ
2973 1962 3284 2029 διελιτηνῆς
3329 1965 3422 2015 καὶ
3475 1965 3603 2027 τοὺς
3653 1965 3759 2016 άπὸ
3790 1965 4007 2033 Ταρσοῦ

2425 2051 2773 2120 παρετάξατο
2795 2051 2887 2104 καὶ
2917 2053 3191 2122 νενίκηκε.
3227 2055 3336 2106 Καί
3366 2073 3494 2107 ποτε
3539 2058 3678 2125 μετα
3711 2058 4008 2126 φρυάγμα-

2426 2157 2513 2203 τος
2545 2143 2851 2214 γράμματα
2875 2143 3192 2212 πέμψαντος
3223 2144 3301 2214 τῷ
3327 2144 3552 2215 Ἀνδρέα
3577 2146 3672 2198 τοῦ
3696 2146 4008 2216 άμηρεύον-

2426 2251 2516 2296 τος
2544 2233 2645 2302 τῆς
2673 2233 2910 2302 Ταρσοῦ,
2943 2233 3290 2304 βλασφημίας
3330 2235 3900 2306 άνάπλεα,δηλοῦντα,
3928 2237 4007 2299 ὡς

2428 2316 2553 2374 Ἴῖω
2574 2322 2626 2374 εἴ
2649 2339 2707 2374 σε
2730 2324 2757 2373 6
2785 2323 2884 2392 τῆς
2916 2323 3134 2392 Μαρίας
3165 2324 3440 2394 ὠφελήσει
3480 2325 3606 2388 Υἱὸς
3640 2327 3734 2379 καὶ
3757 2328 3790 2396 ἡ
3813 2326 4005 2378 τοῦτον

2422 2416 2678 2477 τεκοῦσα,
2713 2415 2841 2468 ὅταν
2876 2413 3078 2478 ἐξέλθω
3107 2417 3242 2468 κατὰ
3277 2415 3372 2468 σοῦ
3424 2417 3562 2485 μετᾶ
3595 2415 3696 2485 τῆς
3729 2416 3857 2485 περὶ
3905 2415 4004 2485 ἐμὲ

2421 2507 2726 2574 δυνάμεως,
2783 2508 2842 2558 τὸ
2871 2505 3110 2576 λοίδορον
3140 2508 3493 2576 γραμμάτιον
3525 2503 3679 2569 οὗτος
3709 2507 4004 2575 δεξάμενος

2426 2602 2491 2668 τῇ
2511 2599 2680 2651 εἰκόνι
2695 2598 2792 2666 τῆς
2813 2598 3153 2668 Θεομήτορος
3170 2599 3578 2668 ἀπεκρέμασεν,
3607 2599 3776 2651 εἰπών
3791 2601 3943 2660 Ἴδε,
3958 2595 4005 2653 ὦ

2425 2694 2613 2762 Μήτερ
2646 2691 2738 2743 τοῦ
2771 2692 2946 2758 Λόγου
2985 2710 3038 2744 τε
3073 2693 3166 2743 καὶ
3197 2692 3352 2754 Θεοῦ,
3385 2693 3479 2744 καὶ
3509 2693 3575 2744 σὺ
3596 2695 3624 2744 6
3650 2693 3853 2761 ταύτης
3874 2692 4004 2754 Υἱός

2421 2801 2479 2835 τε
2529 2783 2623 2835 καὶ
2653 2783 2804 2846 Θεὸς,
2839 2778 2928 2837 οἷα
2975 2784 3217 2836 ὠνείδισε
3251 2784 3344 2836 καὶ
3372 2784 3681 2854 ἐφρυάξατο
3727 2787 3870 2838 κατὰ
3903 2785 4002 2837 σοῦ

2423 2876 2515 2926 καὶ
2553 2874 2647 2927 τοῦ
2701 2875 2794 2926 σοῦ
2839 2876 3154 2944 περιουσίαν
3189 2875 3318 2926 λαοῦ
3347 2876 3376 2927 6
3418 2876 3691 2945 βάρόαρος
3720 2871 3872 2938 οὗτος
3907 2877 4004 2928 καὶ

2421 2965 2654 3029 ἀλαζών.
2691 2966 2876 3018 Ταῦτα
2906 2966 2963 3018 δὲ
2989 2965 3188 3028 εἰπὼν,
3219 2966 3354 3034 άρας
3401 2967 3500 3027 τας
3541 2966 3857 3034 Ῥωμαῖκᾶς
3904 2965 4002 3018 δν-

2422 3057 2614 3124 νάμεις
2638 3058 2797 3127 ἐπῄει
2829 3056 3226 3126 κατὰΤαρσοῦ.
3256 3057 3364 3110 Καὶ
3394 3057 3458 3128 δὴ
3481 3058 3622 3110 κατὰ
3655 3059 3715 3110 τὸ
3736 3057 4003 3110 Ποδανδὶν

2421 3149 2710 3217 γενόμενος
2746 3147 2909 3200 κάκεῖ
2940 3149 3049 3210 τοῖς
3094 3147 3362 3210 ἐναντίοις
3398 3148 3677 3218 συμμίξας
3736 3149 4002 3208 τρέπεται

2419 3240 2567 3307 φόνῳ
2599 3239 2774 3308 πολλῷ
2807 3239 2868 3290 τὸ
2903 3239 3009 3291 τῶν
3029 3239 3322 3308 βαρϐάρων
3350 3240 3576 3308 πλῆθος,
3607 3242 3874 3310 πρότερον
3897 3243 4001 3295 αὑ-

2416 3329 2510 3381 τοῦ
2544 3330 2800 3390 πεσόντος
2833 3328 2929 3381 τοῦ
2957 3330 3176 3399 ἁμηρᾶο
3213 3329 3383 3396 ὀλίγοι
3406 3331 3461 3382 δέ
3484 3349 3625 3395 τινες
3673 3333 3829 3400 μόγις
3858 3334 4000 3403 πρὸς

2419 3421 2631 3489 Ταρσὸν
2665 3420 3060 3483 ἀποσώζονται.
3111 3421 3298 3488 Θάψας
3335 3421 3390 3473 δὲ
3431 3423 3558 3484 τοὺς
3589 3423 3844 3488 οἰκείους,
3906 3427 4001 3476 καὶ

2417 3513 2546 3575 τοὺς
2587 3513 2875 3582 πολεμῖουε
2907 3515 2987 3565 είς
3030 3513 3124 3565 ἕνα
3157 3513 3333 3584 χῶρον
3369 3514 3450 3584 [Ρ.
3475 3513 3604 3586 576]
3652 3519 3998 3582 σιναγαγὼν,

2419 3607 2514 3658 καὶ
2552 3606 2725 3676 μέγαν
2762 3606 3127 3674 ποιησάμενος
3151 3605 3386 3658 κολωνὸν
3412 3607 3490 3667 εἰς
3524 3606 3727 3676 στήλην
3749 3607 3845 3660 καὶ
3885 3612 4000 3670 τοῖς

2423 3699 2737 3766 μετέπειτα,
2771 3699 2906 3768 πρὸς
2933 3698 3002 3750 τὰ
3025 3701 3200 3751 οἰκεῖα
3233 3698 3542 3767 ὑπέστρεψε
3569 3701 3708 3767 μετὰ
3737 3701 4000 3769 λαφύρων

2419 3791 2513 3843 καὶ
2543 3791 2922 3859 αἰχμαλωσίας
2953 3791 3178 3860 πολλῆς.
3213 3791 3459 3860 Ἔγραψε
3501 3790 3558 3842 δὲ
3599 3793 3692 3844 καὶ
3724 3792 3802 3862 τῷ
3835 3796 3998 3862 βασιο

2418 3881 2500 3934 λεῖ
2529 3883 2891 3951 δηλοποιήσας
2918 3884 3017 3951 τὴν
3045 3881 3221 3951 νίκην.
3245 3879 3345 3933 Οἷα
3364 3881 3418 3933 δὲ
3442 3880 3588 3948 φιλεῖ
3611 3885 3786 3935 ποιεῖν
3808 3885 3837 3935 6
3868 3884 4000 3951 φθό-

2417 3989 2527 4034 νος,
2561 3971 2938 4025 διαϐάλλουσιν
2980 3974 3029 4025 οί
3067 3973 3296 4041 πονηροὶ
3326 3973 3415 4023 τὸν
3455 3972 3622 4041 ἄνδρα
3665 3975 3803 4042 πρὸς
3839 3975 4000 4043 βασι-

2417 4064 2534 4127 λέα,
2568 4066 2664 4117 καὶ
2696 4064 2879 4134 ῥᾴδιόν
2912 4066 2962 4117 οί
3017 4065 3316 4134 κατασχεῖν
3352 4062 3600 4131 λέγοντες
3625 4064 3723 4134 τὴν
3755 4066 3993 4135 Ταρσὸν,

2415 4155 2524 4208 ὀδὲ
2559 4156 2814 4224 μελλήσει
2873 4156 2967 4208 καὶ
3019 4155 3261 4226 ῥαθυμίᾳ
3299 4155 3582 4222 προήκατο
3629 4154 3721 4206 τὸν
3775 4157 3992 4224 καιρόν.

2431 4248 2552 4312 Ὑφ’
2587 4242 2662 4301 ὦν
2720 4248 2979 4310 πολλάκις
3029 4247 3338 4315 λεγομὲνων
3377 4245 3727 4309 ἀναπεισθεὶς
3755 4249 3784 4298 6
3832 4247 3995 4317 βασι-

2417 4339 2542 4400 λεὺς
2567 4337 2838 4407 παραλύει
2867 4339 2968 4406 τῆς
2996 4337 3172 4406 ἀρχῆς
3219 4337 3312 4390 τὸν
3341 4336 3532 4405 ἄνδρα,
3565 4337 3659 4390 καὶ
3691 4338 3809 4391 ἀντ’
3844 4340 3995 4390 ἐκεί-

740 4449 849 4502 que
881 4433 1052 4486 multa
1108 4431 1365 4485 ferociter
1417 4431 1734 4501 jactantem.
1775 4429 1826 4482 ls
1855 4444 1984 4499 ergo
2035 4427 2312 4500 Stypeiota
2348 4452 2364 4506 1

2426 4448 2508 4482 νου
2540 4429 2903 4499 προῦάλλεται
2927 4429 3020 4481 τὸν
3055 4426 3404 4495 Στνπειὼτην
3447 4428 3764 4496 λεγόμενον,
3800 4430 3903 4497 τήν
3928 4447 3994 4482 τε

737 4525 1027 4580 confestim
1060 4523 1360 4579 exercitum
1415 4522 1482 4575 ad
1513 4521 1742 4576 Tarsum
1776 4522 1950 4586 ducit,
1976 4523 2126 4575 nulla
2161 4535 2312 4590 pror-

739 4631 835 4671 Sus
885 4617 1241 4685 imperatoria
1282 4613 1599 4676 calliditate,
1659 4612 1808 4666 nullo
1843 4629 1976 4667 usus
2034 4614 2309 4676 consilio;

735 4725 975 4778 eumque
1001 4708 1174 4762 Tarso
1197 4707 1706 4776 appr0pinquasset,
1739 4715 1919 4760 castra
1961 4719 2026 4757 eo
2069 4704 2187 4757 loco
2216 4704 2308 4772 qui

733 4800 1134 4870 Chrysubulum
1192 4797 1396 4851 dicitur
1456 4800 1626 4867 ponit,
1698 4812 1876 4865 neque
1911 4795 2127 4864 1018
2164 4794 2309 4849 fossa

736 4894 873 4947 satis
902 4908 965 4947 ea
989 4906 1168 4961 neque
1215 4890 1468 4945 excubiis
1502 4889 1774 4942 muniens.
1811 4887 1983 4958 Cujus
2037 4888 2306 4941 incuriam

737 4999 860 5038 cum
917 4984 1303 5038 observasscut
1355 4979 1678 5045 Tarsenses,
1739 4995 1834 5049 per
1901 4989 2114 5034 noctem
2183 4993 2306 5032 cum

737 5078 1084 5140 adoriuntur,
1117 5075 1210 5128 tali
1268 5083 1579 5129 commento
1636 5073 1738 5126 nsi.
1781 5071 1919 5139 Quia
1965 5077 2186 5139 accepta
2239 5070 2308 5122 ab

731 5166 950 5224 Andrea
987 5166 1142 5220 clade
1176 5165 1243 5218 ad
1266 5166 1518 5234 exiguum
1555 5164 1757 5216 redacti
1787 5177 2076 5214 numerum
2113 5174 2307 5229 ριιεηαι

733 5259 1066 5314 sustinenda:
1093 5272 1250 5326 pares
1275 5272 1379 5310 non
1408 5265 1583 5320 erant,
1611 5255 1796 5308 multis
1829 5252 2119 5307 conductis
2147 5253 2306 5321 equis

737 5351 807 5404 ab
840 5365 1025 5403 eorum
1056 5349 1243 5403 caudis
1274 5348 1418 5402 sicea
1450 5349 1597 5400 coria
1630 5344 1999 5415 suspendunt,
2031 5344 2307 5412 simulque

732 5457 828 5496 eos
850 5440 918 5494 ad
953 5442 1132 5495 varias
1161 5448 1468 5496 castrorum
1501 5437 1870 5492 Romanorum
1897 5447 2082 5515 partes
2115 5438 2303 5491 dimit-

733 5541 856 5586 tunt
883 5549 896 5585 :
925 5535 1024 5602 ipsi
1046 5547 1075 5584 a
1103 5541 1254 5600 tergo
1280 5547 1493 5597 eorum,
1548 5533 1697 5587 tubis
1724 5546 1788 5586 ac
1848 5532 2124 5602 tympanis
2155 5531 2305 5584 soni-

733 5633 847 5675 tum
881 5623 1126 5688 edentes,
1157 5606 1368 5678 strictis
1412 5637 1536 5675 cum
1561 5623 1754 5692 gladiis
1789 5624 1842 5674 in
1893 5621 2069 5676 media
2116 5629 2303 5675 castra

733 5713 1008 5770 insiliunt.
1044 5711 1172 5766 Orta
1211 5717 1438 5784 proinde
1468 5717 1521 5767 in
1549 5713 1790 5767 exercitu
1826 5711 2076 5765 Romano
2132 5711 2300 5780 trepi-

730 5807 970 5872 datione,
1006 5815 1059 5862 ct
1104 5823 1202 5877 per
1262 5807 1553 5863 tumultum
1617 5807 1750 5860 viris
1805 5806 2072 5874 equisque
2128 5805 2184 5859 in
2238 5819 2300 5859 se

2417 4525 2628 4593 Ταρσὸν
2693 4521 2894 4586 ἐξελεῖν
2963 4515 3398 4584 ὑπισχνούμενον
3463 4515 3557 4567 καὶ
3619 4515 3758 4568 ἄλλα
3816 4517 3995 4572 πολλὰ

2416 4613 2843 4682 φρυαττόμενον.
2875 4609 2969 4669 Ὃς
2998 4607 3198 4660 αὐτίκα
3231 4603 3559 4672 παραλαϐὼν
3585 4605 3684 4666 τὰς
3727 4604 3994 4676 δυνάμεις

2414 4699 2513 4772 ἦγε
2544 4702 2683 4754 κατὰ
2711 4698 2946 4770 Ταρσοῦ,
2982 4696 3149 4764 μηδὲν
3177 4695 3542 4763 στρατηγικὸν
3568 4697 3830 4764 ἐννοήσας
3849 4698 3992 4766 μηδὲ

2413 4795 2696 4856 εύόουλίας
2723 4790 2966 4854 ἐπάξιον.
2993 4787 3229 4854 Πλησίον
3249 4786 3305 4837 δὲ
3335 4786 3624 4852 γενόμενος
3651 4787 3750 4856 τῆς
3766 4789 3991 4858 Ταρσοῦ

2411 4883 2688 4947 αὐλίζεται
2722 4882 2861 4935 κατά
2884 4897 3004 4932 τινα
3027 4877 3191 4930 τόπον
3223 4876 3282 4938 ὃς
3305 4876 3713 4946 Χρυσόϐουλλον
3739 4878 3987 4947 λέγεται,

2414 4978 2550 5048 μήτε
2583 4976 2791 5044 τάφρον
2839 4971 3118 5038 ἀξιόλογον
3163 4967 3300 5037 μήτε
3332 4968 3752 5034 στρατοπεδείαν
3780 4969 3989 5042 ὀχυρὰν

2412 5071 2886 5140 προστησάμενοςο
2919 5071 3015 5123 ’ον
3047 5071 3482 5140 κατανοήσαντες
3499 5070 3550 5122 oi
3575 5069 3811 5138 Ταρσεῖς
3842 5072 3993 5138 ἀμε-

2407 5162 2515 5223 λῶς
2543 5162 2886 5229 διακείμενον
2929 5159 3266 5213 ἐπιτίθενται
3303 5159 3707 5240 τούτιμνυκτὸς
3778 5176 3988 5229 στρατ-

2408 5256 2654 5325 ηγήματι
2677 5253 3015 5323 χρησάμενοι
3040 5252 3285 5322 τοιούτῳ·
3309 5252 3780 5322 Ὀλιγανδροῦντες
3806 5253 3916 5321 γὰρ
3932 5255 3985 5307 οἱ

2406 5343 2637 5395 τοιοῦτοι
2676 5344 2740 5394 ἐκ
2772 5343 2868 5410 τῆς
2911 5343 3045 5412 πρὸς
3081 5341 3335 5410 ’Δνδρέαν
3357 5342 3527 5410 ἥττης
3561 5343 3658 5395 καὶ
3706 5341 3784 5412 μὴ
3829 5343 3987 5406 δντες

2405 5434 2694 5503 ἀξιόμαχοι
2749 5432 2884 5502 πρὸς
2937 5430 3266 5499 παράταξιν,
3321 5431 3521 5490 ἵππους
3579 5431 3987 5498 συναγαγόντες

2408 5527 2635 5595 συχνοὺς
2689 5525 2785 5577 καὶ
2815 5521 3019 5594 βύρσας
3057 5522 3226 5591 ξηρὰς
3281 5520 3580 5590 ἐξάψαντες
3610 5521 3718 5573 ἀπὸ
3751 5521 3862 5573 τῶν
3890 5523 3989 5573 1:-

2405 5621 2574 5670 πείων
2597 5617 2796 5686 οὐρῶν,
2853 5615 2941 5682 ὑφ’
2971 5616 3030 5666 ἓν
3063 5614 3429 5682 παράγγελμα
3481 5611 3620 5664 κατὰ
3657 5611 3829 5664 πολλὰ
3881 5613 3980 5664 τοῦ

2421 5707 2730 5775 Ῥωμαῖκοῦ
2762 5705 3124 5775 στρατοπέδου
3159 5704 3424 5769 ἐπαφιᾶσι
3454 5704 3593 5772 μέρη
3615 5741 3631 5764 ,
3659 5701 3886 5754 ὄπισθεν
3924 5703 3983 5754 δὲ

2405 5800 2554 5853 αὑτοῖ
2587 5801 2703 5860 ταῖς
2728 5796 2980 5864 σάλπιγξι
3003 5797 3094 5848 καὶ
3124 5797 3233 5858 τοῖς
3261 5795 3559 5864 τυμπάνοις
3581 5792 3979 5861 ἐπιδουπήσαν-
