4226 6442
721 365 862 426 11θῖ

1989 371 2310 432 GEORGII
2351 371 2684 433 CBDRENI

3854 367 3992 429 1108

719 480 1092 554 ἐξεπόρθησαν
1151 483 1243 537 καὶ
1279 484 1465 538 αὐτόθι
1509 487 2056 557 κατασκηνὼσαντες,
2126 487 2220 538 καὶ
2277 483 2389 543 τοῖς
2421 485 2698 554 ἐγγίζουσι
2759 485 2878 538 καθ’
2933 484 3170 554 ἑκάστην
3227 479 3596 549 ἐπιτιθέμενοι
3657 478 3750 532 καὶ
3809 477 3895 530 ἀεί
3947 497 3998 531 τι

723 575 1257 645 προσλαμϐάνοντες,
1291 579 1471 632 πᾶσαν
1529 580 1630 647 τὴν
1675 580 2091 652 Δαγγοϐαρδίαν
2136 580 2264 648 ἄχρι
2299 575 2393 626 καὶ
2423 579 2596 647 αὐτῆς
2651 579 2752 648 τῆς
2803 593 2934 629 ποτε
2987 573 3346 645 μεγαλοδόξου
3392 573 3611 642 Ῥώμης
3658 571 3972 641 ἐκράτησαν

793 666 1148 722 AtChrobati
1211 669 1368 724 Servi
1433 669 1768 741 reliquaeque
1833 670 2106 741 Scythica:
2163 664 2382 738 quasA

719 776 884 831 supra
937 762 1340 818 nominavimus
1395 771 1606 833 gentes,
1655 778 1779 818 cum
1842 764 2111 818 vidissent
2168 777 2301 830 quo-

720 852 907 918 modo,
933 853 1118 908 missis
1153 866 1181 904 a
1217 849 1470 908 Romano
1495 853 1826 923 imperatore
1856 853 2099 918 auxiliis,
2123 867 2210 907 res
2244 852 2298 905 in

721 942 987 995 Dalmatia
1017 951 1136 997 acta
1172 932 1341 1005 esset,
1374 944 1558 1000 missis
1595 945 1660 999 ad
1696 960 1818 999 eum
1868 944 2064 1015 legatis
2109 953 2300 1014 petunt

716 1047 913 1087 rursus
945 1032 1049 1086 sub
1099 1033 1292 1104 jugum
1342 1032 1602 1089 Romanae
1652 1036 1940 1103 potestatis
1988 1051 2046 1090 se
2099 1034 2292 1102 recipi.

717 1124 964 1188 Quorum
1025 1123 1314 1179 honestam
1383 1123 1638 1194 judicans
1693 1126 2008 1196 petitionem
2065 1126 2299 1180 Basilius

720 1216 1036 1270 humaniter
1065 1217 1323 1272 assensit.
1359 1216 1439 1270 Ita
1481 1218 1600 1271 ista:
1624 1225 1813 1286 gentes
1838 1231 2031 1271 omnes
2062 1217 2164 1270 sub
2199 1217 2299 1269 im-

723 1309 934 1375 perium
960 1310 1272 1364 Romanum
1334 1309 1637 1373 redierunt,
1709 1310 1888 1379 iisque
1938 1309 2178 1378 prml‘ecti
2236 1324 2298 1362 ex

720 1400 962 1466 ipsarum
988 1415 1221 1469 corpore
1273 1402 1408 1455 dati.
1445 1401 1580 1454 Cum
1617 1409 1798 1455 autem
1848 1401 1943 1470 qui
1997 1401 2298 1471 Ragusium

719 1492 1052 1544 obsederant
1068 1493 1307 1562 Agareni
1340 1493 1520 1547 adhuc
1543 1508 1642 1562 per
1665 1493 1875 1565 Italiam
1897 1493 2299 1557 discursarcnt,

718 1597 950 1647 nutuque
985 1581 1402 1638 continentibus
1434 1583 1650 1638 damnis
1679 1591 2002 1646 attererent,
2065 1582 2301 1638 Basilius

720 1676 788 1727 de
837 1675 904 1728 iis
938 1672 1292 1744 proﬂigandis
1325 1675 1598 1743 cegitans,
1653 1675 2006 1743 sentiensque
2069 1676 2299 1730 classem

721 1767 955 1838 Uryphte
981 1767 1046 1822 ad
1077 1769 1179 1823 hoc
1210 1769 1610 1824 conficiendum
1671 1784 1780 1823 non
1819 1769 1955 1824 satis
1987 1768 2187 1824 habere
2220 1768 2302 1820 vi-

720 1861 886 1923 rium,
933 1875 1028 1928 per
1083 1861 1344 1930 legatosa
1392 1860 1619 1916 Dolicho
1685 1859 1932 1916 Francia:
1988 1875 2112 1928 rege
2161 1867 2215 1913 et
2271 1874 2301 1910 a

721 1967 858 2020 papa
911 1951 1155 2004 llomano
1206 1951 1486 2006 centendit
1551 1961 1611 2005 ut
1656 1952 1763 2007 sibi
1821 1953 1872 2005 in
1904 1949 2299 2006 exscindendis

721 2045 905 2112 impiis
928 2043 1180 2098 hostibus
1218 2042 1424 2097 auxilia
1458 2043 1754 2113 pnebeant.
1795 2042 2036 2096 Slavinis
2078 2055 2300 2110 quoque

720 2137 864 2201 istis,
889 2151 1027 2205 quas
1063 2137 1222 2206 paulo
1255 2143 1380 2190 ante
1443 2135 2024 2197 commemoravimus,
2047 2133 2300 2203 gentibus

718 2229 991 2298 ιιι-ωρῑνίι,
1026 2229 1231 2298 1021
1267 2244 1330 2283 ac
1357 2227 1758 2299 Ragusinis,ut
1785 2228 2096 2283 institutum
2136 2241 2298 2280 suum

719 2321 929 2388 jurent.
974 2319 1084 2374 lloc
1129 2319 1291 2374 modo
1333 2319 1645 2389 conjunctis
1695 2318 1908 2374 viribus
1961 2319 2154 2388 ingens
2215 2325 2302 2371 est

721 2420 1043 2468 coiitractus
1116 2414 1439 2476 exercitus;
1514 2427 1750 2481 cumque
1803 2411 1999 2466 classis
2039 2411 2302 2466 Romana:

722 2504 1015 2574 pra-fcetus
1040 2505 1237 2575 peritia
1271 2506 1349 2560 rei
1385 2504 1595 2559 bellicae
1650 2503 1902 2574 polleret,
1968 2519 2093 2558 mox
2142 2511 2300 2573 capta

721 2608 802 2651 est
855 2597 1028 2650 Baris.
1085 2596 1406 2659 Soldanum,
1458 2605 1513 2651 et
1563 2596 1652 2664 qui
1711 2596 1814 2649 sub
1870 2610 1935 2648 eo
1994 2594 2302 2648 militabant

725 2694 1026 2758 Agarenos,
1083 2687 1332 2742 Francia:
1388 2703 1476 2741 rex
1511 2688 1757 2756 captivos
1805 2701 1990 2740 secum
2052 2684 2297 2739 abduxit.

725 2780 880 2832 llune
909 2779 1115 2833 exitum
1153 2779 1326 2849 prima
1353 2778 1535 2834 Basilii
1567 2778 1621 2832 in
1643 2775 1998 2833 Occidentem
2027 2776 2300 2848 expeditio

721 2871 930 2926 habuit.

794 3131 1068 3189 Soldanus
1102 3140 1281 3187 autem
1307 3148 1336 3186 a
1367 3149 1494 3206 rege
1519 3133 1759 3189 Francia:
1783 3136 2021 3206 Capuam
2055 3138 2300 3206 captivus

725 3224 995 3280 abductus
1039 3233 1153 3280 toto
1202 3226 1422 3281 biennio
1460 3244 1740 3298 nunquam
1772 3229 1952 3285 ridere
2002 3231 2153 3284 visus
2193 3240 2295 3285 est.

726 3315 912 3385 Itaque
944 3331 1038 3370 rex
1077 3317 1126 3371 ei
1168 3319 1261 3387 qui
1307 3316 1541 3372 elfusum
1597 3317 1836 3374 Soldauo
1892 3320 2063 3376 risum
2113 3323 2300 3375 conci-

725 3418 918 3473 tasset,
959 3423 1183 3463 aureum
1216 3424 1414 3464 munus
1449 3411 1721 3478 promisit.
1759 3411 1892 3465 Cum
1955 3421 2137 3466 autem
2168 3413 2294 3482 qui-

723 3502 848 3553 dam
887 3501 998 3569 regi
1038 3509 1288 3555 narraret
1345 3501 1550 3556 vidisse
1587 3517 1644 3558 se
1676 3502 1975 3558 Soldanum
2015 3506 2299 3573 ridentem,

725 3598 1029 3659 testemque
1057 3592 1135 3645 rei
1172 3592 1543 3660 produxisset,
1594 3593 1810 3648 vocavit
1846 3595 1910 3647 ad
1950 3611 2009 3651 se
2048 3613 2141 3650 rex
2181 3596 2303 3651 Sol-

723 3681 948 3746 danum,
991 3698 1323 3752 causamque
1381 3685 1694 3739 mutationis
1743 3687 2014 3755 quaesivit.
2057 3689 2130 3742 lbi
2185 3688 2305 3744 Sol-

729 3773 931 3837 danus,
971 3771 1226 3837 Currum,
1260 3775 1456 3844 inquit,
1493 3776 1904 3846 contemplabar
1952 3778 2177 3848 ejusque
2211 3795 2304 3835 ro-

729 3870 834 3922 tas,
898 3869 957 3914 ut
1000 3877 1187 3916 carum
1236 3863 1353 3916 alia:
1383 3871 1565 3932 partes
1612 3865 1665 3918 in
1704 3865 1870 3919 imum
1906 3866 2026 3920 alia:
2060 3868 2112 3921 in
2155 3885 2305 3922 surn-

733 3967 878 4006 amm
913 3953 1364 4022 obverterentur;
1429 3964 1593 4026 atque
1636 3957 1776 4011 hanc
1827 3973 1929 4029 ego
1964 3960 2186 4016 incertae
2218 3963 2303 4016 in-

726 4045 1143 4114 constantisque
1193 4046 1474 4100 hominum
1526 4046 1804 4102 felicitatis
1845 4051 2137 4119 imaginem
2179 4070 2306 4108 sen-

730 4133 871 4187 tiens
905 4133 1021 4196 risi,
1075 4149 1310 4204 cumque
1358 4135 1412 4188 in
1453 4146 1688 4189 mentem
1732 4138 1863 4191 mihi
1901 4141 2112 4193 veniret
2143 4157 2304 4209 quam

727 4224 973 4279 instabili
1006 4242 1104 4281 nos
1134 4227 1201 4282 de
1241 4244 1300 4282 re
1331 4229 1765 4297 superbiremus,
1803 4238 1916 4284 tum
1945 4232 2107 4285 simul
2140 4233 2306 4287 etiam

731 4314 832 4370 hoc
865 4316 978 4370 ﬁeri
1023 4332 1184 4386 posse
1219 4319 1495 4388 judicans,
1547 4329 1604 4372 ut.
1650 4322 1924 4390 quomodo
1969 4339 2035 4376 ex
2090 4339 2307 4379 summo

732 4409 953 4463 intimus
985 4424 1102 4464 sum
1143 4409 1340 4478 factus,
1392 4411 1465 4465 ita
1495 4427 1562 4466 ex
1597 4412 1788 4466 humili
1829 4430 2046 4469 rursum
2085 4416 2206 4470 loco
2239 4419 2306 4471 ad

2479 669 2550 721 Τό
2576 669 2632 722 δὲ
2661 669 2953 737 γενόμενον
2984 668 3042 718 ἐν
3065 664 3351 734 Δαλματίᾳ
3383 664 3532 734 παρὰ
3558 664 3655 732 τῆς
3683 663 3993 734 Ῥωμαῗκῑις

2409 762 2729 831 ἐπικουρίας
2759 760 2853 812 καὶ
2881 758 2949 811 τὰ
2980 755 3535 828 προμνημονευθέντα
3572 756 3704 824 γένη
3735 756 3843 808 τῶν
3861 757 3998 807 Σκυ-

2409 853 2516 905 θῶν
2551 853 2881 920 θεασάμενοι,
2943 850 2998 904 οἵ
3025 868 3084 903 τε
3112 848 3402 920 Χρωϐἁτοι
3455 850 3549 902 καὶ
3595 849 3786 919 Σέρϐοι
3821 850 3915 901 καὶ
3947 850 3994 900 οἱ

2410 944 2609 1009 λοιποὶ,
2654 943 2915 1013 πρέσϐεις
2942 942 3080 1012 πρὸς
3112 941 3339 1011 βασιλέα
3374 940 3688 993 στέλλουσιν
3717 941 3995 1006 ἀξιοῦντες

2409 1036 2612 1108 ζεύγλῃ
2639 1036 2737 1104 τῆς
2777 1034 3096 1104 Ῥωμαῖκῆς
3127 1033 3378 1099 ἐξουσίας
3403 1032 3744 1085 ὑπεισελθεῖν
3762 1050 3776 1063 ο
3825 1025 3900 1085 ὧν
3923 1032 3996 1094 ὡς

2409 1128 2631 1195 εὐλόγου
2665 1129 2763 1196 τῆς
2801 1127 3039 1196 δεήσεως
3092 1124 3408 1187 ἐπακούσας
3441 1126 3468 1176 ὁ
3501 1125 3758 1194 βασιλεὺς
3803 1125 3996 1191 caios:-

2411 1218 2648 1288 θρώπως
2674 1218 2872 1280 αὐτοὺς
2916 1215 3302 1284 προσεδέξατο,
3361 1215 3456 1267 xui.
3506 1215 3711 1278 πάντες
3754 1217 3820 1284 τῇ
3859 1216 3993 1268 Ῥω-

2413 1310 2582 1377 μαϊκῇ
2621 1307 2926 1376 ἐπανῆλθον
2945 1307 3109 1376 ἀρχῇ,
3135 1305 3424 1373 δεξάμενοι
3453 1305 3721 1376 ἄρχοντας
3769 1307 3878 1358 τῶν
3914 1307 3994 1358 οξ-

2411 1398 2575 1451 κείων
2605 1401 2699 1451 καὶ
2741 1398 3050 1468 ὁμοφύλων.
3082 1397 3203 1450 Τῶν
3235 1397 3291 1450 δὲ
3330 1397 3795 1466 περικαθημένων
3826 1382 3992 1462 Ἀγα-

2411 1490 2590 1559 ρηνῶν
2621 1489 2679 1540 τὸ
2721 1488 3002 1540 Ῥαούσιον
3027 1486 3108 1540 ἔτι
3135 1487 3262 1557 περὶ
3293 1486 3394 1555 τὴν
3425 1487 3656 1538 Ἰταλίαν
3686 1485 3998 1555 διατρεχόν-

2408 1597 2516 1630 των
2550 1577 2646 1630 καὶ
2690 1577 2937 1646 συνεχῶς
2977 1574 3418 1643 κατατριϐόντων
3456 1573 3652 1643 αὐτὴν,
3691 1571 3994 1642 φροντίζων

2414 1673 2442 1724 ὁ
2471 1670 2725 1740 βασιλεὺς
2751 1671 2898 1731 ὅπως
2939 1668 3165 1729 τούτους
3193 1664 3663 1735 ἀποσκευάσηται,
3717 1665 3838 1715 ἐπεὶ
3884 1662 3998 1730 ἐγί-

2409 1780 2584 1817 νωσκε
2633 1764 2710 1832 μὴ
2767 1760 3070 1831 ἀξιόμαχον
3111 1757 3252 1811 εἶναι
3305 1757 3398 1810 τὸν
3456 1757 3592 1827 μετὰ
3624 1757 3716 1808 τοῦ
3755 1755 3994 1824 Ὠορύφα

2411 1856 2615 1919 στόλον,
2647 1855 2784 1923 πρὸς
2810 1856 3028 1922 Δοὶῖχον
3049 1852 3160 1922 (9|)
3186 1854 3278 1906 τὸν
3306 1854 3450 1923 ρἧα
3479 1847 3758 1919 Φραγγίας
3786 1849 3880 1900 καὶ
3901 1848 3993 1899 τὸν

2410 1948 2597 2000 πάπαν
2640 1945 2856 2015 Ῥώμης
2886 1942 3362 2013 διαπρεσϐεύεται,
3388 1938 3992 2008 συνεπικουρῆσαιταίς

2331 2025 2373 2080 Β
2403 2040 2598 2093 ἐαυτοῦ
2648 2038 2948 2107 δυνάμεσιν
2997 2035 3226 2100 ἐξαιτῶν
3276 2034 3373 2088 καὶ
3417 2033 3554 2103 μετὰ
3582 2031 3789 2084 τούτων
3838 2028 3994 2082 κατᾶ

2403 2131 2511 2184 τῶν
2535 2129 2712 2183 ἀθέων
2746 2126 3303 2198 συμπαρατάξασθαι,
3324 2125 3418 2179 καὶ
3439 2125 3538 2186 τὰς
3567 2122 3733 2193 ὀλίγῳ
3758 2121 3993 2192 πρόσθεν

2406 2227 2880 2300 μνημονευθείσας
2934 2225 3116 2296 χώρας
3162 2224 3275 2277 τῶν
3334 2221 3660 2291 Σθλαϐηνῶν
3716 2217 3993 2280 κελεύσας

2405 2316 2862 2373 συνεπιλαϐέσθαι
2908 2315 3002 2368 τοῦ
3034 2315 3198 2384 ἔργου
3239 2313 3334 2366 καὶ
3376 2312 3506 2374 τοὺς
3553 2309 3650 2363 τοῦ
3701 2308 3991 2361 Ῥαουσίου

2403 2413 2715 2482 οἰκήτορας.
2749 2411 2820 2462 Ων
2843 2407 2976 2477 ὁμοῦ
2991 2408 3208 2460 πάντων
3227 2405 3611 2474 γεγενημένων
3633 2403 3727 2454 καὶ
3749 2400 3992 2470 μεγάλης

2403 2502 2786 2573 ἀθροισθείσης
2829 2501 3130 2569 δυνάμεως,
3179 2497 3328 2571 [578]
3369 2499 3491 2551 ἐπεὶ
3526 2497 3621 2550 καὶ
3653 2497 3680 2550 ὁ
3704 2493 3998 2564 Ῥωμαίων

2403 2597 2675 2666 ναύαρχος
2707 2596 2970 2666 ἐμπειρίᾳ
3004 2596 3342 2666 στρατηγικῇ
3391 2593 3751 2662 ἐκεκόσμητο,
3798 2590 3993 2643 θᾶττον

2403 2689 2436 2755 ἡ
2468 2687 2634 2753 Βάρις
2677 2684 2984 2738 ἁλίσκεται.
3015 2685 3120 2736 Τὸν
3148 2684 3204 2737 δέ
3237 2683 3495 2736 Σολδάνον
3529 2683 3624 2735 καὶ
3666 2683 3756 2733 τὸν
3782 2682 3872 2733 ὑπ’
3897 2682 3993 2732 αὖ·

2401 2777 2492 2830 τὸν
2520 2777 2647 2830 λαδν
2673 2776 2782 2830 τῶν
2811 2776 3132 2846 ’Λγαρηνῶν
3154 2776 3182 2828 ό
3214 2776 3400 2846 ἄρχων
3424 2775 3706 2845 Φραγγίας
3731 2774 3841 2843 (92)
3870 2774 3994 2825 ἀνα-

2402 2870 2700 2938 λαϐόμενος
2746 2867 3124 2939 αἰχμαλώτους
3161 2867 3246 2920 ἐπ’
3296 2863 3445 2920 οἷκον
3473 2867 3754 2935 ἀπήγαγε.
3805 2866 3913 2916 Καὶ
3952 2867 3985 2932 ἡ

2407 2962 2506 3030 μέν
2531 2961 2673 3013 κατὰ
2703 2959 2802 3030 τὴν
2818 2961 3090 3030 Ἑσπέραν
3110 2959 3300 3030 πρώτη
3329 2958 3590 3028 στρατεία
3620 2955 3696 3012 τῶ
3727 2956 3993 3024 Βασιλείῳ

2402 3051 2644 3104 τοιοῦτον
2671 3052 2849 3119 πέρας
2879 3051 3124 3113 ἐδέξατο.

2483 3143 2543 3196 Ὀ
2571 3144 2628 3196 δὲ
2657 3143 2916 3205 Σολδάνος
2946 3140 3315 3210 αἰχμάλωτος,
3343 3141 3418 3204 ὡς
3447 3139 3683 3211 εἴρηται,
3715 3139 3866 3208 παρὰ
3894 3137 3991 3190 τοῦ

2407 3235 2572 3305 ρηγδς
2597 3234 2825 3302 ληφθεὶς
2849 3234 2942 3285 καὶ
2969 3236 3026 3286 ἐν
3051 3234 3255 3305 Καπύῃ
3283 3233 3488 3302 ἀχθεὶς,
3514 3232 3607 3284 ὲπὶ
3633 3231 3837 3284 διετίαν
3861 3231 3991 3298 ὅλην

2325 3354 2368 3415 C
2403 3323 2753 3392 ἐπιδιατρίψας
2783 3323 3040 3376 οὐδέποτε
3074 3323 3226 3393 παρά
3255 3339 3397 3382 τινος
3429 3320 3582 3390 ὥυθη
3619 3320 3813 3387 γελῶν.
3844 3319 3902 3371 Ὀ
3933 3319 3992 3371 δὲ

2403 3414 2505 3486 ῥὴξ
2539 3415 2616 3485 τῷ
2652 3415 2979 3482 κατάφωρον
3012 3413 3174 3466 αὑτὸν
3208 3413 3454 3480 γελῶντα
3494 3411 3818 3478 πεποιηκότι
3853 3428 3990 3479 χρυ-

2403 3508 2518 3559 σίου
2569 3507 2717 3560 δόσιν
2767 3504 3259 3574 κατεπηγγείλατο.
3311 3503 3716 3574 Προσήγγειλεν
3765 3498 3856 3554 οὖν
3907 3501 3991 3564 τίς

2402 3617 2531 3652 ποτε
2562 3598 2640 3668 τῷ
2677 3599 2808 3670 ρηγὶ
2840 3599 3084 3666 γελῶντα
3114 3599 3205 3651 τὸν
3235 3598 3494 3651 Σολδάνον
3525 3596 3825 3649 θεάσασθαι
3850 3637 3862 3658 ,
3897 3597 3991 3646 καὶ

2399 3691 2591 3743 τούτου
2629 3691 2923 3758 παρείχετο
2959 3689 3266 3758 μάρτυρας.
3293 3692 3390 3740 ’³ον
3426 3689 3656 3748 καλέσας
3691 3689 3716 3739 ὁ
3890 3687 3988 3752 τὴν

2407 3781 2709 3851 μεταϐολὴν
2731 3779 2822 3831 τοῦ
2844 3779 3080 3845 γέλωτος
3103 3780 3454 3832 ἐπυνθάνετο.
3485 3779 3539 3830 '0
3561 3779 3636 3837 δὲ,
3664 3796 3682 3828 ι
3708 3777 3985 3845 Ἅμαξαν,

2405 3873 2558 3940 φησι,
2586 3870 2821 3923 κατιδὼν
2851 3872 2945 3922 καὶ
2975 3871 3101 3932 τοὺς
3128 3870 3330 3937 ταύτης
3361 3869 3702 3938 κατανοήσας
3731 3868 3984 3935 τροχοὺς,

2404 3963 2520 4026 πῶς
2546 3965 2574 4016 ὁ
2604 3961 2703 4031 μὲν
2729 3961 2985 4024 ταπεινὸς
3017 3962 3230 4030 αἴρεται
3262 3963 3287 4014 ὁ
3315 3962 3367 4013 δὲ
3404 3960 3674 4029 μετέωρος
3703 3957 3992 4010 ταπεινοῖ-

2403 4072 2513 4118 ται,
2556 4053 2648 4105 καὶ
2689 4053 2763 4115 ὡς
2808 4053 2992 4104 εἰκόνα
3030 4052 3234 4120 ταύτην
3274 4052 3454 4104 λαϐὼν
3491 4050 3593 4118 τῆς
3634 4049 3989 4132 ἀσταθμήξου

2405 4145 2498 4195 καὶ
2537 4141 2792 4194 ἀϐεϐαίου
2827 4142 2934 4193 τῶν
2968 4140 3272 4210 ἀνθρώπων
3305 4139 3680 4207 εὐδαιμονίας,
3719 4138 3989 4202 ἐγέλασα,

2405 4232 2522 4301 ἅμα
2567 4233 2663 4302 μὲν
2705 4231 3033 4300 ἐνθυμηθεὶς
3077 4231 3194 4292 πῶς
3241 4230 3517 4298 ἐφόὖτως
3561 4228 3803 4297 ἀϐεϐαίῳ
3845 4230 3989 4296 τερα·

2405 4342 2574 4393 γματι
2603 4323 2974 4395 ἐπαιρόμεθα,
3008 4323 3123 4391 ἅμα
3149 4323 3204 4375 δέ
3237 4323 3330 4375 καὶ
3360 4323 3460 4374 οὐκ
3491 4321 3750 4374 ἀδύνατον
3781 4321 3991 4388 οἰηθεὶς

2406 4419 2466 4468 τὸ
2497 4419 2592 4470 καὶ
2622 4415 2752 4484 ἐμὲ,
2783 4415 2972 4483 ὥσπερ
3003 4417 3068 4467 ἐκ
3099 4413 3374 4484 μετεώρου
3407 4414 3668 4482 γεγονότα
3695 4413 3952 4465 ταπεινὸν
3971 4451 3985 4476 ,

1864 4589 2216 4645 ΧΥιΑΝυιιι
2241 4592 2327 4647 ΕΤ
2369 4591 2580 4649 GOARI
2613 4592 2840 4648 ΝΟΤᾸΞ.

731 4721 1230 4794 ctirm.(‘.alabria_m
1268 4723 1494 4794 scilicet,
1539 4722 1894 4794 Campaniam
1937 4734 1990 4778 et
2047 4726 2298 4794 Apuliam
2335 4733 2378 4787 ι)

2409 4745 2582 4782 mense
2606 4728 2892 4788 Januario.
2931 4730 3073 4780 circa
3126 4727 3498 4794 Epiphaniam,
3533 4728 3725 4781 Basilii
3762 4728 3980 4784 Cra-co-

733 4796 845 4848 sive
875 4807 1123 4860 magnam
1149 4790 1437 4855 Graucinm,
1460 4794 1618 4860 cujus
1645 4791 1859 4845 Barium
1890 4796 1976 4848 hie
2008 4790 2302 4850 memorata

733 4864 925 4916 civitas
950 4870 1054 4924 est,
1087 4860 1483 4928 Λογγιϐαρδίαν
1513 4862 1952 4917 nominaverunt.
1983 4864 2302 4920 Constanti-

736 4933 924 4987 nusde
955 4930 1172 4984 Admin.
1205 4945 1255 4986 c.
1290 4946 1455 4983 xxvu.
1482 4929 1653 4984 Goan.

806 5002 917 5068 (fit)
953 4999 1113 5053 Nolui
1177 5011 1390 5070 mutare
1431 5001 1648 5070 Δολῖχον
1674 5017 1688 5031 ο
1751 5011 2065 5070 corruptum
2107 5014 2192 5059 est
2234 5020 2298 5059 ex

734 5073 984 5138 Λοῦοῖχον
1015 5081 1105 5121 ant
1135 5068 1300 5123 simili
1340 5089 1350 5122 :
1389 5086 1512 5124 nam
1558 5068 1808 5126 historia:
1837 5068 2035 5126 docent
2065 5072 2302 5128 Ludovi-

736 5158 859 5194 eum
891 5140 1192 5195 secundum
1215 5147 1344 5193 tunc
1365 5138 2076 5207 Occidentisimperatorem
2109 5145 2298 5198 tuisse.

736 5215 904 5277 Quem
934 5210 1150 5270 Noster,
1190 5211 1278 5276 qui
1306 5211 1420 5261 suis
1442 5211 1677 5276 amplius
1707 5213 1865 5264 vellet
1899 5212 2085 5272 tribui,
2118 5228 2298 5277 regem

737 5281 896 5334 modo
944 5279 1208 5351 Francia),
1264 5281 1407 5351 sicut
1445 5287 1496 5331 ct
1532 5281 1785 5332 Carolum
1835 5281 2080 5349 Magnum
2115 5297 2299 5351 supra,

733 5358 912 5412 vocat,
945 5349 1108 5415 hujus
1133 5364 1314 5404 avum.
1336 5347 1469 5402 XrL.
1500 5379 1565 5388 —
1588 5351 1871 5417 Φράγγους
1897 5347 2301 5407 ιιἸη“ι·ιιηρίεέἰΙ›ἰ

733 5435 890 5487 mage
951 5420 1094 5473 notis
1151 5434 1510 5487 quoscunque
1570 5419 1794 5473 Latinos
1851 5430 2048 5474 vocant
2093 5420 2300 5487 Graci;

735 5507 910 5557 mque
968 5488 1206 5541 maxime
1247 5497 1488 5556 tempore
1539 5506 1648 5556 quo
1679 5491 1763 5542 vix
1794 5505 1823 5544 a
1856 5489 2082 5544 Francis
2109 5493 2305 5546 distin-

735 5568 1030 5629 gucrcntur
1046 5557 1322 5622 Germani,
1343 5557 1673 5612 Ludovicum
1692 5562 1986 5614 secundum
2001 5560 2306 5615 Gcrrnanizn

735 5627 940 5697 regem,
977 5627 1220 5682 Lotharii
1269 5643 1668 5685 successorem.
1723 5631 1880 5684 facile
1923 5629 2024 5684 fuit
2085 5633 2294 5687 auctori

737 5702 876 5765 (ίῆγα
907 5699 1181 5770 Φραγγίας
1209 5699 1505 5770 celebrare.
1541 5698 1613 5752 De
1648 5701 1912 5770 legatione
1947 5718 2110 5769 porro
2141 5701 2294 5754 Basi-

738 5772 790 5822 tzi
815 5769 1120 5826 Chroniton
1183 5784 1210 5821 a
1261 5769 1470 5826 l'ithuzo
1513 5769 1719 5825 rdituui
1754 5787 1764 5823 :
1796 5771 1942 5826 Dir‘tr
1979 5791 2111 5826 mutu
2145 5774 2291 5844 (>573)

2413 4814 2528 4868 rum
2561 4799 2896 4863 imperatoris
2920 4798 3078 4868 legati
3101 4815 3220 4850 cum
3250 4801 3551 4851 muneribus
3582 4809 3628 4851 et
3653 4801 3890 4863 epistolis
3915 4804 3983 4852 ad

2415 4867 2734 4921 Ludovicum
2779 4867 3345 4936 regentliatisbomun
3401 4880 3685 4929 venerunt,
3735 4882 3893 4933 atque
3936 4873 3984 4924 εἰ

2408 4938 2544 4989 inter
2596 4949 2787 4989 mrtem
2841 4939 2996 4990 :renia
3033 4939 3345 5007 crystallum
3381 4938 3531 4991 mira?
3576 4940 3980 5006 magnitudinis.

2407 5023 2538 5058 auro
2580 5008 2895 5072 gemmisque
2946 5009 3188 5073 pretiOsis
3242 5018 3512 5067 ornatum,
3553 5025 3666 5060 cu-n
3705 5020 3856 5074 parte
3882 5028 3983 5062 non

2407 5077 2615 5130 modica
2664 5077 2960 5143 salutifera:
3010 5079 3184 5130 crucis
3214 5077 3535 5139 obtulerunt,
3577 5078 3984 5146 qui/tonoripce

2404 5148 2631 5204 suscepti
2661 5157 2708 5198 ct
2741 5163 2971 5216 congrua
3001 5149 3333 5214 responsione
3368 5156 3578 5213 accepta
3607 5150 3877 5201 reuienmt
3914 5157 3982 5201 art

2398 5232 2514 5269 sua.
2550 5216 2722 5268 (ioan.

2473 5288 2584 5350 (92)
2621 5285 2926 5339 Ludovicus
2960 5287 3161 5352 junctis
3207 5287 3374 5339 armis
3415 5303 3538 5341 cum
3577 5287 3742 5341 fratre
3775 5287 3981 5341 Letha-

2400 5354 2481 5407 rio
2507 5355 2771 5423 Capuam,
2807 5355 3192 5417 Beneventum,
3225 5356 3419 5411 deinde
3443 5358 3657 5410 Barium
3690 5358 3981 5414 Saracenis

2400 5426 2621 5491 eripuit.
2662 5423 2868 5479 Seodas
2899 5442 3115 5495 quoque
3153 5442 3344 5479 eorum
3395 5427 3647 5494 princeps
3678 5439 3874 5496 captus
3915 5445 3979 5483 ac

2402 5510 2524 5548 cum
2561 5496 2678 5547 suis
2708 5514 2735 5546 a
2766 5496 3043 5550 Ludovico
3093 5497 3406 5550 trucidatus
3464 5498 3700 5551 refertur
3733 5515 3761 5549 a
3793 5498 3980 5552 Leone

2409 5563 2644 5636 Ostiensi
2691 5581 2729 5627 ι,
2757 5567 2823 5618 57
2857 5576 2908 5619 et
2959 5569 3048 5620 58.
3101 5568 3256 5635 Apud
3290 5582 3449 5634 quem
3490 5567 3556 5621 de
3582 5569 3777 5636 quovis
3825 5572 3976 5633 ptiu-

2407 5634 2526 5700 (‘ip:'
2558 5635 2956 5689 Saracenorum
2992 5634 3222 5692 fortune
3249 5637 3480 5690 ludibria
3519 5634 3778 5690 irridente
3807 5641 3975 5690 ultum

2404 5706 2695 5778 silentium.
2765 5706 3059 5764 Veritatem
3150 5707 3393 5764 historia:
3463 5710 3679 5778 require
3733 5724 3782 5777 ιι.
3856 5710 3978 5762 iii.

2399 5776 2566 5829 Ututl.
