4226 6442
228 450 368 515 Ῑίὲξὶ)

1264 447 1312 506 U
1325 443 1681 505 istorum
1695 445 1734 505 U
1754 445 1801 502 Μ
1831 442 1980 503 ΕΟῘιΙ
1992 441 2131 501 ΡΕΝ
2148 441 2220 500 υἱ
2233 442 2274 500 ἱ]
2287 441 2361 499 .ll.

3363 423 3501 496 1110

220 566 394 630 οὕτως
426 566 521 619 καὶ
554 564 617 618 ὲκ
648 563 740 617 τοῦ
779 560 1096 633 χαμερπούς
1132 560 1406 629 ἐνδέχεται
1446 558 1607 611 πάλιν
1636 556 1808 627 ἀρθῆ-

1925 554 2065 612 prius
2112 554 2329 607 attollar
2390 553 2688 621 insigiuai.
2746 557 2844 607 llis
2896 551 3097 604 auditis
3154 563 3242 601 rex
3285 553 3354 602 de
3398 560 3497 601 suo

221 678 312 713 ναι
350 658 484 728 πρὸς
521 656 579 710 τ’)
624 654 870 725 μέγεθος.
920 671 939 706 ι
985 651 1188 705 Τούτου
1227 649 1468 713 ἀκούσας
1506 650 1534 701 ὁ
1572 648 1671 719 ρὴξ
1713 653 1809 702 καὶ

221 752 433 803 ἔννοιαν
454 748 564 801 τῶν
592 746 808 801 οἰκείων
836 745 1039 808 λαϐὼν,
1067 743 1288 797 συνετόν
1316 759 1376 795 τε
1406 741 1497 795 τὸν
1525 741 1696 812 ἄνδρα
1726 741 1813 793 λο-

224 841 520 910 γισάμενος
555 840 644 894 διὰ
679 856 738 892 τε
772 838 874 907 τὴν
909 833 1378 909 προηγησαμένην
1413 833 1588 905 ἀρχὴν
1624 834 1718 886 καὶ
1753 834 1813 886 τὸ

223 936 403 1003 ripa;
433 933 526 985 καὶ
556 931 615 985 τὸ
645 930 903 1000 εὐτυχίας
933 945 993 982 τε
1026 928 1141 997 ἅμα
1168 926 1265 982 καὶ
1293 925 1585 995 δυστυχίας
1614 940 1812 992 πειρα-

222 1026 407 1088 θῆναι,
440 1022 760 1095 παρρησίας
791 1039 852 1074 τε
887 1020 1163 1091 μετεδίδου
1194 1018 1345 1088 αὐτῷ
1375 1036 1471 1072 κα.
1503 1016 1816 1086 συνδιαιτή-

226 1133 389 1178 σεως.
420 1114 478 1168 '0
502 1115 559 1168 δὲ
586 1115 756 1177 δολιος
782 1112 859 1167 ὢν
886 1115 979 1170 καὶ
1007 1113 1315 1185 πανοῦργος
1346 1112 1593 1184 μηχανὴν
1621 1111 1818 1182 ράπτει

226 1208 373 1261 κατα
396 1208 489 1262 τού
516 1209 706 1278 ρηγδς,
731 1210 853 1280 ἦτις
876 1208 966 1263 τὸν
992 1208 1092 1279 μὲν
1114 1208 1256 1277 ῥῆγα
1279 1210 1377 1276 τῆς
1403 1204 1637 1276 Καπύης
1660 1205 1815 1257 ἐδίω-

225 1301 341 1367 ξεν,
372 1301 553 1370 ἑαυτῷ
581 1302 639 1355 δὲ
668 1302 766 1372 τὴν
794 1301 930 1373 πρὸς
955 1303 1023 1356 τά
1051 1303 1228 1355 οἰκεῖα
1256 1299 1603 1370 ὑποστροφὴν
1629 1297 1818 1367 ἐχαρί-

228 1411 380 1447 σατο.
419 1394 590 1456 Εἰδὼς
627 1394 736 1463 γὰρ
768 1396 797 1446 ὀ
825 1394 1065 1457 τοιοῦτος
1094 1394 1169 1455 ὡς
1204 1394 1261 1445 αἱ
1295 1392 1388 1445 δύο
1422 1390 1682 1443 Ίταλικαὶ
1718 1389 1814 1441 πό-

226 1487 343 1548 λεις
382 1480 564 1547 αὗται,
606 1488 640 1557 ἧ
680 1504 737 1539 τε
782 1486 983 1555 Καπύη
1020 1487 1117 1539 καὶ
1154 1487 1187 1555 ἠ
1228 1482 1569 1546 Βενεϐενδδς,
1608 1482 1668 1536 οὐ
1712 1481 1819 1551 πρὸ

228 1579 429 1632 πολλοῦ
477 1579 908 1649 προσκτηθεῖσαι
953 1579 1031 1650 τῷ
1075 1579 1204 1650 ῥηγὶ
1249 1577 1471 1649 βεϐαίαν
1512 1578 1573 1630 οὐ
1617 1575 1821 1647 φυλάτ-

225 1687 385 1723 τουσι
412 1670 509 1741 τὴν
536 1671 673 1742 πρὸς
704 1671 867 1725 αὐτὸν
894 1672 1099 1737 πίστιν,
1127 1670 1244 1724 ἀλλ’
1265 1671 1352 1724 ἀεὶ
1378 1670 1475 1740 τὴν
1504 1668 1821 1739 ἐλευθερίαν

230 1762 612 1827 φαντάζονται,
650 1763 750 1814 οὐκ
792 1763 1003 1830 ἀγνοῶν
1037 1762 1094 1815 δὲ
1139 1762 1222 1815 ὅτι
1270 1760 1365 1815 καὶ
1410 1760 1500 1814 διὰ
1541 1759 1821 1830 φροντίδος

229 1855 350 1904 ἐστὶ
374 1854 453 1922 τῷ
483 1855 612 1923 ρηγὶ
639 1856 671 1924 ἡ
698 1853 905 1907 τούτων
934 1854 1130 1924 βεϐαία
1156 1854 1251 1906 καὶ
1274 1851 1520 1921 ἀσφαλὴς
1549 1852 1821 1920 κατάσχε-

231 1963 341 2009 σις,
367 1947 618 2015 πρόσεισι
642 1948 719 2017 τῷ
745 1948 876 2018 ρηγὶ
900 1947 996 2000 καί
1020 1964 1212 2017 φησιν’
1244 1967 1263 2000 ι
1298 1948 1470 2020 Ὁρῶν
1492 1965 1549 2002 σε
1575 1948 1662 2001 διὰ
1688 1964 1821 2001 παν·

228 2037 342 2103 τὸς,
374 2033 419 2092 ὦ
447 2038 688 2109 βασιλεύ,
724 2039 1075 2110 μεριμνῶντα
1104 2040 1197 2093 καὶ
1227 2037 1584 2109 φροντίζοντα
1611 2038 1727 2100 πῶς
1752 2035 1820 2091 ἂν

229 2132 491 2200 ἀσιραλῶς
521 2132 771 2197 καθέξεις
793 2132 891 2196 τάς
914 2134 1180 2196 Ἰταλικάς
1204 2134 1409 2198 ταύτας
1437 2133 1641 2196 πόλεις,
1666 2131 1823 2202 ἔρχο-

234 2239 336 2290 μαι
368 2222 673 2292 προσοίσων
704 2222 923 2293 βουλήν.
950 2222 1089 2275 Ἴσοι
1121 2218 1235 2288 οὖν,
1268 2216 1314 2276 ὦ
1342 2222 1715 2291 γενναιότατε,
1746 2220 1821 2283 ὡς

227 2312 336 2365 οὐκ
374 2311 551 2376 ἄλλως
589 2329 670 2366 σοι
711 2312 1106 2383 ἀμετάπτωτος
1144 2314 1178 2383 ἡ
1219 2313 1327 2366 τῶν
1366 2312 1578 2365 πόλεων
1616 2313 1822 2365 τούτων

230 2405 567 2476 κατάσχεσις
595 2406 801 2472 ἔσεται,
828 2407 874 2459 εί
903 2406 977 2477 μὴ
1001 2408 1126 2471 τούς
1152 2406 1491 2477 προῦχοντας
1512 2404 1719 2458 τούτων
1744 2403 1823 2466 εἰς

232 2499 303 2551 τὰ
327 2497 433 2569 ἧθη
460 2498 790 2569 μετοικίσεις
810 2500 918 2554 τῶν
936 2500 1204 2570 «rme
1219 2516 1234 2530 ·
1262 2499 1424 2567 φύσει
1447 2497 1557 2568 γὰρ
1576 2497 1639 2550 τὸ
1660 2497 1795 2550 ἀκου
1811 2523 1825 2535 -

235 2589 370 2650 σίως
397 2589 752 2660 δουλούμενον
780 2591 1065 2661 ἀντέχεται
1088 2591 1187 2661 τῆς
1218 2589 1551 2660 ἐλευθερίας,
1579 2588 1673 2641 καὶ
1702 2602 1823 2640 και-

235 2682 332 2750 ροῦ
361 2681 661 2750 λαϐόμενον
687 2684 950 2754 ὲκρὴσσει
974 2683 1036 2735 τὸ
1064 2682 1518 2753 σπουδαζόμενον.
1550 2700 1568 2734 ι
1598 2682 1823 2744 Τούτοις

232 2774 425 2843 ἡσθεὶς
462 2778 573 2838 τοῖς
613 2776 792 2843 λόγοις
826 2778 852 2830 ὁ
890 2776 1012 2847 ρὴξ,
1052 2777 1148 2831 καὶ
1180 2774 1483 2829 λυσιτελεῖν
1518 2774 1669 2846 αὐτῷ
1708 2776 1823 2844 οίη-

233 2866 371 2931 θεὶς,
400 2867 631 2936 ἐγνώκει
656 2868 800 2922 οὐτω
827 2872 1023 2923 ποιεῖν.
1052 2869 1234 2923 Κλοιοὶ
1258 2868 1439 2923 τοίνυν
1466 2868 1824 2939 ὲχαλκεύοντο

234 2960 331 3012 καὶ
366 2961 544 3031 δεσμά
584 2960 885 3032 λεληθότως
927 2961 1003 3025 ὡς
1044 2962 1135 3015 ὲπὶ
1166 2979 1272 3015 τινι
1315 2962 1475 3034 χρείᾳ
1504 2961 1646 3031 τάχα
1688 2978 1825 3014 κατε

232 3051 556 3122 επειγούσῃ.
584 3052 742 3105 Ούτω
772 3052 830 3106 δὲ
852 3054 942 3109 τὸν
965 3053 1112 3125 ρἦα
1142 3055 1471 3127 εὐμηχάνως
1501 3054 1531 3107 ὁ
1561 3053 1823 3118 Σολδάνος

234 3141 639 3213 ἀνδραποδίσας
686 3143 936 3214 πρόσεισι
981 3148 1093 3208 τοῖς
1138 3144 1392 3216 ἐξάρχοις
1434 3143 1543 3197 τῶν
1588 3143 1822 3197 πολιτῶν

236 3234 356 3294 (καὶ
396 3232 505 3305 γὰρ
544 3233 611 3305 δὴ
648 3234 741 3288 καὶ
774 3236 987 3299 τούτοις
1027 3236 1266 3307 συνήθης
1302 3235 1522 3304 ἐγένετο
1559 3235 1646 3309 [Ρ.
1691 3234 1818 3306 579]

236 3325 331 3376 καὶ
366 3325 605 3395 συνεχῶς
633 3327 835 3397 ὁμιλῶν
858 3325 1103 3395 διετέλει)
1135 3327 1228 3381 καί
1256 3342 1389 3396 φησι
1422 3327 1560 3395 πρὸς
1592 3325 1790 3389 αὐτούς

242 3439 263 3472 ι
298 3419 641 3490 Ἀπὸρρητόν
668 3438 722 3473 τι
752 3419 1059 3490 ἐξενεγκεῖν
1084 3420 1343 3492 βούλομαι
1373 3419 1513 3492 πρὸς
1541 3420 1709 3491 ὑμᾶς,
1738 3419 1829 3473 δέ·

237 3511 396 3564 δοικα
424 3510 479 3563 δὲ
517 3511 592 3583 μὴ
622 3510 892 3565 ἔκπυστον
922 3512 1212 3582 γενόμενον
1239 3511 1362 3581 ἐμοί
1393 3528 1452 3564 τε
1484 3511 1704 3583 ὄλεθρον
1736 3512 1829 3564 καὶ

239 3604 371 3672 ὑμῖν
412 3604 658 3659 κίνδυνον
704 3604 1033 3675 προξενήσῃ.
1088 3623 1108 3657 ι
1154 3604 1277 3659 Τῶν
1316 3603 1375 3657 δὲ
1418 3604 1829 3675 διομοσαμένων

240 3696 607 3767 ἐχεμυθήσειν
636 3696 731 3750 καὶ
760 3697 1065 3766 ἀνέκφορον
1094 3696 1327 3768 τηρῆσαι
1360 3696 1420 3750 τὸ
1448 3696 1708 3766 λαληθὲν.
1739 3696 1831 3750 τὸν

245 3793 389 3861 {Imm
423 3790 529 3860 ἒςη
572 3788 855 3858 βούλεσθαι
895 3790 1105 3854 πάντας
1146 3792 1291 3860 ὑμᾶς
1328 3789 1465 3859 πρὸς
1498 3790 1597 3859 τὴν
1633 3789 1830 3843 ἑαυτοῦ

242 3887 428 3957 χήραν
468 3886 569 3953 τῆς
607 3883 886 3954 Φραγγίας
928 3883 1371 3954 σιδηροδεσμίους
1410 3882 1718 3953 ἐκπέμψαι,
1757 3884 1832 3947 ὡς

242 3981 344 4031 οὐκ
379 3977 553 4041 ἄλλως
587 3975 753 4047 οὔσης
786 3975 935 4047 αὐτῷ
969 3976 1245 4046 ἀσφαλοῦς
1276 3977 1377 4047 τῆς
1408 3978 1515 4030 τῶν
1551 3976 1833 4047 ὑμετέρων

243 4072 659 4142 διακρατήσεως
700 4070 929 4123 πόλεων.
961 4069 1083 4123 Τῶν
1114 4070 1169 4123 δὲ
1206 4069 1586 4135 ἐνδοιαζόντων
1623 4071 1719 4123 καὶ
1756 4069 1831 4141 μὴ

246 4165 418 4216 πιστά
448 4164 517 4218 τὰ
545 4163 815 4234 λεγόμενα
847 4161 1202 4232 ἡγουμένων,
1237 4161 1545 4233 ζητούντων
1574 4162 1631 4216 δὲ
1664 4179 1830 4230 σαφε-

249 4254 451 4324 στέραν
490 4253 598 4305 τῶν
637 4253 948 4322 λεγομένων
991 4251 1317 4323 κατάληψιν,
1354 4252 1654 4323 λαϐόμενός
1690 4270 1835 4316 τινος

250 4347 360 4399 τῶν
390 4347 669 4418 ἀρχόντων
697 4344 940 4415 ἀπῆλθεν
970 4345 1051 4408 είς
1078 4346 1204 4408 τοὺς
1234 4344 1474 4415 χαλκεῖς,
1504 4346 1599 4399 καὶ
1626 4346 1836 4419 διερευ-

247 4440 315 4492 vi
328 4438 443 4490 :01:
469 4435 868 4504 παρεκελεύετο
884 4437 1004 4489 τίνα
1022 4435 1091 4489 τὰ
1119 4437 1236 4506 μετ’
1251 4437 1553 4501 ὲπιτάσεως
1575 4437 1835 4507 χαλκευό-

253 4544 416 4600 μενα’
449 4530 571 4582 ἐπεὶ
602 4530 659 4582 δὲ
696 4528 858 4599 μάθοι
891 4529 972 4582 ὅτι
1009 4527 1228 4591 ἁλύσεις
1259 4529 1364 4582 sisi
1395 4530 1488 4585 καὶ
1520 4530 1705 4593 πέδαι,
1738 4532 1835 4583 επ·-

248 4623 487 4677 ανελθὼν
522 4620 894 4692 πληροφορίαν
926 4620 1099 4675 ἐδίδου
1132 4624 1247 4683 τοῖς

246 4718 337 4769 τὸν
364 4716 534 4784 ἄνδρα
563 4715 766 4779 λαλεῖν,
795 4714 889 4768 καὶ
912 4716 981 4769 τὰ
1008 4714 1316 4785 λαλούμενα
1341 4714 1519 4786 ἀληθῆ
1546 4716 1836 4786 τυγχάνειν

248 4808 344 4863 καὶ
368 4809 488 4869 ταῖς
513 4806 671 4876 ἡμῶν
696 4807 940 4876 σωτήρια
966 4806 1173 4861 πόλεσι.
1202 4799 1719 4878 Πληροφορηθέντες
1744 4806 1836 4861 οὐν

248 4905 297 4955 οἱ
334 4902 595 4972 ἄρχοντες
628 4902 722 4953 καὶ
759 4900 1004 4969 σύνεδροι
1036 4901 1145 4953 τῶν
1176 4891 1446 4971 ρηθέισῶν
1475 4900 1683 4955 πόλεων
1712 4901 1838 4973 τρό-

250 5010 351 5046 πον
380 4994 609 5062 ἐζήτουν
634 4993 781 5054 ὅπως
808 4991 896 5044 τὸν
925 4993 1067 5061 ρῆγα
1096 4991 1433 5060 ἀμύνωνται.
1464 4994 1576 5046 Καὶ
1603 4993 1668 5065 δὴ
1700 4994 1836 5065 πρὸς

251 5084 575 5155 κυνηγέσιον
610 5083 917 5147 ἐξελθόντος
960 5082 1089 5135 ποτὲ
1131 5082 1482 5137 ἀποκλείουσι
1524 5087 1644 5138 κατ’
1669 5084 1834 5138 αὐτοῦ

248 5178 347 5238 τὰς
375 5174 552 5237 πύλας
580 5175 672 5227 καὶ
698 5174 882 5227 οὐκέτι
911 5175 1287 5246 συγχωροῦσιν
1312 5176 1460 5246 αὐτῷ
1484 5177 1585 5247 τὴν
1609 5177 1832 5232 εἴσοδον.

260 5271 318 5322 Ὀ
345 5270 401 5322 δὲ
430 5269 597 5337 μηδὲν
626 5268 692 5320 ὲκ
720 5267 813 5321 τοῦ
844 5269 1185 5338 παραχρῆμα
1206 5268 1505 5340 δυνάμενος
1530 5270 1835 5341 διαπράξα-

250 5363 374 5416 σθαι
417 5362 557 5429 πρὸς
590 5362 689 5432 τὴν
727 5360 920 5414 ἑαυτοῦ
965 5362 1297 5432 ὐπενόστησε
1340 5364 1542 5435 χώραν.
1576 5366 1835 5435 Πρόσεισι

248 5454 342 5509 οὐν
379 5456 493 5517 τοῖς
531 5452 792 5522 ἄρχουσιν
828 5453 857 5505 ὁ
897 5453 1154 5517 Σολδάνος
1189 5456 1287 5526 τὴν
1330 5456 1490 5528 χάριν
1526 5458 1625 5527 τῆς
1666 5459 1836 5529 μηνύ.

250 5565 389 5613 σεως
427 5548 710 5600 ἁπαιτῶν·
743 5547 777 5617 ἡ
811 5546 868 5599 δὲ
905 5541 973 5617 ἧν
1005 5547 1067 5600 τὺ
1101 5547 1440 5619 ἀπολυθῆναι
1484 5551 1579 5604 καὶ
1618 5550 1834 5605 ἐλευθε-

251 5639 383 5708 ρίως
409 5636 839 5708 συγχωρηθῆναι
863 5638 1119 5692 ἀπελθεῖν
1139 5641 1219 5703 εἰς
1238 5640 1334 5711 τὴν
1357 5640 1551 5694 ἑαυτοῦ
1575 5644 1832 5715 πατρίδα.

261 5731 575 5793 Ἀπολυθεὶς
608 5725 722 5795 οὐν,
755 5729 831 5793 ὡς
850 5731 989 5801 τάχα
1012 5731 1401 5804 εὐεργετήσας,
1436 5735 1529 5789 καὶ
1567 5737 1646 5801 εἰς
1685 5739 1833 5809 Καρ·

250 5824 448 5891 χπβῧνα
484 5824 776 5893 γενόμενος
813 5825 906 5876 καὶ
939 5824 1039 5894 τὴν
1078 5824 1214 5876 ίδίαν
1249 5826 1703 5898 ἀνακτησάμενος
1737 5832 1834 5898 ἁρ-

251 5918 374 5987 ’μέῖη
405 5916 759 5989 Ξκςτρατεύει
794 5916 935 5973 κατὰ
966 5917 1201 5989 Καπύης
1229 5920 1320 5972 καὶ
1348 5921 1443 5991 τῆς
1476 5921 1792 5976 Βενεϊενδειύ
1819 5939 1831 5956 ο

1914 661 2133 714 quoque
2160 651 2307 699 statu
2338 644 2608 713 cogitans,
2654 641 3064 708 Soltlauniuqne
3099 648 3149 693 et
3183 639 3254 693 ob
3286 648 3499 706 gestum

1914 744 2040 790 ante
2070 734 2357 803 imperium
2393 744 2448 789 et
2487 734 2557 787 ob
2596 740 2936 787 senectutem
2975 745 3037 784 ac
3067 732 3354 799 utriusque
3389 728 3502 782 l‘or-

1917 835 2063 880 tuna:
2107 826 2357 895 peritiam
2404 823 2581 878 virum
2621 824 2876 892 judicans
2920 821 3135 891 1023
3175 823 3508 889 sap'eutem,

1917 917 2086 973 libere
2121 916 2409 985 postmodo
2462 930 2648 972 secum
2707 915 2962 981 congredi
3018 930 3082 967 ac
3129 913 3336 967 versari
3384 928 3507 980 per-

1920 1010 2093 1064 misit.
2138 1011 2202 1063 At
2239 1009 2512 1065 Soltlanus
2538 1051 2552 1072 ,
2608 1009 2771 1063 homo
2806 1008 2955 1063 vafer
2988 1016 3039 1063 ct
3076 1017 3349 1067 versutus,
3403 1006 3506 1058 do-

1920 1104 2030 1158 lum
2075 1101 2188 1173 regi
2238 1102 2433 1166 tendit,
2494 1116 2604 1172 quo
2647 1116 2773 1155 eum
2804 1101 2987 1171 Capua
3036 1101 3247 1171 expulit
3291 1099 3510 1166 sibique

1919 1195 1985 1250 ad
2026 1208 2159 1250 suos
2201 1195 2433 1249 reditqu
2474 1193 2729 1249 confecit.
2790 1192 2933 1249 Duas
2969 1192 3133 1248 Italiae
3167 1192 3356 1254 urbes,
3399 1189 3507 1245 Ca-

1920 1298 2081 1354 puam
2121 1296 2182 1336 ac
2213 1282 2605 1348 Beneventum,
2649 1282 2857 1338 sciebat
2902 1296 3076 1352 nuper
3124 1297 3151 1333 a
3206 1297 3331 1351 rege
3371 1280 3506 1335 sul»

1921 1384 2071 1428 actas
2112 1373 2166 1427 in
2209 1372 2312 1427 lide
2346 1372 2464 1443 ejus
2500 1382 2823 1428 constanter
2859 1390 2964 1427 non
3003 1387 3355 1442 permanere,
3412 1370 3505 1424 SCll

1923 1466 2103 1520 adhuc
2134 1465 2440 1520 libertatem
2471 1466 2747 1520 somniare
2778 1482 2790 1518 :
2827 1481 3003 1535 neque
3035 1465 3320 1533 ignorabat
3349 1466 3415 1517 de
3445 1465 3511 1517 iis

1922 1566 2076 1611 certo
2136 1562 2363 1625 tutoque
2420 1556 2718 1610 retinendis
2776 1571 2955 1625 regem
3020 1570 3144 1610 esse
3189 1554 3511 1610 sollicitum.

1924 1646 2065 1716 Ergo
2097 1660 2277 1716 regem
2319 1646 2679 1714 (ompcllans,
2724 1644 2912 1706 Video,
2964 1644 3161 1713 inquit,
3208 1656 3259 1699 te
3289 1645 3513 1698 assiduo

1926 1739 2179 1794 tueditari
2218 1747 2272 1793 ct
2312 1753 2501 1793 curam
2553 1736 2869 1807 impendere
2921 1737 3196 1806 quomodo
3238 1737 3336 1789 has
3362 1734 3512 1806 χιιιίις

1926 1831 2093 1886 urbes
2132 1839 2285 1885 certo
2335 1831 2574 1884 retineas
2629 1829 2683 1882 in
2735 1836 2827 1881 tua
2891 1836 3177 1897 potestate.
3234 1826 3309 1880 Ea
3354 1829 3421 1880 de
3457 1842 3514 1879 re

1856 1927 1899 1984 Β
1927 1922 2215 1978 consilium
2261 1919 2447 1975 affero.
2503 1920 2656 1976 Seias
2700 1921 2883 1991 itaque
2929 1936 3038 1974 non
3083 1919 3240 1972 aliter
3274 1918 3369 1971 tibi
3420 1918 3517 1970 ην-

1926 2031 2072 2070 mum
2121 2016 2175 2070 in
2208 2029 2304 2071 cas
2349 2014 2465 2070 fore
2508 2015 2795 2084 imperium
2846 2029 3010 2082 quam
3050 2013 3095 2068 si
3128 2027 3317 2067 earmn
3361 2011 3514 2080 prin-

1925 2108 2073 2176 cipes
2101 2108 2155 2162 in
2208 2105 2498 2162 Franciam
2526 2105 2802 2176 deportcs.
2842 2103 3044 2159 Natura
3072 2104 3216 2158 enim
3250 2104 3325 2156 ita
3368 2118 3515 2156 com-

1926 2209 2176 2269 paratum
2215 2207 2390 2254 estut
2427 2198 2520 2269 qui
2563 2197 2718 2252 inviti
2765 2197 3044 2262 serviunt,
3114 2195 3149 2250 ii
3205 2196 3512 2250 libertatem

1925 2289 2208 2356 aﬂ‘ectent,
2269 2300 2324 2346 et
2381 2290 2525 2361 quod
2579 2290 2843 2359 cupiunt,
2913 2288 2979 2343 ad
3045 2287 3096 2342 id
3156 2287 3514 2343 obtinendum

1926 2394 2093 2454 capto
2143 2395 2388 2454 tempore
2468 2392 2782 2454 erumpant.
2831 2381 2987 2437 lluuc
3051 2395 3359 2437 sermonem
3416 2395 3516 2436 rex

1926 2481 2140 2541 gratum
2181 2471 2405 2535 habuit,
2456 2485 2686 2541 esseque
2737 2470 2839 2525 hoc
2899 2471 2950 2525 in
3003 2485 3116 2525 rem
3166 2482 3319 2524 suam
3362 2476 3516 2524 ratus

1926 2564 2119 2617 statuit
2175 2562 2424 2631 exsequi.
2503 2561 2689 2631 Itaque
2750 2563 2861 2631 jam
2926 2563 3141 2617 occulte
3209 2561 3509 2631 compedes

1925 2668 2081 2709 terea:
2132 2653 2470 2723 parabantur
2504 2663 2558 2708 et
2594 2654 2807 2708 vincula
2830 2696 2843 2719 ,
2902 2654 3070 2709 veluti
3116 2653 3184 2709 ad
3216 2670 3347 2710 usus
3377 2654 3515 2709 alios

1925 2744 2189 2817 quosdam
2248 2745 2681 2815 requirerentur.
2741 2747 2809 2801 At
2868 2747 3141 2802 Solllanns
3203 2748 3304 2802 hoc
3358 2762 3514 2803 com-

1926 2847 2113 2893 mento
2154 2853 2333 2908 regem
2374 2837 2724 2903 ludiﬁcatus,
2781 2838 3058 2910 principes
3102 2838 3304 2893 civium
3365 2840 3513 2907 (nam

1926 2926 2123 2979 horum
2150 2940 2370 2995 quoque
2405 2924 2830 2981 familiaritatem
2863 2940 2924 2979 ac
2976 2928 3226 2981 crebram
3266 2940 3518 2980 consue—

1925 3014 2170 3069 tudinem
2205 3015 2309 3070 sibi
2342 3015 2652 3085 paravcrat)
2683 3030 2978 3085 aggressus
3025 3015 3224 3070 habere
3257 3029 3316 3069 se
3358 3028 3518 3067 area-

1925 3116 2056 3156 num
2083 3102 2351 3168 ostendit,
2393 3091 2537 3171 quod
2571 3103 2707 3173 ipsis
2740 3103 2977 3166 indicet,
3028 3102 3131 3157 nisi
3163 3102 3517 3157 metuendum

1925 3193 2030 3250 sibi
2058 3194 2130 3251 sit
2156 3210 2226 3250 ne
2255 3195 2291 3250 ii
2313 3209 2379 3251 eo
2406 3195 2661 3267 evulgato
2693 3197 2861 3251 indici
2905 3196 3132 3251 exitium
3154 3237 3170 3262 ,
3223 3194 3326 3250 sibi
3377 3193 3520 3263 peri-

1805 3286 1894 3355 ic
1927 3288 2114 3343 culum
2178 3288 2390 3359 1023
2445 3290 2685 3344 creaturi
2740 3297 2947 3345 essent.
3014 3286 3085 3343 Ut
3148 3287 3516 3358 jurejurando

1931 3378 2255 3449 interposito
2295 3380 2730 3437 taciturnitatem
2775 3381 3113 3450 promisere,
3162 3378 3521 3434 constituisse

1931 3470 2157 3526 omnino
2190 3485 2369 3541 regem
2415 3470 2691 3540 signineat
2742 3471 2890 3541 ipsos
2943 3471 2997 3525 in
3046 3471 3281 3526 vinculis
3328 3470 3521 3527 ferreis

1932 3561 1986 3615 in
2012 3558 2297 3616 Frauciam
2330 3561 2735 3625 transmittere,
2791 3562 2937 3631 quod
2976 3561 3335 3631 jutlicaretse
3360 3562 3525 3616 aliter

1932 3656 1987 3710 in
2045 3655 2207 3711 urbes
2260 3654 2507 3725 ipsorqu
2562 3654 2761 3710 stabile
2816 3655 3105 3724 imperium
3162 3653 3364 3708 habere
3414 3666 3525 3707 non

1936 3761 2116 3816 posse.
2172 3744 2563 3802 Dubitantibus
2606 3753 2659 3800 et
2704 3746 2862 3802 (idem
2899 3744 3064 3801 dictis
3106 3758 3216 3799 non
3251 3743 3527 3799 adhiben-

1934 3837 2115 3904 tibus,
2178 3838 2272 3893 sed
2328 3838 2533 3894 certius
2584 3854 2775 3893 eorum
2835 3848 3215 3909 argumentum
3274 3851 3528 3906 qurercn-

1939 3929 2122 3995 tibus,
2191 3930 2482 3999 quemdam
2542 3930 3157 4001 principnmSoldauus
3216 3928 3283 3983 ad
3337 3928 3525 3985 fabros

1935 4020 2124 4083 duxit,
2176 4018 2451 4090 jussitquc
2484 4020 2824 4091 interrogare
2850 4023 3113 4092 quidnam
3146 4029 3299 4076 tanta
3344 4020 3530 4093 operis

1932 4112 2286 4165 contentione
2360 4112 2781 4167 l'abricarentur.
2854 4113 2961 4179 Qui
3038 4127 3165 4167 cum
3236 4112 3525 4166 didicisset

1936 4208 2159 4256 catenas
2185 4209 2237 4255 et
2264 4203 2484 4271 pedicas
2518 4204 2736 4273 parari,
2788 4204 2853 4259 ad
2895 4218 3026 4258 suos
3063 4218 3320 4259 reversus
3368 4201 3528 4256 ﬁdem

1938 4289 2017 4342 eis
2048 4286 2206 4354 fecit,
2252 4288 2476 4344 Soldaui
2510 4290 2675 4345 rcrba
2702 4305 2733 4344 a
2778 4291 3158 4346 benevolentia
3201 4304 3329 4359 erga
3379 4291 3532 4359 ipsos

1938 4378 2182 4448 profecta
2229 4394 2357 4433 vera
2406 4394 2530 4436 esse
2579 4396 2641 4434 ac
2701 4382 2891 4449 patria:
2939 4382 3184 4451 ipsorqu
3241 4380 3527 4435 salutaria.

1938 4471 2146 4526 Exinde
2189 4471 2467 4543 principes
2506 4472 2736 4528 istarum
2791 4473 3003 4528 urbium
3046 4488 3160 4528 rem
3210 4472 3283 4529 ita
3328 4472 3532 4527 habere

1938 4564 2223 4631 persuasi,
2285 4564 2353 4617 de
2394 4563 2605 4619 ratione
2643 4579 2753 4635 qua
2788 4563 3182 4620 ulciscerentur
3216 4579 3396 4633 regem
3438 4578 3532 4618 cn-

1280 4623 1540 4693 ἀρχουσιν
1574 4623 1824 4687 εὐνοϊκῶς

1945 4654 2156 4725 gitant;
2190 4669 2583 4725 egressumque
2610 4623 2907 4725 aliquando
2946 4663 3200 4710 venatum
3229 4654 3401 4725 portis
3431 4670 3529 4710 oe-

1938 4745 2110 4801 clusis
2143 4747 2318 4801 reditu
2350 4755 2561 4811 arcent,
2615 4748 2773 4816 isque
2811 4762 2937 4801 eum
2975 4747 3029 4801 in
3068 4746 3357 4816 praesentia
3393 4746 3530 4801 nihil

1937 4848 2097 4905 agere
2133 4842 2337 4904 posset,
2373 4835 2596 4891 urbibus
2632 4836 2701 4891 iis
2727 4837 2986 4893 exclusus
3011 4845 3123 4891 tum
3154 4838 3209 4891 in
3238 4836 3528 4892 Franciant

1938 4926 2120 4981 rediit.
2175 4926 2450 4982 Soldanus
2493 4937 2677 4983 autem
2731 4930 3007 5000 principes
3041 4930 3175 4995 adit,
3232 4930 3302 4985 ab
3348 4930 3528 4999 iisque

1939 5015 2244 5070 mercedem
2272 5014 2460 5071 indicii
2490 5018 2765 5087 postulat;
2800 5034 2920 5089 quae
2941 5026 3059 5074 erat
3089 5029 3150 5073 ut
3177 5020 3312 5074 liber
3340 5019 3396 5075 iu
3425 5035 3529 5090 pa-

1938 5105 2097 5160 triam
2152 5105 2332 5161 redire
2378 5106 2676 5162 sineretur.
2720 5107 2778 5163 Id
2820 5124 2919 5177 pro
2952 5108 3057 5164 hoc
3092 5108 3360 5164 benelicio
3393 5124 3529 5164 eon-

1938 5200 2163 5248 secutus
2202 5195 2470 5259 muneris,
2507 5195 2894 5265 Carthaginem
2932 5211 3212 5260 reversus,
3253 5211 3318 5252 ac
3356 5197 3528 5265 impe-

1938 5283 2021 5337 rio
2051 5283 2286 5354 pristino
2322 5294 2563 5353 recepto,
2617 5286 3023 5356 expeditionem
3059 5293 3248 5341 contra
3282 5285 3524 5357 Capuam

1938 5384 2002 5425 ac
2034 5369 2399 5426 Beneventum
2439 5372 2697 5444 suscipit,
2740 5374 3015 5445 urbesque
3060 5389 3156 5431 eas
3191 5375 3389 5432 validis
3418 5378 3528 5432 cir-

1938 5459 2261 5529 cumpositis
2287 5461 2487 5519 castris
2519 5463 2667 5518 omni
2695 5465 2746 5519 vi
2774 5474 3072 5537 oppugnat.
3096 5467 3277 5523 Pressi
3309 5468 3522 5524 obsidi-

1938 5568 2040 5607 one
2071 5552 2326 5623 oppidani
2358 5553 2424 5608 ad
2450 5568 2631 5624 regem
2669 5556 2873 5626 legatos
2905 5559 3149 5625 mittunt,
3184 5561 3398 5615 veniam
3428 5562 3526 5617 de-

1940 5645 2050 5698 licti
2113 5652 2357 5713 petentes
2423 5645 2796 5717 auxiliumque
2864 5648 3077 5719 1024
3138 5651 3520 5720 implorantes.

1936 5734 2085 5800 Quos
2114 5736 2201 5791 ille
2234 5736 2626 5793 contumeliose
2656 5738 2884 5805 dimisit,
2917 5741 3117 5810 gaudio
3145 5742 3249 5799 sibi
3287 5741 3401 5798 fore
3437 5743 3522 5814 ip-

1938 5844 2123 5884 sorum
2158 5831 2384 5885 exitium
2420 5833 2775 5902 respondens.
2813 5833 3030 5904 Legatis
3073 5852 3131 5892 re
3183 5836 3386 5893 infecta
3434 5854 3523 5895 re-

1940 5923 2130 5985 versis,
2174 5923 2383 5982 obsessi
2416 5940 2523 5996 quo
2551 5941 2611 5984 se
2642 5938 2915 5987 verterent
2949 5946 3058 5987 non
3087 5931 3373 6001 habentes,
3414 5948 3516 6007 op-
