4226 6442
728 343 870 406 Illl

2031 339 2348 399 οεο-ιιοιι
2382 337 2717 398 ειευιιεκι

3858 332 3986 394 illi

723 452 1120 524 pugnantiaque
1155 451 1208 504 in
1257 465 1502 506 summas
1547 450 1751 505 redacti
1796 448 2185 513 difficultates,
2225 451 2294 504 lc-

2403 448 2496 500 καὶ
2540 449 2758 514 χάρακα
2802 445 2976 512 πήξας
3025 444 3220 514 ὀχυρὸν
3260 446 3499 514 ἐνεργῶς
3542 444 3850 514 ἐπολιόρκει
3889 450 3987 510 τὰς

723 553 851 615 gato
883 545 946 596 ad
987 542 1248 596 Basiliam
1289 543 1655 596 Romanorum
1707 543 2089 611 imperatorem
2138 541 2304 595 misso

721 643 781 686 nt
808 639 1096 688 succurrat
1119 630 1220 685 sibi
1245 630 1505 700 ﬂagitant.
1541 630 1789 684 Assentit
1817 630 2111 698 imperator
2139 649 2153 693 ;
2187 641 2302 686 sta-

725 724 927 792 timque
950 721 1185 792 legatum
1218 722 1469 786 remittit,
1502 722 1595 790 qui
1631 737 1763 776 suos
1794 721 1937 776 bono
1964 723 2152 776 animo
2182 738 2303 776 esse

718 813 970 879 jnberet,
1020 814 1409 882 nuntiaretque
1453 827 1581 866 mox
1626 811 1880 866 adfutura
1936 812 2071 866 satis
2122 813 2300 866 valida

717 906 944 968 auxilia,
984 921 1103 975 qum
1139 907 1285 974 ipsos
1319 905 1626 960 discrimini
1665 905 1962 974 eriperent.
2005 904 2058 958 Is
2092 906 2301 974 legatus

718 995 772 1048 in
803 996 980 1049 reditu
1015 997 1082 1049 ah
1125 996 1378 1052 hostibus
1428 1004 1512 1050 est
1555 1004 1771 1064 captus.
1825 995 1996 1064 Eique
2029 995 2300 1050 Soldanus

719 1085 785 1138 ad
823 1103 880 1140 se
913 1087 1170 1154 adducto,
1234 1087 1394 1156 Optio
1419 1089 1516 1141 lilii
1547 1128 1561 1153 ,
1599 1087 1810 1156 inquit,
1865 1087 2026 1140 datur
2061 1103 2073 1138 :
2128 1085 2301 1154 delige

716 1180 862 1245 quod
899 1190 982 1236 est
1018 1181 1236 1235 melius.
1279 1181 1334 1234 Si
1364 1182 1550 1235 salvus
1583 1194 1706 1234 esse
1746 1180 1828 1234 vis
1870 1178 2188 1248 magnisque
2222 1179 2300 1229 ar.

713 1271 802 1323 lici
833 1271 1014 1334 donis,
1052 1272 1138 1324 dic
1170 1271 1237 1326 iis
1261 1271 1350 1339 qui
1378 1279 1428 1324 te
1461 1271 1742 1334 miserant,
1782 1269 2038 1323 omnibus
2071 1269 2298 1321 audien-

713 1362 882 1426 tibus,
925 1362 1230 1432 denegasse
1269 1363 1646 1430 imperatorem
1686 1361 1992 1415 Romannm
2034 1363 2102 1416 iis
2140 1363 2296 1416 auxi-

713 1453 784 1505 lia
839 1471 851 1506 ι
903 1454 986 1508 siu
1023 1469 1210 1508 verum
1249 1453 1612 1518 renuntiabis,
1675 1454 1823 1508 illico
1875 1455 2099 1522 peribis.
2159 1455 2293 1509 Pro-

711 1545 878 1598 mittit
907 1547 1118 1615 legatus
1163 1561 1220 1600 se
1267 1544 1534 1599 facturum
1573 1545 1716 1614 quod
1757 1550 1997 1615 jusserat
2035 1563 2290 1612 ameras;

710 1645 766 1688 et
803 1652 926 1689 eum
968 1636 1035 1690 ad
1067 1637 1276 1705 sagitta:
1311 1637 1452 1690 ictus
1492 1638 1725 1703 spatium
1763 1638 1828 1690 ad
1866 1640 2064 1693 mainia
2103 1655 2296 1695 acces-

710 1728 942 1792 sissent,
1007 1728 1214 1797 primos
1271 1729 1425 1783 urbis
1475 1731 1695 1798 prodire
1744 1731 2006 1799 postulat.
2082 1734 2185 1798 Qui
2238 1744 2294 1787 ut

708 1827 911 1886 pra-sto
935 1819 1176 1883 fuerunt,
1223 1821 1302 1875 sic
1333 1834 1428 1874 eos
1477 1822 1767 1890 compellat
1801 1839 1813 1873 :
1853 1822 2091 1877 Tametsi
2134 1824 2287 1888 mibi,

709 1923 742 1961 ο
782 1918 986 1978 patres,
1035 1919 1184 1964 certa
1232 1926 1380 1965 mors
1429 1911 1704 1980 impendet
1748 1912 2069 1982 gladiusque
2104 1915 2169 1967 ad
2201 1915 2290 1983 ju-

708 2002 892 2069 gulum
924 2009 1028 2061 est,
1072 2018 1179 2056 non
1211 2010 1392 2056 tamen
1427 2004 1615 2058 celabo
1647 2005 1951 2068 veritatem,
1988 2014 2041 2060 et
2076 2021 2205 2075 rogo
2234 2016 2292 2060 ut

707 2090 864 2143 uiori
897 2091 1193 2159 liberisque
1231 2093 1364 2148 meis
1398 2093 1628 2163 gratiam
1675 2093 1947 2148 referatis.
2002 2094 2112 2167 Ego
2137 2136 2151 2160 ,
2190 2097 2289 2150 do-

705 2181 863 2244 mini,
896 2197 1210 2251 qnanquam
1242 2198 1387 2236 nunc
1419 2184 1471 2237 in
1510 2183 1765 2239 manibus
1804 2187 2040 2240 hostium
2081 2187 2290 2256 1025

707 2289 866 2338 sum,
905 2275 1230 2345 legationem
1267 2291 1439 2330 meam
1489 2276 1736 2338 confeci,
1780 2286 1833 2331 et
1867 2293 1988 2331 mox
2041 2280 2212 2334 aderit
2262 2297 2290 2332 a

706 2366 958 2420 Romano
985 2367 1212 2421 missum
1249 2368 1576 2437 imperatore
1613 2370 1899 2424 auxilium.
1942 2370 2128 2438 Itaque
2154 2379 2294 2425 state

708 2455 922 2510 fortiter
951 2476 966 2513 :
996 2458 1143 2511 venit
1173 2459 1316 2512 enim
1350 2460 1440 2529 qui
1474 2468 1531 2513 ut
1559 2474 1667 2514 non
1693 2476 1798 2523 me,
1832 2476 1930 2516 vos
1960 2462 2153 2517 saltem
2191 2466 2297 2518 eri-

707 2548 836 2615 piet.
880 2546 1003 2602 llaec
1061 2548 1228 2603 fatum
1282 2552 1429 2606 illico
1484 2552 1716 2606 ministri
1760 2549 1979 2606 Soldani
2014 2555 2209 2624 gladiis
2243 2557 2294 2610 in

705 2644 900 2712 exigua
933 2643 1102 2698 frusta
1137 2645 1496 2700 discidcrunt.
1531 2645 1805 2701 Suldanus
1835 2657 2015 2701 autem
2046 2658 2296 2707 metuens

706 2736 809 2788 sibi
848 2737 916 2789 ab
949 2737 1295 2808 imperatoris
1320 2779 1335 2803 ,
1373 2739 1631 2808 quoniam
1661 2755 1784 2793 eum
1829 2740 2130 2794 missurum
2166 2757 2297 2813 cog-

707 2836 969 2894 noverat,
1031 2829 1272 2884 exercitu
1318 2831 1494 2885 soluta
1528 2829 1814 2884 obsidione
1846 2828 2068 2885 domum
2112 2833 2294 2890 rediit.

705 2921 904 2989 Capum
931 2930 984 2976 et
1016 2922 1323 2978 Benevento
1354 2924 1552 2979 exinde
1582 2926 1815 2982 societas
1855 2940 1918 2979 ac
1955 2924 2134 2979 ftedus
2166 2939 2292 2979 cum

704 3010 955 3066 Romano
994 3014 1320 3082 imperatore
1361 3013 1484 3069 fuit.

2409 541 2612 601 πόλεις.
2648 535 3150 606 Στενοχωρούμενοι
3181 536 3237 588 δὲ
3273 536 3380 588 ὑπὸ
3409 537 3727 606 πολιορκίας
3759 538 3808 588 οι
3843 537 3988 588 πολῖ-

2406 649 2494 684 ται
2531 629 3018 700 διαπρεσϐεύονται
3056 629 3190 698 πρὸς
3228 631 3318 680 τὸν
3355 629 3535 698 ρῆγα,
3571 645 3901 698 συγγνωμην
3930 645 3988 680 τε

2404 723 2503 790 τῆς
2533 721 2845 792 ἀμαρτάδος
2877 719 3160 781 αἰτοῦντες
3193 720 3288 786 καὶ
3321 719 3639 790 συμμαχίαν
3672 719 3984 787 ζητοῦντες.

2418 813 2580 866 Ἀλλά
2613 813 2730 881 μεθ’
2753 811 2962 881 ὕϐρεως
2994 811 3436 880 ἀποπέμπονται,
3471 813 3776 885 ἐπιχαίρειν
3806 816 3987 866 εἰπόν-

2403 924 2495 969 τος
2523 909 2589 976 τῇ
2621 904 2864 976 ἀπωλείᾳ
2895 903 3095 958 αὐτῶν.
3130 904 3455 974 ’Λπράκτων
3486 905 3542 958 δὲ
3573 906 3684 958 τῶν
3715 907 3984 976 πρεσϐευ-

2404 997 2512 1049 τῶν
2542 995 3070 1065 ἐπαναστρεψάντων
3095 995 3520 1065 διαπορούμενοι
3548 999 3641 1048 καὶ
3671 996 3745 1064 μὴ
3777 996 3987 1064 ἔχοντες

2402 1089 2431 1140 ὂ
2455 1105 2508 1140 τι
2540 1090 2631 1140 καὶ
2661 1087 2938 1157 δράσειαν,
2969 1085 3158 1149 δεινῶς
3187 1087 3245 1140 δὲ
3280 1087 3593 1154 πιεζόμενοι
3625 1088 3718 1139 καὶ
3748 1091 3864 1148 ταῖς
3892 1089 3986 1154 τῆς

2403 1178 2720 1247 πολιορκίας
2748 1179 3037 1245 ἀνάγκαις,
3070 1177 3376 1230 στέλλουσιν
3398 1178 3627 1245 ἄγγελον
3655 1179 3788 1247 πρὸς
3824 1179 3986 1230 Βασί-

2401 1271 2546 1323 λειον
2575 1273 2665 1323 τὸν
2701 1270 2923 1339 βασιλέα
2953 1270 3261 1339 Ῥωμαίων,
3299 1269 3554 1339 βοήθειαν
3587 1271 3981 1338 ἐξαιτούμενοι.

2402 1359 2571 1426 Οὗτος
2605 1363 2659 1415 δὲ
2695 1365 2794 1433 τὴν
2828 1362 3124 1432 πρεσϐείαν
3156 1361 3448 1431 δεξάμενος
3485 1363 3679 1414 Θᾶττον
3713 1363 3984 1427 ἐκπέμπει

2399 1455 2490 1507 τὸν
2537 1453 2900 1523 πρεσϐευτὴν,
2953 1453 3174 1525 θαρρεῖν
3222 1455 3681 1522 παρεγγυήσοντα
3727 1451 3802 1515 ὡς
3848 1454 3985 1520 μετα

2403 1547 2597 1616 μικρὸν
2641 1546 2760 1616 ἣξει
2806 1563 2864 1598 τε
2911 1546 3095 1606 αὐτοῖς
3140 1545 3440 1614 ἀποχρῶσα
3486 1545 3708 1614 βοήθεια
3753 1547 3844 1596 καὶ
3888 1544 3985 1613 τῆς

2398 1638 2646 1706 ἀνάγκης
2689 1638 2884 1698 αὐτοὺς
2926 1637 3208 1700 ἐξελεῖται.
3243 1636 3618 1705 Ὑποστρέψας
3658 1632 3749 1689 οὖν
3783 1639 3810 1688 ὁ
3854 1655 3987 1706 πρεο

2403 1727 2636 1799 σϐευτὴς
2685 1728 3028 1798 αἰχμάλωτος
3083 1729 3303 1794 ἐγένετο
3344 1729 3454 1789 τοῖς
3501 1726 3747 1798 ἐχθροῖς·
3793 1729 3851 1780 ὃν
3893 1733 3986 1784 καὶ

2401 1821 2892 1890 παραστησάμενος
2919 1819 2948 1871 6
2977 1819 3254 1882 Σολδάνος,
3286 1837 3304 1871 ι
3336 1821 3510 1883 Δυοῖν,
3533 1819 3658 1888 ἔφη,
3687 1820 3984 1890 προκειμέ-

2400 1930 2510 1965 νοιν
2545 1913 2682 1965 όδοῖν
2717 1912 2894 1975 ἒξεστί
2939 1929 3018 1964 σοι
3051 1911 3150 1981 τὴν
3183 1911 3614 1979 ὠφελιμωτέραν
3648 1912 3886 1966 ἑλέσθαι.
3923 1913 3984 1965 Εἰ

2402 2004 2498 2072 μὲν
2533 2003 2643 2072 γὰρ
2679 2003 2852 2065 Θέλεις
2885 2003 2982 2071 τὴν
3015 2002 3210 2055 ἑαυτοῦ
3249 2003 3525 2072 σωτηρίαν
3557 2003 3775 2073 δωρεῶν
3804 2021 3862 2056 τε
3893 2022 3986 2056 τυ-

2398 2097 2512 2164 χεῖν
2548 2098 2642 2149 καὶ
2683 2097 2922 2165 χαρίτων
2964 2094 3192 2158 πολλῶν,
3232 2095 3464 2165 λαλήσον
3504 2099 3640 2166 πρὸς
3677 2098 3800 2159 τοὺς
3843 2099 3988 2167 πέμ-

2392 2191 2598 2256 ψαντας
2617 2192 2672 2242 ἐν
2690 2191 2934 2261 ἐπηκόῳ,
2954 2191 3027 2252 ὠς
3056 2189 3356 2259 ἀπείρηται
3381 2189 3458 2260 τῷ
3479 2190 3986 2260 βασιλεῖῬωμαίων

2397 2285 2428 2352 ή
2464 2283 2599 2353 πρὸς
2635 2285 2780 2352 ὑμᾶς
2813 2285 3131 2352 συμμαχία,
3168 2284 3262 2336 καὶ
3293 2283 3512 2353 σωθήσῃ
3541 2300 3554 2312 ο
3587 2283 3696 2337 τῶν
3725 2284 3767 2336 δ’
3791 2283 3986 2353 ἀληθι-

2395 2377 2501 2426 νῶν
2527 2375 2872 2442 ἐπαγγελιῶν
2897 2376 3142 2446 ἐχομένῳ
3171 2391 3251 2428 σοι
3279 2375 3471 2443 ἕψεται
3495 2376 3794 2444 ταχύτατος
3822 2376 3988 2428 Θάνα-

2394 2485 2505 2530 τος.
2557 2486 2576 2518 ι
2625 2469 2730 2519 Τοῦ
2773 2468 2818 2519 δ’
2844 2467 3246 2538 ἀγγελιαφόροι)
3296 2468 3622 2536 συνθεμένου
3666 2469 3725 2522 τὸ
3768 2469 3986 2537 Θέλημα

2399 2563 2618 2633 ποιῆσαι
2646 2562 2740 2615 τοῦ
2771 2563 2986 2632 ἀμηρᾶ,
3014 2564 3138 2616 ἐπεὶ
3166 2564 3238 2626 ὠς
3266 2565 3372 2617 ἀπὸ
3400 2564 3552 2628 τόξου
3587 2563 3748 2634 βολῆς
3774 2564 3852 2632 τῷ
3878 2565 3984 2616 τείο

2397 2673 2482 2723 χει
2516 2656 2918 2724 προσήγγισαν,
2949 2657 3075 2718 τοὺς
3103 2656 3354 2726 πρώτους
3383 2657 3409 2706 6
3439 2655 3778 2724 πρεσϐευτὴς
3809 2674 3991 2726 παρα-

2394 2748 2648 2814 γενέσθαι
2686 2748 2786 2818 τῆς
2830 2748 3036 2810 πόλεως
3078 2747 3400 2817 ἐξῃτήσατο.
3439 2747 3537 2818 [Ρ.
3570 2746 3708 2818 580]
3772 2747 3879 2799 Καὶ
3921 2747 3986 2816 δὴ

2396 2840 2880 2908 παραγενομένων,
2898 2840 3158 2893 τοιούτων
3175 2839 3310 2908 πρὸς
3334 2838 3531 2901 αὐτοὺς
3553 2839 3757 2908 ἤρξατο
3779 2838 3952 2905 λόγων
3969 2855 3985 2870 ο

2403 2950 2419 2982 ι
2460 2931 2520 2984 Ei
2552 2935 2644 2984 καὶ
2676 2933 2939 3002 πρόδηλός
2974 2950 3068 3001 μοι
3098 2933 3356 3001 τυγχάνει
3386 2933 3412 2984 6
3445 2932 3705 2996 θάνατος,
3735 2924 3779 2982 ὦ
3813 2931 3985 2982 πατέ-

2403 3037 2512 3088 ρες,
2551 3021 2644 3073 καὶ
2676 3021 2736 3072 τὸ
2773 3020 2922 3087 ξίφος
2959 3023 3017 3073 ἐν
3049 3024 3114 3090 τῇ
3154 3023 3356 3088 σφαγῇ,
3392 3020 3508 3073 ἀλλ’
3533 3021 3682 3090 ὅμως
3716 3020 3814 3070 οὐκ
3851 3021 3986 3072 ἀπο-

707 3105 987 3175 κρύψομαι
1018 3109 1115 3179 τὴν
1148 3112 1428 3182 ἀλήθειαν.
1464 3115 1609 3168 Λίτῶ
1641 3116 1698 3170 δὲ
1733 3115 2030 3170 ἀποδοῦναί
2069 3130 2158 3183 μοι
2193 3112 2291 3181 τὴν
2328 3113 2489 3183 χάριν
2514 3114 2593 3175 είς
2616 3113 2683 3165 τὰ
2712 3114 2820 3183 ὲμά
2849 3113 3048 3181 ἔκγονα
3077 3113 3172 3166 καὶ
3195 3113 3293 3184 τὴν
3320 3113 3590 3168 σύνευνον.
3655 3116 3795 3182 Ἐγὼ
3852 3117 3984 3182 γὰρ,

703 3188 748 3246 ὦ
788 3195 965 3266 κύριοί
1004 3217 1104 3270 μου
1125 3241 1140 3266 ,
1177 3205 1225 3255 εί
1259 3206 1353 3256 καὶ
1384 3207 1502 3268 ταῖς
1534 3205 1642 3259 τῶν
1708 3205 1986 3276 πολεμίων
2052 3203 2356 3272 κατέχομαι
2396 3202 2608 3272 χερσὶν,
2637 3204 2776 3256 ἀλλά
2803 3221 2867 3271 γε
2895 3204 2994 3268 τὴν
3023 3204 3317 3274 πρεσϐείαν
3351 3223 3451 3276 μου
3481 3204 3858 3276 ὲξεπλήρωσα.
3889 3207 3989 3258 καὶ

705 3289 984 3360 συντόμως
1010 3293 1368 3363 προσδέχεσθε
1393 3295 1490 3365 τὴν
1513 3298 1576 3348 ἐκ
1597 3297 1690 3348 τοῦ
1718 3297 1982 3365 βασιλέως
2006 3295 2114 3346 τῶν
2150 3293 2439 3362 Ῥωμαίων
2471 3291 2746 3362 βοήθειαν.
2776 3293 2868 3345 Διὸ
2899 3293 3064 3362 στῆτε
3137 3293 3399 3361 γενναίως
3419 3309 3432 3323 ’
3499 3295 3717 3364 ἔρχεται
3786 3296 3895 3366 γὰρ
3957 3297 3987 3347 ὁ

706 3384 968 3453 ῥυόμενος
1001 3385 1166 3454 ὑμᾶς,
1197 3387 1245 3438 εί
1277 3386 1369 3438 καὶ
1403 3385 1477 3456 μὴ
1508 3386 1628 3456 ἐμέ.
1668 3405 1686 3438 ι
1719 3381 1888 3449 Οὗτος
1921 3387 2018 3456 μὲν
2045 3385 2136 3438 οὖν
2164 3385 2402 3438 τοσαῦτα
2443 3383 2538 3437 καὶ
2607 3383 2827 3436 τοιαῦτα
2872 3383 3038 3436 εἰπὼν
3073 3384 3272 3447 εὐθέως
3346 3385 3449 3438 ὑπὸ
3518 3387 3623 3439 τῶν
3694 3388 3987 3458 ὑπηρετῶν

701 3481 795 3528 τοῦ
827 3477 1090 3531 Σολδάνου
1118 3480 1230 3540 τοῖς
1263 3479 1473 3546 ξίφεσιν
1497 3479 1576 3541 εἰς
1641 3482 1814 3549 μικρὰ
1885 3479 2025 3549 μέρη
2060 3477 2155 3530 καὶ
2188 3478 2352 3547 μόρια
2390 3476 2712 3546 κατετμήθη
2737 3492 2750 3504 ·
2780 3478 2806 3528 6
2831 3475 3088 3537 Σολδάνος
3115 3474 3170 3527 δὲ
3197 3475 3293 3545 τὴν
3322 3478 3385 3529 ὲκ
3415 3477 3508 3529 τοῦ
3543 3478 3802 3547 βασιλέως
3833 3483 3990 3535 ἐλω-

708 3577 938 3643 δ’)μὲνην
980 3573 1233 3644 βοήθειαν
1271 3574 1590 3645 ὀρρωδήσας
1630 3575 1786 3626 ἔλυσε
1829 3573 1926 3644 τὴν
1967 3574 2286 3644 πολιορκίαν
2321 3572 2413 3624 καὶ
2456 3571 2641 3624 οἴκαδε
2689 3571 3068 3642 ὑπεχώρησεν.
3103 3570 3170 3623 Ai
3213 3570 3269 3624 δὲ
3312 3574 3600 3644 εἰρημέναι
3679 3576 3860 3641 πόλεις
3925 3591 3989 3632 το

702 3663 810 3721 ἀπὸ
840 3669 990 3723 τοῦδε
1024 3667 1331 3720 διετέλεσαν
1367 3668 1517 3734 φίλαι
1553 3669 1646 3720 καὶ
1683 3668 1959 3736 σύμμαχοι
1996 3666 2337 3718 καθεστῶσαι
2365 3664 2678 3732 Ῥωμαίοις.

773 3765 931 3820 Circa
954 3765 1056 3819 hoc
1077 3774 1291 3834 tempus
1319 3763 1514 3818 Esman
1544 3763 1698 3817 Tarsi
1727 3778 1962 3824 ameras,
1999 3761 2282 3832 superiore

2458 3758 2616 3812 Κατά
2646 3759 2838 3812 τοῦτον
2872 3761 2962 3812 τὸν
2995 3759 3186 3828 χρόνον
3217 3759 3307 3812 καὶ
3340 3759 3545 3828 Ἐσμάν
3575 3761 3601 3813 6
3633 3761 3728 3831 τῆς
3760 3751 3980 3832 Ταρσῦῧ

703 3855 924 3911 inﬂatus
966 3854 1226 3919 victoria,
1263 3854 1530 3916 maximas
1579 3867 1746 3907 naves
1785 3851 2006 3920 triginta
2031 3891 2044 3916 ,
2094 3850 2287 3920 quales

709 3941 968 3996 Saraceni
1019 3941 1299 4009 cumparia
1355 3948 1572 4005 vocant,
1622 3939 1929 4002 adornavit,
1990 3938 2166 4006 iisque
2201 3954 2291 3992 ur-

707 4033 830 4085 bem
863 4030 1121 4098 Euripum
1154 4030 1328 4098 petiit.
1363 4028 1466 4084 Sed
1500 4029 1625 4098 quia
1672 4030 1775 4083 hoc
1816 4028 2141 4098 praviderat
2185 4029 2288 4081 im-

709 4133 948 4192 perator,
990 4122 1222 4182 Graecia:
1252 4121 1543 4190 przefectus
1577 4119 1858 4174 Eneiales
1908 4119 2073 4188 hujus
2103 4119 2285 4188 jussu,

707 4226 835 4279 qua:
862 4220 972 4264 tum
1029 4211 1180 4264 urbis
1233 4210 1481 4278 prmsidio
1536 4209 1836 4274 suﬂiecret,
1907 4211 2168 4280 pepulum
2221 4227 2289 4264 ex

712 4305 965 4357 universa
989 4302 1195 4356 Graecia
1219 4301 1542 4366 introduxit,
1583 4317 1878 4372 murosque
1901 4306 2290 4361 convenienter

709 4397 986 4462 munivit,
1048 4395 1261 4450 balistis
1298 4404 1352 4450 et
1401 4411 1533 4449 saxa
1585 4395 1972 4464 torquentibus
2019 4396 2290 4453 machinis

708 4487 1008 4552 adornatis,
1065 4488 1399 4556 omninoque
1430 4486 1568 4541 nihil
1597 4502 1786 4543 eorum
1833 4503 1952 4558 qua:
1982 4488 2049 4541 ad
2080 4503 2290 4558 oppug-

707 4582 980 4634 nationem
1007 4579 1400 4650 proﬂigandam
1433 4580 1637 4636 faciunt
1665 4582 1922 4650 neglexit.
1960 4580 2032 4636 Ut
2057 4581 2290 4634 Tarsen-

708 4673 852 4725 sium
886 4672 1079 4726 classis
1110 4673 1338 4740 appulit,
1388 4681 1442 4726 et
1483 4675 1658 4729 muris
1689 4675 2138 4743 appropinquans
2170 4687 2286 4727 cre-

708 4764 823 4817 bris
850 4762 1077 4817 telorum
1117 4764 1330 4833 1026
1366 4764 1707 4833 conjectibus
1747 4767 2011 4834 repellere
2055 4781 2151 4820 eos
2193 4768 2287 4834 qui

709 4870 897 4908 muros
933 4853 1224 4907 tuebantur
1257 4841 1534 4918 intendit,‘
1559 4856 1655 4920 ibi,
1710 4857 1803 4925 qui
1839 4856 2025 4924 Euripi
2060 4857 2113 4908 in
2147 4871 2288 4924 prai-

713 4945 854 4999 sidio
895 4953 1071 5008 erant,
1117 4945 1282 4998 animi
1316 4945 1789 5016 robore‘impleti,
1845 4947 2115 5000 machinis
2158 4962 2288 5000 saxa

710 5036 1081 5105 iaculantibus
1111 5044 1165 5090 et
1195 5039 1406 5092 balistis
1442 5047 1604 5108 atque
1638 5041 1878 5094 arcubus
1908 5040 2289 5108 lapidibusque

2393 3853 2641 3920 ἀμηρᾶς,
2674 3854 2739 3922 τῇ
2776 3852 3211 3922 προηγησαμένῃ
3240 3854 3599 3923 ἐπαιρόμενος
3631 3854 3785 3924 νίκῃ,
3821 3857 3985 3924 τρια-

2391 3959 2555 3994 κοντα
2585 3943 2744 3995 πλοῖα
2770 3943 2881 4011 (95)
2911 3944 3140 4012 μέγιστα
3171 3943 3610 4014 ἐξαρτυσάμενος
3637 3946 3987 4014 (κουμπάρια

2389 4035 2563 4087 ταῦτα
2596 4035 2780 4086 καλεῖν
2808 4034 3060 4086 εἰώθασιν
3087 4035 3136 4086 oi
3167 4035 3494 4104 Σαρακηνοὶ)
3523 4037 3588 4104 τῇ
3624 4037 3773 4088 πόλει
3804 4039 3985 4089 ἐπιτί-

2391 4125 2540 4178 Οεται
2577 4126 2671 4178 τοῦ
2714 4125 2980 4197 Εὐρίπου.
3025 4126 3361 4194 Προγνόντος
3401 4127 3455 4178 δέ
3492 4128 3650 4180 τοῦτο
3686 4129 3778 4180 τοῦ
3823 4129 3983 4196 βατι-

2389 4214 2542 4277 λέως,
2584 4215 2611 4266 ὁ
2651 4215 2952 4284 στρατηγὸς
2992 4215 3091 4282 τῆς
3120 4213 3369 4278 Ἑλλάδος
3411 4216 3459 4285 (ὁ
3500 4218 3785 4285 Οἱνειατης
3822 4212 3982 4280 οὗτος

2388 4303 2477 4376 ἦν)
2520 4306 2767 4358 κελεύσει
2813 4306 3066 4375 βασιλικῇ
3109 4305 3200 4358 τὸν
3250 4307 3432 4359 ἱκανὸν
3470 4308 3548 4370 είς
3594 4308 3838 4378 φυλακὴν
3878 4311 3983 4376 τῆς

2391 4398 2598 4459 πόλεως
2633 4396 2761 4449 λαὸν
2795 4397 2904 4450 ἀπὸ
2939 4398 3119 4465 πάσης
3152 4396 3400 4458 Ἑλλάδος
3435 4399 3694 4466 εἰσήγαγε
3736 4402 3830 4452 καὶ
3867 4405 3982 4462 τοῖς

2389 4488 2591 4558 τείχεσι
2619 4489 2716 4557 τὴν
2742 4488 3126 4558 προσήκουσαν
3154 4489 3510 4557 παρασκευὴν
3538 4492 3979 4557 προσηνέγκατο,

2392 4581 2694 4650 πετροϐὁλα
2718 4597 2777 4631 τε
2803 4580 3006 4650 ὄργανα
3033 4580 3125 4632 καὶ
3149 4581 3404 4645 τοξοϐόλα
3434 4584 3854 4651 τεκτηνάμενος,
3883 4587 3980 4638 καὶ

2389 4673 2544 4742 ἁπλῷ
2577 4673 2720 4741 λόγῳ
2757 4672 2924 4740 μηδὲν
2953 4672 3061 4724 τῶν
3089 4672 3404 4742 δυναμένων
3433 4675 3726 4729 ἀποσοϐεῖν
3757 4678 3980 4748 πολιορ-

2390 4766 2513 4817 κίαν
2545 4764 2896 4832 ἀμυντηρίων
2926 4762 3228 4815 ἀπολιπών.
3264 4764 3414 4816 Ἐπεὶ
3442 4765 3497 4817 δὲ
3525 4766 3796 4820 κατέλαϐε
3827 4771 3922 4821 καὶ
3952 4774 3981 4823 6

2389 4855 2496 4906 τῶν
2527 4853 2786 4922 Ταρσέων
2820 4854 3033 4915 στόλος,
3067 4855 3160 4906 καὶ
3190 4859 3300 4916 τοῖς
3332 4855 3567 4923 τείχεσιν
3597 4857 3696 4926 ἥδη
3735 4862 3980 4929 προσήγ-

2389 4944 2528 5012 γιζε,
2569 4947 2664 4997 καὶ
2705 4943 2874 5013 βελῶν
2908 4944 3101 5010 ἀφέσει
3147 4945 3354 5013 συχνῶν
3387 4946 3735 4999 ἀναστέλλειν
3770 4950 3979 5017 ἠγωνί-

2395 5035 2516 5099 ζετο
2551 5036 2674 5096 τοὺς
2712 5034 2820 5088 ἀπὸ
2853 5034 2960 5086 τῶν
2993 5035 3186 5104 τειχῶν
3220 5036 3592 5104 ἀμυνομένους
3615 5077 3628 5098 ,
3669 5038 3842 5108 θυμοῦ
3882 5044 3978 5093 καὶ

716 5142 879 5178 manu
917 5126 1194 5181 mittendis
1238 5127 1309 5180 ita
1350 5144 1446 5196 pro
1486 5131 1619 5182 urbe
1667 5140 2168 5199 propugnaverunt,
2226 5138 2286 5182 ut

2394 5127 2698 5197 προῦυμίας
2749 5128 2978 5197 πλήρεις
3022 5129 3071 5178 οἱ
3113 5127 3206 5178 τοῦ
3254 5128 3493 5195 Εὐρίπου
3539 5131 3821 5198 γενόμενοι
3861 5139 3979 5197 τοῖς

716 5216 1004 5269 identidem
1032 5216 1227 5272 multos
1257 5219 1622 5272 Barbarorum
1651 5219 1950 5288 dejecerint
1978 5237 1991 5283 ;
2019 5231 2288 5288 ventoque

721 5306 964 5359 secundo
990 5306 1296 5372 observato,
1331 5325 1460 5364 suas
1491 5309 1741 5364 triremes
1774 5309 1825 5363 in
1855 5312 2064 5364 hostem
2106 5311 2286 5363 immi-

724 5411 932 5465 serunt,
969 5405 1272 5471 multasque
1316 5405 1552 5458 hostium
1585 5420 1750 5458 naves
1776 5404 1964 5458 Grmco
1993 5406 2099 5475 igni
2135 5421 2284 5459 corn-

724 5494 1036 5548 busscrunt.
1071 5494 1149 5548 Ob
1179 5511 1297 5564 qua:
1327 5499 1504 5550 animo
1543 5506 1782 5550 mstuans
1815 5498 2038 5561 Esman,
2079 5514 2286 5567 gnarus

727 5583 938 5636 interim
992 5585 1189 5640 multos
1235 5586 1474 5655 pecunia:
1520 5587 1816 5656 cupiditate
1869 5597 2098 5642 mortem
2157 5606 2285 5643 eon-

1836 5703 2183 5760 Xi’LANUliI
2217 5707 2303 5758 ΕΤ
2346 5706 2552 5760 ΟΟᾹῐὶΙ
2593 5706 2822 5761 NOTJZ.

830 5793 935 5860 (’53)
976 5794 1016 5844 Λ
1048 5793 1332 5852 Saracenis
1381 5807 1565 5851 Vocat]
1626 5797 1971 5865 x'.r;t7:if.:1,
2017 5796 2206 5866 inquit,
2239 5817 2295 5854 az;
2339 5799 2567 5856 inl'nius
2657 5800 2716 5866 2+,
2751 5798 2944 5865 γίλέίις
2994 5797 3293 5865 ῖιατσ.“,ἰι;ιάζ

2387 5221 2735 5288 πετροϐόλοις
2761 5221 2870 5272 τῶν
2896 5219 3143 5288 ὀργάνων
3171 5220 3263 5271 καὶ
3289 5223 3400 5282 τοῖς
3432 5224 3853 5286 καταπελτικοῖς
3887 5227 3978 5294 βέ-

2386 5312 2501 5364 λεσι
2542 5314 2638 5365 καὶ
2676 5315 2788 5374 τοῖς
2825 5312 2997 5374 τόξοις
3041 5314 3132 5363 καὶ
3171 5315 3281 5374 τοῖς
3326 5314 3388 5364 ἐκ
3425 5314 3531 5365 τῶν
3566 5317 3764 5385 χειρῶν
3803 5318 3974 5379 λίθόις

2386 5405 2494 5456 ἀπὸ
2517 5404 2624 5455 τῶν
2650 5403 2844 5472 τειχῶν
2871 5403 3134 5470 γενναίως
3161 5404 3452 5472 ἠμύνοντο,
3481 5409 3574 5459 καὶ
3607 5411 3834 5477 συχνοῖς
3864 5414 3973 5464 τῶν

2388 5498 2690 5566 Βαρϐάρων
2733 5497 2853 5548 καθ’
2881 5497 3118 5562 ἑκάστην
3164 5498 3472 5565 ἀνήλισκον.
3505 5499 3973 5570 Ἐπιτηρῇσαντες

2389 5588 2444 5640 δὲ
2473 5589 2565 5641 καὶ
2593 5588 2810 5656 πνεῦμα
2840 5589 3096 5658 ἐπίφορον
3125 5589 3454 5656 ἐπαφείκασι
3488 5591 3582 5653 τὰς
3615 5593 3822 5645 ἑαυτῶν
3852 5614 3969 5666 τρι-

3248 5797 3255 5807 ¹
3277 5798 3300 5811 υ

3311 5815 3382 5852 ;ιν
3432 5798 3648 5851 debitas:
3705 5797 3876 5853 Cuia.
