4226 6442
260 372 398 438 1113

1324 372 1863 439 IIISTORIARUM
1900 378 2432 446 COMPENDIUM.

3392 382 3532 448 1114

254 490 407 560 ήρεις
433 490 554 551 ταῖς
581 488 876 552 ἐναντίαις,
907 489 1002 543 καὶ⁹
1029 489 1232 555 πολλάς
1258 491 1338 561 τῷ
1363 493 1517 563 ὑγρῷ
1545 496 1681 562 πυρὶ
1707 510 1836 546 κατ-

1955 506 2210 561 ieniuere,
2265 510 2394 555 ante
2428 501 2631 556 vallum
2679 499 2924 570 aspidem
2966 513 3217 570 magnam
3251 513 3386 553 auro
3418 500 3533 568 ple.

255 577 583 647 ενέπρησαν.
623 578 764 648 Dp";
816 578 961 650 άπερ
1002 580 1302 651 ἀμηχανῶν
1337 581 1368 633 ὁ
1406 583 1713 652 βάρϐαρος,
1746 584 1840 636 καὶ

254 666 408 729 εἰδὼς
441 667 516 730 ώς
549 666 733 735 ἔφεσις
766 669 861 721 καὶ
893 668 1033 739 ἔρως
1065 672 1366 740 χρημάτων
1400 673 1627 734 πολλοὺς
1665 690 1838 743 παρα-

255 758 510 821 σκευάζει
540 763 897 831 καταιρρονεῖν
925 760 1018 814 τοῦ
1050 761 1285 817 θανάτου
1306 804 1321 830 ,
1353 765 1557 818 ἀσπίδα
1594 766 1839 836 μεγάλην

255 849 361 917 πρὸ
389 847 484 901 τοῦ
515 849 756 917 χάρακος
788 851 899 914 θεὶς
929 852 1024 904 καὶ
1054 852 1280 923 χρυσίου
1309 853 1512 909 ταύτην
1547 855 1842 924 πεπληρω-

257 938 367 1001 κὼς
393 939 548 992 τοῦτο
573 941 739 1010 γέρας
765 941 866 1011 ἔφη
891 941 1103 1008 δώσειν,
1129 944 1267 1013 μετὰ
1291 947 1387 998 καὶ
1415 946 1697 1016 παρθένων
1719 950 1840 1000 ἐπι-

256 1030 462 1082 λέκτων
496 1032 910 1101 αξχμαλωτίδων
943 1035 1137 1088 ἑκατὸν
1160 1076 1174 1099 ,
1208 1035 1287 1107 τῷ
1324 1037 1556 1108 πρώτως
1588 1038 1841 1092 ἐπιϐάντι

257 1120 351 1172 τοῦ
394 1122 607 1191 τείχους
651 1124 746 1176 καὶ
785 1128 896 1187 τοῖς
941 1126 1233 1196 ὁμοφύλοις
1270 1128 1370 1198 τὴν
1409 1128 1563 1198 νίκην
1604 1129 1840 1199 βραϐευ-

262 1230 435 1266 σαντι.
461 1216 635 1285 Ὅπερ
666 1218 714 1268 οί
747 1219 810 1269 ὲκ
844 1218 939 1287 τῆς
971 1219 1181 1282 πόλεως
1210 1218 1563 1289 θεασάμενοι,
1595 1220 1755 1282 εὐθύς
1781 1237 1841 1272 τε

259 1305 350 1355 τὶν
377 1305 499 1356 νοῦν
523 1307 632 1357 τῶν
661 1309 1052 1377 πραττομένων
1075 1311 1533 1380 κατανοήσαντες,
1559 1312 1845 1380 παρακλη-

259 1399 428 1456 τικοῖς
456 1412 515 1447 τε
543 1396 721 1464 λόγοις
750 1399 842 1452 καὶ
871 1400 1228 1469 ὃιεγερτικοίς
1258 1401 1392 1470 προς
1419 1400 1594 1471 ἀλκὴν
1620 1403 1846 1465 ἑαυτοὺς

261 1486 807 1556 παραθαρρύναντες,
836 1490 929 1542 καὶ
956 1492 1044 1558 ὑφ’
1063 1490 1121 1545 ἒν
1146 1491 1399 1559 σύνθημα
1421 1492 1521 1553 τάς
1549 1491 1722 1554 πύλας
1746 1493 1847 1562 τῆς

262 1579 469 1642 πόλεως
518 1582 852 1649 ἀνοίξαντες,
894 1586 1151 1657 ἀνδρείως
1194 1588 1338 1640 κατὰ
1381 1586 1491 1640 τῶν
1543 1586 1847 1655 Βαρδάρων

263 1671 611 1742 ἐξώρμησαν.
654 1674 740 1746 [Ρ.
777 1676 903 1749 581]
938 1679 1046 1731 Καὶ
1080 1680 1222 1731 κατά
1252 1679 1352 1748 τὴν
1385 1678 1610 1749 πρώτην
1644 1678 1848 1747 συμϐο-

262 1760 359 1830 λὴν
400 1765 622 1834 καιρίαν
653 1765 948 1837 δεξαμένου
981 1768 1075 1822 τοῦ
1123 1771 1316 1840 άμηρᾶ
1355 1769 1568 1839 πληγὴν
1607 1770 1699 1821 καὶ
1744 1786 1845 1822 πε-

1941 603 2069 643 nam
2110 596 2283 659 ponit,
2320 602 2488 662 atque
2523 594 2662 648 hanc
2699 601 2754 648 et
2787 600 3009 647 centum
3050 593 3390 660 captivarum
3424 591 3535 644 vir-

1939 682 2126 750 ginum
2160 684 2493 740 lectissimas
2529 686 2738 754 praemii
2770 685 2891 738 loco
2930 698 2990 737 se
3033 684 3081 737 ei
3117 684 3370 736 daturum
3412 696 3537 752 pro-

1938 769 2125 830 mittit,
2156 770 2245 836 qui
2278 770 2335 824 in
2370 788 2586 826 murum
2617 772 2824 840 primus
2865 772 3139 826 evasisset
3162 769 3389 837 suisque
3422 768 3539 821 vic-

1941 861 2096 913 torirc
2133 871 2323 914 auctor
2352 862 2565 917 fuisset.
2616 862 2675 915 ld
2707 876 2830 916 cum
2865 862 3113 917 viderent
3155 860 3436 930 oppidani,
3467 875 3531 912 ac

1948 950 2133 1004 statim
2165 951 2289 1019 quis
2316 969 2518 1021 scapus
2543 950 2706 1021 hujus
2734 954 2809 1007 rei
2835 963 2982 1007 esset
3003 952 3293 1013 sentirent,
3325 951 3393 1004 ad
3428 949 3539 1002 for-

1951 1040 2240 1094 titudinem
2276 1058 2398 1097 sese
2424 1054 2616 1097 mutuo
2650 1044 2919 1099 cohortati
2951 1053 3159 1097 tessera
3191 1043 3317 1096 data
3345 1054 3536 1095 oumes

1950 1140 2136 1200 portas
2169 1140 2502 1199 aperuerunt
2539 1141 2593 1187 et
2642 1134 2693 1187 in
2734 1134 3012 1187 Barbaros
3056 1145 3236 1184 aerem
3276 1130 3536 1199 impetum

1951 1223 2239 1277 dederunt.
2301 1223 2486 1276 Primo
2516 1239 2787 1277 concursu
2828 1236 3041 1276 ameras
3072 1220 3258 1273 lethali
3314 1228 3539 1285 accepto

1944 1316 2168 1369 vulnere
2209 1315 2426 1377 cecidit,
2474 1315 2740 1383 multique
2778 1330 2898 1367 cum
2939 1328 3003 1367 eo
3044 1311 3214 1365 occisi
3249 1319 3414 1363 sunt:
3449 1324 3537 1362 re-

1944 1404 2078 1473 liqui
2114 1405 2168 1457 in
2202 1406 2382 1474 fugam
2416 1420 2662 1459 conversi
2699 1405 3028 1458 instantibus
3064 1400 3324 1456 Romanis
3360 1412 3538 1468 usque

1945 1498 2011 1549 ad
2047 1497 2287 1560 reliquas
2325 1513 2493 1551 naves
2535 1499 2739 1563 ingenti
2778 1511 2902 1549 cum
2948 1494 3102 1548 clade
3148 1506 3371 1547 suorum
3403 1505 3539 1543 con-

1942 1585 2257 1639 tenderunt.
2304 1587 2642 1654 Superstites
2686 1585 3052 1635 Barbarorum
3090 1581 3277 1650 paucis
3310 1577 3540 1632 navibus

1946 1676 2186 1743 impletis
2221 1694 2343 1731 cuni
2394 1678 2660 1731 dedecore
2703 1678 2922 1729 donium
2970 1688 3158 1725 versus
3190 1671 3539 1738 aufugerunt.

1947 1766 2062 1821 Hoc
2109 1770 2473 1823 infortunium
2521 1769 2809 1823 Tarsensis
2855 1766 3046 1819 habuit
3102 1764 3323 1817 classis.

3475 1847 3502 1860 η

280 1853 466 1918 σῦιτος
485 1897 500 1921 ,
530 1859 627 1910 καὶ
656 1859 867 1912 πολλῶν
896 1860 1069 1916 ἄλλων
1100 1863 1196 1915 σὺν
1225 1862 1375 1932 αὐτῷ
1405 1861 1801 1930 ἀναιρεθέντων
1821 1902 1836 1925 ,
1868 1862 1919 1914 οἱ
1956 1860 2132 1915 λοιποὶ
2167 1864 2485 1932 ἐτράπησαν
2516 1864 2648 1917 πρὸς
2690 1862 2883 1925 ωσγην.
2915 1855 3312 1923 Ἐπικειμένων
3346 1851 3401 1903 δὲ
3434 1851 3541 1900 τῶν

264 1947 575 2005 διωκόντων
612 1952 772 2024 μέχρι
803 1953 913 2008 τῶν
944 1955 1253 2009 ὑπολοίπων
1290 1956 1425 2010 νεῶν
1464 1956 1918 2023 κατεσφάττοντο,
1956 1954 2053 2007 καὶ
2080 1957 2240 2023 (ριἰιυς
2281 1956 2498 2023 ἐγένετο
2525 1955 2634 2007 τῶν
2658 1954 2957 2022 Βαρὸάρων
2990 1952 3155 2012 πολύς
3178 1966 3191 1980 ·
3223 1950 3270 2001 οἱ
3299 1948 3354 1999 δὲ
3386 1961 3535 2012 περιέ

261 2039 573 2111 λειφθέντες
598 2044 786 2112 ὀλίγας
812 2044 1201 2116 πληρώσαντες
1223 2045 1331 2099 τῶν
1357 2044 1495 2099 νεῶν
1524 2045 1641 2116 μετ’
1660 2044 1920 2115 αἰσχύνης
1946 2045 2230 2114 ἀπέφυγον
2261 2049 2397 2105 πρὸς
2420 2046 2485 2098 ti:
2516 2046 2643 2098 ἴδια.
2672 2047 2774 2098 Καὶ
2805 2062 2831 2089 (ι
2900 2043 2993 2094 αὲν
3050 2045 3112 2096 ἐκ
3173 2043 3269 2112 τῆς
3327 2034 3543 2109 Ταρσοῦ

274 2136 459 2201 στόλος
486 2138 725 2191 τοιοῦτον
754 2138 879 2209 ἔσχε
906 2140 968 2192 τὸ
1001 2141 1192 2212 πέρας.
2412 2167 2416 2171 ‘

340 2232 567 2302 Ἕτερος
614 2232 670 2284 δὲ
720 2232 881 2285 πάλιν
927 2233 1036 2287 ἀπὸ
1077 2237 1178 2302 τῆς
1225 2234 1451 2305 Κρήτης
1498 2233 1851 2303 άντηγείρετο

1960 2230 2171 2300 1027
2248 2242 2365 2284 Ana
2399 2244 2564 2298 porro
2597 2244 2624 2281 a
2656 2232 2818 2283 Creta
2853 2225 3035 2294 erupit
3065 2222 3281 2279 classis.
3323 2219 3542 2274 Etenim

264 2322 469 2385 στόλος.
505 2321 648 2392 Σαὴλ
680 2324 785 2394 γὰρ
816 2323 907 2377 τοῦ
938 2325 1188 2396 Ἀπόχαψ
1219 2326 1463 2397 ἀρχηγοῦ
1492 2327 1591 2395 τῆς
1622 2327 1849 2395 Κρήτης

261 2416 624 2487 ὑπάρχοντος,
648 2416 851 2479 omne;
873 2435 952 2481 τις
980 2418 1120 2488 ἀνὴρ
1142 2418 1474 2489 πολεμιστὴς
1495 2420 1590 2471 καὶ
1616 2419 1851 2487 δραστή-

265 2526 381 2580 ριος
406 2509 536 2579 παρ’
558 2508 719 2562 αὐτοῦ
752 2510 893 2564 κατὰ
921 2511 1210 2581 Ῥωμαίων
1236 2511 1517 2565 ἐστέλλετο
1546 2510 1685 2580 μετὰ
1712 2512 1852 2565 ἑπτὰ

263 2602 362 2654 καὶ
397 2600 568 2653 εἴκοσι
600 2601 993 2673 κουμπαρίων,
1027 2600 1095 2663 ἃς
1126 2602 1189 2670 δὴ
1226 2602 1424 2669 γαλέας
1460 2603 1851 2673 κατονομάζειν

263 2690 542 2756 εἰώθασιν,
571 2691 627 2755 ὃς
657 2690 966 2763 ἐξορμήσας
995 2693 1059 2746 ἐκ
1085 2694 1311 2765 Κρήτης
1334 2692 1433 2757 τὰς
1462 2695 1519 2745 ἐν
1546 2693 1622 2763 τῷ
1649 2692 1853 2765 Αἰγαίῳ

263 2782 462 2850 νήσους
506 2782 599 2835 καὶ
636 2782 735 2844 τάς
780 2782 1080 2851 παραλίους
1131 2782 1505 2851 κατεληῖζετο,
1550 2785 1644 2837 καὶ
1690 2784 1853 2853 μέχρι

262 2873 364 2940 τῆς
423 2872 481 2925 ἐν
522 2872 906 2943 Ἑλλησπόντῳ
962 2874 1365 2944 Προικοννήσου
1423 2874 1731 2939 κατέλαϐε,
1787 2877 1856 2930 τὰ

266 2964 653 3034 παρατυχόντα
695 2964 1221 3036 άνὸραποδιζόμενός
1262 2983 1322 3018 τε
1365 2967 1460 3019 καὶ
1502 2967 1853 3037 διαφθείρων.

264 3053 454 3123 Τούτῳ
507 3055 847 3123 συναντήσας
902 3055 1040 3123 μετὰ
1088 3054 1184 3108 τοῦ
1217 3055 1531 3125 Ῥωμαῖκοῦ
1587 3058 1774 3109 στόλου
1827 3061 1856 3111 ὁ

266 3144 557 3217 πατρίκιος
587 3146 830 3215 Νικήτας
865 3146 957 3199 καὶ
992 3146 1354 3218 δρουγγάριος
1388 3148 1651 3218 πλωῖμων
1683 3151 1710 3202 ὁ
1744 3150 1857 3202 Ὠο-

270 3236 468 3307 ρύφας,
502 3238 595 3290 καὶ
624 3235 717 3289 τοῦ
753 3236 1067 3306 Ῥωμαῖκοῦ
1102 3239 1290 3291 στόλου
1326 3240 1623 3309 κατάρχειν
1652 3241 1854 3310 λαχὼν,

267 3330 398 3399 περὶ
426 3328 488 3381 τὸ
519 3327 741 3397 στόμιον
769 3328 864 3381 τοῦ
896 3328 1123 3397 Αἰγαίου
1156 3330 1306 3402 παρὰ
1333 3329 1433 3401 τὴν
1463 3332 1732 3401 Καρδίαν,
1763 3333 1857 3385 καὶ

272 3423 452 3491 μάχην
482 3419 758 3490 καρτεράν
789 3421 1228 3491 συστησάμενος,
1260 3421 1421 3484 εὐθὺς
1449 3422 1518 3475 τά
1550 3423 1649 3491 μὲν
1681 3422 1855 3483 εἴκοσι

267 3513 379 3567 τῶν
406 3512 700 3585 Κρητικῶν
727 3512 952 3581 σκαφῶν
976 3512 1055 3582 τῷ
1084 3513 1237 3584 ὑγρῷ
1263 3513 1396 3583 πυρὶ
1426 3514 1850 3583 συγκατέφλεξε,

271 3607 363 3656 καὶ
392 3604 518 3665 τοὺς
551 3603 609 3655 ἐν
636 3603 819 3664 αὐτοῖς
848 3601 1165 3672 Βαρϐάρους
1210 3605 1455 3674 μάχαιρα
1488 3605 1586 3659 καὶ
1618 3606 1732 3676 πῦρ
1761 3610 1855 3660 καὶ

272 3691 415 3761 ὕδωρ
444 3692 826 3761 διεμερίσαντο
846 3709 859 3722 ·
890 3691 988 3744 ὅσα
1015 3690 1072 3745 δὲ
1100 3692 1192 3745 τὸν
1216 3694 1282 3746 ὲκ
1305 3693 1404 3761 τῆς
1433 3695 1737 3765 ναυμαχίας
1764 3696 1858 3748 παλ⁹

270 3786 362 3837 τὴν
406 3786 469 3836 ὲκ
511 3784 611 3853 τῆς
656 3782 930 3854 Θαλάσσης
971 3783 1225 3852 διέφυγον
1266 3784 1531 3851 κίνδυνον,
1572 3788 1719 3856 φυγῇ
1759 3787 1857 3855 τὴν

274 3875 552 3946 σωτηρίαν
582 3876 1127 3945 ἐπραγματεύσαντο.
1160 3877 1322 3931 Ἀλλά
1352 3879 1555 3948 καίπερ
1582 3877 1725 3930 οὕτω
1750 3880 1854 3931 62:-

274 3966 381 4031 νῶς
418 3964 780 4035 θραυσθέντες
814 3965 863 4017 οἱ
898 3967 1115 4040 Κρῆτες
1148 3967 1248 4019 οὐκ
1280 3966 1573 4038 ἠγάπησαν
1604 3967 1855 4036 ἠρεμεῖν,

272 4059 410 4114 ἀλλά
442 4058 604 4113 πάλιν
632 4056 741 4110 τῶν
772 4057 912 4109 κατά
947 4058 1220 4112 θάλασσαν
1250 4059 1559 4129 ἀντείχοντο
1595 4060 1858 4129 πραγμά-

274 4170 385 4205 των
406 4190 422 4214 ,
456 4150 550 4204 καὶ
589 4148 879 4221 λῃστρίδας
921 4150 1350 4219 ἐξαρτυσάμενοι
1385 4150 1519 4212 ναῦς
1551 4151 1650 4219 τήν
1686 4151 1856 4203 Πελο-

276 4245 546 4312 πὸννησον
588 4244 681 4295 καὶ
722 4242 820 4303 τὰς
867 4242 1112 4295 κάτωθεν
1154 4244 1323 4313 αὐτῆς
1364 4245 1560 4314 νήσους
1602 4244 1855 4308 ἐλύπουν,

275 4335 367 4386 τον
385 4333 589 4386 ἄνωθεν
607 4333 840 4402 ρηθέντα
861 4331 1065 4386 Φώτιον
1080 4334 1349 4401 ναύαρχον
1366 4334 1602 4402 ἔχοντες.
1619 4335 1861 4411 Ἐξορμᾷ

280 4428 371 4478 καὶ
406 4424 549 4477 κατὰ
575 4424 781 4476 τούτων
812 4426 838 4477 ὁ
866 4424 960 4476 τοῦ
992 4423 1303 4493 Ῥωμαῖκοῦ
1335 4427 1524 4479 στόλου
1558 4428 1859 4497 ἐξηγούμε-

278 4533 367 4577 νος
403 4515 652 4583 Νικήτας
686 4515 974 4583 πατρίκιος
1008 4515 1035 4565 ὁ
1065 4515 1362 4584 Ὠορυφας,
1396 4518 1641 4588 ἐπιφόρῳ
1674 4520 1730 4571 δὲ
1766 4520 1860 4573 καὶ

279 4608 441 4675 αἰσίῳ
479 4605 824 4674 χρησάμενος
864 4605 1135 4674 πνεύματι
1176 4607 1241 4660 δι’
1265 4608 1461 4675 ὀλίγων
1497 4610 1723 4678 ἡμερῶν
1758 4627 1860 4662 κα-

280 4696 616 4766 ταλαμϐάνει
655 4697 752 4767 τὴν
794 4697 1198 4767 Πελοπόννησον
1232 4701 1327 4751 καὶ
1359 4700 1436 4768 τῷ
1476 4699 1651 4768 λιμένι
1691 4717 1861 4769 προσ-

1303 4792 1325 4804 η

285 4788 425 4858 lxxv.
462 4787 571 4839 τῶν
613 4788 928 4857 Κεγχρεῶν.
967 4790 1168 4842 Μαθὼν
1204 4791 1260 4843 δὲ
1300 4792 1380 4844 ὅτι
1413 4792 1481 4845 τὰ
1512 4793 1620 4847 τῶν
1650 4793 1861 4863 ἐχθρῶν

1955 2318 2148 2375 Saelus
2197 2319 2697 2390 Apochapsiﬁlius,
2748 2318 2921 2373 Crctzc
2956 2318 3231 2377 dominus,
3285 2312 3540 2391 Photiutn

1954 2417 2276 2473 bellicosum
2310 2425 2475 2486 atque
2522 2429 2806 2470 strenuum
2859 2413 3136 2466 hominem
3185 2425 3311 2464 cum
3347 2397 3540 2478 vigint'

1955 2518 2161 2578 septem
2197 2510 2516 2578 (-umpariis,
2577 2524 2714 2578 quas
2758 2515 2813 2561 et
2857 2508 3041 2574 galeas
3072 2502 3379 2565 nominant,
3443 2500 3544 2553 atl-

1955 2618 2146 2656 vers-us
2178 2602 2455 2655 Romanos
2494 2600 2659 2653 misit.
2704 2598 2805 2663 Qui
2854 2595 3062 2651 insulas
3105 2596 3158 2648 in
3192 2591 3376 2662 Ᾰίειεο
3405 2590 3543 2643 mari

1956 2695 2093 2749 sitas
2116 2708 2169 2749 et
2195 2696 2465 2748 maritima
2491 2693 2812 2762 deprazdans
2837 2707 3009 2760 usque
3035 2690 3099 2743 ad
3126 2691 3540 2741 Proconncsum

1957 2787 2010 2840 in
2042 2786 2453 2855 Hellespontum
2497 2787 2756 2853 perrexit,
2807 2784 2965 2837 obvia
2999 2795 3230 2849 quaeque
3260 2788 3540 2832 evastatis.

1958 2877 2097 2932 liuic
2124 2894 2245 2932 cum
2275 2877 2517 2931 Romana
2548 2877 2725 2930 classe
2755 2874 2969 2927 Nicetes
2991 2871 3241 2941 Oryphas
3276 2868 3542 2938 patricius

1956 2982 2007 3025 et
2038 2972 2114 3024 rei
2150 2971 2355 3024 navalis
2389 2969 2718 3038 drungarius
2765 2980 2829 3020 ac
2870 2963 3063 3019 classis
3108 2960 3396 3031 praefectus
3439 2974 3540 3011 oc-

1958 3078 2187 3116 currens
2211 3062 2264 3113 in
2294 3060 2543 3114 faucibus
2567 3059 2732 3112 maris
2753 3056 2920 3127 ΑΞεωί
2947 3053 3091 3124 apud
3124 3052 3399 3112 Cat-diam,
3430 3048 3541 3101 acri

1958 3154 2148 3222 praelia
2196 3150 2516 3214 commisso,
2582 3149 2765 3202 statim
2816 3146 3004 3215 \iginti
3038 3144 3330 3198 Cretenses
3378 3153 3544 3193 D:l\(‘8

1958 3243 2152 3297 (ἐι-ιεοο
2184 3242 2295 3312 igni
2335 3230 2676 3305 combussit;
2728 3237 3044 3293 classiarios
3091 3234 3286 3303 partim
3336 3230 3541 3283 ferrum

1959 3338 2158 3404 partim
2191 3333 2329 3402 ignis
2361 3343 2453 3386 aut
2476 3347 2619 3400 aqua
2660 3330 2919 3389 abolevit,
2965 3327 3189 3395 reliqua:
3222 3338 3384 3377 naves
3414 3321 3541 3386 fuga

1959 3428 2189 3483 salutem
2235 3424 2625 3493 quaesiverunt.
2671 3420 2783 3473 11m:
2831 3431 2936 3473 tam
2980 3418 3127 3485 gravi
3170 3423 3395 3483 accepto
3428 3414 3543 3463 vul-

1961 3535 2110 3583 nere,
2146 3519 2436 3571 Cretenses
2479 3517 2763 3585 quiescere
2808 3500 2988 3565 tamen
3038 3509 3217 3563 adhuc
3264 3522 3373 3560 non
3424 3520 3545 3559 sus-

1962 3613 2266 3675 tinuerunt,
2296 3612 2389 3664 sed
2435 3623 2653 3662 rursum
2689 3606 2989 3659 maritimas
3022 3617 3107 3657 res
3139 3607 3440 3661 tentarunt,
3480 3611 3545 3649 ac

1958 3703 2154 3758 Photio
2185 3704 2375 3756 eodem
2427 3701 2565 3755 duce
2613 3697 2958 3769 praedatoriis
3010 3693 3243 3762 navigiis
3275 3690 3544 3758 Pelopon-

1960 3808 2152 3848 nesum
2182 3803 2234 3845 et
2284 3792 2576 3845 inferiores
2618 3804 2682 3844 ea
2715 3788 2923 3843 insulas
2960 3785 3312 3838 infestarunt.
3346 3782 3548 3833 Adver-

1960 3900 2082 3940 sum
2129 3886 2227 3937 hos
2257 3882 2505 3952 Oryphas
2547 3894 2673 3934 cum
2721 3881 2901 3932 classe
2942 3875 3241 3946 profemus,
3305 3873 3548 3927 secundo

1960 3986 2123 4031 vento
2177 3974 2525 4028 commodum
2584 3971 2935 4040 propellente,
2998 3967 3187 4035 paucis
3239 3964 3433 4018 diebus
3482 3964 3549 4015 ad

1961 4067 2395 4134 Peloponnesum
2450 4062 2658 4131 appulit
2714 4062 2767 4114 in
2810 4060 3248 4114 Cenchreensein
3301 4064 3543 4123 portum.

1960 4156 2197 4227 Cognito
2230 4163 2410 4207 autem
2444 4153 2629 4207 hostes
2655 4151 2770 4205 suis
2803 4151 3035 4204 navibus
3065 4162 3259 4201 versus
3289 4159 3548 4199 occasum

1962 4249 2094 4303 sitas
2112 4245 2470 4314 Peloponnesi
2495 4253 2673 4310 partes
2690 4240 2903 4308 1023
2921 4237 3191 4307 populari,
3215 4236 3516 4289 Methonam
3533 4271 3549 4296 ,

1961 4339 2175 4410 Pylum,
2222 4337 2417 4389 Patras
2454 4343 2507 4388 et
2543 4332 2796 4398 contigua
2830 4330 3097 4383 Corintho
3150 4327 3289 4387 loca.
3332 4325 3553 4393 sapiens

1959 4432 2251 4488 consilium
2276 4431 2440 4497 cepit.
2473 4427 2787 4479 Abhorrens
2813 4422 2956 4477 enim
2978 4437 3006 4473 a
3029 4418 3549 4487 circumnaviganda

1960 4540 2056 4593 per
2083 4523 2369 4577 Taenarum
2392 4529 2449 4575 et
2478 4518 2704 4573 Maleam
2736 4518 3132 4584 Peloponneso,
3171 4528 3234 4565 ac
3274 4513 3551 4564 incassum

1963 4618 2111 4671 mille
2133 4615 2405 4669 conficere
2428 4610 2710 4672 milliaria,
2749 4612 2931 4675 itaque
2972 4605 3319 4659 Occasionem
3355 4602 3428 4655 rei
3463 4614 3555 4669 ge-

1963 4709 2145 4764 rendae
2176 4707 2401 4776 perdere
2422 4704 2639 4765 nolens,
2664 4716 2725 4753 ea
2757 4701 2870 4768 ipsa
2895 4713 3002 4768 qua
3030 4698 3265 4767 primum
3294 4696 3556 4765 applicuit

1962 4808 2124 4853 nocte
2170 4813 2262 4866 per
2285 4796 2697 4849 Corinthiacum
2734 4792 3027 4852 lsdimum,
3077 4803 3367 4858 operarum
3418 4802 3553 4841 usus

284 4881 468 4947 σκάφη
497 4880 565 4931 τά
597 4879 935 4949 δυτικώτερα
972 4883 1114 4950 μέρη
1147 4882 1555 4953 Πελοποννήσου
1589 4884 1851 4953 ληΐζεται,

1970 4888 2336 4948 multitudine,
2389 4899 2556 4938 naves
2593 4898 2688 4953 per
2718 4885 3086 4935 continentem
3120 4881 3172 4932 in
3201 4881 3428 4933 alterius
3476 4880 3555 4931 la-

280 4970 546 5039 Μνῢώνην
573 4971 668 5022 καὶ
699 4970 871 5023 Πύλον
897 4973 989 5024 καί¹
1020 4973 1238 5042 Πάτρας
1267 4976 1361 5027 καὶ
1385 4976 1453 5027 τά
1484 4977 1728 5046 προσεχῆ
1762 4979 1868 5031 Ko-

286 5062 453 5133 ρίνθῳ
484 5062 689 5131 χωρία,
720 5062 913 5133 βουλὴν
945 5062 1258 5132 βουλεύεται
1289 5068 1515 5136 συνετὴν
1547 5069 1640 5120 καὶ
1672 5071 1865 5139 σοφήν.

296 5152 625 5221 ’ἰλιγγιάσας
666 5155 774 5222 γὰρ
811 5154 1154 5223 περιοδεῦσαι
1192 5156 1290 5226 τὴν
1333 5158 1739 5227 Πελοπόννησον
1778 5160 1868 5213 διά

284 5259 344 5296 τε
384 5243 657 5311 Ταινάρου
698 5243 791 5295 καὶ
833 5243 1046 5295 Μαλέου
1091 5244 1183 5297 καὶ
1225 5246 1409 5314 χιλίων
1454 5246 1647 5316 μιλίων
1691 5250 1865 5318 μῆκος

283 5334 560 5405 τηνάλλως
585 5335 1070 5405 άναμετρήσασθαι
1094 5338 1185 5390 καὶ
1205 5338 1300 5390 τοῦ
1324 5341 1689 5409 προσήκοντος
1711 5342 1866 5393 ὑστε-

288 5428 453 5499 ρῆσαι
484 5426 699 5497 καιροῦ,
728 5428 803 5490 ώς
833 5424 999 5497 εἶχεν,
1030 5431 1191 5494 εὐθὺς
1221 5431 1278 5484 ἐν
1305 5436 1460 5485 νυκτὶ
1488 5433 1577 5487 διά
1604 5433 1697 5485 τοῦ
1726 5434 1868 5487 κατὰ

285 5519 553 5590 Κόρινθον
591 5518 806 5587 ἰσθμοῦ,
841 5522 1162 5593 πολυχειρίᾳ
1196 5524 1563 5593 χρησάμενος,
1602 5525 1736 5595 πρὸς
1768 5527 1866 5596 τὴν

286 5608 498 5661 ἐκεῖθεν
526 5607 799 5662 θάλασσαν
825 5611 964 5663 κατά
988 5613 1047 5663 τὸ
1077 5612 1237 5683 ξηρὸν
1261 5603 1563 5677 διαὸἱόάζει
1588 5616 1686 5678 τάς
1712 5616 1864 5679 ναῦς.

301 5700 637 5769 Ἐμΰιϐάσας
667 5701 723 5755 δὲ
752 5702 842 5755 τὸν
871 5704 996 5757 λαδν
1025 5707 1081 5757 ἐν
1112 5706 1301 5770 αὑταῖς
1332 5707 1491 5776 ἔργου
1525 5708 1721 5778 εἴχετο.
1759 5711 1866 5763 Καὶ

288 5791 431 5846 otto
472 5794 639 5864 μηδὲν
676 5798 1041 5865 πεπυσμέ.οτς
1080 5800 1204 5869 περὶ
1244 5801 1401 5855 αὐτου
1443 5804 1549 5864 ταῖς
1594 5803 1863 5871 τ;Ῐ;;;Ξ’.;ς

1969 4980 2103 5034 teris
2145 4993 2296 5032 mare
2344 4975 2769 5044 transportavit,
2826 4971 3206 5038 iinpositisque
3248 4970 3554 5024 classiariis

1968 5068 2151 5123 statim
2191 5068 2267 5121 rei
2311 5069 2563 5135 gerenda:
2603 5065 2890 5121 incubuit;
2946 5063 3262 5130 hostesque,
3321 5061 3386 5115 ad
3415 5074 3556 5129 quos

1966 5160 2109 5213 fama
2140 5160 2313 5229 ipsius
2337 5160 2576 5212 nondum
2605 5162 2947 5226 pervenerat,
2984 5154 3163 5207 subito
3196 5152 3445 5212 adortus,
3484 5166 3553 5203 eo

1965 5253 2087 5322 ipso
2122 5252 2187 5305 iis
2219 5253 2271 5305 in
2302 5262 2502 5305 metum
2535 5266 2597 5303 ac
2631 5247 3047 5317 trepidationem
3077 5242 3363 5309 conjectis,
3404 5241 3555 5295 coire

1965 5360 2063 5399 eos
2092 5352 2145 5398 et
2180 5343 2246 5396 de
2298 5346 2341 5395 vi
2389 5341 2757 5411 propulsanda
2793 5340 3035 5407 cogitare
3075 5352 3181 5390 non
3216 5342 3300 5389 est
3332 5348 3552 5404 passus,

1965 5438 2056 5490 sed
2095 5435 2269 5490 etTei-it
2302 5444 2359 5486 ut
2403 5435 2674 5502 extemplo
2711 5436 2847 5500 luga:
2890 5446 2949 5484 sc
2989 5429 3203 5482 darent.
3262 5427 3400 5495 lirgo
3430 5427 3553 5481 aliis

1965 5528 2237 5580 hostilium
2272 5531 2484 5579 navium
2522 5526 2779 5589 incensis,
2813 5525 2935 5577 aliis
2958 5521 3245 5585 demersis,
3268 5518 3554 5572 Barbaris-

1964 5633 2069 5687 quc
2097 5626 2184 5670 aut
2220 5617 2365 5671 ferro
2388 5618 2672 5671 trucidatis
2697 5624 2789 5669 aut
2818 5617 2869 5668 in
2890 5613 3221 5683 profundum
3250 5610 3545 5680 depressis,

1964 5712 2149 5763 occiso
2184 5722 2349 5762 etiam
2389 5710 2609 5762 navium
2650 5708 2896 5770 ductore,
2931 5705 3107 5776 coegit
3149 5704 3388 5772 reliquos
3423 5703 3553 5756 hinc

1969 5802 2092 5857 inde
2132 5818 2223 5871 [ut
2267 5810 2476 5859 ῖιιξυίῖιδ
2513 5802 2787 5872 diffudere.
2832 5803 2982 5866 Quos
3015 5815 3129 5871 ipse
3164 5807 3354 5868 postea
3385 5811 3549 5867 opera
