  <div class='ocr_page' id='page_1' title='image "/cluster/home/n/w/nwhite01/storage/ocr_20150623/121/nnc1.0046980032/566.png"; bbox 0 0 4226 6442; ppageno 0'>
   <div class='ocr_carea' id='block_1_1' title="bbox 251 412 391 478">
    <p class='ocr_par' dir='ltr' id='par_1_1' title="bbox 251 412 391 478">
     <span class='ocr_line' id='line_1_1' title="bbox 251 412 391 478; baseline 0 -1"><span class='ocrx_word' id='word_1_1' title='bbox 251 412 391 478; x_wconf 84' lang='grc' dir='ltr'>ΗΠ</span> 
     </span>
    </p>
   </div>
   <div class='ocr_carea' id='block_1_2' title="bbox 1351 380 2471 485">
    <p class='ocr_par' dir='ltr' id='par_1_2' title="bbox 1351 380 2471 485">
     <span class='ocr_line' id='line_1_2' title="bbox 1351 380 2471 485; baseline 0.001 -4"><span class='ocrx_word' id='word_1_2' title='bbox 1351 380 1892 481; x_wconf 67' lang='lat' dir='ltr'><strong>ms&#39;retnanun</strong></span> <span class='ocrx_word' id='word_1_3' title='bbox 1938 420 2471 485; x_wconf 65' lang='lat' dir='ltr'><strong>conrexmun.</strong></span> 
     </span>
    </p>
   </div>
   <div class='ocr_carea' id='block_1_3' title="bbox 3404 425 3542 487">
    <p class='ocr_par' dir='ltr' id='par_1_3' title="bbox 3404 425 3542 487">
     <span class='ocr_line' id='line_1_3' title="bbox 3404 425 3542 487; baseline -0.022 0"><span class='ocrx_word' id='word_1_4' title='bbox 3404 425 3542 487; x_wconf 77' lang='lat'>1118</span> 
     </span>
    </p>
   </div>
   <div class='ocr_carea' id='block_1_4' title="bbox 241 532 1834 610">
    <p class='ocr_par' dir='ltr' id='par_1_4' title="bbox 241 532 1834 608">
     <span class='ocr_line' id='line_1_4' title="bbox 241 532 1834 608; baseline 0.003 -21"><span class='ocrx_word' id='word_1_5' title='bbox 241 532 467 601; x_wconf 88' lang='grc' dir='ltr'>ἀργίαν,</span> <span class='ocrx_word' id='word_1_6' title='bbox 502 533 594 586; x_wconf 75' lang='grc' dir='ltr'>καὶ</span> <span class='ocrx_word' id='word_1_7' title='bbox 627 533 715 587; x_wconf 75' lang='grc' dir='ltr'>ἐπ’</span> <span class='ocrx_word' id='word_1_8' title='bbox 738 534 919 599; x_wconf 78' lang='grc' dir='ltr'>ἀδείας</span> <span class='ocrx_word' id='word_1_9' title='bbox 956 537 1159 608; x_wconf 78' lang='grc' dir='ltr'>πολλῆς</span> <span class='ocrx_word' id='word_1_10' title='bbox 1194 537 1568 608; x_wconf 75' lang='grc' dir='ltr'>ἐξερχομένων</span> <span class='ocrx_word' id='word_1_11' title='bbox 1596 537 1707 590; x_wconf 76' lang='grc' dir='ltr'>ἀπὸ</span> <span class='ocrx_word' id='word_1_12' title='bbox 1734 536 1834 591; x_wconf 71' lang='grc' dir='ltr'>τῶν</span> 
     </span>
    </p>
   </div>
   <div class='ocr_carea' id='block_1_5' title="bbox 1932 532 3542 610">
    <p class='ocr_par' dir='ltr' id='par_1_5' title="bbox 1947 536 3542 610">
     <span class='ocr_line' id='line_1_5' title="bbox 1947 536 3542 610; baseline 0.003 -18"><span class='ocrx_word' id='word_1_13' title='bbox 1947 541 2272 595; x_wconf 78' lang='lat' dir='ltr'>combustis.</span> <span class='ocrx_word' id='word_1_14' title='bbox 2306 539 2441 605; x_wconf 76' lang='lat' dir='ltr'><strong>Quae</strong></span> <span class='ocrx_word' id='word_1_15' title='bbox 2477 546 2805 610; x_wconf 84' lang='lat' dir='ltr'><strong>supererant</strong></span> <span class='ocrx_word' id='word_1_16' title='bbox 2844 552 3030 605; x_wconf 84' lang='lat' dir='ltr'><strong>naves,</strong></span> <span class='ocrx_word' id='word_1_17' title='bbox 3059 553 3154 594; x_wconf 86' lang='lat' dir='ltr'>eas</span> <span class='ocrx_word' id='word_1_18' title='bbox 3184 536 3359 592; x_wconf 86' lang='lat' dir='ltr'><strong>Nasar</strong></span> <span class='ocrx_word' id='word_1_19' title='bbox 3384 540 3542 608; x_wconf 78' lang='lat' dir='ltr'><strong>quasi</strong></span> 
     </span>
    </p>
   </div>
   <div class='ocr_carea' id='block_1_6' title="bbox 239 623 1844 699">
    <p class='ocr_par' dir='ltr' id='par_1_6' title="bbox 239 623 1844 699">
     <span class='ocr_line' id='line_1_6' title="bbox 239 623 1844 699; baseline 0.003 -23"><span class='ocrx_word' id='word_1_20' title='bbox 239 623 459 677; x_wconf 73' lang='grc' dir='ltr'>οἰκείων</span> <span class='ocrx_word' id='word_1_21' title='bbox 483 624 619 676; x_wconf 76' lang='grc' dir='ltr'>νεῶν</span> <span class='ocrx_word' id='word_1_22' title='bbox 647 627 741 678; x_wconf 74' lang='grc' dir='ltr'>καὶ</span> <span class='ocrx_word' id='word_1_23' title='bbox 762 626 831 678; x_wconf 68' lang='grc' dir='ltr'>τὰ</span> <span class='ocrx_word' id='word_1_24' title='bbox 860 628 1277 698; x_wconf 81' lang='grc' dir='ltr'>προσπίπτοντα</span> <span class='ocrx_word' id='word_1_25' title='bbox 1306 628 1668 699; x_wconf 77' lang='grc' dir='ltr'>ληϊζομένων,</span> <span class='ocrx_word' id='word_1_26' title='bbox 1695 630 1844 690; x_wconf 76' lang='grc' dir='ltr'>ἐξαί-</span> 
     </span>
    </p>
   </div>
   <div class='ocr_carea' id='block_1_7' title="bbox 243 713 1842 788">
    <p class='ocr_par' dir='ltr' id='par_1_7' title="bbox 243 713 1842 788">
     <span class='ocr_line' id='line_1_7' title="bbox 243 713 1842 788; baseline -0.008 -7"><span class='ocrx_word' id='word_1_27' title='bbox 243 730 384 780; x_wconf 72' lang='grc' dir='ltr'>φνης</span> <span class='ocrx_word' id='word_1_28' title='bbox 416 713 647 783; x_wconf 72' lang='grc' dir='ltr'>πλησίον</span> <span class='ocrx_word' id='word_1_29' title='bbox 681 714 861 769; x_wconf 73' lang='grc' dir='ltr'>αύτῶν</span> <span class='ocrx_word' id='word_1_30' title='bbox 894 718 1067 788; x_wconf 85' lang='grc' dir='ltr'>ἐφάνη</span> <span class='ocrx_word' id='word_1_31' title='bbox 1101 719 1131 771; x_wconf 89' lang='lat'>6</span> <span class='ocrx_word' id='word_1_32' title='bbox 1163 717 1270 771; x_wconf 86' lang='grc' dir='ltr'>τῶν</span> <span class='ocrx_word' id='word_1_33' title='bbox 1306 718 1593 787; x_wconf 84' lang='grc' dir='ltr'>Ῥωμαίων</span> <span class='ocrx_word' id='word_1_34' title='bbox 1627 717 1842 787; x_wconf 64' lang='grc' dir='ltr'>ναύαρο</span> 
     </span>
    </p>
   </div>
   <div class='ocr_carea' id='block_1_8' title="bbox 240 804 1841 877">
    <p class='ocr_par' dir='ltr' id='par_1_8' title="bbox 240 804 1841 877">
     <span class='ocr_line' id='line_1_8' title="bbox 240 804 1841 877; baseline 0.002 -20"><span class='ocrx_word' id='word_1_35' title='bbox 240 822 370 874; x_wconf 87' lang='grc' dir='ltr'>χος,</span> <span class='ocrx_word' id='word_1_36' title='bbox 419 806 514 858; x_wconf 74' lang='grc' dir='ltr'>καὶ</span> <span class='ocrx_word' id='word_1_37' title='bbox 565 804 820 876; x_wconf 84' lang='grc' dir='ltr'>σύνθημα</span> <span class='ocrx_word' id='word_1_38' title='bbox 866 807 990 873; x_wconf 78' lang='grc' dir='ltr'>δοὺς</span> <span class='ocrx_word' id='word_1_39' title='bbox 1039 810 1344 863; x_wconf 82' lang='grc' dir='ltr'>ἐπιτίθεται</span> <span class='ocrx_word' id='word_1_40' title='bbox 1391 812 1503 871; x_wconf 78' lang='grc' dir='ltr'>τοῖς</span> <span class='ocrx_word' id='word_1_41' title='bbox 1557 809 1841 877; x_wconf 86' lang='grc' dir='ltr'>πολεμίοις</span> 
     </span>
    </p>
   </div>
   <div class='ocr_carea' id='block_1_9' title="bbox 1952 626 3540 693">
    <p class='ocr_par' dir='ltr' id='par_1_9' title="bbox 1952 626 3540 693">
     <span class='ocr_line' id='line_1_9' title="bbox 1952 626 3540 693; baseline 0 -11"><span class='ocrx_word' id='word_1_42' title='bbox 1952 628 2247 683; x_wconf 85' lang='lat' dir='ltr'>donarium</span> <span class='ocrx_word' id='word_1_43' title='bbox 2271 629 2385 685; x_wconf 89' lang='lat' dir='ltr'><strong>Deo</strong></span> <span class='ocrx_word' id='word_1_44' title='bbox 2417 629 2600 693; x_wconf 84' lang='lat' dir='ltr'><strong>oll‘ert,</strong></span> <span class='ocrx_word' id='word_1_45' title='bbox 2635 626 2954 684; x_wconf 66' lang='lat' dir='ltr'><strong>Methonzeaa</strong></span> <span class='ocrx_word' id='word_1_46' title='bbox 2987 628 3250 683; x_wconf 88' lang='lat' dir='ltr'><strong>dedicans</strong></span> <span class='ocrx_word' id='word_1_47' title='bbox 3273 630 3540 683; x_wconf 66' lang='lat' dir='ltr'><strong>ecclesiae.</strong></span> 
     </span>
    </p>
   </div>
   <div class='ocr_carea' id='block_1_10' title="bbox 1943 722 3543 793">
    <p class='ocr_par' dir='ltr' id='par_1_10' title="bbox 1943 722 3543 793">
     <span class='ocr_line' id='line_1_10' title="bbox 1943 722 3543 793; baseline 0.001 -19"><span class='ocrx_word' id='word_1_48' title='bbox 1943 722 2256 792; x_wconf 68' lang='lat' dir='ltr'><strong>Imperator</strong></span> <span class='ocrx_word' id='word_1_49' title='bbox 2303 737 2428 777; x_wconf 90' lang='lat' dir='ltr'>eum</span> <span class='ocrx_word' id='word_1_50' title='bbox 2464 722 2838 777; x_wconf 76' lang='lat' dir='ltr'>collaudatum</span> <span class='ocrx_word' id='word_1_51' title='bbox 2887 736 3116 793; x_wconf 80' lang='lat' dir='ltr'>pergere</span> <span class='ocrx_word' id='word_1_52' title='bbox 3150 722 3326 791; x_wconf 82' lang='lat' dir='ltr'><strong>jubet.</strong></span> <span class='ocrx_word' id='word_1_53' title='bbox 3357 723 3543 775; x_wconf 81' lang='lat' dir='ltr'><strong>Alacri</strong></span> 
     </span>
    </p>
   </div>
   <div class='ocr_carea' id='block_1_11' title="bbox 1940 815 3544 889">
    <p class='ocr_par' dir='ltr' id='par_1_11' title="bbox 1940 815 3544 889">
     <span class='ocr_line' id='line_1_11' title="bbox 1940 815 3544 889; baseline -0.001 -18"><span class='ocrx_word' id='word_1_54' title='bbox 1940 832 2070 879; x_wconf 76' lang='lat' dir='ltr'><strong>ergo</strong></span> <span class='ocrx_word' id='word_1_55' title='bbox 2104 816 2176 870; x_wconf 88' lang='lat' dir='ltr'>ob</span> <span class='ocrx_word' id='word_1_56' title='bbox 2213 826 2425 889; x_wconf 89' lang='lat' dir='ltr'><strong>partam</strong></span> <span class='ocrx_word' id='word_1_57' title='bbox 2461 817 2750 873; x_wconf 78' lang='lat' dir='ltr'>victoriam</span> <span class='ocrx_word' id='word_1_58' title='bbox 2793 817 3039 872; x_wconf 75' lang='lat' dir='ltr'><strong>exercitu</strong></span> <span class='ocrx_word' id='word_1_59' title='bbox 3074 818 3126 870; x_wconf 86' lang='lat' dir='ltr'>in</span> <span class='ocrx_word' id='word_1_60' title='bbox 3157 815 3400 871; x_wconf 83' lang='lat' dir='ltr'><strong>Siciliam</strong></span> <span class='ocrx_word' id='word_1_61' title='bbox 3429 825 3544 871; x_wconf 80' lang='lat' dir='ltr'><strong>tra-</strong></span> 
     </span>
    </p>
   </div>
   <div class='ocr_carea' id='block_1_12' title="bbox 239 897 1834 981">
    <p class='ocr_par' dir='ltr' id='par_1_12' title="bbox 239 897 1834 974">
     <span class='ocr_line' id='line_1_12' title="bbox 239 897 1834 974; baseline 0.002 -24"><span class='ocrx_word' id='word_1_62' title='bbox 239 897 570 968; x_wconf 77' lang='grc' dir='ltr'>ἀπροόπτως</span> <span class='ocrx_word' id='word_1_63' title='bbox 616 900 675 951; x_wconf 80' lang='grc' dir='ltr'>ἐν</span> <span class='ocrx_word' id='word_1_64' title='bbox 714 902 781 970; x_wconf 71' lang='grc' dir='ltr'>τῇ</span> <span class='ocrx_word' id='word_1_65' title='bbox 821 902 998 956; x_wconf 83' lang='grc' dir='ltr'>νυκτί.</span> <span class='ocrx_word' id='word_1_66' title='bbox 1044 904 1153 956; x_wconf 71' lang='grc' dir='ltr'>Καὶ</span> <span class='ocrx_word' id='word_1_67' title='bbox 1203 904 1341 974; x_wconf 83' lang='grc' dir='ltr'>μήτε</span> <span class='ocrx_word' id='word_1_68' title='bbox 1390 902 1660 971; x_wconf 69' lang='grc' dir='ltr'>συστῆναι</span> <span class='ocrx_word' id='word_1_69' title='bbox 1705 903 1834 971; x_wconf 81' lang='grc' dir='ltr'>μήτε</span> 
     </span>
    </p>
   </div>
   <div class='ocr_carea' id='block_1_13' title="bbox 1932 897 3544 981">
    <p class='ocr_par' dir='ltr' id='par_1_13' title="bbox 1937 905 3544 981">
     <span class='ocr_line' id='line_1_13' title="bbox 1937 905 3544 981; baseline 0.001 -22"><span class='ocrx_word' id='word_1_70' title='bbox 1937 907 2057 976; x_wconf 85' lang='lat' dir='ltr'><strong>jieit</strong></span> <span class='ocrx_word' id='word_1_71' title='bbox 2089 905 2286 971; x_wconf 85' lang='lat' dir='ltr'><strong>Nasar,</strong></span> <span class='ocrx_word' id='word_1_72' title='bbox 2333 915 2388 963; x_wconf 85' lang='lat' dir='ltr'>et</span> <span class='ocrx_word' id='word_1_73' title='bbox 2414 922 2538 978; x_wconf 70' lang='lat' dir='ltr'><strong>qua:</strong></span> <span class='ocrx_word' id='word_1_74' title='bbox 2569 907 2642 962; x_wconf 93' lang='lat' dir='ltr'>ibi</span> <span class='ocrx_word' id='word_1_75' title='bbox 2675 908 3206 981; x_wconf 72' lang='lat' dir='ltr'><strong>Carthaginiensibus</strong></span> <span class='ocrx_word' id='word_1_76' title='bbox 3237 917 3395 963; x_wconf 88' lang='lat' dir='ltr'><strong>erant</strong></span> <span class='ocrx_word' id='word_1_77' title='bbox 3438 908 3544 962; x_wconf 90' lang='lat' dir='ltr'><strong>sti-</strong></span> 
     </span>
    </p>
   </div>
   <div class='ocr_carea' id='block_1_14' title="bbox 243 991 1842 1065">
    <p class='ocr_par' dir='ltr' id='par_1_14' title="bbox 243 991 1842 1065">
     <span class='ocr_line' id='line_1_14' title="bbox 243 991 1842 1065; baseline 0.003 -23"><span class='ocrx_word' id='word_1_78' title='bbox 243 991 384 1061; x_wconf 78' lang='grc' dir='ltr'>πρδς</span> <span class='ocrx_word' id='word_1_79' title='bbox 429 991 605 1063; x_wconf 78' lang='grc' dir='ltr'>ἀλκὴν</span> <span class='ocrx_word' id='word_1_80' title='bbox 649 993 929 1062; x_wconf 78' lang='grc' dir='ltr'>τραπῆναι</span> <span class='ocrx_word' id='word_1_81' title='bbox 975 995 1196 1064; x_wconf 82' lang='grc' dir='ltr'>σχόντες</span> <span class='ocrx_word' id='word_1_82' title='bbox 1242 995 1437 1065; x_wconf 77' lang='grc' dir='ltr'>καιρὸν</span> <span class='ocrx_word' id='word_1_83' title='bbox 1482 994 1693 1056; x_wconf 80' lang='grc' dir='ltr'>ἀκλεῶς</span> <span class='ocrx_word' id='word_1_84' title='bbox 1738 994 1842 1046; x_wconf 84' lang='grc' dir='ltr'>άπ-</span> 
     </span>
    </p>
   </div>
   <div class='ocr_carea' id='block_1_15' title="bbox 240 1082 1842 1157">
    <p class='ocr_par' dir='ltr' id='par_1_15' title="bbox 240 1082 1842 1157">
     <span class='ocr_line' id='line_1_15' title="bbox 240 1082 1842 1157; baseline 0.002 -23"><span class='ocrx_word' id='word_1_85' title='bbox 240 1082 594 1152; x_wconf 67' lang='grc' dir='ltr'>εσφάττοντο,</span> <span class='ocrx_word' id='word_1_86' title='bbox 637 1085 733 1138; x_wconf 75' lang='grc' dir='ltr'>καὶ</span> <span class='ocrx_word' id='word_1_87' title='bbox 777 1087 832 1138; x_wconf 77' lang='grc' dir='ltr'>αἱ</span> <span class='ocrx_word' id='word_1_88' title='bbox 877 1087 1006 1154; x_wconf 79' lang='grc' dir='ltr'>νῆες</span> <span class='ocrx_word' id='word_1_89' title='bbox 1056 1088 1188 1157; x_wconf 73' lang='grc' dir='ltr'>πυρὶ</span> <span class='ocrx_word' id='word_1_90' title='bbox 1236 1086 1376 1157; x_wconf 86' lang='grc' dir='ltr'>μετά</span> <span class='ocrx_word' id='word_1_91' title='bbox 1416 1085 1524 1139; x_wconf 85' lang='grc' dir='ltr'>τῶν</span> <span class='ocrx_word' id='word_1_92' title='bbox 1566 1086 1842 1138; x_wconf 72' lang='grc' dir='ltr'>ἐπιϐατῶν</span> 
     </span>
    </p>
   </div>
   <div class='ocr_carea' id='block_1_16' title="bbox 240 1175 1836 1248">
    <p class='ocr_par' dir='ltr' id='par_1_16' title="bbox 240 1175 1836 1248">
     <span class='ocr_line' id='line_1_16' title="bbox 240 1175 1836 1248; baseline 0.003 -22"><span class='ocrx_word' id='word_1_93' title='bbox 240 1175 611 1245; x_wconf 80' lang='grc' dir='ltr'>παρεδὶδοντο.</span> <span class='ocrx_word' id='word_1_94' title='bbox 651 1177 763 1240; x_wconf 86' lang='grc' dir='ltr'>Τάς</span> <span class='ocrx_word' id='word_1_95' title='bbox 801 1178 858 1230; x_wconf 84' lang='grc' dir='ltr'>δὲ</span> <span class='ocrx_word' id='word_1_96' title='bbox 898 1179 1197 1248; x_wconf 85' lang='grc' dir='ltr'>ληφθείσας</span> <span class='ocrx_word' id='word_1_97' title='bbox 1232 1181 1439 1242; x_wconf 77' lang='grc' dir='ltr'>ἀσινεῖς</span> <span class='ocrx_word' id='word_1_98' title='bbox 1474 1178 1663 1248; x_wconf 80' lang='grc' dir='ltr'>ὥσπερ</span> <span class='ocrx_word' id='word_1_99' title='bbox 1701 1178 1836 1231; x_wconf 83' lang='grc' dir='ltr'>ἀνά-</span> 
     </span>
    </p>
   </div>
   <div class='ocr_carea' id='block_1_17' title="bbox 1942 1000 3541 1071">
    <p class='ocr_par' dir='ltr' id='par_1_17' title="bbox 1942 1000 3541 1071">
     <span class='ocr_line' id='line_1_17' title="bbox 1942 1000 3541 1071; baseline 0.001 -19"><span class='ocrx_word' id='word_1_100' title='bbox 1942 1000 2239 1069; x_wconf 75' lang='lat' dir='ltr'><strong>pendiaria:</strong></span> <span class='ocrx_word' id='word_1_101' title='bbox 2291 1001 2481 1066; x_wconf 88' lang='lat' dir='ltr'>urbes,</span> <span class='ocrx_word' id='word_1_102' title='bbox 2533 1000 2829 1071; x_wconf 75' lang='lat' dir='ltr'><strong>populatur</strong></span> <span class='ocrx_word' id='word_1_103' title='bbox 2870 1015 3035 1071; x_wconf 90' lang='lat' dir='ltr'><strong>atque</strong></span> <span class='ocrx_word' id='word_1_104' title='bbox 3095 1010 3292 1055; x_wconf 83' lang='lat' dir='ltr'><strong>vastat.</strong></span> <span class='ocrx_word' id='word_1_105' title='bbox 3344 1000 3541 1054; x_wconf 79' lang='lat' dir='ltr'><strong>Multas</strong></span> 
     </span>
    </p>
   </div>
   <div class='ocr_carea' id='block_1_18' title="bbox 1942 1090 3541 1163">
    <p class='ocr_par' dir='ltr' id='par_1_18' title="bbox 1942 1090 3541 1163">
     <span class='ocr_line' id='line_1_18' title="bbox 1942 1090 3541 1163; baseline 0.002 -19"><span class='ocrx_word' id='word_1_106' title='bbox 1942 1090 2111 1144; x_wconf 90' lang='lat' dir='ltr'><strong>etiam</strong></span> <span class='ocrx_word' id='word_1_107' title='bbox 2145 1106 2316 1146; x_wconf 82' lang='lat' dir='ltr'><strong>naves</strong></span> <span class='ocrx_word' id='word_1_108' title='bbox 2346 1093 2637 1148; x_wconf 80' lang='lat' dir='ltr'><strong>onerarias</strong></span> <span class='ocrx_word' id='word_1_109' title='bbox 2666 1093 2832 1162; x_wconf 90' lang='lat' dir='ltr'><strong>capit.</strong></span> <span class='ocrx_word' id='word_1_110' title='bbox 2853 1110 2975 1162; x_wconf 69' lang='lat' dir='ltr'><strong>quae</strong></span> <span class='ocrx_word' id='word_1_111' title='bbox 3008 1109 3132 1149; x_wconf 88' lang='lat' dir='ltr'>cum</span> <span class='ocrx_word' id='word_1_112' title='bbox 3167 1094 3305 1149; x_wconf 86' lang='lat' dir='ltr'><strong>alias</strong></span> <span class='ocrx_word' id='word_1_113' title='bbox 3332 1094 3541 1163; x_wconf 87' lang='lat' dir='ltr'><strong>pretio-</strong></span> 
     </span>
    </p>
   </div>
   <div class='ocr_carea' id='block_1_19' title="bbox 1941 1179 3539 1249">
    <p class='ocr_par' dir='ltr' id='par_1_19' title="bbox 1941 1179 3539 1249">
     <span class='ocr_line' id='line_1_19' title="bbox 1941 1179 3539 1249; baseline 0.003 -15"><span class='ocrx_word' id='word_1_114' title='bbox 1941 1194 2033 1234; x_wconf 90' lang='lat' dir='ltr'>sas</span> <span class='ocrx_word' id='word_1_115' title='bbox 2093 1179 2303 1249; x_wconf 78' lang='lat'><strong>1031</strong></span> <span class='ocrx_word' id='word_1_116' title='bbox 2372 1180 2618 1236; x_wconf 79' lang='lat' dir='ltr'><strong>ferebant</strong></span> <span class='ocrx_word' id='word_1_117' title='bbox 2670 1199 2901 1247; x_wconf 79' lang='lat' dir='ltr'>merces,</span> <span class='ocrx_word' id='word_1_118' title='bbox 2964 1191 3078 1238; x_wconf 89' lang='lat' dir='ltr'>tum</span> <span class='ocrx_word' id='word_1_119' title='bbox 3134 1185 3336 1248; x_wconf 88' lang='lat' dir='ltr'><strong>oleum,</strong></span> <span class='ocrx_word' id='word_1_120' title='bbox 3388 1194 3539 1239; x_wconf 84' lang='lat' dir='ltr'><strong>tanta</strong></span> 
     </span>
    </p>
   </div>
   <div class='ocr_carea' id='block_1_20' title="bbox 240 1266 1834 1341">
    <p class='ocr_par' dir='ltr' id='par_1_20' title="bbox 240 1266 1834 1340">
     <span class='ocr_line' id='line_1_20' title="bbox 240 1266 1834 1340; baseline 0.003 -21"><span class='ocrx_word' id='word_1_121' title='bbox 240 1266 386 1335; x_wconf 46' lang='lat' dir='ltr'>eam</span> <span class='ocrx_word' id='word_1_122' title='bbox 408 1285 462 1320; x_wconf 87' lang='lat' dir='ltr'><strong>1t</strong></span> <span class='ocrx_word' id='word_1_123' title='bbox 489 1269 518 1321; x_wconf 97' lang='lat'>6</span> <span class='ocrx_word' id='word_1_124' title='bbox 550 1270 858 1340; x_wconf 74' lang='grc' dir='ltr'>στρατηγὸς</span> <span class='ocrx_word' id='word_1_125' title='bbox 884 1270 1079 1340; x_wconf 82' lang='grc' dir='ltr'>Νάσαρ</span> <span class='ocrx_word' id='word_1_126' title='bbox 1108 1271 1296 1324; x_wconf 86' lang='grc' dir='ltr'>δίδωσι</span> <span class='ocrx_word' id='word_1_127' title='bbox 1318 1270 1393 1340; x_wconf 82' lang='grc' dir='ltr'>τῷ</span> <span class='ocrx_word' id='word_1_128' title='bbox 1423 1270 1567 1337; x_wconf 83' lang='grc' dir='ltr'>Θεῷ,</span> <span class='ocrx_word' id='word_1_129' title='bbox 1596 1272 1661 1339; x_wconf 81' lang='grc' dir='ltr'>τῇ</span> <span class='ocrx_word' id='word_1_130' title='bbox 1694 1269 1834 1323; x_wconf 78' lang='grc' dir='ltr'>κατά</span> 
     </span>
    </p>
   </div>
   <div class='ocr_carea' id='block_1_21' title="bbox 1932 1266 3539 1341">
    <p class='ocr_par' dir='ltr' id='par_1_21' title="bbox 1940 1271 3539 1341">
     <span class='ocr_line' id='line_1_21' title="bbox 1940 1271 3539 1341; baseline 0.004 -21"><span class='ocrx_word' id='word_1_131' title='bbox 1940 1271 2160 1341; x_wconf 80' lang='lat' dir='ltr'><strong>quidem</strong></span> <span class='ocrx_word' id='word_1_132' title='bbox 2191 1273 2349 1341; x_wconf 88' lang='lat' dir='ltr'><strong>copia</strong></span> <span class='ocrx_word' id='word_1_133' title='bbox 2414 1282 2474 1327; x_wconf 88' lang='lat' dir='ltr'>ut</span> <span class='ocrx_word' id='word_1_134' title='bbox 2505 1274 2641 1328; x_wconf 86' lang='lat' dir='ltr'><strong>libra</strong></span> <span class='ocrx_word' id='word_1_135' title='bbox 2676 1275 2782 1329; x_wconf 91' lang='lat' dir='ltr'><strong>olei</strong></span> <span class='ocrx_word' id='word_1_136' title='bbox 2815 1286 2929 1329; x_wconf 89' lang='lat' dir='ltr'>tum</span> <span class='ocrx_word' id='word_1_137' title='bbox 2973 1275 3137 1331; x_wconf 87' lang='lat' dir='ltr'><strong>obolo</strong></span> <span class='ocrx_word' id='word_1_138' title='bbox 3183 1277 3539 1330; x_wconf 83' lang='lat' dir='ltr'><strong>venderetur.</strong></span> 
     </span>
    </p>
   </div>
   <div class='ocr_carea' id='block_1_22' title="bbox 237 1356 3537 1438">
    <p class='ocr_par' dir='ltr' id='par_1_22' title="bbox 237 1356 3537 1438">
     <span class='ocr_line' id='line_1_22' title="bbox 237 1356 3537 1438; baseline 0.003 -29"><span class='ocrx_word' id='word_1_139' title='bbox 237 1356 507 1427; x_wconf 82' lang='grc' dir='ltr'>Μεθώνην</span> <span class='ocrx_word' id='word_1_140' title='bbox 546 1358 815 1428; x_wconf 72' lang='grc' dir='ltr'>ἐκκλησίᾳ</span> <span class='ocrx_word' id='word_1_141' title='bbox 858 1359 1029 1416; x_wconf 74' lang='grc' dir='ltr'>αὐτάς</span> <span class='ocrx_word' id='word_1_142' title='bbox 1070 1359 1572 1429; x_wconf 86' lang='grc' dir='ltr'>ἀποχαρισάμενος.</span> <span class='ocrx_word' id='word_1_143' title='bbox 1599 1361 1695 1412; x_wconf 90' lang='grc' dir='ltr'>Ὃν</span> <span class='ocrx_word' id='word_1_144' title='bbox 1734 1358 1827 1410; x_wconf 77' lang='grc' dir='ltr'>ἐπὶ</span> <span class='ocrx_word' id='word_1_145' title='bbox 1865 1361 1977 1421; x_wconf 84' lang='grc' dir='ltr'>τοῖς</span> <span class='ocrx_word' id='word_1_146' title='bbox 2009 1362 2423 1431; x_wconf 66' lang='grc' dir='ltr'>πεπραγμένοις</span> <span class='ocrx_word' id='word_1_147' title='bbox 2455 1364 2747 1427; x_wconf 72' lang='grc' dir='ltr'>ἐπαινέσας</span> <span class='ocrx_word' id='word_1_148' title='bbox 2775 1366 2803 1418; x_wconf 89' lang='grc' dir='ltr'>ό</span> <span class='ocrx_word' id='word_1_149' title='bbox 2876 1365 3132 1433; x_wconf 81' lang='grc' dir='ltr'>βασιλεὺς</span> <span class='ocrx_word' id='word_1_150' title='bbox 3204 1368 3537 1438; x_wconf 77' lang='grc' dir='ltr'>προσωτέρω</span> 
     </span>
    </p>
   </div>
   <div class='ocr_carea' id='block_1_23' title="bbox 237 1450 3534 1529">
    <p class='ocr_par' dir='ltr' id='par_1_23' title="bbox 237 1450 3534 1529">
     <span class='ocr_line' id='line_1_23' title="bbox 237 1450 3534 1529; baseline 0.002 -27"><span class='ocrx_word' id='word_1_151' title='bbox 237 1454 440 1521; x_wconf 82' lang='grc' dir='ltr'>χωρεῖν</span> <span class='ocrx_word' id='word_1_152' title='bbox 468 1452 771 1506; x_wconf 76' lang='grc' dir='ltr'>ἐκελεύετο.</span> <span class='ocrx_word' id='word_1_153' title='bbox 804 1452 927 1504; x_wconf 74' lang='grc' dir='ltr'>Ἐπὶ</span> <span class='ocrx_word' id='word_1_154' title='bbox 955 1454 1069 1516; x_wconf 84' lang='grc' dir='ltr'>τοῖς</span> <span class='ocrx_word' id='word_1_155' title='bbox 1102 1452 1391 1523; x_wconf 83' lang='grc' dir='ltr'>προτέροις</span> <span class='ocrx_word' id='word_1_156' title='bbox 1423 1450 1518 1505; x_wconf 81' lang='grc' dir='ltr'>οὖν</span> <span class='ocrx_word' id='word_1_157' title='bbox 1552 1452 1937 1524; x_wconf 87' lang='grc' dir='ltr'>προτερήμασι</span> <span class='ocrx_word' id='word_1_158' title='bbox 1970 1453 2254 1523; x_wconf 83' lang='grc' dir='ltr'>προθύμου</span> <span class='ocrx_word' id='word_1_159' title='bbox 2320 1456 2415 1509; x_wconf 81' lang='grc' dir='ltr'>τοῦ</span> <span class='ocrx_word' id='word_1_160' title='bbox 2488 1456 2722 1528; x_wconf 79' lang='grc' dir='ltr'>στρατοῦ</span> <span class='ocrx_word' id='word_1_161' title='bbox 2787 1459 3181 1529; x_wconf 80' lang='grc' dir='ltr'>τυγχάνοντος,</span> <span class='ocrx_word' id='word_1_162' title='bbox 3246 1459 3534 1528; x_wconf 83' lang='grc' dir='ltr'>διαπεραι-</span> 
     </span>
    </p>
   </div>
   <div class='ocr_carea' id='block_1_24' title="bbox 236 1541 3532 1621">
    <p class='ocr_par' dir='ltr' id='par_1_24' title="bbox 236 1541 3532 1621">
     <span class='ocr_line' id='line_1_24' title="bbox 236 1541 3532 1621; baseline 0.002 -30"><span class='ocrx_word' id='word_1_163' title='bbox 236 1542 395 1593; x_wconf 77' lang='grc' dir='ltr'>οῦται</span> <span class='ocrx_word' id='word_1_164' title='bbox 433 1542 569 1611; x_wconf 68' lang='grc' dir='ltr'>πρὸς</span> <span class='ocrx_word' id='word_1_165' title='bbox 603 1543 889 1607; x_wconf 73' lang='grc' dir='ltr'>Σικελίαν,</span> <span class='ocrx_word' id='word_1_166' title='bbox 924 1543 1017 1595; x_wconf 80' lang='grc' dir='ltr'>καὶ</span> <span class='ocrx_word' id='word_1_167' title='bbox 1048 1543 1149 1606; x_wconf 85' lang='grc' dir='ltr'>τάς</span> <span class='ocrx_word' id='word_1_168' title='bbox 1181 1542 1417 1597; x_wconf 80' lang='grc' dir='ltr'>ἐνταῦθα</span> <span class='ocrx_word' id='word_1_169' title='bbox 1448 1541 1669 1608; x_wconf 89' lang='grc' dir='ltr'>πόλεις,</span> <span class='ocrx_word' id='word_1_170' title='bbox 1705 1543 1830 1596; x_wconf 81' lang='grc' dir='ltr'>ὅσαι</span> <span class='ocrx_word' id='word_1_171' title='bbox 1867 1545 1982 1606; x_wconf 84' lang='grc' dir='ltr'>τοῖς</span> <span class='ocrx_word' id='word_1_172' title='bbox 2012 1546 2407 1615; x_wconf 77' lang='grc' dir='ltr'>Καρχηδονίοις</span> <span class='ocrx_word' id='word_1_173' title='bbox 2440 1548 2684 1619; x_wconf 80' lang='grc' dir='ltr'>ὑπῆρχον</span> <span class='ocrx_word' id='word_1_174' title='bbox 2716 1548 2999 1617; x_wconf 80' lang='grc' dir='ltr'>ὑπόφοροι,</span> <span class='ocrx_word' id='word_1_175' title='bbox 3070 1550 3244 1603; x_wconf 84' lang='grc' dir='ltr'>ἐπιὼν</span> <span class='ocrx_word' id='word_1_176' title='bbox 3310 1548 3532 1621; x_wconf 77' lang='grc' dir='ltr'>ἐπόρθει</span> 
     </span>
    </p>
   </div>
   <div class='ocr_carea' id='block_1_25' title="bbox 235 1633 3537 1714">
    <p class='ocr_par' dir='ltr' id='par_1_25' title="bbox 235 1633 3537 1714">
     <span class='ocr_line' id='line_1_25' title="bbox 235 1633 3537 1714; baseline 0.003 -28"><span class='ocrx_word' id='word_1_177' title='bbox 235 1633 337 1686; x_wconf 72' lang='grc' dir='ltr'>καὶ</span> <span class='ocrx_word' id='word_1_178' title='bbox 378 1636 802 1704; x_wconf 78' lang='grc' dir='ltr'>κατεστρέφετο,</span> <span class='ocrx_word' id='word_1_179' title='bbox 842 1635 937 1689; x_wconf 70' lang='grc' dir='ltr'>καὶ⁵</span> <span class='ocrx_word' id='word_1_180' title='bbox 978 1635 1270 1706; x_wconf 73' lang='grc' dir='ltr'>φορτηγῶν</span> <span class='ocrx_word' id='word_1_181' title='bbox 1353 1636 1490 1690; x_wconf 84' lang='grc' dir='ltr'>νεῶν</span> <span class='ocrx_word' id='word_1_182' title='bbox 1565 1636 1905 1704; x_wconf 82' lang='grc' dir='ltr'>παμπόλλων</span> <span class='ocrx_word' id='word_1_183' title='bbox 1944 1638 2269 1709; x_wconf 84' lang='grc' dir='ltr'>ἐκράτησεν,</span> <span class='ocrx_word' id='word_1_184' title='bbox 2293 1633 2369 1694; x_wconf 86' lang='grc' dir='ltr'>ὧν</span> <span class='ocrx_word' id='word_1_185' title='bbox 2392 1644 2419 1694; x_wconf 87' lang='lat'>6</span> <span class='ocrx_word' id='word_1_186' title='bbox 2446 1643 2646 1712; x_wconf 83' lang='grc' dir='ltr'>φόρτος</span> <span class='ocrx_word' id='word_1_187' title='bbox 2672 1643 2807 1697; x_wconf 81' lang='grc' dir='ltr'>ἄλλα</span> <span class='ocrx_word' id='word_1_188' title='bbox 2832 1660 2893 1696; x_wconf 88' lang='grc' dir='ltr'>τε</span> <span class='ocrx_word' id='word_1_189' title='bbox 2919 1639 2988 1714; x_wconf 78' lang='grc' dir='ltr'>ἦν</span> <span class='ocrx_word' id='word_1_190' title='bbox 3015 1644 3185 1697; x_wconf 84' lang='grc' dir='ltr'>πολλά</span> <span class='ocrx_word' id='word_1_191' title='bbox 3208 1645 3316 1696; x_wconf 79' lang='grc' dir='ltr'>τῶν</span> <span class='ocrx_word' id='word_1_192' title='bbox 3339 1662 3537 1711; x_wconf 88' lang='grc' dir='ltr'>τιμιω-</span> 
     </span>
    </p>
   </div>
   <div class='ocr_carea' id='block_1_26' title="bbox 232 1723 3532 1804">
    <p class='ocr_par' dir='ltr' id='par_1_26' title="bbox 232 1723 3532 1804">
     <span class='ocr_line' id='line_1_26' title="bbox 232 1723 3532 1804; baseline 0.003 -27"><span class='ocrx_word' id='word_1_193' title='bbox 232 1726 413 1795; x_wconf 82' lang='grc' dir='ltr'>τέρων</span> <span class='ocrx_word' id='word_1_194' title='bbox 442 1725 530 1777; x_wconf 79' lang='grc' dir='ltr'>καὶ</span> <span class='ocrx_word' id='word_1_195' title='bbox 557 1724 623 1794; x_wconf 81' lang='grc' dir='ltr'>δὴ</span> <span class='ocrx_word' id='word_1_196' title='bbox 649 1724 742 1777; x_wconf 81' lang='grc' dir='ltr'>καὶ</span> <span class='ocrx_word' id='word_1_197' title='bbox 766 1723 945 1778; x_wconf 76' lang='grc' dir='ltr'>ἔλαιον</span> <span class='ocrx_word' id='word_1_198' title='bbox 968 1724 1208 1796; x_wconf 78' lang='grc' dir='ltr'>δαψιλές.</span> <span class='ocrx_word' id='word_1_199' title='bbox 1240 1725 1329 1790; x_wconf 85' lang='grc' dir='ltr'>Ἐς</span> <span class='ocrx_word' id='word_1_200' title='bbox 1354 1725 1610 1780; x_wconf 82' lang='grc' dir='ltr'>τοσοῦτον</span> <span class='ocrx_word' id='word_1_201' title='bbox 1634 1725 1693 1779; x_wconf 89' lang='grc' dir='ltr'>δέ</span> <span class='ocrx_word' id='word_1_202' title='bbox 1724 1742 1888 1795; x_wconf 80' lang='grc' dir='ltr'>φασιν</span> <span class='ocrx_word' id='word_1_203' title='bbox 1917 1725 2120 1782; x_wconf 75' lang='grc' dir='ltr'>εὔωνον</span> <span class='ocrx_word' id='word_1_204' title='bbox 2152 1731 2275 1784; x_wconf 82' lang='grc' dir='ltr'>τότε</span> <span class='ocrx_word' id='word_1_205' title='bbox 2308 1732 2565 1799; x_wconf 86' lang='grc' dir='ltr'>γενέσθαι</span> <span class='ocrx_word' id='word_1_206' title='bbox 2596 1734 2658 1787; x_wconf 81' lang='lat'>16</span> <span class='ocrx_word' id='word_1_207' title='bbox 2728 1735 2908 1789; x_wconf 77' lang='grc' dir='ltr'>ἔλαιον</span> <span class='ocrx_word' id='word_1_208' title='bbox 2967 1734 3109 1788; x_wconf 81' lang='grc' dir='ltr'>ὥστε</span> <span class='ocrx_word' id='word_1_209' title='bbox 3178 1736 3368 1789; x_wconf 77' lang='grc' dir='ltr'>ὀϐολοῦ</span> <span class='ocrx_word' id='word_1_210' title='bbox 3433 1735 3532 1804; x_wconf 82' lang='grc' dir='ltr'>τὴν</span> 
     </span>
    </p>
   </div>
   <div class='ocr_carea' id='block_1_27' title="bbox 236 1814 891 1886">
    <p class='ocr_par' dir='ltr' id='par_1_27' title="bbox 236 1814 891 1886">
     <span class='ocr_line' id='line_1_27' title="bbox 236 1814 891 1886; baseline 0.003 -18"><span class='ocrx_word' id='word_1_211' title='bbox 236 1816 429 1886; x_wconf 85' lang='grc' dir='ltr'>λίτραν</span> <span class='ocrx_word' id='word_1_212' title='bbox 458 1814 891 1885; x_wconf 70' lang='grc' dir='ltr'>πιπράσκεσθαι.</span> 
     </span>
    </p>
   </div>
   <div class='ocr_carea' id='block_1_28' title="bbox 315 1910 1834 1982">
    <p class='ocr_par' dir='ltr' id='par_1_28' title="bbox 315 1910 1834 1982">
     <span class='ocr_line' id='line_1_28' title="bbox 315 1910 1834 1982; baseline 0.001 -17"><span class='ocrx_word' id='word_1_213' title='bbox 315 1911 651 1982; x_wconf 78' lang='grc' dir='ltr'>Ιῐεραιωθεὶς</span> <span class='ocrx_word' id='word_1_214' title='bbox 680 1912 737 1964; x_wconf 82' lang='grc' dir='ltr'>δὲ</span> <span class='ocrx_word' id='word_1_215' title='bbox 769 1911 1025 1981; x_wconf 72' lang='grc' dir='ltr'>καὶξπρδς</span> <span class='ocrx_word' id='word_1_216' title='bbox 1046 1910 1115 1965; x_wconf 70' lang='grc' dir='ltr'>τὰ</span> <span class='ocrx_word' id='word_1_217' title='bbox 1135 1911 1234 1981; x_wconf 82' lang='grc' dir='ltr'>τῆς</span> <span class='ocrx_word' id='word_1_218' title='bbox 1264 1912 1495 1976; x_wconf 77' lang='grc' dir='ltr'>Ἰταλίας</span> <span class='ocrx_word' id='word_1_219' title='bbox 1516 1914 1657 1982; x_wconf 83' lang='grc' dir='ltr'>μέρη</span> <span class='ocrx_word' id='word_1_220' title='bbox 1682 1917 1710 1965; x_wconf 88' lang='lat'>6</span> <span class='ocrx_word' id='word_1_221' title='bbox 1743 1913 1834 1966; x_wconf 80' lang='grc' dir='ltr'>αὖ·</span> 
     </span>
    </p>
   </div>
   <div class='ocr_carea' id='block_1_29' title="bbox 1932 1910 3531 1982">
    <p class='ocr_par' dir='ltr' id='par_1_29' title="bbox 2019 1913 3531 1974">
     <span class='ocr_line' id='line_1_29' title="bbox 2019 1913 3531 1974; baseline 0.004 -6"><span class='ocrx_word' id='word_1_222' title='bbox 2019 1913 2222 1968; x_wconf 86' lang='lat' dir='ltr'><strong>Eadem</strong></span> <span class='ocrx_word' id='word_1_223' title='bbox 2266 1914 2461 1970; x_wconf 83' lang='lat' dir='ltr'><strong>classis</strong></span> <span class='ocrx_word' id='word_1_224' title='bbox 2513 1916 2679 1969; x_wconf 84' lang='lat' dir='ltr'><strong>etiam</strong></span> <span class='ocrx_word' id='word_1_225' title='bbox 2730 1917 2794 1969; x_wconf 85' lang='lat' dir='ltr'>ad</span> <span class='ocrx_word' id='word_1_226' title='bbox 2831 1915 3004 1971; x_wconf 83' lang='lat' dir='ltr'><strong>Itali:e</strong></span> <span class='ocrx_word' id='word_1_227' title='bbox 3046 1916 3181 1973; x_wconf 70' lang='lat' dir='ltr'><strong>finies</strong></span> <span class='ocrx_word' id='word_1_228' title='bbox 3226 1926 3531 1974; x_wconf 73' lang='lat' dir='ltr'><strong>transvecta</strong></span> 
     </span>
    </p>
   </div>
   <div class='ocr_carea' id='block_1_30' title="bbox 235 2004 1845 2075">
    <p class='ocr_par' dir='ltr' id='par_1_30' title="bbox 235 2004 1845 2075">
     <span class='ocr_line' id='line_1_30' title="bbox 235 2004 1845 2075; baseline 0 -16"><span class='ocrx_word' id='word_1_229' title='bbox 235 2007 331 2069; x_wconf 70' lang='lat'><strong>16.;</strong></span> <span class='ocrx_word' id='word_1_230' title='bbox 358 2005 562 2070; x_wconf 86' lang='grc' dir='ltr'>στόλος,</span> <span class='ocrx_word' id='word_1_231' title='bbox 588 2004 683 2057; x_wconf 82' lang='grc' dir='ltr'>καὶ</span> <span class='ocrx_word' id='word_1_232' title='bbox 704 2007 822 2065; x_wconf 86' lang='grc' dir='ltr'>ταῖς</span> <span class='ocrx_word' id='word_1_233' title='bbox 848 2005 1029 2059; x_wconf 77' lang='grc' dir='ltr'>ἐκεῖσε</span> <span class='ocrx_word' id='word_1_234' title='bbox 1052 2005 1309 2068; x_wconf 75' lang='grc' dir='ltr'>ἱππικαῖς</span> <span class='ocrx_word' id='word_1_235' title='bbox 1332 2005 1667 2075; x_wconf 82' lang='grc' dir='ltr'>Ῥωμαϊκαῖς</span> <span class='ocrx_word' id='word_1_236' title='bbox 1683 2006 1845 2059; x_wconf 88' lang='grc' dir='ltr'>δυνά-</span> 
     </span>
    </p>
   </div>
   <div class='ocr_carea' id='block_1_31' title="bbox 245 2089 1843 2169">
    <p class='ocr_par' dir='ltr' id='par_1_31' title="bbox 245 2089 1843 2169">
     <span class='ocr_line' id='line_1_31' title="bbox 245 2089 1843 2169; baseline 0.001 -18"><span class='ocrx_word' id='word_1_237' title='bbox 245 2114 407 2168; x_wconf 86' lang='grc' dir='ltr'>μεσιν</span> <span class='ocrx_word' id='word_1_238' title='bbox 441 2096 687 2161; x_wconf 75' lang='grc' dir='ltr'>ἐνωθεὶς,</span> <span class='ocrx_word' id='word_1_239' title='bbox 722 2089 798 2150; x_wconf 83' lang='grc' dir='ltr'>ὧν</span> <span class='ocrx_word' id='word_1_240' title='bbox 840 2098 1151 2168; x_wconf 86' lang='grc' dir='ltr'>Προκόπιος</span> <span class='ocrx_word' id='word_1_241' title='bbox 1181 2100 1370 2167; x_wconf 82' lang='grc' dir='ltr'>ἠγεῖτο</span> <span class='ocrx_word' id='word_1_242' title='bbox 1392 2099 1422 2151; x_wconf 89' lang='lat'>6</span> <span class='ocrx_word' id='word_1_243' title='bbox 1451 2098 1545 2152; x_wconf 79' lang='grc' dir='ltr'>τοῦ</span> <span class='ocrx_word' id='word_1_244' title='bbox 1578 2098 1843 2169; x_wconf 83' lang='grc' dir='ltr'>βασιλέως</span> 
     </span>
    </p>
   </div>
   <div class='ocr_carea' id='block_1_32' title="bbox 242 2186 1843 2259">
    <p class='ocr_par' dir='ltr' id='par_1_32' title="bbox 242 2186 1843 2259">
     <span class='ocr_line' id='line_1_32' title="bbox 242 2186 1843 2259; baseline 0.001 -17"><span class='ocrx_word' id='word_1_245' title='bbox 242 2187 750 2258; x_wconf 82' lang='grc' dir='ltr'>πρωτοϐεστιάριος</span> <span class='ocrx_word' id='word_1_246' title='bbox 780 2186 895 2257; x_wconf 77' lang='lat'>(95)</span> <span class='ocrx_word' id='word_1_247' title='bbox 924 2188 1022 2242; x_wconf 81' lang='grc' dir='ltr'>καὶ</span> <span class='ocrx_word' id='word_1_248' title='bbox 1054 2187 1210 2242; x_wconf 85' lang='grc' dir='ltr'>Λέων</span> <span class='ocrx_word' id='word_1_249' title='bbox 1234 2188 1526 2258; x_wconf 83' lang='grc' dir='ltr'>πατρίκιος</span> <span class='ocrx_word' id='word_1_250' title='bbox 1551 2191 1580 2241; x_wconf 96' lang='lat'>6</span> <span class='ocrx_word' id='word_1_251' title='bbox 1608 2189 1843 2259; x_wconf 68' lang='grc' dir='ltr'>Θρᾳκῶν</span> 
     </span>
    </p>
   </div>
   <div class='ocr_carea' id='block_1_33' title="bbox 240 2277 1839 2350">
    <p class='ocr_par' dir='ltr' id='par_1_33' title="bbox 240 2277 1839 2350">
     <span class='ocr_line' id='line_1_33' title="bbox 240 2277 1839 2350; baseline -0.001 -17"><span class='ocrx_word' id='word_1_252' title='bbox 240 2280 339 2333; x_wconf 43' lang='grc' dir='ltr'>καὶ</span> <span class='ocrx_word' id='word_1_253' title='bbox 364 2279 698 2334; x_wconf 71' lang='grc' dir='ltr'>Μακεδόνων</span> <span class='ocrx_word' id='word_1_254' title='bbox 718 2278 1054 2350; x_wconf 72' lang='grc' dir='ltr'>ἀρχηγέτης,</span> <span class='ocrx_word' id='word_1_255' title='bbox 1080 2277 1142 2331; x_wconf 80' lang='grc' dir='ltr'>ὃν</span> <span class='ocrx_word' id='word_1_256' title='bbox 1164 2278 1274 2330; x_wconf 81' lang='grc' dir='ltr'>ἀπὸ</span> <span class='ocrx_word' id='word_1_257' title='bbox 1296 2278 1561 2331; x_wconf 86' lang='grc' dir='ltr'>Στυπείου</span> <span class='ocrx_word' id='word_1_258' title='bbox 1589 2279 1839 2347; x_wconf 76' lang='grc' dir='ltr'>ἐκάλουν,</span> 
     </span>
    </p>
   </div>
   <div class='ocr_carea' id='block_1_34' title="bbox 237 2371 1840 2442">
    <p class='ocr_par' dir='ltr' id='par_1_34' title="bbox 237 2371 1840 2442">
     <span class='ocr_line' id='line_1_34' title="bbox 237 2371 1840 2442; baseline 0 -16"><span class='ocrx_word' id='word_1_259' title='bbox 237 2374 540 2437; x_wconf 79' lang='grc' dir='ltr'>ἀξιέπαινα</span> <span class='ocrx_word' id='word_1_260' title='bbox 570 2371 708 2442; x_wconf 76' lang='grc' dir='ltr'>ἔργα</span> <span class='ocrx_word' id='word_1_261' title='bbox 750 2373 1049 2442; x_wconf 83' lang='grc' dir='ltr'>είργάσατο</span> <span class='ocrx_word' id='word_1_262' title='bbox 1070 2388 1084 2402; x_wconf 73' lang='grc' dir='ltr'><strong><em>ο</em></strong></span> <span class='ocrx_word' id='word_1_263' title='bbox 1125 2371 1216 2426; x_wconf 87' lang='grc' dir='ltr'>τόν</span> <span class='ocrx_word' id='word_1_264' title='bbox 1243 2390 1300 2425; x_wconf 89' lang='grc' dir='ltr'>τε</span> <span class='ocrx_word' id='word_1_265' title='bbox 1334 2371 1444 2441; x_wconf 86' lang='grc' dir='ltr'>γὰρ</span> <span class='ocrx_word' id='word_1_266' title='bbox 1469 2373 1528 2436; x_wconf 81' lang='grc' dir='ltr'>ἐξ</span> <span class='ocrx_word' id='word_1_267' title='bbox 1572 2372 1840 2442; x_wconf 81' lang='grc' dir='ltr'>’Λφρικῆς</span> 
     </span>
    </p>
   </div>
   <div class='ocr_carea' id='block_1_35' title="bbox 239 2463 1839 2535">
    <p class='ocr_par' dir='ltr' id='par_1_35' title="bbox 239 2463 1839 2535">
     <span class='ocr_line' id='line_1_35' title="bbox 239 2463 1839 2535; baseline 0 -18"><span class='ocrx_word' id='word_1_268' title='bbox 239 2464 410 2517; x_wconf 76' lang='grc' dir='ltr'>πάλιν</span> <span class='ocrx_word' id='word_1_269' title='bbox 450 2463 740 2528; x_wconf 78' lang='grc' dir='ltr'>ἐξελθόντα</span> <span class='ocrx_word' id='word_1_270' title='bbox 794 2464 983 2517; x_wconf 88' lang='grc' dir='ltr'>στόλον</span> <span class='ocrx_word' id='word_1_271' title='bbox 1037 2466 1099 2517; x_wconf 86' lang='grc' dir='ltr'>ἐν</span> <span class='ocrx_word' id='word_1_272' title='bbox 1138 2466 1205 2535; x_wconf 80' lang='grc' dir='ltr'>τῇ</span> <span class='ocrx_word' id='word_1_273' title='bbox 1259 2465 1415 2535; x_wconf 85' lang='grc' dir='ltr'>νήσῳ</span> <span class='ocrx_word' id='word_1_274' title='bbox 1453 2466 1574 2527; x_wconf 89' lang='grc' dir='ltr'>ταῖς</span> <span class='ocrx_word' id='word_1_275' title='bbox 1610 2464 1839 2535; x_wconf 82' lang='grc' dir='ltr'>Στήλαις</span> 
     </span>
    </p>
   </div>
   <div class='ocr_carea' id='block_1_36' title="bbox 242 2557 1836 2630">
    <p class='ocr_par' dir='ltr' id='par_1_36' title="bbox 242 2557 1836 2630">
     <span class='ocr_line' id='line_1_36' title="bbox 242 2557 1836 2630; baseline -0.001 -17"><span class='ocrx_word' id='word_1_276' title='bbox 242 2562 599 2630; x_wconf 68' lang='grc' dir='ltr'>συγκυρήσεις</span> <span class='ocrx_word' id='word_1_277' title='bbox 645 2558 1086 2629; x_wconf 83' lang='grc' dir='ltr'>κατεπολέμησε,</span> <span class='ocrx_word' id='word_1_278' title='bbox 1118 2558 1212 2611; x_wconf 76' lang='grc' dir='ltr'>καὶ</span> <span class='ocrx_word' id='word_1_279' title='bbox 1258 2559 1327 2611; x_wconf 76' lang='grc' dir='ltr'>τά</span> <span class='ocrx_word' id='word_1_280' title='bbox 1378 2557 1486 2610; x_wconf 83' lang='grc' dir='ltr'>ὑπὸ</span> <span class='ocrx_word' id='word_1_281' title='bbox 1515 2557 1624 2611; x_wconf 81' lang='grc' dir='ltr'>τῶν</span> <span class='ocrx_word' id='word_1_282' title='bbox 1668 2559 1836 2626; x_wconf 80' lang='grc' dir='ltr'>’Δγα-</span> 
     </span>
    </p>
   </div>
   <div class='ocr_carea' id='block_1_37' title="bbox 241 2650 1838 2725">
    <p class='ocr_par' dir='ltr' id='par_1_37' title="bbox 241 2650 1838 2725">
     <span class='ocr_line' id='line_1_37' title="bbox 241 2650 1838 2725; baseline 0 -21"><span class='ocrx_word' id='word_1_283' title='bbox 241 2653 426 2725; x_wconf 87' lang='grc' dir='ltr'>ρηνῶν</span> <span class='ocrx_word' id='word_1_284' title='bbox 491 2653 839 2723; x_wconf 87' lang='grc' dir='ltr'>κατεχόμενα</span> <span class='ocrx_word' id='word_1_285' title='bbox 912 2651 1149 2722; x_wconf 87' lang='grc' dir='ltr'>φρούρια</span> <span class='ocrx_word' id='word_1_286' title='bbox 1196 2650 1252 2702; x_wconf 82' lang='grc' dir='ltr'>ἐν</span> <span class='ocrx_word' id='word_1_287' title='bbox 1295 2668 1355 2702; x_wconf 84' lang='grc' dir='ltr'>τε</span> <span class='ocrx_word' id='word_1_288' title='bbox 1412 2650 1701 2721; x_wconf 82' lang='grc' dir='ltr'>Καλαϐρίᾳ</span> <span class='ocrx_word' id='word_1_289' title='bbox 1747 2650 1838 2704; x_wconf 77' lang='grc' dir='ltr'>καὶ</span> 
     </span>
    </p>
   </div>
   <div class='ocr_carea' id='block_1_38' title="bbox 241 2739 1838 2815">
    <p class='ocr_par' dir='ltr' id='par_1_38' title="bbox 241 2739 1838 2815">
     <span class='ocr_line' id='line_1_38' title="bbox 241 2739 1838 2815; baseline -0.002 -18"><span class='ocrx_word' id='word_1_290' title='bbox 241 2742 634 2815; x_wconf 77' lang='grc' dir='ltr'>Λαγγοϐαρδίᾳ</span> <span class='ocrx_word' id='word_1_291' title='bbox 671 2743 810 2813; x_wconf 83' lang='grc' dir='ltr'>πλὴν</span> <span class='ocrx_word' id='word_1_292' title='bbox 858 2742 1057 2810; x_wconf 71' lang='grc' dir='ltr'>ὀλίγων</span> <span class='ocrx_word' id='word_1_293' title='bbox 1109 2741 1212 2810; x_wconf 81' lang='grc' dir='ltr'>τῆς</span> <span class='ocrx_word' id='word_1_294' title='bbox 1265 2739 1611 2811; x_wconf 84' lang='grc' dir='ltr'>βαρϐαρικῆς</span> <span class='ocrx_word' id='word_1_295' title='bbox 1654 2740 1838 2812; x_wconf 84' lang='grc' dir='ltr'>χειρὸς</span> 
     </span>
    </p>
   </div>
   <div class='ocr_carea' id='block_1_39' title="bbox 238 2830 1832 2906">
    <p class='ocr_par' dir='ltr' id='par_1_39' title="bbox 238 2830 1832 2906">
     <span class='ocr_line' id='line_1_39' title="bbox 238 2830 1832 2906; baseline -0.001 -18"><span class='ocrx_word' id='word_1_296' title='bbox 238 2834 585 2906; x_wconf 73' lang='grc' dir='ltr'>ἠλευθέρωσε</span> <span class='ocrx_word' id='word_1_297' title='bbox 614 2834 709 2888; x_wconf 76' lang='grc' dir='ltr'>καὶ</span> <span class='ocrx_word' id='word_1_298' title='bbox 742 2836 811 2904; x_wconf 81' lang='grc' dir='ltr'>τῇ</span> <span class='ocrx_word' id='word_1_299' title='bbox 854 2832 1138 2903; x_wconf 85' lang='grc' dir='ltr'>Ῥωμαῖκῇ</span> <span class='ocrx_word' id='word_1_300' title='bbox 1163 2830 1388 2901; x_wconf 80' lang='grc' dir='ltr'>ἐξουσίᾳ</span> <span class='ocrx_word' id='word_1_301' title='bbox 1419 2830 1832 2887; x_wconf 87' lang='grc' dir='ltr'>ἐπανεσώσατο.</span> 
     </span>
    </p>
   </div>
   <div class='ocr_carea' id='block_1_40' title="bbox 241 2920 1836 2994">
    <p class='ocr_par' dir='ltr' id='par_1_40' title="bbox 241 2920 1836 2994">
     <span class='ocr_line' id='line_1_40' title="bbox 241 2920 1836 2994; baseline -0.003 -16"><span class='ocrx_word' id='word_1_302' title='bbox 241 2928 353 2979; x_wconf 80' lang='grc' dir='ltr'>Καὶ</span> <span class='ocrx_word' id='word_1_303' title='bbox 384 2928 412 2979; x_wconf 88' lang='lat'>6</span> <span class='ocrx_word' id='word_1_304' title='bbox 444 2925 542 2994; x_wconf 83' lang='grc' dir='ltr'>μὲν</span> <span class='ocrx_word' id='word_1_305' title='bbox 572 2925 767 2994; x_wconf 84' lang='grc' dir='ltr'>Νάσαρ</span> <span class='ocrx_word' id='word_1_306' title='bbox 786 2925 881 2977; x_wconf 80' lang='grc' dir='ltr'>καὶ</span> <span class='ocrx_word' id='word_1_307' title='bbox 903 2923 931 2975; x_wconf 86' lang='lat'>6</span> <span class='ocrx_word' id='word_1_308' title='bbox 964 2920 1086 2991; x_wconf 84' lang='grc' dir='ltr'>μετ’</span> <span class='ocrx_word' id='word_1_309' title='bbox 1105 2920 1272 2976; x_wconf 77' lang='grc' dir='ltr'>αὐτοῦ</span> <span class='ocrx_word' id='word_1_310' title='bbox 1312 2922 1621 2991; x_wconf 83' lang='grc' dir='ltr'>Ῥωμαϊκὸς</span> <span class='ocrx_word' id='word_1_311' title='bbox 1649 2922 1836 2985; x_wconf 86' lang='grc' dir='ltr'>στόλος</span> 
     </span>
    </p>
   </div>
   <div class='ocr_carea' id='block_1_41' title="bbox 237 3012 1836 3086">
    <p class='ocr_par' dir='ltr' id='par_1_41' title="bbox 237 3012 1836 3086">
     <span class='ocr_line' id='line_1_41' title="bbox 237 3012 1836 3086; baseline -0.003 -17"><span class='ocrx_word' id='word_1_312' title='bbox 237 3016 500 3069; x_wconf 80' lang='grc' dir='ltr'>τοιούτων</span> <span class='ocrx_word' id='word_1_313' title='bbox 538 3015 819 3086; x_wconf 81' lang='grc' dir='ltr'>τροπαίων</span> <span class='ocrx_word' id='word_1_314' title='bbox 851 3014 1193 3086; x_wconf 81' lang='grc' dir='ltr'>ηὐμοίρησεν</span> <span class='ocrx_word' id='word_1_315' title='bbox 1236 3013 1303 3066; x_wconf 80' lang='grc' dir='ltr'>ἐκ</span> <span class='ocrx_word' id='word_1_316' title='bbox 1364 3012 1529 3076; x_wconf 82' lang='grc' dir='ltr'>Θεοῦ,</span> <span class='ocrx_word' id='word_1_317' title='bbox 1570 3014 1666 3066; x_wconf 80' lang='grc' dir='ltr'>καὶ</span> <span class='ocrx_word' id='word_1_318' title='bbox 1698 3013 1836 3082; x_wconf 81' lang='grc' dir='ltr'>μετά</span> 
     </span>
    </p>
   </div>
   <div class='ocr_carea' id='block_1_42' title="bbox 242 3104 1832 3176">
    <p class='ocr_par' dir='ltr' id='par_1_42' title="bbox 242 3104 1832 3176">
     <span class='ocr_line' id='line_1_42' title="bbox 242 3104 1832 3176; baseline -0.001 -18"><span class='ocrx_word' id='word_1_319' title='bbox 242 3107 456 3160; x_wconf 76' lang='grc' dir='ltr'>πολλῶν</span> <span class='ocrx_word' id='word_1_320' title='bbox 479 3106 740 3176; x_wconf 83' lang='grc' dir='ltr'>λαφύρων</span> <span class='ocrx_word' id='word_1_321' title='bbox 772 3108 868 3160; x_wconf 73' lang='grc' dir='ltr'>καὶ</span> <span class='ocrx_word' id='word_1_322' title='bbox 905 3105 1204 3176; x_wconf 78' lang='grc' dir='ltr'>νικητικῶν</span> <span class='ocrx_word' id='word_1_323' title='bbox 1248 3105 1532 3173; x_wconf 85' lang='grc' dir='ltr'>στεφάνων</span> <span class='ocrx_word' id='word_1_324' title='bbox 1558 3104 1832 3174; x_wconf 77' lang='grc' dir='ltr'>ἐπανῆλθε</span> 
     </span>
    </p>
   </div>
   <div class='ocr_carea' id='block_1_43' title="bbox 240 3195 1831 3269">
    <p class='ocr_par' dir='ltr' id='par_1_43' title="bbox 240 3195 1831 3269">
     <span class='ocr_line' id='line_1_43' title="bbox 240 3195 1831 3269; baseline -0.003 -18"><span class='ocrx_word' id='word_1_325' title='bbox 240 3199 378 3269; x_wconf 73' lang='grc' dir='ltr'>πρὸς</span> <span class='ocrx_word' id='word_1_326' title='bbox 408 3200 477 3253; x_wconf 75' lang='grc' dir='ltr'>τά</span> <span class='ocrx_word' id='word_1_327' title='bbox 507 3197 787 3267; x_wconf 82' lang='grc' dir='ltr'>βασίλεια·</span> <span class='ocrx_word' id='word_1_328' title='bbox 825 3199 882 3251; x_wconf 89' lang='grc' dir='ltr'>αἱ</span> <span class='ocrx_word' id='word_1_329' title='bbox 913 3198 970 3250; x_wconf 76' lang='grc' dir='ltr'>δὲ</span> <span class='ocrx_word' id='word_1_330' title='bbox 1006 3196 1150 3252; x_wconf 77' lang='grc' dir='ltr'>κατὰ</span> <span class='ocrx_word' id='word_1_331' title='bbox 1202 3196 1625 3266; x_wconf 83' lang='grc' dir='ltr'>Λαγγοϐαρδίαν</span> <span class='ocrx_word' id='word_1_332' title='bbox 1678 3195 1831 3259; x_wconf 83' lang='grc' dir='ltr'>πεζι-</span> 
     </span>
    </p>
   </div>
   <div class='ocr_carea' id='block_1_44' title="bbox 1943 2005 3529 2077">
    <p class='ocr_par' dir='ltr' id='par_1_44' title="bbox 1943 2005 3529 2077">
     <span class='ocr_line' id='line_1_44' title="bbox 1943 2005 3529 2077; baseline 0.004 -19"><span class='ocrx_word' id='word_1_333' title='bbox 1943 2021 2070 2059; x_wconf 85' lang='lat' dir='ltr'>cum</span> <span class='ocrx_word' id='word_1_334' title='bbox 2115 2006 2473 2075; x_wconf 89' lang='lat' dir='ltr'><strong>equestribus</strong></span> <span class='ocrx_word' id='word_1_335' title='bbox 2506 2005 2879 2062; x_wconf 82' lang='lat' dir='ltr'><strong>Romanorum</strong></span> <span class='ocrx_word' id='word_1_336' title='bbox 2910 2009 3083 2076; x_wconf 84' lang='lat' dir='ltr'><strong>cupiis</strong></span> <span class='ocrx_word' id='word_1_337' title='bbox 3120 2024 3180 2063; x_wconf 87' lang='lat' dir='ltr'>se</span> <span class='ocrx_word' id='word_1_338' title='bbox 3219 2009 3529 2077; x_wconf 79' lang='lat' dir='ltr'><strong>conjunxit,</strong></span> 
     </span>
    </p>
   </div>
   <div class='ocr_carea' id='block_1_45' title="bbox 1941 2096 3527 2170">
    <p class='ocr_par' dir='ltr' id='par_1_45' title="bbox 1941 2096 3527 2170">
     <span class='ocr_line' id='line_1_45' title="bbox 1941 2096 3527 2170; baseline 0.001 -19"><span class='ocrx_word' id='word_1_339' title='bbox 1941 2112 2082 2166; x_wconf 90' lang='lat' dir='ltr'><strong>quas</strong></span> <span class='ocrx_word' id='word_1_340' title='bbox 2120 2096 2425 2167; x_wconf 82' lang='lat' dir='ltr'><strong>Procopius</strong></span> <span class='ocrx_word' id='word_1_341' title='bbox 2465 2099 2727 2159; x_wconf 86' lang='lat' dir='ltr'><strong>ducebat,</strong></span> <span class='ocrx_word' id='word_1_342' title='bbox 2770 2100 3120 2170; x_wconf 90' lang='lat' dir='ltr'><strong>imperatoris</strong></span> <span class='ocrx_word' id='word_1_343' title='bbox 3161 2103 3527 2169; x_wconf 88' lang='lat' dir='ltr'><strong>protovestia-</strong></span> 
     </span>
    </p>
   </div>
   <div class='ocr_carea' id='block_1_46' title="bbox 1944 2187 3533 2260">
    <p class='ocr_par' dir='ltr' id='par_1_46' title="bbox 1944 2187 3533 2260">
     <span class='ocr_line' id='line_1_46' title="bbox 1944 2187 3533 2260; baseline 0.003 -19"><span class='ocrx_word' id='word_1_344' title='bbox 1944 2188 2078 2252; x_wconf 87' lang='lat' dir='ltr'><strong>rius,</strong></span> <span class='ocrx_word' id='word_1_345' title='bbox 2106 2196 2159 2243; x_wconf 90' lang='lat' dir='ltr'>et</span> <span class='ocrx_word' id='word_1_346' title='bbox 2194 2187 2305 2243; x_wconf 88' lang='lat' dir='ltr'><strong>Leo</strong></span> <span class='ocrx_word' id='word_1_347' title='bbox 2332 2189 2622 2259; x_wconf 86' lang='lat' dir='ltr'><strong>patricius,</strong></span> <span class='ocrx_word' id='word_1_348' title='bbox 2655 2187 2909 2245; x_wconf 63' lang='lat' dir='ltr'><strong>Thraciae</strong></span> <span class='ocrx_word' id='word_1_349' title='bbox 2936 2206 2999 2246; x_wconf 89' lang='lat' dir='ltr'>ac</span> <span class='ocrx_word' id='word_1_350' title='bbox 3030 2188 3363 2245; x_wconf 64' lang='lat' dir='ltr'><strong>Macedoniae</strong></span> <span class='ocrx_word' id='word_1_351' title='bbox 3396 2206 3533 2260; x_wconf 69' lang='lat' dir='ltr'><strong>prae-</strong></span> 
     </span>
    </p>
   </div>
   <div class='ocr_carea' id='block_1_47' title="bbox 1940 2277 3530 2351">
    <p class='ocr_par' dir='ltr' id='par_1_47' title="bbox 1940 2277 3530 2351">
     <span class='ocr_line' id='line_1_47' title="bbox 1940 2277 3530 2351; baseline 0.003 -18"><span class='ocrx_word' id='word_1_352' title='bbox 1940 2277 2139 2342; x_wconf 89' lang='lat' dir='ltr'><strong>fectus,</strong></span> <span class='ocrx_word' id='word_1_353' title='bbox 2175 2296 2337 2350; x_wconf 84' lang='lat' dir='ltr'><strong>quem</strong></span> <span class='ocrx_word' id='word_1_354' title='bbox 2371 2296 2399 2333; x_wconf 74' lang='grc' dir='ltr'>ιι</span> <span class='ocrx_word' id='word_1_355' title='bbox 2435 2279 2637 2351; x_wconf 79' lang='lat' dir='ltr'><strong>Stypeo</strong></span> <span class='ocrx_word' id='word_1_356' title='bbox 2687 2281 2978 2345; x_wconf 86' lang='lat' dir='ltr'><strong>vocabant,</strong></span> <span class='ocrx_word' id='word_1_357' title='bbox 3025 2290 3081 2337; x_wconf 71' lang='lat' dir='ltr'>et</span> <span class='ocrx_word' id='word_1_358' title='bbox 3124 2282 3285 2337; x_wconf 83' lang='lat' dir='ltr'><strong>laude</strong></span> <span class='ocrx_word' id='word_1_359' title='bbox 3334 2282 3530 2351; x_wconf 75' lang='lat' dir='ltr'><strong>dignas</strong></span> 
     </span>
    </p>
   </div>
   <div class='ocr_carea' id='block_1_48' title="bbox 1940 2368 3528 2438">
    <p class='ocr_par' dir='ltr' id='par_1_48' title="bbox 1940 2368 3528 2438">
     <span class='ocr_line' id='line_1_48' title="bbox 1940 2368 3528 2438; baseline 0.001 -16"><span class='ocrx_word' id='word_1_360' title='bbox 1940 2385 2029 2424; x_wconf 87' lang='lat' dir='ltr'>res</span> <span class='ocrx_word' id='word_1_361' title='bbox 2086 2371 2277 2438; x_wconf 81' lang='lat' dir='ltr'><strong>gessit.</strong></span> <span class='ocrx_word' id='word_1_362' title='bbox 2335 2368 2470 2423; x_wconf 88' lang='lat' dir='ltr'>Nam</span> <span class='ocrx_word' id='word_1_363' title='bbox 2536 2378 2592 2424; x_wconf 89' lang='lat' dir='ltr'>et</span> <span class='ocrx_word' id='word_1_364' title='bbox 2649 2370 2885 2424; x_wconf 85' lang='lat' dir='ltr'><strong>classem</strong></span> <span class='ocrx_word' id='word_1_365' title='bbox 2949 2386 3013 2423; x_wconf 79' lang='lat' dir='ltr'><strong>ex</strong></span> <span class='ocrx_word' id='word_1_366' title='bbox 3070 2371 3250 2423; x_wconf 85' lang='lat' dir='ltr'><strong>Africa</strong></span> <span class='ocrx_word' id='word_1_367' title='bbox 3311 2387 3528 2426; x_wconf 89' lang='lat' dir='ltr'><strong>rursum</strong></span> 
     </span>
    </p>
   </div>
   <div class='ocr_carea' id='block_1_49' title="bbox 1940 2462 3516 2531">
    <p class='ocr_par' dir='ltr' id='par_1_49' title="bbox 1940 2462 3516 2531">
     <span class='ocr_line' id='line_1_49' title="bbox 1940 2462 3516 2531; baseline 0.003 -17"><span class='ocrx_word' id='word_1_368' title='bbox 1940 2475 2290 2530; x_wconf 79' lang='lat' dir='ltr'><strong>progressam</strong></span> <span class='ocrx_word' id='word_1_369' title='bbox 2324 2462 2391 2516; x_wconf 84' lang='lat' dir='ltr'>ad</span> <span class='ocrx_word' id='word_1_370' title='bbox 2421 2462 2655 2516; x_wconf 87' lang='lat' dir='ltr'><strong>insulam</strong></span> <span class='ocrx_word' id='word_1_371' title='bbox 2693 2463 2779 2517; x_wconf 92' lang='lat' dir='ltr'>cui</span> <span class='ocrx_word' id='word_1_372' title='bbox 2814 2462 2973 2517; x_wconf 77' lang='lat' dir='ltr'><strong>Stela:</strong></span> <span class='ocrx_word' id='word_1_373' title='bbox 3002 2462 3079 2531; x_wconf 88' lang='lat' dir='ltr'><strong>(id</strong></span> <span class='ocrx_word' id='word_1_374' title='bbox 3110 2474 3194 2519; x_wconf 86' lang='lat' dir='ltr'>est</span> <span class='ocrx_word' id='word_1_375' title='bbox 3228 2464 3516 2531; x_wconf 73' lang='lat' dir='ltr'><strong>columnae)</strong></span> 
     </span>
    </p>
   </div>
   <div class='ocr_carea' id='block_1_50' title="bbox 1942 2554 3526 2625">
    <p class='ocr_par' dir='ltr' id='par_1_50' title="bbox 1942 2554 3526 2625">
     <span class='ocr_line' id='line_1_50' title="bbox 1942 2554 3526 2625; baseline 0.001 -18"><span class='ocrx_word' id='word_1_376' title='bbox 1942 2568 2139 2609; x_wconf 89' lang='lat' dir='ltr'><strong>nomen</strong></span> <span class='ocrx_word' id='word_1_377' title='bbox 2174 2554 2378 2608; x_wconf 88' lang='lat' dir='ltr'><strong>devicit</strong></span> <span class='ocrx_word' id='word_1_378' title='bbox 2410 2573 2425 2619; x_wconf 90' lang='lat'><strong>;</strong></span> <span class='ocrx_word' id='word_1_379' title='bbox 2456 2564 2511 2610; x_wconf 93' lang='lat' dir='ltr'>et</span> <span class='ocrx_word' id='word_1_380' title='bbox 2535 2570 2658 2625; x_wconf 69' lang='lat' dir='ltr'><strong>qua:</strong></span> <span class='ocrx_word' id='word_1_381' title='bbox 2685 2555 2740 2609; x_wconf 92' lang='lat' dir='ltr'>in</span> <span class='ocrx_word' id='word_1_382' title='bbox 2772 2556 3023 2609; x_wconf 81' lang='lat' dir='ltr'><strong>Calabria</strong></span> <span class='ocrx_word' id='word_1_383' title='bbox 3061 2570 3124 2609; x_wconf 89' lang='lat' dir='ltr'>ac</span> <span class='ocrx_word' id='word_1_384' title='bbox 3158 2555 3526 2624; x_wconf 80' lang='lat' dir='ltr'><strong>Longibardia</strong></span> 
     </span>
    </p>
   </div>
   <div class='ocr_carea' id='block_1_51' title="bbox 1939 2647 3525 2718">
    <p class='ocr_par' dir='ltr' id='par_1_51' title="bbox 1939 2647 3525 2718">
     <span class='ocr_line' id='line_1_51' title="bbox 1939 2647 3525 2718; baseline 0.002 -18"><span class='ocrx_word' id='word_1_385' title='bbox 1939 2647 2010 2701; x_wconf 89' lang='lat' dir='ltr'>ab</span> <span class='ocrx_word' id='word_1_386' title='bbox 2055 2650 2322 2717; x_wconf 82' lang='lat' dir='ltr'><strong>Agarenis</strong></span> <span class='ocrx_word' id='word_1_387' title='bbox 2361 2649 2692 2703; x_wconf 85' lang='lat' dir='ltr'><strong>tenebantur</strong></span> <span class='ocrx_word' id='word_1_388' title='bbox 2728 2649 2978 2711; x_wconf 85' lang='lat' dir='ltr'><strong>castella,</strong></span> <span class='ocrx_word' id='word_1_389' title='bbox 3028 2648 3218 2718; x_wconf 88' lang='lat' dir='ltr'><strong>paucis</strong></span> <span class='ocrx_word' id='word_1_390' title='bbox 3267 2648 3525 2717; x_wconf 86' lang='lat' dir='ltr'><strong>demptis,</strong></span> 
     </span>
    </p>
   </div>
   <div class='ocr_carea' id='block_1_52' title="bbox 1937 2738 3529 2810">
    <p class='ocr_par' dir='ltr' id='par_1_52' title="bbox 1937 2738 3529 2810">
     <span class='ocr_line' id='line_1_52' title="bbox 1937 2738 3529 2810; baseline 0.002 -18"><span class='ocrx_word' id='word_1_391' title='bbox 1937 2741 2119 2793; x_wconf 83' lang='lat' dir='ltr'><strong>omnia</strong></span> <span class='ocrx_word' id='word_1_392' title='bbox 2162 2754 2194 2795; x_wconf 86' lang='lat' dir='ltr'>e</span> <span class='ocrx_word' id='word_1_393' title='bbox 2223 2740 2587 2794; x_wconf 87' lang='lat' dir='ltr'><strong>Barbarorum</strong></span> <span class='ocrx_word' id='word_1_394' title='bbox 2622 2741 2879 2795; x_wconf 88' lang='lat' dir='ltr'><strong>manibus</strong></span> <span class='ocrx_word' id='word_1_395' title='bbox 2906 2742 3109 2810; x_wconf 88' lang='lat' dir='ltr'><strong>eripuit</strong></span> <span class='ocrx_word' id='word_1_396' title='bbox 3154 2738 3529 2808; x_wconf 75' lang='lat' dir='ltr'><strong>Romanzeque</strong></span> 
     </span>
    </p>
   </div>
   <div class='ocr_carea' id='block_1_53' title="bbox 1937 2830 3528 2902">
    <p class='ocr_par' dir='ltr' id='par_1_53' title="bbox 1937 2830 3528 2902">
     <span class='ocr_line' id='line_1_53' title="bbox 1937 2830 3528 2902; baseline 0.001 -17"><span class='ocrx_word' id='word_1_397' title='bbox 1937 2832 2137 2886; x_wconf 89' lang='lat' dir='ltr'><strong>ditioni</strong></span> <span class='ocrx_word' id='word_1_398' title='bbox 2157 2832 2413 2886; x_wconf 90' lang='lat' dir='ltr'><strong>restituit.</strong></span> <span class='ocrx_word' id='word_1_399' title='bbox 2443 2831 2681 2886; x_wconf 83' lang='lat' dir='ltr'><strong>Proinde</strong></span> <span class='ocrx_word' id='word_1_400' title='bbox 2714 2830 2906 2897; x_wconf 84' lang='lat' dir='ltr'><strong>Nasar,</strong></span> <span class='ocrx_word' id='word_1_401' title='bbox 2936 2841 2989 2885; x_wconf 87' lang='lat' dir='ltr'>et</span> <span class='ocrx_word' id='word_1_402' title='bbox 3012 2847 3135 2902; x_wconf 67' lang='lat' dir='ltr'><strong>quae</strong></span> <span class='ocrx_word' id='word_1_403' title='bbox 3159 2848 3283 2887; x_wconf 86' lang='lat' dir='ltr'>cum</span> <span class='ocrx_word' id='word_1_404' title='bbox 3313 2848 3377 2888; x_wconf 88' lang='lat' dir='ltr'>eo</span> <span class='ocrx_word' id='word_1_405' title='bbox 3406 2840 3528 2887; x_wconf 87' lang='lat' dir='ltr'><strong>erat</strong></span> 
     </span>
    </p>
   </div>
   <div class='ocr_carea' id='block_1_54' title="bbox 1936 2921 3523 2992">
    <p class='ocr_par' dir='ltr' id='par_1_54' title="bbox 1936 2921 3523 2992">
     <span class='ocr_line' id='line_1_54' title="bbox 1936 2921 3523 2992; baseline 0 -17"><span class='ocrx_word' id='word_1_406' title='bbox 1936 2921 2183 2977; x_wconf 75' lang='lat' dir='ltr'><strong>Romana</strong></span> <span class='ocrx_word' id='word_1_407' title='bbox 2216 2922 2435 2985; x_wconf 87' lang='lat' dir='ltr'><strong>classis,</strong></span> <span class='ocrx_word' id='word_1_408' title='bbox 2475 2929 2557 2975; x_wconf 92' lang='lat' dir='ltr'>tot</span> <span class='ocrx_word' id='word_1_409' title='bbox 2602 2922 2855 2975; x_wconf 85' lang='lat' dir='ltr'><strong>victoriis</strong></span> <span class='ocrx_word' id='word_1_410' title='bbox 2895 2922 3081 2975; x_wconf 81' lang='lat' dir='ltr'><strong>divino</strong></span> <span class='ocrx_word' id='word_1_411' title='bbox 3114 2921 3523 2992; x_wconf 55' lang='lat' dir='ltr'><strong>favore&#39;potiti,</strong></span> 
     </span>
    </p>
   </div>
   <div class='ocr_carea' id='block_1_55' title="bbox 1934 3012 3527 3083">
    <p class='ocr_par' dir='ltr' id='par_1_55' title="bbox 1934 3012 3527 3083">
     <span class='ocr_line' id='line_1_55' title="bbox 1934 3012 3527 3083; baseline -0.003 -14"><span class='ocrx_word' id='word_1_412' title='bbox 1934 3014 2131 3083; x_wconf 89' lang='lat' dir='ltr'><strong>amplis</strong></span> <span class='ocrx_word' id='word_1_413' title='bbox 2159 3028 2283 3066; x_wconf 89' lang='lat' dir='ltr'>cum</span> <span class='ocrx_word' id='word_1_414' title='bbox 2336 3012 2531 3081; x_wconf 89' lang='lat' dir='ltr'><strong>spoliis</strong></span> <span class='ocrx_word' id='word_1_415' title='bbox 2570 3024 2623 3069; x_wconf 88' lang='lat' dir='ltr'>et</span> <span class='ocrx_word' id='word_1_416' title='bbox 2657 3012 2904 3066; x_wconf 75' lang='lat' dir='ltr'><strong>victoria:</strong></span> <span class='ocrx_word' id='word_1_417' title='bbox 2932 3013 3155 3067; x_wconf 88' lang='lat' dir='ltr'><strong>coronis</strong></span> <span class='ocrx_word' id='word_1_418' title='bbox 3187 3014 3252 3066; x_wconf 89' lang='lat' dir='ltr'>ad</span> <span class='ocrx_word' id='word_1_419' title='bbox 3286 3013 3527 3081; x_wconf 54' lang='lat' dir='ltr'><strong>impera-</strong></span> 
     </span>
    </p>
   </div>
   <div class='ocr_carea' id='block_1_56' title="bbox 1936 3100 3528 3174">
    <p class='ocr_par' dir='ltr' id='par_1_56' title="bbox 1936 3100 3528 3174">
     <span class='ocr_line' id='line_1_56' title="bbox 1936 3100 3528 3174; baseline 0.001 -17"><span class='ocrx_word' id='word_1_420' title='bbox 1936 3112 2110 3159; x_wconf 91' lang='lat' dir='ltr'><strong>torem</strong></span> <span class='ocrx_word' id='word_1_421' title='bbox 2150 3104 2457 3158; x_wconf 87' lang='lat' dir='ltr'><strong>redierunt.</strong></span> <span class='ocrx_word' id='word_1_422' title='bbox 2490 3103 2560 3157; x_wconf 84' lang='lat' dir='ltr'><strong>At</strong></span> <span class='ocrx_word' id='word_1_423' title='bbox 2587 3119 2710 3174; x_wconf 67' lang='lat' dir='ltr'><strong>qua:</strong></span> <span class='ocrx_word' id='word_1_424' title='bbox 2741 3105 2795 3157; x_wconf 91' lang='lat' dir='ltr'>in</span> <span class='ocrx_word' id='word_1_425' title='bbox 2824 3100 3190 3174; x_wconf 80' lang='lat' dir='ltr'><strong>Longibardia</strong></span> <span class='ocrx_word' id='word_1_426' title='bbox 3229 3113 3386 3159; x_wconf 84' lang='lat' dir='ltr'><strong>erant</strong></span> <span class='ocrx_word' id='word_1_427' title='bbox 3415 3112 3528 3158; x_wconf 87' lang='lat' dir='ltr'><strong>ter-</strong></span> 
     </span>
    </p>
   </div>
   <div class='ocr_carea' id='block_1_57' title="bbox 1936 3196 3527 3267">
    <p class='ocr_par' dir='ltr' id='par_1_57' title="bbox 1936 3196 3527 3267">
     <span class='ocr_line' id='line_1_57' title="bbox 1936 3196 3527 3267; baseline 0.003 -19"><span class='ocrx_word' id='word_1_428' title='bbox 1936 3206 2143 3251; x_wconf 78' lang='lat' dir='ltr'><strong>restres</strong></span> <span class='ocrx_word' id='word_1_429' title='bbox 2172 3197 2367 3265; x_wconf 58' lang='lat' dir='ltr'><strong>copiae,</strong></span> <span class='ocrx_word' id='word_1_430' title='bbox 2400 3196 2660 3251; x_wconf 88' lang='lat' dir='ltr'><strong>invidiam</strong></span> <span class='ocrx_word' id='word_1_431' title='bbox 2691 3196 2947 3259; x_wconf 52' lang='lat' dir='ltr'><strong>fortune,</strong></span> <span class='ocrx_word' id='word_1_432' title='bbox 2992 3212 3259 3267; x_wconf 86' lang='lat' dir='ltr'><strong>prospera</strong></span> <span class='ocrx_word' id='word_1_433' title='bbox 3291 3212 3527 3267; x_wconf 66' lang='lat' dir='ltr'><strong>qumque</strong></span> 
     </span>
    </p>
   </div>
   <div class='ocr_carea' id='block_1_58' title="bbox 240 3262 1834 3360">
    <p class='ocr_par' dir='ltr' id='par_1_58' title="bbox 240 3262 1830 3358">
     <span class='ocr_line' id='line_1_58' title="bbox 240 3262 1830 3358; baseline -0.003 -16"><span class='ocrx_word' id='word_1_434' title='bbox 240 3262 339 3342; x_wconf 71' lang='grc' dir='ltr'>καὶ</span> <span class='ocrx_word' id='word_1_435' title='bbox 368 3262 629 3357; x_wconf 76' lang='grc' dir='ltr'>δυνάμεις</span> <span class='ocrx_word' id='word_1_436' title='bbox 662 3289 723 3341; x_wconf 83' lang='grc' dir='ltr'>οὐ</span> <span class='ocrx_word' id='word_1_437' title='bbox 770 3288 947 3357; x_wconf 81' lang='grc' dir='ltr'>πάντη</span> <span class='ocrx_word' id='word_1_438' title='bbox 987 3287 1085 3358; x_wconf 82' lang='grc' dir='ltr'>τὴν</span> <span class='ocrx_word' id='word_1_439' title='bbox 1122 3262 1392 3358; x_wconf 85' lang='grc' dir='ltr'>βάσκανον</span> <span class='ocrx_word' id='word_1_440' title='bbox 1431 3262 1689 3357; x_wconf 77' lang='grc' dir='ltr'>διέφυγον</span> <span class='ocrx_word' id='word_1_441' title='bbox 1742 3287 1830 3341; x_wconf 85' lang='grc' dir='ltr'>νέ-</span> 
     </span>
    </p>
   </div>
   <div class='ocr_carea' id='block_1_59' title="bbox 1932 3262 3528 3360">
    <p class='ocr_par' dir='ltr' id='par_1_59' title="bbox 1936 3288 3528 3360">
     <span class='ocr_line' id='line_1_59' title="bbox 1936 3288 3528 3360; baseline 0.001 -18"><span class='ocrx_word' id='word_1_442' title='bbox 1936 3304 2165 3359; x_wconf 89' lang='lat' dir='ltr'><strong>carpere</strong></span> <span class='ocrx_word' id='word_1_443' title='bbox 2195 3289 2395 3356; x_wconf 72' lang='lat' dir='ltr'><strong>solitre,</strong></span> <span class='ocrx_word' id='word_1_444' title='bbox 2430 3304 2541 3343; x_wconf 92' lang='lat' dir='ltr'>non</span> <span class='ocrx_word' id='word_1_445' title='bbox 2572 3288 2906 3360; x_wconf 64' lang='lat' dir='ltr'><strong>eﬂ&#39;ugcrunl.</strong></span> <span class='ocrx_word' id='word_1_446' title='bbox 2938 3288 3152 3344; x_wconf 78' lang='lat' dir='ltr'><strong>Etenim</strong></span> <span class='ocrx_word' id='word_1_447' title='bbox 3182 3289 3348 3343; x_wconf 76' lang='lat' dir='ltr'><strong>rebus</strong></span> <span class='ocrx_word' id='word_1_448' title='bbox 3374 3304 3528 3359; x_wconf 63' lang='lat' dir='ltr'><strong>prte-</strong></span> 
     </span>
    </p>
   </div>
   <div class='ocr_carea' id='block_1_60' title="bbox 245 3362 1835 3452">
    <p class='ocr_par' dir='ltr' id='par_1_60' title="bbox 245 3362 1835 3452">
     <span class='ocr_line' id='line_1_60' title="bbox 245 3362 1835 3452; baseline -0.002 -18"><span class='ocrx_word' id='word_1_449' title='bbox 245 3398 427 3452; x_wconf 87' lang='grc' dir='ltr'>μεσιν,</span> <span class='ocrx_word' id='word_1_450' title='bbox 456 3379 572 3433; x_wconf 82' lang='grc' dir='ltr'>ἀλλ’</span> <span class='ocrx_word' id='word_1_451' title='bbox 603 3362 745 3449; x_wconf 62' lang='grc' dir='ltr'>ἔργα</span> <span class='ocrx_word' id='word_1_452' title='bbox 786 3379 884 3448; x_wconf 76' lang='grc' dir='ltr'>μὲν</span> <span class='ocrx_word' id='word_1_453' title='bbox 912 3380 1145 3449; x_wconf 83' lang='grc' dir='ltr'>ἀνδρικά</span> <span class='ocrx_word' id='word_1_454' title='bbox 1184 3381 1281 3433; x_wconf 75' lang='grc' dir='ltr'>καὶ</span> <span class='ocrx_word' id='word_1_455' title='bbox 1326 3380 1558 3449; x_wconf 84' lang='grc' dir='ltr'>λαμπρά</span> <span class='ocrx_word' id='word_1_456' title='bbox 1610 3378 1835 3448; x_wconf 78' lang='grc' dir='ltr'>διεπρά-</span> 
     </span>
    </p>
   </div>
   <div class='ocr_carea' id='block_1_61' title="bbox 238 3471 1829 3547">
    <p class='ocr_par' dir='ltr' id='par_1_61' title="bbox 238 3471 1829 3547">
     <span class='ocr_line' id='line_1_61' title="bbox 238 3471 1829 3547; baseline -0.003 -21"><span class='ocrx_word' id='word_1_457' title='bbox 238 3475 421 3537; x_wconf 78' lang='grc' dir='ltr'>ξαντο,</span> <span class='ocrx_word' id='word_1_458' title='bbox 456 3473 515 3538; x_wconf 80' lang='grc' dir='ltr'>ἐξ</span> <span class='ocrx_word' id='word_1_459' title='bbox 551 3472 730 3542; x_wconf 78' lang='grc' dir='ltr'>ἔριδος</span> <span class='ocrx_word' id='word_1_460' title='bbox 753 3471 810 3524; x_wconf 86' lang='grc' dir='ltr'>δὲ</span> <span class='ocrx_word' id='word_1_461' title='bbox 841 3474 937 3525; x_wconf 69' lang='grc' dir='ltr'>καὶ</span> <span class='ocrx_word' id='word_1_462' title='bbox 965 3472 1303 3540; x_wconf 84' lang='grc' dir='ltr'>φιλονεικίας</span> <span class='ocrx_word' id='word_1_463' title='bbox 1326 3473 1450 3547; x_wconf 86' lang='grc' dir='ltr'>κατ’</span> <span class='ocrx_word' id='word_1_464' title='bbox 1477 3472 1643 3524; x_wconf 61' lang='grc' dir='ltr'>αὑτὸν</span> <span class='ocrx_word' id='word_1_465' title='bbox 1683 3488 1829 3538; x_wconf 76' lang='grc' dir='ltr'>συμ-</span> 
     </span>
    </p>
   </div>
   <div class='ocr_carea' id='block_1_62' title="bbox 237 3552 1832 3635">
    <p class='ocr_par' dir='ltr' id='par_1_62' title="bbox 237 3552 1832 3635">
     <span class='ocr_line' id='line_1_62' title="bbox 237 3552 1832 3635; baseline -0.001 -16"><span class='ocrx_word' id='word_1_466' title='bbox 237 3565 516 3634; x_wconf 74' lang='grc' dir='ltr'>πεσούσης</span> <span class='ocrx_word' id='word_1_467' title='bbox 543 3565 635 3618; x_wconf 84' lang='grc' dir='ltr'>τὸν</span> <span class='ocrx_word' id='word_1_468' title='bbox 655 3564 843 3632; x_wconf 84' lang='grc' dir='ltr'>ἀγῶνα</span> <span class='ocrx_word' id='word_1_469' title='bbox 874 3564 1215 3619; x_wconf 83' lang='grc' dir='ltr'>ἀπολωλέναι</span> <span class='ocrx_word' id='word_1_470' title='bbox 1247 3565 1445 3635; x_wconf 79' lang='grc' dir='ltr'>συνέϐη</span> <span class='ocrx_word' id='word_1_471' title='bbox 1475 3565 1568 3618; x_wconf 83' lang='grc' dir='ltr'>τὸν</span> <span class='ocrx_word' id='word_1_472' title='bbox 1610 3552 1832 3634; x_wconf 77' lang='grc' dir='ltr'>μείζονα</span> 
     </span>
    </p>
   </div>
   <div class='ocr_carea' id='block_1_63' title="bbox 235 3654 1830 3727">
    <p class='ocr_par' dir='ltr' id='par_1_63' title="bbox 235 3654 1830 3727">
     <span class='ocr_line' id='line_1_63' title="bbox 235 3654 1830 3727; baseline 0 -18"><span class='ocrx_word' id='word_1_473' title='bbox 235 3654 679 3726; x_wconf 85' lang='grc' dir='ltr'>στρατηγόν.Τοῦ</span> <span class='ocrx_word' id='word_1_474' title='bbox 698 3658 808 3726; x_wconf 68' lang='grc' dir='ltr'>γάρ</span> <span class='ocrx_word' id='word_1_475' title='bbox 827 3657 1054 3721; x_wconf 87' lang='grc' dir='ltr'>Λέοντος</span> <span class='ocrx_word' id='word_1_476' title='bbox 1072 3656 1217 3709; x_wconf 89' lang='grc' dir='ltr'>κατά</span> <span class='ocrx_word' id='word_1_477' title='bbox 1237 3675 1287 3709; x_wconf 89' lang='grc' dir='ltr'>τι</span> <span class='ocrx_word' id='word_1_478' title='bbox 1301 3656 1671 3727; x_wconf 82' lang='grc' dir='ltr'>διενεχθέντος</span> <span class='ocrx_word' id='word_1_479' title='bbox 1693 3658 1830 3724; x_wconf 65' lang='grc' dir='ltr'>πρὸς</span> 
     </span>
    </p>
   </div>
   <div class='ocr_carea' id='block_1_64' title="bbox 234 3744 1831 3817">
    <p class='ocr_par' dir='ltr' id='par_1_64' title="bbox 234 3744 1831 3817">
     <span class='ocr_line' id='line_1_64' title="bbox 234 3744 1831 3817; baseline 0 -18"><span class='ocrx_word' id='word_1_480' title='bbox 234 3749 328 3800; x_wconf 65' lang='grc' dir='ltr'>τὸν</span> <span class='ocrx_word' id='word_1_481' title='bbox 369 3746 699 3817; x_wconf 82' lang='grc' dir='ltr'>Προκόπιον,</span> <span class='ocrx_word' id='word_1_482' title='bbox 730 3745 827 3799; x_wconf 77' lang='grc' dir='ltr'>καὶ</span> <span class='ocrx_word' id='word_1_483' title='bbox 871 3746 980 3814; x_wconf 88' lang='grc' dir='ltr'>πρὸ</span> <span class='ocrx_word' id='word_1_484' title='bbox 1007 3744 1105 3799; x_wconf 81' lang='grc' dir='ltr'>τοῦ</span> <span class='ocrx_word' id='word_1_485' title='bbox 1143 3744 1497 3814; x_wconf 72' lang='grc' dir='ltr'>διαλλαγῆναι</span> <span class='ocrx_word' id='word_1_486' title='bbox 1557 3748 1831 3816; x_wconf 77' lang='grc' dir='ltr'>συμϐολῆς</span> 
     </span>
    </p>
   </div>
   <div class='ocr_carea' id='block_1_65' title="bbox 234 3837 1830 3910">
    <p class='ocr_par' dir='ltr' id='par_1_65' title="bbox 234 3837 1830 3910">
     <span class='ocr_line' id='line_1_65' title="bbox 234 3837 1830 3910; baseline -0.001 -17"><span class='ocrx_word' id='word_1_487' title='bbox 234 3839 538 3909; x_wconf 71' lang='grc' dir='ltr'>γενομένης</span> <span class='ocrx_word' id='word_1_488' title='bbox 594 3838 731 3909; x_wconf 82' lang='grc' dir='ltr'>πρὸς</span> <span class='ocrx_word' id='word_1_489' title='bbox 775 3837 903 3901; x_wconf 81' lang='grc' dir='ltr'>τοὺς</span> <span class='ocrx_word' id='word_1_490' title='bbox 938 3840 1190 3909; x_wconf 82' lang='grc' dir='ltr'>ἐχθροὺς,</span> <span class='ocrx_word' id='word_1_491' title='bbox 1232 3839 1433 3909; x_wconf 88' lang='grc' dir='ltr'>συνέϐη</span> <span class='ocrx_word' id='word_1_492' title='bbox 1463 3840 1556 3893; x_wconf 85' lang='grc' dir='ltr'>τὸν</span> <span class='ocrx_word' id='word_1_493' title='bbox 1595 3841 1695 3910; x_wconf 78' lang='grc' dir='ltr'>μὲν</span> <span class='ocrx_word' id='word_1_494' title='bbox 1719 3841 1830 3893; x_wconf 85' lang='grc' dir='ltr'>ἀπὸ</span> 
     </span>
    </p>
   </div>
   <div class='ocr_carea' id='block_1_66' title="bbox 234 3927 1831 4001">
    <p class='ocr_par' dir='ltr' id='par_1_66' title="bbox 234 3927 1831 4001">
     <span class='ocr_line' id='line_1_66' title="bbox 234 3927 1831 4001; baseline -0.001 -16"><span class='ocrx_word' id='word_1_495' title='bbox 234 3932 499 3985; x_wconf 84' lang='grc' dir='ltr'>Στυπείου</span> <span class='ocrx_word' id='word_1_496' title='bbox 548 3930 688 4000; x_wconf 82' lang='grc' dir='ltr'>μετὰ</span> <span class='ocrx_word' id='word_1_497' title='bbox 715 3930 822 3983; x_wconf 79' lang='grc' dir='ltr'>τῶν</span> <span class='ocrx_word' id='word_1_498' title='bbox 852 3930 1083 4001; x_wconf 77' lang='grc' dir='ltr'>Θρᾳκῶν</span> <span class='ocrx_word' id='word_1_499' title='bbox 1114 3931 1209 3984; x_wconf 67' lang='grc' dir='ltr'>καὶ</span> <span class='ocrx_word' id='word_1_500' title='bbox 1239 3927 1570 3985; x_wconf 73' lang='grc' dir='ltr'>Μακεδόνων</span> <span class='ocrx_word' id='word_1_501' title='bbox 1596 3933 1738 3984; x_wconf 70' lang='grc' dir='ltr'>κατὰ</span> <span class='ocrx_word' id='word_1_502' title='bbox 1766 3932 1831 3984; x_wconf 80' lang='grc' dir='ltr'>τὸ</span> 
     </span>
    </p>
   </div>
   <div class='ocr_carea' id='block_1_67' title="bbox 234 4024 1828 4094">
    <p class='ocr_par' dir='ltr' id='par_1_67' title="bbox 234 4024 1828 4094">
     <span class='ocr_line' id='line_1_67' title="bbox 234 4024 1828 4094; baseline -0.001 -17"><span class='ocrx_word' id='word_1_503' title='bbox 234 4025 412 4089; x_wconf 77' lang='grc' dir='ltr'>δεξιὸν</span> <span class='ocrx_word' id='word_1_504' title='bbox 450 4024 616 4094; x_wconf 84' lang='grc' dir='ltr'>μέρος</span> <span class='ocrx_word' id='word_1_505' title='bbox 665 4024 1069 4093; x_wconf 77' lang='grc' dir='ltr'>ἀγωνιζόμενον</span> <span class='ocrx_word' id='word_1_506' title='bbox 1096 4027 1322 4094; x_wconf 89' lang='grc' dir='ltr'>κρατεῖν</span> <span class='ocrx_word' id='word_1_507' title='bbox 1354 4024 1465 4077; x_wconf 79' lang='grc' dir='ltr'>τῶν</span> <span class='ocrx_word' id='word_1_508' title='bbox 1496 4024 1707 4094; x_wconf 78' lang='grc' dir='ltr'>ἐχθρῶν</span> <span class='ocrx_word' id='word_1_509' title='bbox 1732 4025 1828 4076; x_wconf 73' lang='grc' dir='ltr'>καὶ</span> 
     </span>
    </p>
   </div>
   <div class='ocr_carea' id='block_1_68' title="bbox 236 4114 1826 4188">
    <p class='ocr_par' dir='ltr' id='par_1_68' title="bbox 236 4114 1826 4188">
     <span class='ocr_line' id='line_1_68' title="bbox 236 4114 1826 4188; baseline -0.001 -18"><span class='ocrx_word' id='word_1_510' title='bbox 236 4118 410 4170; x_wconf 74' lang='grc' dir='ltr'>πολὺν</span> <span class='ocrx_word' id='word_1_511' title='bbox 480 4115 641 4183; x_wconf 84' lang='grc' dir='ltr'>φόνον</span> <span class='ocrx_word' id='word_1_512' title='bbox 689 4114 1020 4185; x_wconf 77' lang='grc' dir='ltr'>ἐργάζεσθαι</span> <span class='ocrx_word' id='word_1_513' title='bbox 1090 4116 1201 4168; x_wconf 82' lang='grc' dir='ltr'>τῶν</span> <span class='ocrx_word' id='word_1_514' title='bbox 1273 4117 1630 4188; x_wconf 81' lang='grc' dir='ltr'>Σαρακηνῶν,</span> <span class='ocrx_word' id='word_1_515' title='bbox 1686 4117 1826 4169; x_wconf 85' lang='grc' dir='ltr'>κατά</span> 
     </span>
    </p>
   </div>
   <div class='ocr_carea' id='block_1_69' title="bbox 234 4205 1827 4278">
    <p class='ocr_par' dir='ltr' id='par_1_69' title="bbox 234 4205 1827 4278">
     <span class='ocr_line' id='line_1_69' title="bbox 234 4205 1827 4278; baseline -0.004 -15"><span class='ocrx_word' id='word_1_516' title='bbox 234 4210 464 4277; x_wconf 87' lang='grc' dir='ltr'>θάτερον</span> <span class='ocrx_word' id='word_1_517' title='bbox 506 4206 564 4258; x_wconf 78' lang='grc' dir='ltr'>δὲ</span> <span class='ocrx_word' id='word_1_518' title='bbox 613 4210 705 4259; x_wconf 71' lang='grc' dir='ltr'>τὸν</span> <span class='ocrx_word' id='word_1_519' title='bbox 756 4206 1060 4276; x_wconf 84' lang='grc' dir='ltr'>Προκόπιον</span> <span class='ocrx_word' id='word_1_520' title='bbox 1085 4205 1171 4277; x_wconf 79' lang='grc' dir='ltr'>[Ρ.</span> <span class='ocrx_word' id='word_1_521' title='bbox 1205 4206 1334 4278; x_wconf 74' lang='grc'>584]</span> <span class='ocrx_word' id='word_1_522' title='bbox 1370 4208 1827 4277; x_wconf 82' lang='grc' dir='ltr'>ἀντιταττόμενον</span> 
     </span>
    </p>
   </div>
   <div class='ocr_carea' id='block_1_70' title="bbox 236 4297 1826 4369">
    <p class='ocr_par' dir='ltr' id='par_1_70' title="bbox 236 4297 1826 4369">
     <span class='ocr_line' id='line_1_70' title="bbox 236 4297 1826 4369; baseline -0.003 -16"><span class='ocrx_word' id='word_1_523' title='bbox 236 4299 381 4369; x_wconf 80' lang='grc' dir='ltr'>μετά</span> <span class='ocrx_word' id='word_1_524' title='bbox 414 4298 526 4351; x_wconf 80' lang='grc' dir='ltr'>τῶν</span> <span class='ocrx_word' id='word_1_525' title='bbox 559 4297 868 4351; x_wconf 82' lang='grc' dir='ltr'>Σθλαϐίνων</span> <span class='ocrx_word' id='word_1_526' title='bbox 902 4299 997 4352; x_wconf 77' lang='grc' dir='ltr'>καὶ</span> <span class='ocrx_word' id='word_1_527' title='bbox 1025 4298 1261 4351; x_wconf 83' lang='grc' dir='ltr'>δυτικῶν</span> <span class='ocrx_word' id='word_1_528' title='bbox 1289 4297 1395 4351; x_wconf 81' lang='grc' dir='ltr'>ὑπὸ</span> <span class='ocrx_word' id='word_1_529' title='bbox 1419 4297 1527 4351; x_wconf 77' lang='grc' dir='ltr'>τῶν</span> <span class='ocrx_word' id='word_1_530' title='bbox 1567 4297 1826 4349; x_wconf 85' lang='grc' dir='ltr'>ἐναντίων</span> 
     </span>
    </p>
   </div>
   <div class='ocr_carea' id='block_1_71' title="bbox 235 4385 1821 4459">
    <p class='ocr_par' dir='ltr' id='par_1_71' title="bbox 235 4385 1821 4459">
     <span class='ocr_line' id='line_1_71' title="bbox 235 4385 1821 4459; baseline -0.002 -17"><span class='ocrx_word' id='word_1_531' title='bbox 235 4388 546 4453; x_wconf 75' lang='grc' dir='ltr'>πιέζεσθαι.</span> <span class='ocrx_word' id='word_1_532' title='bbox 591 4389 684 4457; x_wconf 82' lang='grc' dir='ltr'>Μὴ</span> <span class='ocrx_word' id='word_1_533' title='bbox 719 4389 1065 4458; x_wconf 81' lang='grc' dir='ltr'>πεμφθείσης</span> <span class='ocrx_word' id='word_1_534' title='bbox 1090 4390 1147 4443; x_wconf 80' lang='grc' dir='ltr'>δέ</span> <span class='ocrx_word' id='word_1_535' title='bbox 1177 4389 1332 4459; x_wconf 83' lang='grc' dir='ltr'>παρά</span> <span class='ocrx_word' id='word_1_536' title='bbox 1372 4388 1468 4441; x_wconf 77' lang='grc' dir='ltr'>τοῦ</span> <span class='ocrx_word' id='word_1_537' title='bbox 1504 4385 1821 4458; x_wconf 77' lang='grc' dir='ltr'>στρατηγοῦ</span> 
     </span>
    </p>
   </div>
   <div class='ocr_carea' id='block_1_72' title="bbox 236 4480 1827 4552">
    <p class='ocr_par' dir='ltr' id='par_1_72' title="bbox 236 4480 1827 4552">
     <span class='ocr_line' id='line_1_72' title="bbox 236 4480 1827 4552; baseline -0.002 -18"><span class='ocrx_word' id='word_1_538' title='bbox 236 4482 492 4552; x_wconf 75' lang='grc' dir='ltr'>βσηθείας</span> <span class='ocrx_word' id='word_1_539' title='bbox 520 4481 598 4552; x_wconf 85' lang='grc' dir='ltr'>τῷ</span> <span class='ocrx_word' id='word_1_540' title='bbox 624 4482 879 4535; x_wconf 81' lang='grc' dir='ltr'>πονοῦντι</span> <span class='ocrx_word' id='word_1_541' title='bbox 924 4482 1012 4535; x_wconf 73' lang='grc' dir='ltr'>διὰ</span> <span class='ocrx_word' id='word_1_542' title='bbox 1035 4481 1135 4551; x_wconf 78' lang='grc' dir='ltr'>τὴν</span> <span class='ocrx_word' id='word_1_543' title='bbox 1167 4481 1636 4551; x_wconf 84' lang='grc' dir='ltr'>προηγησαμένην</span> <span class='ocrx_word' id='word_1_544' title='bbox 1678 4480 1827 4546; x_wconf 83' lang='grc' dir='ltr'>φιλο-</span> 
     </span>
    </p>
   </div>
   <div class='ocr_carea' id='block_1_73' title="bbox 232 4573 1901 4665">
    <p class='ocr_par' dir='ltr' id='par_1_73' title="bbox 232 4573 1901 4665">
     <span class='ocr_line' id='line_1_73' title="bbox 232 4573 1901 4665; baseline -0.002 -37"><span class='ocrx_word' id='word_1_545' title='bbox 232 4575 464 4637; x_wconf 70' lang='grc' dir='ltr'>νεικίαν,</span> <span class='ocrx_word' id='word_1_546' title='bbox 493 4574 731 4627; x_wconf 84' lang='grc' dir='ltr'>ἐνέκλινε</span> <span class='ocrx_word' id='word_1_547' title='bbox 764 4576 900 4642; x_wconf 58' lang='grc' dir='ltr'>πρὸς</span> <span class='ocrx_word' id='word_1_548' title='bbox 927 4576 1139 4645; x_wconf 83' lang='grc' dir='ltr'>τροπὴν</span> <span class='ocrx_word' id='word_1_549' title='bbox 1192 4574 1253 4626; x_wconf 84' lang='lat'>16</span> <span class='ocrx_word' id='word_1_550' title='bbox 1287 4573 1431 4627; x_wconf 86' lang='grc' dir='ltr'>κατά</span> <span class='ocrx_word' id='word_1_551' title='bbox 1476 4574 1569 4627; x_wconf 74' lang='grc' dir='ltr'>τὸν</span> <span class='ocrx_word' id='word_1_552' title='bbox 1610 4573 1822 4643; x_wconf 82' lang='grc' dir='ltr'>Προκό·</span> <span class='ocrx_word' id='word_1_553' title='bbox 1859 4611 1901 4665; x_wconf 77' lang='lat' dir='ltr'><strong>D</strong></span> 
     </span>
    </p>
   </div>
   <div class='ocr_carea' id='block_1_74' title="bbox 232 4663 1806 4735">
    <p class='ocr_par' dir='ltr' id='par_1_74' title="bbox 232 4663 1806 4735">
     <span class='ocr_line' id='line_1_74' title="bbox 232 4663 1806 4735; baseline -0.002 -18"><span class='ocrx_word' id='word_1_554' title='bbox 232 4683 360 4717; x_wconf 85' lang='grc' dir='ltr'>πιον</span> <span class='ocrx_word' id='word_1_555' title='bbox 406 4664 591 4735; x_wconf 85' lang='grc' dir='ltr'>μέρος,</span> <span class='ocrx_word' id='word_1_556' title='bbox 626 4665 723 4718; x_wconf 80' lang='grc' dir='ltr'>καὶ</span> <span class='ocrx_word' id='word_1_557' title='bbox 755 4666 918 4728; x_wconf 77' lang='grc' dir='ltr'>αὐτὸς</span> <span class='ocrx_word' id='word_1_558' title='bbox 956 4666 1164 4727; x_wconf 79' lang='grc' dir='ltr'>ἐκεῖνος</span> <span class='ocrx_word' id='word_1_559' title='bbox 1215 4664 1511 4732; x_wconf 65' lang='grc' dir='ltr'>ἀπεσφάγη</span> <span class='ocrx_word' id='word_1_560' title='bbox 1542 4663 1806 4733; x_wconf 89' lang='grc' dir='ltr'>ήρωῖκῶς</span> 
     </span>
    </p>
   </div>
   <div class='ocr_carea' id='block_1_75' title="bbox 231 4754 1816 4826">
    <p class='ocr_par' dir='ltr' id='par_1_75' title="bbox 231 4754 1816 4826">
     <span class='ocr_line' id='line_1_75' title="bbox 231 4754 1816 4826; baseline -0.003 -15"><span class='ocrx_word' id='word_1_561' title='bbox 231 4756 643 4826; x_wconf 78' lang='grc' dir='ltr'>ἀγωνισάμενος</span> <span class='ocrx_word' id='word_1_562' title='bbox 705 4756 801 4809; x_wconf 74' lang='grc' dir='ltr'>καὶ</span> <span class='ocrx_word' id='word_1_563' title='bbox 860 4757 982 4810; x_wconf 84' lang='grc' dir='ltr'>κατ’</span> <span class='ocrx_word' id='word_1_564' title='bbox 1023 4756 1185 4809; x_wconf 78' lang='grc' dir='ltr'>αὐτὸν</span> <span class='ocrx_word' id='word_1_565' title='bbox 1236 4757 1327 4809; x_wconf 74' lang='grc' dir='ltr'>τὸν</span> <span class='ocrx_word' id='word_1_566' title='bbox 1378 4755 1568 4818; x_wconf 84' lang='grc' dir='ltr'>ἀγῶνα</span> <span class='ocrx_word' id='word_1_567' title='bbox 1613 4754 1816 4808; x_wconf 87' lang='grc' dir='ltr'>πεσών.</span> 
     </span>
    </p>
   </div>
   <div class='ocr_carea' id='block_1_76' title="bbox 244 4846 1820 4919">
    <p class='ocr_par' dir='ltr' id='par_1_76' title="bbox 244 4846 1820 4919">
     <span class='ocr_line' id='line_1_76' title="bbox 244 4846 1820 4919; baseline -0.003 -17"><span class='ocrx_word' id='word_1_568' title='bbox 244 4851 306 4902; x_wconf 85' lang='lat' dir='ltr'>&#39;U</span> <span class='ocrx_word' id='word_1_569' title='bbox 354 4849 412 4901; x_wconf 82' lang='grc' dir='ltr'>δὲ</span> <span class='ocrx_word' id='word_1_570' title='bbox 475 4849 627 4901; x_wconf 88' lang='grc' dir='ltr'>Λέων</span> <span class='ocrx_word' id='word_1_571' title='bbox 689 4848 860 4901; x_wconf 88' lang='grc' dir='ltr'>θέλων</span> <span class='ocrx_word' id='word_1_572' title='bbox 912 4865 966 4901; x_wconf 89' lang='grc' dir='ltr'>τι</span> <span class='ocrx_word' id='word_1_573' title='bbox 1016 4850 1110 4901; x_wconf 75' lang='grc' dir='ltr'>καὶ</span> <span class='ocrx_word' id='word_1_574' title='bbox 1154 4848 1343 4919; x_wconf 69' lang='grc' dir='ltr'>ἕτερον</span> <span class='ocrx_word' id='word_1_575' title='bbox 1396 4846 1820 4917; x_wconf 86' lang='grc' dir='ltr'>ἀπεργάσασθαι</span> 
     </span>
    </p>
   </div>
   <div class='ocr_carea' id='block_1_77' title="bbox 231 4938 1815 5009">
    <p class='ocr_par' dir='ltr' id='par_1_77' title="bbox 231 4938 1815 5009">
     <span class='ocr_line' id='line_1_77' title="bbox 231 4938 1815 5009; baseline -0.001 -18"><span class='ocrx_word' id='word_1_576' title='bbox 231 4940 490 5009; x_wconf 76' lang='grc' dir='ltr'>λαμπρὸν</span> <span class='ocrx_word' id='word_1_577' title='bbox 528 4940 623 4993; x_wconf 81' lang='grc' dir='ltr'>καὶ</span> <span class='ocrx_word' id='word_1_578' title='bbox 674 4939 736 4991; x_wconf 85' lang='grc' dir='ltr'>τὸ</span> <span class='ocrx_word' id='word_1_579' title='bbox 787 4940 850 4992; x_wconf 88' lang='grc' dir='ltr'>ἐκ</span> <span class='ocrx_word' id='word_1_580' title='bbox 903 4939 1001 5009; x_wconf 84' lang='grc' dir='ltr'>τῆς</span> <span class='ocrx_word' id='word_1_581' title='bbox 1042 4938 1219 5009; x_wconf 75' lang='grc' dir='ltr'>ἔριδος</span> <span class='ocrx_word' id='word_1_582' title='bbox 1246 4939 1538 4991; x_wconf 86' lang='grc' dir='ltr'>συσκιάσαι</span> <span class='ocrx_word' id='word_1_583' title='bbox 1600 4938 1815 5009; x_wconf 81' lang='grc' dir='ltr'>συμϐάν</span> 
     </span>
    </p>
   </div>
   <div class='ocr_carea' id='block_1_78' title="bbox 231 5028 1825 5100">
    <p class='ocr_par' dir='ltr' id='par_1_78' title="bbox 231 5028 1825 5100">
     <span class='ocr_line' id='line_1_78' title="bbox 231 5028 1825 5100; baseline -0.001 -17"><span class='ocrx_word' id='word_1_584' title='bbox 231 5032 515 5100; x_wconf 69' lang='grc' dir='ltr'>ἀτύχημα,</span> <span class='ocrx_word' id='word_1_585' title='bbox 570 5031 630 5083; x_wconf 84' lang='lat'>16</span> <span class='ocrx_word' id='word_1_586' title='bbox 672 5032 870 5084; x_wconf 81' lang='grc' dir='ltr'>οἰκεῖον</span> <span class='ocrx_word' id='word_1_587' title='bbox 919 5031 1238 5100; x_wconf 81' lang='grc' dir='ltr'>στράτευμα</span> <span class='ocrx_word' id='word_1_588' title='bbox 1294 5028 1498 5091; x_wconf 86' lang='grc' dir='ltr'>λαϐὼν,</span> <span class='ocrx_word' id='word_1_589' title='bbox 1535 5032 1634 5082; x_wconf 72' lang='grc' dir='ltr'>καὶ</span> <span class='ocrx_word' id='word_1_590' title='bbox 1697 5031 1825 5092; x_wconf 81' lang='grc' dir='ltr'>τοὺς</span> 
     </span>
    </p>
   </div>
   <div class='ocr_carea' id='block_1_79' title="bbox 232 5121 1825 5193">
    <p class='ocr_par' dir='ltr' id='par_1_79' title="bbox 232 5121 1825 5193">
     <span class='ocr_line' id='line_1_79' title="bbox 232 5121 1825 5193; baseline -0.001 -15"><span class='ocrx_word' id='word_1_591' title='bbox 232 5123 604 5185; x_wconf 61' lang='grc' dir='ltr'>διασωθέντας</span> <span class='ocrx_word' id='word_1_592' title='bbox 642 5125 706 5175; x_wconf 81' lang='grc' dir='ltr'>ἐκ</span> <span class='ocrx_word' id='word_1_593' title='bbox 756 5125 853 5193; x_wconf 77' lang='grc' dir='ltr'>τῆς</span> <span class='ocrx_word' id='word_1_594' title='bbox 910 5123 1120 5192; x_wconf 81' lang='grc' dir='ltr'>τροπῆς</span> <span class='ocrx_word' id='word_1_595' title='bbox 1168 5122 1277 5175; x_wconf 83' lang='grc' dir='ltr'>τῶν</span> <span class='ocrx_word' id='word_1_596' title='bbox 1322 5121 1670 5191; x_wconf 82' lang='grc' dir='ltr'>ταττομένων</span> <span class='ocrx_word' id='word_1_597' title='bbox 1717 5122 1825 5176; x_wconf 81' lang='grc' dir='ltr'>ὑπὸ</span> 
     </span>
    </p>
   </div>
   <div class='ocr_carea' id='block_1_80' title="bbox 230 5213 1821 5283">
    <p class='ocr_par' dir='ltr' id='par_1_80' title="bbox 230 5213 1821 5283">
     <span class='ocr_line' id='line_1_80' title="bbox 230 5213 1821 5283; baseline -0.001 -14"><span class='ocrx_word' id='word_1_598' title='bbox 230 5217 323 5269; x_wconf 74' lang='grc' dir='ltr'>τὸν</span> <span class='ocrx_word' id='word_1_599' title='bbox 351 5216 659 5281; x_wconf 82' lang='grc' dir='ltr'>Προκόπιον</span> <span class='ocrx_word' id='word_1_600' title='bbox 699 5214 1170 5283; x_wconf 85' lang='grc' dir='ltr'>συμπαραλαϐὼν,</span> <span class='ocrx_word' id='word_1_601' title='bbox 1193 5214 1255 5267; x_wconf 88' lang='grc' dir='ltr'>τδ</span> <span class='ocrx_word' id='word_1_602' title='bbox 1276 5213 1554 5283; x_wconf 86' lang='grc' dir='ltr'>Τάραντον</span> <span class='ocrx_word' id='word_1_603' title='bbox 1586 5214 1821 5283; x_wconf 84' lang='grc' dir='ltr'>κάστρον</span> 
     </span>
    </p>
   </div>
   <div class='ocr_carea' id='block_1_81' title="bbox 227 5305 1819 5377">
    <p class='ocr_par' dir='ltr' id='par_1_81' title="bbox 227 5305 1819 5377">
     <span class='ocr_line' id='line_1_81' title="bbox 227 5305 1819 5377; baseline -0.003 -16"><span class='ocrx_word' id='word_1_604' title='bbox 227 5308 309 5361; x_wconf 76' lang='grc' dir='ltr'>ἔτι</span> <span class='ocrx_word' id='word_1_605' title='bbox 344 5308 499 5377; x_wconf 82' lang='grc' dir='ltr'>παρά</span> <span class='ocrx_word' id='word_1_606' title='bbox 521 5307 630 5360; x_wconf 81' lang='grc' dir='ltr'>τῶν</span> <span class='ocrx_word' id='word_1_607' title='bbox 660 5307 977 5377; x_wconf 76' lang='grc' dir='ltr'>Ἀγαρηνῶν</span> <span class='ocrx_word' id='word_1_608' title='bbox 1007 5306 1372 5376; x_wconf 81' lang='grc' dir='ltr'>κατεχόμενον</span> <span class='ocrx_word' id='word_1_609' title='bbox 1396 5305 1819 5373; x_wconf 83' lang='grc' dir='ltr'>ἐξεπολιόρκησε</span> 
     </span>
    </p>
   </div>
   <div class='ocr_carea' id='block_1_82' title="bbox 229 5390 1814 5467">
    <p class='ocr_par' dir='ltr' id='par_1_82' title="bbox 229 5390 1814 5467">
     <span class='ocr_line' id='line_1_82' title="bbox 229 5390 1814 5467; baseline -0.002 -18"><span class='ocrx_word' id='word_1_610' title='bbox 229 5400 325 5449; x_wconf 75' lang='grc' dir='ltr'>καὶ</span> <span class='ocrx_word' id='word_1_611' title='bbox 359 5399 540 5450; x_wconf 78' lang='grc' dir='ltr'>πάντα</span> <span class='ocrx_word' id='word_1_612' title='bbox 588 5397 680 5450; x_wconf 81' lang='grc' dir='ltr'>τὸν</span> <span class='ocrx_word' id='word_1_613' title='bbox 717 5399 775 5449; x_wconf 85' lang='grc' dir='ltr'>ἐν</span> <span class='ocrx_word' id='word_1_614' title='bbox 814 5396 966 5467; x_wconf 79' lang='grc' dir='ltr'>αὐτῴ</span> <span class='ocrx_word' id='word_1_615' title='bbox 997 5395 1125 5448; x_wconf 64' lang='grc' dir='ltr'>λαόν</span> <span class='ocrx_word' id='word_1_616' title='bbox 1164 5396 1618 5467; x_wconf 80' lang='grc' dir='ltr'>ἠνδραποδίσατο,</span> <span class='ocrx_word' id='word_1_617' title='bbox 1656 5395 1717 5460; x_wconf 78' lang='grc' dir='ltr'>ἐξ</span> <span class='ocrx_word' id='word_1_618' title='bbox 1738 5390 1814 5449; x_wconf 83' lang='grc' dir='ltr'>ὧν</span> 
     </span>
    </p>
   </div>
   <div class='ocr_carea' id='block_1_83' title="bbox 229 5487 1810 5559">
    <p class='ocr_par' dir='ltr' id='par_1_83' title="bbox 229 5487 1810 5559">
     <span class='ocr_line' id='line_1_83' title="bbox 229 5487 1810 5559; baseline 0 -20"><span class='ocrx_word' id='word_1_619' title='bbox 229 5489 293 5541; x_wconf 85' lang='grc' dir='ltr'>τό</span> <span class='ocrx_word' id='word_1_620' title='bbox 337 5505 399 5541; x_wconf 89' lang='grc' dir='ltr'>τε</span> <span class='ocrx_word' id='word_1_621' title='bbox 449 5488 841 5559; x_wconf 75' lang='grc' dir='ltr'>στρατιωτικὸν</span> <span class='ocrx_word' id='word_1_622' title='bbox 874 5487 1155 5557; x_wconf 82' lang='grc' dir='ltr'>ὠφέλησεν</span> <span class='ocrx_word' id='word_1_623' title='bbox 1186 5487 1553 5559; x_wconf 85' lang='grc' dir='ltr'>ἀποχρώντως</span> <span class='ocrx_word' id='word_1_624' title='bbox 1585 5489 1681 5541; x_wconf 75' lang='grc' dir='ltr'>καὶ</span> <span class='ocrx_word' id='word_1_625' title='bbox 1730 5488 1810 5557; x_wconf 82' lang='grc' dir='ltr'>τῷ</span> 
     </span>
    </p>
   </div>
   <div class='ocr_carea' id='block_1_84' title="bbox 231 5576 1807 5648">
    <p class='ocr_par' dir='ltr' id='par_1_84' title="bbox 231 5576 1807 5648">
     <span class='ocr_line' id='line_1_84' title="bbox 231 5576 1807 5648; baseline -0.002 -17"><span class='ocrx_word' id='word_1_626' title='bbox 231 5577 444 5631; x_wconf 63' lang='grc' dir='ltr'>θασιλεῖ</span> <span class='ocrx_word' id='word_1_627' title='bbox 481 5579 802 5648; x_wconf 78' lang='grc' dir='ltr'>προσήγαγε</span> <span class='ocrx_word' id='word_1_628' title='bbox 830 5576 1067 5648; x_wconf 59' lang='grc' dir='ltr'>λάφυρα.</span> <span class='ocrx_word' id='word_1_629' title='bbox 1115 5578 1258 5632; x_wconf 74' lang='grc' dir='ltr'>Ἀλλ’</span> <span class='ocrx_word' id='word_1_630' title='bbox 1294 5579 1394 5631; x_wconf 82' lang='grc' dir='ltr'>οὐκ</span> <span class='ocrx_word' id='word_1_631' title='bbox 1427 5577 1712 5643; x_wconf 79' lang='grc' dir='ltr'>ἐξιλέωσεν</span> <span class='ocrx_word' id='word_1_632' title='bbox 1750 5580 1807 5630; x_wconf 83' lang='grc' dir='ltr'>ἐν</span> 
     </span>
    </p>
   </div>
   <div class='ocr_carea' id='block_1_85' title="bbox 1934 3380 3525 3451">
    <p class='ocr_par' dir='ltr' id='par_1_85' title="bbox 1934 3380 3525 3451">
     <span class='ocr_line' id='line_1_85' title="bbox 1934 3380 3525 3451; baseline -0.001 -16"><span class='ocrx_word' id='word_1_633' title='bbox 1934 3382 2081 3435; x_wconf 87' lang='lat' dir='ltr'><strong>clare</strong></span> <span class='ocrx_word' id='word_1_634' title='bbox 2140 3381 2331 3451; x_wconf 77' lang='lat' dir='ltr'><strong>gestis,</strong></span> <span class='ocrx_word' id='word_1_635' title='bbox 2387 3390 2508 3434; x_wconf 91' lang='lat' dir='ltr'><strong>orta</strong></span> <span class='ocrx_word' id='word_1_636' title='bbox 2564 3382 2669 3435; x_wconf 90' lang='lat' dir='ltr'>sub</span> <span class='ocrx_word' id='word_1_637' title='bbox 2718 3382 2891 3451; x_wconf 89' lang='lat' dir='ltr'><strong>ipsius</strong></span> <span class='ocrx_word' id='word_1_638' title='bbox 2924 3381 3091 3451; x_wconf 62' lang='lat' dir='ltr'><strong>praelii</strong></span> <span class='ocrx_word' id='word_1_639' title='bbox 3133 3389 3347 3450; x_wconf 79' lang='lat' dir='ltr'><strong>tempus</strong></span> <span class='ocrx_word' id='word_1_640' title='bbox 3382 3380 3525 3434; x_wconf 88' lang='lat' dir='ltr'><strong>inter</strong></span> 
     </span>
    </p>
   </div>
   <div class='ocr_carea' id='block_1_86' title="bbox 1933 3473 3519 3544">
    <p class='ocr_par' dir='ltr' id='par_1_86' title="bbox 1933 3473 3519 3544">
     <span class='ocr_line' id='line_1_86' title="bbox 1933 3473 3519 3544; baseline -0.002 -15"><span class='ocrx_word' id='word_1_641' title='bbox 1933 3474 2105 3529; x_wconf 86' lang='lat' dir='ltr'><strong>duecs</strong></span> <span class='ocrx_word' id='word_1_642' title='bbox 2166 3475 2542 3538; x_wconf 68' lang='lat' dir='ltr'><strong>contentione,</strong></span> <span class='ocrx_word' id='word_1_643' title='bbox 2594 3489 2782 3528; x_wconf 85' lang='lat' dir='ltr'><strong>eorum</strong></span> <span class='ocrx_word' id='word_1_644' title='bbox 2837 3474 3105 3544; x_wconf 80' lang='lat' dir='ltr'><strong>dignitate</strong></span> <span class='ocrx_word' id='word_1_645' title='bbox 3152 3473 3304 3544; x_wconf 89' lang='lat' dir='ltr'><strong>prior</strong></span> <span class='ocrx_word' id='word_1_646' title='bbox 3339 3473 3519 3540; x_wconf 89' lang='lat' dir='ltr'><strong>periit.</strong></span> 
     </span>
    </p>
   </div>
   <div class='ocr_carea' id='block_1_87' title="bbox 1933 3562 3521 3634">
    <p class='ocr_par' dir='ltr' id='par_1_87' title="bbox 1933 3562 3521 3634">
     <span class='ocr_line' id='line_1_87' title="bbox 1933 3562 3521 3634; baseline 0 -16"><span class='ocrx_word' id='word_1_647' title='bbox 1933 3565 2206 3619; x_wconf 85' lang='lat' dir='ltr'><strong>lncidcrat</strong></span> <span class='ocrx_word' id='word_1_648' title='bbox 2262 3563 2435 3618; x_wconf 85' lang='lat' dir='ltr'><strong>Leoni</strong></span> <span class='ocrx_word' id='word_1_649' title='bbox 2469 3564 2673 3631; x_wconf 86' lang='lat' dir='ltr'><strong>aliquid</strong></span> <span class='ocrx_word' id='word_1_650' title='bbox 2730 3579 2855 3618; x_wconf 86' lang='lat' dir='ltr'>cum</span> <span class='ocrx_word' id='word_1_651' title='bbox 2903 3562 3172 3634; x_wconf 86' lang='lat' dir='ltr'><strong>Procopio</strong></span> <span class='ocrx_word' id='word_1_652' title='bbox 3206 3563 3521 3619; x_wconf 65' lang='lat' dir='ltr'><strong>discordiae.</strong></span> 
     </span>
    </p>
   </div>
   <div class='ocr_carea' id='block_1_88' title="bbox 1932 3656 3522 3727">
    <p class='ocr_par' dir='ltr' id='par_1_88' title="bbox 1932 3656 3522 3727">
     <span class='ocr_line' id='line_1_88' title="bbox 1932 3656 3522 3727; baseline 0 -16"><span class='ocrx_word' id='word_1_653' title='bbox 1932 3656 2188 3711; x_wconf 85' lang='lat' dir='ltr'><strong>Nondum</strong></span> <span class='ocrx_word' id='word_1_654' title='bbox 2222 3666 2406 3710; x_wconf 88' lang='lat' dir='ltr'><strong>autem</strong></span> <span class='ocrx_word' id='word_1_655' title='bbox 2455 3658 2826 3726; x_wconf 82' lang='lat' dir='ltr'><strong>redintegrata</strong></span> <span class='ocrx_word' id='word_1_656' title='bbox 2876 3656 3067 3709; x_wconf 89' lang='lat' dir='ltr'><strong>horum</strong></span> <span class='ocrx_word' id='word_1_657' title='bbox 3112 3657 3285 3726; x_wconf 83' lang='lat' dir='ltr'><strong>gratia</strong></span> <span class='ocrx_word' id='word_1_658' title='bbox 3327 3672 3522 3727; x_wconf 65' lang='lat' dir='ltr'><strong>pugnas</strong></span> 
     </span>
    </p>
   </div>
   <div class='ocr_carea' id='block_1_89' title="bbox 1932 3748 3519 3813">
    <p class='ocr_par' dir='ltr' id='par_1_89' title="bbox 1932 3748 3519 3813">
     <span class='ocr_line' id='line_1_89' title="bbox 1932 3748 3519 3813; baseline -0.001 -10"><span class='ocrx_word' id='word_1_659' title='bbox 1932 3765 2057 3803; x_wconf 89' lang='lat' dir='ltr'>cum</span> <span class='ocrx_word' id='word_1_660' title='bbox 2104 3749 2356 3803; x_wconf 77' lang='lat' dir='ltr'><strong>hostibus</strong></span> <span class='ocrx_word' id='word_1_661' title='bbox 2388 3748 2796 3802; x_wconf 64' lang='lat' dir='ltr'><strong>committendae</strong></span> <span class='ocrx_word' id='word_1_662' title='bbox 2828 3764 2888 3803; x_wconf 90' lang='lat' dir='ltr'>se</span> <span class='ocrx_word' id='word_1_663' title='bbox 2929 3749 3399 3813; x_wconf 67' lang='lat' dir='ltr'><strong>obtulitcccasio.</strong></span> <span class='ocrx_word' id='word_1_664' title='bbox 3444 3748 3519 3802; x_wconf 82' lang='lat' dir='ltr'><strong>Ea</strong></span> 
     </span>
    </p>
   </div>
   <div class='ocr_carea' id='block_1_90' title="bbox 1933 3839 3519 3912">
    <p class='ocr_par' dir='ltr' id='par_1_90' title="bbox 1933 3839 3519 3912">
     <span class='ocr_line' id='line_1_90' title="bbox 1933 3839 3519 3912; baseline -0.001 -17"><span class='ocrx_word' id='word_1_665' title='bbox 1933 3842 1986 3895; x_wconf 90' lang='lat' dir='ltr'>in</span> <span class='ocrx_word' id='word_1_666' title='bbox 2027 3856 2204 3912; x_wconf 83' lang='lat' dir='ltr'><strong>pugna</strong></span> <span class='ocrx_word' id='word_1_667' title='bbox 2236 3840 2344 3894; x_wconf 88' lang='lat' dir='ltr'>Leo</span> <span class='ocrx_word' id='word_1_668' title='bbox 2371 3856 2495 3895; x_wconf 91' lang='lat' dir='ltr'>cum</span> <span class='ocrx_word' id='word_1_669' title='bbox 2536 3839 2843 3894; x_wconf 72' lang='lat' dir='ltr'><strong>Thracibus</strong></span> <span class='ocrx_word' id='word_1_670' title='bbox 2874 3848 2927 3894; x_wconf 89' lang='lat' dir='ltr'>ct</span> <span class='ocrx_word' id='word_1_671' title='bbox 2964 3839 3359 3894; x_wconf 78' lang='lat' dir='ltr'><strong>Macedonibus</strong></span> <span class='ocrx_word' id='word_1_672' title='bbox 3388 3840 3519 3894; x_wconf 81' lang='lat' dir='ltr'><strong>dex-</strong></span> 
     </span>
    </p>
   </div>
   <div class='ocr_carea' id='block_1_91' title="bbox 1929 3933 3521 4002">
    <p class='ocr_par' dir='ltr' id='par_1_91' title="bbox 1929 3933 3521 4002">
     <span class='ocr_line' id='line_1_91' title="bbox 1929 3933 3521 4002; baseline 0.001 -16"><span class='ocrx_word' id='word_1_673' title='bbox 1929 3942 2069 3987; x_wconf 84' lang='lat' dir='ltr'><strong>tram</strong></span> <span class='ocrx_word' id='word_1_674' title='bbox 2122 3935 2255 3987; x_wconf 88' lang='lat' dir='ltr'><strong>aciei</strong></span> <span class='ocrx_word' id='word_1_675' title='bbox 2322 3941 2515 3988; x_wconf 79' lang='lat' dir='ltr'><strong>tenens</strong></span> <span class='ocrx_word' id='word_1_676' title='bbox 2573 3940 2780 4002; x_wconf 86' lang='lat' dir='ltr'><strong>partem</strong></span> <span class='ocrx_word' id='word_1_677' title='bbox 2854 3933 3161 3988; x_wconf 86' lang='lat' dir='ltr'><strong>Saracenos</strong></span> <span class='ocrx_word' id='word_1_678' title='bbox 3205 3933 3361 3997; x_wconf 80' lang='lat' dir='ltr'><strong>fudit,</strong></span> <span class='ocrx_word' id='word_1_679' title='bbox 3406 3948 3521 3987; x_wconf 87' lang='lat' dir='ltr'><strong>ma-</strong></span> 
     </span>
    </p>
   </div>
   <div class='ocr_carea' id='block_1_92' title="bbox 1928 4027 3515 4097">
    <p class='ocr_par' dir='ltr' id='par_1_92' title="bbox 1928 4027 3515 4097">
     <span class='ocr_line' id='line_1_92' title="bbox 1928 4027 3515 4097; baseline 0.003 -19"><span class='ocrx_word' id='word_1_680' title='bbox 1928 4041 2202 4096; x_wconf 80' lang='lat' dir='ltr'><strong>gnamque</strong></span> <span class='ocrx_word' id='word_1_681' title='bbox 2246 4041 2436 4080; x_wconf 86' lang='lat' dir='ltr'><strong>eorum</strong></span> <span class='ocrx_word' id='word_1_682' title='bbox 2483 4034 2721 4097; x_wconf 79' lang='lat' dir='ltr'><strong>stragem</strong></span> <span class='ocrx_word' id='word_1_683' title='bbox 2780 4027 2931 4081; x_wconf 86' lang='lat' dir='ltr'><strong>fecit.</strong></span> <span class='ocrx_word' id='word_1_684' title='bbox 2963 4027 3046 4081; x_wconf 85' lang='lat' dir='ltr'>Ab</span> <span class='ocrx_word' id='word_1_685' title='bbox 3090 4027 3302 4096; x_wconf 75' lang='lat'><strong>1032</strong></span> <span class='ocrx_word' id='word_1_686' title='bbox 3345 4029 3515 4081; x_wconf 84' lang='lat' dir='ltr'><strong>altera</strong></span> 
     </span>
    </p>
   </div>
   <div class='ocr_carea' id='block_1_93' title="bbox 1929 4115 3516 4187">
    <p class='ocr_par' dir='ltr' id='par_1_93' title="bbox 1929 4115 3516 4187">
     <span class='ocr_line' id='line_1_93' title="bbox 1929 4115 3516 4187; baseline 0 -17"><span class='ocrx_word' id='word_1_687' title='bbox 1929 4126 2113 4172; x_wconf 87' lang='lat' dir='ltr'><strong>autem</strong></span> <span class='ocrx_word' id='word_1_688' title='bbox 2152 4127 2306 4187; x_wconf 89' lang='lat' dir='ltr'><strong>parte</strong></span> <span class='ocrx_word' id='word_1_689' title='bbox 2352 4116 2681 4187; x_wconf 87' lang='lat' dir='ltr'><strong>Procopium</strong></span> <span class='ocrx_word' id='word_1_690' title='bbox 2733 4117 2988 4171; x_wconf 87' lang='lat' dir='ltr'><strong>Slavinos</strong></span> <span class='ocrx_word' id='word_1_691' title='bbox 3036 4126 3092 4171; x_wconf 85' lang='lat' dir='ltr'>et</span> <span class='ocrx_word' id='word_1_692' title='bbox 3133 4115 3516 4170; x_wconf 85' lang='lat' dir='ltr'><strong>Occidentales</strong></span> 
     </span>
    </p>
   </div>
   <div class='ocr_carea' id='block_1_94' title="bbox 1928 4206 3517 4278">
    <p class='ocr_par' dir='ltr' id='par_1_94' title="bbox 1928 4206 3517 4278">
     <span class='ocr_line' id='line_1_94' title="bbox 1928 4206 3517 4278; baseline 0 -17"><span class='ocrx_word' id='word_1_693' title='bbox 1928 4207 2244 4271; x_wconf 89' lang='lat' dir='ltr'><strong>ducentem,</strong></span> <span class='ocrx_word' id='word_1_694' title='bbox 2277 4208 2463 4262; x_wconf 84' lang='lat' dir='ltr'><strong>hostes</strong></span> <span class='ocrx_word' id='word_1_695' title='bbox 2494 4223 2617 4262; x_wconf 92' lang='lat' dir='ltr'>cum</span> <span class='ocrx_word' id='word_1_696' title='bbox 2656 4218 2972 4278; x_wconf 85' lang='lat' dir='ltr'><strong>premerent</strong></span> <span class='ocrx_word' id='word_1_697' title='bbox 2998 4223 3174 4277; x_wconf 87' lang='lat' dir='ltr'><strong>neque</strong></span> <span class='ocrx_word' id='word_1_698' title='bbox 3193 4208 3241 4262; x_wconf 91' lang='lat' dir='ltr'>ei</span> <span class='ocrx_word' id='word_1_699' title='bbox 3276 4221 3304 4258; x_wconf 87' lang='lat' dir='ltr'>a</span> <span class='ocrx_word' id='word_1_700' title='bbox 3335 4206 3517 4261; x_wconf 87' lang='lat' dir='ltr'><strong>Leone</strong></span> 
     </span>
    </p>
   </div>
   <div class='ocr_carea' id='block_1_95' title="bbox 1927 4294 3517 4362">
    <p class='ocr_par' dir='ltr' id='par_1_95' title="bbox 1927 4294 3517 4362">
     <span class='ocr_line' id='line_1_95' title="bbox 1927 4294 3517 4362; baseline 0.001 -12"><span class='ocrx_word' id='word_1_701' title='bbox 1927 4298 2220 4352; x_wconf 69' lang='lat' dir='ltr'><strong>discordiae</strong></span> <span class='ocrx_word' id='word_1_702' title='bbox 2260 4306 2455 4353; x_wconf 89' lang='lat' dir='ltr'><strong>tenace</strong></span> <span class='ocrx_word' id='word_1_703' title='bbox 2497 4299 2805 4353; x_wconf 88' lang='lat' dir='ltr'><strong>subsidium</strong></span> <span class='ocrx_word' id='word_1_704' title='bbox 2840 4294 3188 4362; x_wconf 70' lang='lat' dir='ltr'><strong>mitteretur,</strong></span> <span class='ocrx_word' id='word_1_705' title='bbox 3227 4299 3407 4352; x_wconf 81' lang='lat' dir='ltr'><strong>evenit</strong></span> <span class='ocrx_word' id='word_1_706' title='bbox 3457 4304 3517 4352; x_wconf 81' lang='lat' dir='ltr'>ut</span> 
     </span>
    </p>
   </div>
   <div class='ocr_carea' id='block_1_96' title="bbox 1928 4388 3510 4459">
    <p class='ocr_par' dir='ltr' id='par_1_96' title="bbox 1928 4388 3510 4459">
     <span class='ocr_line' id='line_1_96' title="bbox 1928 4388 3510 4459; baseline 0.001 -18"><span class='ocrx_word' id='word_1_707' title='bbox 1928 4388 1975 4443; x_wconf 92' lang='lat' dir='ltr'>is</span> <span class='ocrx_word' id='word_1_708' title='bbox 2007 4389 2267 4442; x_wconf 88' lang='lat' dir='ltr'><strong>inclinata</strong></span> <span class='ocrx_word' id='word_1_709' title='bbox 2314 4404 2543 4444; x_wconf 89' lang='lat' dir='ltr'><strong>suorum</strong></span> <span class='ocrx_word' id='word_1_710' title='bbox 2591 4390 2709 4443; x_wconf 87' lang='lat' dir='ltr'><strong>acie</strong></span> <span class='ocrx_word' id='word_1_711' title='bbox 2742 4388 2957 4443; x_wconf 80' lang='lat' dir='ltr'><strong>fortiter</strong></span> <span class='ocrx_word' id='word_1_712' title='bbox 2989 4404 3240 4459; x_wconf 71' lang='lat' dir='ltr'><strong>pugnans</strong></span> <span class='ocrx_word' id='word_1_713' title='bbox 3268 4388 3510 4442; x_wconf 87' lang='lat' dir='ltr'><strong>caderet.</strong></span> 
     </span>
    </p>
   </div>
   <div class='ocr_carea' id='block_1_97' title="bbox 1929 4475 3521 4545">
    <p class='ocr_par' dir='ltr' id='par_1_97' title="bbox 1929 4475 3521 4545">
     <span class='ocr_line' id='line_1_97' title="bbox 1929 4475 3521 4545; baseline 0 -16"><span class='ocrx_word' id='word_1_714' title='bbox 1929 4475 2040 4531; x_wconf 88' lang='lat' dir='ltr'>Leo</span> <span class='ocrx_word' id='word_1_715' title='bbox 2073 4484 2132 4531; x_wconf 83' lang='lat' dir='ltr'>ut</span> <span class='ocrx_word' id='word_1_716' title='bbox 2170 4479 2435 4545; x_wconf 66' lang='lat' dir='ltr'><strong>praeclaro</strong></span> <span class='ocrx_word' id='word_1_717' title='bbox 2466 4478 2715 4532; x_wconf 82' lang='lat' dir='ltr'><strong>facinore</strong></span> <span class='ocrx_word' id='word_1_718' title='bbox 2746 4479 2948 4531; x_wconf 86' lang='lat' dir='ltr'><strong>illatam</strong></span> <span class='ocrx_word' id='word_1_719' title='bbox 2982 4478 3051 4531; x_wconf 86' lang='lat' dir='ltr'>ob</span> <span class='ocrx_word' id='word_1_720' title='bbox 3088 4478 3377 4531; x_wconf 87' lang='lat' dir='ltr'><strong>dissidium</strong></span> <span class='ocrx_word' id='word_1_721' title='bbox 3406 4477 3521 4530; x_wconf 83' lang='lat' dir='ltr'><strong>cla-</strong></span> 
     </span>
    </p>
   </div>
   <div class='ocr_carea' id='block_1_98' title="bbox 1928 4568 3515 4636">
    <p class='ocr_par' dir='ltr' id='par_1_98' title="bbox 1928 4568 3515 4636">
     <span class='ocr_line' id='line_1_98' title="bbox 1928 4568 3515 4636; baseline -0.002 -15"><span class='ocrx_word' id='word_1_722' title='bbox 1928 4569 2049 4623; x_wconf 91' lang='lat' dir='ltr'>dem</span> <span class='ocrx_word' id='word_1_723' title='bbox 2099 4569 2444 4632; x_wconf 85' lang='lat' dir='ltr'><strong>obliteraret,</strong></span> <span class='ocrx_word' id='word_1_724' title='bbox 2479 4584 2605 4623; x_wconf 82' lang='lat' dir='ltr'><strong>etnn</strong></span> <span class='ocrx_word' id='word_1_725' title='bbox 2654 4584 2754 4623; x_wconf 92' lang='lat' dir='ltr'>suo</span> <span class='ocrx_word' id='word_1_726' title='bbox 2806 4569 3075 4631; x_wconf 81' lang='lat' dir='ltr'><strong>exercitu,</strong></span> <span class='ocrx_word' id='word_1_727' title='bbox 3111 4569 3177 4623; x_wconf 90' lang='lat' dir='ltr'>iis</span> <span class='ocrx_word' id='word_1_728' title='bbox 3209 4570 3376 4621; x_wconf 89' lang='lat' dir='ltr'><strong>etiam</strong></span> <span class='ocrx_word' id='word_1_729' title='bbox 3414 4568 3515 4636; x_wconf 78' lang='lat' dir='ltr'>qui</span> 
     </span>
    </p>
   </div>
   <div class='ocr_carea' id='block_1_99' title="bbox 1926 4658 3515 4728">
    <p class='ocr_par' dir='ltr' id='par_1_99' title="bbox 1926 4658 3515 4728">
     <span class='ocr_line' id='line_1_99' title="bbox 1926 4658 3515 4728; baseline 0 -15"><span class='ocrx_word' id='word_1_730' title='bbox 1926 4675 1992 4713; x_wconf 81' lang='lat' dir='ltr'><strong>ex</strong></span> <span class='ocrx_word' id='word_1_731' title='bbox 2025 4660 2384 4728; x_wconf 81' lang='lat' dir='ltr'><strong>Prucopianis</strong></span> <span class='ocrx_word' id='word_1_732' title='bbox 2428 4659 2703 4713; x_wconf 87' lang='lat' dir='ltr'><strong>militibus</strong></span> <span class='ocrx_word' id='word_1_733' title='bbox 2742 4659 2953 4713; x_wconf 84' lang='lat' dir='ltr'><strong>cladem</strong></span> <span class='ocrx_word' id='word_1_734' title='bbox 2999 4669 3294 4714; x_wconf 84' lang='lat' dir='ltr'><strong>evaserant</strong></span> <span class='ocrx_word' id='word_1_735' title='bbox 3338 4658 3406 4713; x_wconf 82' lang='lat' dir='ltr'>ad</span> <span class='ocrx_word' id='word_1_736' title='bbox 3454 4674 3515 4713; x_wconf 86' lang='lat' dir='ltr'>se</span> 
     </span>
    </p>
   </div>
   <div class='ocr_carea' id='block_1_100' title="bbox 1928 4748 3514 4820">
    <p class='ocr_par' dir='ltr' id='par_1_100' title="bbox 1928 4748 3514 4820">
     <span class='ocr_line' id='line_1_100' title="bbox 1928 4748 3514 4820; baseline -0.001 -15"><span class='ocrx_word' id='word_1_737' title='bbox 1928 4751 2185 4820; x_wconf 82' lang='lat' dir='ltr'><strong>receptis,</strong></span> <span class='ocrx_word' id='word_1_738' title='bbox 2219 4748 2517 4804; x_wconf 86' lang='lat' dir='ltr'><strong>Tarentum</strong></span> <span class='ocrx_word' id='word_1_739' title='bbox 2554 4760 2820 4814; x_wconf 84' lang='lat' dir='ltr'><strong>castrum,</strong></span> <span class='ocrx_word' id='word_1_740' title='bbox 2873 4751 3018 4819; x_wconf 85' lang='lat' dir='ltr'><strong>quod</strong></span> <span class='ocrx_word' id='word_1_741' title='bbox 3060 4750 3292 4819; x_wconf 86' lang='lat' dir='ltr'><strong>Agarcni</strong></span> <span class='ocrx_word' id='word_1_742' title='bbox 3331 4750 3514 4804; x_wconf 82' lang='lat' dir='ltr'><strong>adhuc</strong></span> 
     </span>
    </p>
   </div>
   <div class='ocr_carea' id='block_1_101' title="bbox 1929 4842 3512 4913">
    <p class='ocr_par' dir='ltr' id='par_1_101' title="bbox 1929 4842 3512 4913">
     <span class='ocr_line' id='line_1_101' title="bbox 1929 4842 3512 4913; baseline -0.002 -17"><span class='ocrx_word' id='word_1_743' title='bbox 1929 4844 2204 4906; x_wconf 82' lang='lat' dir='ltr'><strong>tenebant,</strong></span> <span class='ocrx_word' id='word_1_744' title='bbox 2232 4843 2583 4913; x_wconf 81' lang='lat' dir='ltr'><strong>expugnavit,</strong></span> <span class='ocrx_word' id='word_1_745' title='bbox 2621 4844 2800 4911; x_wconf 86' lang='lat' dir='ltr'><strong>captis</strong></span> <span class='ocrx_word' id='word_1_746' title='bbox 2840 4844 2930 4909; x_wconf 86' lang='lat' dir='ltr'>qui</span> <span class='ocrx_word' id='word_1_747' title='bbox 2970 4842 3023 4894; x_wconf 89' lang='lat' dir='ltr'>in</span> <span class='ocrx_word' id='word_1_748' title='bbox 3055 4858 3121 4896; x_wconf 88' lang='lat' dir='ltr'>eo</span> <span class='ocrx_word' id='word_1_749' title='bbox 3148 4853 3304 4895; x_wconf 88' lang='lat' dir='ltr'><strong>erant</strong></span> <span class='ocrx_word' id='word_1_750' title='bbox 3328 4842 3512 4896; x_wconf 80' lang='lat' dir='ltr'><strong>omni-</strong></span> 
     </span>
    </p>
   </div>
   <div class='ocr_carea' id='block_1_102' title="bbox 1928 4932 3515 5005">
    <p class='ocr_par' dir='ltr' id='par_1_102' title="bbox 1928 4932 3515 5005">
     <span class='ocr_line' id='line_1_102' title="bbox 1928 4932 3515 5005; baseline 0.001 -16"><span class='ocrx_word' id='word_1_751' title='bbox 1928 4935 2031 4990; x_wconf 85' lang='lat' dir='ltr'>bus</span> <span class='ocrx_word' id='word_1_752' title='bbox 2061 4952 2075 5000; x_wconf 89' lang='lat'>;</span> <span class='ocrx_word' id='word_1_753' title='bbox 2108 4950 2218 5005; x_wconf 90' lang='lat' dir='ltr'>quo</span> <span class='ocrx_word' id='word_1_754' title='bbox 2257 4934 2400 4988; x_wconf 83' lang='lat' dir='ltr'><strong>facto</strong></span> <span class='ocrx_word' id='word_1_755' title='bbox 2428 4942 2482 4988; x_wconf 89' lang='lat' dir='ltr'>et</span> <span class='ocrx_word' id='word_1_756' title='bbox 2514 4935 2714 4988; x_wconf 89' lang='lat' dir='ltr'><strong>milites</strong></span> <span class='ocrx_word' id='word_1_757' title='bbox 2747 4936 2925 5002; x_wconf 64' lang='lat' dir='ltr'><strong>praeda</strong></span> <span class='ocrx_word' id='word_1_758' title='bbox 2959 4934 3102 4987; x_wconf 89' lang='lat' dir='ltr'><strong>haud</strong></span> <span class='ocrx_word' id='word_1_759' title='bbox 3150 4950 3337 5002; x_wconf 90' lang='lat' dir='ltr'><strong>parum</strong></span> <span class='ocrx_word' id='word_1_760' title='bbox 3369 4932 3515 5003; x_wconf 72' lang='lat' dir='ltr'><strong>juvit</strong></span> 
     </span>
    </p>
   </div>
   <div class='ocr_carea' id='block_1_103' title="bbox 1924 5021 3513 5097">
    <p class='ocr_par' dir='ltr' id='par_1_103' title="bbox 1924 5021 3513 5097">
     <span class='ocr_line' id='line_1_103' title="bbox 1924 5021 3513 5097; baseline -0.003 -17"><span class='ocrx_word' id='word_1_761' title='bbox 1924 5033 1978 5080; x_wconf 86' lang='lat' dir='ltr'>et</span> <span class='ocrx_word' id='word_1_762' title='bbox 2001 5026 2175 5094; x_wconf 88' lang='lat' dir='ltr'><strong>spolia</strong></span> <span class='ocrx_word' id='word_1_763' title='bbox 2209 5024 2275 5079; x_wconf 86' lang='lat' dir='ltr'>ad</span> <span class='ocrx_word' id='word_1_764' title='bbox 2309 5025 2695 5095; x_wconf 84' lang='lat' dir='ltr'><strong>imperatorem</strong></span> <span class='ocrx_word' id='word_1_765' title='bbox 2721 5024 2926 5077; x_wconf 87' lang='lat' dir='ltr'><strong>attulit.</strong></span> <span class='ocrx_word' id='word_1_766' title='bbox 2969 5021 3155 5097; x_wconf 85' lang='lat' dir='ltr'><strong>Neque</strong></span> <span class='ocrx_word' id='word_1_767' title='bbox 3183 5032 3363 5077; x_wconf 85' lang='lat' dir='ltr'><strong>tamen</strong></span> <span class='ocrx_word' id='word_1_768' title='bbox 3402 5024 3513 5077; x_wconf 87' lang='lat' dir='ltr'><strong>im-</strong></span> 
     </span>
    </p>
   </div>
   <div class='ocr_carea' id='block_1_104' title="bbox 1922 5117 3510 5185">
    <p class='ocr_par' dir='ltr' id='par_1_104' title="bbox 1922 5117 3510 5185">
     <span class='ocr_line' id='line_1_104' title="bbox 1922 5117 3510 5185; baseline 0.001 -16"><span class='ocrx_word' id='word_1_769' title='bbox 1922 5125 2230 5185; x_wconf 86' lang='lat' dir='ltr'><strong>peratorem</strong></span> <span class='ocrx_word' id='word_1_770' title='bbox 2256 5130 2321 5169; x_wconf 86' lang='lat' dir='ltr'>ea</span> <span class='ocrx_word' id='word_1_771' title='bbox 2350 5131 2436 5171; x_wconf 89' lang='lat' dir='ltr'>res</span> <span class='ocrx_word' id='word_1_772' title='bbox 2463 5117 2721 5185; x_wconf 87' lang='lat' dir='ltr'><strong>placavit,</strong></span> <span class='ocrx_word' id='word_1_773' title='bbox 2749 5117 2844 5170; x_wconf 88' lang='lat' dir='ltr'>sed</span> <span class='ocrx_word' id='word_1_774' title='bbox 2887 5118 2932 5171; x_wconf 90' lang='lat' dir='ltr'>is</span> <span class='ocrx_word' id='word_1_775' title='bbox 2967 5118 3059 5171; x_wconf 89' lang='lat' dir='ltr'>uhi</span> <span class='ocrx_word' id='word_1_776' title='bbox 3091 5117 3347 5185; x_wconf 69' lang='lat' dir='ltr'><strong>cognovit</strong></span> <span class='ocrx_word' id='word_1_777' title='bbox 3374 5131 3510 5170; x_wconf 66' lang='lat' dir='ltr'><strong>cauo</strong></span> 
     </span>
    </p>
   </div>
   <div class='ocr_carea' id='block_1_105' title="bbox 1921 5207 3516 5277">
    <p class='ocr_par' dir='ltr' id='par_1_105' title="bbox 1921 5207 3516 5277">
     <span class='ocr_line' id='line_1_105' title="bbox 1921 5207 3516 5277; baseline -0.001 -14"><span class='ocrx_word' id='word_1_778' title='bbox 1921 5224 2037 5263; x_wconf 75' lang='lat' dir='ltr'><strong>Sall]</strong></span> <span class='ocrx_word' id='word_1_779' title='bbox 2095 5208 2347 5277; x_wconf 85' lang='lat' dir='ltr'><strong>Procopii</strong></span> <span class='ocrx_word' id='word_1_780' title='bbox 2415 5208 2708 5273; x_wconf 90' lang='lat' dir='ltr'><strong>interitus,</strong></span> <span class='ocrx_word' id='word_1_781' title='bbox 2776 5207 3008 5263; x_wconf 84' lang='lat' dir='ltr'><strong>Leonem</strong></span> <span class='ocrx_word' id='word_1_782' title='bbox 3068 5209 3334 5277; x_wconf 82' lang='lat' dir='ltr'><strong>dignitate</strong></span> <span class='ocrx_word' id='word_1_783' title='bbox 3406 5222 3516 5261; x_wconf 72' lang='lat' dir='ltr'>sua</span> 
     </span>
    </p>
   </div>
   <div class='ocr_carea' id='block_1_106' title="bbox 1919 5300 3511 5368">
    <p class='ocr_par' dir='ltr' id='par_1_106' title="bbox 1919 5300 3511 5368">
     <span class='ocr_line' id='line_1_106' title="bbox 1919 5300 3511 5368; baseline -0.003 -13"><span class='ocrx_word' id='word_1_784' title='bbox 1919 5311 2144 5355; x_wconf 82' lang='lat' dir='ltr'><strong>exutum</strong></span> <span class='ocrx_word' id='word_1_785' title='bbox 2176 5302 2229 5355; x_wconf 89' lang='lat' dir='ltr'>in</span> <span class='ocrx_word' id='word_1_786' title='bbox 2253 5301 2579 5368; x_wconf 66' lang='lat' dir='ltr'><strong>Cotyteium,</strong></span> <span class='ocrx_word' id='word_1_787' title='bbox 2622 5302 2714 5356; x_wconf 90' lang='lat' dir='ltr'>ubi</span> <span class='ocrx_word' id='word_1_788' title='bbox 2748 5303 2995 5357; x_wconf 85' lang='lat' dir='ltr'><strong>habitare</strong></span> <span class='ocrx_word' id='word_1_789' title='bbox 3029 5300 3261 5367; x_wconf 78' lang='lat' dir='ltr'><strong>solebat,</strong></span> <span class='ocrx_word' id='word_1_790' title='bbox 3295 5300 3511 5367; x_wconf 71' lang='lat' dir='ltr'><strong>relega-</strong></span> 
     </span>
    </p>
   </div>
   <div class='ocr_carea' id='block_1_107' title="bbox 1921 5392 3512 5468">
    <p class='ocr_par' dir='ltr' id='par_1_107' title="bbox 1921 5392 3512 5468">
     <span class='ocr_line' id='line_1_107' title="bbox 1921 5392 3512 5468; baseline 0.002 -22"><span class='ocrx_word' id='word_1_791' title='bbox 1921 5394 2018 5446; x_wconf 78' lang='lat' dir='ltr'><strong>vit.</strong></span> <span class='ocrx_word' id='word_1_792' title='bbox 2056 5392 2264 5448; x_wconf 76' lang='lat' dir='ltr'><strong>Exinde</strong></span> <span class='ocrx_word' id='word_1_793' title='bbox 2293 5396 2553 5463; x_wconf 79' lang='lat' dir='ltr'><strong>Baianos,</strong></span> <span class='ocrx_word' id='word_1_794' title='bbox 2597 5400 2689 5468; x_wconf 88' lang='lat' dir='ltr'>qui</span> <span class='ocrx_word' id='word_1_795' title='bbox 2734 5396 2935 5452; x_wconf 89' lang='lat' dir='ltr'><strong>Leonis</strong></span> <span class='ocrx_word' id='word_1_796' title='bbox 2977 5400 3306 5467; x_wconf 84' lang='lat' dir='ltr'><strong>equisonum</strong></span> <span class='ocrx_word' id='word_1_797' title='bbox 3359 5397 3512 5465; x_wconf 66' lang='lat' dir='ltr'><strong>frin-</strong></span> 
     </span>
    </p>
   </div>
   <div class='ocr_carea' id='block_1_108' title="bbox 1920 5485 3507 5562">
    <p class='ocr_par' dir='ltr' id='par_1_108' title="bbox 1920 5485 3507 5562">
     <span class='ocr_line' id='line_1_108' title="bbox 1920 5485 3507 5562; baseline 0.003 -22"><span class='ocrx_word' id='word_1_798' title='bbox 1920 5501 2049 5557; x_wconf 78' lang='lat' dir='ltr'><strong>ceps</strong></span> <span class='ocrx_word' id='word_1_799' title='bbox 2117 5498 2255 5554; x_wconf 82' lang='lat' dir='ltr'><strong>erat,</strong></span> <span class='ocrx_word' id='word_1_800' title='bbox 2298 5492 2503 5562; x_wconf 80' lang='lat' dir='ltr'><strong>aliique</strong></span> <span class='ocrx_word' id='word_1_801' title='bbox 2551 5491 2798 5546; x_wconf 90' lang='lat' dir='ltr'><strong>nonnulli</strong></span> <span class='ocrx_word' id='word_1_802' title='bbox 2854 5490 2985 5545; x_wconf 87' lang='lat' dir='ltr'><strong>olim</strong></span> <span class='ocrx_word' id='word_1_803' title='bbox 3035 5489 3235 5545; x_wconf 85' lang='lat' dir='ltr'><strong>Leonis</strong></span> <span class='ocrx_word' id='word_1_804' title='bbox 3291 5485 3507 5545; x_wconf 55' lang='lat' dir='ltr'><strong>famuli.</strong></span> 
     </span>
    </p>
   </div>
   <div class='ocr_carea' id='block_1_109' title="bbox 1918 5580 3507 5656">
    <p class='ocr_par' dir='ltr' id='par_1_109' title="bbox 1918 5580 3507 5656">
     <span class='ocr_line' id='line_1_109' title="bbox 1918 5580 3507 5656; baseline -0.001 -25"><span class='ocrx_word' id='word_1_805' title='bbox 1918 5581 2188 5636; x_wconf 85' lang='lat' dir='ltr'><strong>actionem</strong></span> <span class='ocrx_word' id='word_1_806' title='bbox 2213 5584 2279 5639; x_wconf 90' lang='lat' dir='ltr'>de</span> <span class='ocrx_word' id='word_1_807' title='bbox 2307 5586 2598 5656; x_wconf 86' lang='lat' dir='ltr'><strong>majestate</strong></span> <span class='ocrx_word' id='word_1_808' title='bbox 2630 5584 2799 5640; x_wconf 87' lang='lat' dir='ltr'><strong>Leoni</strong></span> <span class='ocrx_word' id='word_1_809' title='bbox 2833 5583 3140 5639; x_wconf 86' lang='lat' dir='ltr'><strong>intendunt.</strong></span> <span class='ocrx_word' id='word_1_810' title='bbox 3173 5580 3331 5650; x_wconf 69' lang='lat' dir='ltr'><strong>Quod</strong></span> <span class='ocrx_word' id='word_1_811' title='bbox 3375 5594 3507 5634; x_wconf 84' lang='lat' dir='ltr'>cum</span> 
     </span>
    </p>
   </div>
   <div class='ocr_carea' id='block_1_110' title="bbox 1368 5689 2375 5752">
    <p class='ocr_par' dir='ltr' id='par_1_110' title="bbox 1368 5689 2375 5752">
     <span class='ocr_line' id='line_1_110' title="bbox 1368 5689 2375 5752; baseline 0.007 -7"><span class='ocrx_word' id='word_1_812' title='bbox 1368 5689 1724 5745; x_wconf 73' lang='lat' dir='ltr'>XYLANDRI</span> <span class='ocrx_word' id='word_1_813' title='bbox 1770 5692 1854 5745; x_wconf 71' lang='grc' dir='ltr'>ΕΤ</span> <span class='ocrx_word' id='word_1_814' title='bbox 1887 5693 2097 5749; x_wconf 69' lang='grc' dir='ltr'>(ΞΟᾹΙίΙ</span> <span class='ocrx_word' id='word_1_815' title='bbox 2142 5696 2375 5752; x_wconf 60' lang='lat' dir='ltr'>NOTAE.</span> 
     </span>
    </p>
   </div>
   <div class='ocr_carea' id='block_1_111' title="bbox 301 5783 1834 5861">
    <p class='ocr_par' dir='ltr' id='par_1_111' title="bbox 301 5783 1777 5855">
     <span class='ocr_line' id='line_1_111' title="bbox 301 5783 1777 5855; baseline -0.003 -13"><span class='ocrx_word' id='word_1_816' title='bbox 301 5784 413 5842; x_wconf 59' lang='lat'>(“-3</span> <span class='ocrx_word' id='word_1_817' title='bbox 454 5783 547 5839; x_wconf 64' lang='lat' dir='ltr'><strong>livi</strong></span> <span class='ocrx_word' id='word_1_818' title='bbox 612 5784 879 5841; x_wconf 55' lang='lat' dir='ltr'><strong>vestiaris:</strong></span> <span class='ocrx_word' id='word_1_819' title='bbox 937 5800 1046 5855; x_wconf 67' lang='grc' dir='ltr'>ιιιιι)</span> <span class='ocrx_word' id='word_1_820' title='bbox 1117 5783 1340 5853; x_wconf 64' lang='lat' dir='ltr'><strong>reliquis</strong></span> <span class='ocrx_word' id='word_1_821' title='bbox 1411 5783 1496 5837; x_wconf 62' lang='lat' dir='ltr'><strong>hit:</strong></span> <span class='ocrx_word' id='word_1_822' title='bbox 1554 5793 1777 5852; x_wconf 61' lang='grc' dir='ltr'>ψωθία</span> 
     </span>
    </p>
   </div>
   <div class='ocr_carea' id='block_1_112' title="bbox 1932 5783 3031 5861">
    <p class='ocr_par' dir='ltr' id='par_1_112' title="bbox 1933 5787 3031 5861">
     <span class='ocr_line' id='line_1_112' title="bbox 1933 5787 3031 5861; baseline 0.01 -25"><span class='ocrx_word' id='word_1_823' title='bbox 1933 5787 2114 5844; x_wconf 73' lang='lat' dir='ltr'><strong>ursius</strong></span> <span class='ocrx_word' id='word_1_824' title='bbox 2141 5790 2205 5846; x_wconf 77' lang='lat' dir='ltr'>de</span> <span class='ocrx_word' id='word_1_825' title='bbox 2239 5791 2325 5844; x_wconf 78' lang='lat' dir='ltr'><strong>illo</strong></span> <span class='ocrx_word' id='word_1_826' title='bbox 2358 5793 2523 5857; x_wconf 72' lang='lat' dir='ltr'><strong>rlarc,</strong></span> <span class='ocrx_word' id='word_1_827' title='bbox 2574 5792 2750 5861; x_wconf 67' lang='lat' dir='ltr'><strong>docte,</strong></span> <span class='ocrx_word' id='word_1_828' title='bbox 2790 5792 2909 5849; x_wconf 68' lang='lat' dir='ltr'><strong>fuse</strong></span> <span class='ocrx_word' id='word_1_829' title='bbox 2982 5809 3031 5849; x_wconf 76' lang='grc' dir='ltr'>ν.</span> 
     </span>
    </p>
   </div>
   <div class='ocr_carea' id='block_1_113' title="bbox 229 5852 401 5910">
    <p class='ocr_par' dir='ltr' id='par_1_113' title="bbox 229 5852 401 5910">
     <span class='ocr_line' id='line_1_113' title="bbox 229 5852 401 5910; baseline 0.023 -4"><span class='ocrx_word' id='word_1_830' title='bbox 229 5852 268 5905; x_wconf 55' lang='grc' dir='ltr'>(ὲ</span> <span class='ocrx_word' id='word_1_831' title='bbox 312 5869 401 5910; x_wconf 77' lang='grc' dir='ltr'><strong>.ι1;.</strong></span> 
     </span>
    </p>
   </div>
   <div class='ocr_carea' id='block_1_114' title="bbox 3119 5788 3493 5860">
    <p class='ocr_par' dir='ltr' id='par_1_114' title="bbox 3119 5788 3493 5860">
     <span class='ocr_line' id='line_1_114' title="bbox 3119 5788 3493 5860; baseline -0.016 -15"><span class='ocrx_word' id='word_1_832' title='bbox 3119 5788 3493 5860; x_wconf 68' lang='grc' dir='ltr'>Βεστιάμιος.</span> 
     </span>
    </p>
   </div>
  </div>
