4226 6442
238 409 368 481 Mil

1302 412 1354 472 II
1370 410 1845 473 iSTORIARUM
1890 410 2417 476 COMPENDIUNI.

3389 418 3529 483 1122

232 549 332 592 τας
366 530 717 599 Συρακούσας
768 533 1143 603 προσσχόντες
1187 532 1390 601 ταύτην
1441 532 1819 600 ἐπολιόρκουν,

1933 548 1991 587 re
2053 534 2355 603 imperator
2410 549 2440 587 a
2498 532 2762 602 prmfccto
2821 533 3022 589 Sicilia:
3072 534 3277 590 certior
3324 538 3524 599 laetus,

231 623 327 673 καὶ
358 622 428 674 τὰ
463 622 619 685 ἐκτὸς
649 623 841 693 ἐδῄουν
872 625 971 694 τῆς
1004 625 1190 695 χώρας
1242 627 1336 678 καὶ
1388 624 1687 694 ἐληΐζοντο.
1718 625 1825 675 Τοῦ

230 712 290 765 δὲ
326 712 635 781 στρατηγοῦ
681 714 779 782 τῆς
815 714 1067 778 Σικελίας
1110 715 1247 783 δῆλα
1298 714 1471 767 ταῦτα
1532 713 1719 776 οέντος
1749 715 1828 784 τῷ

236 803 472 873 βασιλεῖ,
505 806 712 869 εὐθέως
753 808 787 876 ἡ
822 810 1355 879 προευτρεπισὸεῖσα
1404 807 1637 877 ναυτικὴ
1668 807 1823 861 δύνα-

236 914 329 966 μις
364 898 468 951 κάν
503 900 570 965 τῇ
624 898 804 951 κτίσει
851 900 947 952 τοῦ
1003 900 1132 952 ναοῦ
1196 900 1638 970 προσεδρεύουσα
1691 901 1827 970 πρὸς

231 988 487 1042 Σικελίαν
525 990 897 1059 ἐκπέμπεται,
936 991 1215 1061 ’Δδριανὸν
1244 991 1334 1045 τὸν
1365 991 1654 1061 παιιρίκιον
1675 992 1828 1060 ἔχου-

231 1100 305 1135 σα
340 1084 646 1153 ναύαρχονο
690 1083 748 1146 ὃς
778 1085 876 1153 τῆς
936 1084 1207 1153 βασιλίδος
1267 1084 1509 1154 ἀπάρας,
1549 1084 1624 1153 μὴ
1663 1085 1826 1135 exiliu-

230 1175 414 1227 πλοῶν
458 1175 535 1239 δὲ,
572 1176 726 1245 μόλις
767 1177 1038 1245 κατῆλθεν
1087 1180 1168 1239 εἰς
1219 1176 1648 1244 Πελοπόννησον,
1685 1177 1826 1230 κατὰ

226 1269 419 1337 δὲτὴν
454 1270 850 1338 Μονεμϐασίαν
900 1274 957 1322 ὲν
1013 1270 1091 1340 τῷ
1124 1270 1448 1340 καλουμένῳ
1502 1271 1682 1339 λιμένι
1732 1272 1826 1325 τοῦ

244 1360 489 1427 Ἱερακος
517 1362 899 1431 προσορμίσας
924 1361 1560 1432 ἐπίφορονπροσεδέχετο
1583 1360 1822 1431 πνεῦμα.

242 1453 367 1505 Ἐπὶ
405 1456 541 1507 πολὺ
573 1455 629 1507 δὲ
663 1455 1145 1526 χρονοτριϐοἷνντος
1176 1454 1341 1507 αὑτοῦ
1374 1455 1515 1507 κατὰ
1548 1456 1639 1507 τίν
1674 1457 1825 1522 εἰρη-

227 1548 395 1614 μένον
447 1549 664 1618 λιμένα,
698 1551 793 1602 καὶ
841 1549 917 1619 μὴ
972 1548 1300 1618 βουλομένου
1334 1547 1477 1601 κατὰ
1514 1547 1614 1609 τὰς
1658 1564 1816 1615 νηνε-

226 1640 360 1706 μίας
402 1643 665 1709 εἰρεσίαις
691 1643 931 1711 χρῆσθαι
975 1641 1110 1712 μηδὲ
1166 1640 1302 1710 πρὸς
1358 1639 1602 1691 ἐναντίον
1635 1657 1822 1709 παρα-

225 1729 520 1797 βάλλεσθαι
555 1733 727 1800 κῦμα,
762 1733 871 1784 τῶν
919 1730 1242 1799 Ἀγαρηνῶν
1300 1729 1664 1799 σφοδρότερον
1702 1732 1824 1781 ἐπι-

222 1824 498 1890 κειμένων
552 1826 619 1893 τῇ
678 1821 971 1893 πολιορκίᾳ
1032 1821 1235 1892 συνέϐη
1292 1824 1392 1891 τὴν
1427 1822 1583 1874 πόλιν
1616 1822 1823 1875 ἁλῶναι

1937 640 2275 693 quamquam
2310 625 2579 678 classiarii
2610 632 2725 679 tum
2748 636 2934 679 essent
2964 627 3170 695 templo
3203 627 3527 681 aediﬁcando

1935 718 2212 784 occupati,
2248 726 2428 769 tamen
2456 730 2552 769 eos
2586 716 2727 770 duce
2763 716 3015 771 Adriano
3044 718 3277 785 patricio
3302 718 3357 771 in
3386 717 3529 771 Sici-

1937 809 2063 860 liam
2093 808 2280 861 mittit.
2311 808 2368 861 is
2402 822 2526 861 cum
2561 817 2772 861 rectum
2818 823 3041 863 cursum
3085 824 3196 862 non
3234 809 3528 874 tenuisset,

1932 916 2073 969 a‘gre
2118 904 2190 953 ad
2232 910 2451 969 portum
2500 901 2592 970 qui
2643 899 2837 954 Herax
2870 902 3095 967 dicitur,
3141 900 3528 955 Monembasia:

1934 994 1987 1047 in
2052 993 2431 1062 PelOpouncso
2494 994 2731 1058 vicinus,
2781 1010 2947 1048 naves
2994 995 3277 1065 applicuit,
3344 996 3529 1064 ibique

1933 1084 2239 1137 secundum
2287 1082 2512 1138 ventu'm
2558 1086 2912 1153 praestolatus
2950 1096 3053 1142 est.
3102 1088 3352 1157 Dumque
3390 1096 3531 1139 tem-

1932 1192 2036 1245 pus
2092 1176 2164 1227 ilsi
2217 1176 2366 1238 terit,
2407 1178 2599 1230 nolens
2628 1189 2791 1229 vento
2830 1193 2938 1230 non
2982 1179 3229 1245 spirante
3262 1179 3529 1247 navigare

1932 1277 2023 1320 aut
2051 1266 2346 1319 contrariis
2377 1281 2435 1319 se
2468 1268 2693 1321 credere
2725 1268 3007 1329 ﬂuctibus,
3041 1269 3265 1322 interim
3287 1269 3527 1340 Agareni

1937 1357 2337 1427 oppugnationi
2394 1359 2663 1412 instantes
2712 1358 3005 1426 Syracusis
3040 1361 3365 1429 potiuntur;
3403 1380 3523 1417 ma-

1928 1465 2143 1519 gnaque
2164 1449 2309 1503 aede
2331 1450 2493 1512 edita,
2516 1452 2725 1521 1035
2739 1462 2791 1506 et
2816 1454 2907 1521 qui
2938 1464 3263 1523 supererant
3290 1457 3524 1521 captivis

1929 1544 2205 1605 abductis,
2248 1544 2435 1595 urbem
2463 1544 2691 1597 diruunt
2721 1561 2784 1599 ac
2808 1546 2931 1599 fana
2963 1548 3083 1616 ejus
3113 1550 3370 1602 incendio
3401 1565 3523 1618 pcr-

1929 1636 2086 1689 dunt.
2123 1634 2198 1688 Ita
2234 1637 2363 1689 urbs
2397 1651 2458 1688 ea
2481 1676 2495 1699 ,
2528 1636 2797 1691 hactenus
2830 1638 2972 1690 lania
3016 1640 3274 1702 celebris,
3309 1651 3363 1695 et
3400 1656 3524 1709 qua).

1930 1730 2095 1779 mn|t:i
2142 1727 2510 1780 Barbaiorum
2554 1728 2939 1797 proﬂigavcrat
2966 1730 3129 1795 bella,
3163 1736 3523 1802 exiguo.tcm—

1931 1821 2079 1888 puris
2121 1823 2301 1887 spatio
2339 1819 2586 1875 funditus
2609 1822 2787 1888 periit.

222 1914 321 1966 καὶ
355 1916 462 1967 τῶν
489 1917 547 1968 ὲν
586 1918 722 1985 αὐτῇ
755 1917 915 1986 φόνον
943 1916 1201 1983 γενέσθαι
1229 1914 1421 1979 πολὺν,
1462 1916 1593 1977 τοὺς
1651 1914 1709 1968 δὲ
1774 1913 1998 1973 λοιποὺς
2045 1911 2575 1981 αἰχμαλωτισθῆναι,
2629 1916 3054 1984 κατασκαφῆναι
3108 1916 3166 1969 δὲ
3242 1919 3339 1969 καὶ
3419 1921 3518 1988 τὴν

223 2007 404 2071 πόλιν,
438 2008 680 2071 καὶτοὺς
706 2024 765 2063 εν
793 2008 931 2077 αὐτῇ
968 2007 1392 2078 πυρποληθῑψαι
1428 2011 1606 2074 Θείους
1637 2010 1819 2073 ναοὺς,
1850 2008 2177 2079 περιϐόητον
2208 2009 2305 2061 καὶ
2333 2008 2593 2078 λαμπρὰν
2624 2010 2787 2078 μέχρι
2850 2012 3004 2062 τοῦδε
3061 2015 3361 2084 γενομένην
3423 2012 3519 2070 καὶ

220 2105 457 2167 πολλοὺς
496 2103 866 2175 βαρϐαρικοὺς
915 2107 1362 2178 ἁποσεισαμένην
1419 2107 1718 2176 πολέμους,
1756 2108 1815 2159 ὲν
1851 2092 2051 2175 άκαρεἰ
2070 2104 2126 2156 δὲ
2155 2105 2335 2175 χρόνῳ
2366 2106 2549 2159 πᾶσαν
2568 2105 3011 2175 ἀποϐεϐληκυῖαν
3080 2106 3180 2176 τὴν
3240 2106 3513 2164 εὔκλειαν.

298 2196 407 2249 ⁷1ὀῦ
465 2197 524 2249 δὲ
565 2196 875 2264 συμϐάντος
916 2198 1171 2267 αἴσθησιν
1214 2196 1413 2251 ἐλαϐεν
1453 2200 1483 2251 ό
1536 2198 1818 2270 Ἀδριανὸς

1995 2194 2277 2251 Excidium
2331 2196 2742 2267 Syracusanum
2777 2199 3051 2255 Adrianus
3093 2200 3196 2255 hoc
3236 2204 3398 2258 modo
3418 2218 3516 2258 co-

220 2291 420 2345 τοῦτον
452 2291 544 2344 τδν
594 2289 816 2360 τρόπον’
851 2290 895 2342 Τ
898 2291 1031 2353 όπος
1062 2291 1179 2343 ἐστὶ
1222 2292 1365 2345 κατὰ
1392 2291 1492 2361 τὴν
1546 2292 1819 2345 Πελοπόν-

222 2400 391 2452 νησον
429 2382 588 2443 Ἕλος
640 2384 1209 2453 προσαγορευόμενος,
1250 2382 1340 2435 διὰ
1391 2383 1454 2435 τὸ
1507 2382 1813 2453 συνηρεφὲς

222 2478 325 2547 τῆς
354 2479 535 2530 ἐκεῖσε
587 2476 719 2545 ὕλης
756 2477 963 2547 ταύτην
1021 2475 1205 2547 λαχὼν
1251 2478 1351 2549 τὴν
1398 2479 1815 2549 προσωνυμίαν.

236 2568 327 2620 Ἑν
357 2568 530 2638 τούτῳ
559 2567 619 2619 τὸ
649 2566 761 2619 τῶν
803 2565 1089 2637 Ῥωμαίων
1118 2566 1372 2637 ηὐλίζετο
1391 2569 1671 2621 ναυτικόν.
1703 2568 1821 2638 Μιᾷ

222 2659 359 2726 γοῦν
396 2658 505 2711 τῶν
541 2658 755 2710 νυκτῶν
789 2658 898 2711 τῶν
937 2660 1119 2711 ἐκεῖσε
1168 2658 1576 2713 κατοικούντων
1624 2659 1818 2728 δαιμό-

223 2768 332 2801 νων
366 2750 503 2819 πρὸς
523 2748 789 2819 ἀλλήλους
826 2748 1232 2817 διαλεγομένων
1282 2751 1522 2819 ἥκουσαν
1550 2753 1600 2805 οι
1633 2756 1818 2820 νομεῖς

222 2843 300 2903 ὡς
340 2841 484 2894 ἑάλω
516 2840 615 2912 τὴν
644 2840 772 2911 χθὲς
797 2843 1014 2911 ἡμέραν
1046 2842 1369 2909 Συράκουσα
1407 2843 1504 2895 καὶ
1544 2844 1819 2896 κατέσκα-

223 2951 377 2987 πται.
424 2932 514 2997 Ἐξ
542 2934 729 2999 ἑτέρου
762 2934 817 2985 δὲ
851 2935 990 3002 πρὸς
1046 2934 1237 3003 ἕτερον
1280 2934 1817 3005 διαπορθμευομένου

222 3025 321 3077 τοῦ
354 3025 539 3092 λόγου,
573 3024 774 3093 ἔφθασε
830 3027 925 3077 καὶ
973 3024 1113 3094 πρὸς
1149 3024 1427 3095 ’Δδριανδν
1462 3026 1522 3079 τὸ
1546 3026 1816 3098 διήγημα.

226 3113 315 3188 [Ρ.
350 3114 478 3187 586]
514 3116 573 3168 ’0
606 3116 661 3169 δὲ
695 3116 821 3178 τοὺς
868 3116 1134 3185 ποιμένας
1180 3116 1694 3187 μετακαλεσάμενος
1722 3119 1817 3171 καὶ

224 3210 769 3281 πολυπραγμονήσας
806 3205 931 3280 εὗρε
966 3208 1034 3261 τά
1074 3209 1413 3263 ακουσθέντα
1444 3213 1558 3273 τοῖς
1584 3212 1813 3265 ἐκείνων

225 3301 686 3372 ὲπιϐεϐαιούμενα
725 3301 924 3369 λόγοις.
960 3300 1257 3370 Βουληθεὶς
1289 3303 1347 3355 δὲ
1404 3303 1503 3355 καὶ
1547 3304 1816 3373 αὐτήκοος

222 3394 499 3461 γενέσθαι,
537 3396 678 3464 μετὰ
706 3394 814 3448 τῶν
848 3396 1124 3463 ποιμένων
1147 3395 1205 3447 ὲν
1238 3394 1316 3465 τῷ
1342 3395 1493 3464 τόπῳ
1522 3398 1815 3465 γενόμενος

224 3487 322 3538 καὶ
352 3486 420 3538 δι’
447 3486 625 3539 αὐτῶν
677 3485 948 3556 ἐρώτησιν
1002 3488 1115 3548 τοῖς
1164 3484 1383 3555 δαίμοσι
1417 3490 1813 3557 προσαγηοχὼς

1920 2291 2131 2361 gnovit.
2197 2289 2381 2344 Locus
2440 2298 2523 2343 est
2585 2292 2637 2344 in
2696 2289 3091 2361 Peloponneso,
3148 2295 3218 2348 ab
3245 2298 3516 2363 opacitate

1922 2385 2095 2447 silva,
2125 2398 2232 2453 qua
2269 2391 2352 2437 est
2383 2383 2660 2446 consitus,
2693 2382 2855 2439 llelos
2907 2386 3236 2454 appellatus.
3275 2387 3352 2441 Eo
3393 2389 3515 2444 loco

1920 2472 2181 2528 [tentante
2250 2482 2364 2528 tum
2416 2489 2589 2527 naves
2641 2474 2693 2528 in
2747 2476 2981 2529 statione
3030 2486 3208 2533 erant.
3264 2479 3514 2545 Quadam

1920 2573 2081 2621 nocte
2113 2577 2362 2635 pastores
2388 2567 2648 2621 audivere
2692 2566 3000 2621 daemonum
3069 2571 3143 2624 ibi
3198 2572 3514 2642 degentium

1919 2673 2109 2713 vocem
2167 2658 2311 2712 inter
2364 2673 2427 2712 se
2488 2658 2918 2728 colloquentium
2980 2672 3035 2715 ct
3084 2662 3262 2731 pridie
3326 2673 3517 2735 captas

1919 2749 2241 2819 excisasque
2288 2746 2600 2817 Syracusas
2680 2750 3047 2805 narrantium.
3098 2752 3147 2806 ls
3203 2764 3384 2806 sermo
3446 2755 3517 2807 ab

1920 2842 2045 2896 aliis
2071 2842 2140 2895 ad
2177 2842 2317 2897 alios
2351 2851 2680 2911 pervagatus
2701 2844 2920 2897 tandem
2970 2844 3134 2898 etiam
3192 2844 3262 2899 ad
3307 2844 3507 2900 Adria-

1919 2946 2048 2983 num
2096 2931 2339 3001 pertigit.
2391 2930 2547 2999 Isque
2607 2933 2675 2983 ad
2724 2946 2785 2985 se
2836 2934 3044 2988 vocatis
3100 2934 3416 3004 pastoribus
3454 2944 3511 2989 et

1917 3024 2246 3079 examinatis
2281 3022 2641 3091 deprehendit
2670 3040 2947 3078 rumorem
2996 3024 3063 3077 ad
3122 3040 3180 3080 se
3237 3026 3509 3095 perlatum

1918 3113 2161 3180 ipsorum
2192 3113 2375 3168 verbis
2393 3114 2734 3170 mulirmari.
2791 3112 2969 3183 thue
2997 3115 3115 3169 suis
3147 3116 3317 3169 etiam
3363 3116 3515 3169 auri-

1917 3202 2021 3259 bus
2061 3204 2221 3260 ﬁdem
2249 3204 2327 3258 rei
2371 3205 2649 3273 probaret,
2679 3206 2977 3274 perductus
3003 3204 3073 3259 ad
3100 3219 3225 3260 eum
3266 3207 3445 3260 locum
3481 3223 3511 3261 a

1918 3297 2257 3367 pastoribus,
2292 3297 2677 3367 darmonesqne
2704 3312 2892 3351 eorum
2942 3312 3107 3365 opera
3140 3306 3511 3366 percontatus,

1917 3388 2238 3457 captasjam
2269 3403 2393 3443 esse
2424 3387 2731 3458 Syracusas
2788 3388 3017 3442 audivit.
3076 3388 3251 3455 Quam
3310 3404 3377 3443 ex
3442 3406 3511 3445 eo

1920 3481 2123 3535 indicio
2157 3481 2325 3534 animi
2351 3489 2707 3536 contraxerat
2737 3480 3140 3551 aegritudinem,
3170 3496 3244 3537 co
3266 3482 3507 3537 leniebat

223 3580 459 3647 ἤκουσεν
488 3576 561 3638 ὡς
590 3576 691 3646 ἤδη
894 3576 1240 3645 Συράκουσα.
1259 3550 1271 3555 -
1298 3550 1592 3648 Ἀδημονίᾳ
1609 3550 1683 3631 ’δὲ
1704 3550 1810 3631 ⁷καὶ

1920 3590 1986 3628 ac
2034 3589 2160 3629 8:68
2202 3574 2591 3628 consolabatur
2657 3575 2805 3643 quod
2874 3573 3152 3627 fallacium
3200 3574 3508 3630 daemonum

222 3667 371 3739 λύπῃ
400 3666 625 3736 ληφθεὶς
660 3666 823 3720 πάλιν
870 3666 1102 3737 ἀνέφερε
1138 3668 1233 3720 καὶ
1266 3668 1639 3738 παρεμυθεῖτο
1683 3671 1809 3722 ἐαυ-

220 3761 335 3820 τὸν,
368 3759 441 3828 μὴ
477 3758 673 3828 χρῆναι
732 3758 1012 3810 πιστεύειν
1063 3756 1268 3827 κρίνων
1308 3758 1488 3827 λόγοις
1538 3761 1808 3831 δαιμόνων

222 3849 545 3919 ἀπατηλοῖς.
594 3849 1006 3919 Ἐσημειὼσατο
1041 3850 1097 3903 δὲ
1128 3850 1267 3913 τέως
1303 3851 1402 3920 τήν
1430 3852 1663 3921 ήμέραν.
1696 3854 1808 3905 Καὶ

226 3943 368 4012 μετὰ
393 3942 627 4012 δεκάτην
659 3938 798 4013 ἧκον
830 3943 1161 4011 αὐτάγγελοι
1185 3941 1295 3996 τῶν
1346 3943 1599 4009 φυγάδων
1626 3943 1687 3994 τὸ
1715 3960 1806 4010 γε-

220 4036 381 4103 γονὸς
412 4036 669 4106 ἀτύχημα
696 4036 1067 4105 διηγούμενοι.
1098 4035 1229 4105 ἰ⁹Δ’ρ’
1260 4028 1335 4088 ὧν
1359 4035 1805 4106 πληροφορηθεὶς

219 4131 248 4180 ό
290 4128 570 4197 Ἀδριανὸς
610 4129 775 4191 εὐθὺς
822 4128 1145 4195 ἀνεζεύγνυ,
1180 4128 1275 4180 καὶ
1300 4128 1399 4197 τὴν
1428 4127 1673 4196 βασιλίδα
1702 4146 1804 4181 τα-

219 4220 363 4289 χέως
397 4220 535 4288 μετὰ
555 4220 649 4272 τοῦ
675 4220 863 4272 στόλου
896 4219 1330 4290 καταλαμϐάνει,
1364 4220 1457 4271 καὶ
1480 4222 1547 4290 τῇ
1573 4220 1801 4293 Μεγάλῃ

220 4312 491 4383 ἐκκλησίᾳ
550 4312 735 4383 ἱκέτης
782 4313 1149 4381 προσέφυγεν.
1189 4311 1330 4363 Ἀλλ’
1364 4310 1516 4363 οὐδὲν
1536 4311 1697 4363 αὐτὸν
1722 4312 1803 4375 είς

220 4405 462 4475 παντελῆ
491 4404 781 4475 ἀποφυγὴν
802 4403 1015 4474 ὤνησεν
1040 4404 1074 4474 ή
1104 4402 1395 4472 καταφυγή
1417 4419 1429 4429 ’
1462 4400 1674 4454 ἐκεῖθεν
1692 4402 1801 4474 γὰρ

218 4496 602 4559 ἀποσπασθεὶς
634 4495 928 4565 ἐξωρίσθη.

305 4588 724 4642 ’Δποστέλλεται
782 4586 839 4640 δὲ
888 4584 1161 4652 Στέφανος
1214 4584 1245 4635 ὁ
1298 4584 1397 4654 τὴν
1431 4585 1801 4657 προσηγορίαν

218 4678 522 4744 Μαξὲντιος
546 4681 576 4731 ό
612 4677 1011 4744 Καππαδόκης,
1050 4674 1188 4743 μετά
1216 4692 1279 4728 τε
1304 4675 1536 4745 Θρᾳκῶν
1562 4677 1655 4729 καὶ
1679 4678 1800 4730 Μα-

219 4770 455 4823 κεδόνων
516 4772 606 4823 καὶ
668 4771 1055 4823 Καππαδοκῶν
1115 4771 1435 4834 ἐπιλέκτων,
1495 4767 1800 4837 στρατηγὸς

220 4860 661 4930 Λαγγοϐαρδίας.
690 4862 801 4914 Καὶ
826 4862 1036 4931 ταύτην
1067 4860 1394 4915 καταλαϐὼν
1426 4860 1521 4913 καὶ
1546 4858 1613 4910 δι’
1634 4859 1797 4910 ἀναν·
1832 4902 1876 4957 D

220 4954 379 5021 δρίαν
424 4957 519 5006 καὶ
561 4953 776 5025 τρυφὴν
810 4954 976 5024 μηδὲν
1004 4953 1154 5018 ἄξιον
1174 4954 1334 5022 λόγου
1364 4950 1800 5019 διαπραξάμενος

219 5044 564 5115 παραλύεται
593 5046 693 5115 τῆς
720 5046 917 5116 ἀρχῆς.
955 5045 1369 5099 ’Δποστὲλλεται
1402 5044 1459 5096 δὲ
1489 5043 1603 5095 ἀντ’
1634 5037 1801 5093 αὑτοῦ

221 5136 535 5207 Νικηφόρος
579 5138 609 5190 ὁ
660 5140 803 5191 κατὰ
848 5138 940 5217 τὸν
977 5138 1171 5191 Φωκᾶν
1236 5132 1799 5205 προσαγορευόμενος,

222 5229 365 5299 ἀνὴρ
390 5229 641 5295 γενναῖός
667 5246 727 5281 τε
778 5229 875 5282 καὶ⁵
906 5229 1256 5301 δραστήριος.
1302 5227 1570 5296 Ἐπήγετο
1592 5222 1649 5276 δὲ
1679 5221 1800 5291 μεθ’

221 5320 422 5373 ἑαυτοῦ
469 5320 700 5391 δύναμιν
748 5338 808 5373 τε
867 5321 1060 5391 ἱκανὴν
1109 5321 1204 5373 καὶ
1239 5319 1428 5387 τάγμα
1454 5314 1798 5384 Μανιχαίων,

221 5412 452 5482 ιξαρχον
485 5411 608 5481 ἕχον
640 5414 730 5465 τὸν
763 5412 1132 5482 Χρυσόχειρον
1153 5412 1513 5478 Διακονίτζην
1540 5406 1636 5475 (Ι).
1682 5406 1799 5457 Κα-

219 5502 476 5559 ταλαϐὼν
512 5498 606 5557 οὖν
648 5504 740 5557 τὸν
766 5504 930 5557 τόπον
958 5505 1053 5557 καὶ
1080 5505 1199 5566 ταῖς
1231 5501 1371 5573 μετὰ
1399 5500 1495 5553 τοῦ
1524 5497 1799 5564 Στεφάνου

1917 3665 2101 3722 verbis
2133 3666 2290 3721 ﬁdem
2330 3682 2435 3721 non
2492 3667 2858 3721 adhibendam
2910 3668 3159 3722 sentiret.
3215 3666 3363 3722 Diem
3428 3678 3509 3722 ta-

1917 3775 2041 3813 men
2068 3759 2137 3813 ab
2176 3760 2243 3814 iis
2281 3760 2579 3814 indicatum
2628 3760 2932 3816 annotavit.
2970 3762 3193 3815 Decimo
3217 3771 3341 3831 post
3395 3764 3505 3828 die,

1915 3850 2484 3921 quieSyracusarum
2544 3852 2715 3906 exitio
2772 3852 2898 3921 fuga
2949 3865 3259 3917 evaserant,
3324 3856 3504 3907 nuntii

1913 3941 2035 4008 ejus
2068 3942 2397 3996 calamitatis
2422 3952 2710 3996 venerunt.
2750 3942 3029 3998 Adrianus
3053 3944 3189 3997 nihil
3243 3944 3355 4013 iam
3398 3946 3504 3999 du-

1911 4030 2096 4085 bitans
2120 4044 2184 4085 ea
2216 4031 2283 4086 de
2315 4048 2373 4085 re
2438 4033 2623 4085 statim
2675 4048 2801 4087 cum
2838 4034 3015 4089 classe
3063 4034 3275 4103 Cpolim
3320 4036 3501 4101 rediit,

1912 4123 2253 4193 supplexque
2281 4124 2336 4178 in
2366 4124 2595 4194 1036
2613 4124 2865 4194 Magnum
2898 4127 3185 4194 Templum
3232 4128 3500 4199 confugit.

1911 4214 2098 4285 Neque
2113 4218 2535 4273 tamenomnino
2555 4232 2681 4271 eum
2699 4231 2761 4269 ea
2779 4218 3104 4287 supplicatio
3119 4218 3389 4282 liberavit,
3404 4219 3503 4273 sed

1909 4308 2135 4363 avulsus
2158 4309 2365 4379 templo
2411 4310 2593 4366 solum
2645 4310 2826 4365 exsilii
2878 4324 3046 4365 causa
3102 4318 3315 4366 vertere
3369 4327 3502 4368 coa-

1908 4407 2031 4455 ctus
2056 4408 2162 4455 est.

1982 4577 2190 4634 Missus
2213 4578 2417 4634 deinde
2455 4580 2522 4633 ad
2584 4579 2995 4650 gubernandam
3069 4577 3497 4649 Longibardiam

1912 4671 2233 4740 Stephanus
2267 4681 2635 4741 cognomento
2663 4671 2969 4726 Maxentius
3023 4672 3339 4741 Cappadox,
3368 4686 3494 4724 cum

1907 4761 2125 4816 delecto
2198 4761 2498 4825 Thracum,
2544 4762 2902 4817 Macedonum
2980 4778 3045 4817 ac
3107 4763 3493 4833 Cappadocum

1908 4854 2175 4918 exercitu,
2199 4868 2325 4907 cum
2354 4854 2407 4906 in
2436 4853 2777 4923 provinciam
2807 4853 3047 4908 venisset
3100 4869 3167 4908 ac
3213 4854 3293 4907 ob
3341 4854 3498 4923 igna-

1909 4945 2049 4999 viam
2114 4950 2170 4998 et
2220 4942 2415 4996 luxum
2469 4942 2681 4995 nullum
2755 4942 2959 4997 faceret
3016 4957 3197 5011 operae
3236 4944 3493 5011 pretium,

1901 5036 2132 5105 imperio
2162 5042 2365 5088 exutus
2395 5041 2500 5086 est.
2533 5033 2664 5102 Ejus
2703 5033 2827 5087 loco
2858 5030 3201 5101 Nicephorus
3260 5032 3491 5094 missus.

1899 5126 2227 5196 cognomine
2264 5123 2499 5189 Pbocas,
2553 5126 2717 5178 homo
2759 5139 3057 5193 generosus
3113 5133 3169 5179 et
3207 5133 3489 5186 strenuus,

1898 5234 2023 5274 cum
2050 5217 2266 5271 idoneis
2287 5216 2464 5284 copiis
2499 5227 2553 5269 et
2578 5217 2809 5271 cobm-te
2840 5216 3286 5281 Manichaeorum,
3322 5230 3490 5285 quam

1902 5306 2294 5378 Chrysoobiris
2323 5306 2670 5362 Diaconitzes
2699 5309 2961 5363 ducebat.
2997 5310 3050 5364 Is
3081 5308 3367 5378 provincia
3393 5322 3493 5363 oc-

1904 5411 2125 5471 cupata,
2152 5414 2279 5453 cum
2310 5399 2413 5453 sibi
2441 5402 2719 5456 exercitus
2756 5401 3022 5469 Stephani
3078 5400 3486 5471 conjunxisset,

1906 5491 2112 5545 multas
2137 5490 2207 5544 de
2236 5487 2569 5545 Sarraccnis
2602 5493 2909 5561 reportavit
2959 5493 3241 5548 victorias.
3305 5492 3491 5547 Primo

1342 5659 1693 5719 XYLANDRI
1733 5659 1820 5713 ET
1859 5652 2071 5713 GOARI
2118 5652 2353 5709 ΝΟΤΛΕ.

292 5788 373 5857 (I)
422 5786 599 5842 Credo
644 5786 811 5841 filium
852 5785 1259 5858 Ch_rysocbiris__
1290 5782 1499 5858 fuisse,
1539 5778 1662 5858 ejus
1705 5778 1799 5858 qui

224 5851 388 5929 supra
420 5858 731 5914 ostenditur
778 5851 1118 5913 interfectus.
1175 5853 1391 5922 Alioqui
1426 5851 1688 5906 famulum
1723 5851 1799 5905 si-

1907 5774 2130 5845 gniﬁcat
2161 5789 2285 5835 vox,
2316 5772 2875 5845 {ormaoiminntivm
2895 5788 2926 5828 a
2947 5772 3203 5840 diacono,
3232 5779 3293 5828 ut
3310 5769 3489 5827 Theo-

1906 5842 2158 5914 philitzcs
2177 5858 2277 5913 pro
2313 5842 2643 5913 Thcophilo.
2686 5842 2815 5899 Xu.
