4226 6442
213 412 360 483 1125

1314 412 1359 470 li
1375 413 1620 470 iS'l'Uiil
1638 415 1673 468 ,Χ
1689 411 1846 472 RUM
1895 413 2193 472 (IOE‘dI‘EX
2208 416 2274 473 Di
2293 415 2333 473 υ
2347 415 2422 472 .‘d.

3348 416 3366 478 1
3395 412 3490 479 126

211 530 348 595 ligas
386 522 520 576 νεὼν
551 519 796 591 ήεὼιντα
830 519 905 588 (4)
939 519 1077 571 κατὰ
1127 521 1224 590 τὴν
1283 538 1523 589 ποιησιν.
1559 524 1669 574 Καὶ
1703 526 1792 575 τὸν

1899 526 2191 579 exstruxit.
2247 525 2359 578 lloc
2391 526 2548 580 modo
2575 526 2738 578 etiam
2767 527 3092 583 instauravit
3145 529 3320 584 aedem
3360 532 3490 585 Ste-

212 617 276 667 ἐν
304 617 370 684 τῇ
424 612 582 679 [In-{f1
633 608 691 662 δὲ
721 609 795 677 (5)
851 610 947 676 τῆς
987 608 1252 661 Θεοτόκου
1305 608 1432 662 ναδν
1487 610 1547 660 τὸ
1575 611 1800 680 ἀρχαῖον

212 705 560 762 ἀποϐαλόντα
602 704 799 765 κάλλος
837 703 1194 756 ἀνενεώσατο.
1237 703 1347 755 Kal.
1390 703 1484 755 τὸν
1515 703 1701 774 ἓτερον
1743 706 1798 757 δὲ

215 803 319 868 τῆς
359 799 626 850 Θεοτόκου
685 794 835 860 ναὸν,
893 794 952 857 ὃς
998 796 1060 847 τὸ
1111 796 1290 865 Σῖγμα
1343 795 1798 865 κατονομάζεται,

211 897 398 948 τέλεον
421 895 526 948 ὑπὸ
559 891 782 962 σεισμοῦ
817 893 1220 956 καταπεσόντα,
1261 893 1325 943 ἐκ
1353 890 1566 962 βάθρων
1591 893 1800 962 ἀνῳκο-

215 987 424 1057 δόμησε
474 985 568 1036 καὶ
613 985 828 1054 ἑδραῖον
877 983 971 1036 καὶ
1032 982 1367 1050 ὡραιότατον
1436 983 1470 1054 ἢ
1534 985 1801 1052 πρότερον

212 1079 613 1146 ὀπειργάσατο’
671 1078 764 1129 καὶ
798 1077 889 1129 τὸν
923 1078 980 1127 ὲν
1007 1073 1367 1144 Αὐρηλιαναῖς
1402 1075 1672 1144 Στεφάνου
1707 1075 1800 1126 τοῦ

214 1171 692 1241 πρωτομάρτυρος
719 1170 878 1238 ἄχρις
911 1168 1143 1235 ἐδάφους
1178 1169 1555 1220 καταπεσόντα
1601 1168 1665 1218 ἐκ
1708 1167 1799 1218 Οε-

216 1262 420 1333 μελίων
463 1263 744 1332 ἀνήγειρε.
790 1259 899 1313 Καὶ
946 1260 1070 1321 τοὺς
1110 1257 1204 1310 δύο
1253 1259 1309 1310 δὲ
1367 1257 1459 1309 τοῦ
1493 1255 1797 1310 Βαπτιστοῦ

215 1356 419 1420 σηκοὺς
451 1353 508 1404 ἕν
540 1370 599 1404 τε
642 1355 709 1421 τῇ
753 1350 1046 1419 Στροεήλῳ
1092 1349 1186 1400 καὶ
1216 1348 1678 1410 Μακεδονιαναῖς,
1706 1347 1797 1400 τὸν

218 1447 320 1511 μὲν
349 1447 411 1496 ἐκ
449 1443 665 1512 βάθρων
711 1442 992 1510 ἀνήγειρε,
1018 1440 1112 1491 τοῦ
1136 1439 1192 1492 δέ
1219 1437 1280 1490 τὸ
1308 1439 1560 1490 πλεῖστον
1589 1440 1796 1507 ἀνῳκο-

209 1536 441 1603 δόμησε.
485 1534 594 1584 Καὶ
623 1533 714 1585 τὸν
735 1531 826 1584 τοῦ
848 1529 1146 1584 ἀποστόλου
1183 1529 1238 1581 δὲ
1260 1529 1552 1592 Φιλίππου,
1582 1531 1674 1581 καὶ
1705 1528 1796 1580 τὸν

213 1631 356 1698 προς
416 1627 657 1695 ἑσπέραν
718 1625 886 1678 αὐτοῦ
950 1625 1204 1692 κείμενον
1255 1623 1348 1676 τοῦ
1404 1623 1794 1690 εὐαγγελιστοῦ

211 1719 424 1781 Αουκᾶ,
459 1719 659 1785 πτῶμα
692 1715 958 1776 πεσόντας
987 1715 1185 1779 δεινὸν,
1231 1716 1294 1765 ἐκ
1324 1714 1540 1784 βάθρων
1579 1716 1794 1766 ἀνέκτι-

213 1826 331 1863 σεν.
377 1808 774 1876 Ἐτ-εποιήσατο
798 1805 855 1855 δὲ
899 1804 994 1856 καὶ
1032 1806 1092 1856 τὸ
1127 1805 1270 1872 μέγα
1308 1805 1534 1867 τέμενος
1568 1804 1790 1855 Mor/.50!)

1909 616 2076 685 phani
2129 627 2427 688 martyium
2458 618 2744 687 principis,
2777 633 2898 686 quae
2930 620 2984 674 in
3012 621 3327 677 Aurelianis
3345 637 3483 677 eon-

1907 709 2016 763 dita
2052 708 2201 762 humi
2253 711 2643 778 procubuerat.
2690 708 2948 779 Baptism
3009 712 3133 766 fana
3182 713 3317 780 duo,
3351 731 3486 784 quo-

1907 814 2028 852 rum
2057 799 2157 852 hoc
2208 801 2260 854 in
2297 800 2549 855 Strobelo
2588 801 2718 855 illud
2745 802 2801 854 in
2853 796 3291 869 Macedonianis,
3347 807 3489 860 alte-

1909 906 2030 942 rum
2065 892 2273 960 maiore
2303 893 2388 948 sui
2432 902 2585 962 parte
2642 896 2939 966 reparavit,
2972 895 3206 949 alterum
3235 912 3263 951 e
3292 898 3488 952 l'uuda-

1908 986 2110 1038 mentis
2141 985 2472 1040 substruxit.
2526 987 2828 1057 Itidemque
2858 989 3097 1058 Philippi
3142 989 3398 1059 apostoli,
3433 996 3489 1042 et

1906 1091 2027 1142 qua:
2055 1078 2123 1130 ab
2153 1079 2253 1129 hac
2285 1093 2475 1131 versus
2507 1093 2764 1132 occasum
2830 1080 2961 1133 solis
2993 1082 3097 1132 sita
3129 1089 3268 1145 erat,
3322 1080 3487 1134 Lucae

1904 1171 2255 1237 evangelistm
2310 1169 2503 1230 aedem,
2563 1185 2783 1238 gravem
2839 1185 3034 1237 passas
3095 1174 3335 1234 ruinam,
3387 1186 3486 1225 nec

1903 1274 2012 1312 non
2078 1259 2337 1328 templum
2399 1275 2654 1329 magnum
2702 1259 2858 1314 Μουῇ
2906 1265 3184 1332 martyris,
3255 1265 3482 1332 ejusque

1902 1349 2180 1418 penetrale
2201 1350 2318 1402 solo
2343 1360 2632 1418 :equatnm,
2662 1349 2834 1404 fracta
2885 1353 3049 1406 etiam
3083 1367 3238 1406 sacra
3271 1370 3480 1416 mensa,

1900 1457 1929 1495 c
1968 1441 2254 1508 parietinis
2285 1444 2567 1495 excitavit.
2612 1443 2869 1497 Restituit
2932 1454 2985 1499 el
3039 1445 3286 1513 pristime
3356 1448 3482 1512 pul-

1901 1532 2201 1585 Chl'iillllilli
2283 1536 2540 1587 refectam
2599 1551 2666 1587 ex
2727 1537 2966 1603 collapsa
3013 1538 3182 1590 mdem
3247 1537 3483 1592 Andr-cm

1900 1619 2132 1686 apostoli
2205 1631 2330 1672 ante
2379 1620 2519 1674 alios
2566 1623 2764 1682 vocati,
2827 1622 2946 1675 istis
3013 1624 3293 1686 vicinam;
3351 1625 3479 1678 item

1899 1713 2074 1764 sancti
2110 1711 2336 1765 Romani
2374 1721 2426 1766 et
2466 1722 2670 1768 sancite
2701 1715 2870 1767 Anna:
2909 1714 2962 1766 in
2993 1714 3250 1778 Deutero,
3278 1725 3334 1768 et
3361 1732 3476 1769 ma-

1898 1806 1984 1874 gni
2021 1806 2279 1874 martyris
2313 1807 2588 1867 Demetrii,
2610 1807 2864 1875 martyris
2886 1806 3165 1860 Almiliani
3191 1809 3244 1862 in
3267 1793 3478 1872 Rabdo,

205 1900 305 1953 τοῦ
333 1903 632 1969 μάρτυρος,
682 1898 775 1950 καὶ
834 1897 895 1949 τὸ
960 1897 1154 1951 ἄδυτον
1192 1898 1385 1949 τούτου
1446 1893 1789 1962 καταϐληθὲν

1895 1898 1962 1950 de
1995 1898 2239 1966 antiquis
2273 1909 2444 1950 novas
2476 1899 2704 1966 redegit.
2740 1896 3004 1952 Restituit
3051 1908 3105 1953 et
3149 1900 3324 1954 sancti
3372 1899 3481 1955 Na-

207 1993 339 2062 ἄχρι
383 1993 505 2060 γῆς,
544 1991 620 2053 ὡς
673 1991 765 2043 καὶ
814 1989 910 2059 τὴν
959 1989 1112 2060 ἱερὰν
1169 1987 1434 2049 κατεάξαι
1486 1987 1786 2053 τράπεζαν,

206 2083 528 2153 ἐπιμελείας
575 2083 778 2152 ἠξίωσε
813 2084 908 2136 καὶ
966 2082 1060 2134 τοῦ
1111 2080 1409 2147 πτώματος
1441 2080 1648 2147 ἤγειρε.
1683 2081 1790 2132 Καὶ

205 2177 299 2229 τὸν
336 2175 708 2244 πλησιάζοντα
741 2174 796 2226 δὲ
823 2174 996 2240 τούτῳ
1046 2170 1294 2239 Ἀνδρέου
1339 2168 1432 2221 τοῦ
1467 2170 1789 2240 πρωτοκλή-

205 2286 305 2320 του
337 2268 464 2320 ναὸν
496 2269 730 2320 πεσόντα
770 2268 850 2329 εἰς
902 2265 962 2316 τὸ
1008 2265 1234 2336 ἀρχαῖον
1277 2263 1472 2325 κάλλος
1510 2264 1788 2333 ἀνήγειρε.

209 2359 297 2431 [Ρ.
326 2357 452 2431 588]
490 2359 600 2412 Kal.
625 2359 716 2410 τὸν
773 2356 864 2409 τοῦ
911 2356 1065 2424 ἁγίου
1110 2355 1388 2425 Ῥωμανοῦ
1437 2357 1529 2408 καὶ
1565 2357 1655 2408 τὸν
1688 2356 1789 2424 τῆς

203 2453 332 2518 γίις
406 2453 601 2514 Ἀννας
651 2451 709 2502 ἐν
757 2450 834 2518 τῷ
869 2450 1116 2518 Δευτέρῳ
1150 2447 1361 2501 καὶτὸν
1408 2447 1500 2498 τοῦ
1550 2448 1785 2515 μεγαλοο

207 2545 488 2613 μάρτυρος
540 2542 852 2612 Δημητρίου
882 2542 974 2594 καὶ
1001 2541 1094 2593 τὸν
1121 2540 1214 2592 τοῦ
1243 2540 1521 2610 μάρτυρος
1543 2540 1787 2609 Αἰμιλια-

202 2635 296 2687 νοῦ
333 2636 433 2686 τὸν·
465 2637 522 2688 ἐν
552 2638 617 2704 τῇ
663 2634 872 2704 Ῥάὸδῳ
900 2636 964 2686 ἐκ
1003 2633 1251 2685 παλαιῶν
1284 2635 1440 2692 νέους
1466 2632 1781 2703 εἰργάσατο.

216 2727 342 2779 Ἐπὶ
366 2727 579 2788 τούτοις
613 2726 709 2779 καὶ
736 2726 824 2778 τὸν
872 2724 966 2777 τοῦ
1024 2725 1179 2793 ἁγίου
1213 2723 1491 2794 Ναζαρίου
1542 2741 1784 2776 καταπε-

203 2819 368 2872 σόντα
423 2820 707 2886 ἀνέστησε.
750 2819 868 2871 Κάν
913 2820 1026 2880 τοῖς
1067 2817 1315 2888 ἐμϐόλοις
1376 2815 1473 2868 τοῦ
1523 2814 1784 2884 Δομνίνου

201 2911 296 2963 τὸν
328 2913 428 2978 τῆς
467 2909 706 2979 Χριστοῦ
745 2909 1100 2971 ἀναστάσεως
1157 2909 1254 2961 καὶ
1293 2906 1654 2968 Ἀναστασίας
1687 2905 1783 2972 τῆς

207 3000 486 3069 μάρτυρος
539 2998 857 3068 περικαλλῆ
889 2996 1013 3050 ναὸν
1041 2996 1410 3058 ἐπισκευάσας
1445 2995 1780 3065 ἐλάμπρυνε,

198 3091 410 3160 λιθίνην
440 3090 563 3142 ἀντὶ
601 3088 819 3158 ξυλίνης
847 3089 947 3157 τὴν
979 3088 1184 3158 ὀροφὴν
1217 3087 1618 3155 ἐργασάμενος.
1669 3086 1780 3138 Καὶ

203 3180 488 3241 Πλάτωνος
537 3178 630 3230 τοῦ
693 3178 929 3248 μεγάλου
976 3179 1034 3230 ἐν
1089 3183 1324 3244 μάρτυσι
1401 3175 1634 3227 πεσόντα
1698 3176 1782 3227 ἀν-

1895 1988 2028 2041 zarii
2063 1990 2235 2042 ardem
2266 1987 2606 2056 collapsam;
2677 1999 2732 2043 et
2783 1991 2838 2044 in
2900 1991 3206 2060 porticibus
3267 1993 3476 2048 domini

1894 2081 2158 2148 templum
2196 2082 2619 2136 resurrectionis
2647 2081 2875 2146 Christi,
2909 2093 2962 2136 et
2989 2085 3302 2137 Anastasizc
3336 2100 3479 2137 mar-

1894 2171 2034 2240 tyris
2093 2171 2360 2224 refectum
2437 2173 2656 2225 ornavit
2710 2172 2952 2243 fastigio,
3005 2174 3152 2243 quod
3238 2175 3475 2244 ligneum

1893 2271 2020 2316 ante
2052 2261 2248 2327 fuerat,
2287 2263 2520 2333 lapideo.
2584 2264 2827 2321 Platonis
2875 2266 3062 2336 inclyti
3093 2267 3348 2336 martyris
3399 2267 3480 2319 fa-

1894 2372 2045 2418 num,
2079 2357 2224 2426 quod
2282 2365 2595 2418 corruerat,
2653 2359 2876 2424 erexit;
2944 2360 3299 2428 vicinumque
3347 2359 3476 2411 huic

1892 2448 2079 2501 fanum
2113 2448 2285 2502 nobili
2316 2448 2542 2502 victoria
2571 2449 2866 2517 insignium
2903 2461 3205 2519 martyrum
3252 2449 3478 2518 llcspeii

1889 2547 1944 2590 et
1975 2536 2099 2591 Zoze
2130 2537 2397 2592 condidit.
2437 2537 2647 2600 Ruina,
2678 2554 2801 2608 quae
2835 2540 3184 2606 imminebat,
3205 2542 3476 2595 subtraxit

1889 2628 2076 2682 Acarii
2108 2644 2330 2699 quoque
2381 2628 2596 2700 105.0
2637 2631 2893 2700 martyris
2939 2632 3111 2685 :edem
3165 2632 3220 2686 in
3275 2631 3475 2700 Hepta-

1888 2721 2037 2775 scalo
2070 2717 2500 2790 (Septigradinm
2528 2721 2816 2790 verteres),
2851 2729 2905 2774 et
2940 2722 3072 2776 Elia:
3093 2724 3239 2777 vatis
3283 2722 3471 2776 fanum

1888 2813 1944 2866 in
1979 2811 2161 2865 Petrio
2193 2813 2477 2881 splendide
2528 2813 2790 2866 restituit.
2826 2814 3164 2869 lnstauravit
3189 2823 3244 2869 et
3269 2818 3472 2886 templa

1889 2904 2128 2974 palatina
2198 2904 2472 2958 δεδι-νειοιί
2534 2903 2777 2968 Christo,
2826 2905 3097 2960 Michaelo
3155 2905 3471 2976 angelorum

1887 2995 2122 3065 principi
2152 3003 2204 3049 et
2235 2994 2363 3048 Elian
2389 2996 2494 3048 vati
2531 2995 2783 3050 dedicata
2811 3006 2868 3051 et
2898 2997 3144 3067 Deiparae
3178 3015 3192 3061 ;
3221 3013 3285 3051 ac
3307 2996 3472 3050 Nico-

1887 3088 1955 3140 lai
1986 3089 2130 3141 inter
2161 3102 2421 3157 proceres
2462 3088 2879 3143 ecclesiasticos
2917 3089 3286 3153 celeberrimi,
3323 3089 3471 3156 quod

1885 3178 2092 3234 Novam
2127 3181 2413 3234 nominant
2469 3179 2778 3246 ecclesiam,
2816 3179 3168 3250 insuperabili
3223 3180 3473 3250 pulchri-

203 3270 425 3338 ἐστησε,
477 3270 570 3322 καὶ
625 3269 719 3321 τὸν
759 3267 1045 3334 ἐγγίζοντα
1100 3267 1275 3334 τούτῳ
1306 3266 1414 3316 τῶν
1446 3265 1782 3319 καλλινίκων

1889 3269 2078 3322 tudine
2136 3273 2448 3332 exornavit,
2484 3267 2756 3322 reditibus
2787 3269 2852 3322 ad
2893 3270 3149 3323 lucernas
3190 3279 3244 3324 et
3275 3281 3468 3322 neces-

204 3361 500 3430 μαρτύρων
531 3360 657 3410 ναὸν
691 3358 958 3427 Ἑσπέρου
983 3375 1041 3409 τε
1081 3357 1175 3409 καὶ
1200 3356 1353 3424 Ζωῆς
1391 3356 1778 3429 ὲπεποιήσατο,

196 3451 306 3502 Kai
341 3451 432 3502 τὸν
465 3449 560 3502 τοῦ
601 3450 876 3521 μάρτυρος
921 3447 1176 3500 Ἀκακίου
1208 3448 1265 3499 ἐν
1294 3446 1373 3514 τῷ
1427 3446 1781 3515 Ἐπτασκάλῳ

200 3545 411 3598 πτῶσιν
460 3542 790 3596 ἀπειλοῦντα
826 3540 1195 3599 ἐπισκευάσας
1228 3537 1321 3590 τοῦ
1352 3538 1643 3606 πτώματος
1675 3538 1778 3606 ἦρ-

200 3651 364 3688 πασε,
411 3633 814 3703 Παραπλησίως
854 3634 948 3684 καὶ
986 3630 1077 3683 τὸν
1123 3628 1220 3681 τοῦ
1276 3629 1560 3698 προφήτου
1597 3628 1778 3681 Ἡλίου

198 3725 341 3778 κατά
374 3726 435 3778 τὸ
470 3725 701 3793 Πετρίον
741 3725 1081 3789 ἀνεκτήσατο
1143 3719 1437 3788 λαμπρῶς.
1499 3720 1780 3788 Ἀνήγειρε

194 3819 250 3870 δὲ
283 3818 379 3870 καὶ
407 3818 471 3869 ἐκ
499 3818 695 3880 καινῆς
729 3815 788 3867 ἐν
810 3816 928 3878 ταῖς
961 3811 1252 3883 βασιλείοις
1292 3810 1484 3872 αὐλαῖς
1507 3812 1586 3872 είς
1612 3811 1782 3880 ὄνομα

190 3910 284 3962 τοῦ
312 3910 583 3962 Δεσπότου
616 3907 868 3976 Σωτῆρος
905 3902 1147 3975 Χριστοῦ
1174 3904 1266 3957 καὶ
1303 3902 1397 3954 τοῦ
1431 3903 1647 3972 πρώτου
1674 3903 1780 3954 τῶν

189 3999 442 4066 ἀγγέλων
489 3997 712 4065 Μιχαὴλ
752 3997 846 4048 καὶ⁹
881 3995 1064 4046 Ἠλίου
1089 3992 1183 4046 τοῦ
1220 3992 1526 4062 προφήτου.
1567 3992 1688 4041 Ἔτι
1721 3991 1777 4042 δὲ

191 4092 287 4143 καὶ
326 4089 429 4157 τῆς
459 4089 803 4157 Θεομήτορος
840 4085 936 4137 καὶ
980 4084 1248 4137 Νικολάου
1281 4081 1375 4134 τοῦ
1417 4083 1769 4150 περιωνύμου

1882 3359 2075 3412 sitates
2133 3371 2324 3412 eorum
2374 3358 2466 3424 qui
2553 3357 2746 3410 laudes
2814 3356 3031 3411 divinas
3097 3356 3471 3425 persolverent

1881 3449 2282 3506 sulﬁcientibus
2314 3449 2566 3504 dilatam.
2598 3449 2674 3504 De
2700 3464 2807 3518 qua
2848 3448 2981 3518 quid
3011 3450 3210 3502 attinet
3256 3448 3470 3519 prolixe

1879 3555 2132 3603 narrare,
2156 3556 2280 3594 cum
2313 3541 2494 3610 ipsum
2523 3555 2661 3609 opus
2690 3540 3156 3610 pulchritudinem
3209 3554 3364 3594 suam
3413 3547 3472 3597 et

1880 3637 2199 3699 sumptuum
2231 3631 2285 3683 in
2323 3629 2374 3682 id
2416 3629 2792 3698 impensarum
2819 3630 3160 3684 demonstret
3185 3628 3469 3699 magnitu—

1880 3723 2072 3778 dinem
2110 3724 2133 3775 ?
2160 3722 2333 3776 Multa
2373 3723 2476 3775 alia
2507 3724 2669 3777 etiam
2701 3722 2928 3776 delubra
2971 3722 3025 3775 in
3055 3721 3258 3792 palatio
3282 3719 3471 3775 condi‘

1883 3813 1984 3875 dit,
2017 3812 2084 3866 de
2106 3813 2325 3866 nomine
2349 3811 2481 3867 Elite
2511 3813 2677 3875 vatis,
2705 3811 3006 3867 Clementis
3031 3812 3312 3882 martyris,
3334 3808 3465 3865 Jesu

1883 3904 2218 3968 Servatoris,
2294 3902 2446 3956 Pauli
2488 3902 2742 3970 apostoli,
2808 3901 3070 3972 principis
3120 3900 3464 3955 exercituum

1879 3993 2208 4056 cmlestium,
2244 4007 2480 4060 quorum
2538 3994 2592 4046 in
2646 3992 2974 4046 declaranda
3018 3998 3312 4047 venustate
3378 3989 3463 4044 vel

1884 4080 2103 4149 poetica
2127 4078 2385 4133 deliceret
2413 4080 2897 4150 magniloquentia.

189 4183 248 4232 ἐν
272 4181 555 4250 ἱεράρχαις
579 4173 999 4243 τδνπερικαλλῆ
1021 4174 1232 4226 τουτονὶ
1266 4171 1414 4235 ναὸν,
1439 4169 1498 4221 ὃν
1543 4170 1690 4222 Νέαν
1741 4169 2037 4238 ἐκκλησίαν
2070 4170 2554 4237 κατονομάζουσιν,
2601 4170 2681 4231 είς
2712 4170 3044 4239 εὐπρέπειαν
3108 4170 3206 4224 καὶ
3267 4170 3463 4235 κάλλος

189 4271 287 4324 καὶ
308 4271 619 4341 ὡραιότητα
660 4268 847 4339 μηδενὶ
883 4265 1058 4335 ἑτέρῳ
1088 4261 1393 4332 ὑπερϐολὴν
1426 4261 1460 4330 ἢ
1525 4260 1814 4330 σύγκρισιν
1881 4260 2386 4328 καταλιμπάνοντα,
2437 4261 2734 4330 προσόδους
2764 4278 2824 4313 τε
2856 4261 3045 4325 ἔταξεν
3074 4260 3264 4324 ἱκανὰς
3287 4263 3366 4325 εῐς
3394 4279 3455 4315 τε

190 4365 558 4435 ςωταγωγίαν
600 4364 694 4416 καὶ
740 4362 930 4432 χρείαν
963 4361 1070 4412 τῶν
1101 4356 1548 4424 ὼξολογούντων.
1578 4356 1686 4407 Καὶ
1716 4355 1770 4408 τί
1804 4356 1885 4407 δεῖ
1927 4355 2194 4420 διεξιόντα
2241 4356 2337 4408 ἐπὶ
2395 4355 2562 4408 πλέον
2606 4355 2905 4424 μηκύνειν;
2938 4354 3069 4408 αὐτὸ
3149 4354 3212 4407 τὸ
3295 4354 3456 4424 ἔργον

190 4462 300 4521 τοῖς
334 4457 634 4526 θεωμένοις
675 4455 982 4525 παρίστησι
1013 4451 1112 4518 τὴν
1146 4450 1356 4502 οἰκείαν
1421 4448 1686 4516 καλλονὴν
1738 4449 1834 4501 καὶ
1861 4449 2234 4502 πολυτέλειαν.
2311 4447 2422 4501 Καὶ
2475 4447 2667 4509 ἄλλους
2693 4448 2750 4500 δὲ
2778 4446 3011 4509 πολλοὺς
3065 4446 3243 4508 θείους
3292 4448 3456 4499 ναοῖς

187 4553 342 4614 ἐντος
375 4550 471 4604 τοῦ
506 4549 772 4604 παλατίου
799 4548 1120 4617 ἐδομήσατο,
1145 4545 1224 4604 είς
1250 4543 1421 4612 ὄνομα
1455 4543 1636 4595 Ἠλίου
1677 4543 1773 4595 τοῦ
1826 4545 2110 4614 προφήτου
2164 4543 2262 4597 καὶ
2315 4543 2407 4596 τοῦ
2506 4543 2781 4612 μάρτυρος
2866 4541 3180 4612 Κλήμεντος
3233 4542 3327 4595 καὶ
3359 4541 3452 4594 τοῦ

189 4646 444 4712 Σωτῆρος
471 4639 711 4710 Χριστοῦ
747 4637 842 4691 καὶ
865 4636 957 4689 τοῦ
989 4634 1292 4687 ἀποστόλου
1317 4632 1526 4702 Πέτρου
1556 4632 1653 4684 καὶ
1689 4632 1783 4685 τοῦ
1815 4635 2280 4704 ἀρχιστρατήγου,
2314 4627 2390 4687 ὧν
2437 4635 2537 4702 τὴν
2591 4633 2901 4704 ὡραιότητα
2989 4632 3448 4702 παραστήσασθαι

190 4732 450 4804 ποιητικὴ
476 4731 541 4782 ἂν
563 4729 792 4798 ὴτόνησε
830 4725 1224 4796 μεγαληγορία.

263 4824 439 4878 Πολλὰ
469 4822 524 4873 δὲ
557 4821 659 4872 κάν
688 4818 799 4878 τοῖς
841 4815 1131 4885 βασιλείοις
1161 4812 1476 4880 ἀνέστησεν,
1500 4809 1571 4871 ὡς
1594 4809 1658 4863 ἀν
1688 4825 1772 4870 τις
1798 4813 1851 4871 D

188 4918 355 4976 εἴποι,
400 4909 689 4981 βασιλείων
749 4903 1240 4977 βασίλειαοταῦτα
1298 4902 1355 4954 δὲ
1414 4899 1765 4971 ἀριθμεῖσθαι

186 5009 285 5059 οῦκ
321 5004 640 5071 ἀναγκαῖον.
687 5001 891 5067 Ἔργον
934 4997 989 5050 δὲ
1023 4997 1215 5049 τούτου
1263 4991 1359 5045 τοῦ
1386 4992 1650 5060 βασιλέως
1673 4992 1765 5042 καὶ

186 5099 214 5148 ὀ
266 5096 561 5164 λεγόμενος
587 5087 737 5153 οἶκος
781 5090 850 5142 τά
894 5089 1168 5156 Μάγγανα
1199 5086 1292 5138 καὶ
1323 5084 1351 5134 ὁ
1377 5083 1561 5150 ἕτερος
1587 5083 1618 5132 ὸ
1651 5082 1765 5143 νέος

1299 5196 1652 5254 XYLANDRI
1695 5197 1778 5251 ET
1810 5194 2016 5251 GOARI
2059 5193 2287 5249 NOTAE.

1863 5314 1927 5366 ad
1968 5313 2239 5365 Phcenicis
2267 5315 2427 5365 verba
2462 5312 2614 5365 Iliad.
2675 5329 2723 5365 ix
2763 5330 2774 5363 :
2807 5311 2928 5364 Οὐδ’
2959 5312 3011 5363 εἶ
3037 5311 3131 5363 κέν
3165 5329 3255 5377 μοι
3297 5312 3432 5364 ὐπο-

1864 5385 2022 5450 σταίη
2082 5380 2213 5442 Θεὸς
2267 5382 2431 5453 αὐτὸς
2479 5383 2659 5453 ι’ἧρας
2719 5382 2996 5446 ἀποξύσας
3062 5381 3250 5450 θήσειν
3316 5385 3433 5434 νέον

1862 5454 2149 5522 ἡϐώωντα.
2185 5451 2338 5514 Quod
2376 5451 2598 5521 propter
2633 5453 3000 5522 imperitiores
3034 5461 3317 5522 annotato.

1938 5521 2328 5592 (5)7i’roprium
2365 5520 2518 5590 puto,
2549 5523 2631 5577 vel
2663 5520 2780 5575 κατ’
2819 5522 3030 5591 ἐξοχὴν.
3081 5520 3248 5592 Paulo
3293 5531 3427 5592 post

1863 5589 2063 5660 plurali
2106 5605 2332 5661 numero
2369 5589 2434 5642 ἐν
2489 5594 2690 5661 πηγαῖς
2718 5593 2782 5646 ad
2812 5589 2986 5646 fontes
3018 5591 3173 5661 verti.
3213 5589 3432 5655 Δοξολο-

1866 5658 2100 5726 γοῦντας
2147 5658 2306 5728 paulo
2365 5672 2488 5727 post
2536 5658 2673 5715 verti
2725 5668 2996 5722 doctores,
3052 5659 3424 5727 conjecturam

1867 5740 2112 5790 Secutus,
2145 5729 2290 5796 quod
2326 5729 2394 5784 iis
2424 5746 2529 5784 non
2562 5736 2741 5784 minus
2770 5746 2928 5798 quam
2957 5733 3275 5784 cantoribus
3302 5743 3429 5799 pro-

1865 5801 2044 5855 babile
2074 5801 2145 5854 sit
2182 5808 2341 5854 aucta
2377 5809 2467 5854 aut
2498 5801 2641 5856 facta
2685 5800 2973 5870 stipendia.
3008 5799 3138 5854 XrL.

1949 4811 2116 4864 Multa
2144 4810 2308 4863 etiam
2340 4810 2392 4863 in
2441 4809 2652 4864 Palatio
2679 4824 2779 4878 pro
2831 4809 3256 4879 imperatoribus
3316 4825 3447 4866 vere

1875 4898 2022 4966 regia
2070 4897 2300 4950 aedilicia
2354 4896 2647 4960 condidit;
2702 4911 2824 4965 qua:
2878 4897 3061 4949 omnia
3116 4913 3444 4952 enumerare

1872 4988 2008 5040 nihil
2069 4988 2286 5043 attinet.
2334 4986 2484 5056 Opus
2559 4987 2743 5040 Basilii
2827 4996 2912 5040 est
2995 4988 3158 5041 etiam
3245 4989 3442 5041 domus

1871 5092 1995 5147 qua:
2047 5077 2439 5145 Manganorum
2511 5092 2709 5131 nomen
2785 5076 2952 5146 gerit,
3025 5088 3078 5130 et
3154 5076 3258 5129 alia
3321 5093 3441 5145 qua:

257 5325 338 5392 (ὁ)
371 5322 516 5376 Sane
535 5328 620 5376 est
650 5321 999 5392 scribendum
1038 5322 1321 5390 ὴϐὡωντα.
1363 5322 1464 5385 Qui
1501 5334 1655 5373 error
1677 5335 1764 5371 me

187 5390 372 5448 monet
403 5407 462 5446 ut
499 5406 596 5462 pro
619 5390 756 5445 νεών
802 5393 1034 5462 sentiam
1064 5461 1071 5462 ί
1098 5392 1518 5462 [οτιοεδίενέοι
1567 5398 1626 5440 υι
1679 5396 1764 5462 est

187 5463 330 5534 apud
361 5459 602 5534 poetam,
640 5462 933 5534 scripsisse
967 5459 1296 5534 Cedrenum,
1332 5461 1548 5534 aliquos
1584 5459 1765 5534 suspi-

186 5529 433 5587 caturos.
476 5530 586 5599 Ego
610 5529 790 5584 tamen
825 5530 1078 5584 allusisse
1134 5530 1299 5584 modo
1324 5546 1448 5584 eum
1483 5529 1549 5581 ad
1581 5530 1763 5581 locum

186 5604 403 5656 Ilmneri
424 5602 693 5668 suspicor.
720 5616 895 5669 neque
915 5599 1152 5653 voluisse
1170 5602 1426 5668 templum
1449 5599 1767 5669 adolescen-

185 5678 252 5727 tis
298 5667 782 5724 nomine’allicere.
812 5667 916 5723 Sed
941 5670 1076 5721 νεών
1097 5669 1222 5737 (hoc
1242 5667 1328 5722 εει
1351 5667 1498 5735 ναόν)
1533 5667 1763 5720 ﬁnitima

186 5740 546 5809 :Ipptt'iialiutte
580 5739 789 5792 dixisse
823 5756 836 5790 :
876 5755 962 5792 res
1001 5749 1218 5792 estnon
1264 5741 1445 5809 magni
1470 5737 1755 5798 momenti,

185 5823 236 5865 cl
261 5808 528 5882 elegantia
555 5826 662 5864 non
681 5823 1072 5878 usquequaque
1091 5810 1330 5877 elegans.
1355 5808 1550 5862 Allusit
1575 5816 1756 5861 autem
