4226 6442
825 360 961 424 11‘27

2125 358 2443 421 GEORGII
2481 358 2813 421 CEDRENI

3936 364 4074 428 i123

797 477 946 532 Nova
979 479 1301 549 appellatur.
1365 477 1498 544 llas,
1524 476 1696 548 utqui
1732 477 1900 533 ιιοιιιι
1933 476 2178 547 publicos
2202 478 2399 531 reditus

2509 473 2879 543 καλούμενος·
2919 473 3011 536 οὓς
3056 473 3163 526 ἀπὸ
3198 473 3451 544 τοιαύτης
3494 476 3860 529 κατεσκείασε
3890 495 4080 547 προαμ-

806 566 859 618 in
930 583 1064 621 usus
1149 567 1394 636 privatos
1473 576 1712 632 vertere,
1769 567 2121 632 aediticavit;
2191 576 2245 623 et
2311 581 2394 620 re-

801 659 949 711 ditus
1002 657 1082 710 eis
1128 673 1193 710 ex
1255 658 1608 727 agricultura:
1668 655 2059 713 emolumentis
2107 656 2396 711 constituit

806 751 1055 811 idoneos,
1155 751 1303 806 unde
1384 750 1745 820 imperatorio
1855 747 2062 820 1041,
2146 752 2398 806 convivio

806 854 903 908 pro
935 855 1016 903 se,
1049 852 1105 896 et
1134 842 1201 897 iis
1235 842 1327 911 qui
1391 851 1506 896 tuto
1550 843 1678 896 anni
1711 842 1950 896 decursu
2007 841 2396 904 invitarentur,

807 932 1147 986 sufficientes
1173 934 1399 1002 etjuste
1455 934 1597 1004 parti
1651 943 1906 1004 sumptus
1961 933 2395 1004 suppeditarcnt.

806 1024 1061 1079 Condidit
1089 1027 1254 1079 etiam
1282 1027 1545 1094 palatium
1574 1027 1641 1080 ad
1675 1025 1898 1088 Fontes,
1950 1034 2006 1080 et
2052 1025 2105 1080 id
2165 1027 2309 1097 quod
2344 1029 2398 1081 in

810 1116 948 1169 liriis
979 1127 1100 1171 crat
1129 1120 1430 1183 decoravit,
1463 1121 1703 1174 cisterna
1741 1128 2053 1189 repurgata,
2105 1135 2268 1189 quam
2301 1120 2402 1173 lle-

807 1210 1010 1264 nudius
1059 1211 1355 1279 imperator
1415 1221 1556 1263 terra
1621 1212 1835 1278 ingesm
1890 1211 2287 1281 complanatam
2345 1211 2399 1263 in

810 1303 1028 1354 hortum
1062 1304 1352 1355 arl'oribus
1381 1318 1442 1354 ac
1494 1303 1736 1357 oleribus
1793 1304 2107 1371 plantandis
2161 1311 2402 1356 mutave-

809 1403 913 1456 r..t,
951 1405 1008 1447 ut
1043 1397 1406 1449 etcisternatn
1440 1411 1558 1448 eam
1593 1411 1714 1464 qua:
1745 1405 1827 1450 est
1853 1396 1919 1450 ad
1944 1396 2318 1466 Magnauram,
2349 1403 2401 1449 ct

809 1502 930 1553 (ιιιερ
963 1487 1102 1540 inter
1132 1485 1868 1541 tricliniumJustinianenm
1925 1502 1988 1541 ac
2053 1487 2400 1542 Lausiacum.

811 1576 1023 1630 litenim
1093 1578 1390 1644 prtedictus
1446 1580 1733 1632 lleraclius
1789 1579 2111 1644 imperator,
2175 1591 2298 1630 cum
2350 1578 2398 1629 ei

810 1666 1122 1734 Stephanus
1153 1666 1511 1735 philosophus
1542 1668 1857 1720 examinato
1912 1667 2156 1720 siderum
2221 1665 2401 1735 qualis

807 1757 985 1810 fuerat
1011 1757 1130 1824 ipso
1153 1767 1406 1811 nascente
1429 1758 1604 1825 positu
1640 1757 1977 1825 prmdixissct
2002 1772 2200 1828 aquam
2228 1758 2402 1811 inter-

811 1849 944 1902 iLum
991 1849 1091 1918 ipsi
1131 1849 1440 1909 allaturum,
1495 1849 1763 1904 cisternas
1808 1860 1952 1905 terra
1990 1857 2247 1920 congesta
2305 1865 2403 1919 op-

813 1944 1074 2011 pleverat.
1109 1941 1297 2010 Itaque
1333 1941 1568 1997 Basilius
1608 1942 1904 1996 cisternam
1939 1943 1990 1995 in
2040 1941 2182 1997 Eriis
2210 1958 2404 2010 repur-

2499 566 2722 633 ρέσεως.
2752 566 2845 634 Μὴ
2891 563 3215 634 βουλόμενος
3254 566 3362 635 γὰρ
3415 565 3483 618 τὰ
3515 565 3751 634 δημόσια
3777 569 4078 636 πράγματα

2495 655 2574 714 εἰς
2633 656 2840 719 οἰκείας
2886 655 3306 708 καταναλίσκειν
3361 657 3550 724 χρείας
3610 657 3737 719 τοὺς
3804 658 4081 721 τοιούτους

2495 747 2918 817 ἀνῳκοδόμησεν
2975 749 3177 811 οἴκους,
3212 749 3306 800 καὶ
3355 749 3648 818 προσόδους
3684 749 3747 800 ἐκ
3804 750 4080 818 γεωργίας

2493 839 2768 904 ἀπέταξεν
2789 844 2972 903 αὐτοῖς
3003 842 3214 905 ἱκανὰς,
3243 841 3334 906 ἀφ’
3357 836 3430 892 ὧν
3454 839 3753 909 ἡβασιλικὴ
3785 841 4078 894 πανδαισία

2495 930 2659 984 αὖτοῦ
2696 947 2756 982 τε
2783 931 2876 982 καὶ
2928 930 3034 982 τῶν
3059 932 3160 984 ἀνὰ
3191 931 3298 982 πᾶν
3331 929 3449 991 ἔτος
3490 930 3582 981 ὑπ’
3608 929 3772 981 αὑτοῦ
3805 928 4082 997 κεκλημέ-

2495 1042 2599 1076 νων
2633 1021 2869 1088 ἄφθονον
2895 1021 2986 1073 καὶ
3014 1022 3231 1074 δικαίαν
3259 1020 3356 1089 τὴν
3389 1019 3657 1089 χορηγίαν
3685 1020 3909 1088 ἔμελλεν
3933 1020 4078 1088 ἔχειν

2493 1115 2600 1170 ἀεί.
2649 1115 2981 1181 Ἑδομήσατο
3038 1110 3093 1163 δὲ
3134 1116 3226 1163 καὶ
3258 1112 3323 1164 τὰ
3357 1113 3412 1162 ἐν
3448 1113 3658 1180 Πηγαῖς
3692 1110 3952 1174 παλάτα,
3983 1112 4080 1162 καὶ

2493 1211 2563 1258 τα
2586 1208 2641 1258 ὲν
2679 1207 2789 1266 τοῖς
2828 1204 3035 1273 Ἰἔρίοις
3086 1203 3524 1266 ἐκαλλωπίσατο,
3583 1203 3937 1270 ἀνακαθάρας
3985 1204 4077 1254 καὶ

2493 1297 2591 1365 τὴν
2658 1296 3068 1362 ἀπογεωθεῖσαν
3146 1297 3490 1362 κινστὲρναν,
3542 1298 3606 1366 ἣν
3674 1292 3995 1364 Ἡράκλειος
4048 1297 4074 1346 ὁ

2498 1390 2749 1458 βασιλεὺς
2777 1389 3105 1460 προσχώσας
3139 1389 3470 1460 παράδεισον
3491 1391 3676 1458 φυτῶν
3711 1391 3800 1440 καὶ
3828 1388 4075 1455 λαχὰων

2493 1481 2809 1548 εἰργάσατο.
2850 1482 3026 1552 Ὅπερ
3063 1481 3289 1550 ἐποίησε
3320 1481 3414 1534 καὶ
3445 1483 3502 1532 ἐν
3537 1485 3660 1544 ταῖς
3693 1480 3882 1539 οὖσαις
3925 1482 4072 1540 έντῖς

2492 1576 2583 1629 τοῦ
2627 1576 2911 1639 παλατίου,
2954 1581 3019 1647 τῇ
3074 1595 3132 1629 τε
3191 1581 3294 1647 προ
3335 1579 3434 1644 τῆς
3498 1579 3836 1644 Μαγναύρας
3883 1578 3977 1629 καὶ
4007 1580 4068 1644 τῇ

2497 1666 2700 1736 μεταξὺ
2746 1668 3122 1720 Ἰουστινιανοῦ
3145 1668 3237 1720 τοῦ
3271 1669 3569 1736 τρικλινίου
3599 1668 3694 1720 καὶ
3718 1667 3811 1720 τοῦ
3841 1671 4072 1720 Λαυσια-

2496 1757 2615 1809 κοῦ.
2660 1757 2716 1807 ’()
2766 1757 2874 1826 γὰρ
2924 1757 3213 1827 εἰρημένος
3268 1757 3520 1827 βασιλεὺς
3560 1759 3878 1829 Ἡράκλειος
3920 1760 4069 1829 παρα

2495 1849 2767 1917 Στεφάνου
2799 1849 2893 1901 τοῦ
2939 1849 3231 1918 φιλοσόφου
3264 1850 3470 1918 μαθὼν,
3507 1850 3594 1921 [Ρ.
3631 1849 3754 1922 589]
3787 1851 3884 1918 τήν
3923 1851 4074 1917 γένε-

2495 1955 2577 1990 σιν
2613 1940 2776 1992 αὑτοῦ
2807 1939 3464 2011 πολυπραγμονήσαντος.
3495 1943 3570 2003 ὡς
3600 1942 3658 2005 ἐξ
3696 1941 3882 2003 ὓδατος
3908 1941 4072 1992 αὑτὸν

812 2033 976 2096 anxit,
1013 2033 1243 2100 locoque
1287 2035 1430 2087 horti
1491 2035 1895 2098 receptaculum
1945 2049 2100 2104 aquze
2165 2036 2399 2104 copiosa!

2494 2031 2574 2082 δεῖ
2601 2031 2881 2102 τελευτᾷν,
2901 2033 2999 2094 τὰς
3019 2033 3126 2084 τῶν
3161 2032 3509 2102 κινστερνῶν,
3538 2032 3612 2095 ὡς
3635 2035 3869 2100 εἴρηται,
3905 2051 4074 2100 προσ-

809 2129 872 2168 ac
906 2114 1192 2184 pellucidae
1218 2115 1476 2170 confecit.
1532 2113 1597 2168 Et
1653 2118 1707 2169 in
1749 2116 1868 2169 foro
1923 2116 2207 2170 a-dificavit
2261 2127 2390 2170 tem-

811 2206 956 2271 plum
986 2205 1413 2274 pulcherrimum
1466 2204 1711 2274 Deipara:
1745 2221 1988 2267 sacrum,
2017 2214 2076 2256 ut
2132 2206 2202 2260 ibi
2235 2205 2397 2274 nego-

811 2298 1032 2350 tiatores
1060 2297 1278 2349 domum
1301 2296 1554 2364 precibus
1575 2295 1846 2350 faciundis
1887 2305 2069 2364 aptam
2109 2297 2390 2358 haberent,

811 2401 932 2435 Illill
1011 2399 1075 2437 eo
1155 2387 1274 2438 loco
1321 2385 1390 2439 ob
1449 2385 1845 2456 negotiationes
1904 2396 2390 2439 commorarentur.

812 2475 995 2529 Sancti
1027 2476 1221 2531 l’hocm
1241 2477 1432 2532 fanum
1464 2479 1516 2530 in
1555 2478 1723 2532 Steno
1755 2477 2064 2542 adornavit,
2121 2487 2393 2532 monaste-

820 2567 1070 2637 riumque
1099 2570 1326 2638 redegit,
1360 2570 1678 2624 constitutis
1713 2585 1814 2639 pro
1841 2571 1908 2624 iis
1937 2569 2027 2638 qui
2059 2571 2111 2622 in
2161 2585 2227 2624 co
2275 2571 2396 2624 reli-

814 2659 1366 2724 giosamcxerccrent
1418 2662 1585 2713 vitam
1651 2660 2052 2716 sufﬁcientibus
2099 2662 2386 2716 reditibus.

813 2749 1112 2804 ltenovavit
1143 2751 1306 2805 etiam
1335 2766 1590 2820 magnum
1635 2753 1810 2806 sancti
1839 2751 2086 2807 Michaeli
2146 2755 2198 2806 in
2257 2754 2388 2807 Sos-

814 2841 997 2894 tltcnio
1031 2842 1316 2910 templum,
1354 2841 1500 2910 quod
1559 2850 1717 2897 antea
1773 2845 2033 2912 temporis
2085 2853 2388 2911 corruerat,

811 2942 863 2982 et
894 2927 960 2981 ad
992 2944 1106 2983 eam
1137 2945 1242 2999 qua
1277 2929 1438 2984 hodie
1469 2929 1663 2985 visitur
1689 2930 2014 3001 elegantiam
2039 2935 2314 3003 perduxit.

2495 2121 2690 2190 χώσεις
2741 2124 3056 2190 εἰργάσατο.
3091 2125 3172 2177 Τὰ
3213 2127 3269 2178 ὲν
3318 2128 3428 2186 τοῖς
3473 2122 3670 2193 Ἠρίοις
3725 2120 3818 2177 οὖν
3859 2127 4071 2177 ἀποκα-

2499 2212 2671 2280 θὰρας
2705 2211 2951 2280 βασίλεια
2986 2215 3065 2274 εἰς
3097 2215 3156 2265 τὸ
3187 2215 3415 2284 ἀρχαῖον
3461 2215 3646 2283 σχῆμα
3677 2215 3940 2283 ἀνήγαγε,
3979 2216 4074 2266 καὶ

2491 2303 2612 2355 ἀντὶ
2645 2304 2970 2372 παραδείσου
3022 2305 3229 2374 δοχεῖον
3280 2307 3660 2375 ἀπειργάσατο
3685 2306 3870 2369 ὓδατος
3902 2307 4075 2373 ὰςθόο

2493 2411 2584 2445 νου
2648 2397 2742 2446 καὶ
2787 2395 3031 2458 διειδοῦς.
3080 2398 3366 2463 Ἐδείματο
3407 2398 3461 2449 δὲ
3487 2400 3589 2450 κᾶν
3638 2396 3714 2466 τῷ
3749 2400 3898 2466 φὸρῳ
3948 2399 4075 2450 ναζν

2492 2486 2992 2554 περικαλλέστατον
3047 2489 3134 2540 ἐπ’
3187 2490 3414 2559 ὀνόματι
3446 2491 3544 2558 τῆς
3595 2489 3881 2552 θεοτδκουι
3911 2490 3983 2552 ὡς
4007 2491 4074 2540 5”

2492 2576 2666 2644 ἔχοιεν
2699 2580 2858 2630 αὑτὸν
2883 2582 2930 2632 οἱ
2974 2585 3494 2650 πραγματευόμενοι
3533 2577 3682 2634 οἷκον
3728 2582 4070 2650 προσευχῆθ

2491 2669 2652 2720 ὁπότε
2679 2673 2795 2732 ταῖς
2825 2674 3232 2740 πραγματείαις
3259 2674 3665 2742 ἐμϐραδύνωσι.
3699 2675 3807 2726 Καὶ
3849 2673 3942 2725 τὸν
3974 2673 4069 2724 τοῦ

2491 2759 2643 2825 ἁγίου
2680 2762 2843 2813 Φωκὶ
2893 2763 2947 2814 δὲ
2995 2763 3118 2816 ναὸν
3165 2765 3222 2815 ἐν
3251 2764 3326 2834 τῷ
3364 2765 3541 2834 Στενῷ
3573 2765 3940 2826 ἐπισκευάσας
3977 2767 4073 2815 καὶ

2494 2851 2846 2914 καλλωπίσας
2894 2855 3208 2923 οἰκητήριον
3256 2857 3506 2925 μοναχῶν
3556 2855 3875 2919 ἀπετέλεσε,
3904 2855 4074 2917 τάξας

2496 2943 2788 3009 προσᾶους
2823 2944 3010 3006 ἱκανὰς
3035 2946 3114 3007 εἰς
3141 2946 3421 3014 διὰρκειαν
3449 2947 3553 2998 τῶν
3586 2947 3645 2998 ὲν
3675 2947 3822 3014 αὐτῷ
3867 2947 4070 2998 ἀσκου-

778 3023 1012 3091 ·μένων.
1067 3022 1397 3075 ’Λνεκαίνισε
1460 3022 1516 3075 δὲ
1564 3023 1659 3076 καὶ
1715 3023 1807 3077 τὸν
1851 3025 2026 3095 μέγαν
2079 3026 2174 3080 τοῦ
2226 3029 2668 3105 ἀρχιστρατήγου
2697 3036 2824 3090 ναὸν
2871 3037 2963 3090 τὸν
3017 3037 3076 3091 ἐν
3121 3037 3196 3108 τῷ
3265 3039 3551 3106 Σωσθενίῳ
3620 3039 3721 3108 ἤδη
3789 3054 4072 3106 προκατ³’

815 3115 1069 3175 πεσόντα,
1103 3113 1194 3165 καὶ
1214 3113 1292 3175 εἰς
1319 3111 1377 3164 τὸ
1408 3114 1730 3182 φαινόμενον
1772 3116 1968 3179 καλλος
1996 3119 2298 3188 μετήγαγε.

887 3205 1084 3258 Multos
1122 3209 1283 3260 etiam
1307 3207 1621 3262 Judazorum
1655 3225 1945 3264 munerum
1979 3213 2386 3280 pollicitationi-

2569 3217 2800 3279 Πολλοὺς
2831 3217 2888 3270 δὲ
2943 3218 3187 3271 καὶτῶν
3236 3219 3508 3272 Ἰουδαίων
3563 3221 3780 3288 δωρεῶν
3832 3222 4070 3288 ἐπαγγε-

812 3296 919 3349 bus
944 3305 1111 3363 atque
1150 3295 1595 3351 exhibitionibus
1663 3296 1874 3368 1042
1928 3300 2169 3356 ctdonis
2194 3305 2258 3357 ad
2290 3306 2392 3359 ba-

815 3386 1073 3456 ptismum
1111 3386 1320 3440 allcxit.
1371 3387 1731 3458 Bulgarorum
1778 3397 2020 3457 gentem,
2050 3409 2170 3461 quae
2199 3410 2393 3452 recens

814 3478 1186 3532 Chris'ianam
1239 3479 1495 3548 pietatem
1553 3481 1799 3549 amplexa
1855 3492 1993 3549 erat,
2051 3485 2238 3542 missis
2286 3491 2392 3558 piis

817 3571 1098 3624 monachis
1137 3581 1188 3623 et
1218 3571 1599 3625 sacerdotibus
1638 3573 1838 3626 virtute
1868 3573 2179 3643 insignibus
2205 3578 2256 3630 in
2289 3580 2393 3635 fide

816 3664 1186 3718 contirmavit.
1222 3661 1428 3718 Rossos
1459 3664 1640 3733 pactis
1673 3665 2003 3734 compositis
2029 3668 2096 3722 ad
2127 3672 2391 3726 salutaris

815 3756 1075 3824 baptiSmi
1122 3755 1574 3810 communitatem
1611 3758 1902 3826 pertraxit,
1939 3757 2122 3829 iisque
2169 3765 2391 3830 pontifi—

812 3865 934 3903 cum
965 3849 1268 3919 principem
1305 3850 1478 3906 misit.
1509 3848 1702 3919 Operaa
1733 3852 1969 3920 pretium
2006 3862 2092 3908 est
2129 3853 2235 3908 hoc
2273 3856 2394 3910 loco

821 3940 1144 3994 miraculum
1176 3943 1400 4006 referre,
1429 3941 1574 4010 quod
1599 3956 1664 3996 eo
1693 3946 1898 3996 missus
1931 3942 2173 4012 pontifex
2201 3945 2391 3998 edidit.

816 4032 1079 4102 Princeps
1107 4033 1228 4102 ejus
1283 4034 1460 4101 gentis
1495 4048 1559 4088 ac
1590 4049 1846 4103 proceres
1882 4045 1934 4090 et
1967 4037 2260 4092 universus
2298 4054 2395 4107 po-

816 4125 978 4192 pulus
1012 4125 1150 4179 falsa
1185 4125 1449 4193 religione
1486 4125 1670 4178 adhuc
1697 4126 1930 4188 detenti,
1966 4143 2090 4181 cum
2124 4129 2397 4184 delibera-

815 4224 936 4268 rent
992 4231 1128 4268 cane
1186 4216 1466 4270 retinenda
1499 4231 1568 4268 an
1603 4232 1733 4270 vero
1780 4217 2105 4272 Christiana:
2145 4221 2263 4274 tidei
2298 4237 2394 4274 ac-

815 4307 1117 4359 cedendum
1149 4315 1316 4371 esset,
1350 4306 1415 4360 ad
1436 4322 1495 4360 se
1525 4309 1750 4362 missum
1780 4310 2090 4376 pontificem
2129 4311 2180 4364 itt
2209 4313 2395 4364 conci—

818 4399 948 4450 liuzn
987 4400 1295 4463 advocant;
1328 4413 1566 4467 eumque
1600 4399 1860 4470 princeps
1891 4403 2199 4473 interrogat
2225 4405 2393 4472 quid-

819 4503 942 4540 nam
981 4489 1059 4542 rei
1115 4500 1262 4543 esset
1300 4491 1445 4558 quod
1479 4489 1827 4558 proﬁteretur
1855 4500 1910 4544 et
1945 4492 2094 4560 ipsos
2126 4492 2390 4546 docturus

2497 3307 2636 3369 λίαις
2661 3309 2756 3360 καὶ
2790 3308 2970 3360 δόσεσι
2991 3309 3084 3362 καὶ
3105 3309 3294 3379 δώρων
3352 3310 3716 3376 ἀνταλλαγαῖς
3775 3313 3868 3366 τοῦ
3925 3313 4074 3367 θείου

2494 3399 2802 3468 κατηξίωσε
2833 3399 3229 3468 βαπτίσματος.
3285 3402 3394 3452 Καὶ
3426 3402 3489 3453 τὸ
3529 3403 3635 3455 τῶν
3662 3403 3990 3474 Βουλγάρων
4018 3407 4075 3459 δὲ

2494 3491 2650 3558 γένος
2683 3491 2986 3560 ἁρτιπαγὲς
3014 3492 3074 3543 ὃν
3105 3492 3242 3563 πρὸς
3301 3491 3614 3546 θεοσέϐειαν
3645 3499 3897 3565 μοναχών
3938 3501 4077 3552 απο-

2499 3582 2657 3652 στολῇ
2691 3584 2936 3636 εὐλαόὦν
2965 3584 3063 3637 καὶ
3087 3583 3276 3652 ἱερέων
3301 3585 3470 3655 ἀρετῇ
3486 3588 3919 3656 κεκοσμημένων
3954 3589 4076 3641 εοε-

2496 3675 2700 3728 6αίωσε
2773 3676 2908 3745 πρὸς
2937 3675 3036 3745 τὴν
3070 3677 3272 3729 πίστιν.
3307 3679 3416 3729 Καὶ
3446 3680 3556 3740 τοῖς
3589 3678 3722 3743 Ῥὼς
3755 3681 3813 3732 δὲ
3855 3684 4042 3750 συμεα
4063 3713 4074 3722 -

2501 3784 2614 3827 σεις
2650 3766 2876 3833 θέμενος
2902 3768 2962 3819 ἐν
3008 3771 3208 3837 μετοχῇ
3261 3767 3510 3834 γενέσθαι
3539 3768 3631 3820 τοῦ
3671 3773 3943 3839 σωτηρίου
3975 3774 4076 3841 βα-

2497 3858 2799 3927 πτίσματος
2847 3860 3020 3921 αἴτιος
3067 3860 3279 3925 γέγονε,
3338 3858 3682 3926 πεμφθέντος
3747 3863 3932 3924 αὐτοῖς
3981 3868 4076 3916 καὶ

2495 3951 2820 4021 ἀρχιερέως.
2870 3951 3013 4002 ’Λλλ’
3047 3951 3196 4015 ἄξιον
3240 3951 3606 4018 διηγήσασθαι
3631 3953 3722 4004 καὶ
3760 3953 3821 4004 τὸ
3850 3956 4076 4020 γεγονδς

2498 4039 2685 4108 Θαῦμα
2709 4042 2857 4110 παρὰ
2886 4040 2981 4093 τοῦ
3002 4041 3304 4110 ἀρχιερέως
3350 4040 3444 4093 τοῦ
3488 4043 3828 4110 πεμφθέντος
3869 4047 4074 4099 ἐκεῖσε.

2502 4129 2750 4198 Ἐτιγὰρ
2783 4133 2846 4199 τῇ
2890 4129 3284 4198 δεισιδαιμονίᾳ
3330 4130 3690 4198 κατεχόμενος
3743 4132 3905 4192 αὑτός
3943 4150 4002 4184 τε
4048 4137 4078 4185 ὁ

2497 4223 2679 4291 ἄρχων
2711 4223 2805 4273 καὶ
2841 4224 2887 4273 οἱ
2943 4223 3266 4290 μεγιστᾶνες
3316 4221 3479 4273 αὐτοῦ
3506 4223 3596 4274 καὶ
3624 4224 3684 4276 τὸ
3715 4223 3860 4276 ἇπαν
3899 4225 4075 4289 ἔθνος,

2500 4312 3013 4379 κατασκοπούμενοι
3048 4311 3173 4380 περί
3226 4328 3297 4363 τε’
3343 4313 3441 4378 τῆς
3487 4311 3674 4383 πρώην
3717 4315 3896 4367 αὐτῶν
3941 4317 4077 4384 Epr—

2499 4403 2684 4466 σκείας
2720 4403 2813 4456 καὶ
2837 4403 2938 4468 τῆς
2967 4403 3074 4454 τῶν
3105 4403 3443 4469 Χριστιανῶν
3472 4405 3728 4468 πίστεως,
3758 4407 4078 4464 εἰσκαλοῦσι

2497 4497 2588 4550 τον
2620 4496 2745 4566 ἄρτι
2795 4495 2932 4563 πρὸς
2987 4495 3184 4555 αὐτοὺς
3236 4496 3568 4562 φοιτήσαντα
3621 4495 3924 4564 ἁρχιερέαο
3961 4499 4020 4550 δν
4050 4505 4079 4552 ο

814 4589 987 4634 esset.
1019 4579 1237 4634 Profert
1269 4581 1562 4649 episcopus
1618 4597 1836 4635 sacrum
1895 4583 2066 4636 divini
2121 4586 2387 4654 evangelii

2495 4589 2679 4657 ἅρχων
2725 4585 2987 4654 ἐπηρώτα
3007 4586 3129 4638 τίνα
3147 4587 3216 4637 τὰ
3245 4585 3372 4654 παρ’
3402 4586 3566 4638 αὐτοῦ
3588 4590 4074 4658 καταγγελλὸμενα

821 4672 1044 4733 librum,
1080 4681 1133 4724 ct
1157 4671 1408 4738 qua-dam
1448 4673 1717 4725 miracula
1768 4675 1991 4741 exponit
2017 4689 2046 4726 a
2084 4674 2213 4737 Deo,
2267 4676 2396 4730 dum

818 4763 864 4813 is
898 4764 947 4813 in
983 4763 1223 4814 humana
1257 4772 1451 4814 natura
1488 4773 1662 4817 terras
1696 4763 1834 4825 obit,
1867 4765 2037 4817 edita.
2077 4765 2154 4818 lbi
2188 4764 2400 4820 ltossns

819 4867 1016 4919 negare
1045 4869 1104 4906 se
1133 4862 1227 4904 aut
1257 4868 1391 4907 suos
1424 4855 1526 4922 ipsi
1555 4853 1712 4907 ﬁdem
1743 4855 1856 4907 ullo
1892 4856 2055 4908 modo
2088 4855 2397 4920 habituros,

821 4945 924 4998 nisi
957 4945 1159 5012 aliquid
1193 4947 1416 5009 horum,
1481 4948 1785 5014 praesertim
1825 4958 2169 5001 servatorum
2215 4949 2266 5001 in
2297 4950 2397 5001 fla-

820 5034 999 5101 granti
1061 5037 1282 5090 camino
1315 5038 1476 5092 trium
1533 5054 1848 5107 puerorum,
1888 5040 2067 5094 simile
2103 5042 2388 5096 vidissent.

819 5124 898 5174 Ad
935 5124 1049 5177 lia-c
1105 5126 1376 5193 pontifex,
1432 5128 1606 5182 fidens
1649 5129 1830 5182 veraci
1863 5128 1984 5197 ejus
2025 5133 2266 5184 sermoni
2303 5133 2393 5201 qui

823 5216 940 5268 suis
965 5215 1174 5269 dixerat
1206 5217 1323 5270 fore
1354 5227 1409 5269 tit
1432 5219 1698 5286 quidquid
1732 5227 1956 5288 propter
1987 5221 2166 5289 ipsum
2204 5232 2396 5290 postu-

821 5303 1032 5357 lassent
1089 5306 1474 5375 impetrarent,
1526 5317 1581 5362 ct
1636 5310 1729 5378 qui
1779 5309 1884 5379 ipsi
1932 5310 2091 5365 (idem
2149 5312 2397 5378 haberet,

825 5396 998 5464 ipsius
1025 5411 1238 5466 quoque
1271 5414 1435 5467 opera
1463 5400 1641 5468 iisque
1665 5401 1872 5468 majora
1903 5401 2199 5467 editurum,
2229 5402 2394 5457 Tam-

823 5487 952 5551 ct~i,
985 5489 1183 5557 inquit,
1221 5491 1384 5545 Deum
1411 5501 1626 5547 tentare
1654 5492 1737 5547 fas
1766 5509 1872 5547 non
1907 5502 2014 5557 est,
2049 5504 2228 5550 tamen
2254 5497 2298 5550 si
2327 5512 2393 5550 ex

824 5577 1007 5629 animo
1035 5579 1308 5635 Statuistis
1338 5581 1403 5635 ad
1432 5581 1600 5636 Deum
1644 5599 1738 5639 vos
1785 5584 2060 5649 conferre,
2118 5585 2394 5654 postulate

832 5666 1042 5738 1043
1074 5672 1217 5737 quod
1249 5672 1432 5736 vultis,
1460 5683 1512 5727 et
1544 5675 1588 5729 is
1613 5677 1840 5728 omnino
1869 5675 1920 5729 id
1949 5678 2232 5745 praestabit
2267 5693 2393 5746 pro-

831 5766 946 5826 pter
971 5761 1131 5815 fidem
1166 5772 1420 5830 vestram,
1462 5781 1771 5836 quanquam
1811 5782 1912 5823 nos
1960 5769 2170 5824 minimi
2202 5785 2394 5826 sumus

2497 4681 2593 4731 καὶ
2619 4679 2800 4740 αὐτοῖς
2827 4676 3176 4730 διδάσκεσθαι
3213 4677 3498 4744 μέλλοντα.
3547 4676 3653 4728 Τοῦ
3693 4677 3751 4730 δὲ
3779 4679 3878 4747 τήν
3921 4681 4078 4749 ἱεραν

2503 4770 2595 4820 τοῦ
2633 4769 2780 4820 θείου
2812 4767 3143 4833 Εὑαγγελίου
3176 4767 3558 4835 προτείναντος
3594 4766 3798 4834 βίϐλον,
3822 4770 3915 4818 καί
3952 4786 4077 4821 τινα

2497 4857 2752 4925 θαύματα
2777 4855 3144 4923 ἐξηγουμένου
3175 4855 3284 4906 τῶν
3335 4855 3439 4906 ὑπὸ
3471 4854 3565 4907 τοῦ
3613 4854 3747 4906 Θεοῦ
3785 4857 3842 4907 ἐν
3878 4861 3944 4926 τῇ
3983 4861 4079 4910 ἀν-

2497 4947 2747 5018 θρωπίνῃ
2805 4946 3068 5015 ἐπιδημίᾳ
3113 4944 3676 5014 τερατουργηθέντων,
3720 4963 3738 4996 ς
3788 4947 3848 4997 Εἰ
3901 4948 3975 5015 μή
4022 4966 4076 5000 τι

2494 5039 2604 5090 τῶν
2664 5038 2865 5107 ὁμοίων
2894 5037 2956 5088 τὸ
2993 5035 3217 5103 πλῆθος,
3263 5034 3393 5102 ἔφη,
3430 5033 3538 5086 τῶν
3595 5033 3730 5097 Ῥὼς
3789 5037 3882 5087 καὶ
3913 5039 4078 5104 ἡμεῖς

2496 5129 2824 5199 θεασόμεθα,
2862 5128 2956 5180 καὶ
2991 5127 3226 5196 μάλιστα
3254 5127 3434 5178 ὁπσῖον
3461 5124 3639 5191 λέγεις
3663 5125 3722 5176 ὲν
3748 5127 3813 5192 τῇ
3854 5127 4077 5195 καμίνῳ

2496 5221 2605 5273 τῶν
2627 5219 2797 5290 τριῶν
2826 5218 3033 5270 παίδων
3062 5215 3338 5282 γενέσθαι,
3372 5216 3473 5268 οὐκ
3515 5217 3581 5269 ἄν
3623 5229 3704 5266 σοι
3748 5215 3950 5283 ῥαδίως
3983 5233 4077 5266 πι-

2502 5312 2838 5379 στεύσωμεν.
2878 5328 2896 5360 ι
2941 5310 2998 5361 Ὁ
3018 5309 3072 5362 δὲ
3100 5307 3178 5378 τῷ
3207 5307 3430 5375 ἀψευδεῖ
3461 5305 3759 5368 πιστεύσας
3804 5305 3950 5375 λόγῳ
3979 5307 4077 5358 τοῦ

2501 5401 2767 5462 εἰπόντος,
2804 5399 2886 5450 ὅτι
2907 5415 2924 5448 t
2943 5399 3009 5448 Ὀ
3028 5397 3093 5450 ἂν
3117 5398 3376 5468 αἰτήσητε
3409 5397 3466 5447 ὲν
3483 5397 3558 5465 τῷ
3576 5395 3799 5465 ὀνόματί
3827 5411 3955 5464 μοι,
3985 5396 4082 5462 λήο

2500 5489 2688 5556 ψεσθε,
2716 5491 2808 5541 καὶ
2835 5493 2862 5542 ὁ
2893 5488 3162 5541 πιστεύων
3199 5489 3279 5551 είς
3305 5488 3405 5557 ἐμὲ
3445 5488 3513 5541 τὰ
3559 5488 3697 5558 ἔργα
3728 5487 3762 5540 ἃ
3797 5488 3910 5555 ἐγὼ
3937 5489 4080 5541 ποιῶ

2501 5582 2750 5644 κακεῖνος
2767 5582 3002 5651 ποιήσει,
3027 5581 3122 5633 καὶ
3167 5579 3391 5648 μείζονα
3421 5579 3630 5630 τούτων
3658 5579 3899 5647 ποιήσει,
3931 5598 3950 5628 ι
3969 5580 4079 5646 ἔφη

2502 5674 2634 5742 πρὸς
2659 5672 2855 5735 αὐτούς
2878 5689 2890 5701 ο
2915 5692 2932 5722 ι
2959 5672 3126 5725 Εἱκαὶ
3153 5671 3226 5740 μὴ
3253 5669 3464 5738 ἔξεστιν
3492 5669 3838 5738 ὲκπειράζειν
3869 5669 4079 5738 Κύριον

2502 5766 2593 5820 τὸν
2621 5766 2771 5833 Θεὸν,
2806 5768 2953 5836 ὅμως
2985 5766 3032 5817 εί
3062 5768 3124 5818 ἐκ
3163 5765 3341 5834 ψυχῆς
3374 5764 3701 5832 διεγνώκατε
3759 5761 4079 5833 προσελθεῖν
