4226 6442
236 394 371 460 1137

231 608 426 675 θῶμά,
460 606 520 659 6v
560 605 910 676 τεφριμθὲντα
958 607 1052 660 καὶ
1081 604 1313 674 αίθάλην
1350 604 1647 677 γενόμενον
1675 609 1702 660 6
1734 606 1831 677 βα-

235 700 416 763 σιλεὺς
439 696 597 763 αὖθις
636 698 949 762 πολυτελῶς
976 699 1345 755 άνεκαίνισεν.

310 791 554 863 Εξσὴχθη
587 791 642 844 δὲ
661 792 755 844 καὶ
789 792 816 842 6
849 790 1267 860 Σανδαὸαρηνὸς
1300 793 1381 855 εἰς
1407 793 1504 863 τὴν
1533 794 1711 858 πόλιν,
1739 794 1832 847 καί

237 884 504 939 ὑτέθεντο
555 882 633 954 τῷ
682 883 893 954 βασιλεῖ
949 884 1206 954 Ἀνδρέας
1243 884 1273 938 6
1313 886 1695 956 στρατηλάτης
1737 886 1832 939 καὶ

237 980 516 1048 Στέφανος
574 978 900 1049 μάγιστρος,
944 979 992 1032 oi
1026 978 1199 1032 πολλὰ
1236 979 1387 1048 παρὰ
1415 978 1510 1032 τοῦ
1561 980 1833 1033 Σανδαεα-

240 1072 408 1143 ρηνοῦ
442 1071 578 1141 πρὸς
614 1070 891 1124 Βασίλειον
924 1071 1016 1124 τὸν
1052 1069 1277 1140 βασιλέα
1298 1071 1701 1140 διαϐληθέντες,
1750 1071 1836 1134 ἐξ·

238 1169 430 1221 ετάσαι
457 1168 526 1220 τὰ
581 1166 681 1235 τῆς
724 1166 1029 1236 γενομένης
1059 1167 1180 1220 κατ’
1220 1166 1387 1219 αὑτοῦ
1419 1166 1513 1220 τοῦ
1547 1165 1831 1236 βασιλέως,

242 1264 482 1331 γραφῆς.
533 1258 954 1314 Διεϐεὸαιοῦντο
980 1260 1036 1312 δὲ
1078 1260 1173 1313 καὶ
1198 1259 1425 1313 δυνατὸν
1450 1254 1590 1314 εἶναι
1615 1259 1833 1327 ἐξελεγ-

240 1354 435 1424 χθῆναι
481 1354 557 1415 ὡς
617 1352 933 1422 βουλόμενοι
976 1351 1182 1416 Φώτιὸς
1224 1370 1282 1405 τε
1311 1353 1339 1406 6
1365 1353 1710 1423 πατριάρχης
1740 1354 1833 1405 καὶ

238 1448 402 1504 αὐτὸς
427 1449 455 1501 6
487 1446 902 1517 Σανδαϐαρηνδς
924 1445 1046 1499 τινὰ
1070 1445 1179 1499 τῶν
1196 1445 1290 1499 τοῦ
1319 1445 1527 1500 Φωτίου
1552 1444 1834 1515 συγγενῶν

240 1538 323 1599 εἰς
354 1536 452 1605 τὴν
508 1536 786 1605 βασιλείαν
834 1537 1132 1605 ἀναγαγεῖν
1160 1537 1223 1590 τὸ
1267 1535 1565 1605 μελετηθὲν
1603 1538 1832 1605 ὑπεκρί-

242 1646 403 1684 ναντο
458 1629 662 1699 δρᾶμα.
713 1629 1066 1699 Πεμφθὲντες
1100 1629 1193 1683 οὖν
1219 1647 1365 1693 τινες
1406 1628 1542 1699 πρὸς
1571 1630 1834 1698 βασιλέως

243 1725 475 1790 ἀγαγεῖν
500 1723 592 1775 τόν
614 1739 671 1775 τε
702 1720 906 1775 Φὼτιον
937 1722 1030 1776 καὶ
1056 1722 1148 1775 τὸν
1191 1722 1608 1793 Σανδαόαρηνὺν
1642 1725 1700 1775 ἐν
1719 1725 1833 1785 τοῖς

244 1818 530 1879 παλατίοις
574 1817 684 1870 τῶν
719 1817 925 1886 Πηγῶν
980 1815 1407 1887 ἐκελεύσθησαν.
1468 1816 1598 1889 ἰδίᾳ
1648 1817 1829 1886 μέντοι

242 1912 446 1985 ὥριστο
487 1910 842 1981 φρουρεῖσθαι
907 1908 1188 1981 ἑκάτερον.
1251 1910 1569 1975 Ἐξετασταὶ
1629 1911 1687 1964 δὲ
1736 1909 1831 1964 καὶ

240 2002 615 2073 διαγνώμονες
647 2004 758 2056 τῶν
793 2003 913 2056 κατ’
945 2003 1125 2057 αὐτῶν
1154 2003 1491 2072 κινουμένων
1519 2004 1683 2066 αὐτός
1718 2020 1776 2056 τε
1803 2004 1832 2056 6

243 2097 623 2168 στρατηλάτης
647 2096 928 2167 ἐπέμφθη,
947 2095 1201 2166 Ἀνδρέας
1225 2098 1362 2165 καὶςὸ
1385 2098 1687 2169 μάγιστρος
1705 2099 1833 2151 Στέ-

241 2208 436 2259 «ραι-σος,
478 2192 573 2245 καὶ
595 2193 622 2244 6
656 2193 959 2259 μάγιστρος
988 2191 1017 2243 6
1060 2190 1463 2260 Ἀγιοπολίτης,
1489 2191 1581 2243 καὶ
1621 2192 1832 2263 Κρατε-

244 2287 362 2357 ρης.
381 2285 477 2339 καὶ
493 2283 658 2338 posse
669 2301 717 2355 ρ,
744 2285 794 2338 ot
821 2283 1121 2355 πατρίκιοι.
1154 2284 1480 2351 Ἀγαγὸντες
1497 2280 1593 2337 οὖν
1614 2284 1706 2339 τὸν
1725 2302 1831 2338 πα-

239 2379 512 2449 τριάρχην
577 2376 781 2431 Φώτιον
840 2379 933 2431 καὶ
993 2378 1231 2447 ἐντίμως
1287 2379 1379 2432 ἐπὶ
1430 2377 1624 2449 θρόνου
1693 2378 1833 2435 καθ·

248 2472 482 2535 ίταντες,
512 2475 608 2527 καὶ
633 2473 790 2527 αὐτοὶ
824 2470 1208 2537 καθεσθέντες,
1239 2471 1338 2541 τὴν
1387 2472 1637 2538 ἐξέτασιν
1682 2474 1834 2527 ἐποι-

242 2565 423 2621 οῦντο.
458 2566 567 2618 Καί
598 2583 766 2636 φησιν
793 2568 822 2620 6
856 2565 1234 2636 στρατηλάτης
1275 2564 1413 2637 πρὸς
1448 2566 1540 2619 τὸν
1566 2567 1837 2637 πατριάρ-

243 2675 399 2729 χηνΊ
420 2653 796 2729 Γνωρίζεις,ὧ
814 2658 1067 2716 δέσποτα.
1087 2659 1178 2711 τὸν
1208 2664 1440 2731 μοναχὸν
1475 2660 1750 2732 Θεόδωρον
1771 2678 1784 2726 ;
1810 2681 1828 2714 ι

258 2754 316 2805 '0
342 2752 418 2817 δὲ,
472 2771 491 2802 ι
535 2752 816 2822 Μοναχοὺς
868 2747 987 2804 οἶδα
1029 2750 1340 2821 Θεοδώρους
1379 2748 1609 2816 πολλούς
1634 2770 1647 2785 ’
1684 2755 1837 2807 ποῖον

245 2844 514 2912 λέγειςςι
548 2843 656 2898 Τοῦ
718 2844 773 2897 δὲ
850 2843 1103 2914 Ἀνδρέου
1156 2845 1529 2915 προσθεμένου
1596 2847 1697 2917 τὴν
1740 2846 1835 2902 τοῦ

246 2936 665 3008 Σανὸασαρηνοῦ
726 2939 1120 3008 προσηγορίαν,
1175 2940 1204 2991 6
1253 2939 1627 3008 πατριάρχης,
1672 2956 1691 2990 ι
1749 2939 1787 2991 Γ
1793 2957 1837 2992 ι·

246 3032 465 3109 νώσκω,
515 3031 643 3099 ἔφη,
672 3031 765 3083 τὸν
804 3030 996 3100 ἄνδρα,
1048 3029 1350 3083 ἐπίσκοπον
1402 3030 1513 3083 τῶν
1554 3030 1838 3101 Εὑχαῖτων

249 3125 586 3193 ὑπάρχοντα.
629 3142 647 3174 ι
695 3122 1041 3192 Ἐνεχθέντος
1089 3123 1145 3175 δέ
1205 3121 1301 3175 καὶ
1331 3121 1423 3175 τοῦ
1483 3122 1836 3193 Σανδαόαρη-

245 3214 366 3279 νοῦ,
398 3215 531 3282 φησὶ
565 3212 700 3284 πρὸς
732 3214 895 3267 αὐτὸν
926 3217 955 3266 6
991 3213 1243 3284 Ἀνδρέας
1264 3232 1276 3245 ’
1308 3232 1326 3264 ι
1371 3215 1431 3268 Ὀ
1465 3214 1716 3284 βασιλεύς
1756 3232 1837 3267 σοι

247 3307 404 3376 δηλοῖ
436 3321 449 3334 ⁸
492 3304 598 3358 Ποῦ
630 3306 738 3357 εἱσι
774 3305 843 3356 τά
890 3305 1149 3375 χρήματα
1180 3306 1272 3358 καὶ
1295 3306 1363 3357 τὰ
1397 3307 1701 3373 πράγματα
1742 3306 1843 3372 τῆς

253 3396 532 3468 βασιλείας
560 3413 726 3466 μου;ι
764 3395 822 3449 Ὀ
840 3395 897 3449 δὲ
924 3394 1214 3449 ὑπολαϐών
1235 3411 1248 3424 ·
1280 3413 1299 3447 τ
1331 3395 1478 3466 Παρ¹
1498 3396 1726 3457 ἐκείνοις
1761 3389 1841 3459 οἷς

249 3491 450 3545 δέδωκε
480 3489 653 3542 ταῦτα
696 3489 723 3541 6
768 3489 909 3541 κατὰ
956 3487 1053 3558 τὴν
1102 3487 1317 3558 ἡμέραν
1362 3487 1637 3558 βασιλεύς.
1691 3489 1842 3541 Ἐπεὶ

249 3582 309 3634 δὲ
341 3580 437 3632 νῦν
469 3580 622 3648 ζητεῖ
668 3581 840 3633 ταῦτα
888 3582 917 3633 6
966 3580 1094 3648 ἄρτι
1136 3580 1383 3650 κρατῶν,
1431 3581 1680 3647 ἐξουσίαν
1732 3580 1843 3651 ἔχει

251 3675 347 3729 καί
379 3675 562 3743 ζητεῖν
593 3673 764 3726 ταῦτα
791 3675 884 3727 καὶ
912 3673 1235 3743 λαμϐάνειν.
1275 3694 1293 3726 ι
1329 3676 1441 3728 Καὶ
1473 3676 1501 3728 6
1541 3675 1794 3746 Ἀνδρέας
1828 3693 1841 3709 ⁶

262 3790 282 3821 ι
314 3770 450 3823 Εἱπέ
478 3769 637 3830 τέως,
661 3768 725 3820 συ
754 3767 877 3820 τίνα
909 3766 1200 3820 ἐϐουλεύου
1236 3768 1461 3837 βασιλέα
1497 3769 1744 3836 ποιῆσαι,
1767 3767 1845 3838 τῷ

255 3863 425 3931 πατρὶ
461 3859 553 3915 τοῦ
606 3861 874 3931 βασιλέως
931 3861 1213 3925 ὑποτιθεὶς
1266 3860 1361 3915 τοῦ
1409 3861 1613 3914 οἰκείου
1655 3860 1844 3924 παιδὸς

253 3952 509 4019 ἐξορύξαι
557 3953 682 4016 τοὺς
721 3951 1076 4019 ὀφθαλμούςς
1124 3951 1217 4004 σὸν
1253 3952 1490 4020 συγγενῆ
1534 3952 1565 4022 ἢ
1602 3949 1695 4003 τοῦ
1734 3967 1844 4003 πα-

252 4047 562 4116 τριάρχους
594 4065 612 4097 ι
658 4045 716 4098 '0
759 4044 816 4097 δὲ
848 4043 1128 4112 ἐξώμνυτο
1154 4044 1319 4115 μηδὲν
1358 4038 1435 4098 ὧν
1484 4050 1844 4114 κατηγορεῖτο

253 4139 472 4190 εἰδέναι.
512 4137 619 4190 Καί
643 4154 807 4206 φησιν
829 4138 856 4189 6
899 4134 1199 4206 μάγιστρος
1237 4136 1507 4205 Στέφανος
1534 4152 1547 4166 ο
1572 4155 1590 4189 ι
1627 4133 1778 4196 Εἶτα.
1798 4131 1843 4190 ὦ

253 4232 562 4301 πολύτροπε
599 4231 692 4283 καὶ
755 4229 1169 4300 μηχανορράερε,
1210 4229 1327 4292 πῶς
1380 4230 1662 4300 ἐμήνυσας
1717 4232 1845 4298 περὶ

251 4324 447 4379 τούτου
471 4320 549 4390 τῷ
581 4319 791 4389 βασιλεῖ
812 4318 1113 4386 ἐξελέγξειν
1144 4320 1233 4373 τὸν
1276 4320 1656 4391 πατριάρχηνς
1688 4341 1705 4373 ι
1737 4323 1844 4375 Καὶ

254 4419 334 4480 ὃς,
359 4415 435 4476 ὡς
463 4415 663 4482 ἧκουσε
695 4410 886 4464 τούτου
938 4410 1031 4463 τοῦ
1067 4410 1251 4478 λόγου,
1298 4413 1501 4477 εὐθέως
1546 4415 1844 4485 ἐπιλαμϐά-

253 4524 405 4562 νεται
438 4504 546 4559 τῶν
584 4502 677 4556 τοῦ
707 4502 1052 4573 πατριάρχου
1082 4502 1280 4565 ποδῶν,
1306 4522 1323 4553 ι
1371 4505 1607 4575 Ὁρκίζω
1656 4524 1739 4573 σε,
1766 4509 1847 4561 δέ-

1340 399 1890 460 ΗΙδΤΟΗΙΛΗυΜ
1924 394 2453 458 COMPENDIUM.

232 517 288 568 δέ
321 513 513 568 τούτου
578 512 769 583 γέγονε
799 515 893 568 καὶ
920 517 948 568 ὁ
995 511 1122 576 ναὸς
1150 511 1243 567 τοῦ
1278 514 1464 582 Ἀγίου
1516 515 1820 569 ἀποστόλου

1947 530 1981 567 ιι
2011 513 2251 568 cinerem
2297 526 2361 568 ac
2418 507 2657 564 favillam
2719 506 2963 579 redegit;
3006 505 3155 578 quod
3187 519 3386 577 magno
3428 503 3531 561 de-
3623 546 3632 554 .

3388 386 3532 452 1138

1941 607 2067 662 inde
2094 603 2374 676 impendio
2416 602 2721 673 imperator
2751 600 3099 656 instauravit.

2015 798 2239 854 Interim
2277 799 2675 855 Sandabareno
2715 796 3232 868 Constantinopolin
3268 796 3524 861 adducto,

1935 892 2186 948 Andreas
2242 893 2587 947 exercituum
2644 890 2754 944 dux
2809 901 2863 946 et
2897 890 3210 969 Stephanus
3243 891 3525 959 magister,

1936 1002 2075 1058 quos
2110 987 2540 1041 Sandabarenns
2572 983 2715 1055 apud
2776 985 3042 1039 Basilium
3096 983 3285 1039 multis
3319 985 3530 1038 calum-

1939 1083 2048 1138 Iu'is
2087 1088 2367 1150 gravarat,
2397 1079 2564 1134 Leoni
2616 1078 2852 1134 suadent
2902 1090 2960 1132 ut
3016 1078 3084 1134 de
3137 1078 3373 1133 crimine
3428 1078 3529 1147 ipsi

1940 1174 2212 1229 intentato
2290 1173 2701 1242 inquisitionem
2786 1172 3087 1236 instituat;
3152 1172 3533 1242 allii-ruantque

1941 1269 2055 1323 ﬁeri
2110 1283 2273 1336 posse
2331 1276 2392 1322 ut
2451 1271 2619 1325 certis
2675 1270 3090 1325 demonstretur
3149 1267 3367 1323 indiciis
3424 1283 3534 1337 quo

1940 1369 2104 1432 pacto
2165 1360 2393 1414 Plautius
2455 1361 2767 1428 patriarcha
2834 1369 2890 1412 et
2951 1358 3415 1420 Sandabareuus.
3477 1368 3534 1413 nt

1939 1452 2230 1521 quemdam
2284 1449 2464 1504 Photii
2503 1463 2795 1521 cognatum
2839 1451 2905 1504 ad
2969 1450 3175 1521 1051
3242 1452 3531 1522 imperium

1939 1545 2257 1609 eveherent,
2290 1545 2531 1599 fabulam
2576 1545 2738 1600 istam
2776 1547 3072 1599 commenti
3126 1545 3352 1599 fuerint.
3417 1544 3534 1599 Μιε-

1942 1646 2134 1692 tuntur
2189 1652 2320 1706 ergo
2369 1638 2437 1690 ab
2502 1639 2831 1705 imperatore
2867 1640 2958 1708 qui
3012 1637 3265 1693 Photium
3303 1649 3356 1693 et
3396 1638 3534 1693 San-

1940 1731 2277 1785 dabarenum
2315 1730 2368 1783 in
2407 1730 2670 1799 palatium
2705 1730 2771 1785 ad
2797 1726 2998 1786 Fontes
3030 1732 3348 1786 adducant:
3387 1744 3534 1786 uter-

1941 1837 2048 1892 que
2088 1822 2324 1877 seorsim
2388 1825 2440 1874 in
2502 1822 2755 1877 custodia
2791 1823 3044 1877 habetur.
3084 1823 3447 1891 Inquisitores
3482 1833 3536 1878 et

1940 1912 2255 1985 cognitores
2284 1913 2577 1968 criminum
2611 1930 2733 1984 qua:
2756 1914 3161 1983 objiciebantur
3193 1917 3532 1987 deliguntur,

1940 2006 2031 2061 ille
2056 2006 2199 2061 idem
2228 2006 2499 2070 Andreas,
2536 2005 2871 2076 Stephanus,
2913 2018 2967 2063 et
3014 2007 3377 2079 Hagiopolita,
3420 2025 3537 2062 nta-

1939 2099 2407 2169 gistri,Craterus
2441 2109 2494 2153 et
2528 2098 2734 2162 aner,
2777 2100 3017 2169 patricii.
3053 2098 3115 2153 Ili
3160 2100 3532 2169 patriam-liam

1941 2189 2203 2246 Pbotium
2241 2192 2555 2261 producunt
2589 2200 2643 2245 et
2696 2192 2752 2246 in
2812 2192 2950 2247 solio
3007 2192 3312 2248 honoriﬁce
3363 2193 3538 2247 collo-

1942 2292 2090 2343 cant.
2123 2291 2177 2339 et
2221 2284 2324 2353 ipsi
2356 2283 2510 2353 juxta
2558 2284 2871 2340 assidentes
2926 2301 3156 2341 examen
3219 2286 3535 2342 instituunt.

1945 2376 2021 2431 lbi
2053 2376 2301 2433 Andreas
2324 2378 2392 2431 ad
2419 2375 2670 2432 Photium
2705 2394 2718 2431 :
2756 2398 2772 2429 ι
2799 2377 3032 2443 Nostin‘,
3065 2378 3308 2445 domine,
3342 2396 3538 2434 mona-

1944 2473 2110 2526 chum
2149 2470 2549 2528 Theodorum?
2590 2492 2609 2525 ι
2670 2473 3060 2545 Respondente
3108 2475 3307 2530 Photio
3339 2476 3539 2530 multos

1945 2581 2006 2621 se
2039 2567 2343 2622 monachos
2385 2565 2706 2621 Theodorus
2737 2582 2925 2630 nosse,
2956 2577 3010 2621 et
3044 2565 3110 2622 de
3152 2583 3261 2635 quo
3302 2567 3540 2623 interro-

1945 2666 2172 2729 garetur
2222 2659 2461 2720 nescire,
2516 2673 2714 2713 nomen
2770 2658 3151 2714 Sandabareni
3185 2659 3396 2714 addidit
3423 2660 3539 2720 An-

1943 2749 2149 2814 dreas;
2206 2758 2262 2804 et
2310 2748 2540 2804 l’hotius
2580 2749 2727 2804 hunc
2756 2749 2861 2805 sibi
2899 2759 3089 2805 notum
3134 2765 3260 2806 esse
3312 2735 3540 2817 fatetur,

1944 2840 2265 2910 episcopum
2304 2839 2732 2895 Euehaitanum.
2770 2839 3079 2896 Addueitur
3109 2843 3276 2896 etiam
3321 2840 3539 2897 Sanda-

1947 2930 2208 2987 barenus.
2266 2929 2406 2987 lluic
2476 2932 2773 2987 Andri-as:
2849 2953 2866 2984 ι
2902 2933 3130 3000 Qumrit,
3186 2933 3403 3003 inquit,
3470 2951 3535 2989 ex

1946 3034 2000 3082 te
2032 3029 2331 3097 imperator
2366 3025 2455 3081 ubi
2488 3026 2736 3097 pecunia:
2767 3034 2820 3081 et
2851 3042 2939 3081 res
2968 3025 3181 3096 imperii
3215 3026 3298 3080 sui
3323 3026 3435 3080 sint
3465 3027 3488 3081 τ’
3514 3046 3534 3080 ι

1947 3118 2263 3189 Respondet
2297 3135 2310 3173 :
2357 3137 2375 3170 ι
2417 3119 2472 3172 In
2524 3134 2717 3176 eorum
2751 3120 3028 3183 nianibus,
3060 3118 3262 3189 quibus
3303 3118 3541 3189 impera-

1896 3257 1907 3269 ,
1949 3218 2036 3263 tor
2087 3210 2247 3265 hodie
2297 3210 2587 3279 imperium
2647 3225 2846 3281 gerens
2913 3209 3541 3281 mandavit,-habetque

1901 3296 1915 3310 '
1947 3310 2300 3371 potestatem,
2331 3301 2375 3355 si
2399 3301 2471 3354 ita
2495 3300 2633 3365 vnit,
2659 3315 2755 3356 eas
2779 3301 3058 3371 quaerendi
3092 3310 3147 3355 et
3176 3302 3533 3372 reeipiendi.»

1947 3394 2196 3448 Andreas
2254 3409 2419 3464 porro
2463 3412 2476 3449 :
2524 3412 2543 3447 ι
2580 3392 2695 3459 Die,
2742 3394 2838 3458 ait,
2891 3394 3016 3464 quis
3073 3402 3194 3449 erat
3236 3393 3341 3451 iste
3376 3411 3537 3466 quem

1948 3485 2335 3555 imperatorem
2376 3486 2558 3543 facere
2588 3487 2839 3549 voluisti,
2889 3501 3000 3557 quo
3048 3493 3293 3557 tempore
3332 3486 3537 3545 Basilio

1948 3589 2144 3634 auctor
2183 3579 2334 3634 fuisti
2384 3589 2445 3635 ut
2498 3581 2609 3637 [ilio
2666 3597 2767 3637 suo
2820 3597 2966 3637 nunc
3013 3582 3304 3653 imperanti
3347 3584 3537 3639 oculos

1948 3671 2224 3727 erueret?
2285 3671 2482 3729 Tibine
2544 3672 2645 3728 fuit
2719 3673 2992 3745 sanguine
3055 3675 3400 3744 prepinquns
3467 3689 3534 3728 an

1950 3763 2364 3834 patriarchae?»
2434 3764 3079 3836 Sandabarenojurante
3128 3765 3266 3820 nihil
3324 3782 3384 3821 se
3431 3767 3537 3822 sibi

1948 3871 2137 3910 eorum
2165 3873 2287 3927 quae
2325 3855 2735 3927 subjicerentur
2769 3873 2895 3915 esse
2938 3859 3247 3925 conscium,
3302 3858 3538 3938 Stepha-

1947 3964 2072 4015 nus,
2139 3950 2475 4017 ¢Quomodo
2533 3949 2744 4020 1052
2796 3966 2950 4021 ergo,
3003 3952 3102 4016 ait,
3137 3960 3356 4009 versute
3387 3960 3548 4009 vete-

1947 4052 2121 4105 ratur,
2147 4042 2215 4097 de
2247 4042 2355 4097 hac
2384 4058 2441 4097 re
2497 4043 2760 4097 indicium
2826 4044 2893 4098 ad
2956 4045 3343 4113 imperatorem
3372 4045 3535 4100 detu-

1949 4133 2081 4199 Iisli,
2116 4134 2505 4189 conrictururn
2562 4143 2614 4190 te
2653 4135 3023 4206 patriareliam
3085 4135 3323 4193 dicens?
3360 4138 3538 4193 i-Htec

1948 4231 2113 4285 verba
2149 4231 2490 4299 simulatque
2549 4229 2762 4283 audivit
2818 4226 3269 4295 Sandabarenns,
3308 4231 3541 4299 patriar-

1948 4323 2065 4376 cha:
2126 4323 2293 4390 pedes
2355 4321 2664 4388 ainplexus,
2743 4336 2762 4371 ι
2825 4317 3088 4374 Obtestor
3155 4332 3246 4383 te,
3324 4324 3536 4393 inquit,

1948 4413 2190 4475 domine,
2239 4428 2334 4482 per
2391 4413 2584 4478 Deum,
2641 4421 2700 4465 ut
2755 4411 2885 4465 mihi
2941 4412 3336 4469 sacerdotalem
3383 4416 3537 4485 prius

1950 4504 2159 4559 adiutas
2202 4504 2562 4576 dignitatem,
2624 4512 2791 4573 atque
2830 4514 2943 4559 tum
2992 4515 3408 4561 exauctoratum
3450 4523 3538 4564 me

254 4614 455 4661 σποτα,
474 4597 614 4650 κατὰ
643 4594 740 4648 τοῦ
767 4593 928 4657 Θεοῦ,
954 4594 1149 4661 λέγων,
1185 4595 1452 4666 πρότερόν
1482 4614 1548 4665 με
1576 4598 1836 4669 καθαιρῆ-

1948 4598 1980 4651 ii
2034 4598 2303 4667 arripiant
2359 4604 2415 4651 et
2452 4605 2510 4651 ut
2570 4596 2879 4652 maleficum
2930 4599 3181 4667 puniant.
3224 4597 3358 4652 Nam
3401 4600 3537 4654 mihi

252 4709 365 4753 σαι,
402 4689 497 4742 καὶ
519 4688 639 4741 τότε
657 4686 864 4758 γυμνὸν
915 4687 1219 4756 ἱερωσύνης
1252 4687 1718 4757 παραλαὸέτωσαν
1742 4691 1837 4743 καὶ

250 4781 631 4845 κολαζέτωσαν
699 4780 775 4842 ὡς
816 4778 1138 4848 κακοῦργον.
1209 4777 1296 4852 [Ρ.
1324 4778 1453 4852 595]
1511 4781 1676 4835 Οὐδὲν
1729 4785 1836 4854 γὰρ

251 4874 493 4926 τοιοῦτον
540 4871 758 4925 σύνοιδα
812 4872 1070 4942 ἐμαυτῷ,
1119 4872 1242 4927 οὔτε
1302 4874 1381 4943 τῷ
1438 4873 1652 4944 βασιλεῖ
1700 4876 1836 4945 ἐμή·

252 4985 409 5020 νυσα.
425 4987 442 5017 ι
465 4967 522 5019 Ὀ
544 4966 598 5020 δὲ
634 4966 981 5037 πατριάρχης
998 4966 1395 5036 ἀναλαμϐάνων
1412 4968 1577 5022 αὑτὸν
1607 4969 1700 5022 καὶ
1727 4970 1835 5023 τῶν

252 5058 430 5112 ποδῶν
454 5057 710 5125 άνιστῶν,
730 5060 885 5128 φησί’
923 5077 942 5109 ι
972 5058 1062 5112 Μὰ
1086 5059 1184 5129 τὴν
1200 5060 1340 5129 ἐμὴν
1359 5061 1655 5131 σωτηρίαν,
1676 5061 1836 5133 κύριε

251 5149 519 5220 θεόόωρε.
558 5150 989 5218 ἀρχιεπίσκοπος
1012 5144 1061 5201 εἰ
1090 5149 1185 5201 καὶ
1212 5149 1271 5202 ἐν
1313 5148 1388 5219 τῷ
1423 5149 1518 5203 νῦν
1552 5151 1711 5203 αἰῶνι
1743 5154 1840 5206 καὶ

250 5246 310 5296 ἐν
339 5242 418 5311 τῷ
447 5239 713 5311 μέλλοντι.
749 5259 766 5292 ι
802 5240 1087 5310 Θυμωθεὶς
1117 5240 1173 5293 δὲ
1220 5240 1511 5311 Ἀνδρέαςὸ
1538 5243 1838 5314 στρατηλά-

249 5354 350 5405 της
371 5354 384 5367 ’
411 5356 428 5389 ι
454 5338 561 5391 Καὶ
579 5336 680 5388 οὑκ
705 5338 983 5406 ἐμήνυσας
1012 5336 1081 5389 δι’
1113 5337 1246 5406 ἐμοῦ
1274 5336 1348 5406 τῷ
1375 5336 1602 5407 βασιλεῖ,
1630 5341 1837 5392 ἀπατε-

254 5428 333 5482 ὼν
367 5429 461 5482 καὶ
492 5427 650 5494 γόης,
670 5426 763 5478 τὸν
798 5426 1146 5496 πατριάρχην
1170 5426 1298 5495 περὶ
1315 5426 1507 5482 τούτου
1533 5428 1785 5497 ἐλέγξαις
1813 5449 1834 5485 ι

262 5516 325 5568 '0
352 5514 410 5567 δὲ
444 5514 606 5568 πάλιν
648 5514 947 5583 ἀπηρνεῖτο
996 5514 1125 5584 περὶ
1172 5514 1364 5569 τούτου
1410 5517 1576 5589 μηδὲν
1614 5518 1837 5577 εἰδέναι.

263 5605 757 5677 ’Υποστρεψάντων
780 5605 839 5659 δὲ
866 5605 975 5660 τῶν
1006 5606 1287 5678 ἀρχόντων
1316 5609 1413 5664 καὶ
1442 5611 1510 5665 τά
1534 5611 1839 5684 λαληθέντα

250 5698 505 5771 γνώριμα
558 5699 802 5769 θεμένων
872 5698 952 5769 τῷ
1020 5698 1259 5770 βασιλεῖ,
1331 5701 1491 5766 αὐτὸς
1542 5704 1618 5775 τῷ
1678 5703 1838 5777 θυμῷ

252 5791 625 5863 φλεγμαίνων,
649 5794 741 5845 καὶ
763 5792 928 5846 πλέον
950 5791 1037 5846 διὰ
1070 5795 1129 5846 τὸ
1156 5793 1233 5863 μὴ
1263 5800 1407 5850 κατὰ
1433 5796 1528 5851 τοῦ
1560 5800 1835 5870 πατριάρ-

254 5902 351 5957 χου
383 5883 605 5955 εὔλογον
628 5883 811 5941 αἰτίαν
840 5884 1044 5953 εὑρεῖν,
1088 5884 1413 5953 ἀποστεῖλας
1456 5889 1716 5961 ὶειάστιξε
1742 5892 1839 5948 τὸν

1943 4705 2046 4760 ego
2096 4689 2300 4744 nullius
2359 4691 2485 4744 talis
2546 4689 2627 4744 rei
2686 4704 2807 4743 sum
2866 4691 3149 4753 conscius,
3208 4705 3387 4759 neque
3430 4691 3536 4745 im-

1944 4781 2185 4847 peratori
2230 4777 2531 4848 quidquam
2588 4777 2847 4833 indicari.
2883 4798 2902 4831 ι
2966 4778 3102 4834 Ειιιιι
3149 4782 3461 4849 patriarcha
3503 4798 3535 4838 a

1942 4871 2174 4935 pedibus
2202 4870 2316 4925 suis
2341 4871 2621 4935 attollens,
2650 4871 2827 4941 inquit
2855 4889 2868 4925 :
2905 4891 2923 4923 ι
2946 4870 3050 4926 Per
3080 4873 3312 4928 salutent
3331 4889 3531 4941 meam,

1942 4958 2163 5015 domine
2197 4958 2506 5025 Theodore,
2540 4973 2594 5016 et
2645 4963 2698 5016 in
2757 4963 2859 5016 hoc
2904 4972 2958 5015 et
3010 4965 3062 5019 in
3119 4963 3307 5020 futuro
3331 4968 3533 5021 saeculo

1941 5051 2401 5121 archiepiseOpus
2429 5069 2508 5107 es.
2554 5072 2573 5105 ι
2635 5054 2718 5107 Ad
2761 5057 2875 5109 haec
2930 5055 3177 5110 Andreas
3217 5055 3296 5109 ira
3347 5058 3533 5112 conci-

1936 5153 2047 5211 tus,
2088 5163 2106 5198 ι
2143 5144 2301 5211 Hem,
2354 5148 2452 5213 ait,
2488 5148 2756 5218 impostor
2802 5156 2968 5217 atque
3016 5150 3404 5219 praestigiator,
3437 5166 3535 5205 an-

1938 5254 2047 5294 non
2076 5255 2171 5308 per
2210 5255 2297 5295 me
2328 5241 2648 5310 imperatori
2713 5241 3038 5310 signiﬁcasti
3072 5251 3125 5297 te
3159 5243 3529 5312 patriarcham

1935 5333 2077 5388 velle
2152 5333 2521 5388 convincere?
2561 5350 2580 5386 ι
2654 5331 2981 5389 Theodorus
3047 5349 3268 5389 rursum
3323 5336 3530 5392 inlitias

1938 5424 2057 5488 ire,
2116 5431 2171 5478 et
2232 5425 2531 5495 quidquam
2592 5425 2699 5483 tale
2765 5427 2867 5481 sibi
2957 5427 3238 5494 cognitum
3303 5444 3525 5500 negare.

1936 5514 2277 5588 Imperator,
2350 5533 2474 5572 eum
2529 5517 2596 5571 ad
2655 5533 2781 5574 eum
2864 5520 3072 5575 reversi
3145 5519 3527 5591 inquisitores,

1935 5613 2067 5684 quid
2131 5630 2460 5685 responsum
2519 5621 2665 5671 esset
2720 5615 3078 5679 retulissent,
3152 5616 3233 5670 ira
3292 5615 3521 5685 ardens,

1936 5708 2173 5763 tnaxime
2214 5707 2358 5776 quod
2408 5707 2747 5778 probabilem
2782 5723 3005 5765 causam
3039 5707 3216 5765 Photii
3251 5711 3391 5765 male
3418 5721 3529 5765 tra-

1931 5799 2118 5854 ctandi
2161 5816 2266 5855 non
2303 5799 2594 5865 inveniret,
2624 5801 3079 5856 Sandabareuum
3109 5800 3297 5871 ﬂagris
3325 5803 3528 5857 atroci-

1934 5901 2015 5948 ter
2047 5892 2181 5950 cmdi
2207 5893 2396 5965 jussit,
2427 5908 2604 5966 eoque
2643 5892 2787 5950 facto
2811 5893 3054 5951 Athenas
3078 5908 3201 5950 eum
3234 5894 3522 5967 relegavit.
