4226 6442
278 406 411 499 tut

1375 412 1923 476 IllSTORlARUM
1962 416 2497 481 COMPENDIUM.

3427 427 3561 494 illi

346 533 438 603 Τῷ
470 531 515 585 δ’
548 531 757 585 ἐπιόντι
784 531 894 586 ἔτει
923 530 1020 586 Στέ
1032 549 1196 600 eave;
1223 534 1250 588 ὀ
1279 533 1374 587 τοῦ
1400 533 1667 603 βασιλέως
1714 536 1837 589 ὰῖελ

2040 544 2200 595 Anno
2251 541 2565 610 insequenti
2621 541 2934 612 Stephanus
2984 544 3340 616 Imperatoris
3392 549 3562 606 frater

274 626 369 694 re;
406 628 500 679 καὶ
539 626 889 696 πατριάρχης
933 627 1172 680 ἀπέλιπε
1210 627 1310 697 τὴν
1354 627 1522 700 ξωὴνς
1574 631 1669 683 καὶ
1729 648 1863 700 προ·

272 718 551 788 εχειρίσθη
626 719 911 783 Ἀντώνισς
940 720 1055 773 ἀντ’
1085 721 1254 775 αὑτοῦ
1293 722 1663 794 πατριάρχης,
1700 726 1726 776 ὀ
1762 726 1862 795 τὴν

272 810 597 879 ἐπωνυμίαν
642 812 919 875 Καυλέας.
965 814 1075 868 Καὶ
1106 813 1174 867 τὰ
1240 816 1338 885 μὲν
1373 817 1517 871 κατὰ
1570 817 1669 889 τὴν
1706 817 1861 870 πῦλιν

268 902 338 970 ἐφ
376 919 498 971 ρετο
513 901 573 955 οὗ
581 920 707 966 τως,
730 905 799 956 Συ
810 905 953 974 μεὼν
971 905 1017 960 δ’
1034 910 1061 960 ὁ
1073 907 1182 960 τῶν
1194 908 1525 980 Βουλγάριιιν
1550 912 1735 984 ἄρχων
1756 914 1821 968 τὰ
1834 933 1860 977 ς

273 994 356 1067 [Ρ.
383 995 514 1067 596]
553 998 691 1068 πρὸς
730 996 1037 1068 Ῥωμαίους
1056 1000 1288 1064 σπονδὰς
1307 1002 1664 1058 διαλύσασθαι
1686 1005 1857 1058 σπεύ-

267 1088 374 1140 δων
397 1088 669 1159 πῴφασιν
702 1082 826 1160 εὗρε
861 1090 1142 1162 τοιαύτην.
1179 1093 1376 1158 Δοῦλος
1402 1090 1470 1167 ἦν
1500 1097 1755 1168 εὐνοῦχος
1779 1098 1857 1169 τῷ

270 1180 688 1251 βασιλεοπάτορι
702 1184 980 1247 Μουσικὸς
999 1183 1357 1257 καλούμενος.
1373 1185 1542 1255 Οὗτος
1560 1193 1859 1259 συμφιλιωο

270 1271 385 1333 θεὶς
420 1271 681 1341 ἀνδράσιν
706 1275 1032 1344 ἐμπορικοῖς
1062 1277 1159 1330 καὶ
1191 1280 1561 1348 φιλοκερδέσι,
1596 1281 1857 1353 βουλόμεο

264 1378 354 1424 νος
387 1363 695 1432 κερδαίνειν
730 1366 950 1430 αὐτοὺς,
980 1371 1047 1438 τῇ
1080 1370 1218 1440 πρὸς
1254 1372 1346 1422 τὸν
1399 1372 1678 1439 Ζαοντζᾶν
1721 1393 1855 1447 χρη-

267 1456 503 1524 σάμενος
542 1458 827 1529 παρρησία
853 1460 952 1523 τὰς
984 1464 1047 1513 ἐκ
1087 1462 1431 1534 Βουλγαρίας
1484 1469 1852 1540 εἰσαγομένας

263 1546 662 1613 πραγματείας
689 1550 769 1611 είς
797 1549 897 1618 τὴν
937 1548 1099 1603 πόλιν
1142 1551 1348 1616 εὐθέως
1387 1555 1725 1629 μετέστησεν
1770 1564 1850 1625 εἰς

264 1633 694 1706 Θεσσαλονίκην,
728 1640 820 1692 καὶ
851 1641 978 1705 τοὺς
1014 1643 1344 1714 εἰρημένους
1375 1649 1653 1720 ἐμπόρους
1684 1654 1850 1707 τελώ-

261 1746 358 1792 νας
405 1731 581 1783 ἐκεῖσε
633 1732 994 1802 κατέστησεν,
1043 1735 1242 1801 οἵτινες
1296 1741 1484 1803 κακῶς
1540 1742 1848 1800 διετίθεσαν

257 1820 385 1882 τοῦς
419 1822 517 1884 τὰς
548 1826 936 1895 πραγματείας
970 1828 1255 1898 μετιόντας
1273 1832 1637 1905 Βουλγάρονς,
1674 1838 1848 1909 βαρέα

1971 633 2224 687 ιιιιινίιιιτ.
2261 634 2579 690 l’afriarcha
2611 636 2666 689 in
2697 636 2820 704 ejus
2874 636 3057 690 locum
3103 650 3329 695 creatur
3378 643 3555 699 Anto-

1969 727 2095 781 nius
2148 736 2517 797 cognomento
2569 730 2821 785 Cauleas.
2882 728 2981 784 llic
3046 741 3166 786 erat
3216 734 3555 789 urbanarum

1970 818 2386 891 1055rernm
2416 830 2617 877 status.
2641 822 2710 875 At
2733 821 2981 887 Simeon,
3011 823 3371 892 Bulgarorum
3398 829 3553 898 prin-

1965 928 2118 981 ceps,
2157 913 2386 968 foederis
2414 910 2649 968 Romani
2681 914 3054 972 confundendi
3102 917 3363 987 cupidus.
3413 919 3556 975 hanc

1964 1004 2200 1072 arripuit
2256 1021 2447 1060 ansam
2484 1023 2500 1063 :
2535 1006 2668 1061 Erat
2701 1007 2994 1065 euuuclms
3048 1009 3270 1065 Zautzze
3329 1012 3555 1067 nomine

1964 1090 2229 1148 Musicus.
2262 1092 2312 1149 ls
2340 1095 2605 1152 societate
2651 1111 2778 1151 cum
2835 1101 3241 1162 mercatoribus
3272 1117 3337 1158 ac
3395 1103 3550 1160 lucro

1963 1183 2191 1240 intentis
2226 1186 2541 1243 hominibus
2574 1188 2732 1254 inita,
2767 1203 2881 1245 rem
2920 1193 3148 1261 cupiens
3180 1194 3384 1263 facere,
3415 1213 3549 1254 usus

1960 1277 2026 1330 ad
2053 1277 2155 1331 hoc
2193 1277 2446 1334 libertate
2481 1296 2603 1349 qua:
2632 1282 2681 1336 ei
2705 1282 2851 1351 apud
2877 1282 3141 1338 Zautzam
3170 1296 3312 1352 erat,
3373 1304 3547 1359 nego-

1959 1372 2221 1427 tiationes
2276 1390 2415 1443 quas
2467 1374 2619 1444 Cpoli
2696 1378 2901 1434 habere
2975 1381 3228 1437 solebant
3301 1384 3545 1454 Bnlgari.

1957 1464 2141 1520 subito
2199 1465 2657 1524 Thessalonicam
2720 1471 3032 1535 transfert,
3097 1486 3546 1546 mercatoresque

1956 1558 2094 1613 istos
2154 1557 2226 1612 ibi
2286 1559 2610 1628 publicanos
2662 1559 2818 1617 facit.
2873 1563 2912 1618 li
2980 1581 3106 1621 cum
3176 1565 3543 1636 Bulgarorum

1958 1652 2326 1719 negotiatores
2363 1655 2741 1718 vexarent,ab
2793 1657 2974 1727 iisque
3020 1659 3203 1729 iniqua
3258 1662 3544 1731 exigerent

1954 1746 2264 1814 Vectigalia,
2305 1746 2524 1803 Simeon
2557 1763 2587 1802 a
2613 1749 2731 1804 suis
2781 1752 3024 1804 monitus
3072 1766 3137 1804 ea
3178 1752 3244 1806 de
3307 1767 3374 1807 re
3397 1752 3540 1822 apud

1957 1835 2193 1893 Leonem
2222 1841 2509 1910 queritur;
2535 1852 2589 1897 ct
2610 1858 2732 1897 cum
2764 1844 2942 1899 victus
2985 1845 3036 1898 in
3068 1844 3331 1901 Zautzatn
3354 1845 3543 1904 favore

256 1914 492 1983 εἰσπρατ
503 1916 714 1985 τόμενοι
727 1918 930 1989 τελωνή
940 1937 1108 1988 ματα.
1130 1923 1253 1978 Τῶν
1270 1926 1327 1982 δέ
1342 1929 1554 1999 Βουλγά
1562 1950 1671 1998 ρων
1682 1937 1837 2005 ἀναγ-

1954 1932 2253 2002 imperator
2288 1948 2387 2004 pro
2418 1935 2582 2004 nugis
2607 1934 2708 1989 boc
2742 1936 3017 2005 negotium
3078 1937 3305 1992 haberet
3361 1954 3541 2011 neque

255 2005 555 2072 στειλάντων
592 2007 766 2061 ταῦτα
806 2010 884 2082 τῷ
937 2014 1188 2085 Συμεὼν.
1227 2016 1322 2072 καὶ
1359 2021 1553 2077 τούτου
1598 2025 1736 2097 δῆλα
1768 2029 1845 2100 τῷ

255 2097 475 2167 βασιλεῖ
503 2103 973 2174 καταστήσαντος,
1007 2108 1132 2163 ἐπεὶ
1166 2113 1234 2181 τῇ
1266 2114 1406 2183 πρδς
1443 2116 1536 2170 τὸν
1565 2097 1842 2188 Ζαουτζᾱν

254 2194 572 2267 συμπαθείᾳ
605 2200 906 2270 νικώμενος
946 2203 1126 2260 πάντα
1149 2206 1226 2272 ὡς
1250 2208 1418 2281 λῆρον
1452 2215 1698 2286 ἡγήσατο
1747 2221 1842 2274 καὶ

248 2286 509 2354 οᾷδεμιᾶς
550 2287 783 2356 ἠξίωσεν
840 2293 1200 2364 ἐπιστροφῆς,
1262 2302 1458 2370 μανεὶς
1500 2303 1528 2356 ό
1589 2305 1837 2376 Συμεὼν,

251 2379 351 2431 καὶ
383 2380 580 2446 ἄλλως,
619 2383 695 2445 ὡς
754 2384 992 2455 εἴρηται,
1029 2388 1305 2459 πρόφασιν
1356 2393 1717 2466 εὐπρόσωπον
1746 2399 1841 2470 ζη-

246 2470 380 2534 τῶν,
406 2473 553 2541 αἴρει
576 2476 721 2528 κατὰ
766 2475 1055 2547 Ῥωμαίων
1098 2482 1166 2534 τὰ
1197 2483 1357 2538 ὅπλα.
1391 2487 1570 2559 Ὅπερ
1596 2491 1837 2557 ἀκούσας

246 2565 276 2616 ὁ
335 2562 590 2633 βασιλεὺς
631 2569 727 2621 καὶ
757 2569 923 2634 αὐτὸς
950 2572 1355 2641 ἀνθοπλίζεται,
1397 2580 1495 2633 καὶ
1526 2583 1835 2651 Προκόπιον

241 2656 338 2709 τὸν
392 2658 676 2730 Κρηνίτην
710 2661 810 2732 τὴν
853 2663 946 2717 τοῦ
989 2667 1363 2736 στρατηλάτου
1413 2673 1673 2740 μετιόντα
1724 2675 1835 2729 λει-

240 2751 507 2820 τουργίαν
534 2751 649 2821 λαῷ
684 2753 865 2823 πολλῷ
894 2755 987 2808 καὶ
1036 2757 1267 2828 ἄρχουσι
1305 2760 1667 2831 καθοπλίσας,
1708 2768 1833 2832 δούς

240 2858 303 2894 τε
344 2842 496 2912 αὗτῷ
525 2847 623 2899 καὶ
662 2846 993 2916 Κουρτίκιον
1032 2848 1123 2904 τὸν
1196 2852 1501 2924 Ἀρμένιον.
1551 2859 1830 2929 ἐκπέμπει

242 2932 388 2985 κατὰ
417 2932 515 2986 to?)
563 2935 813 3009 Συμεών.
847 2938 1243 3010 Συρῤαγέντων
1299 2943 1346 2997 δ’
1399 2946 1457 2997 ἐν
1516 2948 1830 3023 Μακεδονία

238 3024 353 3078 τῶν
395 3027 825 3097 στρατευμάτων
876 3030 1151 3100 ἡττῶνται
1192 3033 1477 3103 Ῥωμαῖοι,
1519 3044 1615 3095 καὶ
1657 3059 1828 3098 κατα-

241 3118 574 3187 σφάττονται
599 3120 763 3184 αὐτός
795 3138 856 3174 τε
893 3125 921 3174 ὁ
958 3125 1240 3197 Κρηνίτης
1274 3129 1368 3182 καὶ
1416 3130 1444 3182 ό
1498 3134 1826 3204 Κουρτίκιος

1953 2026 2062 2080 ulla
2098 2027 2423 2096 dignaretur
2449 2042 2604 2091 cura,
2655 2026 2927 2090 irritatus,
2980 2028 3225 2099 alioquin
3280 2032 3539 2087 occasio-

1949 2135 2074 2174 nem
2120 2121 2277 2190 pacis
2332 2118 2651 2189 rumpenda!
2703 2119 2992 2175 honestam
3048 2136 3329 2189 quarrcns,
3382 2137 3537 2176 arma

1946 2215 2209 2271 adversus
2267 2212 2552 2269 Romanos
2586 2214 2754 2283 capit.
2817 2212 2928 2268 Leo
2983 2213 3074 2268 ubi
3136 2215 3240 2270 hoc
3285 2216 3534 2282 rescivit,

1946 2301 2061 2369 ipse
2106 2316 2329 2371 quoque
2384 2301 2450 2355 ad
2486 2301 2691 2357 bellum
2726 2317 2786 2357 se
2840 2311 3028 2372 parat;
3086 2311 3140 2359 et
3200 2303 3533 2377 Procopium

1941 2393 2247 2457 Crenitam,
2274 2394 2363 2448 cui
2398 2403 2531 2450 tunc
2559 2408 2761 2451 munus
2783 2393 3161 2471 ducendorum
3187 2400 3531 2456 exercituum

1944 2488 2260 2557 impositum
2297 2497 2438 2552 erat,
2469 2487 2680 2557 magnis
2719 2501 2845 2541 cum
2878 2489 3055 2559 copiis
3095 2497 3147 2543 et
3182 2490 3529 2557 ductoribus,

1940 2579 2131 2635 aldito
2168 2580 2335 2635 etiam
2392 2580 2641 2634 Curticio
2674 2577 2958 2645 Armenio,
3019 2591 3212 2637 contra
3261 2581 3531 2653 Bulgaros

1938 2673 2124 2725 mittit.
2152 2670 2208 2724 In
2260 2671 2578 2726 Macedonia
2620 2672 2867 2727 adversa:
2921 2673 3069 2729 acies
3101 2689 3528 2743 concurrerunt,

1936 2764 2175 2834 victique
2200 2763 2429 2818 Romani
2454 2763 2690 2819 etoccisi
2712 2774 2864 2827 sunt,
2887 2765 3141 2836 interque
3160 2767 3262 2825 bos
3276 2767 3529 2825 Crcnitcs

1933 2857 2098 2911 etiam
2122 2871 2185 2910 ac
2202 2855 2503 2911 Curticius.
2543 2854 2693 2922 Quos
2712 2856 2780 2912 de
2813 2859 3059 2913 exercitu
3096 2859 3349 2916 Romano
3380 2864 3529 2933 cepit

1932 2947 2177 3013 Simeon,
2232 2964 2330 3004 eos
2382 2948 2608 3004 ludibrii
2662 2965 2832 3005 causa
2864 2953 3098 3008 naribus
3149 2954 3439 3009 mutilatos
3469 2955 3523 3010 in

1933 3042 2124 3097 urbem
2177 3041 2410 3096 remisit.
2453 3041 2666 3112 1055
2702 3040 2816 3097 "ac
2878 3044 3034 3099 clade
3066 3052 3121 3098 et
3176 3047 3521 3106 contumelia

1929 3131 2040 3191 Leo
2078 3136 2131 3190 in
2160 3149 2439 3189 summum
2473 3135 2641 3189 animi
2673 3135 2958 3203 eonjeetus
2977 3137 3249 3205 dolorem,
3272 3138 3521 3196 Nicetatn

252 3210 542 3281 ’Λρμένιος
571 3214 663 3266 καὶ
692 3212 842 3267 ἄλλοι
868 3215 1075 3278 πολλοὶ,
1103 3218 1212 3271 τῶν
1236 3224 1685 3294 κατασχεθέντων
1716 3231 1826 3284 ἀπὸ

1947 3227 2219 3297 )atricium
2252 3235 2617 3298 cognomento
2649 3227 2900 3283 Sclerum
2931 3229 3007 3300 (id
3039 3238 3144 3295 est,
3168 3230 3392 3302 durum)
3425 3248 3522 3303 pcr

237 3300 339 3372 τῆς
369 3303 649 3374 ἑταιρείας
677 3306 771 3359 τοῦ
811 3307 1081 3378 βασιλέως
1118 3312 1211 3365 τοῦ
1248 3313 1480 3383 Συμεὼν
1517 3318 1820 3391 ἀποτεμόν-

236 3410 331 3458 τος
360 3395 459 3460 τὰς
484 3398 637 3466 ρἰας
676 3398 771 3452 καὶ
802 3402 882 3463 είς
916 3404 1015 3468 τὴν
1046 3403 1203 3457 πόλιν
1226 3406 1653 3478 ἐκπεπομφότος
1688 3414 1826 3485 πρὸς

237 3488 506 3558 αἰσχύνην
562 3488 872 3560 Ῥωμαίων.
904 3492 994 3563 Τῷ
1029 3494 1256 3567 τοιούτῳ
1298 3496 1355 3550 δέ
1403 3500 1567 3554 πάθει
1602 3504 1699 3556 καὶ
1744 3505 1823 3576 τῷ

238 3580 690 3653 προπηλακισμῷ
734 3582 831 3637 τοῦ
865 3585 1095 3657 Συμεὼν
1126 3589 1430 3661 περιαλγὴς
1458 3596 1753 3665 γενόμενος
1794 3602 1824 3653 ὁ

237 3668 499 3737 βασιλεὺς
556 3672 804 3744 Νικήταν
859 3676 1150 3747 πατρίκιοι)
1202 3678 1293 3732 τὸν
1339 3682 1437 3752 τὴν
1500 3684 1822 3757 ἐπωνυμίαν

233 3761 481 3835 Σκληρὶν
501 3764 591 3819 διὰ
621 3765 718 3820 τοῦ
757 3768 972 3837 Ἴστρου
1020 3769 1159 3842 πρὸς
1200 3772 1478 3844 Τούρκους
1517 3780 1646 3842 τοὺς
1678 3780 1821 3851 Οὔγ-

231 3871 401 3926 γρους
422 3856 797 3928 καλουμένους
840 3860 953 3928 (16)
995 3862 1342 3932 ἀπέστειλεν,
1376 3869 1461 3936 ἐφ’
1498 3861 1543 3937 ᾧ
1578 3874 1819 3942 περαιώ-

233 3946 434 4001 σασθαι
468 3948 560 4001 τὸν
591 3951 836 4020 ποταμὸν
858 3954 953 4005 καὶ
994 3954 1093 4026 τὴν
1122 3956 1465 4030 Βουλγαρίαν
1495 3962 1587 4015 τὸν
1629 3966 1818 4020 ἐνόντα

228 4038 434 4110 ⁴τρόπον
473 4039 839 4112 λυμήνασθαι.
885 4044 945 4096 Ὀ
973 4044 1032 4098 δὲ
1064 4050 1176 4110 τοῖς
1223 4047 1488 4120 Τούρκοις
1538 4056 1816 4125 συμμίξας

232 4133 327 4187 καὶ
359 4132 555 4197 πείσας
586 4136 729 4188 κατὰ
765 4134 873 4189 τῶν
902 4137 1234 4209 Βονλγάρων
1282 4143 1424 4196 ὅπλα
1454 4148 1644 4215 κινεῖν,
1673 4150 1782 4219 όμή
1802 4180 1817 4192 -

233 4243 363 4297 ρους
397 4243 456 4279 τε
484 4226 688 4292 λαϐὼν,
741 4231 820 4307 εἰς
846 4229 1072 4300 βασιλέα
1106 4234 1466 4306 ὑπέστρεψεν.
1537 4241 1698 4296 una
1749 4245 1815 4319 δὴ

230 4319 325 4372 καί
353 4320 516 4383 αὐτὸς
545 4321 575 4373 ὁ
599 4320 857 4392 βασιλεὺς
889 4326 980 4380 διά
1003 4345 1065 4382 τε
1094 4333 1195 4400 γῆς
1228 4333 1327 4385 καὶ
1347 4334 1620 4408 θαλάττης
1642 4341 1816 4408 ἐγνώ-

228 4429 314 4465 κει
368 4412 700 4484 ὼυλγάροις
749 4417 1032 4488 πολεμεῖν.
1074 4422 1174 4476 Διὰ
1244 4424 1345 4493 μέν
1381 4422 1474 4480 οὖν
1534 4429 1814 4505 θαλάσσης

227 4501 523 4558 nocuere»
558 4505 835 4577 ἐκπέμπει
862 4508 952 4562 τὸν
975 4513 1263 4581 πατρίκιον
1299 4516 1393 4569 καὶ
1418 4501 1807 4592 δρουγγάριον,

1938 3320 2138 3375 Istrum
2165 3319 2230 3373 ad
2279 3319 2494 3377 Turcos
2546 3322 2664 3376 sive
2716 3319 2934 3391 Ungros
2991 3322 3181 3386 mittit,
3220 3323 3289 3378 ab
3342 3323 3521 3393 iisque

1936 3414 2069 3484 petit
2123 3423 2182 3467 ut
2234 3411 2459 3468 flumine
2534 3412 2763 3482 trajecto
2829 3411 3141 3485 Bulgariam
3214 3429 3314 3484 pro
3373 3415 3517 3470 virili

1933 3507 2215 3564 infestent.
2279 3506 2467 3563 Niceta
2529 3523 2651 3563 eum
2721 3509 2917 3565 Turcis
2975 3525 3309 3580 congressus
3357 3512 3423 3568 iis
3455 3521 3517 3567 ut

1932 3617 2084 3657 arma
2121 3602 2175 3656 in
2205 3602 2472 3669 Bulgaros
2506 3609 2791 3657 moverent
2831 3603 3151 3673 persuadet.
3194 3604 3513 3661 obsidibus.

1933 3710 2041 3765 que
2102 3694 2353 3766 acceptis
2411 3694 2479 3749 ad
2551 3694 2942 3765 imperatorem
3013 3696 3173 3751 redit.
3232 3695 3346 3753 Nec
3402 3713 3513 3753 nun

1933 3789 2237 3855 imperator
2286 3802 2509 3858 quoque
2539 3787 2742 3843 bellum
2792 3795 2941 3842 terra
3007 3787 3260 3858 marique
3319 3799 3510 3844 contra

1931 3878 2199 3949 Bulgaros
2237 3879 2495 3948 suscipit,
2523 3878 2687 3933 classi
2722 3880 2978 3949 pra-lecto
3021 3879 3305 3935 Eustatbio
3333 3880 3511 3951 patri-

1929 3971 2018 4024 cio
2071 3978 2125 4026 et
2190 3971 2513 4040 drungario,
2568 3970 2927 4025 terrestribus
2988 3971 3161 4042 copiis
3202 3972 3510 4041 Nicephoro

1928 4062 2126 4118 Phocae
2157 4061 2391 4132 patricio
2421 4063 2755 4123 commissis.
2802 4078 2964 4132 quem
3005 4063 3223 4119 Andrea
3285 4074 3508 4121 mortuo

1927 4155 2295 4212 domesticum
2329 4155 2645 4211 scholarum
2674 4154 2901 4209 fecerat.
2953 4153 3053 4210 Hic
3081 4171 3203 4210 cum
3232 4156 3345 4227 jam
3378 4156 3507 4213 Bul-

1927 4246 2077 4318 garis
2135 4246 2661 4316 appr-epinquasset,
2692 4244 2804 4300 Leo
2837 4244 3019 4299 adhuc
3073 4246 3228 4317 pacis
3269 4249 3507 4318 cupidus

1925 4339 2440 4395 Constantinacium
2473 4348 2806 4408 quaestorem
2853 4339 2922 4392 ad
2971 4338 3282 4394 Simeonem
3316 4341 3503 4397 mittit.

1922 4427 2094 4496 Quem
2122 4428 2391 4482 barbarus
2417 4427 2611 4482 dolose
2655 4426 2725 4480 ad
2747 4441 2807 4480 se
2836 4426 3072 4498 legatum
3102 4437 3302 4497 putans
3320 4427 3375 4481 in
3401 4442 3503 4482 cu-

1920 4522 2154 4578 Stodiatn
2182 4520 2372 4574 datum
2405 4518 2663 4575 detinuit.
2695 4517 2831 4574 Dum
2871 4520 2935 4574 ad
2965 4518 3163 4574 Phocae
3198 4520 3501 4575 exercitum

224 4593 318 4647 διὰ
341 4594 398 4647 δέ
423 4595 524 4664 γῆς
571 4597 663 4651 τὸν
706 4600 1003 4669 πατρίκιον
1063 4603 1382 4675 Νικηφόρον
1440 4608 1532 4660 τὸν
1585 4612 1806 4680 Φωκᾶν,

1947 4613 2317 4682 profligandam
2342 4626 2402 4666 se
2420 4619 2577 4681 parat
2608 4610 2854 4672 Simeon.
2890 4611 3110 4666 interim
3132 4611 3299 4666 Turci
3331 4612 3499 4668 fluvio

224 4686 632 4755 προϐαλόμενος
662 4690 825 4743 αὐτὸν
851 4693 990 4760 μετὰ
1025 4695 1119 4746 τὸν
1164 4696 1415 4766 Ἀνδρέου
1455 4699 1690 4755 θάνατον
1720 4704 1808 4757 δο-

227 4778 485 4848 μὲστικον
519 4779 629 4831 τῶν
660 4781 888 4851 σχολῶν.
914 4778 1016 4836 Ὧν
1046 4786 1211 4857 μέχρι
1239 4788 1579 4861 Βουλγαρίας
1609 4794 1808 4862 ἀφικο-

226 4870 405 4938 μένων
426 4873 452 4924 ὁ
478 4869 738 4940 βασιλεὺς
765 4875 846 4928 ἐτι
876 4874 977 4945 τὴν
1008 4879 1234 4949 εἰρήνην
1260 4881 1504 4952 στέργων
1530 4885 1622 4937 τὸν
1641 4887 1808 4939 κοιαί⁸

224 4978 409 5033 στωρα
458 4965 572 5035 (17)
622 4967 1131 5024 Κωνσταντινάκιον
1161 4972 1272 5042 (18)
1332 4975 1608 5046 ἐκπέμπει
1670 4978 1805 5050 πρὸς

221 5052 448 5123 Συμεών
483 5072 502 5089 ο
556 5054 616 5109 ὂν
647 5050 803 5121 οὗτος
852 5058 1142 5130 κατασχὼν
1197 5061 1413 5134 τίθησιν
1466 5067 1524 5116 ἐν
1560 5069 1802 5139 φρουρᾷ,

218 5145 408 5210 δολίως
431 5149 565 5220 πρὸς
590 5150 755 5205 αὐτὸν
772 5151 1068 5220 ἀφικέσθαι
1083 5154 1333 5224 νομίσας.
1371 5154 1800 5230 Ἀσχολουμένου

1910 4705 2241 4765 transmisso
2274 4706 2588 4760 universam
2617 4701 2928 4774 Bulgariam
2952 4704 3313 4774 populantur.
3335 4704 3494 4771 Quod

1911 4797 2001 4853 ubi
2035 4797 2425 4851 annuntiatutn
2452 4806 2545 4851 est
2592 4794 2862 4859 Simeoni,
2923 4796 3135 4851 omisso
3200 4795 3382 4851 Pboca
3435 4798 3490 4852 in

1909 4886 2120 4943 Turcos
2156 4885 2485 4951 contendit;
2521 4886 2617 4955 qui
2646 4892 2704 4939 et
2760 4885 2865 4954 ipsi
2905 4901 3032 4940 cum
3064 4885 3315 4956 Bulgaria
3345 4902 3489 4957 pra:-

1904 4979 2038 5034 liuut
2070 4978 2415 5033 committere
2452 4977 2642 5047 cupidi
2675 4977 2876 5033 Istrum
2924 4987 3237 5044 transeunt,
3280 4994 3487 5048 eosque

1902 5084 2082 5139 pugna
2117 5083 2448 5138 congressos
2475 5068 2800 5123 deviucunt.
2848 5067 3072 5123 Simeon
3127 5083 3273 5140 πετο
3306 5068 3482 5125 Doro-

1901 5162 2135 5226 stolum,
2168 5160 2315 5230 quod
2348 5173 2400 5216 et
2449 5159 2629 5215 Drista
2686 5158 3026 5227 nominatur,
3085 5160 3212 5231 fuga
3259 5160 3495 5233 elapsus-

1375 5338 1731 5396 XYLANDRI
1764 5341 1849 5397 ET
1889 5341 2102 5399 GOARI
2141 5340 2375 5397 NOTAE.

291 5482 402 5559 (l6)
440 5482 765 5559 Quorumub.
802 5484 838 5540 Ι.
867 5486 1072 5540 mentio
1102 5485 1496 5559 lit_Ungrorutn
1531 5487 1677 5559 (nam
1712 5488 1794 5545 sic

257 5556 509 5627 crspicne
546 5555 912 5627 appellantur.
941 5566 999 5609 ut
1029 5570 1080 5611 et
1107 5574 1134 5609 a
1161 5555 1395 5618 Zonara,
1430 5555 1679 5627 quamvis
1703 5560 1794 5615 alii

257 5570 509 5623 crsptcne
546 5570 912 5623 appellantur.
941 5570 999 5609 ιιι
1029 5570 1080 5611 et
1107 5574 1134 5609 a
1161 5570 1395 5618 tonare,
1430 5570 1679 5627 quamvis
1703 5570 1794 5615 alti

218 5570 398 5701 tigres
434 5629 658 5701 legant),
684 5625 719 5679 ii
756 5626 898 5701 haud
921 5628 1085 5701 dubie
1117 5639 1243 5684 sunt
1272 5629 1364 5700 qui
1385 5628 1559 5701 hodie
1592 5629 1794 5701 Ungari

218 5694 505 5768 dicuntur.
541 5694 678 5750 XvL.
716 5727 780 5737 —
816 5696 1029 5753 Turcos
1077 5699 1167 5754 bie
1210 5694 1333 5754 υιιῖη
1385 5697 1620 5768 ngaris
1656 5694 1793 5755 eon—

222 5764 405 5840 fundtt
432 5765 724 5840 interpres.
757 5784 896 5838 quos
927 5778 1119 5824 auctor
1145 5770 1409 5839 particula
1442 5764 1792 5840 coniunctiva

220 5835 316 5913 καί
359 5835 856 5913 prodirgiversos.
898 5840 1002 5895 Eos
1043 5835 1513 5913 allléllluifllelil‘gc
1550 5835 1793 5913 'Scytbas

222 5907 488 5964 Citazaris
517 5907 745 5976 vicinos,
787 5924 1022 5981 quorum
1060 5910 1398 5967 eontribnles
1431 5907 1791 5970 Meneniacbo

1895 5498 2155 5561 regnante
2188 5486 2427 5561 Persiam
2461 5486 2567 5542 sibi
2600 5487 2973 5561 subiecerunt.
3011 5487 3236 5561 Auctor
3263 5488 3331 5544 de
3363 5487 3477 5561 illis

1896 5556 2036 5619 fuse,
2064 5572 2162 5612 nec
2199 5573 2307 5611 non
2334 5556 2730 5613 Constantinus
2759 5556 2823 5611 de
2858 5558 3082 5614 Admin.
3106 5556 3245 5627 Imp.
3283 5573 3336 5614 c.
3372 5560 3461 5614 38.

1890 5629 2063 5685 Cum.

1963 5698 2187 5781 (17).οο
2225 5712 2318 5781 ρο,
2373 5696 3463 5781 pron’tuultim‘is[temporibus“cilicium

1892 5764 2333 5831 administrabat,
2364 5769 2461 5822 .lus
2488 5764 2604 5821 Glt.
2636 5767 2841 5837 parte2
2876 5764 3165 5822 latissime.
3191 5766 3364 5823 GOAR.

1966 5842 2077 5913 (l8)
2140 5838 2487 5913 Constantini
2544 5837 2995 5907 ὑποκοριστικόν,
3055 5839 3198 5908 quod
3255 5838 3461 5895 Latinis

1892 5908 2366 5970 Constantinulus.
2406 5908 2579 5965 Goan.
