4226 6442
706 356 844 429 ΙῙΞῙ

1969 359 2222 422 GEORG
2239 362 2292 420 [Ι
2326 362 2663 423 CEDRENI

3834 355 3973 419 1152

707 494 834 533 mue
862 478 929 533 ad
959 478 1197 533 Imbrum
1226 477 1484 548 applicat.
1518 476 1597 532 Ac
1629 475 1983 531 Samothraca
2005 492 2284 547 superaza,

2399 480 2641 548 χειρίσας
2674 478 2903 548 δύναμιν
2940 479 3080 532 κατὰ
3109 477 3206 531 τοῦ
3259 477 3584 549 Τριπολίτου
3627 473 3972 528 ἀπέστειλεν,

705 569 897 625 hostes
916 569 1079 623 'l‘hasi
1109 584 1235 623 cum
1269 569 1499 640 sentiret
1530 584 1698 624 nares
1728 569 1781 623 in
1815 570 2054 623 statione
2084 567 2287 623 habere

706 663 1061 716 multitudine
1090 671 1145 715 et
1169 662 1453 716 alacritate
1480 663 1594 715 suTs
1634 662 1966 730 superiores,
1991 678 2057 714 nc
2089 677 2286 730 appro-

708 754 976 822 pinquare
1014 753 1234 821 quidem
1291 754 1357 806 iis
1409 768 1576 807 ausus
1625 760 1728 810 cst.
1762 751 2055 822 Tripolites
2105 760 2285 805 ants-ut

708 851 853 897 retro
882 857 1109 897 aversus
1146 842 1589 897 Thessalonicam
1624 852 1920 913 expugnat,
1949 842 2289 911 deprehenso

706 934 759 987 in
796 949 859 986 ea
908 935 1073 988 etiam
1110 932 1286 987 Leone
1318 933 1598 1003 pra-fecto,
1645 934 1731 989 cui
1777 934 2152 988 Chatzilacius
2195 950 2289 987 co-

703 1035 1102 1095 gnomentum;
1136 1026 1480 1094 multumque
1524 1027 1595 1079 ibi
1639 1026 1927 1096 sanguinis
1959 1027 2109 1091 facit,
2152 1027 2291 1079 mul-

705 1125 906 1184 tosque
937 1115 1182 1184 raptivos
1234 1114 1477 1169 abducit.
1515 1113 1675 1169 Forte
1706 1117 1930 1184 quidam
1953 1116 2019 1170 de
2054 1116 2288 1169 cubicu-

711 1209 889 1270 lariis,
924 1207 1142 1261 nomine
1182 1205 1619 1277 Rhodophyllus,
1655 1207 1986 1261 necessaria:
2018 1207 2092 1261 rei
2125 1221 2289 1259 causa

708 1300 762 1352 in
801 1297 1046 1352 Siciliam
1104 1299 1305 1353 missus
1336 1314 1459 1352 cum
1505 1297 1604 1352 100
1636 1298 1755 1352 auri
1787 1298 1963 1364 libris,
2006 1297 2059 1351 in
2094 1297 2289 1350 itinere

707 1392 902 1445 morbo
966 1401 1253 1459 correptus
1337 1390 1785 1446 Thessalonicam
1866 1406 1926 1446 se
1983 1390 2289 1443 contulerat

710 1482 922 1553 1063
967 1483 1194 1537 curandi
1229 1483 1476 1551 corporis
1518 1498 1705 1536 causa.
1737 1481 1875 1535 Eum
1913 1482 2174 1550 Tripolita
2217 1482 2289 1534 ibi

706 1586 823 1628 tum
867 1583 1110 1643 captum,
1150 1574 1268 1643 ejus
1314 1575 1431 1627 auri
1483 1590 1647 1627 causa
1683 1574 1772 1626 diu
1813 1581 2040 1636 tortum,
2073 1588 2193 1627 Cttttt
2234 1588 2291 1626 se

708 1667 1008 1737 quidquam
1053 1666 1255 1721 habere
1287 1675 1628 1735 pernegaret,
1662 1666 1898 1719 necavit.
1935 1664 2000 1718 Et
2031 1681 2159 1718 vero
2190 1682 2290 1716 :iu-

708 1773 829 1811 rum
867 1758 920 1811 in
955 1758 1148 1811 itinere
1192 1756 1606 1826 lllmdopliyllus
1655 1756 1976 1824 reliquerat,
2011 1757 2169 1824 idque
2204 1754 2284 1817 Si-

710 1864 870 1904 meon
914 1850 1246 1903 sccretarius
1278 1863 1338 1902 ea
1387 1846 1662 1902 transiens
1720 1850 2039 1901 sustulerat.
2073 1844 2171 1899 Hic
2205 1847 2289 1899 Si-

708 1957 869 1995 meon
899 1940 1224 2010 Tripolitam
1266 1941 1419 1995 urbis
1452 1942 1797 1995 eversionem
1854 1940 2039 1993 animo
2078 1939 2290 2007 agitau-

710 2044 815 2089 tem
852 2034 1101 2088 hortatus
1149 2042 1235 2089 est
1290 2043 1347 2087 ut
1394 2032 1608 2087 excidio
1662 2034 1963 2087 abstineret
1990 2046 2165 2101 eoque
2197 2047 2291 2084 no-

710 2128 855 2180 mine
895 2142 1088 2181 aurum
1133 2127 1264 2181 illud
1329 2125 1636 2194 acciperet;
1671 2139 1736 2177 ac
1796 2123 2093 2194 persuasit.
2127 2120 2283 2188 Quod

708 2218 984 2275 SimeOuis
1018 2218 1217 2272 factum
1262 2218 1334 2271 ita
1394 2225 1612 2284 gratum
1675 2214 1778 2271 fuit
1841 2216 2186 2285 imperatori,
2235 2221 2294 2266 ttt

708 2321 834 2361 eum
871 2307 1088 2375 patricii
1127 2323 1189 2359 ac
1243 2304 1525 2361 secretarii
1573 2304 1821 2374 primarii
1850 2303 2114 2371 dignitate
2170 2302 2295 2356 ideo

710 2408 1093 2454 remuneratus
1124 2400 1213 2453 sit.
1260 2396 1560 2460 Himerius,
1601 2397 1824 2465 cognito
1852 2411 1879 2449 a
1910 2394 2295 2450 Thessalonica

710 2488 1043 2545 Sarracenos
1106 2490 1427 2554 recessisse,
1466 2488 1824 2556 insequendis
1887 2488 1955 2542 iis
2005 2503 2062 2543 se
2119 2495 2295 2556 parat.

714 2578 913 2636 Verum
969 2582 1025 2637 hi
1084 2583 1149 2637 ad
1209 2583 1431 2638 Cretam
1468 2582 1771 2652 appellunt,
1805 2580 2113 2652 prmdreque
2143 2587 2295 2649 parte

714 2669 1071 2726 Cretensibus
1102 2671 1226 2724 data
1261 2673 1563 2726 incolumes
1608 2673 1827 2725 domum
1864 2672 2110 2735 redeunt,
2150 2664 2295 2724 otio-

714 2776 835 2815 smn
868 2759 1059 2815 Lemni
1095 2765 1461 2832 relinquentes
1496 2762 1821 2818 llimerium.

2393 570 2451 632 ὃς
2478 569 2712 623 Ἀϐυδον
2735 569 2961 624 διελθὼν
2985 571 3078 624 καὶ
3107 570 3168 623 τὸ
3184 573 3408 637 Αἰγαῖον
3426 569 3657 636 πέλαγος
3683 566 3973 636 Στροϐήλῳ

2391 663 2774 732 προσορμίζει,
2808 658 2925 716 εἶτα
2955 664 3209 733 καταίρει
3244 662 3380 731 πρὸς
3419 660 3664 732 Ἴμϐρον.
3692 657 3975 728 Σαμοθρᾲ·

2393 768 2496 821 κην
2519 752 2575 805 δὲ
2605 754 2795 816 διαϐὰς
2822 755 3088 807 κατέλαϐε
3110 756 3236 817 τοὺς
3263 754 3558 824 πολεμίους
3577 750 3974 819 ναυλοχοῦντας

2392 846 2449 896 ἐν
2480 844 2663 911 Θάσῳ.
2697 845 2841 913 Πλὴν
2869 846 3065 916 πλήθει
3090 864 3147 898 τε
3168 851 3263 899 καὶ
3299 846 3579 914 προθυμίᾳ
3608 844 3975 913 ὑπερέχοντας

2392 940 2592 1002 αὐτοὺς
2638 939 2762 992 ἰδὼν
2787 940 2909 992 οὐδὲ
2953 942 3256 1010 πλησιάσαι
3280 941 3495 1003 τούτοις
3513 937 3871 1007 τετόλμηκεν,
3917 934 3976 986 '0

2391 1030 2447 1082 δὲ
2506 1029 2840 1098 Τριπολίτης
2900 1031 3307 1101 ὀπισθὸρμητος
3363 1029 3606 1099 γεγονὼς
3677 1032 3774 1081 καί⁵
3834 1026 3977 1079 κατὰ

2392 1120 2795 1191 Θεσσαλονίκην
2826 1122 3119 1190 γενόμενος
3153 1123 3357 1194 ταύτην
3382 1123 3770 1191 ἐπολιόρκησε.
3796 1137 3972 1172 κατα-

2396 1208 2687 1275 σχεθέντος
2739 1210 2833 1262 καὶ
2863 1212 3090 1274 Λέοντος
3145 1211 3239 1264 τοῦ
3281 1212 3587 1282 στρατηγοῦ
3629 1215 3687 1264 ὲν
3741 1212 3901 1280 αὐτῇ,

2393 1300 2756 1364 Χατζιλάκιος
2777 1302 2837 1354 τὸ
2877 1304 3190 1374 ἐπώνυμον.
3241 1305 3488 1371 Ἐγένετο
3519 1306 3575 1357 δὲ
3620 1304 3778 1375 χ’ἇσις
3802 1304 3974 1370 αἱμάσ

2392 1408 2502 1444 των
2538 1393 2707 1462 πολλὴ
2733 1396 2827 1446 καὶ
2862 1396 3232 1465 αίχμαλωσία,
3279 1396 3633 1465 Ῥοδόφυλλος
3667 1395 3725 1447 δέ
3749 1412 3833 1459 τις
3850 1412 3978 1446 κου-

2393 1484 2738 1556 6ικουλάριος
2775 1488 2917 1540 κατά
2947 1506 3068 1542 τινα
3098 1490 3290 1561 χρείαν
3337 1492 3396 1542 ἐν
3430 1489 3653 1560 Σικελίᾳ
3703 1489 3976 1558 πεμφθεὶς

2398 1579 2537 1644 μετὰ
2573 1579 2800 1646 χρυσίου
2853 1582 3055 1649 λιτρῶν
3087 1583 3307 1643 ἑκατὸν,
3351 1581 3492 1651 νόσῳ
3550 1581 3869 1650 περιπεσὼν
3921 1582 3980 1634 ὲν

2393 1666 2763 1740 Θεσσαλονίκῃ
2792 1670 3042 1738 εἰσῆλθεν
3078 1672 3162 1739 ἐφ’
3189 1665 3234 1739 ᾧ
3282 1671 3603 1741 ἐπιμελείας
3653 1671 3975 1739 ἀξιωθῆναι.

2395 1758 2604 1828 Ὅνπερ
2637 1761 2924 1831 κατασχὼν
2985 1763 3014 1814 6
3068 1764 3405 1834 Τριπολίτης
3443 1766 3540 1815 καὶ
3604 1764 3774 1816 πολλὰ
3816 1764 3978 1833 βασα-

2391 1848 2545 1912 νίσας
2570 1850 2657 1902 διὰ
2691 1851 2751 1903 τὸ
2772 1854 2994 1921 χρυσίον
3033 1855 3322 1908 ἀπέκτεινε
3371 1856 3540 1924 μηδὲν
3577 1855 3722 1925 ἔχειν
3768 1859 3978 1924 ἰσχυρι-

2388 1939 2651 2010 ζόμενον’
2699 1942 2857 1995 τοῦτο
2903 1946 3011 2013 γάρ
3047 1944 3205 2014 ἔτυχε
3263 1946 3584 1999 καταλιπὼν
3630 1948 3689 1998 ἐν
3720 1950 3786 2017 τῇ
3844 1947 3974 2016 ὁδῷ,

2388 2032 2526 2101 ὅπερ
2555 2033 2782 2102 Συμεὼν
2820 2035 3129 2106 ἀσηκρῆτις
3159 2037 3510 2106 διερχόμενος
3545 2038 3812 2092 ἀνείλετο.
3868 2038 3978 2091 Καὶ

2388 2123 2485 2175 τοῦ
2521 2124 2848 2194 Τριπολίτου
2872 2125 3225 2198 βουληθέντος
3254 2129 3628 2197 καταστρέψαι
3653 2131 3753 2198 τὴν
3801 2130 3977 2196 πόλιν,

2394 2218 2420 2270 6
2451 2216 2679 2285 Συμεὼν
2711 2217 2897 2271 λαϐεῖν
2936 2220 3123 2272 -αὑτὸν
3175 2220 3397 2288 χρυσίον
3448 2222 3689 2287 ἐμήνυσε
3728 2222 3821 2273 καὶ
3878 2221 3977 2290 τῆς

2399 2310 2792 2379 καταστροφῆς
2846 2311 3208 2380 ἀποσχέσθαι.
3247 2311 3332 2383 [Ρ.
3371 2311 3498 2383 601]
3535 2313 3599 2363 "O
3633 2314 3724 2365 καὶ
3756 2314 3973 2380 γέγονε,

2399 2401 2493 2453 καὶ
2528 2400 2711 2453 λαϐὼν
2758 2400 2816 2452 τὸ
2850 2402 3077 2470 χρυσίον
3112 2402 3139 2453 6
3186 2399 3522 2472 Τριπολίτης
3575 2404 3973 2474 ὑπενόστησεν.

2412 2491 2839 2563 Ἀποδεξάμενος
2873 2493 2927 2545 δὲ
2953 2493 3039 2544 τὸν
3063 2493 3289 2561 Συμεὼν
3328 2492 3422 2546 τοῦ
3464 2494 3628 2564 ἔργου
3662 2495 3691 2547 6
3724 2494 3980 2563 βασιλεὺς

2400 2582 2688 2651 πατρίκιον
2742 2585 2838 2635 καὶ
2896 2583 3392 2653 πρωτοσσηκρῆτιν
3442 2583 3633 2635 τοῦτον
3682 2584 3977 2652 τετίμηκε.

2405 2673 2718 2741 Πυθόμενος
2763 2673 2818 2725 δὲ
2873 2673 2971 2743 τὴν
3020 2672 3126 2725 τῶν
3171 2674 3506 2743 Σαρακηνῶν
3558 2674 3911 2743 ἀποστροφὴν
3948 2672 3980 2723 6

2405 2763 2677 2832 ναύαρχος
2714 2762 2945 2832 Ἱμέριος
2975 2762 3110 2832 πρὸς
3136 2762 3236 2833 τὴν
3270 2764 3389 2815 κατ’
3422 2762 3606 2816 αὐτῶν
3634 2762 3981 2816 διανίσταται

713 2852 918 2917 δίωξιν.
944 2856 1007 2907 Οἱ
1034 2854 1090 2907 δὲ
1120 2858 1186 2924 τῇ
1218 2857 1413 2928 Κρήτῃ
1433 2856 1811 2925 προσίσχουσι,
1846 2854 1943 2907 καὶ
1984 2854 2296 2926 ἀπόμοιραν
2325 2854 2506 2917 δόντες
2535 2856 2648 2916 τοῖς
2685 2854 2866 2926 Κρησὶ
2893 2853 2993 2920 τῆς
3021 2852 3171 2916 λείας
3226 2853 3483 2918 ἀϐλαϐεῖς
3535 2854 3717 2907 οἴκαδε
3768 2854 3967 2909 ἀπενό-

716 2960 941 3013 στησαν,
999 2945 1279 3013 ἄπρακτον
1329 2946 1386 2996 ὲν
1457 2945 1664 3014 Λήμνῳ
1736 2943 2135 3006 καταλιπόντες

715 3133 771 3188 in
805 3133 1085 3187 Orientem
1121 3132 1343 3196 emittit,
1380 3131 1721 3185 Eustathium
1745 3131 1934 3200 stirpis
1958 3131 2291 3200 Argyrorum

715 3233 768 3279 et
800 3223 1172 3278 Andronicum
1207 3238 1407 3292 genere
1446 3223 1669 3275 llucam.
1707 3221 1767 3273 lli
1801 3223 2003 3276 multas
2045 3220 2112 3274 de
2150 3223 2295 3292 Aga-

716 3313 865 3367 renis
905 3321 1260 3381 reportarunt
1305 3311 1591 3365 victorias.
1624 3310 1895 3363 Caeterum
1932 3309 2219 3369 Samonas,
2252 3309 2298 3361 is

715 3420 877 3474 quem
911 3404 1142 3458 insidias
1169 3403 1481 3471 imperatori
1511 3401 1789 3455 detexisse
1828 3400 2137 3465 docuimus,
2170 3415 2293 3453 cum

716 3505 864 3551 esset
893 3496 1033 3565 apud
1069 3496 1211 3547 lmuc
1254 3494 1305 3546 iu
1337 3509 1551 3547 summo
1585 3493 1810 3556 honore,
1849 3492 2116 3547 simulans
2147 3506 2207 3545 se
2230 3492 2295 3545 ad

717 3589 1111 3643 monasterium
1149 3603 1308 3641 suum
1340 3586 1510 3649 exire,
1542 3586 1784 3656 profugit
1826 3600 1948 3639 cum
1979 3584 2206 3653 pecunia
2245 3614 2253 3631 ι
2280 3592 2298 3637 ι

716 3682 896 3749 equis,
932 3695 996 3735 ac
1017 3679 1411 3748 dispositorum
1440 3694 1533 3747 per
1562 3678 1807 3748 singulas
1831 3678 2092 3732 stationes
2123 3676 2299 3746 publi-

718 3786 913 3826 corum
953 3786 1220 3840 equorum
1263 3784 1462 3823 nervos
1510 3769 1722 3823 iucidit.
1751 3767 1862 3821 Leo
1914 3768 2082 3837 igitur
2135 3766 2299 3820 mittil

721 3863 817 3931 qui
838 3877 960 3916 eum
998 3864 1376 3930 insequantur,
1410 3859 1669 3915 Basiliam
1696 3859 1931 3913 sodalitii
1966 3857 2299 3928 prtefectum,

720 3954 1045 4024 cognomine
1070 3952 1421 4007 Camaterum
1443 3952 1518 4019 (id
1549 3960 1631 4006 est
1669 3950 2025 4020 laboriosum)
2057 3957 2110 4004 ct
2133 3946 2302 4002 Geor-

720 4045 869 4113 gium
910 4043 1124 4115 1064
1155 4034 1455 4097 Creuitam.
1495 4040 1791 4095 Samonam
1819 4040 1933 4110 jam
1988 4040 2163 4110 Halyn
2196 4037 2302 4091 llu-

721 4136 1264 4189 \'iutntranseuntem
1299 4133 1641 4202 Ncephorus
1670 4131 1930 4187 Caminas
1971 4130 2302 4200 drungarius

721 4225 1108 4294 deprehendit,
1167 4239 1231 4278 ac
1286 4224 1474 4278 multis
1537 4232 1872 4293 precantem,
1908 4225 2080 4275 multa
2136 4223 2299 4275 etiam

721 4320 868 4373 dona
884 4326 942 4370 ut
959 4317 1328 4370 dimitteretur
1348 4315 1754 4384 promittentem
1776 4314 2004 4369 detinet.
2031 4315 2300 4367 Samonas

723 4422 848 4464 (um
881 4408 1196 4463 missionem
1238 4420 1348 4460 non
1381 4406 1726 4475 impetraret,
1769 4404 2062 4475 prmtendit
2103 4419 2160 4458 se
2188 4405 2300 4457 voti

722 4515 888 4555 causa
920 4500 984 4552 ad
1027 4498 1384 4552 Sirachanam
1427 4511 1649 4551 crucem
1691 4496 1989 4563 proﬁcisci.
2032 4494 2136 4549 Sed
2176 4509 2299 4548 eum

721 4590 1121 4644 Constantinus
1163 4587 1464 4640 Andronici
1514 4584 1677 4640 Ducat
1713 4585 1858 4640 filius'
1906 4584 2299 4654 Superveniens

725 4696 913 4738 secum
953 4681 1147 4751 Cpttlin
1201 4678 1445 4733 abducit.
1502 4676 1612 4732 Leo
1648 4676 1946 4731 Samonam
2004 4676 2057 4729 in
2113 4673 2302 4728 Bardze

724 4771 960 4829 Caesaris
992 4774 1157 4827 domo
1189 4772 1240 4824 in
1271 4770 1520 4824 custodia
1549 4768 2013 4836 asservarijubet.
2035 4766 2304 4822 Constan-

726 4863 866 4926 tino,
900 4878 965 4917 ex
1028 4879 1137 4932 quo
1185 4864 1451 4918 didicerat
1499 4874 1655 4918 extra
1715 4862 2145 4917 controversiam
2180 4874 2305 4915 esse

725 4955 871 5022 quod
908 4952 1174 5005 Samonas
1212 4954 1265 5005 in
1296 4953 1607 5008 Melitenam
1642 4951 1991 5021 transfugere
2025 4953 2303 5006 intendis-

729 5051 834 5105 set,
873 5041 1099 5095 mandat
1130 5040 1208 5094 uti
1240 5040 1345 5095 hoc
1402 5046 1456 5098 in
1490 5054 1682 5098 senatu
1719 5044 2060 5107 dissimulet,
2102 5052 2158 5097 et
2183 5058 2309 5097 eum

728 5133 1013 5187 Siracham
1050 5134 1159 5186 voti
1187 5147 1352 5187 causa
1383 5135 1652 5200 proficisci
1686 5136 1928 5190 voluisse
1959 5135 2143 5190 dicat:
2181 5148 2305 5186 nam

731 5227 945 5279 veniam
970 5224 1261 5277 Samonam
1285 5225 1547 5293 consequi
1573 5228 1801 5282 volebat.
1832 5225 2100 5282 Postridie
2115 5233 2307 5280 senatu

730 5316 997 5372 advocato
1026 5316 1451 5371 Constantinum
1487 5320 1542 5371 in
1587 5316 1824 5372 medium
1864 5317 2107 5383 adducit,
2149 5317 2308 5385 jura-

732 5414 958 5478 tumque
991 5423 1088 5478 per
1117 5406 1285 5463 Deum
1312 5421 1367 5463 et
1404 5409 1755 5479 imperatoris
1785 5408 1950 5461 vitam
1981 5410 2303 5475 interrogat.

2197 2944 2282 2995 τὸν
2332 2943 2586 3013 Ίμέριον.

790 3039 1103 3095 Secundum
1126 3040 1242 3094 haec
1271 3040 1573 3110 imperator
1603 3040 1741 3093 duos
1773 3038 2106 3094 fortissimos
2130 3037 2297 3092 duces
2325 3045 2369 3100 C

2492 3038 2554 3089 Ὀ
2595 3036 2651 3089 δὲ
2703 3035 2955 3105 βασιλεὺς
3012 3039 3149 3105 προς
3210 3039 3308 3104 τὴν
3341 3036 3416 3089 ἔω
3475 3039 3569 3089 δύο
3612 3041 3982 3105 γενναιοτάτου

2399 3129 2679 3194 ἐκπέμπει
2714 3124 3027 3194 στρατηγὼ,
3063 3125 3362 3179 Εὑστάθιόν
3408 3144 3467 3179 τε
3511 3126 3605 3180 τοῦ
3637 3129 3829 3195 γένους
3870 3131 3983 3182 τῶν

2412 3218 2695 3288 Ἀργυρῶν
2720 3219 3095 3287 καταγόμενον
3144 3220 3237 3271 καὶ
3294 3219 3633 3290 Ἀνδρόνικον
3660 3221 3751 3273 τὸν
3780 3223 3843 3272 ὲκ
3886 3221 3985 3274 τοῦ

2399 3309 2623 3372 Δουκὸς,
2658 3308 2855 3369 οἵτινες
2892 3307 3063 3360 πολλὰ
3088 3308 3323 3379 τρόπαια
3369 3309 3669 3378 ἐστήσαντο
3703 3309 3849 3362 κατὰ
3875 3312 3987 3362 τῶν

2412 3401 2753 3471 ’Λγαρηνῶν.
2796 3401 3063 3463 Σαμωνᾶς
3095 3402 3150 3453 δὲ
3192 3405 3220 3454 6
3249 3401 3347 3471 τὴν
3401 3400 3690 3470 ἐπιϐουλὴν
3729 3419 3987 3471 καταμη-

2400 3493 2572 3555 νύσας
2627 3492 2703 3561 τῷ
2779 3491 3009 3560 βασιλεῖ,
3086 3491 3448 3562 διαφερόντως
3531 3491 3842 3561 τιμώμενος
3906 3492 3987 3562 τῷ

2402 3584 2629 3654 βασιλεῖ,
2671 3582 2911 3647 ἐξελθεῖν
2976 3585 3032 3634 ἐν
3082 3585 3147 3653 τῇ
3204 3582 3371 3636 αὐτοῦ
3444 3586 3580 3654 μονῇ
3642 3585 3990 3653 προφασισά-

2402 3694 2563 3747 μενος
2619 3678 2761 3745 φυγῇ
2820 3676 3087 3745 ἐχρήσατο
3154 3674 3269 3745 ἅμα
3331 3676 3579 3745 χρήματι
3626 3677 3719 3727 καὶ
3773 3676 3987 3740 ἵπποις,

2400 3770 2529 3834 τοὺς
2569 3770 2626 3821 ἐν
2676 3768 2891 3838 ἑκάστῳ
2951 3766 3179 3836 σταθμῷ
3236 3766 3531 3835 δημοσίους
3613 3765 3815 3829 ἵππους
3888 3767 3991 3833 ἀγα

2402 3859 2720 3915 κυλοκοπῶν
2820 3860 2954 3927 (‘29).
3052 3857 3396 3909 Ἀποστέὶλει
3492 3851 3606 3921 οὖν,
3648 3859 3676 3908 ὁ
3737 3856 3993 3925 βασιλεὺς

2405 3949 2743 4015 καταδιῶξαι
2823 3950 2985 4002 αὐτὸν
3059 3949 3338 4002 Βασίλειον
3418 3948 3800 4018 ὲταιρειάρχην
3897 3947 3991 3999 τὸν

2407 4042 2751 4112 Καματηρὸν
2832 4044 2925 4094 καὶ
2979 4041 3071 4093 τον
3130 4042 3408 4110 Κρηνίτην
3470 4041 3764 4110 Γεὼργιον.
3844 4041 3988 4109 ’Ἤδη

2402 4135 2457 4188 6';
2500 4134 2590 4187 τὴν
2646 4133 2817 4185 ’Δλυν
2874 4132 3223 4201 διαπερῶντα
3251 4133 3340 4183 τὸν
3395 4133 3662 4201 Σαμωνάν
3714 4132 3989 4184 κατέλαεε

2404 4224 2719 4293 Νικηφόρος
2760 4223 3120 4293 δρσυγγάριος
3176 4226 3204 4275 6
3259 4225 3531 4292 Καμινᾶς.
3579 4225 3672 4275 καὶ
3727 4224 3992 4291 κατέσχεν

2408 4315 2719 4369 ἱκετεύοντα
2760 4315 2930 4367 πολλὰ
2960 4319 3052 4365 καὶ
3075 4313 3509 4383 ὑπισχνούμενον
3565 4312 3779 4366 δώσειν.
3835 4313 3993 4364 Ἐπεὶ

2403 4408 2459 4459 δὲ
2492 4408 2589 4460 οὐκ
2622 4407 2861 4471 ἔπειθεν,
2905 4405 2986 4468 είς
3016 4406 3105 4457 τὸν
3133 4406 3190 4456 ὲν
3240 4404 3319 4474 τῷ
3381 4405 3590 4476 Σιραχᾷ
3653 4406 3992 4472 καταφεύγει

2409 4498 2645 4566 σταυρὸν
2670 4496 2837 4565 εὐχῆς
2880 4494 3039 4563 χάριν
3097 4492 3416 4562 ἐληλυθέναι
3481 4495 3988 4561 προφασισάμενος.

2420 4589 2624 4641 Ἐλθὼν
2656 4587 2764 4656 ςοῦιν
2819 4586 3285 4647 Κωνσταντῖνοςὸ
3332 4583 3424 4636 τοῦ
3484 4584 3824 4654 Ἀνδρονίκου
3897 4582 3991 4635 τοῦ

2408 4680 2606 4741 Δουκος
2640 4678 2753 4741 υίὸς
2784 4677 2877 4729 καὶ
2896 4677 3086 4728 τοῦτον
3125 4674 3407 4728 ἀναλαϐὼν
3458 4675 3517 4726 ἐν
3546 4678 3610 4742 τῇ
3641 4674 3815 4736 πόλει,
3890 4674 3995 4726 ὑπ-

2407 4767 2689 4835 έστρεψεν.
2726 4764 3089 4818 ΕΞσελθόντων
3112 4765 3167 4815 δὲ.
3205 4766 3262 4815 ἐν
3294 4766 3358 4833 τῇ
3395 4761 3991 4824 Κωνσταντινουπόλει,

2405 4859 2498 4911 τὸν
2527 4859 2626 4927 μὲν
2656 4859 2714 4909 ἐν
2746 4859 2812 4925 τῇ
2845 4855 2937 4909 τοῦ
2976 4856 3255 4924 Καίσαρος
3286 4853 3379 4907 τοῦ
3414 4851 3595 4923 Baga:
3616 4854 3765 4923 οἰκία
3788 4853 3996 4920 φυλάτ-

2408 4950 2599 5003 τεσθαι
2630 4944 2964 5030 προσέταξεν
3004 4949 3031 4999 6
3069 4946 3344 5017 βασιλεὺς,
3392 4943 3785 5012 Κωνσταντίνῳ
3817 4944 3874 4996 δὲ
3915 4944 3995 5015 τῷ

2413 5044 2877 5117 Δουκὶ,ὲπείπερ·
2913 5041 3337 5111 ἐπληροφορήθη
3392 5040 3469 5102 ὡς
3532 5041 3651 5099 ταῖς
3708 5037 3995 5105 ἀληθείαις

2416 5133 2777 5204 προσφεύγων
2805 5128 2874 5202 ἦν
2903 5134 2959 5184 ὲν
2988 5132 3310 5201 Μελιτηνῇὸ
3332 5131 3623 5199 Σαμωνᾶς,
3652 5127 3992 5196 παρήγγειλε

2420 5228 2493 5296 μὴ
2518 5225 2672 5278 τοῦτο
2700 5225 2928 5299 ἐνώπιον
2959 5227 3054 5289 τῆς
3094 5222 3396 5293 συγκλήτου
3430 5224 3624 5284 εἰπεῖν,
3656 5222 3769 5272 ἀλλ’
3814 5223 3898 5273 ὅτι
3921 5219 3993 5289 τῷ

2418 5319 2626 5389 Σιραχᾷ
2670 5316 2828 5387 χάριν
2861 5316 3023 5384 εὐχῆς
3065 5315 3229 5385 ἀπῄει
3262 5331 3275 5346 ·
3312 5313 3563 5366 ἐϐούλετο
3602 5313 3712 5382 γὰρ
3744 5312 3996 5379 συγγνώ-

2424 5425 2529 5476 μης
2556 5406 2745 5460 τοῦτον
2775 5409 2981 5476 τυχεῖν.
3022 5406 3229 5459 Ἕωθεν
3261 5405 3317 5458 δὲ
3346 5404 3866 5474 προσκαλεσάμενος
3892 5405 3992 5472 τὴν

1875 5494 2226 5549 ΧΫΙΑΝΒΗΙ
2255 5495 2343 5550 ET
2378 5497 2592 5553 GOARI
2628 5496 2862 5552 NOTAS.

810 5596 922 5667 (29)
950 5595 1151 5667 Nempe
1182 5602 1242 5650 ut
1266 5598 1355 5667 sui
1396 5593 1719 5667 insequendi
1768 5601 1939 5667 atque
1962 5607 2027 5667 ex
2053 5590 2177 5667 fuga
2220 5604 2308 5644 re-

735 5662 986 5723 traheudi
1028 5662 1468 5721 commoditatem
1499 5662 1845 5728 imperatoris
1874 5662 2139 5714 ministris
2171 5674 2308 5728 pra:-

739 5740 958 5805 riperet.
996 5735 1131 5792 XrL.
1159 5765 1229 5777 —
1258 5737 1429 5807 Magis
1451 5730 1654 5789 arridet
1684 5735 1842 5787 uncis
1868 5732 1951 5784 vel
1986 5730 2145 5784 ferris
2178 5744 2310 5782 acu-

736 5807 813 5863 tis
850 5808 1013 5877 pedes
1041 5818 1095 5864 ct
1117 5806 1688 5879 ungulas’perforasse
1721 5817 1886 5874 quam
1917 5815 2115 5858 nervos
2150 5814 2321 5869 equo-

2410 5609 2532 5648 rum
2590 5593 2884 5647 Samonam
2944 5588 3294 5658 prmcidisse;
3367 5585 3547 5657 fugam
3619 5587 3763 5641 enim
3825 5585 3997 5658 latere

2414 5664 2685 5784 (sapiebat,
2717 5673 2769 5718 ct
2802 5675 2904 5717 vos
2934 5657 3299 5728 ἁγκυλοκοπῶ
3329 5672 3358 5711 a
3383 5658 3652 5714 scissione
3682 5665 3767 5712 est
3791 5657 3994 5710 aliena.

2466 5746 2584 5784 om.

2466 5746 2584 5786 0M3.
