4226 6442
270 403 409 471 1153

1364 396 1905 459 HISTORIARUM
1945 398 2476 461 COMPENDIUBI.

3395 402 3539 468 1154

264 518 571 587 συγκλητον
605 517 700 569 καὶ
722 517 803 579 εἰς
836 515 1000 585 μέσον
1023 516 1114 568 τὸν
1141 516 1560 567 Κωνσταντίνον
1588 532 1845 584 παραγας

1958 516 2009 568 in
2046 515 2259 587 Syriam
2300 520 2571 574 Samonas
2628 518 2829 590 fugerit
2884 534 3077 576 necne.
3139 520 3547 576 Constantinus

261 612 374 680 γὼν
407 608 598 678 ἠρώτα
633 609 754 679 μεθ’
788 608 991 673 ὅρκων,
1023 607 1225 661 οὑτωσὶ
1278 606 1472 673 λέγων’
1506 624 1524 656 ι
1580 606 1720 675 Πρὸς
1754 606 1850 658 τοῦ

258 699 394 755 Θεοῦ
444 700 541 752 καὶ
594 702 697 769 τῆς
728 699 871 768 ἐμῆς
924 700 1191 769 κεφαλῆς,
1225 698 1460 766 ἔφευγε-1
1514 699 1571 748 ὲν
1620 698 1791 767 Συρία
1822 701 1850 750 ὁ

259 793 528 861 Σαμωνᾶς
580 791 613 861 ἢ
678 788 778 857 οῦς
842 810 861 841 ›
928 791 987 843 ὐ
1021 791 1077 843 δὲ
1130 792 1255 853 τοὺς
1300 792 1495 859 ὅρκους
1530 789 1850 857 εὐλαϐηθεὶς

262 883 648 955 (παρηγγέλθη
684 882 793 954 γὰρ
834 883 963 937 ἄνευ
990 884 1170 952 ὅρκων
1214 882 1435 952 πρῶτον
1465 882 1563 951 τὴν
1587 883 1849 951 ἀλήθειαν

266 972 726 1043 ἀποκρύψασθαι)
754 974 1073 1044 ὡμολόγησε
1117 976 1335 1027 πάντων
1369 972 1601 1026 ἐνώπιον
1654 973 1850 1040 ὅτιπερ

266 1067 346 1124 εις
408 1063 506 1133 τὴν
562 1064 759 1117 ἑαυτοῦ
800 1064 1037 1133 πατρίδα
1078 1066 1246 1135 ἀπῄει
1296 1066 1625 1135 Μελιτηνὴν.
1688 1063 1743 1117 Ὀ
1791 1064 1847 1116 δὲ

267 1156 523 1226 βασιλεὺς
594 1159 685 1211 τὸν
737 1159 838 1229 μὲν
886 1160 1298 1213 Κωνσταντῖνον
1357 1161 1473 1229 μετ’
1525 1159 1696 1229 ὀργῆς
1742 1162 1848 1213 ἀπ-

1952 608 2317 676 jurisjurandi
2368 612 2516 679 (nam
2575 613 2711 667 citra
2751 612 2803 666 id
2836 611 3025 680 jussus
3080 620 3199 667 erat
3253 612 3539 668 veritatem

1956 702 2156 769 celare)
2190 712 2373 757 motus
2426 704 2686 773 religione
2735 720 2920 759 coram
2957 704 3215 759 omnibus
3255 705 3545 774 proﬁtetur

1956 789 2249 846 Samonam
2279 794 2330 845 in
2364 791 2697 858 Melitenam,
2737 811 2858 864 qua:
2888 796 3010 864 ejus
3068 803 3188 849 erat
3222 796 3418 865 patria,
3450 795 3543 849 fu-

1956 901 2077 954 gam
2139 887 2475 941 instituisse.
2522 886 2825 956 Imperator
2860 891 3007 943 hunc
3062 890 3238 943 iratus
3289 888 3539 953 dimittit,

1960 977 2254 1031 Samonam
2290 979 2469 1032 autem
2525 982 2576 1033 in
2618 982 2856 1035 Caesaris
2894 983 3058 1035 domo
3086 982 3361 1035 asservari
3390 996 3547 1033 man-

1956 1070 2069 1123 dat.
2115 1068 2267 1124 Unde
2319 1082 2501 1138 postea
2564 1074 2829 1127 dimissus
2863 1075 3105 1142 prir'inm
3132 1084 3215 1130 est
3248 1077 3541 1129 restitutus

1953 1163 2225 1231 dignitati.

266 1254 574 1322 επέμψατο,
621 1255 712 1305 τον
765 1252 823 1305 δὲ
879 1254 1148 1323 Σαμωνᾶν
1182 1256 1241 1307 ὲν
1281 1259 1391 1316 τοῖς
1444 1254 1538 1306 τοῦ
1573 1255 1848 1325 Καίσαρος
1885 1257 2224 1325 κατέχεσθαι
2273 1258 2588 1327 διωρίσατο.
2617 1262 2753 1313 Καὶ.⁹
2794 1262 2931 1331 μετᾶ
2985 1260 3158 1313 ταῦτα
3220 1259 3431 1313 ἐκεῖθέν
3480 1276 3542 1314 τε

265 1344 533 1413 ἐξεὸλήθη
556 1346 651 1398 καὶ
677 1345 777 1413 τῆς
798 1347 1071 1416 προτέρας
1093 1344 1301 1416 ἠξιώθη
1350 1346 1541 1414 τιμῆς.

347 1439 573 1508 Ἐτέχθη
600 1437 657 1488 δὲ
689 1436 767 1506 τῷ
798 1438 1011 1508 βασιλεῖ
1063 1438 1171 1490 ἀπὸ
1223 1440 1377 1506 Ζωῆς
1437 1438 1539 1505 τῆς
1584 1440 1853 1509 τετάρτης

265 1533 434 1588 αὐτοῦ
463 1532 713 1600 γαμετῆς
739 1531 951 1584 παιδίον
980 1530 1175 1603 ἄρρεν,
1216 1526 1391 1601 οὗπερ
1424 1532 1480 1583 ἐν
1498 1534 1562 1600 τῇ
1596 1534 1852 1602 γεννήσει

264 1628 513 1694 κομήτης
554 1623 750 1692 ἐφάνη,
785 1623 883 1684 τὰς
920 1624 1148 1686 ἀκτῖνας
1213 1623 1299 1676 ἐπ’
1360 1623 1627 1686 ἀνατολὰς
1666 1625 1852 1692 ἀφιεὶς

265 1719 359 1768 καί
407 1714 641 1779 λάμπων
677 1715 805 1781 ἄχρι
854 1715 1268 1783 τεσσαράκοντα
1319 1711 1410 1782 [Ρ.
1453 1714 1577 1785 6οΞ]
1605 1713 1852 1786 ἡμερῶν.

276 1804 568 1859 Ἐὁάπτισε
594 1806 651 1857 δὲ
681 1805 743 1856 τὸ
773 1805 986 1856 παιδίον
1008 1807 1067 1858 ἐν
1092 1808 1159 1874 τῇ
1209 1804 1367 1875 Ἀ-ίίᾳ
1398 1805 1566 1875 Σοφία
1585 1807 1853 1866 Νικόλαος

2030 1437 2201 1492 Porro
2234 1448 2415 1491 autem
2466 1438 2592 1500 Zoe,
2626 1438 2822 1493 Leonis
2846 1446 3043 1504 quarta
3092 1454 3250 1499 uxor,
3283 1440 3541 1493 maritum

1956 1546 2115 1584 suum
2150 1530 2395 1583 mascula
2434 1529 2584 1596 prole
2617 1537 2901 1595 parentem
2957 1529 3102 1581 fecit.
3140 1529 3196 1578 ln
3230 1528 3351 1595 ejus
3384 1536 3543 1595 partu

1958 1632 2171 1676 cometa
2216 1620 2494 1690 apparuit,
2550 1620 2740 1673 radios
2781 1633 2975 1671 versus
3012 1616 3293 1672 Orientem
3328 1617 3544 1688 1065

1956 1714 2274 1783 projiciens,
2307 1720 2359 1767 et
2400 1712 2464 1765 ad
2507 1711 2873 1781 quadraginta
2904 1711 3023 1764 dies
3057 1710 3233 1763 fulsit.
3267 1710 3540 1762 lnlantem

1956 1805 2009 1858 in
2037 1804 2333 1875 Sapientiae
2360 1803 2561 1869 templo
2594 1802 2897 1870 baptizavit
2919 1800 3178 1855 Nicolaus
3208 1800 3542 1868 patriarcha,

262 1898 292 1949 ὀ
323 1896 693 1965 πατριάρχης,
723 1895 1144 1965 ἀναδεξαμένων
1195 1896 1329 1948 αὐτὸ
1378 1897 1483 1948 ἀπὸ
1535 1896 1629 1950 τοῦ
1692 1896 1846 1964 ἁγίου

1953 1894 2386 1965 suscipientibus
2409 1908 2533 1947 eum
2570 1908 2639 1944 ex
2665 1907 2821 1946 sacro
2858 1893 3075 1947 lavacro
3101 1890 3269 1945 fratre
3304 1891 3547 1960 impera-

266 1987 646 2057 βαπτίσματος
693 1986 1047 2053 ⁹Αλεξάνδρου
1078 1986 1173 2039 τοῦ
1201 1988 1536 2056 αὐταδέλφου
1568 1986 1662 2042 τοῦ
1695 1989 1848 2056 βασι-

263 2078 423 2143 λέως,
446 2079 539 2132 τοῦ
574 2080 865 2149 πατρικίου
892 2080 1130 2151 Σαμωνᾶ
1156 2082 1251 2134 καὶ
1278 2079 1386 2133 τῶν
1414 2080 1515 2149 τῆς
1543 2080 1847 2148 συγκλήτου

263 2172 490 2242 ὲξόχων.
526 2171 815 2243 Εὐλογήθη
845 2172 900 2226 δὲ
934 2174 1074 2243 μετὰ
1102 2173 1255 2239 Ζωῆς
1278 2176 1305 2226 ὁ
1331 2175 1484 2227 Λέων
1520 2174 1625 2226 ὑπὸ
1678 2172 1850 2243 Θωμᾶ

264 2264 666 2333 πρεσϐυτέρου,
697 2265 845 2328 ὅστις
870 2267 964 2318 καὶ
992 2266 1271 2338 καθῃρέθη
1322 2267 1460 2336 (50),
1494 2270 1590 2320 καὶ
1642 2266 1850 2333 Αὑγοῦ-

265 2373 399 2409 σταν
443 2354 615 2423 αὐτὴν
662 2356 1025 2426 ἀνηγόρευσε.
1098 2358 1197 2409 Διὰ
1234 2359 1437 2426 ταύτην
1487 2357 1581 2410 οὖν
1637 2356 1736 2425 τὴν
1765 2358 1849 2410 αί-

265 2446 389 2498 τίαν
416 2446 527 2516 (51)
559 2448 586 2499 ὁ
614 2449 964 2517 πατριάρχης
1001 2449 1081 2511 εἰς
1117 2450 1215 2518 τὴν
1265 2450 1567 2517 ἐκκλησίαν
1600 2451 1844 2518 εἰσέρχε-

262 2538 387 2591 σθαι
417 2538 625 2591 ἐκώλυε
655 2538 749 2592 τὸν
776 2538 1026 2608 βασιλέα,
1056 2541 1178 2594 ὃθεν
1205 2543 1297 2594 διὰ
1320 2542 1416 2593 τοῦ
1452 2540 1625 2604 δεξιοῦ
1648 2544 1846 2611 μέρους

262 2629 518 2699 διήρχετο
561 2632 639 2691 εἰς
678 2630 740 2680 τὸ
788 2632 1145 2701 μιτατώριον.
1192 2633 1511 2704 Προεϐλήθη
1558 2634 1614 2685 δὲ
1663 2636 1758 2686 καὶ
1819 2634 1848 2684 ὁ

266 2722 560 2791 πατρίκιος
605 2720 871 2792 Σαμωνᾶς
921 2726 1426 2795 παρακοιμώμενος
1487 2726 1599 2797 (59.)
1631 2765 1645 2788 ,
1709 2726 1848 2795 πρὸς

262 2815 449 2864 πᾶσαν
477 2813 822 2882 παρανομίαν
848 2817 942 2868 καὶ
974 2816 1174 2869 κακίαν
1215 2818 1476 2886 συνεργὸς
1518 2817 1683 2870 αὑτοῦ
1711 2815 1813 2868 καθ
1831 2847 1845 2856 ο

261 2905 434 2968 εστὼς
494 2905 841 2969 δεξιώτατος.
882 2908 1274 2977 Παρεσκεύασε
1324 2910 1432 2978 γὰρ
1482 2910 1573 2961 τὸν
1624 2909 1847 2978 βασιλέα

258 2999 575 3064 ἀναγκάσαι
598 2998 689 3051 τὸν
716 3001 1066 3071 πατριάρχην
1093 3000 1188 3053 καὶ
1216 3000 1419 3054 ἄκοντα
1446 3002 1845 3069 προσδέξασθαι

262 3088 424 3139 αὑτὸν
452 3090 510 3140 ὲν
537 3092 603 3159 τῇ
640 3091 925 3161 ἐκκλησίᾳ.
991 3092 1045 3145 '0
1079 3092 1136 3144 δὲ
1189 3093 1329 3145 κατὰ
1370 3094 1469 3161 τὴν
1514 3094 1691 3163 ἀρχὴν
1749 3093 1843 3145 τοῦ

258 3176 631 3251 Φεϐρουαρίου
664 3182 832 3251 μηνὸς
868 3182 1375 3252 μεταπεμψάμενος
1399 3182 1561 3235 αὑτὸν
1598 3183 1844 3253 λιπαρῶς

1954 1988 2093 2043 toris
2155 1986 2490 2050 Alexandro,
2519 1987 2753 2056 patricio
2799 1984 3061 2049 Samona,
3099 1992 3153 2038 et
3206 1984 3547 2053 primoribus

1957 2086 2203 2135 senatus.
2263 2076 2467 2133 Fausta
2531 2087 2919 2147 comprecatus
2953 2088 3037 2131 eSt
3080 2076 3253 2130 Leoni
3304 2074 3546 2128 Thomas

1957 2173 2263 2243 presbyter,
2292 2172 2526 2239 ideoque
2558 2170 2755 2224 ordine
2791 2185 2893 2225 suo
2924 2170 3149 2223 excidit.
3184 2168 3330 2222 Zoen
3372 2184 3542 2237 porro

1956 2261 2256 2330 Augustam
2293 2260 2594 2329 imperator
2640 2258 2961 2312 declaravit.
3011 2257 3190 2325 Atque
3218 2253 3291 2309 ob
3322 2255 3426 2308 hoc
3466 2254 3543 2305 fa-

1954 2364 2103 2409 ctum
2131 2353 2441 2421 patriarcha
2470 2352 2517 2405 ci
2553 2351 2779 2403 introitu
2801 2348 2988 2417 templi
3013 2363 3140 2401 eum
3173 2345 3545 2409 interdiceret,

1954 2452 2183 2502 coactus
2212 2452 2298 2498 est
2332 2457 2430 2511 per
2460 2442 2707 2495 dextram
2739 2448 2949 2511 partem
2982 2439 3038 2492 in
3075 2438 3409 2491 Mitatorium
3441 2437 3522 2491 ire

1954 2541 2024 2593 At
2057 2540 2357 2607 imperator
2413 2534 2711 2589 Samonam
2772 2533 3173 2587 cubicularium
3212 2546 3375 2586 suum
3414 2529 3545 2584 inti-

1956 2645 2103 2685 mum
2141 2639 2310 2689 creat,
2360 2626 2506 2697 quod
2564 2641 2631 2680 eo
2684 2624 2750 2677 ad
2802 2640 2965 2678 omne
2993 2623 3257 2693 flagitium
3289 2622 3545 2676 ministro

1956 2730 2205 2777 uteretur
2236 2719 2707 2773 commodissima.
2737 2716 2873 2785 Ejus
2921 2715 3069 2771 enim
3130 2714 3397 2769 instinctu
3433 2715 3543 2775 vim

1954 2814 2247 2870 intentavit
2292 2812 2648 2883 patriarcha),
2682 2810 2787 2865 nisi
2850 2809 2931 2863 vel
2977 2808 3184 2863 invitus
3221 2823 3280 2862 se
3316 2807 3370 2860 in
3403 2816 3545 2861 tem-

1953 2910 2106 2978 plum
2148 2906 2484 2961 admitteret.
2518 2902 2631 2958 Res
2658 2904 2733 2956 ita
2766 2910 2910 2956 acta.
2937 2900 3223 2971 Principio
3251 2898 3544 2953 Februarii

1955 2997 2162 3053 mensis
2213 2996 2514 3065 imperator
2574 2993 2945 3063 patriarcham
2978 2992 3046 3045 ad
3076 3008 3136 3047 se
3163 2998 3346 3055 vocat,
3383 2997 3440 3045 et
3470 2991 3543 3043 ab

1952 3104 2018 3143 eo
2047 3088 2280 3146 summis
2316 3088 2571 3157 precibus
2631 3085 2917 3139 contendit
2955 3094 3013 3139 ut
3045 3100 3105 3140 se
3135 3084 3203 3137 ad
3239 3098 3401 3137 sacra
3442 3082 3544 3137 ad-

1957 3181 2159 3233 mittat.
2192 3179 2562 3233 Rceusantem
2594 3192 2623 3229 a
2658 3175 2969 3231 Bucoleone
3002 3176 3163 3243 longa
3194 3176 3319 3228 navi
3364 3174 3543 3245 impo-

258 3246 434 3323 ὲδεῑτο
480 3246 913 3340 προσδεχδῆναι.
990 3246 1155 3324 Ἐπεὶ.
1199 3246 1255 3324 δὲ
1314 3272 1390 3343 μὴ
1448 3270 1701 3341 προσίετο
1736 3246 1846 3340 ’τὴν

1954 3272 2121 3326 situm
2163 3271 2218 3325 in
2248 3270 2526 3339 llierojam
2563 3270 2805 3337 trajicit;
2838 3269 2963 3321 inde
2994 3267 3247 3336 pedester
3276 3267 3343 3321 ad
3380 3266 3545 3319 Gala-

258 3361 526 3428 ἔντευξιν,
566 3364 677 3416 ἀπὸ
752 3363 848 3417 τοῦ
895 3364 1191 3433 λεγομένου
1228 3365 1620 3425 Βουκολέοντος
1676 3363 1848 3431 πλοίῳ

261 3452 461 3523 μακρῷ
483 3454 882 3522 ἐμϐιϐάσαντες
899 3453 1235 3524 διαπερῶσιν
1266 3456 1323 3505 ἐν
1342 3457 1407 3525 τῇ
1425 3454 1641 3523 Ἱερείᾳ,
1666 3452 1759 3520 ἀφ’
1782 3449 1849 3524 ἦς

258 3543 397 3613 πεζῇ
432 3545 532 3614 τὴν
549 3545 857 3613 ὁδοιπορίαν
897 3545 1219 3615 ποιούμενον
1243 3548 1468 3611 ἄγουσιν
1494 3547 1573 3609 είς
1605 3545 1665 3598 τὸ
1698 3547 1832 3616 παρ’

260 3636 425 3687 αὐτοῦ
459 3636 679 3688 κτισθὲν
708 3638 1071 3707 μοναστήριον
1126 3638 1233 3691 τῶν
1276 3637 1644 3709 Γαλακρηνῶν
1685 3637 1851 3709 (39').

258 3726 337 3780 Οὐ
399 3727 573 3790 πολὺς
620 3728 866 3799 παρῆλθε
928 3731 1142 3800 καιρὸς,
1187 3731 1279 3781 καὶ
1305 3732 1699 3800 χειροτονεῖται
1746 3746 1850 3782 πα·

257 3822 533 3890 τριὰρχης
561 3824 589 3874 ὁ
618 3822 913 3889 σύγκελλος
943 3823 1240 3891 Εὑθύμιος,
1270 3824 1413 3892 ἀνὴρ
1440 3822 1702 3893 θεοσεϐὴς
1756 3825 1849 3876 καὶ

256 3912 463 3981 ἀρετῆς
521 3912 675 3981 ἥκων
735 3915 814 3976 εἰς
853 3914 914 3967 τὸ
972 3916 1297 3986 ἀκρότατον.
1336 3918 1474 3969 Φασὶ
1531 3916 1578 3967 δ’
1626 3918 1709 3968 ὅτι
1754 3919 1847 3968 καὶ

257 4002 702 4073 ἁπαναινόμενος
726 4003 827 4074 τὴν
860 4006 1165 4075 ἱερωσύνην
1194 4005 1677 4075 θείᾳ-ἀποκαλύψει
1696 4007 1843 4058 ἐπεί-

257 4094 362 4162 σθη
386 4096 560 4164 αὐτὴν
597 4097 1026 4160 καταδέξασθαι.
1077 4100 1345 4150 Διενοεῖτο
1382 4098 1441 4151 δὲ
1491 4100 1521 4152 ὁ
1568 4097 1844 4167 βασιλεὺς,

1951 3378 2249 3419 crenorum
2318 3362 2716 3417 monasterium
2773 3376 2803 3413 a
2855 3374 2914 3413 se
2952 3358 3238 3413 conditum
3271 3357 3541 3413 deductus

1951 3463 2058 3510 est.
2089 3453 2209 3506 Non
2241 3454 2417 3508 multo
2454 3461 2581 3522 post
2633 3450 2967 3520 Euthymius
3002 3449 3280 3520 syncellus
3308 3450 3544 3518 patriar-

1954 3548 2056 3603 cha
2090 3554 2331 3611 creatur,
2372 3547 2539 3599 homo
2569 3548 2691 3614 pius
2724 3554 2779 3597 et
2829 3559 3058 3598 summa:
3091 3544 3343 3608 virtutis;
3378 3560 3542 3613 quem

1954 3638 2160 3703 ferunt,
2198 3654 2324 3693 cum
2362 3637 2412 3690 id
2449 3653 2651 3690 munus
2703 3634 3065 3697 detrectaret,
3110 3634 3293 3687 divina
3336 3631 3545 3703 patefa-

1949 3731 2134 3784 ctinne
2168 3728 2234 3783 ad
2268 3729 2319 3783 id
2352 3728 2765 3797 suscipienJum
2799 3724 2971 3780 fuisse
3024 3725 3342 3794 impulsum.
3378 3722 3543 3778 Omni

1952 3824 2137 3879 studio
2172 3824 2262 3877 hic
2302 3823 2588 3893 impedivit
2615 3838 2685 3877 ne
2716 3824 3017 3891 imperator
3054 3821 3254 3889 legem,
3282 3820 3348 3874 ad
3392 3819 3542 3887 quod

1953 3916 2173 3986 1066
2202 3916 2356 3969 multi
2400 3916 2646 3970 illustres
2676 3914 2781 3968 viri
2842 3929 3065 3984 operam
3102 3913 3207 3982 ipsi
3243 3913 3541 3973 uavabant,

1948 4008 2137 4072 ferret,
2169 4022 2280 4077 qua
2345 4008 2539 4062 liceret
2580 4007 2703 4062 viro
2758 4016 2869 4062 tres
2930 4006 3095 4063 simul
3154 4015 3250 4061 aut
3302 4015 3544 4076 quatuor

1950 4115 2147 4155 uxores
2184 4101 2403 4156 ducere.

257 4189 472 4243 πολλῶν
505 4189 809 4257 ἐλλογίμων
856 4190 1071 4261 ἀνδρῶν
1110 4192 1191 4253 εις
1216 4189 1377 4244 τοῦτο
1426 4192 1837 4261 συνεργούντων
1889 4192 2061 4262 αὐτῷ,
2123 4193 2290 4263 νόμον
2351 4193 2525 4246 θεῖναι
2578 4192 2675 4247 τοῦ
2722 4193 2957 4260 ἄγεσθαι
3016 4192 3109 4244 τὸν
3163 4188 3336 4260 ἄνδρα
3396 4189 3542 4245 κατὰ

248 4282 450 4336 ταυτὸν
478 4282 591 4351 (55)
656 4285 807 4352 τρεῖς
835 4284 867 4354 ἢ
898 4285 993 4338 καὶ
1030 4286 1300 4355 τέτταρας
1326 4287 1616 4353 γυναῖκας.
1682 4286 1843 4339 Ἀλλὰ
1878 4286 2039 4339 τοῦτο
2075 4287 2177 4355 μὲν
2202 4288 2353 4357 πάσῃ
2391 4286 2593 4357 σπουδῇ
2624 4286 2957 4339 διεκώλυσεν
3010 4287 3038 4337 ὁ
3096 4284 3466 4355 πατριάρχης.

1394 4401 1749 4457 XYLANDRI
1779 4401 1866 4457 ET
1899 4402 2111 4457 GOARI
2153 4401 2385 4458 NOTAE.

329 4519 443 4587 (30)
475 4516 558 4570 Ab
586 4516 655 4570 iis
687 4515 823 4588 qui,
848 4524 909 4570 ut
952 4517 1339 4585 praemisimus,
1367 4529 1591 4587 quartas
1644 4518 1844 4573 Leonis
1877 4523 1923 4580 Ι)
1951 4518 2225 4575 ditissimo
2254 4520 2454 4573 Allatio
2483 4518 2769 4588 legendum
2804 4524 3063 4583 putamus
3102 4514 3156 4588 in
3210 4510 3534 4588 Eucliologii
3602 4536 3603 4539 η

258 4586 481 4653 nuptias
510 4588 739 4639 omnino
773 4586 993 4639 illicitas
1020 4586 1587 4643 censueruntJGoan.

333 4658 447 4725 (3t)
483 4653 690 4725 Nempe
717 4654 863 4722 quod
898 4666 1134 4724 quatuor
1170 4673 1369 4713 uxores
1410 4674 1570 4710 unam
1605 4667 1729 4725 post
1764 4659 1845 4711 al-

257 4724 432 4782 teram
468 4724 719 4794 duxﬁisset
745 4740 757 4775 :
786 4738 910 4794 nam
969 4728 1121 4794 prior
1156 4728 1247 4781 illa
1296 4726 1547 4783 Zautzaza
1576 4724 1683 4781 Zoe
1714 4744 1847 4783 con-

256 4795 463 4849 cubina
506 4793 747 4867 nihilei
783 4792 1001 4867 obfuit;
1037 4795 1177 4867 Quid
1235 4807 1418 4852 autem
1477 4799 1550 4851 sit
1604 4798 1846 4867 μιτστώ-

258 4880 388 4934 ριονγ
445 4864 1065 4934 ιιιὶιιῑοι-ἰρῐιι,ίιιεδοίο.
1114 4864 1189 4919 De
1230 4868 1439 4922 mitatis
1499 4864 1703 4921 dictum
1747 4870 1846 4921 ali-

256 4932 411 5007 quid
448 4948 639 5007 supra.
694 4932 762 4987 Et
814 4933 1054 5007 fortasse
1098 4934 1205 4989 fuit
1253 4936 1367 4989 fani
1409 4953 1539 5007 pars
1569 4938 1843 5006 quaedam,

252 5004 413 5074 quasi
444 5004 699 5073 profana,
732 5012 817 5074 et”
846 5004 915 5058 iis
966 5007 1130 5059 etiam
1168 5021 1387 5060 accessa
1411 5004 1525 5074 ‘qui
1557 5004 1843 5063 sacrorum

257 5072 362 5128 usu
389 5072 733 5147 arcerentur.
775 5072 909 5147 Nam
960 5075 1094 5144 quid
1140 5072 1461 5147 antiquitus
1498 5077 1553 5147 in
1606 5079 1841 5132 ecclesia

258 5148 436 5215 fieret,
478 5142 780 5215 bic_nolim
844 5142 1153 5214 disputare,
1189 5142 1313 5199 curii
1379 5146 1520 5215 apud
1581 5148 1841 5202 leviculus

254 5212 477 5268 Graecos
507 5212 743 5285 subinde
786 5212 1046 5283 appareat
1095 5217 1299 5285 aliquid
1355 5212 1645 5271 mutatum.
1684 5216 1843 5271 Mita-

254 5294 372 5336 tum
405 5298 604 5337 nomen
638 5281 835 5337 fuisse'
857 5298 1146 5353 synagoga:
1188 5281 1498 5352 Saracente,
1531 5287 1584 5340 in
1626 5286 1840 5341 lsaacio

252 5353 465 5423 Angelo
494 5361 762 5407 memorat
814 5353 1129 5410 Choniales.
1167 5356 1274 5411 Sed
1305 5358 1357 5412 id
1396 5359 1502 5411 huc
1555 5372 1662 5409 non
1695 5360 1839 5410 mul-

252 5422 375 5477 tum
410 5422 563 5484 facit,
599 5424 703 5498 nisi
736 5423 879 5498 quod
927 5426 1122 5498 homin
1154 5441 1373 5498 quoque
1407 5441 1711 5498 synagogas
1743 5442 1837 5498 ap-

253 5508 451 5563 parere
483 5494 661 5562 possit
724 5494 893 5548 certis
949 5495 1113 5549 metis
1172 5494 1352 5551 fuisse
1404 5494 1667 5551 inclusas.
1719 5494 1835 5551 Non

253 5566 432 5636 inulto
454 5570 577 5633 post
623 5577 819 5636 rursus
844 5563 1107 5636 mitatorii
1154 5567 1321 5636 hujus
1350 5567 1410 5620 ﬁt
1432 5568 1656 5621 mentio.
1698 5566 1829 5622 Χνι..

249 5663 324 5673 -
357 5632 434 5684 Τὸ
458 5631 797 5702 μιτατὼριον
827 5634 1141 5690 cubiculum
1206 5631 1273 5690 a'd
1317 5636 1459 5691 latus
1516 5637 1723 5701 altaris,
1778 5641 1833 5693 in

253 5718 377 5777 quo
397 5703 576 5777 fessis,
615 5718 647 5757 a
706 5703 892 5777 labore
945 5707 1267 5763 cantoribus
1320 5722 1507 5762 mensa
1565 5708 1827 5777 frugalis,

252 5775 413 5847 panis
460 5774 673 5847 scilicet
714 5782 768 5829 et
809 5774 1033 5847 viuum.
1098 5777 1495 5847 apponebatur.
1556 5781 1601 5829 Δ
1650 5774 1828 5832 {nam

252 5844 565 5901 istiusmodi
595 5844 960 5916 μινσατώριον
986 5847 1105 5904 sive
1133 5844 1523 5919 μενσατὼριον
1548 5862 1673 5905 cum
1697 5865 1825 5907 eru-

1950 4590 2118 4644 notis.
2158 4591 2235 4643 Ad
2267 4606 2391 4643 eum
2435 4583 2599 4657 porro
2642 4590 2819 4641 locum
2851 4602 2949 4639 ceu
2986 4583 3164 4657 sacris
3193 4584 3454 4657 exclusus
3484 4596 3540 4638 et

1955 4652 2473 4714 excommunicatu's
2504 4675 2534 4712 a
2568 4658 2878 4726 patriarcha
2913 4656 3155 4715 habitus,
3194 4652 3392 4726 neujuri
3433 4667 3538 4706 suo

1953 4731 2297 4783 renuntiaret
2344 4738 2440 4782 aut
2489 4722 2806 4797 oppositum
2860 4727 3182 4797 sentientes
3207 4722 3533 4797 offenderet,

1952 4814 2145 4867 preces
2192 4799 2436 4853 facturus
2505 4793 2580 4852 e't'
2610 4799 2785 4867 sacris
2828 4806 3107 4864 utcunque
3166 4793 3536 4849 interfuturus

1947 4865 2236 4922 accedebat
2258 4870 2573 4935 imperator.
2608 4865 2783 4921 Goan.

2022 4938 2133 5007 (52)
2190 4932 2699 5008 Παρακοιμώμενον
2747 4937 2997 4990 intimum
3029 4932 3193 5008 Averli
3254 4932 3535 5008 cubicula-

1949 5006 2119 5067 rium,
2163 5011 2255 5074 qui
2286 5006 2478 5077 prope
2529 5008 2912 5078 imperatorem
2948 5006 3209 5063 cubaret;
3242 5012 3405 5078 atque
3452 5006 3533 5058 sic
3600 5050 3601 5053 η

1946 5079 2075 5132 alibi
2104 5072 2270 5132 etiam
2306 5072 2525 5134 versum
2578 5072 2771 5133 vellem
2803 5077 3094 5131 evidentia:
3126 5089 3313 5129 causa.
3355 5072 3491 5128 Χιι..

2020 5147 2156 5219 (32‘)
2190 5147 2560 5219 Γαλακρηνῶν
2592 5149 2757 5219 lactis
2787 5147 2968 5219 fontes
2994 5154 3172 5199 sonat.
3206 5143 3339 5197 XvL.

2020 5216 2143 5289 (33)
2168 5220 2322 5270 Κατὰ
2337 5216 2532 5271 ταυτόν
2553 5230 2639 5289 est
2666 5218 2846 5272 simul.
2894 5219 3007 5289 Ego
3032 5227 3213 5289 autem
3255 5229 3391 5269 sane
3418 5228 3531 5269 non

1946 5286 2080 5358 puto
2112 5286 2239 5341 'hoc
2293 5289 2532 5342 voluisse
2580 5288 2838 5348 Leonem.
2875 5297 2934 5341 ut
2968 5286 3133 5341 simul
3179 5292 3262 5339 tot
3294 5300 3528 5358 uxores,

1944 5357 2038 5412 Sed
2070 5367 2151 5419 ut,
2182 5372 2289 5411 una
2326 5366 2569 5423 mortua,
2594 5360 2763 5413 altera
2792 5359 3127 5418 duceretur;
3160 5357 3303 5425 quod
3349 5357 3530 5424 ipsum

1940 5429 2139 5482 fecisse
2188 5436 2356 5497 atque
2396 5430 2519 5484 ideo
2547 5438 2607 5483 ut
2644 5430 2868 5498 impium
2914 5444 2943 5480 a
2985 5426 3301 5498 patriarcha
3352 5425 3527 5481 fuisse

1940 5500 2439 5570 excommnicatum
2472 5497 2891 5570 apparet.’Nibil
2919 5497 3099 5553 tamen
3118 5497 3261 5549 volui
3285 5508 3525 5570 mutare.

1940 5567 2187 5623 Zonaras
2223 5570 2388 5625 habet
2413 5570 2532 5624 κατ’
2549 5567 2742 5636 αὐτόν,
2771 5572 2968 5639 ipsius.
3000 5570 3082 5623 vel
3120 5583 3221 5639 suo
3242 5568 3528 5639 exemplo,

1940 5639 1992 5693 id
2032 5646 2137 5702 est,
2168 5648 2225 5692 ut
2254 5648 2469 5708 quartae.
2501 5640 2701 5697 Leonis
2758 5637 2962 5709 nuptiae
3008 5653 3115 5693 non
3152 5637 3318 5691 Leoni
3364 5637 3531 5691 modo

1937 5725 2044 5763 non
2077 5709 2209 5762 vitio
2234 5711 2525 5772 darentur.
2578 5711 2673 5767 sed
2701 5710 2845 5766 idem
2892 5714 3015 5766 aliis
3046 5710 3250 5763 imitari
3308 5709 3530 5774 impune

1935 5780 2144 5835 liceret.
2178 5778 2307 5835 Post
2341 5782 2607 5853 κηδεστήν
2652 5782 2866 5837 aﬂinem
2899 5782 3033 5837 verti
3076 5799 3087 5833 :
3121 5780 3263 5846 quod
3287 5793 3527 5853 generos

1935 5865 2003 5905 an
2029 5865 2189 5906 socer
2210 5861 2305 5907 aut
2334 5846 2464 5923 quid
2494 5846 2725 5913 tandem
2754 5853 2942 5920 fuerit,
2976 5846 3311 5924 ignorarem}
3344 5846 3481 5905 Χιι..
