4226 6442
227 364 363 432 113‘?

1323 355 1690 416 HISTORIA
1703 355 1868 417 RUM
1905 354 2149 415 COMPF
2306 358 2346 415 ti
2362 357 2405 407 \l

3377 359 3517 431 1153

237 478 572 537 ’Λπελθόντα
599 477 733 547 γοῦν
759 476 849 529 τὸν
879 473 1202 546 Σαρακηνδν
1242 473 1688 547 προσλαϐόμενος
1712 475 1819 545 ἰδίᾳ

1930 473 2179 529 confecto
2232 477 2431 529 itinere
2487 476 2671 529 veziro
2708 488 2930 529 ccreum
2964 474 3162 543 tradit;
3194 475 3353 549 isque
3387 495 3519 535 eera

222 580 250 629 ὁ
280 573 571 639 Σαμωνᾶς,
612 591 630 623 t
666 564 828 631 Οἶδας
853 567 882 620 ὃ
914 568 1165 640 κατέχεις
1190 583 1205 631 ;
1234 586 1251 617 ι
1284 566 1494 640 ἠρώτα,
1523 567 1612 620 τὸν
1646 567 1819 637 κηρόν

222 665 592 736 αἰνιξάμενος.
629 662 871 731 Ἀγνοείν
886 662 932 715 δ’
961 661 1175 715 ἐκείνου
1191 662 1482 731 φήσαντος,
1524 677 1543 712 ι
1566 659 1623 713 '0
1644 658 1823 720 δοθείς

226 777 312 813 σοι
377 758 568 829 κηρός.
620 751 665 809 ὦ
722 755 894 825 φελος,
945 753 1073 823 ἔφη,
1155 755 1254 824 τῆς
1320 751 1521 822 Συρίας
1582 755 1732 804 ἐστὶν
1785 751 1819 819 ἡ

223 855 475 909 ἀπώλεια
511 870 525 883 ·
578 852 671 905 καὶ
706 851 760 904 εἴ
811 869 864 903 τι
903 849 1043 923 κήδῃ
1096 849 1189 902 τοῦ
1223 848 1413 909 ἔθνους
1440 845 1534 899 τοῦ
1568 847 1662 899 σοῦ
1727 847 1823 897 καὶ

222 948 335 1000 τῶν
370 946 707 1015 ὀμοπίστων,
744 943 904 1013 χερσὶ
945 943 1186 996 κατάθου
1217 940 1376 995 τοῦτο
1404 941 1498 995 1.5
1554 941 1746 1011 οὑζήρ.
1798 958 1816 991 ι

1920 577 2131 624 remota
2174 569 2386 622 litteras
2439 570 2689 621 inventas
2736 567 2887 637 legit,
2920 576 2971 621 et
3003 580 3260 639 percepta
3302 581 3524 626 senten-

1921 663 1996 716 tia
2028 676 2142 716 rem
2184 675 2581 714 amermumna:
2624 660 2923 731 signiﬁcat.
2963 659 3255 720 Extemplo
3301 662 3523 719 Andro-

1922 753 2080 808 nicus
2137 767 2260 806 eum
2306 754 2424 807 suis
2465 751 2520 805 in
2578 767 2855 808 carcerem
2915 753 3236 823 conjicitur,
3267 756 3361 810 ubi
3423 757 3519 811 diu

1922 861 2152 916 magna:
2222 847 2602 899 toleraverunt
2648 846 2935 911 miserias;
2995 861 3233 917 quarum
3293 848 3519 918 quidam

1928 940 2274 1007 impatientes
2325 939 2484 991 [idem
2550 936 2921 992 Christianam
2954 940 3375 1010 abjuraverunt.
3407 940 3523 995 Au-

227 1040 394 1093 Ὦστε
419 1041 474 1094 δὲ
498 1040 823 1105 διακονῆσαι
852 1038 968 1101 τοῖς
1011 1036 1102 1089 ὑπ’
1135 1034 1303 1088 αὑτοῦ
1362 1033 1820 1106 παραγγελθεῖσι,

1930 1031 2179 1086 dronicus
2223 1031 2273 1083 in
2307 1045 2529 1083 carcere
2557 1031 2740 1099 periit.

225 1139 321 1191 καὶ
350 1139 541 1210 δώροις
574 1136 736 1191 αὑτὸν
790 1137 1073 1207 μεγίστοις
1140 1134 1449 1198 πολυτελῶς
1530 1133 2016 1203 ἐφιλοφρονήσατο.
2090 1130 2370 1183 Ἀπελθὼν
2429 1127 2528 1181 οὖν
2596 1128 2625 1180 ὁ
2686 1129 3003 1199 Σαρακηνὸς
3059 1129 3359 1201 ἐνεχείρισε
3440 1129 3522 1198 τῷ

225 1232 396 1302 οὐζὴρ
426 1232 519 1283 τὸν
555 1229 724 1299 κηρόν
752 1245 769 1259 ·
808 1228 869 1280 ὃν
919 1225 1163 1280 καθελὼν
1189 1230 1398 1288 ἐκεῖνος
1432 1228 1527 1278 καὶ
1566 1226 1627 1277 τὸ
1643 1225 1997 1295 γραμμάτιον
2038 1222 2241 1292 εὑρὼν,
2274 1222 2369 1273 καὶ
2421 1224 2511 1273 τὸν
2580 1222 2638 1273 ἐν
2694 1218 2873 1289 τούτῳ
2916 1221 3174 1290 κεξμι.ον
3253 1221 3525 1287 ἀναλεξά-

229 1338 392 1393 μενος
429 1321 573 1387 νοῦν,
600 1316 910 1388 ἀπήγγειλε
949 1318 1027 1388 τῷ
1076 1318 1615 1390 άμερμουμνῇ.Καὶ
1664 1314 2189 1383 εὐθὺςἈνδρόνικον
2267 1313 2362 1365 καὶ
2425 1312 2552 1375 τοὺς
2620 1314 2719 1365 σὺν
2788 1312 2938 1382 αὑτῷ
3005 1312 3066 1366 τὸ
3147 1312 3524 1384 δεσμωτήριον

228 1417 541 1487 ὑπεδέχετο.
588 1415 713 1467 Ἐπὶ
741 1413 876 1468 πολὺ
926 1409 1021 1467 οὖν
1071 1415 1533 1483 κακουχούμενοι,
1593 1412 1686 1465 καὶ
1745 1413 1819 1482 μὴ
1855 1411 2114 1480 φέροντες
2137 1411 2203 1463 τὰ
2230 1410 2295 1461 ἐκ
2325 1410 2426 1477 τῆς
2482 1410 2731 1479 φυλακῆς
2779 1410 3023 1480 λυπηρὰ,
3089 1411 3525 1483 ἠναγκάσθησαν

226 1524 371 1571 τινες
418 1508 518 1577 τὴν
558 1504 769 1558 οἰκείαν
821 1502 1188 1576 ἐξομόσασθαι
1221 1505 1428 1560 πίστιν.
1485 1504 1546 1557 '0
1580 1505 1678 1575 μὲν
1727 1503 1823 1556 οὖν
1860 1504 2199 1575 Ἀνδρόνικος
2228 1502 2373 1556 οὓτω
2404 1502 2499 1554 καὶ
2533 1500 2626 1555 τὸν
2662 1501 2777 1571 βίον
2802 1503 3085 1557 κατέλυσε.

302 1651 739 1712 Κωνσταντῖνος
770 1648 828 1701 δὲ
853 1651 881 1702 ὁ
913 1648 1104 1700 τούτου
1136 1646 1254 1710 υίὸς
1317 1646 1424 1718 πρὸ
1487 1650 1581 1701 τοῦ
1646 1646 1832 1699 θανεῖν

227 1745 465 1808 ἐκεῖνον,
509 1740 719 1809 είδήσει
760 1741 857 1792 καὶ
917 1737 1015 1789 τοῦ
1068 1738 1301 1809 πατρὸς,
1348 1735 1831 1804 συσκευασάμενος

231 1836 374 1908 μετὰ
403 1834 494 1887 καί
524 1850 689 1886 τινων
733 1831 913 1887 ἄλλων
960 1832 1069 1884 τῶν
1105 1832 1235 1900 περὶ
1290 1830 1456 1883 αὑτὸν
1506 1828 1829 1900 (ἐτύγχανον

226 1931 339 2000 γὰρ
366 1928 553 1997 συχνοὶ
589 1926 706 1995 μετ’
734 1924 901 1978 αὑτοῦ
955 1922 1036 1977 ἔτι
1068 1926 1125 1976 ἐν
1156 1926 1224 1993 τῇ
1271 1924 1487 1994 φρουρᾷ
1538 1924 1829 1993 ἐγκαθειρ-

232 2022 428 2092 γμένοι
462 2018 551 2091 [Ρ.
585 2016 715 2087 604]
744 2016 833 2070 διὰ
871 2017 932 2069 τὸ
962 2018 1036 2087 μὴ
1069 2016 1302 2085 θελῆσαι
1353 2019 1414 2068 τὸ
1463 2018 1664 2070 οἰκεῖον
1716 2017 1822 2068 ὰπ-

227 2114 450 2183 ώμοτον
489 2111 680 2165 θέσθαι
721 2109 909 2177 σέσας)
925 2109 996 2162 τὰ
1031 2109 1205 2178 δεσμὰ
1229 2107 1623 2180 διαρρήξαντες
1675 2108 1826 2179 ἐξέρ-

231 2222 420 2276 χονται
447 2204 548 2271 τῆς
580 2202 851 2270 φυλακῆς,
887 2202 985 2254 καὶ¹
1014 2201 1262 2271 καλωδίῳ
1311 2203 1541 2264 ἑαυτοὺς
1586 2201 1827 2272 καθιμή-

231 2316 424 2361 σαντες
458 2299 646 2350 ἵππων
672 2313 731 2348 τε
762 2293 1176 2364 εὐπορήσαντες
1205 2293 1626 2362 ἀπεδίδρασκον.
1649 2295 1827 2363 Στρα-

228 2390 442 2444 τιωτῶν
473 2390 529 2441 δὲ
571 2386 935 2458 πεμφθέντων
974 2388 1055 2449 είς
1101 2385 1205 2456 τὴν
1241 2385 1570 2455 κατάσχεσιν
1596 2383 1822 2448 τούτων,

232 2483 332 2538 νῦν
389 2483 489 2551 μὲν
552 2480 992 2551 ὑποστρέφοντες
1047 2478 1144 2531 καὶ
1189 2477 1585 2546 πολεμοῦντες,
1616 2475 1712 2529 νῦν
1767 2476 1825 2531 δὲ

231 2572 459 2645 χρυσίον
488 2568 841 2640 ῥιπτοῦντες,
876 2568 1320 2632 ἀπεσκευάζοντο
1339 2569 1466 2631 τοὺς
1505 2568 1822 2634 διώκοντας,

234 2663 329 2719 καὶ
361 2661 538 2724 οὑτως
574 2661 805 2731 ἴσχυσαν
837 2660 1095 2729 ἐπιόἧναι
1138 2661 1246 2713 τῶν
1297 2659 1468 2729 ὁρίων
1511 2660 1822 2730 Ῥωμαίων.

232 2755 387 2824 Ταχῦ
421 2752 520 2821 μὲν
546 2751 700 2805 οὖνὸ
748 2750 1005 2821 βασιλεὺς
1058 2751 1151 2804 τὸν
1214 2751 1630 2805 Κωνσταντίνον
1696 2768 1825 2821 μετ-

232 2848 332 2901 σπέ
344 2844 547 2915 μψατο,
591 2844 685 2896 καὶ
718 2841 795 2905 ὡς
820 2842 986 2895 αὑτὸν
1017 2840 1243 2911 ἀγαγὼν
1273 2842 1466 2913 δώροις
1496 2843 1658 2896 αὑτὸν
1684 2859 1823 2896 παν-

229 2937 400 3000 τοίοις
429 2935 526 2989 καὶ
559 2935 686 2998 τοὺς
711 2936 841 3005 περὶ
862 2933 1027 2987 αὑτὸν
1061 2934 1545 3004 ἐφιλοφρονήσατο.
1597 2934 1825 3005 Πληρω-

233 3030 423 3098 θείσης
453 3028 510 3081 δὲ
540 3029 639 3097 τῆς
676 3027 951 3096 ἐντυχίας,
1000 3029 1060 3079 ἐν
1092 3026 1171 3097 τῷ
1205 3028 1421 3097 μέλλειν
1438 3025 1547 3079 ἀπὸ
1572 3026 1665 3078 τοῦ
1690 3042 1827 3095 χρυ-

235 3118 582 3188 σοτρικλίνου
623 3116 826 3182 ἐξιέναι
876 3116 969 3170 τὸν
1002 3117 1419 3171 Κωνσταιδτῖνον
1455 3114 1660 3183 (ἐκεῖσε
1713 3116 1825 3186 γάρ

235 3209 536 3279 ἐποιήσατο
562 3209 664 3276 τὴν
712 3206 878 3259 αὑτοῦ
909 3206 1072 3276 δοχὴν
1110 3207 1140 3259 ό
1173 3207 1446 3277 βασιλεὺς)
1483 3206 1823 3276 ὑποστρέψαι

238 3301 507 3363 κελεύσας
548 3299 734 3362 αὑτὸν,
765 3299 1084 3362 ὲνατενξσας
1140 3298 1277 3369 πρὸς
1308 3299 1406 3360 τὰς
1439 3296 1825 3368 ἐστηλωμένας

2000 1645 2176 1700 Filius
2219 1654 2403 1700 autem
2436 1646 2601 1715 hujus
2627 1644 3051 1709 Constantinus,
3085 1645 3209 1699 vivo
3247 1647 3429 1702 adhuc
3465 1640 3523 1701 ει

1929 1741 2160 1794 conscio
2218 1749 2396 1807 patre,
2454 1753 2514 1791 re
2574 1754 2699 1792 cum
2758 1738 3091 1808 quibusdam
3129 1738 3254 1793 aliis
3287 1728 3524 1807 captivis

1931 1830 2270 1902 (complures
2325 1831 2471 1884 enim
2529 1832 2585 1884 in
2650 1845 2875 1885 carcere
2929 1846 3034 1884 una
3077 1830 3279 1885 inclusi
3336 1841 3519 1892 erant.

1932 1923 2082 1993 quod
2122 1922 2439 1993 religionem
2472 1938 2657 1977 veram
2682 1922 2915 1993 prodere
2931 1921 3161 1991 nollent)
3186 1923 3520 1989 composita,

1928 2017 2109 2086 ruptis
2166 2018 2403 2070 vinculis
2464 2031 2560 2085 per
2601 2014 2785 2069 funem
2828 2030 2895 2069 ex
2966 2030 3189 2070 carcere
3224 2016 3433 2085 delapsi
3465 2028 3523 2070 et

1927 2126 2100 2181 equos
2132 2110 2277 2163 nacti
2307 2108 2693 2179 profugerunt.
2739 2108 3055 2178 Militesque
3089 2110 3183 2179 qui
3236 2125 3334 2165 eos
3360 2124 3518 2164 com-

1924 2201 2262 2272 prehensum
2321 2199 2477 2254 missi
2510 2198 2975 2268 ittchuebantur,
3002 2185 3151 2253 nunc
3177 2200 3522 2256 obvcrlendo

1930 2306 1989 2347 se
2021 2301 2075 2345 et
2115 2290 2453 2356 dimicando,
2485 2306 2631 2344 nunc
2665 2306 2859 2344 aurum
2895 2292 2947 2345 in
2982 2306 3095 2361 quo
3143 2292 3456 2363 colligendo
3481 2294 3519 2347 ii

1929 2391 2346 2453 occuparentur
2395 2382 2745 2453 piojiciendo
2775 2382 3008 2446 amoliti,
3043 2383 3109 2437 ad
3144 2384 3282 2438 fines
3315 2382 3518 2439 Roma-

1925 2493 2125 2532 norum
2170 2490 2499 2533 evaserunt.
2547 2478 2851 2547 Imperator
2885 2477 3308 2532 Constantinum
3341 2489 3393 2532 et
3422 2478 3519 2545 qui

1932 2570 2151 2643 1069
2181 2586 2304 2625 cum
2339 2573 2459 2640 ipso
2490 2579 2649 2624 erant
2680 2570 2865 2625 statim
2896 2571 2963 2624 ad
2985 2585 3045 2626 se
3065 2579 3224 2625 vocat
3244 2569 3521 2640 donisque

1924 2666 2096 2717 variis
2123 2663 2328 2725 aﬂicit;
2392 2675 2503 2719 eta
2540 2670 2724 2733 primo
2776 2677 3103 2733 congressu,
3166 2677 3295 2717 cum
3349 2676 3520 2715 aureo

1925 2755 2172 2809 triclinio
2232 2764 2383 2809 esset
2438 2757 2693 2808 exiturus
2746 2753 3158 2808 (lonSIantinus
3214 2752 3311 2822 (ibi
3369 2752 3518 2807 enim

1924 2862 2050 2902 eum
2083 2857 2379 2916 exceperat
2405 2846 2661 2901 convivio
2688 2844 2846 2915 Leo),
2876 2857 3102 2901 revocat
3130 2862 3255 2901 eum
3286 2847 3523 2921 impera:-

1925 2949 2011 2993 tor
2040 2956 2053 3004 ;
2097 2952 2262 3006 atque
2294 2939 2473 2993 oculis
2509 2941 2562 2991 in
2597 2940 2867 3007 imagines
2895 2937 3105 2990 Christi
3150 2944 3206 2991 et
3244 2933 3521 3005 Deiparas,

1923 3047 2045 3101 qute
2099 3046 2333 3099 superne
2369 3038 2529 3085 erant
2561 3031 2864 3087 collocatae.
2892 3029 3111 3092 defixis,
3144 3028 3227 3083 sic
3263 3026 3465 3082 affatur
3504 3043 3522 3080 :

1929 3124 2338 3181 (Constantine.
2368 3123 2491 3177 vide
2526 3138 2597 3177 ne
2624 3123 2869 3191 imponat
2909 3121 3006 3174 tibi
3072 3135 3271 3175 nomen
3302 3127 3458 3174 tuum
3495 3135 3511 3186 ;

1926 3229 2081 3279 cave,
2113 3229 2248 3267 neve
2280 3214 2351 3265 ob
2387 3213 2435 3263 id
2504 3212 2773 3266 Romanis
2812 3222 2863 3267 te
2895 3214 3297 3281 imperaturum
3326 3211 3523 3281 Opine-

1927 3309 2028 3361 ris.
2083 3303 2299 3359 Etenim
2365 3303 2476 3357 filio
2536 3302 3087 3359 meo'Constantino
3145 3303 3197 3356 itl
3232 3302 3523 3371 imperium

234 3397 445 3450 ἄνωθεν
469 3397 562 3465 τῆς
584 3394 761 3464 πύλης
796 3394 1010 3455 εἰκόνας
1038 3393 1133 3445 τοῦ
1160 3392 1403 3464 Χριστοῦ
1450 3395 1543 3445 καὶ
1570 3392 1668 3460 τῆς
1699 3390 1827 3444 Θεο-

1932 3396 2199 3451 divinitus
2257 3404 2341 3449 est
2370 3394 2729 3462 destinatum,
2758 3396 2906 3464 quod
2956 3410 3057 3466 ego
3108 3393 3353 3465 comperi
3382 3407 3525 3464 pra:-

244 3490 482 3561 μήτορος
508 3489 539 3540 ὁ
596 3485 873 3555 βασιλεὺς.
923 3483 1050 3537 τάδε
1088 3485 1226 3555 πρὸς
1268 3484 1361 3537 τὸν
1420 3484 1832 3537 Κωνσταντίνον

235 3580 471 3650 εἰρήκειο
507 3595 525 3627 ι
554 3578 645 3647 Μή
665 3593 724 3629 σε
757 3577 1033 3640 πλανάτω,
1065 3568 1111 3628 ὧ
1143 3577 1541 3643 Κωνσταντίνε,
1564 3577 1623 3629 τὸ
1637 3578 1831 3645 δνομα,

239 3670 376 3742 μηδέ
397 3669 485 3722 διὰ
508 3667 668 3721 τοῦτο
690 3669 801 3721 οἴου
827 3667 1118 3739 κατάρξειν
1160 3669 1449 3738 Ῥωμαίων
1472 3686 1486 3700 δ
1515 3670 1548 3739 ἠ
1590 3667 1834 3738 βασιλεία

235 3766 348 3835 γὰρ
378 3762 456 3833 τῷ
484 3762 601 3833 ἐμῷ
633 3762 734 3833 υἱῴ
771 3763 1170 3834 Κωνσταντῐνῳ
1198 3766 1260 3815 ἐκ
1290 3762 1425 3816 Θεοῦ
1451 3763 1829 3832 τεταμίευται,

238 3856 335 3912 καὶ
372 3856 531 3909 τοῦτό
570 3872 660 3924 μοι
692 3854 850 3924 δῆλον
881 3855 1108 3925 γέγονεν
1136 3861 1199 3909 ἐκ
1255 3858 1617 3929 προρρήσεων
1665 3856 1826 3909 θείων

240 3947 454 4021 ἀνδρῶν
481 3950 577 4002 καὶ
611 3950 854 4019 προορᾷν
905 3950 975 4002 τὰ
1016 3949 1278 4019 μέλλοντα
1318 3950 1407 4002 διὰ
1457 3950 1828 4020 καθαρότητος

242 4042 630 4113 κτησαμένων.
662 4042 908 4110 Ἐμμενε
956 4042 1089 4110 γοῦν
1135 4045 1203 4112 τῇ
1261 4042 1479 4114 δοθείσῃ
1537 4060 1618 4095 σοι
1652 4043 1826 4107 τάξει,

244 4137 341 4191 καὶ
380 4136 454 4204 μὴ
485 4132 760 4203 φαντάζου
787 4131 856 4185 τὰ
889 4132 1031 4204 ὑπὲρ
1075 4133 1326 4187 σεαυτόν.
1360 4135 1435 4186 ’Ἦ
1473 4134 1577 4205 μὴν
1612 4134 1719 4188 ἴσθι
1753 4135 1829 4199 ὡς

237 4228 678 4297 τυραννήσαντος
695 4226 727 4289 ἡ
752 4225 962 4294 κεφαλή
981 4243 1097 4291 σου,
1117 4225 1370 4295 σώματος
1389 4226 1545 4297 ἄτερ,
1560 4227 1647 4281 διὰ
1662 4224 1825 4295 τ’ῆσδε

237 4320 339 4387 τῆς
367 4318 544 4388 πύλης
566 4316 954 4370 εἰσελεύσεται.
988 4335 1007 4369 ι
1060 4320 1126 4370 Ὃ
1163 4319 1260 4372 καὶ
1292 4322 1514 4388 γέγονεν
1560 4318 1783 4389 ὕστερον
1808 4334 1825 4352 ·

1932 3488 2273 3544 dictionibus
2327 3488 2642 3541 divinorum
2711 3488 3022 3554 hominum,
3107 3489 3364 3542 castitate
3420 3499 3524 3540 sua

1931 3579 2249 3633 futurorum
2279 3578 2685 3647 praescicntiam
2740 3587 3058 3631 nactorunr.
3101 3574 3308 3629 Locum
3342 3574 3527 3644 itaque

1934 3681 2089 3725 tuum
2125 3677 2274 3733 tene,
2314 3685 2493 3739 neque
2526 3681 2576 3723 te
2602 3671 2892 3738 superiora
2930 3669 3318 3723 somniavetis.
3368 3668 3527 3722 Alio-

1930 3763 2024 3832 qui
2076 3762 2219 3815 scito
2274 3769 2450 3822 tuum,
2490 3761 2535 3815 si
2574 3763 2919 3831 tyrannidem
2957 3759 3323 3821 affectavetis,
3359 3769 3528 3830 caput

1928 3865 2125 3911 trunco
2180 3856 2374 3908 relic:o
2427 3870 2523 3925 per
2557 3856 2696 3909 hanc
2747 3865 2959 3925 portam
2987 3855 3198 3908 illatum
3243 3854 3372 3925 iria‘
3410 3850 3526 3906 Hoc

1929 3949 2150 4018 quidem
2208 3957 2407 4002 eventu
2466 3956 2551 4003 est
2621 3950 3031 4002 conﬁrmatum.
3101 3947 3315 4002 Mortuo
3376 3947 3525 3999 enim

1934 4040 2142 4107 Leone,
2177 4041 2582 4095 Constantinus
2640 4055 2763 4094 cum
2800 4042 3094 4095 invasisset
3123 4039 3442 4109 imperium,
3472 4039 3525 4091 in

1932 4131 2121 4188 Gt-niei
2174 4141 2387 4187 secreto
2444 4133 2811 4188 obtruncatus
2851 4143 2955 4196 est,
3005 4141 3282 4203 caputque
3313 4131 3441 4187 tabo
3470 4139 3528 4185 et

1941 4239 2139 4279 cruore
2166 4226 2381 4279 stillans
2429 4239 2522 4295 per
2546 4225 2748 4280 dictam
2791 4233 3001 4292 portam
3056 4225 3111 4279 in
3146 4225 3347 4296 regiam
3392 4223 3531 4278 alla-

1938 4326 2072 4371 tum.

244 4408 384 4480 μετὰ
415 4408 648 4463 θάνατον
682 4408 791 4477 γὰρ
820 4407 914 4461 τοῦ
943 4408 1172 4473 Λέοντος
1212 4410 1629 4482 τυραννήσας“ὁ
1685 4410 2099 4471 Κωνσταντῖνος
2129 4407 2372 4480 ἀνῃρέθη
2433 4410 2493 4460 ἐν
2546 4407 2625 4478 τῷ
2670 4409 2766 4462 τοῦ
2813 4409 3033 4478 γενικοῦ
3109 4408 3375 4480 σεκρέτῳ,
3431 4403 3532 4461 καὶ

239 4504 330 4557 διά
358 4503 457 4575 τῆς
510 4502 777 4575 ῥηθείσης
830 4502 1007 4575 πύλης
1046 4503 1229 4576 λύθρῳ
1251 4506 1347 4559 καὶ
1390 4506 1586 4575 αἵματι
1638 4503 1950 4576 σταζομένη
1988 4506 2021 4575 ἡ
2052 4504 2246 4557 τούτου
2289 4504 2502 4573 κεφαλὴ
2533 4505 2762 4575 εἰσήχθη
2800 4508 2881 4568 εἰς
2909 4508 2980 4559 τὰ
3008 4505 3278 4577 βασίλεια.

324 4649 385 4700 '0
405 4647 465 4700 δέ
496 4646 757 4716 βασιλεὺς
794 4647 884 4701 διά
932 4665 1056 4701 τινα
1085 4649 1346 4704 ὑπόνοιαν
1396 4651 1695 4706 Εὑστάθιον
1727 4651 1831 4722 μά-

239 4756 467 4810 γιστρον
521 4740 613 4792 τὸν
669 4739 972 4810 ’Δργυροῦν
1032 4744 1359 4814 μετεκίνησε
1387 4745 1483 4815 τῆς
1534 4746 1709 4816 ἀρχῆς
1732 4741 1826 4816 (ἦν

2013 4650 2280 4705 Praeterea
2312 4648 2422 4705 Leo
2439 4651 2792 4706 Eustathium
2824 4654 3152 4723 magistrum
3170 4650 3528 4722 drun‘garlum

1935 4743 2137 4814 vigilia:
2174 4756 2404 4798 munere
2434 4758 2536 4797 suo
2556 4745 2766 4799 amovit
2798 4743 2870 4800 ob
2924 4744 3221 4815 quamdam
3257 4745 3532 4814 auspicio.

240 4834 356 4903 γὰρ
379 4832 742 4905 δρουγγάριος
768 4833 866 4902 τῆς
909 4832 1142 4903 βίγλας),
1174 4835 1233 4897 δς
1284 4838 1380 4889 καὶ
1419 4838 1598 4891 ἀπιὼν
1646 4838 1827 4892 οἴκαδε

1940 4850 2064 4890 nem
2095 4854 2111 4904 ;
2146 4837 2309 4905 isque
2336 4837 2559 4890 domum
2590 4852 2747 4893 suam
2773 4838 3060 4908 digressus
3088 4850 3306 4892 veneno
3340 4836 3528 4907 periit,

243 4922 529 4993 φαρμάκῳ
567 4922 967 4992 κατεργασθεὶς
1009 4924 1328 4993 ἐτελεύτησε
1364 4964 1379 4987 ,
1453 4927 1623 4981 πολὺν
1668 4928 1833 4981 πόθον

243 5016 414 5071 αὑτοῦ
472 5015 553 5085 τῷ
600 5031 662 5068 τε
721 5014 943 5085 στρατῷ
996 5018 1091 5069 καὶ
1145 5018 1222 5086 τῷ
1280 5018 1453 5088 στόλῳ
1500 5019 1837 5085 καταλιπὼν,

247 5108 625 5181 μεμνημένοις
655 5107 771 5162 τῶν
818 5108 1332 5180 ἀνδραγαθημάτων
1386 5111 1577 5167 αὑτοῦ.
1632 5112 1837 5184 Ὲτάφη

240 5202 303 5256 δὲ
328 5201 471 5255 κατὰ
496 5199 559 5253 τὸ
579 5199 891 5271 Χαρσιανδν
911 5202 971 5253 ἐν
997 5203 1064 5272 τῇ
1092 5198 1227 5273 μονῇ
1247 5203 1346 5273 τῆς
1389 5202 1576 5272 Ἀγίας
1623 5202 1838 5269 Ἐλιζά-

241 5290 363 5357 ϐετ,
422 5293 491 5362 ἢν
513 5291 676 5346 Λέων
714 5291 744 5344 ὀ
784 5291 1009 5355 πάππος
1042 5293 1211 5345 αὑτοῦ
1267 5296 1721 5367 ἐκαινούργησεν,
1779 5296 1839 5359 ὃς

243 5383 344 5438 καὶ
376 5383 440 5436 τὸ
469 5383 580 5436 τῶν
624 5383 908 5455 ’Δργυρῶν
930 5384 1179 5438 ἐπίθετον
1205 5386 1560 5459 ἐκληρώσατο
1591 5387 1830 5458 πρῶτος,

242 5477 357 5530 εἴτε
384 5475 472 5529 διὰ
493 5474 851 5547 καθαρότητα
886 5476 1026 5547 βίου,
1056 5476 1168 5530 εῐτε
1217 5481 1313 5532 καὶ
1366 5479 1435 5533 δι’
1497 5480 1833 5550 εὐπρέπειαν

244 5569 524 5639 σώματος,
553 5567 665 5621 εἴτε
701 5569 797 5622 καὶ
832 5569 923 5624 διά
953 5586 1076 5623 τινα
1132 5570 1333 5641 τρόπον
1367 5573 1466 5643 τῆς
1490 5572 1656 5626 αὑτοῦ
1702 5589 1830 5640 γεν-

242 5662 531 5731 ναιότητος
555 5677 571 5691 ο
611 5659 868 5716 τοσοῦτον
917 5663 1028 5735 γὰρ
1062 5668 1259 5735 περιῆν
1307 5669 1338 5719 ό
1394 5666 1533 5739 ἀνὴρ
1582 5665 1693 5721 τῶν
1735 5667 1829 5719 ἐπὶ

241 5750 339 5805 τοῦ
366 5750 592 5821 Μιχαὴλ
623 5756 938 5823 γενομένων
969 5754 1278 5825 ἀνθρώπων
1317 5756 1460 5810 ὥστε
1487 5756 1648 5828 μόνος
1691 5756 1829 5827 μετὰ

243 5840 355 5897 τῶν
384 5840 678 5914 οἰκογενῶν
711 5843 1118 5914 συνερρήγνυτο
1146 5849 1255 5910 τοῖς
1296 5849 1360 5902 ἐκ
1397 5848 1676 5921 Τεφρικῆς
1704 5848 1825 5901 Μαι

1934 4941 2135 4997 magno
2188 4929 2275 4982 sui
2326 4928 2606 4984 desiderio
2657 4929 2925 4985 exercitui
2977 4929 3259 4999 classique
3309 4928 3527 4995 relicto,

1939 5016 2204 5086 praeclara
2233 5015 2355 5086 ejus
2383 5015 2628 5071 facinora
2676 5019 2942 5073 memoria
2980 5017 3371 5073 recolentibus.
3425 5016 3528 5071 Se-

1941 5108 2132 5177 pultus
2198 5117 2285 5163 est
2341 5110 2486 5179 apud
2541 5108 2912 5166 Cbarsianum
2965 5112 3020 5165 in
3089 5095 3432 5166 monasterio
3463 5109 3526 5167 S.

1938 5197 2253 5258 Elisabette.
2287 5202 2434 5268 quod
2483 5214 2686 5253 novum
2720 5215 2857 5255 avus
2886 5202 3007 5270 ejus
3043 5201 3154 5257 Leo
3180 5203 3525 5257 condiderat.

1941 5291 2044 5343 Hic
2077 5289 2292 5361 1070
2323 5289 2434 5345 Leo
2456 5294 2666 5361 primus
2700 5298 3062 5365 Argyrorum,
3100 5295 3152 5349 id
3182 5303 3291 5359 est,
3326 5308 3529 5363 argen—

1942 5393 2182 5451 teorum,
2248 5399 2559 5455 cognomen
2600 5385 2821 5442 familia:
2870 5403 2984 5442 sine
3047 5389 3255 5454 intulit,
3287 5390 3404 5443 sive
3456 5388 3530 5442 ob

1938 5474 2064 5531 vitae
2092 5479 2406 5546 puritatem.
2440 5480 2556 5534 sive
2587 5480 2657 5534 ob
2688 5479 2945 5536 decorem
2979 5484 3252 5552 corporis,
3312 5482 3429 5536 sive
3458 5482 3530 5533 ob

1936 5569 2211 5624 illustrem
2255 5571 2663 5635 fortitudinem,
2718 5588 2826 5642 qua
2863 5574 2910 5628 is
2938 5578 3179 5643 aequales
3208 5587 3342 5629 suos
3366 5572 3387 5642 (
3411 5572 3528 5626 cla-

1938 5664 2053 5715 ruit
2090 5671 2275 5717 autem
2305 5661 2576 5718 Micliaelo
2606 5666 2936 5736 imperante)
2989 5667 3130 5719 adeo
3151 5663 3434 5736 superavit
3468 5672 3529 5718 ut

1937 5754 2091 5811 solus
2117 5770 2245 5809 cum
2282 5758 2465 5811 vernis
2496 5758 2615 5814 suis
2677 5757 3011 5814 Manichaeos
3041 5756 3443 5827 Tepltricenses
3471 5763 3531 5808 et

1942 5848 2284 5907 Melitenacos
2341 5854 2626 5921 Agarenos
2688 5852 2921 5910 adortus
2983 5854 3037 5909 in
3113 5850 3302 5920 fugam
3364 5848 3533 5903 facile
