4226 6442
746 351 888 419 Ili-9

1966 346 2287 430 QEORGII
2318 344 2658 405 CEDBENI

3859 345 4006 411 1100

741 468 1064 535 coniecerit,
1089 463 1441 535 nominisque
1471 463 1634 519 etiam
1668 462 1787 532 ejus
1819 460 2024 516 mentio
2050 471 2313 515 terrorem

2421 456 2648 527 νιχαίοις
2671 455 2765 510 καὶ
2787 457 2898 519 τοῖς
2924 456 2987 509 ἐκ
3020 455 3330 527 Μελιτηνῆς
3386 461 3717 527 Murcido
3753 463 3848 516 καὶ
3873 463 4006 515 τού·

735 558 988 614 hostibus
1023 553 1338 612 incusserit.

806 728 1076 784 Czeternm
1113 738 1399 798 pactorum
1425 741 1591 783 causa
1625 741 1655 781 a
1683 726 1861 782 Tarso
1898 735 1948 780 et
1977 725 2227 781 Melltena
2249 725 2316 780 ad

736 819 977 875 Leonem
1033 821 1187 875 missi
1229 828 1494 875 venerunt
1549 818 1744 888 Cpolin
1787 820 2089 873 Ahclbaccs
2121 828 2174 871 et
2218 817 2318 871 Sa-

738 927 916 966 mona:
973 919 1145 981 pater.
1197 911 1345 976 Quos
1406 911 1698 981 magnilico
1752 910 1966 977 excepit
2019 908 2317 977 imperator

737 1003 994 1056 convivio
1035 1004 1087 1055 in
1134 1000 1454 1072 Magnaura,
1489 1001 1772 1072 splendide
1805 1002 2092 1054 instructa.
2149 999 2319 1052 Exor-

740 1097 888 1149 navit
919 1107 973 1148 ct
1021 1094 1278 1165 Magnum
1329 1094 1616 1164 Templum
1671 1095 1975 1162 magniﬁce,
2019 1093 2318 1162 legatisque

742 1187 1078 1240 introductis
1141 1187 1328 1239 omnia
1381 1187 1551 1240 etiam
1617 1199 1745 1236 vasa
1784 1183 1850 1236 ad
1885 1183 2123 1236 divinam
2153 1183 2318 1250 perti-

738 1281 922 1333 nentia
981 1279 1259 1345 liturgiam
1327 1279 1751 1333 demonstravit.
1789 1277 1844 1329 ld
1909 1277 2132 1345 quidem
2171 1282 2317 1328 statu

737 1370 1054 1424 Christiano
1099 1370 1385 1438 indignum
1423 1369 1545 1430 fuit,
1601 1367 1909 1437 peregrinis
1976 1365 2314 1428 hominibus,

735 1460 921 1530 iisque
957 1477 984 1513 a
1030 1478 1156 1515 vera
1192 1462 1455 1530 religione
1487 1460 1700 1524 alienis,
1765 1475 1826 1513 ea
1882 1459 2172 1511 ostendere
2198 1472 2318 1525 quae

742 1569 808 1606 uc
830 1569 859 1606 a
894 1554 999 1626 piis
1036 1553 1256 1620 quidem
1282 1562 1336 1604 et
1365 1552 1592 1620 integra}
1615 1552 1740 1604 vitae
1773 1537 2086 1602 hominibus
2113 1555 2317 1599 temere

736 1645 1018 1698 visuntur.
1057 1645 1120 1695 Et
1155 1643 1412 1697 Samonaa
1442 1653 1595 1710 pater
1633 1656 1756 1696 cum
1790 1639 2000 1693 videret
2049 1645 2312 1708 quantum

737 1737 992 1805 potentia:
1025 1744 1186 1805 atque
1242 1735 1466 1789 honoris
1515 1731 1658 1803 apud
1720 1732 2110 1801 imperatorem
2173 1729 2314 1782 [ilius

2419 570 2545 616 τους
2569 554 2769 621 ῥᾳδίως
2799 554 3081 624 ἐτρέπετο.
3137 556 3242 606 Καὶ
3276 557 3335 607 τὸ
3389 556 3558 626 ὄνομα
3618 557 3783 611 αὑτοῦ
3836 561 4004 630 μόνον

2417 643 2795 714 φημιζόμενον
2825 645 3096 714 φόϐητρον
3125 641 3191 717 ἦν
3222 647 3358 699 πᾶσι
3391 651 3506 713 τοῖς
3540 649 3876 714 ἀντιπάλοις.

2487 734 2664 817 Xava
2693 733 2748 786 δὲ
2788 733 3042 802 ἀλλαγίου
3068 735 3483 804 ἐκπεμφθέντες
3525 736 3632 790 ἀπό
3675 754 3733 789 τε
3775 739 4003 809 Ταρσοῦ

2417 827 2512 879 καὶ
2546 825 2902 895 Μελιτηνῆςὸ
2929 843 2988 878 τε
3035 825 3370 892 Ἀϐελὸἁκης
3421 827 3631 892 ἐκεῖνος
3689 829 3783 880 καὶ
3833 829 3862 880 ὁ
3904 831 4002 882 τοῦ

2420 918 2656 986 Σαμωνᾶ
2709 916 2893 987 πατὴρ
2949 917 3253 971 κατέλαϐον
3296 918 3394 988 τὴν
3426 917 3836 987 βασιλεύουσαν.
3887 922 4004 974 Καὶ

2419 1010 2640 1071 τούτους
2669 1009 2698 1060 ὁ
2737 1007 2993 1076 βασιλεὺς
3021 1009 3237 1072 ἐδέξατο
3279 1011 3522 1079 μεγᾲλην
3551 1010 3711 1078 δοχὴν
3765 1015 4003 1082 ποιήσας

2421 1103 2515 1154 καὶ
2557 1102 2746 1170 κόσμῳ
2783 1099 2962 1168 πολλῷ
2991 1102 3090 1169 τὴν
3155 1099 3494 1169 Μαγναύραν
3548 1107 3998 1173 κατακοσμήσεις.

2418 1195 2787 1248 Ἐκαλλώπισε
2806 1195 2859 1246 δέ
2881 1194 2971 1246 καὶ
2999 1196 3096 1258 τὴν
3117 1194 3376 1262 Μεγάλην
3409 1192 3741 1260 Ἐκκλησίαν
3771 1196 3966 1247 τ.ολυτε
3982 1227 4002 1236 -

2416 1282 2547 1344 λῶς,
2583 1283 2666 1353 [Ρ.
2701 1283 2947 1352 605]κα“ι
2972 1283 3236 1350 εἰσήγαγε
3276 1285 3499 1344 τούτους
3532 1284 3733 1346 ἐκεῖσε,
3781 1286 3873 1336 καὶ
3932 1287 4002 1338 τὰ

2418 1371 2576 1436 τίμια
2617 1373 2894 1437 ὑπέδειξεν
2949 1373 3164 1426 ᾶπαντα
3223 1374 3320 1426 καὶ
3375 1373 3443 1424 τὰ
3483 1376 3547 1443 τῇ
3601 1372 3720 1441 θεία
3777 1375 4006 1446 λατρεία

2420 1463 2838 1531 λειτουργοῦντα
2888 1466 3080 1533 σκεύη.
3141 1464 3312 1516 Τοῦτο
3359 1464 3415 1516 δὲ
3478 1465 3698 1530 ἀνάξιον
3756 1461 3824 1534 ἦν
3871 1470 4006 1536 Χρ-

2422 1555 2701 1624 στιανικῆς
2725 1557 3132 1618 καταστάσεως,
3168 1555 3490 1622 ἀλλοφύλοις
3538 1557 3850 1624 ἀνθρώποις
3905 1563 4005 1612 καὶ

2419 1646 2762 1709 ἀλλοπίστοις
2789 1647 3023 1699 ἐκθεατά
3045 1647 3158 1716 (55)
3201 1649 3373 1698 ποιεῖν
3426 1647 3495 1698 τὰ
3532 1651 3627 1700 καὶ
3660 1653 3774 1710 τοῖς
3801 1651 3872 1718 μὴ
3903 1669 3978 1703 κα

2418 1736 2526 1798 λῶς
2547 1735 2754 1806 βιοῦσιν
2785 1737 3069 1790 εὑσεϐέσιν
3109 1735 3415 1805 ἀνθρώποις
3439 1737 3663 1792 ἀθέατα.
3705 1740 3763 1792 ’0
3795 1741 3852 1792 δὲ
3903 1740 4003 1792 τοῦ

735 1824 1035 1885 obtineret,
1065 1797 1188 1877 cum
1233 1821 1343 1875 [ilio
1381 1835 1604 1875 manere
1659 1797 1830 1874 voluit
1857 1820 2029 1887 patria
2061 1819 2314 1873 Melitena

2420 1829 2658 1896 Σαμωνᾶ
2684 1829 2864 1896 πατὴρ
2897 1828 2994 1897 τὴν
3021 1829 3355 1899 παρρησίαν,
3388 1829 3452 1897 ἢν
3470 1829 3498 1879 ό
3530 1829 3719 1882 τούτου
3747 1831 3858 1893 υἱὸς
3878 1831 4004 1899 ἔσχε

741 1916 983 1969 deserta.
1027 1912 1224 1966 Verum
1261 1912 1533 1966 Samouas
1585 1912 1636 1966 id
1680 1927 1876 1981 passos
1905 1927 2011 1964 non
2053 1920 2154 1974 est,
2186 1910 2315 1964 hor-

745 2015 891 2058 tatus
919 2011 1131 2074 patrem
1167 2013 1225 2057 ut
1253 2002 1476 2058 domum
1511 2004 1710 2057 rediret
1745 2013 1796 2056 et
1828 2002 1879 2053 in
1927 2017 2023 2054 sua
2055 1999 2318 2069 religione

745 2103 1148 2164 perseveraret,
1206 2109 1269 2148 ac
1330 2109 1389 2148 St‘.
1437 2107 1655 2162 quoque
1714 2097 2080 2158 exsliectaret,
2140 2088 2316 2158 prima

744 2203 967 2256 quoque
1000 2187 1288 2240 occasione
1314 2185 1536 2238 domqu
1569 2183 1892 2238 rediturum.
1925 2181 2088 2235 Festo
2117 2181 2314 2234 Pente-

741 2288 912 2334 costae
980 2279 1188 2348 1071
1229 2279 1318 2332 die
1380 2277 1682 2345 imperator
1722 2275 1892 2328 lilium
1952 2291 2111 2330 suum
2163 2275 2308 2328 Con-

744 2372 1052 2427 atantinum
1078 2385 1240 2440 opera
1266 2369 1542 2438 Euthymii
1562 2370 1890 2438 patriarchae
1907 2369 2215 2422 coronavit.
2248 2369 2317 2422 At

744 2482 878 2521 vero
945 2467 1236 2530 Samonas,
1276 2472 1333 2518 ut
1391 2462 1694 2534 Augustam
1727 2463 2122 2526 demereretur,
2157 2478 2317 2516 suum

745 2558 1062 2613 ministrum
1127 2557 1547 2612 Constantinum
1615 2557 1839 2610 natione
1902 2555 2309 2626 Paphlagoncm

743 2651 1060 2704 eunuchum
1109 2650 1155 2703 ei
1209 2664 1307 2718 pro
1358 2647 1564 2702 Luriulo
1617 2649 1801 2701 tradit.
1845 2645 1894 2701 ls
1923 2647 2319 2704 Constantinus

744 2743 800 2796 in
858 2751 1061 2796 tantam
1124 2743 1269 2795 venit
1323 2742 1581 2810 Augustae
1648 2749 1702 2793 et
1755 2737 1953 2792 Leonis
1981 2741 2323 2809 gratiam,ut

746 2834 864 2903 ipse
891 2835 1058 2888 etiam
1109 2830 1381 2887 Samonas
1429 2832 1632 2885 invidia
1663 2842 1950 2900 correptus
1982 2832 2121 2899 apud
2152 2833 2324 2902 impe-

752 2935 991 2980 ratorem
1024 2939 1146 2980 eum
1199 2924 1476 2987 detulerit,
1503 2919 1665 2993 ‘quasi
1701 2938 1822 2976 cum
1851 2923 2096 2992 Augusta
2130 2924 2176 2977 is
2207 2939 2320 2978 rem

747 3018 1000 3072 haberet.
1033 3017 1132 3070 Cui
1177 3015 1551 3070 criminationi
1584 3016 1813 3069 credens
1844 3014 1976 3078 Leo,
2010 3015 2322 3070 Coostanti-

749 3125 880 3163 num
945 3107 1197 3162 monachi
1238 3109 1290 3160 in
1325 3122 1534 3161 morem
1587 3106 1799 3161 tonderi
1823 3108 1998 3175 jubet,
2031 3116 2086 3161 ct
2115 3110 2182 3161 ab
2207 3111 2324 3177 ipso

743 3202 987 3256 Samona
1047 3201 1100 3253 iu
1186 3198 1402 3254 Tarasii
1454 3199 1848 3254 monasterium
1902 3200 2117 3253 deduci.
2156 3199 2324 3254 Paulo

749 3301 874 3362 post
905 3304 1084 3346 autem
1109 3301 1318 3346 mutata
1339 3293 1613 3346 sententia
1654 3291 1901 3360 recipere
1931 3307 2054 3345 cum
2076 3292 2323 3361 cupiens,

747 3385 997 3455 ejusdem
1033 3384 1285 3438 Samome
1319 3399 1484 3452 Opera
1521 3399 1644 3438 cum
1699 3385 1752 3438 in
1781 3387 2168 3439 monasterium
2203 3383 2326 3454 Spi-

747 3491 939 3531 rarum
971 3476 1270 3529 transtulit.
1302 3474 1679 3544 Egressusque
1705 3477 1770 3527 ad
1799 3473 2171 3546 Damatrynm.
2195 3485 2248 3531 et
2275 3478 2326 3530 in

753 3568 1005 3622 Samonae
1025 3582 1260 3638 pransus
1289 3568 1647 3630 monasterio,
1669 3581 1791 3621 cum
1818 3566 2025 3620 videret
2055 3566 2327 3621 Constan-

751 3660 954 3725 tinum,
1019 3660 1167 3712 illico
1221 3658 1502 3712 mandavit
1533 3665 1593 3712 ut
1628 3658 1884 3711 monachi
1920 3658 2106 3711 habitu
2132 3666 2329 3712 exutus

752 3751 900 3804 civili
951 3753 1152 3806 vestitu
1206 3750 1563 3816 amiciretur;
1596 3757 1651 3804 et
1685 3746 1829 3818 apud
1872 3763 1995 3802 eum
2033 3749 2330 3803 convivaris

755 3843 1017 3912 poculum
1051 3842 1101 3896 ei
1131 3856 1294 3895 suum
1358 3842 1476 3895 dari
1508 3841 1700 3908 jussit,
1731 3855 2028 3903 secumque
2056 3839 2327 3893 hominem

754 3935 812 3988 in
878 3934 1142 4000 palatium
1177 3933 1418 3987 reduxit.
1459 3930 1728 3986 Samonas
1762 3931 1952 3985 videns
1988 3930 2332 3997 imperatoris

760 4028 815 4080 in
849 4025 1274 4080 Constantinum
1335 4040 1581 4079 amorem
1614 4040 1888 4088 crescere,
1920 4024 2224 4092 composita
2274 4038 2333 4076 re

756 4133 881 4170 rum
935 4117 1164 4186 Megisto
1223 4117 1493 4171 Cmtonita
1549 4125 1602 4171 et
1666 4114 1932 4169 Michaelo
1993 4114 2332 4175 Tzirithone,

758 4204 1004 4257 libellum
1034 4203 1300 4257 conviciis
1359 4202 1416 4256 in
1451 4202 1689 4257 Leonem
1725 4205 2031 4257 innumeris
2071 4202 2332 4257 refertum

760 4309 926 4363 opera
963 4295 1164 4348 scriba:
1199 4295 1282 4348 sui
1314 4294 1659 4348 Constantini
1688 4294 1884 4347 Rhodii
1917 4293 2158 4356 conﬁcit,
2182 4309 2337 4347 enm-

761 4386 1091 4456 que1072
1150 4385 1532 4452 consignatum
1595 4386 1647 4438 in
1683 4383 1957 4437 Mitatorio
1987 4384 2193 4452 abiicit.
2231 4383 2335 4436 lm-

2420 1922 2555 1990 πρὸς
2612 1919 2837 1989 βασιλέα
2882 1920 2977 1971 καὶ¹
3020 1921 3120 1987 τὴν
3181 1919 3346 1990 τιμὴν
3391 1920 3726 1991 θεασάμενος
3764 1923 3856 1974 καὶ
3902 1925 4006 1991 τὴν

2416 2013 2594 2076 δόξαν,
2621 2012 2914 2081 ᾑρετίσατο
2956 2013 3196 2063 συνεῖναι
3221 2011 3300 2080 τῷ
3358 2011 3480 2082 υἱῷ,
3531 2011 3845 2082 Μελιτηνὴν
3901 2016 4007 2083 τὴν

2417 2103 2652 2172 πατρίδα
2681 2103 3159 2171 ἁπαρνησάμενος.
3207 2103 3473 2170 Σαμωνᾶς
3505 2101 3562 2154 δὲ
3590 2103 3650 2155 οὐ
3682 2105 4004 2175 συνεχώρει,

2418 2194 2650 2265 παρῄνει
2689 2195 2746 2246 δέ
2784 2193 2983 2264 μᾶλλον
3014 2196 3093 2257 είς
3138 2193 3206 2246 τὰ
3263 2194 3441 2247 οἰκεῖα
3497 2196 3866 2264 ὑπονοστῆσαι
3907 2200 4008 2250 καὶ

2417 2285 2515 2355 τῆς
2549 2287 2686 2350 ἰδίας
2711 2286 2932 2356 ἔχεσθαι
2960 2287 3219 2351 πίστεως,
3253 2286 3588 2355 προσμένειν
3617 2287 3672 2339 δέ
3697 2289 3793 2340 καὶ
3812 2288 4000 2350 αὑτὸν,

2421 2383 2469 2432 εἰ
2501 2379 2694 2450 καιροῦ
2742 2379 2982 2440 λάὗοιτο,
3035 2380 3214 2431 ἐκεῖσε
3267 2379 3543 2446 γενέσθαι.
3578 2379 3688 2446 Τῆς
3720 2381 3775 2432 δὲ
3810 2382 4010 2451 ἑορτῆς

2423 2473 2718 2540 ἐπιστάσης
2775 2473 2833 2524 ἐν
2893 2467 3018 2544 ᾖτὺ
3078 2471 3306 2539 Πνεῦμα
3351 2471 3412 2524 τὺ
3463 2470 3617 2539 ἇγιον
3653 2473 3710 2523 ἐν
3750 2473 4011 2540 πυρίναις

2420 2567 2695 2634 γλώσσαις
2750 2567 2863 2627 τοῖς
2925 2564 3243 2625 ἀποστόλοις
3289 2563 3611 2631 ἐφοίτησεν,
3671 2562 3866 2630 ἑστεψε
3918 2563 4010 2614 τὸν

2421 2658 2620 2708 οἰκεῖον
2642 2654 2756 2706 υἱὸν
2785 2655 3196 2705 Κωνσταντῖνον
3236 2654 3262 2703 ὀ
3295 2651 3554 2720 βασιλεὺς
3589 2651 3679 2703 δια
3728 2651 4009 2720 Εὐθυμίου

2421 2746 2514 2799 τοῦ
2581 2746 2945 2815 πατριάρχου.
2989 2743 3243 2796 Σπεύδων
3297 2742 3355 2794 δὲ
3403 2743 3431 2793 ὀ
3477 2742 3747 2808 Σαμωνᾶς
3774 2743 3873 2811 τὴν
3913 2741 4012 2811 τῆς

2426 2837 2693 2898 βασιλίδος
2728 2837 2864 2905 πρὸς
2900 2834 3093 2888 ἐαυτὸν
3126 2832 3536 2886 ἐπισπάσασθαι
3560 2831 3796 2896 εὔνοιαν,
3855 2834 4014 2886 Κων-

2427 2932 2703 2981 σταντίνον
2726 2927 2818 2979 τὸν
2847 2925 3042 2978 ἐαυτοῦ
3096 2924 3378 2992 ὑπηρέτην
3417 2923 3676 2990 ἐκτομίαν
3732 2923 3863 2974 (mea
3919 2924 4014 2975 καὶ

2423 3023 2522 3089 τῆς
2550 3021 2658 3072 τῶν
2683 3020 3056 3087 Παφλαγόνων
3107 3016 3433 3087 ὁρμώμενον
3471 3016 3653 3084 χώρας
3689 3018 3755 3086 τῇ
3802 3017 4013 3083 Αὐγοέ-

2352 3149 2393 3204 C
2430 3131 2526 3183 στῃ
2558 3113 2827 3182 παρέσχεν
2848 3111 3163 3182 ὑπηρετεῖν.
3196 3108 3464 3161 Τοσοῦτον
3480 3109 3535 3159 δὲ
3569 3104 3719 3169 οὗτος
3752 3110 4012 3178 ἠγαπήθη

2430 3203 2556 3274 παρ’
2593 3204 2762 3271 αὐτῆς
2786 3203 2881 3255 καὶ
2911 3203 3138 3263 Λέοντος
3169 3199 3264 3251 τοῦ
3324 3199 3588 3269 βασιλέως
3617 3200 3690 3261 ὡς
3720 3201 3814 3251 καὶ
3848 3201 4013 3251 αὑτὸν

2427 3298 2518 3347 τὸν
2549 3296 2817 3364 Σαμωνᾶν
2837 3294 3133 3363 διερεθίσαι
3163 3293 3296 3362 πρὸς
3327 3293 3543 3359 φθόνον,
3597 3294 3693 3344 καὶ
3743 3293 4013 3344 διαλοιδο-

2430 3383 2818 3455 ρεῖσθαιαύτῷ
2844 3386 2980 3454 πρὸς
3003 3383 3230 3453 βασιλέα
3280 3382 3356 3444 ὡς
3410 3386 3473 3448 τῇ
3535 3383 3820 3453 Αὐγούστῃ
3873 3384 4016 3452 τάχα

2428 3478 2796 3547 πλησιάζοντι’
2822 3477 2980 3544 ὅπερ,
3005 3475 3079 3535 ὡς
3113 3474 3311 3544 ἀληθὲς
3333 3475 3656 3536 πιστεύσας,
3689 3476 4016 3538 ἁποστεὶὶας

2428 3570 2720 3634 ἀπέκειρεν
2753 3569 2912 3620 αὑτὸν
2937 3567 3168 3637 μοναχὸν
3191 3569 3249 3618 ἐν
3285 3569 3352 3636 τῇ
3378 3565 3470 3618 τοῦ
3518 3565 3703 3633 Ἀγίου
3731 3567 4008 3632 Ταρασέου

2432 3663 2566 3729 μονῇ
2611 3659 2676 3712 δι’
2709 3657 2873 3712 αὐτοῦ
2923 3657 3018 3710 τοῦ
3065 3658 3323 3726 Σαμωνᾶ.
3369 3658 3500 3709 Μετ’
3546 3656 3727 3723 ὀλίγον
3756 3657 3810 3709 δὲ
3849 3659 4012 3710 πάλιν

2434 3753 2730 3821 μεταγνοὺς
2753 3752 2847 3804 καὶ
2881 3750 3212 3819 προσλαϐεῖν
3269 3749 3459 3801 τοῦτον
3497 3748 3696 3802 ἐθέλων
3733 3752 4012 3817 μετήγαγε

2430 3843 2493 3895 δι’
2520 3842 2798 3896 αὐτοῦτοῦ
2835 3841 3073 3909 Σαμωνᾶ
3114 3843 3193 3902 εἰς
3232 3841 3330 3910 τὴν
3365 3839 3532 3910 μονὴν
3573 3841 3682 3892 τῶν
3743 3841 4016 3909 Σπειρών.

2444 3936 2532 3987 Ἐν
2567 3935 2643 4004 τῷ
2671 3933 2957 4003 Δαματρύῖ
2991 3933 3084 3986 οὖν
3111 3931 3343 3995 ἐξελθὼν
3379 3933 3405 3984 ὁ
3446 3932 3696 4001 βασιλεὺς
3729 3934 3821 3984 καὶ
3849 3935 3907 3984 ὲν
3951 3937 4015 4004 τῇ

2431 4026 2523 4078 τοῦ
2556 4027 2791 4095 Σαμωνᾶ
2822 4025 3126 4093 ἀριστήσας
3163 4026 3327 4093 μονῇ,
3364 4025 3460 4076 καὶ⁵
3495 4021 3832 4091 θεασάμενος
3862 4025 4018 4076 Κων-

2435 4117 2733 4179 σταντίνον,
2765 4113 2964 4176 εὐθέως
2990 4113 3391 4176 διεκελεύσατο,
3420 4114 3516 4165 καὶ
3546 4114 3825 4166 ἀπέδυσαν
3855 4117 4017 4168 αὖτὶν

2433 4207 2502 4260 τὰ
2538 4206 2630 4258 τοῦ
2690 4206 2958 4276 μονήρους
3004 4203 3119 4273 βίον
3177 4207 3358 4273 ἄμφια
3410 4205 3505 4257 καὶ
3531 4206 3788 4259 ἐνέδυσαν
3827 4207 4018 4273 στολὴν

2434 4298 2706 4366 κοσμικὴν
2763 4295 2897 4365 (56).
2957 4297 3067 4348 Καὶ
3131 4296 3512 4364 εὐωχούμενός
3574 4314 3632 4348 τε
3686 4297 3818 4367 παρ’
3872 4298 4018 4366 αὐτῷ

2433 4388 2651 4457 δοθῆναί
2681 4389 2728 4440 οί
2758 4387 3008 4438 ἐκέλευσε
3031 4388 3089 4438 τὸ
3118 4389 3375 4455 ποτήριον
3411 4391 3470 4441 ἐν
3513 4387 3591 4457 τῷ
3639 4389 3881 4459 ἀρίστῳ,
3931 4393 4019 4442 καὶ

759 4485 981 4546 perator
1038 4477 1255 4544 publice
1289 4477 1342 4527 in
1393 4475 1646 4542 Magnum
1676 4474 1958 4542 Templum
1991 4489 2336 4544 progressus,

2445 4480 2824 4547 εἰσερχόμενος
2872 4480 2928 4528 ἐν
2962 4477 3040 4548 τῷ
3101 4478 3348 4545 παλατίῳ
3396 4477 3676 4543 ἐφείλκετο
3732 4481 3828 4530 καὶ
3862 4481 4021 4533 αὑτὸν

761 4584 887 4620 cum
943 4569 998 4620 in
1025 4566 1358 4620 Mitatorium
1395 4567 1656 4629 venisset,
1699 4581 1807 4635 quo
1843 4567 1962 4620 loco
1992 4567 2336 4634 precabatur,

764 4659 1009 4715 libellum
1052 4660 1262 4714 invenit
1296 4673 1358 4712 ac
1424 4658 1574 4730 legit.
1628 4659 1706 4713 Ea
1745 4673 1832 4713 res
1862 4673 1957 4713 eos
1987 4660 2079 4727 qui
2105 4659 2338 4714 aderant

766 4752 821 4804 in
881 4765 1134 4819 magnam
1211 4749 1451 4820 conjecit
1509 4750 1954 4813 sollicitudinem,
2010 4759 2173 4820 atque
2232 4753 2334 4822 ipsi

766 4843 935 4898 etiam
1002 4841 1171 4895 Leoni
1227 4857 1420 4896 curam
1484 4842 1669 4895 attulit
1720 4851 1998 4894 auctorem
2040 4845 2340 4908 quaerendi.

771 4935 889 4988 Sub
923 4933 1068 4988 idem
1112 4943 1328 5002 tempus
1354 4933 1496 4986 lunae
1524 4933 1775 4990 defectus
1805 4932 2076 4987 maximus
2126 4933 2250 4988 fuit.
2282 4934 2348 4988 Et

769 5025 882 5080 Leo
957 5024 1372 5094 Synnadensem
1449 5025 1876 5093 metropolitam,
1956 5022 2347 5079 Pantaleonem

773 5117 1020 5177 nomine,
1055 5117 1431 5170 astronomica
1467 5115 1742 5168 imbutum
1773 5114 2004 5170 scientia
2038 5115 2260 5179 accivit,
2292 5125 2353 5169 ut

737 5222 852 5270 -ex_
875 5221 942 5260 eo
988 5207 1216 5276 deliquii
1270 5207 1392 5277 ejus
1449 5206 1576 5273 quis
1630 5203 1856 5262 futurus
1912 5214 2061 5261 esset
2115 5206 2344 5262 eﬂ'ectus

773 5308 1149 5366 cognosceret.
1175 5299 1308 5350 Eum
1335 5298 1401 5351 ad
1417 5311 1598 5367 regem
1616 5295 1912 5351 intrantem
1939 5294 2208 5351 Samonas
2231 5312 2347 5365 per-

777 5398 1035 5443 contatus
1076 5399 1161 5445 est
1188 5391 1405 5442 cuinam
1452 5389 1683 5442 adversa
1712 5387 2192 5456 portenderentur.
2246 5386 2351 5442 Re-

777 5482 1106 5553 sponditque
1131 5499 1144 5536 :
1176 5499 1194 5532 ι
1216 5479 1364 5534 Tibi.
1393 5480 1498 5535 Sed
1520 5480 1760 5534 tameusi
1780 5475 2005 5533 I3Junii
2024 5479 2166 5533 diem
2191 5494 2353 5548 supe-

2450 4571 2565 4640 μετ’
2598 4570 2786 4624 αὐτοῦ.
2833 4569 3008 4638 Ὀρῶν
3036 4568 3089 4620 δέ
3119 4569 3213 4620 καὶ
3265 4570 3292 4620 ὀ
3336 4568 3600 4635 Σαμωνᾶς
3649 4569 4021 4640 αὐξανομένην

2444 4664 2541 4734 τὴν
2600 4663 2733 4731 πρὸς
2779 4662 2869 4714 τὸν
2903 4663 3308 4713 Κωνσταντῖνον
3343 4659 3435 4713 τοῦ
3488 4660 3758 4729 βασιλέως
3801 4665 4021 4732 ἀγάπην

2448 4753 2739 4822 ἐπιϐουλὴν
2765 4753 2884 4804 κατ’
2915 4752 3079 4803 αὐτοῦ
3141 4753 3358 4821 ρἀτει,
3409 4752 3556 4803 τόνδε
3599 4754 4020 4825 συντεθειμένην

2440 4847 2530 4897 τὸν
2551 4846 2754 4913 τρόπον
2782 4860 2796 4874 ο
2832 4842 3363 4911 κοινολογησάμενος
3411 4844 3670 4911 Μεγίστῳ
3698 4843 3775 4913 τῷ
3832 4862 4024 4898 κοιτω-

2442 4940 2563 5006 νίτῃ
2593 4937 2686 4987 καὶ
2704 4933 2921 5004 Μιχαὴλ
2941 4933 3018 5002 τῷ
3044 4932 3336 5001 Τζιρίθωνι
3360 4935 3712 5001 γραμμάτιον
3736 4938 4022 5005 συντίθησι

2444 5027 2714 5094 λοιδορίας
2751 5026 2872 5095 ἕχον
2917 5025 3058 5078 κατά
3091 5022 3185 5075 τοῦ
3241 5023 3505 5092 βασιλέως
3537 5025 3821 5094 ἀπείρους,
3875 5027 4026 5078 Κων-

2450 5117 2728 5169 σταντίνον
2770 5114 2862 5168 τοῦ
2899 5113 3126 5175 Ῥοδίου,
3161 5114 3222 5177 ὃς
3254 5114 3726 5183 ὑπεγραμμάτευε
3789 5114 3868 5184 τῷ
3928 5117 4026 5169 Σα-

2455 5210 2634 5280 μωνᾷ,
2656 5207 2816 5261 τοῦτο
2847 5205 3134 5268 συνθέντος
3161 5221 3177 5237 ο
3209 5207 3345 5273 ὅπερ
3395 5205 3708 5274 γράψαντες
3737 5207 3832 5258 καὶ
3863 5223 4029 5277 σφραο

2455 5298 2708 5366 γίσαντες
2726 5297 2786 5347 ἐν
2817 5295 2894 5363 τῷ
2929 5293 3244 5362 μιτατωρίῳ
3273 5290 3524 5363 ἔρριψαν.
3551 5289 3658 5343 Τοῦ
3679 5290 3736 5342 δέ
3766 5290 4028 5358 βασιλέως

2455 5390 2720 5461 δημοσίαν
2749 5387 2973 5459 πρόοδον
2994 5388 3051 5438 ἐν
3071 5389 3137 5455 τῇ
3162 5384 3390 5454 Μεγάλῃ
3415 5382 3712 5454 Ἐκκλησία
3731 5386 4030 5452 ποιησαμέ-

2460 5500 2578 5547 νου,
2614 5482 2714 5534 κάν
2740 5480 2818 5548 τῷ
2851 5479 3164 5550 μιτατωρίῳ
3195 5477 3548 5539 εἰσελθόντος,
3577 5476 3672 5530 καὶ
3696 5478 3755 5530 ἐν
3777 5470 4032 5547 ᾧηῦχετο

1931 5589 2288 5647 ΧγιΑΝοιιι
2326 5593 2413 5649 ET
2449 5592 2657 5648 GOARI
2698 5591 2928 5648 NOTAE.

857 5686 966 5757 (55;
997 5685 1139 5757 Lege
1169 5687 1399 5740 εὑθέατα
1427 5701 1440 5715 ⁸
1482 5686 1532 5738 id
1583 5684 1732 5757 enini
1777 5698 1973 5757 sensus
1999 5684 2213 5757 videtur
2245 5688 2360 5738 exi-

785 5753 956 5830 get-er
983 5753 1206 5828 Megiste
1251 5757 1522 5812 Catonita:
1555 5753 1772 5825 propria
1812 5753 1966 5808 duxi.
2027 5753 2176 5811 Alias
2210 5758 2349 5811 verti

2465 5694 2712 5757 possent,
2747 5688 2980 5757 maagimo
3015 5683 3362 5757 cugiculario.
3393 5682 3530 5757 Χτιι.

2533 5757 2644 5827 (56)
2664 5756 2836 5823 Quam
2855 5754 3050 5812 Latina
3070 5754 3307 5812 Ecclesia
3324 5753 3633 5810 mactarent
3656 5767 3834 5811 vocat.
3854 5749 4030 5810 Con.
