4226 6442
191 581 344 643 τόπῳ
391 569 549 623 τοῦτο
597 565 932 642 ἐρριμμένον
981 561 1202 628 ἰδόντος»

193 664 543 732 ἀναγνόντος,
587 658 758 737 πολλὴ
810 655 1076 726 κατέσχεν
1101 649 1310 718 ἀπορία
1346 647 1775 737 109960513351?-

193 758 374 819 όντας,
422 753 767 816 διστάζοντος
820 750 1054 803 ἑκάστου
1153 743 1248 795 καὶ
1313 735 1631 804 ἀγνοοῦντος
1687 731 1779 783 τὸν

201 848 457 920 ῥίψαντα.
487 842 736 911 Κατέσχε
763 840 820 894 δὲ
849 840 944 892 καὶ
971 835 1066 888 τὸν
1100 830 1324 904 βασιλέα
1355 826 1560 920 ἀθυμία
1584 822 1777 920 πολλή,

197 914 296 996 καί
321 940 410 993 τὸν
438 934 776 1005 πεποιηκότα
803 932 1010 1001 ἐζήτει.
1045 929 1241 996 Γέγονε
1275 923 1332 976 δὲ
1371 919 1512 974 κατά
1548 919 1640 970 τὸν
1685 914 1784 968 αὐ-

196 1034 292 1085 τὸν
344 1027 534 1098 χρόνον
573 1026 666 1080 καὶ
714 1020 961 1090 ἔκλειψις
997 1020 1226 1088 σελήνης
1275 1012 1432 1084 μεγίσ
1475 1028 1526 1081 η,
1563 1009 1630 1060 δι’
1664 1006 1731 1076 ἧν
1755 1007 1783 1057 6

204 1121 462 1193 βασιλεὺς
499 1119 588 1172 τὸν
623 1114 1030 1187 μητροπολίτην
1081 1109 1333 1164 Συνάδων
1382 1100 1785 1176 μετεκαλέσατο

205 1212 606 1274 Πανταλέοντα,
627 1209 730 1278 τῆς
755 1207 1159 1280 ἀστρονομικῆς
1187 1201 1440 1263 παιδείας
1486 1200 1543 1251 ὲν
1585 1195 1784 1266 μνήσει

203 1303 547 1372 τυγχάνοντα
570 1298 658 1369 [Ρ.
688 1297 847 1370 606],
881 1297 943 1349 τὸ
973 1295 1069 1364 τῆς
1091 1293 1389 1361 ἐκλείψεως
1437 1286 1788 1355 ἀποτέλεσμα

209 1393 404 1462 μαθεῖν
455 1388 848 1459 ὀριγνώμενος.
922 1386 1018 1438 ’ον
1073 1383 1457 1452 εἰσερχόμενον
1515 1377 1651 1447 πρὸς
1695 1381 1787 1428 τὸν

207 1480 436 1553 βασιλέα
488 1482 517 1532 ὁ
557 1480 824 1550 Σαμωνᾶς
858 1477 964 1547 ίδίᾳ.
1007 1472 1344 1545 παραλαϐὼν
1383 1471 1666 1542 ἠρώτησεν
1709 1471 1788 1532 είς

204 1577 332 1627 τίνα
362 1573 461 1641 τὴν
497 1573 739 1626 κάκωσιν
775 1569 1016 1630 ἔσεσθαι,
1053 1567 1148 1618 καὶ
1169 1564 1317 1618 τόνδε
1355 1565 1520 1634 φάναι
1576 1564 1657 1616 ὅτι
1693 1561 1790 1621 Εἰς

208 1665 311 1715 σε’
361 1664 460 1732 τὴν
511 1662 577 1730 ιγ’
615 1661 672 1714 δὲ
721 1661 814 1714 τοῦ
892 1657 1112 1713 Ἰουνίου
1184 1657 1529 1726 διερχόμενος
1579 1652 1792 1722 ἡμέραν

207 1755 364 1808 οὐδὲν
392 1754 577 1806 ἔκτοτε
605 1753 767 1824 πείσῃ
793 1752 985 1806 κακόν.
1032 1749 1362 1820 Ἐρωτηθεὶς
1400 1747 1456 1799 δὲ
1488 1745 1586 1798 καὶ
1641 1742 1791 1812 παρά

208 1847 306 1900 τοῦ
342 1846 605 1916 βασιλέως
645 1847 772 1916 περὶ
797 1845 992 1898 τούτου
1029 1838 1182 1896 εἶπεν
1207 1843 1288 1896 ὃτι
1311 1842 1392 1903 είς
1441 1839 1500 1891 τὸ
1541 1837 1792 1906 δεύτερον

1255 427 1795 494 HISTORIARUM
1836 421 2362 485 COMPENDIUM.

1258 551 1541 626 εἰληφότος
1588 568 1648 603 τε
1680 548 1776 602 καὶ
1804 599 1806 606 λ

1911 542 2261 606 areris,nihil
2283 538 2481 594 deinde
2511 537 2638 591 mali
2671 537 2768 592 tibi
2803 537 3037 591 eveniet.
3066 555 3082 585 ι
3113 535 3194 590 Ab
3223 537 3459 605 impera-

3318 415 3460 480 “6?.

1887 645 2008 688 tore
2043 634 2111 687 de
2137 633 2328 688 eadem
2361 645 2419 686 re
2453 631 2844 696 interrogatus,
2875 627 3136 695 proxima:
3191 628 3258 680 ab
3288 628 3457 694 impc-

1887 735 2070 780 ratore
2105 739 2352 795 personae
2398 721 2712 776 denuntiari
2769 720 2972 773 malum
3006 719 3164 772 dixit.
3197 720 3362 788 quue
3395 719 3463 772 de

1892 819 2064 873 fratre
2101 834 2202 872 suo
2253 814 2565 871 Alexandro
2595 813 2804 882 accepit
2838 810 2947 866 Leo
2975 830 2988 866 :
3019 811 3110 865 sed
3141 811 3266 879 quis
3300 811 3464 864 fuerit

1891 911 2267 982 praedictionis
2317 909 2522 970 exitus,
2583 921 2706 960 mox
2759 906 3031 960 dicemus.
3086 904 3298 958 Etenim
3331 901 3465 963 Leo,

1893 1017 2016 1060 eum
2066 1017 2190 1056 eum
2240 999 2541 1055 Michaelus
2591 997 2836 1050 Tziritho
2877 997 3106 1052 seorsim
3137 1009 3467 1065 congressus

1895 1096 2201 1150 monuisset
2234 1093 2402 1147 libelli
2431 1091 2652 1145 infamis
2683 1099 2964 1142 auctorem
2996 1101 3115 1142 esse
3146 1086 3465 1146 Samonam,

1895 1186 2083 1240 statim
2119 1185 2341 1238 domum
2376 1198 2531 1239 suam
2559 1182 2839 1252 deportari
2867 1180 3160 1235 Simonam
3199 1185 3252 1233 et
3276 1191 3472 1230 mona-

1895 1279 1982 1333 chi
2004 1278 2056 1332 in
2082 1291 2290 1331 morem
2311 1277 2622 1346 radijussit,
2642 1275 2838 1330 deinde
2863 1275 2914 1327 in
2941 1271 3214 1342 Euthymii
3240 1270 3471 1339 patriar-

1898 1372 2013 1426 chae
2045 1372 2437 1425 monasterium
2464 1370 2685 1432 deduci,
2739 1369 2979 1436 indeque
3023 1364 3294 1420 conviciis
3339 1375 3467 1431 pro-

1901 1463 2137 1518 Seissum
2183 1463 2237 1514 in
2294 1461 2743 1514 Illartinaciorum
2807 1460 3118 1513 translerri.
3172 1455 3245 1507 Ea
3290 1453 3474 1506 omnia

1903 1564 2024 1610 aeta
2055 1565 2181 1610 ante
2208 1557 2351 1610 diem
2381 1569 2408 1606 a
2437 1554 2768 1607 Pautaleone
2795 1553 3158 1622 designatum.
3196 1550 3474 1604 Constan-

1901 1649 2075 1702 tinum
2124 1650 2244 1701 loco
2308 1647 2560 1700 Samouae
2621 1646 2873 1698 intimum
2908 1642 3308 1697 cubicularium
3365 1637 3477 1691 Leo

1902 1742 2053 1806 fecit,
2089 1741 2300 1809 1073
2333 1743 2494 1807 eique
2529 1739 2920 1791 monasterium
2980 1736 3031 1788 in
3069 1734 3280 1787 Nossiis
3305 1731 3478 1785 aedili-

1903 1835 2068 1897 cavit,
2127 1835 2194 1887 de
2251 1834 2474 1886 nomine
2520 1831 2829 1884 Servatoris
2863 1829 3092 1891 dictum,
3163 1825 3326 1894 idque
3353 1839 3478 1876 cum

211 1940 505 2008 πρόσωπον
538 1939 569 2007 ή
603 1938 844 2000 κάκωσις
899 1937 1217 2006 ἐπισκήψει.
1267 1930 1626 1986 Ὑπώπτευεν
1648 1924 1740 1981 οὖν
1767 1929 1794 1980 6

1908 1928 2200 1998 Euthymio
2257 1926 2571 1994 patriarcha
2637 1925 2926 1978 dedicavit.
2989 1922 3301 1976 Secundum
3365 1920 3482 1972 haec

213 2031 469 2100 βασιλεὺς
497 2029 746 2101 δεύτερον
773 2030 1064 2099 πρόσωπον
1109 2026 1250 2080 εἶναι
1279 2025 1368 2078 τὸν
1403 2021 1598 2076 ἑαυτοῦ
1645 2019 1798 2074 ἁδελ-

214 2123 319 2190 (Ρδν
373 2121 738 2191 Ἀλέξανδρον.
782 2123 892 2176 Καὶ
934 2123 1003 2176 τὰ
1045 2123 1143 2190 μὲν
1169 2120 1285 2188 ’τῆς
1327 2117 1686 2188 προρρήσεως
1733 2113 1799 2183 ἧν

213 2213 378 2282 ἔσχεν
411 2214 704 2280 ἀπόϐασιν,
738 2215 946 2286 προῖὼν
977 2216 1005 2268 6
1063 2213 1220 2280 λόγος
1256 2210 1487 2280 δηλώσει
1517 2225 1529 2237 ο
1579 2205 1798 2276 Μιχαὴλ

212 2304 268 2356 δὲ
306 2304 401 2358 τοῦ
442 2306 773 2376 Τζιρίθωνος
807 2305 928 2359 κατ’
953 2303 1092 2358 ίδίαν
1119 2303 1198 2372 τῷ
1236 2301 1448 2372 βασιλεῖ
1478 2298 1801 2370 προσελθόν-

211 2410 305 2456 τος
335 2395 430 2446 καὶ
460 2395 950 2463 καταμηνύσαντος
975 2394 1050 2458 ώς
1081 2395 1109 2447 6
1144 2394 1410 2463 Σαμωνᾶς
1446 2393 1533 2458 εἴη
1563 2389 1623 2442 τὸ
1670 2405 1799 2440 πιτ-

213 2487 404 2539 τάκιον
442 2487 557 2556 (57)
596 2487 935 2558 πεποιηκὼς,
960 2487 1206 2559 παρευθὺ
1241 2482 1672 2545 καταδιδὰζεται
1721 2482 1800 2543 είς

1903 2021 2139 2092 Agareni
2165 2020 2269 2074 500
2294 2035 2458 2072 naves
2482 2019 2764 2078 emittunt,
2788 2016 3021 2070 ducibus
3053 2016 3314 2066 Damiano
3350 2010 3482 2081 Tyri

1903 2127 2086 2166 amera
2139 2119 2191 2165 et
2228 2109 2410 2163 Leone
2475 2109 2761 2178 Tripolita.
2795 2110 2890 2161 His
2919 2107 3062 2176 apud
3098 2105 3344 2166 Samum,
3390 2102 3479 2155 eui

1904 2214 2016 2259 tum
2050 2203 2330 2257 Reinanus
2360 2203 2683 2270 Laeapenus
2727 2210 2983 2269 prmerat,
3019 2200 3262 2254 occurrit
3297 2197 3483 2249 llimc-

1905 2296 2024 2350 rius
2082 2295 2281 2348 classis
2315 2293 2575 2347 ltmnanae
2607 2292 2896 2362 praefectus
2924 2311 2936 2358 ;
2971 2293 3254 2360 victusque
3297 2289 3363 2342 ab
3393 2289 3481 2347 iis.

1912 2387 2178 2455 dissipata
2234 2387 2413 2440 classe
2450 2399 2573 2448 sua,
2627 2400 2770 2455 aegre
2820 2385 2937 2454 ipse
2992 2383 3305 2453 Mitylenam
3359 2379 3485 2448 luga

1912 2480 2106 2533 evasit.

212 2580 308 2632 τὸν
335 2573 483 2632 οἶκον
505 2580 669 2633 αὑτοῦ
701 2583 794 2634 καὶ
820 2582 1177 2652 ἀποκείρεται
1212 2578 1467 2648 μοναχδς,
1493 2573 1614 2628 εἶτα
1641 2578 1700 2628 ὲν
1723 2577 1790 2645 τῇ
1829 2577 1962 2643 μονῇ
1995 2574 2086 2626 τοῦ
2123 2571 2470 2642 πατριάρχου
2532 2569 2807 2639 Εύθυμίου
2867 2567 3163 2635 ἀπάγεται,
3229 2565 3488 2620 κάκεῖθεν

214 2670 646 2740 διαλοιδορηθεὶς
673 2672 753 2732 είς
767 2672 868 2739 τὴν
895 2671 991 2726 τοῦ
1020 2672 1396 2742 Μαρτινακίου
1424 2667 1796 2740 μετατίθεται.
1825 2665 2010 2718 Ταῦτα
2043 2664 2098 2717 δὲ
2135 2665 2385 2736 ἐπράχθη
2440 2664 2604 2733 μήπω
2635 2663 2734 2731 τῆς
2778 2663 3093 2733 ὡρισμένης
3141 2659 3486 2732 προθεσμίας

215 2763 368 2832 παρᾶ
400 2763 494 2816 τοῦ
539 2764 936 2832 μητροπολίτου
957 2764 1386 2834 διαδραμούσης.
1465 2759 1725 2829 Ἐποίησε
1792 2757 1848 2810 δὲ
1901 2757 2016 2810 ἀντ’
2075 2755 2244 2810 αὐτοῦ
2303 2757 2394 2810 τὸν
2471 2758 2882 2808 Κωνσταντῖνον
2959 2753 3483 2824 παρακοιμώμενον.

219 2854 443 2908 Ἕκτισε
471 2855 528 2908 δὲ
565 2855 717 2924 αὐτῷ
753 2857 846 2909 καὶ
881 2858 1244 2925 μοναστήριον
1270 2858 1325 2909 ὲν
1350 2857 1469 2914 ταῖς
1533 2853 1820 2915 Νοσσιαῖς,
1848 2850 1934 2904 ἐπ’
1993 2850 2220 2918 ὀνόματι
2285 2849 2380 2902 τοῦ
2413 2849 2685 2919 Σωτῆρος,
2719 2848 2748 2900 ὃ
2809 2849 2903 2902 καὶ
2975 2849 3310 2901 ἐνεκαίνισεν
3369 2848 3487 2914 ἅμα

218 2947 480 3014 Εὑθυμίῳ
504 2946 583 3015 τῷ
621 2949 959 3020 πατριάρχῃ.
1011 2948 1323 3018 Ἀγαρηνῶν
1372 2948 1430 2999 δὲ
1471 2945 1798 3012 ἐξελθόντων
1827 2943 1966 3012 μετά
1992 2943 2194 2996 πλοίων
2227 2943 2582 3012 τριακοσίων,
2612 2937 2686 2996 ὧν
2759 2943 2945 3011 ήγείτο
3006 2941 3275 3010 Δαμιανός
3335 2956 3396 2992 τε
3459 2927 3488 2979 ἀ

219 3040 320 3108 τῆς
345 3041 522 3111 Τύρου
562 3041 783 3111 ἀμηρᾶς
804 3043 898 3094 καὶ
924 3042 1074 3096 Λέων
1099 3045 1126 3095 6
1161 3040 1514 3112 Τριπολίτης,
1550 3037 1780 3108 Ἱμέριος
1806 3036 2151 3107 ὁλογοθέτης
2215 3037 2493 3106 ναύαρχος
2555 3036 2635 3088 ὢν
2692 3036 2802 3090 τῶν
2863 3035 3148 3104 Ῥωμαίων
3199 3036 3342 3088 κατά
3395 3035 3486 3086 τὸν

231 3130 560 3200 Ὀκτώϐριον
596 3133 740 3201 μῆνα
803 3133 1103 3201 συνήντησε
1155 3135 1367 3194 τούτοις
1423 3134 1501 3193 είς
1554 3131 1756 3199 Σάμον,
1810 3125 1877 3199 ἦς
1901 3130 2232 3200 ἐστρατήγει
2265 3131 2546 3200 Ῥωμανὸς
2598 3133 2626 3182 6
2665 3131 3018 3200 Λακαπηνός.
3072 3130 3182 3183 Καὶ
3240 3131 3488 3197 συμπλα-

220 3228 337 3290 κεὶς
367 3230 482 3290 τοῖς
519 3228 633 3297 μετ’
655 3226 821 3281 αὑτοῦ
851 3228 1194 3297 ήττήθη,κα.λ⁹
1220 3228 1326 3282 τῶν
1355 3229 1445 3281 ὑπ’
1472 3228 1636 3282 αὐτὸν
1661 3225 1796 3281 νεών
1848 3226 2362 3291 διασκεδασθεισῶν,
2425 3226 2578 3296 μόλις
2630 3225 2792 3288 αὐτὸς
2879 3225 3109 3295 διεσώθη
3157 3226 3236 3287 εἰς
3319 3227 3485 3277 bitt-.-

218 3324 410 3392 λήνην.

290 3413 570 3484 Κοιλιακῷ
619 3415 675 3467 δὲ
717 3416 989 3485 νοσήματι
1038 3415 1266 3484 ληφθεὶς
1320 3417 1348 3467 6
1396 3415 1669 3484 βασιλεὺς,
1711 3414 1876 3480 καὶς,

221 3507 318 3559 ἐπὶ
365 3505 560 3573 χρόνον
632 3504 710 3572 τῷ
755 3507 984 3574 τοιούτῳ
1039 3506 1201 3558 πάθει
1261 3506 1658 3575 κατεργασθεὶς
1709 3507 1807 3559 καὶ

220 3595 302 3653 είς
334 3591 568 3661 ἐσχάτην
611 3592 913 3660 ἀδυναμίαν
982 3593 1282 3660 ἐληλακὼς,
1344 3595 1496 3665 μόλις
1559 3595 1802 3665 ἠδυνήθη

224 3683 282 3733 ἐν
331 3680 409 3748 τῷ
460 3681 558 3748 τῆς
601 3680 934 3750 ἐγκρατείας
967 3681 1144 3753 καιρῷ
1177 3683 1275 3752 τὴν
1330 3685 1537 3754 συνήθη
1570 3673 1805 3753 ποιήσα-

223 3772 351 3826 σθαι
409 3773 752 3843 δημηγορίαν
819 3773 954 3844 (58).
1024 3775 1498 3845 Συνηθροισμένης
1556 3777 1666 3844 γὰρ
1709 3778 1806 3845 τῆς

225 3865 533 3935 συγκλήτου
593 3865 850 3918 τοιούτων
915 3865 1116 3936 ἤρξατο
1160 3868 1297 3936 πρὸς
1359 3868 1559 3929 αὐτοὺς
1610 3867 1803 3935 λόγων·

229 3973 249 4004 ι
289 3954 366 4007 Τὸ
405 3955 506 4024 μὲν
550 3954 682 4023 ἐμὸν
716 3955 968 4025 σαρκίον,
1009 3949 1053 4009 ὦ
1103 3957 1268 4022 φίλοι,
1333 3957 1472 4026 νόσῳ
1524 3959 1807 4026 ἐκτρυχωο

224 4047 318 4098 θὲν
343 4047 677 4115 άπέρρευσε,
721 4048 816 4099 καὶ
853 4049 888 4115 ή
935 4047 1091 4118 ἰσχὺς
1120 4049 1450 4115 ἐπιλέλοιπε,
1504 4051 1601 4102 καὶ
1666 4053 1808 4120 τάχα

222 4137 409 4190 οὐκέτι
448 4137 570 4206 μεθ’
606 4137 762 4202 ὑμῶν
806 4136 1058 4206 βιοτεύω,
1099 4140 1222 4194 οὐδὲ
1275 4141 1668 4212 καταλήψομαι
1710 4143 1808 4212 τὴν

222 4226 320 4280 τοῦ
351 4227 621 4280 Δεσπότου
662 4227 899 4298 Χριστοῦ
945 4230 1285 4283 Ἀνάστασιν.
1321 4233 1470 4288 Μίαν
1503 4233 1686 4285 τοίνυν
1713 4236 1806 4286 καὶ

224 4322 546 4376 τελευταίαν
574 4323 720 4390 ὑμᾶς
749 4321 885 4374 αἰτῶ
916 4322 1073 4391 τήνδε
1099 4326 1197 4392 τήν
1233 4324 1418 4395 χάριν,
1480 4326 1805 4396 ἀπομνημο-

224 4410 415 4462 νεῦσαι
464 4411 530 4477 ἣν
561 4404 711 4477 εἶχον
750 4409 889 4479 πρὸς
937 4411 1082 4479 ὑμᾶς
1113 4413 1356 4483 χρηστὴν
1400 4413 1668 4481 διάθεσιν,
1713 4415 1808 4469 καὶ

222 4495 346 4547 ἀντὶ
397 4494 605 4564 ταύτης
656 4494 871 4547 εῦνοιαν
921 4499 986 4566 τῇ
1026 4499 1130 4567 ἐμῇ
1209 4501 1426 4571 συζύγῳ
1477 4504 1807 4575 διατηρῆσαι

225 4585 319 4638 καὶ
347 4584 425 4654 τῷ
453 4584 576 4655 υίῷ.
621 4603 639 4636 ι
701 4586 812 4639 Καὶ
846 4588 878 4655 ή
909 4588 1008 4656 μὲν
1041 4588 1134 4642 τοῦ
1169 4589 1433 4658 βασιλέως
1487 4593 1808 4664 δημηγορία

221 4674 474 4742 τοιαύτη,
509 4679 542 4744 ή
573 4675 634 4728 δὲ
681 4676 986 4746 σύγκλητος
1025 4678 1187 4750 βουλὴ
1241 4681 1510 4752 ὑπέσχετο
1565 4684 1799 4755 δακρυρο

223 4763 424 4833 ῥοοῦσα
451 4765 545 4815 καὶ
599 4765 718 4833 μετ’
747 4747 1077 4835 ὀλοφυρμῶν
1126 4747 1273 4844 λύπῃ
1480 4747 1802 4844 συνέχεσθαι
1836 4747 1880 4804 D

222 4850 650 4920 ἀπαραμυθήτῳ
675 4852 917 4905 τοιούτου
965 4861 1358 4932 στερισκομένη
1401 4863 1661 4917 δεσπότου
1711 4866 1804 4920 καὶ

227 4937 520 5005 βασιλέως,
579 4938 790 4994 εὖνοιαν
851 4942 910 4994 δὲ
947 4941 1297 5015 διατηρήσειν
1356 4951 1436 5014 εἷς
1462 4969 1521 5004 τε
1570 4955 1668 5023 τὴν
1716 4955 1804 5007 δέ-

225 5043 453 5082 σποιναν
487 5030 694 5083 καὶτὸν
726 5032 994 5104 ἡμέτερον
1031 5035 1298 5106 δεσπότην
1337 5042 1433 5093 καὶ
1465 5043 1693 5111 βασιλέα
1713 5047 1807 5100 καὶ

225 5118 349 5208 σὺν,
398 5120 533 5185 υἱὸν,
584 5121 754 5189 ὥστε,
800 5127 849 5178 εί
901 5126 1105 5198 δεήσει,
1175 5133 1436 5200 μυριάκις
1499 5135 1808 5208 ἔμπροσθεν

222 5207 410 5261 αὐτῶν
445 5209 766 5267 ἀποθανεῖν.
797 5214 983 5270 Ταῦτα
1009 5218 1294 5291 είποῦσαή
1359 5207 1658 5297 σύγκλητος
1713 5233 1806 5286 καὶ

223 5298 536 5394 τελευταῖον
590 5301 888 5394 ἀσπασμὸν
940 5308 1216 5365 ἀποδοῦσα
1263 5314 1342 5384 τῷ
1379 5315 1591 5385 βασιλεί
1629 5323 1805 5394 ἀπηλ-

221 5387 499 5487 λάγη,
532 5393 640 5464 μήν
677 5411 742 5464 γε
783 5395 878 5449 καὶ
919 5399 1082 5464 εὐθὺς
1121 5403 1151 5455 ὁ
1219 5404 1474 5474 βασιλεὺς
1520 5387 1804 5487 ἐτελεύτή-

224 5501 340 5552 σεν,
375 5485 515 5539 ἀλλά
547 5489 816 5545 διετέλεσε
875 5495 1301 5568 νοσηλευόμενος
1331 5504 1426 5556 καὶ
1482 5485 1802 5575 σφακελιζό-

1983 3411 2284 3480 Imperator
2310 3417 2515 3470 autem.
2564 3407 2791 3463 coeliaco
2820 3410 3008 3463 morbo
3058 3418 3362 3478 correptus,
3398 3425 3490 3464 e0-

1909 3521 2013 3575 que
2033 3504 2351 3573 aliquandiu
2383 3500 2670 3557 confectus
2695 3509 2748 3555 et
2809 3503 2862 3554 in
2916 3517 3186 3556 summam
3234 3502 3491 3557 redactus

1911 3596 2370 3657 invaletudinem,
2404 3594 2493 3646 vix
2558 3595 2731 3662 potuit
2772 3594 3072 3646 orationem
3112 3593 3310 3663 jejunii
3349 3602 3492 3648 tem-

1910 3703 2042 3758 pore
2071 3702 2170 3757 pro
2201 3702 2353 3740 more
2377 3687 2600 3740 habere.
2631 3685 2820 3756 Itaque
2849 3687 3115 3742 advocato
3146 3695 3258 3740 tum
3293 3696 3488 3742 senatu

1910 3782 1991 3837 sic
2039 3780 2157 3834 infit
2192 3798 2205 3834 :
2243 3799 2262 3831 ι
2301 3779 2441 3834 Caro
2491 3793 2626 3844 mea,
2688 3778 2873 3840 amici,
2921 3780 3111 3833 morbo
3168 3791 3492 3851 consumpta

1909 3872 2139 3928 difﬂuxit
2172 3872 2420 3937 viresque
2444 3869 2786 3933 defecerunt,
2837 3885 2901 3922 ac
2933 3869 3181 3926 fortassis
3207 3872 3489 3928 vobiscum

1910 3964 2146 4033 amplius
2171 3979 2277 4015 non
2315 3963 2514 4026 vivam,
2546 3978 2721 4032 neque
2783 3964 2848 4017 ad
2887 3962 3087 4018 festum
3112 3964 3495 4020 Resurrectio-

1910 4054 1997 4107 nis
2053 4052 2260 4106 Christi
2311 4053 2455 4106 diem
2514 4054 2678 4107 vitam
2728 4055 3045 4124 perducam.
3109 4055 3258 4112 Hanc
3311 4059 3494 4128 itaque

1913 4161 2076 4200 unam
2104 4159 2167 4199 ac
2199 4153 2533 4216 postremam
2572 4161 2602 4198 a
2634 4147 2791 4203 vobis
2845 4147 3075 4218 gratiam
3109 4148 3329 4218 postulo
3357 4151 3492 4204 mihi

1911 4236 2030 4289 dari
2067 4251 2081 4288 :
2109 4235 2498 4290 Recordamini
2534 4252 2698 4304 quam
2731 4252 2819 4293 me
2847 4239 3002 4295 vobis
3032 4241 3326 4311 benignum
3358 4256 3496 4308 pra:-

1909 4325 2145 4388 buerim,
2171 4335 2337 4395 atque
2369 4327 2490 4381 ideo
2526 4343 2754 4384 uxorem
2780 4329 3063 4399 liliumque
3114 4331 3272 4386 vobis
3335 4347 3490 4387 cum-

1913 4418 2234 4470 mendatum
2289 4418 2569 4476 habetote.
2612 4439 2630 4472 ι
2689 4419 2922 4477 Senatus
2980 4437 3103 4476 cum
3156 4423 3283 4478 lletu
3329 4433 3493 4495 atque

1912 4507 2121 4577 ejulatu
2173 4508 2416 4564 ostendit
2464 4526 2525 4567 se
2581 4511 2798 4581 jactura
2845 4512 3012 4582 hujus
3061 4497 3268 4570 domini
3327 4525 3492 4585 atque

1911 4600 2262 4669 imperatoris
2319 4603 2693 4657 incredibilem
2735 4605 3022 4673 percipere
3055 4606 3300 4662 dolorem
3329 4625 3343 4671 ;
3378 4609 3491 4661 Au-

1910 4702 2084 4761 gustae
2115 4701 2297 4749 autem
2329 4703 2383 4750 et
2406 4695 2520 4749 lilio
2549 4697 2864 4766 imperatori
2914 4700 3130 4772 1074
3154 4702 3228 4755 ita
3261 4717 3321 4757 se
3355 4702 3490 4757 lide-

1910 4783 1991 4838 les
2018 4782 2136 4839 fore
2161 4793 2220 4838 ut
2256 4786 2338 4840 vel
2372 4787 2572 4842 millies
2609 4802 2709 4856 pro
2759 4805 2823 4844 eo
2855 4790 2986 4854 sint,
3035 4793 3108 4846 ita
3161 4793 3324 4849 rebus
3365 4809 3492 4864 pos-

1905 4873 2179 4939 centibus,
2233 4885 2462 4929 mortem
2520 4878 2856 4947 oppetituri;
2916 4882 3100 4950 itaque
3161 4883 3490 4952 imperatore

1905 4976 2207 5021 extremum
2264 4969 2623 5023 consalutato
2685 4971 3078 5027 discesserunt.
3141 4974 3250 5028 Leo
3306 4985 3487 5033 tamen

1905 5058 2094 5124 vitam,
2121 5058 2315 5114 morbo
2352 5059 2568 5115 interim
2601 5061 2800 5116 misere
2822 5064 3192 5132 conﬂictatus,
3225 5083 3397 5137 usque
3419 5071 3484 5122 ad

1909 5147 1971 5202 Η
2010 5147 2137 5203 Maii
2172 5151 2315 5205 diem
2368 5153 2648 5222 produxit.
2708 5152 2947 5211 Moriens
2985 5157 3271 5227 imperium
3331 5161 3485 5216 fratri

1912 5254 2014 5295 suo
2053 5239 2369 5295 Alexandro
2401 5243 2646 5312 reliquit.
2683 5241 2855 5309 Quem
2909 5254 3249 5315 postremum
3309 5253 3375 5305 ad
3428 5266 3489 5308 se

1910 5333 2219 5388 venientem
2252 5334 2444 5389 videns
2464 5335 2639 5390 fertur
2656 5337 2864 5392 dixisse
2891 5353 2903 5388 :
2931 5356 2948 5389 ι
2969 5339 3044 5392 Ειι
3066 5342 3241 5396 malus
3274 5351 3486 5412 tempo-

1909 5423 1987 5478 ris
2021 5421 2288 5479 articulus
2336 5435 2460 5494 post
2513 5427 2774 5483 tredecim
2833 5445 3074 5486 menses.
3123 5453 3142 5485 ι
3222 5433 3482 5490 Eumdem

1910 5513 2098 5569 multis
2132 5515 2384 5573 hortatus
2409 5527 2491 5574 est
2548 5511 2608 5574 ui
2663 5521 3082 5578 Constantinum
3137 5526 3373 5584 educare
3420 5545 3484 5583 ac

1379 5617 1732 5678 XYLANDRI
1764 5625 1852 5682 ET
1887 5628 2098 5685 GOARI
2132 5631 2361 5691 ΝΟΤΔι.

258 5765 270 5783 2
436 5695 660 5762 Charta,
686 5703 957 5783 scltﬁdula,
983 5710 1218 5765 maxime
1244 5726 1308 5766 ex
1339 5715 1480 5783 pelle
1510 5716 1795 5776 chartaeea

225 5769 346 5820 sive
381 5781 728 5834 pergameno.
769 5769 942 5828 Gesn.

295 5833 412 5903 (38)
449 5833 617 5900 Quam
654 5837 712 5894 L.
736 5839 908 5898 Verus
936 5848 1078 5914 apud
1122 5848 1510 5926 Het‘odianum,
1547 5857 1792 5919 Julianus

473 5927 742 5995 ΡΑτιιοι..
783 5939 896 6002 Gn.
931 5944 1156 6011 CXXI.

1905 5727 2049 5805 apud
2095 5727 2516 5805 Marcellimtm,
2576 5731 2830 5790 Tiberius
2894 5736 3035 5805 apud
3094 5736 3481 5802 Simorattam,

1904 5797 2066 5881 apud
2087 5801 2246 5881 alios“
2273 5801 2362 5853 alii
2395 5802 2756 5872 imperatores
2780 5797 3187 5878 letbo‘proximi
3225 5797 3483 5881 leguntur

1904 5865 2179 5926 habuisse.
2209 5868 2376 5926 Goan.

3075 5971 3144 6036 37
