4138 6194
1487 392 1660 437 ANNO
1708 392 1939 437 DOMINI
1989 391 2370 437 DCCCLXVIII.

793 549 3083 777 RA‘TRAMNUS

1341 867 1953 936 CORBEIENSIS
2002 870 2527 938 MONACIIUS.

936 1145 1375 1219 NOTITIA
1434 1145 2023 1221 HISTORICA
2084 1149 2189 1221 IN
2250 1150 2957 1225 RATRAMNUM.

1210 1292 1475 1361 (Fabric.,
1508 1292 1773 1349 Biblioth.
1809 1294 1960 1349 med.
1996 1298 2053 1348 et
2080 1294 2184 1350 inf.
2218 1296 2360 1364 Lat.,
2392 1300 2532 1352 tom.
2566 1298 2677 1367 II.)

256 1510 565 1561 Bertramus
602 1502 1040 1578 in_ed_itionibus
1097 1502 1867 1578 SigebertiAGemblacensis,
1909 1510 1953 1562 A
1986 1507 2319 1576 praefatione
2367 1508 2569 1561 Leonis
2626 1509 2813 1573 Judaa,
2880 1510 3179 1578 iutepretis

194 1594 304 1647 cap.
336 1581 426 1637 95,
460 1582 515 1629 et
549 1574 1269 1647 apudA'I‘rithemiumcap.
1300 1576 1445 1647 274,
1468 1576 1545 1647 de
1592 1576 1646 1629 S.
1695 1576 1779 1641 E.,
1814 1583 1870 1629 et

195 1645 282 1701 lib.
314 1664 373 1712 II,
410 1663 535 1716 cap.
567 1645 656 1711 48,
690 1645 757 1698 de
782 1645 1098 1698 illustribus
1130 1646 1529 1713 Benedictinis,
1560 1646 1819 1716 aliosque
1853 1663 1867 1699 :

194 1722 355 1771 etiam
388 1721 448 1770 in
484 1717 683 1786 primis
724 1716 1074 1769 editionibus
1122 1716 1254 1769 libri
1303 1718 1371 1769 de
1433 1717 1602 1770 Coena
1645 1718 1871 1770 Domini

198 1792 498 1843 Berlramus
533 1804 546 1840 :
575 1787 670 1841 sed
701 1786 853 1839 idem
885 1787 1093 1839 rectius
1123 1789 1451 1841 Ratramnus
1474 1788 1869 1855 appellandus,

195 1877 299 1929 quo
352 1859 587 1912 nomine
640 1858 791 1909 venit
843 1856 1408 1929 apud_Anonymum
1462 1856 1873 1929 Cellotianum;

198 1926 586 1991 Flodoardum,
656 1945 739 1995 Ill,
800 1926 891 1993 15,
960 1926 1345 1993 Hiucmarum,
1381 1928 1448 1981 de
1498 1928 1874 1981 Prasdestiua-

196 2001 366 2067 tione,
399 2016 520 2068 cap.
556 2002 605 2063 5,
646 2004 791 2051 tom.
831 2000 871 2057 I.
905 2013 1032 2068 pag.
1068 2001 1153 2061 26,
1190 2004 1247 2051 et
1267 2003 1461 2051 contra
1493 2000 1874 2053 Gottheschal-

196 2087 336 2135 cum,
398 2087 527 2140 pag.
584 2071 706 2129 413,
772 2070 899 2135 438,
958 2070 1091 2133 45ος
1148 2069 1367 2137 Lupum
1427 2070 1870 2135 Ferrariensem,

198 2144 350 2211 epist.
386 2144 485 2206 79;
535 2143 904 2209 Anonymum
950 2140 1375 2211 Mellicensem,
1404 2156 1547 2211 cap,
1575 2141 1673 2203 li6;
1729 2145 1786 2193 et
1814 2140 1874 2194 in

197 2210 469 2281 Sigeberti
510 2211 793 2265 codicibus
826 2226 959 2281 mss.
993 2210 1381 2264 Gemblacensi
1429 2216 1485 2264 et
1532 2210 1701 2263 Vallis
1730 2210 1873 2263 Viri-

199 2279 293 2347 dis,
324 2298 431 2335 nec
458 2298 577 2334 non
619 2281 677 2333 in
727 2279 1024 2351 Codicibus
1072 2280 1347 2333 librorum
1400 2297 1545 2351 quos
1574 2284 1693 2351 ipse
1725 2297 1876 2335 com-

198 2353 395 2421 posuit,
422 2353 552 2406 aliis
583 2358 752 2420 atque
784 2350 1151 2405 editionibus.
1201 2350 1537 2405 Monachum
1567 2350 1873 2406 Corbeien-

197 2440 303 2476 sem
371 2424 595 2477 ordinis
658 2422 1008 2475 Benedictini
1069 2421 1264 2487 fuisse,
1333 2423 1641 2476 Hincmaro
1708 2428 1872 2488 teste,

194 2494 454 2547 convenit
494 2510 507 2547 :
533 2494 763 2572 Gallum
795 2494 1047 2572 natione,
1083 2492 1330 2572 suspicio
1350 2499 1466 2572 est,
1502 2510 1603 2572 nec
1633 2494 1875 2572 dubium

196 2572 270 2618 est
299 2565 673 2634 praepositum
701 2564 941 2634 gessisse
980 2563 1223 2634 coenobii
1270 2563 1605 2617 Orbacensis
1650 2564 1709 2617 in
1739 2564 1875 2618 dim-

194 2633 311 2687 cesi’
350 2635 550 2689 Galliae
606 2633 1020 2687 Suessionensi.
1078 2634 1271 2686 Jussus
1330 2650 1360 2686 a
1425 2634 1624 2687 Carolo
1683 2636 1871 2701 Calvo,

194 2706 375 2759 Galliae
403 2706 480 2758 ab
510 2720 659 2757 anno
693 2706 797 2758 840
818 2720 970 2772 rege,
997 2709 1052 2756 et
1076 2704 1147 2757 ab
1167 2720 1318 2757 anno
1348 2707 1471 2769 875,
1491 2707 1558 2758 25
1585 2706 1870 2772 Decemb.,

192 2777 251 2830 ad
281 2780 403 2835 877,
440 2779 471 2829 6
518 2776 767 2836 Octobr.,
798 2775 1167 2844 imperatore,
1220 2775 1288 2828 de
1335 2775 1623 2844 Sanguine
1654 2784 1708 2829 et
1737 2778 1872 2830 Cor-

3240 1510 3318 1578 (d)
3370 1510 3684 1564 Germanice

1981 1579 2181 1631 eodem
2212 1595 2300 1631 an.
2338 1581 2493 1649 1532,
2524 1580 2737 1649 Tiguri.
2792 1580 3008 1633 Deinde
3067 1580 3265 1633 Latine
3326 1580 3537 1633 iterum
3578 1580 3682 1633 Ge-

1982 1665 2161 1713 nevaz,
2196 1650 2351 1713 1541,
2385 1647 2462 1711 8°,
2496 1654 2552 1702 et
2582 1647 2641 1702 in
2674 1650 3169 1719 Microbresbytico
3202 1666 3292 1702 an.
3332 1653 3488 1715 1550,
3509 1656 3683 1719 atque

1982 1720 2543 1788 Orthodoxographis
2590 1720 2801 1789 prioris
2848 1722 2991 1775 edit.
3054 1737 3147 1774 an.
3218 1724 3385 1786 1555,
3442 1728 3497 1773 et
3550 1737 3682 1774 cum

1982 1790 2279 1843 Paschasio
2306 1791 2577 1844 Ratberto
2610 1790 2881 1856 Coloniae,
2921 1794 3075 1856 1551,
3109 1794 3189 1855 8°,
3218 1797 3274 1843 et
3304 1794 3363 1843 in
3406 1791 3677 1844 Guilelmi

1985 1860 2297 1931 Feuguerci
2332 1861 2630 1929 Opusculis
2681 1862 2941 1929 Lugduni
2992 1864 3352 1927 Batavorum,
3404 1863 3560 1926 1579,
3594 1864 3673 1927 8ο,

1984 1936 2039 1983 et
2066 1931 2124 1983 in
2155 1932 2422 2000 Catalogo
2452 1932 2682 1985 testium
2723 1932 2988 1985 Veritatis
3021 1932 3158 1985 edit.
3191 1931 3330 1985 Sim.
3378 1931 3679 1998 Goulartii,

1984 2002 2242 2068 Genevas,
2279 2004 2433 2068 1608,
2470 2002 2590 2063 fol.,
2633 2008 2690 2054 et
2720 2018 2849 2055 cum
2888 2002 3036 2055 notis
3078 2002 3307 2055 Joannis
3362 2002 3677 2071 Lampadii,

1984 2073 2221 2138 Bremae,
2260 2073 2412 2138 1614,
2438 2075 2517 2126 8°.
2556 2073 2715 2138 Hinc,
2738 2078 2797 2126 ut
2822 2072 2959 2125 alias
2987 2072 3271 2126 editiones
3296 2072 3679 2125 Hendreichio

1984 2159 2114 2213 pag.
2150 2145 2250 2197 543
2283 2148 2506 2196 notatas
2535 2148 2895 2212 praeteream,
2947 2150 3074 2213 post
3121 2143 3359 2196 Gallicas
3390 2142 3680 2213 versiones

1983 2212 2081 2265 an.
2126 2216 2279 2277 1550,
2344 2216 2688 2277 1558,1560,
2749 2216 2901 2278 1619,
2966 2215 3100 2267 1653
3151 2213 3324 2266 etiam
3372 2212 3567 2267 Latine
3626 2217 3683 2266 et

1985 2284 2211 2350 Gallice,
2246 2286 2410 2337 Petro
2445 2284 2649 2337 Allixio
2700 2284 3033 2353 interprete,
3090 2284 3318 2337 Parisiis
3377 2299 3469 2335 an.
3520 2286 3678 2349 1672,

1983 2355 2062 2419 4ο,
2086 2358 2142 2408 et
2185 2370 2252 2408 ex
2310 2355 2501 2408 Jacobi
2563 2355 2793 2408 Boilavii
2827 2356 2885 2423 (θ)
2937 2356 3198 2408 versione
3252 2355 3485 2419 Gallica,
3547 2370 3677 2408 cum

1983 2425 2323 2495 praefatione
2370 2430 2427 2479 et
2454 2430 2625 2489 notis,
2686 2426 2931 2486 Parisiis,
2994 2428 3292 2491 1686,120,
3362 2431 3418 2477 et
3480 2425 3676 2478 Latine

1984 2494 2116 2549 cum
2163 2496 2423 2549 vindiciis
2474 2496 2745 2550 adversus
2796 2497 3077 2550 Joannem
3135 2494 3493 2549 Harduinum
3553 2496 3679 2564 (qui

1986 2568 2361 2621 Ratramnum
2418 2566 2702 2620 haereticis
2776 2566 2846 2635 (Γ)
2906 2568 3265 2635 ascripserat)
3335 2568 3485 2632 1712,
3564 2568 3678 2633 12ο,

1986 2638 2060 2705 (g)
2129 2637 2239 2690 Nec
2307 2638 2497 2690 minus
2540 2642 2671 2707 post
2719 2637 3008 2690 versiones
3061 2638 3323 2703 Belgicus,
3400 2636 3669 2690 Roterod.

1991 2708 2146 2774 1610,
2207 2708 2497 2777 Ultraject.
2542 2706 2723 2772 71620;
2784 2712 2955 2777 atque
3009 2709 3269 2775 Anglicas
3319 2706 3415 2777 (ἡ)
3448 2711 3503 2759 et
3546 2722 3676 2777 cum

1986 2779 2246 2832 versione
2296 2776 2533 2845 Anglica
2592 2776 2893 2832 clarissimi
2949 2778 3216 2832 Guilelmi
3281 2776 3580 2846 Hopkinsii
3619 2778 3679 2844 (ι)

193 2861 315 2916 pore
342 2846 560 2902 Christi
586 2845 977 2916 quidisentiat
1005 2845 1346 2914 signiﬁcare,
1400 2846 1626 2915 scripsit
1701 2847 1873 2900 notis-
1911 2845 1951 2899 Β
1982 2849 2243 2902 canonici
2292 2849 2769 2914 Worcestriensis,
2821 2849 3085 2915 Londini,
3140 2851 3297 2912 1686,
3360 2845 3469 2912 12°,
3520 2848 3675 2912 1688,

194 2915 389 2970 simum
426 2916 595 2969 illum
626 2915 879 2969 libellum
904 2916 967 2968 de
997 2916 1236 2984 Corpore
1256 2921 1305 2969 et
1334 2917 1608 2983 Sanguine
1633 2918 1870 2981 Domini,

193 2988 241 3039 in
276 3004 387 3058 quo
423 2987 526 3041 diu
556 2990 686 3039 ante
721 2985 1469 3058 Berengarinm,Paschasii
1492 2987 1761 3041 Radberti
1797 2988 1873 3057 (ιι)

193 3056 525 3111 sententiam
560 3061 617 3109 et
645 3056 1300 3129 transsubstantiationis
1329 3058 1554 3129 dogma
1578 3060 1876 3129 perspicue

194 3130 406 3195 refellit,
451 3127 919 3197 argumentisque
952 3143 982 3180 e
1026 3143 1183 3180 sacra
1222 3128 1515 3196 Scriptura
1559 3134 1615 3181 et
1651 3146 1685 3182 a
1713 3127 1877 3181 Vsanze

192 3201 418 3252 rationis
454 3198 650 3268 petitis
677 3197 895 3267 judicio
927 3197 1256 3251 testimonia
1283 3199 1546 3268 adjungit
1577 3199 1877 3252 doctorum

196 3215 418 3252 rationis
497 3215 650 3251 enus
677 3215 895 3267 judicio
927 3215 1256 3251 testimonia
1283 3215 1546 3268 adjungit
1577 3215 1874 3252 doctorum

196 3270 397 3323 Latinae
444 3215 756 3322 Ecclesiae:
811 3268 1219 3337 (b)Ambrosii,
1280 3268 1606 3339 Augustini,
1678 3269 1874 3323 Hiero-

195 3341 360 3409 nymi,
409 3340 636 3404 Isidori,
678 3338 989 3409 Fulgentii,
1038 3343 1092 3392 et
1139 3355 1267 3409 qua:
1311 3355 1381 3392 ex
1426 3340 1877 3392 Sacramentario

194 3408 439 3477 Gregorii
461 3412 653 3475 Magni
671 3408 817 3462 inter
845 3408 1287 3463 celebrationem
1317 3410 1373 3464 S.
1406 3409 1592 3464 Casum
1619 3410 1731 3464 dici
1751 3427 1881 3463 con-

194 3488 516 3534 sueverunt.
546 3479 842 3534 Ratramni
874 3496 1083 3533 nomen
1111 3480 1276 3533 initio
1310 3486 1366 3534 et
1392 3482 1506 3533 ﬁne
1540 3482 1668 3535 libri
1697 3498 1878 3534 anno-

192 3557 368 3606 tatum
414 3550 776 3606 Mabillonius
830 3550 899 3617 (c)
938 3550 1150 3604 fatetur
1202 3568 1260 3604 se
1319 3552 1597 3619 reperisse
1656 3553 1716 3603 in
1772 3568 1875 3605 ms.

194 3623 453 3677 Lobiensi
483 3636 770 3675 annorum
828 3623 950 3674 800.
1006 3621 1196 3674 Exstat
1262 3623 1433 3674 etiam
1488 3623 1547 3675 in
1602 3623 1713 3675 alio
1763 3638 1879 3675 non

192 3695 378 3747 minus
409 3692 758 3762 perantiquo
790 3690 1309 3755 Salmansweilano,
1341 3698 1397 3745 et
1446 3697 1755 3762 antequam
1787 3708 1877 3746 an.

196 3767 323 3818 1532
356 3762 645 3826 ederetur,
690 3764 1059 3815 Batramnum
1098 3762 1155 3814 in
1201 3762 1535 3831 praefatione
1586 3765 1656 3817 ad
1705 3763 1882 3817 libros

192 3836 252 3887 de
313 3836 567 3887 Veritate
627 3832 895 3901 Corporis
954 3839 1011 3886 et
1063 3833 1368 3901 Sanguinis
1417 3834 1626 3887 Christi
1684 3841 1883 3888 contra

192 3904 719 3974 (licolampadium,
753 3904 947 3957 Colon.
990 3905 1141 3968 1527,
1172 3904 1423 3956 laudavit
1446 3906 1598 3957 inter
1639 3906 1881 3974 scripto-

191 3992 272 4028 res
302 3975 621 4028 catholicos
648 3974 715 4026 de
746 3974 843 4026 illo
874 3977 1215 4043 argumento
1263 3975 1513 4027 Joannes
1563 3974 1879 4040 Fischerus,

192 4047 494 4115 episcopus
530 4044 823 4097 Roﬂ'ensis.
860 4044 1077 4096 Prodiit
1108 4044 1356 4113 primum
1410 4044 1663 4098 Colonia:
1725 4048 1879 4109 1532,

190 4119 263 4182 8°,
294 4114 454 4186 apud
485 4117 765 4169 Joannem
792 4115 969 4186 Prae],
1000 4115 1106 4167 sub
1134 4114 1307 4186 titulo
1334 4130 1347 4167 :
1384 4136 1411 4163 ι(
1438 4116 1881 4186 Bertramipres-

1984 2922 2064 2985 8°,
2098 2936 2227 2972 cum
2255 2919 2487 2973 eruditis
2518 2920 2587 2973 de
2631 2920 2941 2974 Ratramno
2990 2925 3045 2973 et
3089 2919 3211 2989 ejus
3260 2918 3539 2981 doctrina,
3573 2918 3679 2971 ad-

1986 3007 2180 3043 versus
2212 2991 2527 3043 Boilavium
2559 2990 2813 3060 aliosque
2852 2992 3124 3045 Romamn
3172 2989 3433 3043 Ecclesiae
3482 2990 3677 3042 docto-

1984 3076 2098 3126 res,
2121 3061 2638 3114 dissertationibus.
2666 3059 2850 3130 Atque
2881 3077 2943 3114 ex
2976 3062 3080 3114 hac
3128 3061 3365 3129 Anglica
3406 3059 3679 3130 editione,

1985 3130 2298 3199 praemissis
2329 3131 2500 3182 etiam
2539 3131 2656 3182 illis
2698 3129 3193 3183 dissertationibus
3248 3129 3457 3184 Gallice
3488 3129 3686 3199 versis,

1986 3198 2215 3253 libellus
2268 3199 2563 3253 Ratramni
2620 3200 2813 3252 Latine
2862 3205 2917 3252 et
2968 3200 3191 3263 Gallice,
3252 3198 3687 3261 Amstelodami,

1989 3273 2146 3334 1717,
2196 3272 2271 3324 8ο.
2333 3271 2669 3339 Quanquam
2714 3285 2844 3322 vero
2888 3272 3130 3323 Joannes
3175 3269 3369 3323 Scotus
3433 3282 3689 3337 quoque,

1987 3342 2242 3410 ejusdem
2288 3341 2473 3395 Caroli
2520 3341 2673 3395 Calvi
2708 3341 2870 3410 jussu
2911 3341 2971 3394 in
3020 3340 3282 3393 eamdem
3349 3339 3692 3410 sententiam

1989 3408 2197 3465 librum
2225 3413 2293 3465 de
2324 3413 2574 3481 Corpore
2605 3418 2661 3465 et
2687 3408 2980 3482 Sanguine
3011 3412 3053 3464 D
3074 3410 3255 3465 omini
3284 3409 3527 3482 scripsit,
3542 3408 3693 3482 mire

1986 3483 2295 3552 probatum
2327 3480 2670 3553 Berengario
2714 3498 2726 3535 :
2766 3480 2865 3552 qui
2895 3482 3045 3536 inter
3095 3486 3316 3553 sanctos
3345 3480 3407 3534 in
3455 3480 3695 3553 quibus-

1988 3550 2118 3607 dam
2176 3550 2588 3623 Martyrologiis
2662 3569 2735 3605 1v.
2782 3550 2930 3606 Idus
2990 3552 3292 3623 Novembr.
3346 3550 3687 3623 ascribitur:

1988 3627 2181 3677 tamen
2213 3621 2579 3676 verisimilius
2631 3628 2737 3690 est,
2789 3639 2917 3676 cum
2971 3622 3350 3692 Berengarius
3397 3621 3559 3673 illum
3604 3636 3695 3673 co-

1991 3700 2147 3748 actus
2176 3694 2376 3747 fuisset
2406 3694 2465 3746 in
2505 3694 2753 3747 concilio
2788 3694 3127 3746 Vercellensi
3158 3709 3251 3746 an.
3286 3694 3442 3754 1050,
3466 3693 3695 3744 damna—

1990 3770 2134 3829 tum,
2166 3765 2502 3817 comburere
2534 3764 2594 3817 in
2626 3764 2875 3817 concilio
2911 3766 3169 3818 Romano
3201 3779 3292 3816 an.
3334 3765 3489 3827 1059,
3523 3762 3699 3814 inter-

1991 3836 2194 3888 cidisse
2225 3836 2439 3904 potius,
2461 3850 2642 3904 quam
2665 3839 2863 3887 contra
2888 3834 3060 3887 ﬁdem
3080 3840 3166 3887 tot
3192 3834 3474 3895 codicum,
3501 3838 3701 3904 contra

1992 3902 2380 3959 diversitatem
2429 3902 2584 3974 genii
2647 3904 2962 3970 scribendi,
3027 3904 3125 3974 qui
3173 3904 3233 3956 in
3291 3904 3444 3957 Scoti
3476 3902 3701 3974 scriptis

1992 3973 2465 4046 deprehenditur,
2500 3980 2555 4029 et
2586 3978 2791 4046 contra
2828 3975 2967 4029 alias
2997 3973 3251 4027 rationes
3284 3990 3315 4026 a
3354 3974 3491 4046 viris
3521 3973 3702 4026 doctis

1992 4044 2209 4106 allatas.
2283 4047 2591 4099 Ratramno
2655 4045 2811 4112 huic,
2901 4046 3112 4099 librum
3175 4060 3349 4115 quem
3400 4044 3698 4115 habemus,

1992 4117 2160 4186 eripi,
2185 4117 2469 4187 Scotoque
2498 4116 2561 4186 (j)
2602 4115 2779 4169 tribui
2816 4116 3063 4187 debere,
3105 4114 3344 4187 Scriptis
3402 4114 3702 4187 prohibitis

190 4184 391 4257 byteri,
427 4187 501 4239 ad
531 4186 795 4239 Carolum
822 4185 1087 4254 Magnum
1129 4184 1553 4254 imperatorem,
1601 4206 1628 4235 ι)
1665 4184 1883 4239 etcum
1924 4184 1966 4238 C
1997 4184 2296 4241 accensent
2326 4184 2895 4251 IndicesRomanus,
2938 4186 3330 4250 Tridentinus,
3368 4184 3705 4255 Hispanicus

256 4293 330 4363 (α)
398 4294 577 4347 Vetus
633 4290 872 4363 scriptor
925 4294 1258 4362 Anonymus
1312 4291 1384 4345 de
1435 4292 1788 4346 Eucharistia
1854 4309 1887 4347 a

194 4362 476 4419 LudOvico
529 4362 765 4417 Cellotio
813 4362 868 4417 S.
908 4364 954 4417 J.
995 4363 1190 4417 editus-
1226 4378 1357 4416 cum
1402 4364 1551 4416 notis
1595 4380 1688 4417 an.
1730 4366 1883 4417 1655.

194 4434 579 4501 Mabillonius,
631 4449 759 4487 saec.
820 4449 893 4498 IV,
958 4433 1332 4504 Benedictin..
1382 4438 1543 4503 parte
1602 4451 1661 4501 ιι,
1717 4435 1882 4504 praef.

193 4522 243 4575 p.
284 4508 373 4573 45,
407 4520 576 4559 num.
613 4506 700 4570 83,
734 4506 788 4556 et
821 4519 951 4575 pag.
1004 4506 1071 4557 80
1105 4503 1332 4575 Itineris
1387 4503 1730 4559 Germanici.
1780 4506 1884 4558 Co-

197 4522 243 4575 p.
284 4520 373 4573 45,
407 4520 576 4559 num.
613 4520 700 4570 8.5,
734 4520 788 4556 et
821 4520 951 4628 pag.
1004 4520 1071 4557 δυ
1105 4520 1332 4557 itineris
1387 4520 1727 4559 Germanici.
1780 4520 1884 4558 uo-

197 4579 383 4701 lotmes.
420 4590 559 4647 pag.
594 4577 698 4629 668
729 4590 847 4644 seq.
939 4590 1165 4645 perum,
1217 4574 1315 4628 ubi
1363 4579 1416 4628 et
1448 4576 1516 4629 de
1573 4575 1700 4629 aliis
1731 4575 1885 4629 codi-

197 4663 237 4700 ci
278 4663 345 4701 us
377 4663 522 4701 mss.

194 4663 345 4701 CIDllS
377 4663 522 4701 mss.

259 4718 334 4789 (ὁ)
362 4718 509 4772 Inde
538 4717 786 4789 Joannes
816 4715 1543 4789 Lampadius_Bertramum
1602 4716 1890 4787 inscripsit

194 4786 539 4843 consensum
575 4786 835 4839 Ecclesiae
864 4787 931 4839 de
952 4787 1139 4840 verbis
1161 4786 1216 4840 S.
1255 4787 1458 4841 Crenas.

257 4860 323 4928 (ο)
372 4859 625 4913 Iacobus
660 4858 912 4925 Basnage
967 4857 1034 4928 in
1060 4856 1309 4911 Historia
1365 4856 1753 4911 Ecclesiastica
1795 4857 1890 4911 do-

194 4927 459 4998 gmatica,
494 4944 670 4997 quam
705 4927 911 4999 Gallice
952 4927 1150 4999 edidit,
1184 4943 1295 4990 xvi,
1350 4932 1404 4994 7,
1463 4933 1619 4981 tomo
1652 4928 1719 4993 II,
1752 4943 1886 4999 pag.

195 5002 319 5067 933;
372 5005 429 5053 et
488 4998 861 5069 cancellarius
916 4998 1261 5067 Tubingens.
1320 4999 1388 5053 D.
1451 4998 1891 5069 Christophorus

194 5070 495 5125 Mattheeus
525 5067 757 5121 Pfaffius
784 5068 853 5121 de
883 5069 937 5123 S.
989 5068 1340 5122 Eucharistia
1370 5069 1639 5123 adversus
1677 5067 1889 5123 *Ludo-

196 5142 373 5195 vicum
415 5139 757 5209 Rogcrium,
798 5155 928 5210 pag.
960 5142 1021 5192 27
1060 5156 1180 5210 seq.

258 5212 335 5281 (d)
377 5210 681 5266 Abraham
713 5209 951 5277 Ruchat,
979 5209 1249 5263 tomCIV.
1300 5212 1445 5264 Hist.
1503 5209 1569 5265 de
1610 5212 1663 5264 la
1692 5212 1892 5275 Refor-

195 5286 394 5336 mation
424 5282 495 5336 de
528 5282 585 5335 la
617 5281 818 5347 Suisse,
862 5296 989 5350 pag.
1022 5284 1149 5334 207.

258 5356 320 5421 (e)
350 5355 439 5406 Du
476 5352 772 5417 Pin,tom.
813 5352 943 5416 XIX,
995 5350 1263 5405 Biblioth.
1326 5351 1558 5416 Eccles.,
1610 5368 1740 5422 pag.
1794 5354 1889 5416 68;

196 5426 325 5544 iecttp
354 5422 758 5544 Erudiitggum,
789 5437 881 5475 an.
930 5424 1089 5490 1687,
1116 5438 1247 5492 pag.
1309 5423 1399 5476 43.
1461 5424 1703 5477 Nouvell.
1758 5424 1888 5491 Rep.

307 5511 384 5544 r--
420 5510 485 5544 ῐ).
643 5533 654 5544 .

199 5496 385 5562 Lettr.,
420 5510 485 5563 p.
536 5496 654 5546 125.

565 5581 841 5646 PATROL.
892 5581 1097 5647 CXXI.

248 5772 520 5984 D3)“

2068 4291 2133 4362 (f)
2162 4293 2226 4346 In
2286 4291 2693 4347 Dissertatione
2750 4292 2821 4346 de
2866 4291 3241 4346 Sacramento
3284 4289 3502 4356 altaris,
3557 4304 3689 4360 pag.

2002 4366 2263 4418 165.193.

2092 4406 2406 4502 ᾖίᾶὄίινηαὶ
2429 4433 2522 4487 des
2553 4433 2737 4488 Savan
2761 4437 2830 4498 is,
2864 4448 2953 4485 an.
2979 4433 3133 4497 1712,
3162 4446 3220 4500 p.
3254 4431 3377 4502 646.

2092 4452 2123 4502 g
2171 4436 2406 4488 Journal
2429 4436 2522 4487 des
2553 4436 2737 4488 Savan
2761 4437 2830 4498 is,
2864 4448 2953 4485 an.
2979 4436 3133 4497 1712,
3162 4446 3220 4500 p.
3254 4436 3377 4484 646.

2068 4436 2146 4574 ἓὴζ
2178 4504 2435 4557 Plurium
2462 4504 2829 4573 Anglicarum
2891 4504 3230 4574 versionum
3273 4501 3558 4574 editiones
3606 4516 3706 4574 ex:

1998 4571 2147 4629 stare
2182 4575 2341 4628 testis
2370 4571 2607 4639 Caveus,
2637 4574 2737 4644 qui
2766 4573 3000 4627 erudite
3041 4573 3121 4644 ide
3151 4572 3262 4644 hoc
3316 4571 3588 4644 scriptore
3617 4571 3704 4644 ad

1999 4662 2090 4699 an.
2124 4647 2246 4698 840.
2283 4645 2438 4698 Idem
2466 4644 2619 4698 inter
2649 4641 2762 4698 alia
2810 4649 2979 4697 notat
3014 4643 3311 4696 IElsricum
3373 4642 3431 4695 in
3472 4641 3703 4695 homilia

1998 4716 2257 4771 Paschali
2285 4730 2349 4769 ex
2381 4716 2690 4769 Ratramno
2743 4715 2922 4767 multa
2979 4715 3047 4767 ad
3125 4713 3368 4767 verbum
3411 4714 3684 4782 repetisse

1999 4787 2155 4857 quod
2188 4786 2257 4840 ad
2285 4787 2514 4839 oculum
2550 4802 2777 4856 quoque
2811 4784 3167 4857 Hopkinsius
3195 4784 3616 4857 deniunstravit

2091 4859 2133 4925 i)
2164 4859 2372 4910 Anton.
2410 4853 2586 4910 Wood
2608 4853 2842 4910 Athenas
2870 4856 3047 4909 Oxon.
3091 4856 3254 4909 Tom.
3284 4855 3374 4921 III,
3404 4871 3458 4923 p.
3489 4853 3641 4907 1074.

2110 4923 2137 4993 ῖ)
2172 4929 2239 4981 Ut
2263 4944 2295 4979 a
2326 4930 2492 4981 Petro
2524 4927 2593 4980 de
2620 4927 2802 4981 Marca
2841 4926 3015 4995 Epist.
3049 4928 3117 4979 ad
3158 4925 3525 4995 Dacberium,
3565 4936 3637 4973 an
3654 4923 3701 4972 te

2000 4994 2142 5051 tom.
2172 4999 2219 5051 II
2249 4997 2561 5067 Spicilegii,
2588 5002 2645 5050 et
2678 5013 2837 5050 novae
2870 4994 3139 5050 editionis
3192 5002 3331 5049 tom.
3418 4994 3512 5067 III.
3564 5005 3702 5059 pag.

2002 5071 2127 5134 852,
2160 5062 2308 5121 etab
2357 5062 2626 5121 Ans'elmo
2687 5067 2899 5121 Parisio
2958 5067 3357 5121 dissertatione
3432 5062 3704 5134 adversus

2003 5139 2277 5194 Allixium
2298 5154 2420 5209 cap.
2457 5141 2507 5204 5,
2542 5144 2681 5212 tom.
2732 5139 2817 5212 IY_
2845 5140 3145 5212 Perpetuité
3192 5137 3256 5189 de
3270 5136 3353 5212 Ala
3376 5133 3507 5212 Eoi,
3547 5136 3710 5212 parte

2002 5226 2063 5273 ιι,
2096 5226 2224 5280 pag.
2264 5205 2508 5279 198‘seq.
2542 5210 2760 5263 Joanne
2780 5209 3093 5272 Harduino,
3124 5212 3229 5280 etc.
3263 5205 3474 5280 Omitto
3500 5220 3595 5257 sus
3617 5205 3711 5274 pi-

2003 5277 2195 5334 ciones
2222 5296 2425 5349 parum
2465 5277 2765 5333 credibiles
2813 5295 3012 5332 eorum
3052 5277 3153 5349 qui
3187 5278 3479 5349 auctorem
3530 5290 3663 5329 com

2005 5345 2408 5418 miniscuntur,
2433 5352 2516 5403 vel
2540 5350 2925 5420 antiquiorem
2946 5345 3220 5420 multum,
3237 5345 3670 5420 utProsperum
3686 5386 3701 5413 ,

2007 5422 2092 5475 vel
2126 5416 2403 5475 ducentis
2439 5422 2602 5474 annis
2643 5416 2960 5489 juniorem,
3034 5422 3090 5489 et
3139 5416 3225 5468 vel
3280 5416 3697 5489 Berengarium

2005 5492 2217 5561 ipsum,
2241 5493 2327 5544 vel
2360 5507 2425 5545 ex
2454 5492 2576 5562 ejus
2602 5486 2974 5544 sectatoribus
3006 5486 3281 5556 aliquem.

3349 5584 3376 5640 I
