4138 6186
405 276 463 328 11
1555 265 1913 322 RATRAMNI
1953 264 2413 322 CORBEIENSIS
2455 264 2790 321 MONACHI.
3840 268 3902 318 12

403 402 669 473 Quirogze
713 419 725 455 :
765 401 1018 471 Belgicus
1045 405 1235 473 autem
1280 399 1755 473 interpretatione
1814 399 2093 468 adjuvan-
2132 403 2173 454 A
2206 399 2571 473 Paschasium
2620 398 2935 467 respiciunt
2989 398 3161 473 verba
3228 400 3525 473 Ratramni
3584 398 3642 452 in
3692 398 3898 473 praefa-

403 476 537 528 dum
566 470 799 544 judicat.
836 470 971 526 Vide
1003 472 1288 544 Usserium
1323 471 1391 523 de
1436 470 1809 544 Ecclesiarum
1861 485 2087 523 succes-

404 542 586 609 sione,
615 561 746 613 pag.
779 546 846 597 48
878 559 1021 612 seq.,
1055 548 1112 595 et
1138 543 1415 613 Dallzeum
1448 542 1515 594 de
1539 543 2085 613 usuiPatrum,pag.

408 619 499 669 111
539 612 654 684 seq.
699 616 893 684 Itaque
930 613 1158 667 Latinus
1203 612 1454 665 Latinius
1485 612 1670 684 tom.l
1724 612 2089 684 Bibliotheca:

406 681 857 754 sacro-profanae,
894 700 948 753 p.
986 686 1102 748 110,
1132 686 1373 735 testatur
1420 698 1477 735 se
1510 683 1840 754 Bertramni
1878 681 2089 735 librum

404 757 549 809 libro
593 753 887 808 'Paschasii
927 756 995 807 de
1057 754 1258 807 eodem
1317 757 1658 822 argumento
1721 753 2091 821 subjunctum

404 827 772 895 percurrisse,
804 847 829 873 ‹‹
862 826 1259 877 immemorem
1290 823 1349 875 in
1381 824 1570 877 Indice
1610 828 1873 876 notatum
1909 823 2091 876 haere-

403 913 527 948 seos
558 896 790 949 nomine
823 912 834 948 :
870 896 1055 958 Quare
1086 900 1216 964 post
1254 896 1515 963 agnitum
1563 909 1817 947 errorem
1878 909 2089 958 meum,

406 968 617 1037 projcci
646 967 924 1030 libellum,
960 971 1015 1018 et
1057 982 1082 1018 a
1142 980 1365 1037 summo
1414 965 1864 1037 poenitentiario
1900 964 2093 1037 curavi

407 1034 521 1090 me
564 1037 973 1090 absolvendum
1048 1036 1524 1090 reverendissimo
1596 1034 1869 1089 cardinali
1950 1036 2095 1087 Vor-

406 1124 631 1161 mien51.
670 1128 696 1153 ))

477 1177 708 1246 Scripsit
737 1180 1011 1246 praeterea
1048 1176 1140 1230 hic
1170 1178 1512 1230 Ratramnus
1556 1176 1625 1229 ad
1684 1175 1948 1229 eumdem
1990 1176 2093 1230 Ca-

408 1250 593 1301 rolum
654 1246 885 1302 Calvum
944 1248 1108 1301 libros
1157 1248 1289 1301 duos
1354 1248 1419 1300 de
1482 1246 1977 1313 Przdestinatione,
2034 1247 2095 1299 in

407 1320 615 1389 quibus
645 1335 773 1371 cum
806 1319 1188 1371 Gotteschalco
1220 1317 1373 1383 facit,
1408 1317 1476 1370 ab
1508 1318 1812 1389 Hincmaro
1854 1317 2094 1389 aliisque

408 1387 790 1459 oppugnatus.
826 1389 1009 1441 Edidit
1036 1389 1318 1441 Gilbertus
1359 1388 1696 1456 Manguinus
1752 1387 1901 1440 inter
1957 1388 2094 1441 scri-

408 1458 601 1529 ptores
634 1460 770 1512 noni
801 1460 992 1511 saeculi
1024 1460 1121 1528 qui
1156 1460 1224 1511 de
1259 1458 1763 1512 Przrdestinatione
1794 1464 1851 1511 et
1908 1459 2095 1511 Gratia

409 1531 777 1599 scripserunt,
810 1531 1055 1583 Parisiis.
1096 1532 1249 1595 1650,
1282 1532 1369 1594 4°;
1419 1530 1571 1583 unde
1600 1529 1781 1581 recusi
1830 1534 1971 1582 tom.
2010 1530 2095 1583 XV

412 1602 776 1654 Bibliotheca:
811 1602 1039 1653 Patrum
1082 1601 1473 1668 Lugdunens.,
1522 1615 1651 1669 pag.
1711 1600 1833 1653 442.
1890 1601 2097 1653 Confer

412 1672 613 1724 Usserii
649 1678 704 1725 et
735 1672 955 1725 Cellotii
992 1671 1296 1725 Historiam
1319 1669 1705 1723 Gotteschalci.

483 1763 505 1791 α
534 1744 737 1795 Contra
767 1742 1089 1793 Graecorum
1134 1742 1445 1793 Romanam
1484 1741 1784 1793 Ecclesiam
1815 1740 2095 1793 infaman-

411 1813 550 1864 tium
576 1828 815 1873 errores,
853 1832 877 1861 ›)
905 1814 971 1863 ad
998 1812 1291 1864 Nicolaum
1323 1813 1363 1873 l,
1393 1812 1725 1879 pontiﬁcem
1751 1812 2098 1875 Romanum,

410 1884 863 1951 librosqualuor,
902 1882 1082 1935 Photii
1118 1882 1373 1950 epistola:
1407 1883 1770 1951 potissimum
1807 1883 2101 1951 oppositos

405 1970 660 2022 quorum
697 1953 878 2005 tribus
913 1952 1113 2022 primis
1144 1952 1383 2022 integris
1412 1958 1615 2005 tractat
1639 1953 1706 2006 de
1739 1953 2100 2021 processione

410 2024 654 2091 Spiritus
702 2023 901 2085 sancti,
935 2023 1114 2076 edidit
1143 2023 1449 2075 Dacherius
1484 2028 1639 2075 tomo
1690 2023 1938 2077 secundo
1969 2023 2101 2093 Spi-

409 2095 597 2163 cilegii
632 2094 788 2159 (tom.
826 2096 869 2155 1,
903 2094 1168 2147 editionis
1198 2110 1382 2159 novre,
1415 2110 1545 2163 pag.
1581 2096 1693 2158 63).
2067 2143 2071 2146 .

486 2185 511 2211 «
547 2166 621 2217 De
656 2171 821 2232 partu
860 2164 1127 2233 Virginis,
1176 2181 1274 2217 seu
1327 2164 1396 2217 de
1450 2164 1752 2217 Nativitate
1808 2164 2034 2223 Christi.
2072 2184 2098 2210 »

414 2235 581 2287 modo
602 2235 893 2287 communi
921 2242 974 2288 et
1023 2234 1268 2287 naturali
1320 2251 1433 2287 non
1490 2236 1680 2288 clauso
1735 2236 1793 2287 Β.
1855 2234 2102 2304 Virginis

413 2312 574 2358 utero
604 2306 766 2359 facta.
802 2306 901 2358 Cui
948 2306 1281 2358 Paschasius
1331 2306 1652 2359 Radbertus
1684 2306 1906 2358 libellos
1960 2307 2102 2358 duos

409 2377 478 2429 de
500 2382 667 2446 partu
700 2376 945 2446 Virginis
974 2393 1079 2446 pro
1120 2377 1407 2430 contraria
1463 2378 1749 2430 sententia
1807 2377 2097 2446 opposuit.

2202 470 2354 523 tione
2387 487 2399 523 :
2438 492 2463 518 ‹‹
2497 470 2742 524 Obsecro
2772 470 3147 523 reverentiam
3180 474 3337 523 tuam
3371 475 3432 522 ut
3462 471 3529 524 ad
3582 472 3899 540 suggestio-

2202 558 2333 593 nem
2364 541 2659 610 parvitatis
2716 545 2928 593 nostrae
2983 541 3333 610 respondere
3390 557 3505 593 non
3563 541 3837 609 graveris.
3873 561 3897 591 υ

2204 614 2278 664 De
2321 611 2716 665 Controversia
2749 611 2846 663 illa
2869 612 2992 665 vide
3027 613 3086 664 Β.
3122 612 3378 681 Ittigium
3411 612 3479 665 de
3530 612 3900 665 Bibliothecis

2204 683 2455 762 Patrum,
2480 697 2634 762 ‘pag.
2681 684 2803 762 169,
2833 686 2889 735 61
2921 699 3063 752 quos
3094 682 3286 762 laudat
3334 682 3725 762 Mabillonium
3769 699 3896 762 saec:

2202 769 2274 806 Iv.
2311 753 2658 805 Benedictin.
2687 759 2846 822 parte
2870 769 2929 818 ιι,
2983 753 3208 822 praefat.
3249 768 3371 822 cap.
3430 756 3482 815 3,
3544 759 3601 805 et
3663 758 3801 807 tom.
3849 754 3895 806 II

2200 824 2511 876 Annalium
2550 823 2899 877 Benedictin.
2934 823 3002 877 ad
3035 840 3249 876 annum
3282 824 3406 887 814,
3443 839 3569 894 pag.
3613 826 3715 876 652
3751 840 3898 893 seq.,

2203 899 2258 946 et
2290 894 2544 947 Natalem
2576 894 2961 947 Alexandrum
3020 910 3146 947 saec.
3182 910 3231 947 1x
3262 900 3317 947 et
3360 911 3413 961 Χ,
3448 902 3609 962 parte
3666 911 3725 954 II,
3778 895 3898 948 dis-

2203 970 2392 1017 sertat.
2434 967 2519 1018 13.

2274 1037 2521 1103 Epistola
2574 1034 2645 1087 ad
2696 1034 3055 1105 Rimbertum
3110 1034 3508 1105 presbyterum
3534 1034 3598 1087 de
3638 1036 3899 1105 Cynoce-

2202 1106 2409 1173 phalis,
2452 1105 2604 1175 quod
2638 1120 2750 1157 non
2786 1105 2897 1158 sint
2922 1104 3056 1158 Adae
3088 1108 3331 1175 posteris
3360 1104 3699 1174 deputandi.
3741 1107 3904 1159 Edita

2204 1191 2272 1228 ex
2301 1176 2489 1229 codice
2531 1176 2893 1229 bibliothecas
2934 1177 3190 1229 Paulinae
3225 1176 3546 1246 Lipsiensis,
3578 1176 3648 1229 ab
3676 1177 3902 1229 erudito

2205 1247 2326 1298 viro
2358 1246 2618 1300 Gabriele
2672 1247 2920 1299 Dumont
2970 1246 3028 1299 in
3078 1247 3475 1300 dissertatione
3532 1248 3600 1300 de
3652 1247 3902 1315 Cynoce-

2204 1317 2411 1388 phalis,
2441 1317 2865 1388 insertartomo
2916 1322 3071 1370 sexto
3142 1318 3401 1371 Historiae
3447 1317 3658 1371 criticae
3712 1319 3905 1386 reipu-

2206 1389 2367 1441 blicae
2436 1387 3159 1451 Litterario-Massonianm,
3193 1388 3361 1441 editae
3411 1389 3621 1441 Gallice
3679 1391 3903 1441 Amste-

2207 1458 2441 1521 lodami,
2474 1461 2628 1521 1714,
2674 1460 2785 1522 12°,
2821 1473 2951 1527 pag.
2991 1460 3241 1511 188-196.

2284 1530 2444 1582 Liber
2473 1530 2537 1582 de
2560 1531 2784 1592 Anima,
2820 1529 2971 1598 quod
3001 1545 3117 1581 non
3149 1530 3408 1582 omnium
3454 1528 3755 1581 hominum
3794 1546 3903 1581 una

2209 1600 2282 1653 sit
2311 1600 2523 1663 anima,
2580 1605 2641 1652 ut
2687 1599 2969 1651 Marianos
3018 1599 3220 1652 Scotus
3262 1616 3327 1653 ex
3364 1600 3487 1652 loco
3517 1599 3764 1669 quodam
3795 1605 3903 1653 Au-

2138 1684 2178 1737 Β
2208 1671 2423 1739 gustini
2464 1670 2531 1723 de
2564 1670 2878 1739 quantitate
2901 1670 3109 1722 animm
3144 1670 3543 1723 afﬁrmaverat.
3594 1671 3690 1722 Hic
3732 1672 3899 1733 liber,

2208 1757 2380 1811 quem
2427 1741 2629 1793 habuit
2698 1741 2981 1809 edereque
3041 1741 3222 1793 voluit
3288 1740 3663 1806 Mabillonius,
3726 1746 3907 1794 exstat

2212 1810 2380 1864 etiam
2407 1827 2510 1863 ms.
2546 1812 2601 1863 in
2636 1811 2807 1863 variis
2837 1810 3060 1880 Anglia!
3100 1811 3475 1864 bibliothecis.

2284 1882 2671 1934 Exllincmari
2716 1882 2859 1934 libro
2905 1883 2973 1933 de
3021 1898 3135 1935 una
3190 1888 3247 1934 et
3289 1898 3401 1934 non
3452 1882 3602 1934 trina
3662 1882 3900 1947 Deitate,

2211 1958 2351 2005 tom.
2381 1954 2399 2005 Ι
2433 1953 2705 2022 Operum,
2758 1968 2889 2020 pag.
2938 1953 3040 2006 413
3100 1956 3154 2005 et
3196 1953 3320 2017 438,
3371 1958 3588 2005 constat
3640 1953 3902 2005 Ratram-

2211 2040 2348 2076 num
2384 2039 2511 2076 cum
2545 2023 2937 2076 Gotteschalco
2988 2023 3327 2087 defendisse,
3377 2030 3433 2076 et
3478 2023 3672 2075 Ililarii
3731 2030 3903 2093 atque

2212 2094 2521 2162 Augustini
2574 2094 2736 2145 dictis
2802 2093 3165 2146 conﬁrmasse
3222 2094 3392 2147 verbo
3446 2093 3653 2146 veteris
3705 2094 3905 2164 hymni

2215 2184 2241 2214 «
2270 2166 2344 2218 Te
2377 2166 2526 2217 trina
2558 2163 2743 2216 Deitas
2773 2180 3002 2234 unaque
3033 2164 3343 2233 poscimus,
3379 2183 3403 2212 »
3448 2180 3553 2233 pro
3583 2180 3696 2233 quo
3732 2163 3905 2218 Hinc-

2213 2251 2405 2288 marus
2429 2235 2631 2305 maluit
2664 2237 2732 2287 Te
2752 2249 2962 2287 summa
2987 2237 3194 2288 Deitas.
3254 2235 3418 2289 Liber
3448 2240 3636 2288 autem
3687 2251 3800 2305 quo
3850 2236 3905 2288 id

2213 2322 2245 2358 a
2266 2306 2572 2359 Ratramno
2605 2304 2840 2371 factum,
2873 2306 2942 2359 ad
2973 2322 3078 2359 nos
3118 2322 3231 2358 non
3257 2306 3540 2376 pervenit.

1700 2694 2616 2797 RATRAMNI

1811 2922 2174 2965 CORBEINSIS
2212 2922 2498 2965 MONACHI

705 3103 965 3245 DE
1093 3103 3121 3249 PREDESTINATIONE
3253 3107 3601 3250 DEI

1823 3372 2168 3457 LIBRI
2239 3371 2496 3457 DUO

1514 3548 1617 3602 AD
1676 3547 1950 3601 REGEM
2011 3548 2394 3603 CABOLUM
2449 3548 2794 3605 CALVUM.

1710 3802 1881 3871 (Bibl.
1916 3803 2057 3859 Max.
2089 3805 2270 3872 Patr.,
2300 3811 2439 3860 tom.
2470 3807 2601 3877 XV.)

857 4052 1242 4117 VETERUM
1291 4052 1731 4117 AUCTORUM
1780 4053 1880 4117 DE
1930 4054 2061 4119 IIIS
2112 4054 2539 4121 RATRAMNI
2589 4056 2853 4124 LlBRlS
2903 4059 3422 4127 TESTIMONIA.

467 4218 806 4270 Hincmarus
840 4220 1149 4272 Ithemensis
1171 4219 1629 4287 archicpicsopus,
1663 4219 2097 4274 dePrzdestina-
2137 4225 2175 4279 C
2206 4220 2392 4290 pturis
2419 4222 2576 4276 valde
2614 4223 2855 4292 peritus,
2912 4228 2967 4278 et
2998 4225 3059 4279 in
3107 4226 3266 4281 libris
3313 4230 3672 4285 saecularium
3722 4232 3898 4287 disci-

715 4308 873 4369 tione,
923 4306 997 4358 ad
1028 4307 1279 4362 Carolum
1329 4320 1536 4373 regem,
1569 4323 1688 4375 cap.
1722 4309 1773 4359 5.

468 4427 809 4481 Ratramnus
842 4428 1239 4493 nihilominus,
1265 4430 1594 4483 monasterii
1617 4429 1869 4485 Corbeiaa
1890 4446 2091 4483 mona-

396 4516 555 4580 chus,
589 4516 811 4569 libellos
838 4517 1002 4582 duos,
1039 4534 1181 4587 quos
1209 4517 1371 4571 nobis
1402 4519 1812 4572 examinandos
1858 4520 2094 4573 dedistis

395 4602 474 4655 ita
513 4603 829 4657 intentione
852 4605 1173 4658 elaboratus
1216 4607 1487 4676 porrexit,
1520 4608 1860 4661 utostendat
1900 4618 2094 4679 quate-

396 4707 502 4743 nus
525 4690 668 4744 sicut
698 4694 860 4746 electi
892 4709 924 4745 a
958 4694 1073 4747 Deo
1123 4695 1601 4763 praedestinantur
1659 4696 1728 4749 ad
1761 4698 1955 4760 vitam,
2014 4698 2094 4751 ita

395 4784 451 4833 et
482 4780 709 4850 reprobi
735 4797 767 4834 a
801 4782 915 4835 Deo
947 4782 1430 4852 praedestinantur
1455 4784 1526 4837 ad
1557 4790 1820 4839 mortem.

396 4905 718 4971 Sigibertus,
781 4906 1180 4960 Gemblacensis
1236 4908 1545 4973 monachus,
1588 4909 1653 4963 de
1717 4911 2090 4982 Scripto'ribus

914 4995 1310 5060 ecclesiasticis,
1334 5012 1453 5065 cap.
1479 5000 1565 5051 95.

468 5102 793 5154 Bertramus
824 5099 1048 5171 scripsit
1076 5101 1285 5155 librum
1318 5103 1388 5157 de
1420 5104 1665 5174 Corpore
1710 5110 1765 5159 et
1796 5106 2087 5177 Sanguine

396 5188 658 5254 Domini;
690 5192 746 5243 et
783 5188 853 5242 ad
886 5189 1173 5257 Carolum,
1208 5190 1419 5246 librum
1452 5193 1522 5247 de
1554 5194 2084 5250 Praedestinatione.

393 5296 625 5348 Joannes
672 5295 1017 5362 Trithemius,
1058 5297 1225 5351 abbas
1251 5299 1687 5367 Spanhemensis,
1736 5300 1802 5354 de
1842 5302 2083 5371 Scripto-

959 5386 1108 5439 ribus
1120 5388 1516 5442 ecclesiasticis.

468 5487 812 5557 Bertramus,
847 5491 1144 5561 presbyter
1170 5496 1227 5546 et
1258 5492 1591 5559 monachus,
1624 5494 1682 5546 in
1711 5493 1919 5549 divinis
1935 5495 2085 5551 Scri-

2206 4309 2494 4379 plinarum
2520 4312 2749 4381 egregie
2801 4313 3019 4377 doctus,
3076 4315 3308 4385 ingenio
3354 4317 3575 4373 subtilis
3619 4325 3676 4373 et
3713 4322 3898 4375 clarus

2205 4398 2457 4468 eloquio,
2489 4414 2592 4452 nec
2623 4399 2813 4453 minus
2838 4400 2955 4455 vita
2974 4418 3145 4472 quam
3173 4405 3423 4458 doctrina
3454 4407 3716 4477 insignis,
3759 4410 3896 4462 scri-

2202 4486 2317 4555 psit
2347 4486 2529 4540 multa
2558 4488 2834 4556 prazclara
2864 4493 3159 4559 opuscula,
3210 4493 3278 4547 de
3324 4495 3531 4563 quibus
3580 4495 3647 4549 ad
3706 4511 3899 4551 meam

2206 4572 2466 4626 notitiam
2514 4590 2695 4643 pauca
2743 4583 3140 4645 pervenerunt.
3195 4580 3278 4634 Ad
3351 4582 3612 4636 Carolum
3676 4600 3898 4654 regem,

2202 4662 2432 4717 fratrem
2496 4663 2742 4717 Lotharii
2808 4664 3195 4736 imperatoris,
3245 4670 3474 4739 scripsit
3521 4673 3899 4727 commenda-

2200 4750 2313 4805 bile
2345 4768 2508 4822 opus.

2270 4841 2349 4893 De
2378 4840 2881 4910 praedestinatione
2932 4860 2968 4897 ι.

2271 4928 2349 4981 De
2380 4930 2631 4998 Corpore
2656 4934 2714 4983 et
2744 4930 3037 5002 Sanguine
3062 4932 3293 4986 Domini
3326 4933 3427 4987 lib.
3463 4951 3499 4989 ι.

2270 5014 2485 5069 Claruit
2506 5018 2864 5087 temporibus
2906 5020 3153 5074 Lotharii
3184 5020 3567 5092 imperatoris,
3602 5040 3753 5079 anno
3768 5029 3893 5082 830.

2372 5129 2519 5184 Idem
2554 5132 2884 5187 Trithemius
2916 5136 2974 5187 in
3005 5135 3272 5190 Chronico
3310 5139 3709 5206 Hirsaugiensi.

2268 5234 2595 5290 Bertramus
2635 5240 2971 5305 monachus,
3004 5240 3064 5294 in
3090 5243 3247 5296 omni
3282 5244 3603 5299 litteratura
3633 5247 3892 5301 doctissi-

2197 5338 2342 5387 mus,
2368 5325 2594 5395 scripsit
2623 5327 2691 5380 ad
2727 5328 2994 5382 Carolum
3034 5346 3225 5400 regem
3255 5333 3323 5387 de
3355 5335 3885 5392 Prasdestinatione.

2194 5412 2335 5466 Item
2368 5413 2437 5467 de
2466 5415 2712 5483 Corpore
2740 5422 2795 5469 et
2820 5416 3107 5489 Sanguine
3136 5421 3385 5489 Domini,
3416 5439 3543 5476 cum
3586 5424 3712 5477 aliis
3745 5427 3893 5480 mul-

2193 5500 2265 5553 tis
2299 5518 2427 5572 quae
2458 5503 2528 5557 ad
2568 5503 2831 5558 notitiam
2860 5512 3069 5561 nostrae
3112 5509 3372 5563 lectionis
3410 5526 3523 5564 non
3584 5519 3885 5568 venerunt.
