4138 6194
215 305 272 356 t3
1317 302 1405 357 DE
1439 300 2111 358 PRAEDESTINATIONE
2147 301 2279 356 DEI.
2323 329 2389 340 —
2416 300 2545 355 LIB.
2576 302 2619 355 Ι.
3655 304 3720 356 Ui

1434 607 1939 681 PREFATIO
2007 604 2510 679 AUCTORIS.

1820 795 2119 802 .—_—_...__.

289 915 536 969 Domino
568 912 819 984 glorioso
857 915 1026 983 atque
1084 909 1614 981 prazcellentissimo
1662 909 1911 981 principi
1952 914 1991 965 A
2028 910 2271 980 jungere
2297 910 2532 981 dignata
2565 914 2667 973 est,
2704 914 2766 963 ut
2796 909 2864 963 de
2898 925 3085 979 nuper
3134 914 3329 963 exorta
3375 912 3717 982 quaestione,

221 1006 437 1060 Canono
477 1004 834 1057 Raraannus.

286 1093 426 1147 Cum
460 1092 645 1144 virtus
676 1095 731 1143 et
771 1088 1050 1159 sapientia
1105 1087 1323 1157 regiam
1366 1088 1721 1156 majestatem
1780 1087 1916 1141 illu—

219 1186 415 1245 strent,
480 1180 663 1231 virtus
720 1177 983 1231 videlicet
1037 1193 1151 1246 qua
1200 1176 1555 1229 adversarios
1603 1181 1916 1245 expugnet,

222 1268 503 1339 sapientia
556 1284 669 1338 qua
742 1265 1073 1336 reipublicae
1126 1280 1335 1334 corpus
1402 1280 1570 1317 omne
1628 1263 1916 1333 disponat,

221 1357 709 1427 magnificentiam
752 1359 997 1408 vestram
1026 1354 1149 1408 haec
1203 1353 1315 1406 duo
1368 1352 1576 1406 clarius
1627 1353 1916 1419 attollunt,

220 1447 367 1518 quod
398 1446 647 1499 caelestis
687 1442 987 1514 sapientiae
1036 1447 1255 1495 secreta
1300 1441 1637 1512 perquiritis
1684 1446 1739 1495 et
1782 1441 1921 1495 reli-

219 1535 405 1607 gionis
440 1550 637 1587 amore
671 1531 946 1602 llagratis.
976 1532 1105 1583 Haec
1136 1531 1288 1583 enim
1323 1547 1417 1581 vos
1449 1530 1739 1599 prioribus
1770 1546 1923 1583 com-

222 1628 426 1694 parant
457 1621 840 1691 principibus,
884 1618 985 1689 qui
1032 1618 1310 1671 virtutum
1359 1617 1615 1687 potentia
1665 1617 1920 1671 hostium

222 1713 362 1764 colla
395 1710 773 1777 subegerunt,
815 1713 871 1760 et
916 1706 1211 1776 sapientiae
1261 1706 1484 1775 fulgore
1527 1710 1578 1758 et
1630 1703 1922 1773 religionis

227 1797 447 1850 honore
478 1796 648 1849 amici
680 1793 779 1848 Dei
810 1794 940 1847 facti
971 1799 1102 1847 sunt
1140 1810 1152 1846 :
1184 1792 1359 1846 David
1404 1791 1646 1845 dicimus
1678 1796 1731 1844 et
1762 1791 1921 1845 Salo-

227 1901 484 1950 moncm,
519 1883 842 1949 Ezecliiam,
876 1886 931 1935 et
959 1881 1192 1949 Josiam,
1230 1881 1439 1951 quibus
1472 1881 1617 1933 sicut
1662 1880 1773 1933 fuit
1800 1884 1924 1932 stu-

227 1975 383 2028 dium
412 1974 563 2026 circa
596 1972 802 2026 divinas
860 1971 1153 2040 sapientia)
1206 1970 1477 2039 mysteria
1534 1968 1797 2035 detineri,
1848 1969 1926 2021 ita

229 2078 428 2116 eorum
462 2062 614 2115 fama
645 2067 701 2114 et
730 2059 1071 2113 immortalis
1104 2057 1312 2123 existit,
1347 2061 1400 2110 et
1432 2056 1733 2127 stipendiis
1765 2062 1927 2109 aeter-

230 2167 315 2204 nze
343 2149 720 2205 beatitudinis
752 2153 951 2200 ornata
984 2146 1245 2215 refulget.
1297 2145 1551 2209 Quorum
1614 2145 1927 2198 imitatores

231 2239 436 2303 effecti,
471 2236 799 2292 admirabili
831 2235 1135 2306 prudentia
1186 2234 1517 2304 reipublicae
1563 2238 1761 2286 vestrae
1817 2239 1929 2286 sta-

228 2332 351 2381 bim
376 2325 701 2397 disponitis,
735 2329 792 2379 et
816 2324 1039 2394 potenti
1067 2322 1272 2376 virtute
1309 2322 1563 2376 hostium
1594 2322 1740 2375 vires
1794 2322 1937 2374 sub-

237 2415 424 2485 igitis;
459 2419 513 2468 et
543 2412 817 2467 inetfabili
842 2411 1132 2482 religionis
1162 2427 1357 2464 amore
1377 2410 1689 2464 caelestium
1714 2409 1938 2479 sapien-

246 2505 385 2558 tiam
431 2508 781 2557 secretorum
823 2500 1159 2571 disquiritis,
1202 2504 1256 2552 et
1306 2498 1797 2569 quemadmodum
1840 2514 1937 2551 ca-

239 2592 465 2646 tholica
526 2590 662 2645 ﬁdei
723 2595 906 2643 status
974 2588 1320 2642 inviolabilis
1380 2592 1721 2656 perseveret,
1778 2585 1939 2639 omni

236 2680 537 2751 vigilantia
569 2678 895 2733 elaboratis.
928 2679 1043 2731 Hoc
1072 2681 1263 2731 autem
1296 2676 1547 2729 studium
1580 2681 1637 2728 et
1669 2675 1787 2728 hac
1823 2674 1938 2727 vir-

237 2775 425 2823 tutum
462 2768 711 2837 insignia
741 2783 861 2821 non
908 2772 1185 2837 tanquam
1236 2764 1545 2835 peregrina
1590 2767 1645 2817 et
1675 2763 1939 2817 laborum

238 2858 444 2911 studiis
476 2860 809 2926 comparata
847 2855 1008 2909 vobis
1039 2855 1270 2919 adsunt,
1307 2854 1401 2907 sed
1424 2853 1597 2907 veluti
1624 2850 1936 2905 naturalia:

241 2946 530 3017 siquidem
570 2944 835 3015 gloriosae
876 2943 1168 2998 memoria:
1204 2941 1445 3013 Augusti
1473 2946 1636 3011 pater
1683 2945 1739 2993 et
1781 2956 1938 3003 avus,

239 3040 293 3088 et
312 3036 597 3088 virtutum
632 3032 825 3100 armis,
862 3035 919 3085 et
949 3031 1246 3101 sapientiae
1282 3031 1509 3095 decore,
1544 3033 1599 3083 et
1646 3028 1942 3098 religionis

240 3122 599 3177 sublimitate
640 3122 781 3175 adeo
833 3120 1188 3185 effulserunt,
1222 3124 1286 3173 ut
1346 3119 1623 3172 virtutum
1679 3116 1941 3186 magniﬁ-

241 3213 430 3265 centia
479 3215 535 3265 et
564 3210 789 3281 priores
818 3214 948 3263 ante
993 3225 1052 3262 se
1100 3225 1265 3279 reges
1304 3206 1781 3277 incomparabiles
1835 3203 1944 3257 sibi

244 3303 659 3366 monstrarent,
694 3303 749 3352 et
777 3298 1022 3368 posteris
1073 3295 1413 3350 imitationis
1459 3295 1721 3364 exempla
1767 3291 1940 3345 relin-

248 3393 535 3461 querent;
571 3404 601 3441 a
628 3387 836 3457 quibus
866 3392 932 3440 ut
959 3386 1241 3455 originem
1274 3384 1568 3455 sanguinis
1607 3381 1832 3447 ducitis,
1866 3382 1944 3434 ita

2028 999 2123 1052 sed
2153 998 2431 1068 olimjam
2463 1015 2494 1052 a
2523 998 2729 1053 sanctis
2762 998 3026 1053 Patribus
3056 998 3454 1067 determinata,
3486 1002 3722 1058 collecta

2029 1104 2093 1141 ex
2125 1092 2452 1141 sanctorum
2488 1088 2647 1141 libris
2677 1086 2925 1157 capitula
2957 1086 3115 1140 vobis
3147 1086 3475 1157 dirigerem,
3517 1090 3722 1159 quibus

2030 1175 2278 1246 qualiter
2309 1175 2378 1229 de
2410 1192 2475 1229 ea
2509 1176 2788 1230 sentirent
2840 1176 3197 1229 manifestius
3245 1176 3404 1229 vobis
3451 1177 3718 1234 eluceret.

2031 1264 2172 1318 Cum
2225 1266 2379 1318 enim
2429 1265 2693 1318 universa
2736 1269 2897 1319 caute
2948 1264 3262 1334 disquiritis
3310 1269 3365 1318 et
3422 1265 3727 1336 diligenter

2031 1352 2359 1422 disponitis,
2394 1356 2515 1407 tum
2548 1370 2779 1424 quoque
2811 1353 2868 1405 in
2901 1354 3003 1406 hac
3028 1352 3364 1423 quastione,
3399 1355 3561 1423 cujus
3583 1371 3727 1425 pro-

2030 1439 2278 1495 funditas
2330 1442 2540 1495 multos
2620 1443 2866 1511 caligare
2923 1442 3076 1507 facit,
3131 1442 3383 1496 studiose
3460 1443 3621 1499 valde
3671 1449 3727 1499 et

2033 1531 2285 1584 modeste
2342 1531 2624 1595 iuceditis,
2687 1538 2749 1585 ut
2809 1538 3135 1585 sarmtorum
3187 1532 3500 1584 sententias
3540 1549 3605 1585 ex
3663 1549 3729 1585 ea

2032 1624 2456 1689 cognoscentes,
2488 1620 2626 1689 quid
2658 1624 2854 1689 postea
2892 1618 3256 1689 prudentiam
3291 1624 3536 1673 vestram
3560 1636 3729 1691 agere

2034 1712 2298 1777 oporteat
2321 1708 2668 1761 deliberetis.
2706 1709 2816 1778 Ego
2847 1715 3061 1773 autem,
3100 1708 3336 1776 cupiens
3372 1723 3575 1776 parere
3608 1725 3729 1763 ma-

2035 1796 2351 1867 gnitudinis
2382 1800 2579 1849 vestraa
2608 1796 2872 1865 imperio,
2908 1796 3176 1865 colligere
3212 1795 3403 1847 studui
3434 1812 3499 1849 ex
3533 1798 3727 1850 catho-

2036 1884 2273 1938 licorum
2321 1884 2617 1937 doctorum
2660 1883 2979 1949 sententiis,
3016 1900 3143 1953 quae
3184 1898 3288 1953 pro
3320 1882 3597 1936 brevitate
3642 1884 3730 1937 sui

2038 1973 2507 2043 occupationibus
2564 1973 2763 2027 vestris
2826 1989 2943 2026 non
3002 1974 3146 2025 tiant
3210 1990 3487 2039 oneroses,
3523 1978 3579 2027 et
3628 1989 3731 2042 pro

2039 2061 2453 2115 sententiarum
2483 2061 2841 2132 plenitudine
2872 2061 2954 2113 rei
2994 2061 3292 2116 veritatem
3343 2079 3457 2117 non
3496 2062 3734 2116 abscon-

1968 2188 2011 2242 Β
2040 2150 2197 2204 dant.
2232 2151 2299 2203 Et
2328 2150 2463 2220 quia
2493 2150 2664 2219 hujus
2696 2149 3047 2219 quaestionis,
3084 2150 3135 2203 id
3170 2156 3251 2204 est
3283 2151 3351 2205 de
3375 2149 3740 2221 praedestina-

2048 2239 2230 2307 tione,
2265 2239 2613 2309 profundum
2639 2239 2801 2292 valde
2850 2238 3182 2308 mysterium
3216 2243 3320 2302 est,
3368 2238 3537 2292 statui
3580 2238 3740 2308 prius

2052 2328 2119 2382 de
2151 2327 2345 2381 divina
2374 2328 2748 2397 dispositione
2790 2331 3113 2380 sanctorum
3166 2328 3397 2380 Patrum
3447 2326 3742 2396 proferens

2048 2416 2380 2471 testimonia
2416 2416 2624 2482 dicere,
2660 2416 2866 2469 deinde
2900 2415 2969 2469 ad
2992 2414 3517 2485 praedestinationis
3551 2431 3743 2469 narra-

2047 2506 2265 2560 tionem
2321 2506 2515 2559 venire
2574 2521 2585 2558 :
2622 2510 2685 2558 ut
2725 2521 2855 2558 cum
2896 2504 3203 2573 probatum
3248 2504 3421 2559 fuerit
3481 2504 3743 2558 universa

2051 2610 2178 2665 quae
2209 2599 2491 2662 geruntur
2512 2593 2571 2646 in
2604 2592 2819 2646 mundo
2852 2592 3058 2645 divinae
3093 2592 3532 2663 dispensationis
3562 2607 3743 2646 secre-

2049 2684 2120 2737 tis
2152 2682 2457 2750 moderari,
2492 2682 2710 2737 facilior
2740 2680 3135 2748 intelligentia:
3167 2681 3257 2734 via
3286 2686 3484 2750 pareat
3507 2681 3574 2734 ad
3598 2697 3743 2751 pr£e~

2051 2771 2450 2827 destinationis
2502 2769 3046 2824 manifestationem.
3089 2771 3157 2823 In
3205 2786 3317 2839 quo
3380 2785 3554 2840 opere
3601 2768 3747 2822 sicut

2051 2859 2469 2930 magnitudinis
2497 2864 2698 2912 vestrm
2722 2858 3041 2928 jussionem
3080 2857 3315 2928 exsequi
3346 2858 3632 2927 cupimus,
3667 2856 3747 2909 ita

2051 2948 2412 3003 clementiam
2447 2963 2746 3001 exoramus
2789 2951 2852 3000 ut
2905 2962 3105 2999 eorum
3140 2962 3267 3015 quas
3324 2946 3637 3001 dixerimus
3693 2950 3750 2999 et

2052 3037 2323 3108 probator
2354 3036 2477 3089 sitis
2508 3041 2563 3089 et
2588 3036 2761 3105 judex
2797 3052 2809 3088 :
2844 3040 2899 3088 et
2932 3036 2979 3088 si
3008 3034 3143 3104 quid
3166 3035 3311 3088 bene
3338 3035 3552 3089 dictum
3577 3034 3750 3088 fuerit

2052 3131 2240 3179 vestra
2297 3124 2581 3176 sententia
2636 3122 3035 3188 confirmetur;
3094 3122 3141 3174 si
3199 3122 3336 3190 quid
3392 3139 3523 3175 vero
3584 3122 3749 3175 aliter

2054 3212 2216 3267 vobis
2245 3212 2430 3263 visum
2479 3210 2671 3275 fuerit,
2715 3225 2819 3279 per
2860 3226 2956 3262 vos
3007 3208 3412 3277 redarguetur,
3468 3210 3747 3278 nobisque

2055 3299 2425 3355 correctionis
2455 3302 2657 3352 vestras
2692 3295 2972 3352 sententia
2998 3300 3235 3366 propter
3275 3297 3505 3366 pietatis
3551 3302 3749 3349 vestras

2056 3388 2419 3444 clementiam
2489 3403 2605 3441 non
2670 3385 3073 3453 abscondatur,
3140 3401 3244 3439 nec
3308 3384 3378 3438 ad
3435 3385 3751 3439 multorum

244 3479 552 3546 utriusque
610 3474 865 3547 parentis
899 3480 954 3529 et
991 3475 1258 3528 virtutem
1292 3476 1347 3526 et
1379 3472 1716 3543 religionem
1760 3469 1947 3539 possi-
1988 3467 2026 3521 C
2060 3482 2429 3548 conspectum
2479 3475 2688 3543 veniat,
2734 3474 2842 3529 nisi
2903 3474 3182 3544 sapientia
3238 3477 3423 3527 vestra
3480 3490 3748 3544 ροιῃριιο-

245 3565 413 3619 detis.
451 3564 563 3618 Sed
591 3564 636 3617 si
657 3563 827 3618 altius
862 3564 1125 3617 volumus
1160 3561 1477 3615 nobilitatis
1504 3564 1704 3613 vestra:
1744 3575 1950 3629 proge-

248 3654 406 3708 niem
451 3652 756 3723 speculari,
814 3652 1077 3706 videmus
1108 3650 1345 3721 originis
1399 3654 1596 3702 vestrae
1649 3651 1953 3701 stemmata

250 3741 547 3795 saecularis
575 3740 850 3811 potentias
873 3740 1117 3811 gloriam
1143 3754 1370 3808 semper
1398 3736 1694 3806 religionis
1738 3736 1953 3789 honore

250 3830 575 3883 decorasse.
622 3829 780 3883 Unde
804 3832 1024 3882 constat
1053 3844 1150 3881 vos
1178 3843 1295 3881 non
1334 3826 1517 3879 solum
1549 3824 1725 3895 regali
1773 3821 1959 3893 digni-

247 3924 361 3973 tate
398 3918 797 3987 insignitatem
830 3917 1059 3983 habere,
1094 3916 1189 3969 sed
1231 3919 1286 3968 et
1336 3920 1545 3968 sanctae
1588 3912 1777 3983 stirpis
1817 3926 1950 3980 pro-

248 4007 465 4077 pagine
496 4006 798 4076 religionis
828 4005 1103 4075 {studium
1152 4003 1464 4074 possidere.
1515 4001 1689 4071 Cujus
1720 4015 1950 4071 quoque

251 4095 559 4167 religionis
603 4110 795 4148 amore
845 4093 1155 4148 humilitati
1194 4098 1407 4146 nostra;
1452 4090 1718 4160 majestas
1767 4092 1952 4142 vestra

2059 3566 2277 3621 baverit
2303 3570 2453 3619 recte
2485 3565 2633 3619 dicta
2678 3580 2799 3618 esse
2829 3579 2958 3634 quas
3005 3562 3434 3633 protulerimus.
3487 3562 3553 3615 Et
3599 3561 3754 3631 quod

2062 3654 2184 3708 haec
2247 3653 2537 3723 postulare
2592 3652 3020 3722 praesumimus,
3075 3668 3192 3705 non
3250 3650 3569 3704 temerariae
3598 3665 3752 3719 prte-

2065 3740 2380 3811 sumptioni
2410 3741 2646 3809 deputet
2677 3739 3013 3810 magnitudo
3043 3744 3248 3803 vestra,
3294 3737 3395 3792 sed
3444 3736 3755 3791 humilitati

2068 3835 2126 3884 et
2154 3828 2533 3894 verecundiae,
2568 3844 2695 3898 quae
2724 3844 2840 3881 non
2890 3828 3076 3881 solum
3128 3843 3230 3897 pro
3290 3826 3492 3879 erratis
3548 3825 3757 3879 timent

2058 3917 2284 3985 publice
2312 3917 2537 3982 discuti,
2570 3932 2768 3970 verum
2799 3916 2970 3970 etiam
3001 3915 3061 3969 in
3088 3915 3235 3969 bene
3280 3914 3445 3969 dictis
3485 3918 3753 3969 verentur

2058 4006 2359 4077 publicari.

1648 4405 1931 4479 LIBER
1995 4402 2382 4477 PRIMUS.

1564 4585 1652 4639 DE
1689 4584 1934 4638 DIVINA
1975 4580 2476 4636 DISPOSITIONE.

1870 4741 2168 4755 .—

336 4864 445 4920 Sed
465 4864 591 4934 jam
625 4861 698 4915 ad
730 4858 1082 4931 propositam
1135 4856 1453 4911 veniamus.
1489 4856 1667 4910 Nemo
1711 4852 1973 4925 quisquis

263 4954 413 5008 bene
446 4952 631 5006 credit
662 4951 721 5004 in
750 4951 951 5014 Deum,
984 4946 1206 5001 dubitat
1229 4944 1540 5017 praesentia
1582 4943 1737 4998 illius
1766 4943 1973 4996 caelum

258 5048 599 5111 terramque
632 5035 1361 5105 contineri,'mundumque
1385 5032 1749 5104 providentia
1781 5030 1975 5085 divina

258 5131 413 5201 regi;
468 5134 527 5183 et
558 5128 707 5181 sicut
738 5126 881 5180 nihil
915 5127 1052 5179 latet
1092 5124 1427 5194 sapientiam
1462 5123 1607 5192 ejus,
1656 5121 1737 5185 ita
1776 5119 1968 5189 dispo-

256 5221 391 5273 sitio
423 5219 583 5273 illius
613 5216 881 5270 universa
928 5214 1261 5268 moderatur
1293 5216 1349 5265 et
1379 5211 1547 5281 regit.
1608 5209 1765 5264 Sicut
1805 5207 1960 5262 enim

256 5309 416 5362 nulla
450 5311 535 5360 est
576 5309 841 5358 creatura
870 5303 1090 5356 occulta
1121 5302 1181 5354 in
1222 5303 1527 5370 conspectu
1579 5297 1754 5365 illius,
1802 5296 1878 5349 ita
1909 5300 1965 5348 et

257 5397 518 5450 actiones
546 5393 855 5447 hominum
886 5396 941 5444 et
970 5389 1344 5461 cogitationes
1374 5387 1550 5454 novit,
1586 5386 1741 5457 quia,
1769 5400 1965 5437 secun-

260 5482 397 5536 dum
458 5481 775 5552 Scriptura:
823 5478 1029 5533 divinas
1073 5477 1517 5531 auctoritatem:
1570 5492 1595 5527 α
1659 5473 1824 5527 Nulla
1880 5475 1966 5525 est

266 5577 534 5626 creatura
567 5566 880 5624 invisibilis
925 5566 985 5620 in
1035 5570 1341 5636 conspectu
1400 5564 1584 5629 illius;
1620 5562 1716 5617 sed
1778 5561 1973 5615 omnia

2082 4849 2236 4903 nuda
2266 4851 2403 4902 sunt
2433 4851 2489 4901 et
2527 4850 2727 4916 aperta
2752 4843 2932 4900 oculis
2959 4843 3080 4913 ejus
3115 4858 3126 4896 :
3151 4847 3209 4896 et
3238 4842 3337 4912 qui
3370 4842 3564 4895 omnia
3595 4840 3770 4904 novit,

2081 4936 2336 5009 disponit
2366 4936 2631 4989 universa
2660 4934 2859 5000 (Hebr.
2896 4932 2987 5001 ιν).
3024 4950 3052 4982 ι)
3087 4932 3247 4985 Unde
3300 4931 3445 4985 liber
3473 4926 3775 4998 Sapientiae

2081 5025 2341 5096 loquitur
2373 5040 2386 5077 :
2422 5048 2446 5070 α
2478 5024 2540 5077 In
2581 5037 2757 5076 manu
2789 5021 2941 5075 enim
2971 5020 3124 5073 illitis
3164 5024 3220 5073 et
3250 5035 3370 5079 nos,
3407 5022 3462 5070 et
3487 5028 3777 5069 sermones

2083 5114 2283 5181 nostri,
2319 5119 2374 5167 et
2430 5112 2614 5166 omnis
2660 5110 2971 5181 sapientia,
3032 5114 3089 5162 ct
3122 5122 3359 5178 operam
3422 5102 3677 5168 scientia,
3723 5107 3781 5156 et

2085 5200 2387 5272 disciplina
2424 5217 2436 5255 :
2472 5201 2595 5271 ipse
2626 5200 2779 5253 enim
2813 5198 2971 5253 dedit
3009 5197 3150 5251 mihi
3173 5194 3428 5249 omnium
3476 5206 3603 5261 quas
3646 5197 3783 5246 sunt

2076 5291 2371 5345 scientiam
2406 5306 2623 5358 veram,
2664 5293 2727 5342 ut
2778 5289 2955 5341 sciam
2996 5282 3425 5355 dispositionem
3461 5280 3617 5335 orbis
3659 5286 3775 5336 ter-

2072 5397 2288 5445 rarum,
2320 5384 2374 5434 et
2432 5380 2703 5433 virtutem
2749 5379 3204 5436 elementorum;
3243 5368 3472 5423 initium
3524 5375 3580 5425 et
3629 5387 3771 5425 con—

2074 5471 2525 5525 summationem
2555 5474 2612 5522 et
2638 5466 3000 5521 medietatem
3031 5466 3384 5529 temporum,
3428 5458 3772 5514 vicissitudi-

2084 5575 2221 5612 num
2248 5557 2725 5628 permutationes,
2758 5558 2813 5606 et
2864 5546 3389 5604 consummationes
3426 5551 3751 5617 temporum
