4138 6194
435 296 499 347 15
1573 287 1931 345 RATBAMNI
1966 288 2432 348 CORBEIENSIS
2463 288 2747 347 MONACH
2754 291 2777 345 Ι
3862 294 3927 344 16

430 442 660 482 morum
691 423 1055 491 mutationes,
1097 426 1154 478 et
1191 421 1496 477 divisiones
1547 425 1879 490 temporum
1911 438 1923 475 :
1977 420 2119 476 anni
2152 423 2197 478 A
2227 422 2536 476 stinatione
2566 426 2622 477 et
2651 423 2857 477 electos
2894 422 3150 493 disponit
3181 420 3250 475 ad
3287 437 3555 491 regnum,
3576 427 3633 476 et
3650 423 3929 493 reprobus

431 530 629 568 cursus
651 518 708 568 et
752 513 1047 566 stellarum
1106 509 1526 581 dispositiones,
1569 508 1681 561 vim
1720 514 2023 563 ventorum
2063 514 2122 563 et

429 603 803 672 cogitationes
834 602 1159 665 hominum,
1202 588 1579 651 differentiam
1620 596 1888 651 arborum
1920 602 1975 651 et
2004 597 2118 650 vir-

429 695 581 744 tutes
606 690 896 754 radicum;
922 694 976 742 et
1005 702 1361 758 quaecunque
1412 690 1547 738 sunt
1594 684 1872 738 absconsa
1924 689 1981 739 et
2010 685 2118 738 im-

426 780 672 848 przevisa
725 777 945 833 didici:
1009 774 1269 828 omnium
1323 773 1478 826 enim
1536 772 1739 826 artifex
1791 773 1988 827 docuit
2028 790 2117 828 me

428 868 890 937 sapientia(Sap.
923 866 1035 931 vn).
1073 884 1094 910 ι
1144 864 1272 916 Haec
1303 862 1413 916 dici
1458 878 1571 915 non
1614 862 1681 915 de
1722 860 1916 931 aliquo
1969 877 2119 915 mor-

430 956 527 1009 tali
558 954 918 1008 manifestum
948 955 1051 1016 est,
1097 950 1207 1003 nisi
1255 951 1323 1003 de
1373 951 1494 1003 solo
1538 950 1853 1003 mediatore
1907 950 2008 1003 Dei
2062 954 2118 1002 et

427 1042 749 1106 hominum,
784 1040 882 1108 qui
928 1054 996 1091 ex
1047 1053 1113 1091 eo
1180 1037 1333 1107 quod
1382 1037 1563 1091 virtus
1615 1042 1671 1091 et
1700 1037 1985 1107 sapientia
2019 1036 2117 1092 Dei

426 1129 607 1182 Patris
638 1131 740 1192 est,
770 1143 833 1180 ex
866 1142 932 1179 eo
966 1130 1157 1179 autem
1187 1124 1341 1196 quod
1374 1125 1547 1178 homo
1588 1125 1768 1179 factus
1811 1130 1914 1191 est,
1955 1141 2115 1179 acce-

423 1217 507 1286 pit
540 1216 937 1269 universorum
988 1214 1284 1267 scientiam
1340 1217 1397 1267 et
1445 1213 1919 1283 intelligentiam;
1981 1217 2116 1284 quia

425 1303 737 1357 secundum
798 1302 1091 1372 Evangelii
1139 1302 1611 1372 protestationem
1682 1303 1875 1371 plenus
1930 1305 2117 1369 gratia

423 1398 471 1446 et
500 1391 1307 1457 veritateconsistens,sicutex
1335 1406 1401 1443 eo
1428 1390 1581 1459 quod
1595 1391 1769 1444 homo
1792 1390 1971 1445 factus
2009 1398 2111 1458 est,

423 1497 657 1550 corpore
717 1479 1179 1549 circumscriptus
1210 1479 1336 1545 fuit,
1364 1479 1443 1532 ita
1478 1494 1543 1531 ex
1578 1495 1644 1532 eo
1688 1479 1846 1549 quod
1885 1481 2114 1535 Verbum

422 1585 546 1624 caro
575 1571 784 1635 factum
814 1576 911 1631 est,
946 1568 1141 1621 omnia
1179 1583 1535 1637 quaecunque
1587 1571 1718 1620 sunt
1752 1568 2029 1621 absconsa
2060 1574 2115 1623 et

421 1657 745 1727 impraevisa
776 1656 952 1723 novit,
979 1661 1032 1709 et
1058 1656 1254 1708 omnia
1299 1655 1589 1725 prospicit,
1634 1660 1689 1708 et
1717 1656 1868 1725 capit
1916 1673 2112 1710 omnes

422 1746 656 1816 spiritus
681 1744 1089 1815 intelligibiles,
1114 1751 1169 1797 et
1201 1744 1345 1797 sicut
1373 1744 1530 1797 novit
1550 1744 1745 1797 omnia
1765 1760 1894 1798 cum
1927 1747 2110 1812 Patre,

420 1836 501 1888 ita
530 1834 782 1905 disponit
822 1833 1086 1887 universa
1124 1848 1253 1885 cum
1305 1832 1426 1885 illo.
1481 1833 1560 1886 De
1609 1832 1734 1902 ipsa
1780 1838 1972 1886 autem
2018 1851 2114 1886 sa-

422 1925 638 1993 pientia
696 1922 1113 1991 subsequenter
1168 1920 1228 1973 in
1285 1921 1483 1973 eodem
1531 1921 1675 1974 libro
1744 1921 2008 1975 scribitur
2035 1922 2115 1975 ita

420 2011 815 2081 prosequendo
851 2027 863 2063 :
902 2033 921 2057 α
960 2009 1209 2077 Attingit
1239 2014 1430 2062 autem
1453 2009 1669 2078 ubique
1688 2015 1924 2079 propter
1951 2026 2112 2063 suam

423 2099 762 2152 munditiam
794 2097 992 2166 (lbid.)
1021 2113 1033 2162 ;
1068 2115 1094 2147 »
1127 2096 1263 2149 item
1300 2112 1311 2148 :
1350 2117 1376 2143 ‹‹
1425 2096 1668 2165 Attingit
1712 2114 1744 2150 a
1775 2099 1886 2151 fine
1931 2114 2113 2168 usque

420 2188 490 2240 ad
537 2186 710 2241 finem
764 2185 1005 2251 fortiter,
1047 2189 1105 2238 et
1151 2184 1400 2254 disponit
1429 2185 1624 2238 omnia
1664 2187 1912 2239 suaviter
1956 2188 2109 2257 (Sap.

420 2276 557 2347 VIII).
596 2295 622 2326 ι)
656 2274 763 2338 Qui
797 2289 934 2342 ergo
962 2273 1159 2327 omnia
1199 2273 1375 2338 novit,
1434 2278 1491 2326 et
1556 2274 1753 2327 omnia
1804 2275 2109 2343 concludit,

418 2366 671 2419 continet
735 2369 907 2433 atque
975 2362 1251 2431 disponit,
1306 2362 1620 2431 praeterita,
1695 2363 2001 2433 praesentia
2057 2368 2113 2416 et

419 2455 608 2507 futura
647 2466 1013 2522 nequaquam
1044 2467 1172 2504 eum
1207 2451 1405 2519 latent,
1438 2451 1584 2504 sicut
1611 2456 1666 2504 et
1713 2452 1978 2521 superius
2010 2451 2108 2516 ait,

420 2542 555 2613 quia
607 2541 830 2596 dederit
877 2539 1119 2607 homini,
1178 2544 1245 2592 ut
1300 2543 1669 2609 cognosceret
1702 2558 1728 2589 ‹‹
1784 2540 2014 2594 initium
2057 2544 2112 2593 et

420 2631 781 2684 medietatem
846 2633 903 2682 et
958 2628 1516 2682 consummationem
1574 2633 1993 2698 temporum.»
2053 2628 2111 2682 Si

418 2719 571 2773 enim
604 2720 708 2773 hoc
728 2718 901 2771 homo
929 2733 993 2771 ex
1015 2717 1167 2769 dono
1189 2716 1288 2769 Dei
1319 2717 1657 2786 promeruit,
1682 2722 1896 2787 quanto
1930 2717 2110 2787 magis

416 2810 533 2875 ille,
568 2807 667 2879 qui
714 2808 837 2860 haec
867 2805 1071 2859 tribuit
1109 2805 1404 2873 cognoscit
1435 2822 1447 2859 :
1483 2821 1619 2875 ergo
1678 2806 1812 2875 quia
1844 2804 2001 2858 novit
2055 2810 2111 2859 et

418 2896 727 2966 praeterita,
762 2899 818 2948 et
846 2892 1173 2964 praesentia,
1207 2897 1262 2946 et
1293 2892 1506 2959 futura,
1549 2893 1837 2963 dispensat
1881 2893 1979 2946 illa
2026 2898 2104 2947 at-

418 3002 529 3056 que
555 2982 913 3054 disponit;et
942 2981 1042 3052 qui
1073 2980 1233 3034 novit
1263 3001 1290 3030 «
1324 2982 1695 3050 cogitationes
1724 2981 2047 3048 hominum,
2080 3002 2100 3029 ι

419 3075 537 3144 ipse
583 3073 781 3143 utique
815 3069 1070 3139 disponit.
1098 3085 1191 3123 eas
1251 3085 1366 3122 non
1416 3070 1602 3122 solum
1657 3070 1850 3133 bonas,
1908 3085 2105 3124 verum

418 3164 589 3216 etiam
620 3166 675 3215 et
717 3160 913 3213 malas.
970 3157 1239 3221 Quamvis
1302 3156 1454 3211 enim
1489 3174 1679 3227 prava:
1732 3158 2106 3228 cogitationes

418 3251 716 3306 hominum
748 3264 861 3301 non
892 3247 1005 3299 sint
1030 3262 1061 3298 a
1091 3246 1226 3310 Deo,
1257 3261 1370 3299 non
1425 3249 1620 3299 tamen
1651 3247 1774 3315 ejus
1805 3247 2103 3317 cogitatio-

417 3357 550 3395 nem
609 3338 910 3407 efi‘ugiunt,
974 3339 1075 3387 aut
1121 3334 1433 3387 voluntatis
1485 3335 1606 3403 ejus
1674 3335 2103 3404 dispositionem

418 3427 941 3499 transgrediuntur;
1020 3423 1169 3477 unde
1228 3422 1509 3476 bonarum
1582 3422 1991 3491 cogitationum
2050 3429 2107 3477 et

417 3521 611 3570 auctor
640 3518 724 3567 est
744 3519 799 3565 et
829 3511 1145 3576 ordinatur,
1175 3511 1457 3563 malarum
1487 3525 1622 3562 vero
1654 3509 1952 3563 ordinatur
1970 3516 2105 3564 tan-

414 3608 556 3667 tum,
589 3616 705 3655 non
736 3616 867 3653 vero
889 3604 1105 3665 auctor,
1141 3599 1277 3669 quia
1309 3617 1336 3647 «
1362 3598 1593 3668 attingit
1622 3614 1654 3650 a
1686 3599 1797 3651 fine
1829 3615 2012 3669 usque
2034 3600 2103 3653 ad

414 3690 586 3744 linem
618 3688 859 3754 fortiter,
903 3692 959 3741 et
1011 3686 1261 3756 disponit
1317 3686 1511 3740 omnia
1575 3687 1900 3741 suaviter.»
1953 3688 2107 3743 Sicut

412 3795 549 3849 ergo
581 3779 720 3845 haec,
759 3778 836 3830 ita
865 3777 1035 3830 etiam
1067 3781 1122 3829 et
1153 3777 1464 3829 electorum
1497 3792 1803 3830 numerum
1837 3782 1891 3831 et
1914 3794 2104 3848 repro-

410 3868 613 3921 borum
645 3865 930 3936 cognovit,
973 3869 1029 3919 et
1059 3865 1205 3919 sicut
1245 3865 1640 3919 universorum
1675 3866 1968 3920 ordinator
1996 3872 2100 3932 est,

412 3957 491 4011 sic
536 3956 708 4010 etiam
749 3959 803 4008 et
854 3970 1055 4009 eorum
1088 3971 1099 4008 :
1140 3969 1240 4006 nec
1271 3958 1497 4007 tantum
1553 3954 1763 4007 horum
1818 3959 1943 4008 acta
1974 3971 2101 4025 qua:

412 4048 619 4115 gerunt
656 4043 714 4096 in
748 4042 1014 4113 praesenti
1046 4042 1180 4104 vita,
1224 4042 1323 4095 sed
1362 4045 1418 4095 et
1446 4042 1587 4095 fines
1621 4058 1820 4095 eorum
1863 4047 1918 4096 et
1946 4043 2104 4097 novit

412 4138 467 4185 et
496 4131 766 4200 disponit.
802 4130 1058 4193 Qualiter
1104 4133 1293 4181 autem
1339 4129 1407 4179 de
1471 4130 1714 4199 singulis
1772 4135 1919 4200 agat,
1984 4147 2097 4183 non

411 4236 556 4272 novo
587 4219 843 4281 consilio,
873 4234 974 4269 nec
1007 4233 1149 4270 nova
1176 4216 1525 4286 cogitatione
1572 4218 1840 4286 concipit,
1892 4219 1991 4273 sed
2040 4220 2097 4272 in
2140 4256 2182 4309 Ι)

411 4307 725 4360 aeternitate
757 4304 1159 4374 dispositiones
1187 4322 1304 4358 suae
1325 4306 1582 4359 universa
1608 4306 2099 4376 quemadmodum

411 4398 691 4464 geruntur
719 4408 821 4463 per
840 4392 1222 4446 successiones
1254 4398 1577 4463 temporum
1606 4394 1882 4465 disposita
1934 4399 2098 4464 sunt;

411 4482 568 4552 quia,
598 4481 743 4535 sicut
763 4480 843 4534 ait
863 4480 1184 4549 Apostolus,
1225 4482 1432 4551 «apud
1486 4483 1663 4535 Deum
1701 4499 1817 4535 non
1863 4489 1948 4537 est
1988 4486 2102 4538 ulla

409 4570 800 4632 commutatio,
833 4585 939 4622 nec
988 4568 1393 4622 vicissitudinis
1446 4569 1832 4625 obumbratio.
1872 4592 1899 4619 ››
1946 4572 2102 4626 Sicut

408 4659 561 4711 enim
595 4664 842 4711 aeternus
867 4662 970 4724 est,
1005 4657 1083 4710 ita
1111 4663 1167 4711 et
1202 4659 1549 4712 aeternaliter
1575 4659 1770 4712 omnia
1819 4660 2011 4728 novit;
2045 4664 2101 4715 et

410 4747 552 4800 sicut
577 4747 771 4800 omnia
801 4746 1256 4816 comprehendit,
1295 4746 1371 4799 ita
1420 4747 1670 4801 scientiae
1724 4764 1838 4801 sum
1882 4749 2097 4803 lumine

407 4851 765 4908 qumcunque
822 4841 973 4895 sunt,
1031 4839 1085 4887 et
1143 4836 1394 4899 fuerunt,
1428 4840 1483 4890 et
1531 4836 1723 4890 futura
1774 4841 1927 4900 sunt,
1984 4854 2097 4892 uno

407 4925 621 4978 intuitu
647 4928 971 4977 contuetur.
1012 4926 1075 4976 Et
1105 4924 1249 4976 sicut
1280 4924 1419 4978 nihil
1446 4924 1579 4978 novi
1608 4930 1692 4977 est
1720 4926 1874 4995 apud
1906 4926 2091 4994 illum,

406 5014 485 5067 ita
513 5014 571 5066 in
596 5018 807 5067 aeterua
837 5010 1207 5081 dispositione
1241 5013 1559 5066 consistunt
1591 5012 1963 5068 immobiliter
1986 5015 2094 5069 fixa

405 5100 654 5171 qualiter
675 5104 1066 5156 creaturarum
1100 5101 1241 5153 ordo
1285 5117 1387 5170 per
1436 5100 1822 5155 successiones
1867 5105 2094 5172 tempo-

402 5205 533 5243 rum
564 5194 767 5261 agatur
800 5206 815 5243 :
856 5188 917 5243 in
948 5205 1060 5259 qua
1107 5188 1581 5259 sempiternitatis
1638 5188 2009 5260 dispositione
2041 5195 2097 5244 et

402 5279 717 5333 electorum
743 5277 920 5333 finem
952 5283 1005 5332 et
1047 5277 1425 5348 reproborum
1456 5278 1741 5349 cognovit,
1789 5282 1845 5331 et
1882 5279 1953 5333 de
1984 5278 2092 5333 sin-

402 5367 551 5436 gulis
584 5367 723 5438 quid
754 5367 1040 5438 agendum
1069 5366 1748 5437 sitsempiternoconsilio
1768 5366 2095 5421 immutabi-

399 5454 531 5510 liter
561 5457 1004 5511 determinatam
1036 5460 1137 5510 est.
1164 5457 1292 5509 Hazc
1306 5461 1499 5509 autem
1516 5455 1849 5525 sempiterni
1868 5456 2092 5510 consilii

400 5544 698 5615 dispositio
728 5546 1155 5615 praadestinatio
1182 5550 1267 5600 est
1287 5560 1524 5615 operum
1558 5544 1679 5611 Dei,
1712 5559 1827 5615 qua
1878 5544 2092 5615 praede-

2230 512 2299 565 ad
2324 528 2541 565 nmnas.

2365 528 2541 566 uanas.

2306 528 2385 655 Se
2416 617 2529 672 qua
2555 600 2930 670 dispositione
2964 599 3061 652 Dei
3097 601 3157 654 B.
3187 599 3543 669 Augustinus
3576 598 3636 652 in
3681 599 3829 652 libro
3858 599 3927 651 de

2229 688 2409 743 libero
2441 689 2693 743 Arbitrio
2726 688 2983 759 loquitur
3011 692 3151 756 (cap.
3185 687 3294 755 20),
3328 688 3729 740 demonstrans
3769 686 3927 756 quod

2227 777 2627 831 universorum
2687 776 3027 843 voluntates,
3076 792 3193 828 non
3240 776 3422 828 solum
3474 775 3676 842 bonas,
3731 776 3824 828 sed
3871 780 3930 828 et

2228 866 2427 931 malas,
2459 881 2803 935 quocunque
2843 864 3084 917 voluerit
3116 864 3367 929 inclinat,
3421 870 3477 917 et
3508 865 3630 934 ejus
3681 864 3926 933 disposi-

2226 952 2372 1006 tioni
2402 953 2675 1017 serviunt,
2700 953 2776 1005 ita
2808 951 3038 1005 dicens:
3099 950 3393 1019 Scriptura
3438 951 3652 1010 divina,
3685 952 3731 1004 si
3791 952 3924 1005 dili-

2225 1047 2428 1111 genter
2475 1041 2831 1110 inspiciatur,
2874 1040 3126 1094 ostendit
3162 1055 3282 1093 non
3312 1040 3456 1093 solas
3503 1040 3683 1094 bonas
3732 1040 3926 1093 homi-

2222 1146 2363 1183 num
2398 1130 2737 1194 voluntates,
2782 1146 2922 1199 quas
2967 1129 3089 1197 ipse
3136 1128 3271 1181 facit
3324 1144 3391 1181 ex
3436 1128 3622 1189 malis,
3659 1133 3714 1180 et
3773 1147 3802 1180 a
3862 1143 3921 1180 se

2224 1220 2398 1273 factas
2431 1220 2607 1272 bonas
2643 1220 2709 1271 ad
2749 1223 2905 1271 actus
2961 1218 3140 1271 bonos
3190 1224 3248 1270 et
3277 1217 3345 1270 ad
3389 1222 3664 1270 aeternam
3727 1217 3927 1286 dirigit

2222 1307 2419 1373 vitam,
2479 1323 2673 1361 verum
2728 1306 2899 1360 etiam
2956 1306 3081 1359 illas
3140 1322 3267 1376 quas
3324 1311 3661 1359 conservant
3728 1305 3923 1358 smenli

2224 1401 2567 1463 creaturam,
2602 1397 2678 1449 ita
2704 1411 2822 1449 esse
2850 1394 2908 1448 in
2940 1393 3037 1448 Dei
3082 1397 3385 1463 potestate,
3420 1399 3485 1447 ut
3532 1410 3625 1447 eas
3673 1410 3788 1464 quo
3833 1410 3922 1446 vo-

2223 1484 2414 1549 luerit,
2442 1484 2675 1554 quando
2706 1483 2968 1549 voluerit,
3002 1481 3171 1536 faciat
3202 1481 3488 1549 inclinari,
3522 1482 3605 1534 vel
3641 1482 3708 1535 ad
3745 1482 3921 1534 bene-

2222 1572 2349 1625 ficia
2375 1572 2715 1641 quibusdam
2750 1571 3094 1640 praestanda,
3120 1570 3203 1622 vel
3237 1570 3303 1622 ad
3335 1586 3534 1639 poenas
3574 1569 3920 1640 quibusdam

2229 1660 2591 1730 ingerendas,
2625 1661 2771 1713 sicut
2800 1660 2919 1729 ipse
2945 1659 3185 1728 judicat,
3249 1658 3631 1712 occultissimo
3684 1658 3923 1728 quidem

2224 1748 2460 1818 judicio,
2490 1749 2587 1802 sed
2635 1748 2756 1802 sine
2819 1748 2931 1801 ulla
2982 1747 3341 1801 dubitatione
3387 1746 3726 1816 justissimo.
3780 1748 3921 1800 Nam

2227 1836 2550 1890 invenimus
2579 1837 2770 1907 aliqua
2799 1840 3029 1904 peccata
3054 1836 3224 1888 etiam
3268 1851 3462 1904 poenas
3501 1852 3623 1888 esse
3667 1836 3919 1889 aliorum

2226 1930 2612 1995 peccatorum,
2654 1926 2797 1978 sicut
2829 1944 2856 1974 «
2889 1931 3021 1977 sunt
3048 1940 3175 1976 vasa
3209 1924 3331 1991 iraa,
3367 1943 3392 1973 »
3431 1939 3559 1994 quae
3594 1923 3732 1976 dicit
3771 1926 3921 1994 Apo-

2225 2016 2424 2083 stolus,
2458 2036 2478 2062 ί
2514 2014 2765 2084 perfecta
2801 2014 2859 2065 in
2918 2012 3298 2083 perditionem
3371 2014 3544 2081 (Item.
3596 2030 3671 2079 ix,
3731 2016 3851 2082 22};
3890 2036 3916 2061 ››

2224 2103 2367 2155 sicut
2395 2107 2450 2156 et
2477 2101 2764 2155 induratio
2806 2101 3141 2166 Pharaonis,
3194 2102 3355 2171 cujus
3412 2108 3468 2155 et
3500 2117 3667 2153 causa
3710 2102 3921 2155 dicitur

2226 2212 2253 2240 «
2308 2191 2376 2244 ad
2422 2191 2830 2245 ostendendam
2879 2190 2938 2242 in
2992 2189 3089 2243 illo
3139 2190 3403 2241 virtutem
3456 2188 3553 2242 Dei
3585 2189 3784 2255 (Exod.
3819 2206 3917 2250 vn,

2224 2278 2305 2347 3);
2346 2301 2365 2325 »
2402 2279 2550 2331 sicut
2578 2284 2664 2331 est
2694 2278 2829 2346 fuga
2861 2278 3243 2330 [sraelitarum
3278 2295 3306 2328 a
3357 2276 3499 2329 facie
3544 2276 3793 2329 hostium
3841 2277 3917 2330 de

2221 2367 2443 2420 civitate
2475 2367 2570 2420 Hai
2614 2367 2744 2436 (Jos.
2800 2380 2887 2429 vn,
2937 2367 2990 2431 4,
3026 2366 3123 2435 5);
3175 2366 3231 2418 in
3283 2365 3478 2419 animo
3525 2366 3678 2418 enim
3735 2365 3919 2418 factus

2221 2461 2305 2509 est
2334 2454 2509 2508 timor
2540 2460 2601 2507 ut
2630 2455 2923 2525 fugerent;
2952 2460 3009 2508 et
3037 2454 3145 2507 hoc
3175 2454 3385 2507 factum
3421 2458 3503 2507 est
3541 2458 3605 2507 ut
3655 2453 3917 2507 vindica—

2219 2549 2379 2597 retur
2404 2548 2695 2614 peccatum
2742 2559 2807 2596 eo
2862 2542 3033 2596 modo
3087 2559 3200 2613 quo
3261 2542 3670 2596 vindicandum
3704 2542 3913 2596 fuerat.

2223 2633 2380 2686 Unde
2410 2632 2549 2686 dixit
2582 2632 2856 2685 Dominus
2886 2632 2953 2685 ad
2982 2632 3175 2685 Jesum
3208 2633 3392 2685 Nave:
3430 2652 3457 2681 «
3491 2632 3612 2683 Non
3645 2637 3919 2700 poterunt

2220 2721 2323 2775 ﬁlii
2365 2721 2537 2774 Israel
2569 2721 2877 2774 subsistere
2898 2725 3031 2774 ante
3062 2720 3264 2774 faciem
3285 2720 3653 2773 inimicorum
3678 2735 3917 2771 suorum

2221 2809 2383 2879 (Ibid.
2424 2810 2528 2881 12).
2568 2831 2588 2857 ι
2646 2808 2791 2873 Quid
2843 2814 2928 2863 est
2958 2828 2986 2859 ι(
3045 2825 3161 2862 non
3214 2812 3479 2879 poterunt
3508 2807 3851 2861 subsistere?
3886 2816 3949 2857 ν’

2221 2898 2405 2961 Quare
2438 2914 2553 2951 non
2585 2898 2968 2953 subsistebant
3013 2914 3116 2967 per
3161 2898 3403 2950 liberum
3434 2896 3754 2961 arbitrium,
3814 2896 3919 2950 sed

2146 2970 2185 3023 (ἶ
2220 3003 2319 3056 per
2352 2986 2616 3039 timorem
2673 2986 2901 3040 turbata
2949 2985 3240 3039 voluntate
3271 2984 3588 3054 fugiebant,
3641 2984 3751 3037 nisi
3779 2985 3919 3053 quia

2222 3076 2367 3129 Deus
2389 3075 2716 3129 dominatur
2769 3080 2824 3129 et
2853 3073 3241 3127 voluntatibus
3294 3073 3618 3139 hominum,
3680 3076 3735 3124 et
3767 3088 3917 3142 quos

2222 3164 2335 3217 vult
2365 3164 2420 3217 in
2450 3164 2820 3218 formidinem
2878 3163 3154 3217 convertit
3214 3162 3391 3216 iratus
3411 3162 3439 3214 ‘P
3492 3162 3766 3232 Nunquid
3789 3177 3909 3215 non

2216 3252 2404 3306 hostes
2472 3254 2853 3306 Israelitarum
2922 3252 3189 3306 adversus
3231 3251 3510 3319 populum
3554 3251 3671 3315 Dei,
3734 3266 3911 3320 quem

2215 3340 2458 3393 ducebat
2495 3341 2655 3392 Jesus
2702 3341 2873 3404 Nave,
2933 3354 3033 3391 sua
3086 3340 3378 3391 voluntate
3427 3337 3807 3407 pugnarunt?
3838 3336 3913 3389 Et

2216 3431 2407 3479 tamen
2439 3426 2577 3479 dicit
2614 3425 2924 3495 Scriptura,
2959 3448 2978 3474 ‹
3019 3426 3155 3497 quia
3201 3442 3305 3496 per
3336 3425 3646 3479 Dominum
3694 3424 3910 3479 factum

2216 3518 2299 3567 est
2335 3514 2641 3568 confortari
2673 3531 2768 3568 cor
2792 3530 3011 3579 eorum,
3049 3519 3111 3567 ut
3159 3513 3383 3567 obviam
3420 3513 3569 3567 irent
3603 3513 3673 3566 ad
3691 3513 3910 3566 bellum

2217 3608 2414 3656 contra
2462 3603 2655 3667 Israel,
2712 3607 2775 3655 ut
2830 3602 3353 3656 exterminarentur
3409 3602 3543 3671 (Jos.
3600 3618 3695 3667 xu,
3731 3603 3838 3669 20).
3882 3622 3903 3648 ι

2217 3691 2485 3761 Nunquid
2513 3707 2625 3744 non
2676 3707 2779 3744 sua
2828 3692 3119 3745 voluntate
3177 3691 3351 3744 homo
3400 3690 3700 3759 improbus
3756 3689 3912 3743 filius

2217 3778 2443 3835 Gemini
2476 3778 2849 3832 maledicebat
2898 3778 3016 3849 regi
3058 3779 3278 3832 David?
3319 3783 3373 3832 et
3420 3786 3613 3833 tamen
3663 3777 3800 3848 quid
3831 3778 3915 3831 ait

2215 3868 2386 3921 David
2409 3869 2613 3937 plenus
2642 3883 2777 3921 vera
2803 3871 2859 3920 et
2883 3867 2995 3920 alta
3026 3866 3344 3936 sapientia?
3395 3867 3531 3936 quid
3563 3866 3645 3919 ait
3689 3866 3771 3919 illi
3810 3868 3915 3936 qui

2213 3956 2650 4010 maledicentem
2678 3961 2975 4025 percutere
3008 3956 3227 4009 voluit?
3261 3976 3286 4004 ‹‹
3316 3955 3465 4019 Quid
3503 3955 3665 4021 mihi,
3695 3953 3907 4024 inquit,

2213 4051 2271 4099 et
2298 4045 2475 4111 vobis,
2523 4045 2627 4098 ﬁlii
2673 4044 2923 4099 Sarviaz?
2949 4044 3225 4097 Diinittite
3280 4060 3413 4096 eum
3467 4049 3530 4096 ut
3584 4043 3908 4109 maledicat,

2214 4133 2659 4204 quia.Dominus
2713 4132 2854 4186 dixit
2900 4131 2980 4185 illi
3040 4131 3376 4184 maledicere
3432 4130 3721 4197 David;et
3776 4130 3911 4201 quis

2215 4220 2362 4274 dicet
2391 4222 2443 4273 ei
2472 4236 2484 4273 :
2520 4219 2703 4283 Quare
2735 4219 2915 4273 fecisti
2940 4219 3105 4273 sic?»
3131 4220 3228 4289 (II
3251 4222 3380 4288 Reg.
3402 4236 3512 4284 xvi,
3546 4222 3658 4289 10.)
3690 4219 3912 4273 Deinde

2215 4308 2510 4378 Scriptura
2544 4307 2736 4362 divina
2762 4309 2991 4378 plenam
3046 4309 3385 4363 sententiam
3447 4308 3597 4377 regis
3652 4308 3807 4361 velut
3834 4306 3909 4360 ab

2212 4396 2321 4450 alio
2347 4396 2514 4451 initio
2546 4397 2853 4467 repetendo
2877 4397 3288 4451 commendans
3317 4413 3329 4450 :
3372 4419 3391 4443 α
3422 4398 3485 4450 Et
3513 4397 3676 4462 dixit,
3710 4396 3905 4466 inquit

2211 4485 2385 4539 David
2441 4485 2512 4538 ad
2572 4484 2771 4539 Abizai
2804 4489 2859 4538 et
2916 4485 2983 4539 ad
3018 4502 3218 4539 omnes
3278 4502 3487 4556 pueros
3549 4486 3708 4555 ejus:
3766 4486 3909 4539 Ecce

2208 4574 2361 4628 ﬁlius
2393 4590 2573 4639 meus,
2609 4573 2709 4645 qui
2739 4573 2911 4628 exivit
2940 4575 3009 4628 de
3042 4579 3203 4628 utero
3235 4590 3383 4640 meo,
3414 4573 3622 4644 quaerit
3651 4574 3906 4628 animam

2209 4680 2418 4731 meam,
2467 4668 2522 4716 et
2570 4662 2752 4716 adhuc
2813 4662 2980 4716 modo
3043 4663 3163 4734 (aL,
3215 4668 3431 4733 quanto
3492 4662 3673 4733 magis
3726 4663 3907 4732 nunc)

2207 4752 2359 4806 ﬁlius
2388 4750 2628 4805 Gemini.
2664 4750 2841 4805 Sinite
2899 4751 3063 4806 illum
3120 4757 3181 4805 ut
3238 4751 3565 4816 maledicat,
3626 4750 3906 4821 quoniam

2207 4839 2347 4894 dixit
2377 4839 2461 4892 illi
2495 4839 2663 4904 Deus,
2686 4843 2752 4891 ut
2776 4839 2964 4893 videat
2981 4839 3253 4893 Dominus
3274 4839 3657 4893 humilitatem
3688 4854 3904 4904 meam,

2206 4931 2261 4980 et
2299 4927 2580 4980 retribuat
2618 4926 2761 4980 mihi
2822 4927 2973 4981 bona
2999 4942 3105 4996 pro
3172 4926 3478 4981 maledicto
3537 4927 3662 4996 ejus
3713 4927 3776 4980 in
3808 4925 3906 4980 die

2203 5014 2313 5069 isto
2375 5015 2573 5082 (Ibid.,
2628 5017 2853 5086 11,12).
2908 5034 2935 5066 ››
2996 5015 3291 5078 Quomodo
3346 5016 3556 5070 dixerit
3622 5014 3906 5069 Dominus

2202 5103 2423 5158 homini
2453 5103 2586 5157 huic
2617 5104 2956 5158 maledicere
2987 5103 3180 5169 David,
3215 5103 3343 5174 quis
3374 5105 3603 5176 sapiens
3633 5108 3690 5158 et
3732 5104 3904 5157 intel-

2202 5192 2380 5262 liget?
2409 5193 2533 5245 Non
2581 5191 2733 5246 enim
2762 5192 3017 5262 jubendo
3049 5191 3193 5245 dixit
3244 5193 3413 5258 Deus,
3449 5194 3545 5246 ubi
3576 5192 3908 5247 obedientia

2201 5280 2561 5346 laudaretur;
2603 5280 2699 5334 sed
2744 5280 2899 5351 quod
2950 5282 3070 5350 ejus
3119 5281 3474 5336 voluntatem
3532 5282 3765 5352 proprio
3796 5298 3905 5335 suo

2199 5368 2335 5445 vitio
2360 5369 2571 5422 malam
2612 5369 2671 5422 in
2723 5369 2829 5422 hoc
2887 5374 3182 5438 peccatum
3237 5370 3456 5441 judicio
3512 5387 3615 5423 suo
3645 5371 3799 5440 justo
3836 5376 3896 5424 et

2201 5458 2421 5511 occulto
2454 5456 2768 5522 inclinavit,
2794 5456 2924 5510 ideo
2969 5457 3183 5511 dictum
3226 5463 3326 5522 est,
3363 5479 3389 5506 κ
3421 5457 3565 5512 dixit
3595 5457 3647 5511 ei
3702 5457 3900 5511 Domi-

2199 5562 2325 5599 nus.
2365 5566 2385 5593 ι
2420 5546 2560 5598 Nam
2607 5544 2904 5613 sijubenti
2956 5546 3408 5616 obtemperasset
3457 5548 3594 5612 Deo,
3652 5545 3895 5601 laudan-
