4138 6194
254 320 310 367 Π
1356 315 1444 370 DE
1486 316 2154 374 PRAEDESTINATIONE
2190 318 2329 373 DEI.
2358 348 2426 358 —
2457 321 2585 374 LIB.
2622 324 2663 377 ι.
2871 372 2873 376 έ
3690 330 3753 381 18

247 445 355 497 dus
386 444 581 514 potius
608 459 783 513 quam
821 444 1152 513 puniendus
1183 451 1347 510 esset,
1381 445 1548 513 sicut,
1581 462 1648 499 ex
1678 447 1783 500 hoc
1808 462 1936 517 pec-
1980 450 2024 503 A
2052 452 2181 513 test,
2201 464 2400 503 eorum
2424 450 2691 520 spiritum
2718 453 2997 507 Dominus
3020 455 3330 521 suscitavit,
3355 460 3412 511 et
3429 460 3624 512 tamen
3652 475 3755 514 sua

242 539 436 585 catum
490 531 617 603 [al.,
648 531 905 603 peccato]
938 538 1137 602 postea
1187 534 1447 587 novimus
1480 551 1600 588 esse
1656 536 1943 604 punitum.

249 623 364 675 Nec
412 637 581 674 causa
640 621 813 674 tacita
867 625 953 674 est
1007 637 1109 675 cur
1158 622 1210 674 ei
1272 622 1548 676 Dominus
1602 622 1710 677 isto
1772 625 1945 678 modo

245 711 456 764 dixerit
482 710 822 764 maledicere
858 710 1061 776 David;
1093 711 1201 764 hoc
1234 716 1319 764 est
1349 728 1445 764 cor
1487 713 1611 779 ejus
1641 712 1857 767 malum
1886 713 1945 767 in

243 800 354 852 hoc
386 804 686 868 peccatum
737 798 958 852 miserit
1006 799 1092 851 vel
1138 799 1467 853 dimiserit:
1531 818 1558 851 ‹‹
1616 786 1683 853 ut
1731 802 1943 868 videat,

242 887 458 957 inquit,
514 887 787 941 Dominus
840 887 1225 942 humilitatem
1285 904 1495 953 meam,
1562 894 1617 942 et
1668 890 1947 945 retribuat

242 976 389 1030 mihi
420 976 574 1029 bona
597 992 700 1046 pro
730 976 1037 1029 maledicto
1066 976 1187 1045 ejus
1212 976 1271 1029 in
1297 977 1387 1029 die
1408 977 1536 1030 isto.
1564 998 1591 1026 »
1628 979 1760 1031 Ecce
1793 994 1941 1048 quo-

243 1065 418 1117 modo
468 1065 745 1134 probatur
792 1066 969 1119 Deum
1002 1064 1084 1118 uti
1116 1065 1378 1119 cordibus
1428 1071 1484 1118 et
1540 1068 1824 1120 malorum
1874 1068 1943 1121 ad

243 1154 472 1206 laudem
492 1158 663 1221 atque
682 1154 1077 1221 adjumeutum
1098 1153 1401 1207 bonorum.
1430 1154 1519 1208 Sic
1540 1171 1676 1208 usus
1699 1155 1943 1208 estJuda

240 1241 505 1295 tradente
535 1242 823 1295 Christum
851 1260 866 1307 ;
898 1242 977 1295 sic
1019 1258 1152 1294 usus
1188 1248 1274 1295 est
1317 1242 1528 1295 Iudaeis
1558 1242 1939 1311 cruciﬁgenti.

237 1330 348 1381 bus
380 1328 693 1383 Christum.
730 1331 794 1383 Et
823 1336 1036 1400 quanta
1067 1329 1203 1383 inde
1235 1330 1385 1383 bona
1418 1330 1678 1399 praestitit
1714 1330 1941 1400 populis

239 1416 575 1470 crediturisl
611 1417 719 1480 Qui
757 1422 815 1471 et
868 1417 991 1487 ipso
1046 1416 1275 1471 diabolo
1331 1418 1511 1471 utitur
1542 1417 1809 1487 pessimo,
1843 1418 1938 1471 sed

239 1504 487 1575 optime,
523 1505 594 1557 ad
616 1505 990 1559 exercendam
1010 1509 1065 1558 et
1088 1506 1449 1574 probandam
1480 1506 1654 1559 ﬁdem
1684 1510 1741 1559 et
1763 1505 1939 1575 pieta-

238 1596 358 1646 tem
403 1593 715 1658 bonorum,
772 1610 885 1647 non
919 1593 1049 1660 sibi,
1107 1593 1207 1663 qui
1250 1595 1445 1648 omnia
1475 1594 1580 1647 scit
1630 1599 1937 1665 antequam

2056 538 2347 592 voluntate
2379 544 2677 593 venerunt.
2716 541 2847 611 Agit
2876 542 3031 597 enim
3072 545 3268 598 omnia
3308 551 3508 615 potens
3539 547 3599 601 in
3628 564 3751 603 cor-

2056 625 2223 680 dibus
2249 626 2549 681 hominum
2591 628 2762 683 etiam
2792 636 3008 684 motum
3059 634 3365 687 voluntatis
3394 635 3648 702 illorum,
3690 643 3753 691 ut

2054 730 2157 783 per
2183 731 2276 768 eos
2319 720 2448 787 agat
2495 718 2643 787 quod
2677 734 2780 786 per
2810 734 2907 771 eos
2948 736 3115 788 agere
3168 721 3289 791 ipse
3341 724 3605 791 voluerit,
3647 727 3747 796 qui

2054 802 2290 856 omnino
2323 804 2533 873 injuste
2552 806 2768 875 aliquid
2799 807 2941 860 velle
2965 825 3079 861 non
3104 811 3280 864 novit.
3314 812 3459 875 Quid
3492 818 3575 867 est
3596 815 3748 883 quod

2051 890 2222 944 homo
2276 893 2375 945 Dei
2407 892 2549 946 dixit
2571 894 2640 947 ad
2688 895 2982 948 Amaziam
3036 913 3232 966 regem
3272 914 3284 952 :
3340 901 3510 953 «Non
3560 902 3750 955 veniat

2049 983 2235 1033 tecum
2264 980 2543 1034 exercitus
2579 983 2746 1037 Israel
2785 999 2798 1036 :
2826 999 2940 1037 non
2973 989 3058 1037 est
3104 985 3258 1038 enim
3312 987 3587 1040 Dominus
3617 1005 3746 1042 cum

2050 1068 2219 1120 Israel
2262 1073 2316 1121 et
2345 1069 2610 1123 omnibus
2638 1070 2772 1123 ﬁliis
2812 1072 3058 1141 Ephrem
3094 1089 3106 1126 :
3135 1073 3411 1143 quoniam
3442 1075 3487 1127 si
3518 1081 3746 1144 putave-

2050 1154 2128 1207 ris
2176 1155 2437 1209 obtinere
2478 1162 2531 1211 te
2578 1158 2639 1210 in
2690 1158 2825 1223 illis,
2870 1160 2927 1211 in
2962 1160 3158 1230 fugam
3193 1164 3486 1215 convertet
3513 1166 3566 1213 te
3600 1165 3746 1217 Deus

2049 1247 2178 1295 ante
2210 1242 2495 1311 inimicos,
2539 1246 2811 1314 quoniam
2847 1251 2932 1298 est
2970 1248 3148 1301 virtus
3191 1250 3303 1301 Deo
3360 1249 3443 1301 vel
3479 1249 3746 1319 adjuvare

2048 1332 2132 1383 vel
2166 1331 2225 1383 in
2253 1331 2449 1401 fugam
2483 1334 2740 1387 vertere?
2767 1354 2792 1384 ι›
2822 1336 2893 1402 (II
2926 1338 3056 1390 Par.
3101 1352 3227 1398 xxv,
3257 1341 3311 1403 7,
3338 1338 3413 1407 8.)
3446 1337 3744 1400 Quomodo

2048 1422 2223 1471 virtus
2261 1420 2359 1472 Dei
2398 1420 2538 1472 alios
2578 1422 2807 1491 adjuvat
2828 1422 2886 1476 in
2918 1423 3069 1477 bello
3097 1424 3286 1477 dando
3314 1426 3396 1477 eis
3449 1426 3743 1492 ﬁduciam,

2046 1506 2188 1559 alios
2218 1506 2474 1561 immisso
2522 1510 2728 1562 timore
2760 1512 2930 1564 vertit
2971 1512 3026 1564 in
3075 1512 3291 1581 fugam,
3336 1513 3443 1565 nisi
3476 1513 3612 1583 quia
3648 1515 3743 1568 ille

2051 1614 2073 1641 ι
2110 1595 2208 1664 qui
2240 1594 2299 1647 in
2343 1598 2484 1649 caslo
2518 1602 2574 1650 et
2604 1598 2660 1651 in
2716 1603 2868 1652 terra
2914 1601 3108 1654 omnia
3147 1617 3509 1672 quascunque
3564 1602 3744 1657 voluit

236 1679 381 1733 ﬁant
410 1680 509 1733 sed
542 1680 726 1746 nobis,
761 1680 970 1751 quibus
1002 1687 1124 1734 erat
1172 1683 1556 1735 necessarium
1584 1687 1648 1736 ut
1678 1698 1744 1735 eo
1768 1683 1934 1736 modo
1975 1722 2016 1778 Β
2045 1682 2180 1737 fecit
2206 1683 2373 1753 (Psal.
2416 1702 2631 1749 cxxxxv,
2658 1690 2732 1753 6),
2766 1709 2793 1736 ››
2840 1688 3015 1742 etiam
3047 1689 3107 1742 in
3138 1690 3443 1743 hominum
3474 1691 3742 1745 cordibus

236 1776 514 1837 ageretur
545 1768 861 1821 nobiscum.
895 1769 1161 1838 Nunquid
1198 1783 1310 1821 non
1342 1786 1443 1822 sua
1474 1772 1767 1825 voluntate
1815 1771 1935 1824 Ab-

236 1857 421 1909 salom
445 1856 621 1927 elegit
666 1857 969 1911 consilium
1011 1858 1166 1927 quod
1197 1858 1305 1911 sibi
1350 1858 1584 1911 oberat?
1622 1860 1685 1912 Et
1740 1863 1935 1912 tamen

238 1944 369 1997 ideo
427 1945 583 2009 fecit,
645 1945 780 2015 quia
832 1945 1160 1999 exaudierat
1223 1946 1494 1999 Dominus
1546 1947 1669 2016 ejus
1714 1953 1934 2017 patrem

238 2038 505 2086 orantem
536 2038 600 2085 ut
628 2033 737 2087 hoc
769 2034 949 2086 ﬁeret.
1004 2036 1242 2103 Propter
1273 2034 1424 2103 quod
1460 2034 1538 2087 ait
1594 2035 1887 2104 Scriptura
1920 2052 1931 2089 :

241 2143 261 2167 ι
305 2121 372 2174 Et
399 2121 673 2174 Dominus
703 2121 996 2174 mandavit
1042 2121 1319 2191 dissipare
1346 2122 1645 2176 consilium
1704 2124 1937 2177 Achito-

240 2209 371 2277 phel
396 2209 640 2272 bonum,
667 2214 729 2262 ut
748 2208 983 2263 inducat
1007 2208 1279 2262 Dominus
1304 2226 1475 2279 super
1497 2210 1762 2265 Absalom
1786 2213 1937 2265 mala

238 2296 439 2349 omnia
462 2298 547 2366 (II
566 2299 693 2364 Reg.
720 2314 849 2357 xvxx,
887 2296 990 2367 Ii).
1022 2318 1049 2345 n
1075 2316 1101 2348 α
1135 2299 1356 2351 Bonum
1389 2299 1736 2353 consilium»
1770 2301 1931 2367 dixit,

237 2386 393 2455 quod
426 2386 497 2437 ad
522 2389 749 2454 tempus
776 2386 1045 2455 proderat
1077 2403 1281 2447 causae,
1315 2388 1450 2457 quia
1492 2404 1596 2458 pro
1645 2388 1767 2459 ipso
1814 2394 1936 2443 erat

235 2479 437 2526 contra
489 2479 711 2543 patrem
762 2474 905 2543 ejus,
962 2479 1159 2527 contra
1216 2490 1388 2544 quem
1438 2476 1828 2539 rebellaverat,
1874 2481 1936 2531 ut

234 2579 369 2615 eum
400 2568 594 2626 posset
621 2562 968 2632 opprimere,
997 2562 1107 2616 nisi
1132 2563 1409 2616 Dominus
1440 2565 1738 2618 consilium
1767 2566 1933 2619 dissi-

232 2656 429 2719 passet
489 2650 644 2719 quod
693 2651 927 2705 dederat
970 2651 1330 2721 Achitophel,
1382 2653 1603 2722 agendo
1652 2652 1711 2706 in
1764 2655 1933 2708 corde

231 2739 526 2805 Absalom,
562 2744 625 2792 ut
655 2739 766 2792 tale
796 2739 1099 2793 consilium
1122 2739 1472 2809 repudiaret,
1510 2747 1566 2794 et
1588 2741 1742 2795 aliud
1776 2743 1929 2812 quod

229 2831 281 2882 ei
350 2846 473 2883 non
524 2829 861 2899 expediebat
913 2830 1151 2898 eligeret
1213 2830 1394 2899 (Ibid,
1454 2831 1565 2897 2t).
1623 2832 1759 2895 Quis
1812 2849 1929 2886 non

228 2919 340 2971 ista
386 2918 583 2971 divina
617 2917 833 2986 judicia
884 2918 1301 2985 contremiscat,
1344 2920 1554 2988 quibus
1610 2920 1727 2991 agit
1784 2922 1929 2974 Deus

2047 1776 2335 1840 operatur.
2376 1773 2637 1841 Legimus
2668 1774 2803 1843 quid
2844 1775 3051 1828 dixerit
3075 1778 3223 1843 Joas,
3247 1793 3345 1830 rex
3376 1778 3566 1843 Israel,
3603 1778 3739 1831 mit-

2045 1862 2167 1912 tens
2197 1859 2464 1913 nuntium
2500 1861 2568 1914 ad
2596 1862 2887 1914 Amaziam
2938 1878 3131 1933 regem
3166 1865 3452 1918 volentem
3484 1881 3740 1934 pugnare

2044 1964 2172 2001 cum
2206 1948 2327 2001 illo.
2357 1949 2499 2001 Nam
2525 1955 2649 2018 post
2680 1950 2871 2020 aliqua
2901 1951 3043 2004 dixit
3077 1967 3089 2005 :
3122 1972 3149 1999 «
3185 1954 3343 2005 Nunc
3369 1955 3501 2006 sede
3530 1954 3588 2006 in
3637 1953 3737 2007 do-

2046 2051 2139 2088 mo
2179 2039 2297 2089 tua.
2330 2036 2477 2100 Quid
2510 2052 2785 2105 provocas
2817 2038 2876 2091 in
2912 2042 2966 2092 te
3014 2040 3252 2104 malum,
3289 2045 3343 2092 et
3376 2041 3542 2094 cades
3571 2046 3633 2095 tu
3682 2047 3739 2095 et

2042 2124 2213 2178 Judas
2240 2127 2467 2178 tecum?
2503 2146 2530 2173 »
2556 2127 2659 2194 (IV
2686 2129 2814 2195 Reg.
2850 2144 2959 2192 xxv,
2983 2131 3037 2193 9,
3068 2128 3179 2196 10.)
3210 2129 3423 2183 Deinde
3449 2130 3736 2199 Scriptura

2042 2212 2382 2283 subjunxit:
2431 2231 2455 2265 ι
2496 2215 2561 2267 Et
2610 2230 2725 2267 non
2782 2216 3004 2270 audivit
3061 2217 3344 2284 Amazias,
3398 2218 3671 2288 quoniam
3705 2235 3739 2272 a

2043 2302 2157 2354 Deo
2189 2305 2310 2354 erat
2339 2304 2401 2353 ut
2429 2302 2753 2355 traderetur
2773 2303 2832 2356 in
2864 2304 3080 2357 malum
3117 2304 3241 2376 [al.,
3274 2306 3332 2359 in
3366 2322 3568 2359 manus
3588 2307 3733 2379 ejus]

2040 2389 2117 2459 (II
2137 2391 2261 2443 Par.
2290 2405 2374 2442 xv.
2416 2392 2499 2451 19,
2535 2390 2644 2459 '20),
2670 2390 2945 2460 quoniam
2964 2394 3317 2461 quassierunt
3346 2394 3481 2448 deos
3506 2396 3676 2450 Edon.
3706 2415 3733 2445 ι)

2040 2478 2178 2530 Ecce
2235 2478 2382 2531 Deus
2429 2478 2625 2531 volens
2678 2479 3022 2533 idololatriae
3066 2486 3362 2550 peccatum
3423 2482 3731 2550 vindicare,

2038 2566 2146 2618 hoc
2192 2571 2458 2633 operatus
2510 2570 2595 2619 est
2650 2566 2710 2619 in
2759 2568 2883 2635 ejus
2933 2570 3122 2634 corde,
3173 2570 3264 2623 cui
3324 2571 3521 2641 utique
3583 2572 3735 2641 juste

2039 2652 2407 2719 irascebatur,
2445 2657 2509 2706 ut
2533 2654 2985 2709 admonitionem
3019 2658 3304 2711 salubrem
3337 2675 3453 2712 non
3488 2646 3730 2725 audiret,

2037 2742 2134 2795 sed
2161 2759 2227 2795 ea
2258 2746 2586 2812 contempta
2626 2743 2737 2797 iret
2775 2743 2834 2796 in
2870 2746 3104 2809 bellum,
3140 2746 3237 2800 ubi
3267 2762 3394 2801 cum
3429 2764 3528 2801 suo
3571 2764 3730 2801 exer—

2035 2832 2147 2885 citu
2177 2831 2424 2884 caderet.
2461 2832 2567 2884 Per
2598 2831 2920 2886 Ezehielem
2971 2834 3312 2904 prophetam
3352 2835 3491 2888 dicit
3530 2837 3677 2890 Deus
3715 2854 3727 2890 :

2038 2938 2065 2969 (ί
2099 2920 2166 2972 Et
2193 2919 2478 2988 propheta
2509 2919 2556 2972 si
2588 2921 2881 2986 erraverit,
2924 2927 2980 2975 et
3011 2923 3231 2976 locutus
3254 2923 3450 2990 fuerit,
3479 2938 3584 2993 ego
3620 2926 3732 2979 Do-

229 3006 403 3060 etiam
440 3006 501 3059 in
529 3005 799 3060 cordibus
822 3006 1101 3060 malorum
1138 3007 1439 3061 hominum
1475 3009 1754 3080 quidquid
1788 3011 1924 3078 vult,
1966 2994 2004 3048 (δ
2042 3006 2229 3060 minus
2257 3006 2457 3060 seduxi
2486 3008 2831 3077 prophetam
2862 3009 3048 3075 illum,
3073 3015 3128 3063 et
3159 3011 3459 3065 extendam
3493 3028 3729 3067 manum

230 3093 481 3147 reddens
539 3092 618 3145 eis
676 3097 868 3146 tamen
915 3094 1229 3147 secundum
1278 3097 1481 3147 merita
1525 3095 1763 3148 eorum?
1813 3097 1925 3149 Ro-

229 3184 423 3245 boam,
480 3181 636 3234 ﬁlius
690 3181 1031 3246 Salomonis,
1083 3182 1303 3252 respuit
1344 3182 1645 3235 consilium
1701 3183 1926 3236 salubre

230 3271 529 3323 seniorum
585 3269 741 3340 quod
781 3272 831 3323 ei
860 3271 1154 3339 dederant,
1190 3287 1261 3324 ne
1320 3287 1448 3325 cum
1510 3273 1724 3341 populo
1783 3271 1925 3325 dure

226 3362 427 3428 ageret
460 3363 517 3411 et
563 3358 751 3411 verbis
787 3374 1105 3413 coaevorum
1138 3375 1370 3413 suorum
1401 3360 1586 3429 potius
1621 3359 1925 3430 acquievit,

226 3446 631 3516 respondendo
686 3448 984 3500 minaciter
1058 3447 1269 3517 quibus
1318 3448 1525 3501 leniter
1576 3448 1773 3501 debuit
1827 3450 1930 3514 (III

224 3539 353 3599 Reg.
388 3552 491 3600 xxx,
526 3538 559 3588 6
608 3537 751 3605 seq.)
800 3536 957 3590 Unde
1005 3536 1108 3589 hoc
1156 3536 1267 3589 nisi
1313 3537 1546 3605 propria
1587 3538 1924 3591 voluntate?

221 3625 328 3679 Sed
360 3624 501 3677 hinc
552 3623 619 3677 ab
667 3640 733 3677 eo
764 3628 1117 3678 recesserunt
1147 3625 1343 3679 decem
1397 3625 1579 3678 tribus
1626 3627 1816 3691 Israel,
1869 3630 1925 3680 et

222 3712 403 3765 alium
458 3726 658 3779 regem
704 3711 813 3765 sibi
857 3712 1278 3766 constituerunt
1330 3713 1654 3779 Jeroboam,
1704 3717 1765 3765 ut
1795 3712 1922 3766 irati

224 3799 323 3853 Dei
369 3798 643 3852 voluntas
698 3799 881 3864 ﬁeret,
917 3800 1072 3869 quod
1114 3801 1288 3854 etiam
1328 3800 1590 3854 futurum
1621 3816 1742 3854 esse
1771 3817 1921 3870 prae-

219 3888 463 3941 dixerat.
492 3888 638 3951 Quid
663 3888 817 3941 enim
849 3888 1140 3958 Scriptura
1163 3888 1344 3942 dicit?
1375 3908 1402 3939 «
1433 3890 1556 3943 Non
1589 3889 1801 3943 audivit
1826 3906 1920 3943 rex

218 3976 476 4046 plebem,
522 3974 797 4044 quoniam
842 3981 964 4029 erat
988 3976 1279 4030 conversio
1333 3992 1367 4029 a
1398 3976 1661 4043 Domino,
1700 3982 1761 4031 ut
1809 3981 1923 4030 sta-

217 4071 410 4119 tueret
442 4066 684 4118 verbum
723 4081 889 4118 suum
923 4066 1075 4136 quod
1111 4068 1332 4121 locutus
1361 4071 1446 4120 est
1475 4067 1530 4120 in
1557 4083 1735 4121 manu
1759 4068 1921 4122 Ahiaa

218 4154 487 4209 Silonitas
537 4152 608 4207 de
662 4154 966 4207 Jeroboam
1015 4154 1133 4208 ﬁlio
1186 4155 1405 4209 Nabath
1451 4156 1631 4223 (Ibid,
1692 4156 1831 4226 I59).
1890 4179 1916 4205 ››

2039 3111 2227 3149 meam
2278 3112 2451 3164 super
2498 3111 2652 3161 eum,
2704 3102 2760 3149 et
2792 3098 3185 3152 exterminabo
3242 3115 3372 3152 eum
3425 3099 3494 3153 de
3540 3101 3731 3155 medio

2039 3183 2238 3253 populi
2267 3182 2383 3235 mei
2430 3184 2601 3235 Israel
2637 3184 2847 3250 (Ezech.
2890 3201 2999 3249 xxv,
3049 3187 3122 3251 9).
3153 3207 3174 3234 ι
3232 3188 3295 3239 In
3324 3187 3470 3240 libro
3532 3189 3730 3243 Esther

2038 3270 2315 3341 scriptum
2346 3274 2429 3323 est
2459 3270 2611 3339 quod
2643 3271 2851 3323 mulier
2888 3288 2953 3324 ex
2994 3273 3206 3341 populo
3267 3274 3437 3326 Israel
3476 3274 3537 3326 in
3577 3278 3723 3330 terra

2038 3359 2381 3430 captivitatis
2412 3358 2559 3412 facta
2582 3365 2705 3413 erat
2732 3376 2876 3413 uxor
2905 3360 3244 3429 alienigenas
3266 3362 3416 3431 regis
3447 3365 3675 3416 Assueri
3709 3380 3722 3417 :

2039 3464 2175 3519 ergo
2208 3447 2267 3501 in
2316 3448 2438 3517 eius
2468 3446 2618 3501 libro
2677 3448 2954 3519 scriptum
2999 3453 3082 3503 est
3112 3455 3251 3518 (cap.
3302 3467 3382 3517 III,
3436 3450 3508 3521 xv)
3572 3453 3725 3521 quod

2036 3552 2169 3591 cum
2195 3536 2435 3590 haberet
2463 3536 2857 3590 necessitatem
2918 3537 3331 3591 interveniendi
3361 3553 3465 3607 pro
3508 3539 3723 3607 populo

2036 3642 2158 3691 suo,
2201 3640 2373 3695 quem
2403 3640 2499 3678 rex
2528 3623 2858 3695 ubicunque
2890 3626 2948 3679 in
3006 3641 3183 3695 regno
3231 3627 3354 3695 ejus
3403 3629 3569 3692 esset,
3603 3627 3723 3696 jus-

2034 3718 2185 3767 serat
2213 3712 2506 3778 trucidari,
2549 3712 2732 3766 oravit
2763 3713 2836 3766 ad
2873 3713 3216 3767 Dominum:
3275 3715 3513 3784 cogebat
3568 3716 3722 3768 enim

2034 3818 2160 3856 eam
2212 3816 2423 3871 magna
2458 3800 2782 3868 necessitas,
2837 3806 2899 3855 ut
2946 3807 3157 3871 praeter
3198 3803 3417 3871 jussum
3470 3803 3620 3874 regis
3671 3810 3726 3858 et

2034 3893 2242 3960 praeter
2267 3889 2528 3943 ordinem
2579 3905 2747 3942 suum
2792 3889 2860 3942 ad
2904 3888 3070 3941 illum
3105 3889 3342 3942 auderet
3386 3889 3621 3954 intrare,
3669 3896 3725 3945 et

2032 3977 2157 4031 vide
2210 3977 2348 4047 quid
2392 3976 2685 4047 Scriptura
2736 3975 2932 4030 dicat:
2995 3995 3023 4025 ‹‹
3057 3977 3122 4030 Et
3173 3976 3416 4030 intuitus
3464 3982 3548 4032 est
3596 3995 3721 4033 eam

2033 4069 2306 4134 tanquam
2333 4068 2533 4118 taurus
2559 4064 2619 4117 in
2673 4063 2895 4133 impetu
2928 4062 3341 4133 indignationis
3370 4080 3508 4131 suos,
3548 4069 3605 4118 et
3645 4066 3718 4118 ti-

2030 4153 2178 4207 muit
2203 4154 2423 4223 regina,
2455 4158 2512 4206 et
2542 4168 2847 4207 conversus
2873 4156 2957 4206 est
2986 4153 3140 4206 color
3180 4154 3303 4222 ejus
3340 4169 3443 4222 per
3473 4153 3722 4208 dissolu-

220 4243 440 4311 Nempe
472 4241 556 4293 sic
586 4242 801 4295 factum
832 4242 968 4296 illud
1008 4247 1093 4296 est
1122 4258 1226 4312 per
1256 4243 1504 4297 hominis
1544 4244 1914 4312 voluntatem,
1958 4260 2001 4314 ι)
2030 4241 2266 4308 tionem,
2302 4247 2357 4294 et
2412 4241 2709 4295 inclinavit
2738 4256 2797 4295 se
2846 4256 3017 4311 super
3069 4245 3241 4311 caput
3279 4241 3535 4296 delicatas
3581 4259 3717 4304 suae.

218 4335 282 4384 ut
303 4335 508 4383 tamen
524 4351 553 4377 ‹‹
576 4331 917 4385 conversio»
944 4336 1093 4385 esset
1114 4352 1141 4379 «
1158 4332 1462 4385 aDomino.
1485 4353 1505 4379 ι
1528 4332 1717 4403 Legite
1741 4333 1919 4386 libros

224 4420 733 4487 Paralipomenon,
783 4423 838 4473 et
858 4419 1162 4474 invenietis
1205 4419 1264 4472 in
1298 4419 1547 4473 secundo
1592 4420 1736 4474 libro
1783 4421 1917 4474 scri-

222 4514 384 4576 ptum
421 4522 436 4560 :
471 4528 500 4553 ιι
537 4512 594 4560 et
624 4507 913 4560 suscitavit
947 4508 1220 4561 Dominus
1250 4523 1423 4577 super
1450 4510 1639 4562 Joram
1653 4508 1918 4579 spiritum

222 4596 534 4649 Philistiim
558 4601 616 4649 et
646 4597 917 4663 Arabum,
950 4597 1048 4666 qui
1078 4597 1309 4650 ﬁnitimi
1340 4603 1499 4650 erant
1523 4597 1914 4669 Ethiopibus:

219 4689 273 4736 et
302 4684 694 4737 ascenderunt
719 4684 778 4737 in
808 4690 1017 4738 terram
1041 4685 1205 4751 Juda,
1230 4689 1286 4738 et
1312 4685 1729 4755 dissipaverunt
1766 4703 1913 4753 eam,

220 4778 273 4825 et
294 4776 582 4842 ceperunt
600 4788 829 4825 omnem
855 4773 1232 4827 substantiam
1256 4789 1383 4843 quas
1407 4774 1465 4826 in
1482 4775 1653 4828 domo
1681 4776 1919 4845 regisin-

216 4866 384 4914 venta
418 4864 507 4913 est
531 4860 605 4928 (II
630 4863 758 4915 Par.
781 4876 897 4927 xxx,
935 4864 1017 4928 16,
1064 4863 1170 4931 17).
1204 4882 1231 4911 ››
1259 4862 1358 4915 Hic
1386 4863 1705 4916 ostenditur
1737 4865 1914 4917 Deum

213 4949 492 5003 suscitare
522 4949 715 5003 hostes
754 4949 836 5002 eis
886 4950 1053 5002 terris
1110 4950 1396 5004 vastandis
1430 4968 1573 5022 quas
1602 4953 1703 5005 tali
1749 4969 1917 5021 poena

214 5040 433 5092 indicat
454 5038 679 5108 dignas.
702 5038 971 5110 Nunquid
997 5043 1192 5093 tamen
1213 5039 1516 5094 Philistiim
1539 5044 1596 5094 et
1612 5042 1826 5096 Arabes
1857 5043 1917 5095 in

212 5132 430 5181 terram
459 5127 722 5181 Iudaeam
744 5126 1132 5197 dissipandam
1160 5127 1281 5181 sine
1311 5144 1411 5181 sua
1441 5128 1732 5183 voluntate
1754 5146 1918 5184 vene-

214 5219 369 5281 runt,
410 5218 513 5267 aut
542 5213 620 5266 sic
667 5218 951 5267 venerunt
988 5230 1089 5267 sua
1125 5214 1435 5281 voluntate,
1472 5220 1536 5268 ut
1567 5217 1913 5270 mendaciter

216 5303 497 5373 scriptum
525 5301 597 5354 sit
628 5301 783 5372 quod
816 5320 843 5351 α
878 5303 1156 5356 Dominus
1180 5323 1208 5350 »
1233 5302 1301 5355 ad
1326 5302 1436 5356 hoc
1466 5302 1785 5357 faciendum
1817 5319 1913 5357 eo-

216 5402 342 5441 rum
368 5408 397 5433 «ι
414 5384 687 5455 spiritum
712 5385 1088 5440 suscitavit?»
1112 5387 1233 5439 Imo
1254 5390 1565 5457 utrumque
1582 5403 1783 5442 verum
1809 5392 1911 5453 est,

217 5476 347 5546 quia
379 5480 438 5528 et
488 5489 594 5528 sua
622 5474 920 5527 voluntate
965 5480 1266 5540 venerunt,
1318 5479 1374 5529 et
1403 5478 1595 5529 tamen
1648 5476 1913 5546 spiritum

216 5580 414 5619 eorum
446 5562 734 5619 Dominus
772 5562 1082 5618 suscitavit.
1115 5564 1277 5628 Quod
1333 5563 1507 5619 etiam
1556 5565 1635 5619 sic
1669 5564 1779 5619 dici
1808 5582 1912 5635 po-

2029 4346 2158 4401 quaa
2189 4329 2546 4400 praecedebat
2587 4345 2734 4383 eam.
2773 4331 2837 4383 Et
2865 4329 3148 4383 convertit
3179 4331 3347 4396 Deus,
3379 4336 3435 4383 et
3463 4335 3721 4386 transtu—

2028 4418 2094 4471 lit
2143 4418 2598 4487 indignationem
2644 4418 2767 4487 ejus
2808 4418 2869 4471 in
2928 4418 3218 4472 lenitatem
3250 4418 3465 4487 (Esther
3502 4435 3555 4485 ν,
3614 4436 3718 4475 sec.

2027 4507 2211 4575 LXX).
2230 4528 2256 4555 »
2275 4506 2561 4577 Scriptum
2576 4511 2661 4561 est
2677 4507 2804 4561 etin
2818 4506 3142 4560 Proverbiis
3155 4506 3480 4561 Salomonis
3503 4523 3516 4562 :
3551 4529 3578 4558 α
3602 4508 3719 4562 Sic-

2025 4599 2092 4647 ut
2120 4594 2370 4664 impetus
2400 4610 2583 4664 aqum,
2616 4593 2695 4648 sic
2720 4610 2815 4647 cor
2843 4594 2995 4665 regis
3016 4594 3073 4648 in
3096 4609 3270 4647 manu
3292 4594 3422 4659 Dei;
3455 4611 3720 4666 quocun-

2026 4698 2138 4752 que
2166 4682 2414 4735 voluerit
2444 4682 2751 4736 declinabit
2780 4683 2921 4736 illud
2960 4685 3138 4748 (Prov.
3177 4696 3287 4749 xxx,
3334 4682 3407 4753 4).
3470 4706 3492 4733 ι
3544 4686 3613 4739 Et
3662 4685 3719 4740 in

2024 4771 2246 4840 psalmo
2279 4786 2363 4824 cxv
2411 4770 2620 4839 legitur
2664 4771 2881 4825 dictum
2928 4771 2996 4825 de
3027 4771 3300 4842 Egyptiis
3343 4772 3481 4843 quid
3526 4774 3721 4829 fecerit

2026 4859 2105 4912 eis
2141 4859 2289 4912 Deus
2322 4875 2333 4913 :
2366 4878 2392 4909 «
2421 4861 2485 4913 Et
2530 4859 2811 4913 convertit
2851 4875 2949 4913 cor
2982 4875 3182 4913 eorum
3234 4865 3299 4914 ut
3342 4861 3571 4916 odirent
3622 4879 3719 4931 po-

2024 4948 2227 5017 pulum
2299 4949 2443 5018 ejus,
2518 4952 2575 5002 et
2633 4948 2831 5002 dolum
2900 4948 3153 5003 facerent
3218 4948 3279 5003 in
3342 4966 3529 5004 servos
3595 4951 3717 5017 ejus

2025 5037 2190 5105 (Psal.
2223 5052 2327 5103 cxv,
2378 5036 2493 5106 25).
2528 5055 2555 5087 »
2611 5037 2676 5089 In
2725 5036 2928 5090 litteris
2984 5037 3160 5092 etiam
3218 5036 3541 5109 apostolicis
3586 5036 3715 5089 vide

2024 5139 2154 5194 qua:
2199 5124 2407 5194 scripta
2450 5128 2581 5179 sunt
2629 5125 2689 5179 in
2720 5125 2967 5195 Epistola
3013 5127 3174 5181 Pauli
3229 5124 3470 5196 apostoli
3497 5124 3569 5178 ad
3600 5124 3713 5179 Ro-

2024 5228 2227 5266 manos
2261 5229 2273 5266 :
2320 5231 2348 5265 ‹‹
2382 5214 2691 5282 Propterea
2721 5214 2962 5268 tradidit
2991 5216 3116 5269 illos
3149 5217 3293 5269 Deus
3324 5214 3381 5266 in
3429 5211 3716 5268 desideria

2023 5300 2211 5355 cordis
2257 5317 2455 5355 eorum
2507 5302 2565 5356 in
2604 5302 3052 5358 immunditiam.
3092 5324 3112 5351 ι
3173 5304 3315 5355 Item
3361 5298 3535 5370 paulo
3587 5308 3717 5373 post

2028 5410 2050 5439 ι
2088 5391 2327 5459 Propter
2373 5390 2481 5444 hoc
2509 5391 2743 5446 tradidit
2780 5391 2910 5445 illos
2944 5393 3089 5445 Deus
3137 5390 3195 5442 in
3227 5389 3519 5459 passiones
3556 5391 3718 5462 igno-

2025 5478 2238 5533 minim.
2278 5501 2299 5527 ι»
2335 5480 2476 5533 Item
2506 5481 2678 5550 paulo
2710 5484 2839 5550 post
2872 5496 2885 5533 :
2921 5501 2947 5526 ‹‹
2979 5478 3132 5533 Sicut
3184 5494 3300 5532 non
3330 5479 3717 5550 probaverunt

2022 5568 2234 5625 habere
2282 5570 2464 5625 Deum
2522 5570 2581 5624 in
2626 5568 2849 5633 notitia,
2880 5565 3115 5621 tradidit
3151 5567 3281 5623 illos
3327 5570 3477 5625 Deus
3506 5570 3569 5626 in
3618 5586 3714 5625 re»
