4138 6186
356 308 413 359 t9
1070 356 1081 363 .
1495 306 1848 361 RATRAMNI
1876 306 2333 363 CORBEIENSIS
2362 308 2696 365 MONACHI.
3772 322 3841 373 20

350 439 592 511 probam
640 442 914 506 mentem,
973 442 1037 491 ut
1088 438 1299 492 faciant
1355 453 1485 508 quae
1534 453 1651 491 non
1699 438 2045 493 conveniunt
2080 439 2125 492 A
2154 439 2459 495 devoratur
2492 457 2504 494 :
2549 441 2693 495 alius
2722 445 2914 495 autem
2942 441 3118 496 vitam
3139 458 3301 497 suam
3332 444 3391 498 in
3422 445 3695 501 catholica
3735 447 3849 518 pie-

352 528 522 599 (Rom.
577 546 614 595 I,
675 528 764 595 24,
809 530 896 581 26.
931 526 1044 595 28).
1085 546 1106 575 ν
1164 528 1225 581 Et
1280 526 1347 579 ad
1398 526 1927 581 Thessalonicenses
1984 528 2046 581 in

355 618 603 688 Epistola
640 616 889 670 secunda
922 616 1002 671 ait
1031 617 1099 671 de
1142 616 1484 685 quibusdam
1514 632 1526 671 ι
1583 638 1609 664 α
1644 620 1747 672 Pro
1796 634 1861 671 eo
1894 619 2044 688 quod

359 706 721 761 dilectionem
752 705 1006 759 veritatis
1031 721 1147 758 non
1170 710 1529 775 receperunt,
1563 711 1626 759 ut
1657 706 1794 761 salvi
1821 706 2045 773 ﬁerent,

359 794 485 848 ideo
519 794 709 847 mittet
728 793 841 847 illis
859 796 1005 847 Deus
1033 795 1432 863 operationem
1456 794 1689 861 erroris,
1725 800 1788 848 ut
1817 796 2050 850 credant

357 883 677 950 mendacio,
717 885 772 935 et
797 881 1130 951 judicentur
1160 898 1360 935 omnes
1386 882 1485 951 qui
1518 898 1631 937 non
1686 884 2051 937 crediderunt

356 968 601 1035 veritati,
667 968 767 1022 sed
828 974 1238 1022 consenserunt
1295 970 1585 1040 iniquitati
1643 973 1715 1039 (ΙΙ
1762 972 1942 1026 Thess.
1990 987 2049 1037 II,

361 1062 445 1126 lO,
484 1059 593 1127 tl).
642 1078 668 1106 ››
706 1057 801 1110 His
840 1061 895 1110 et
939 1058 1147 1111 talibus
1176 1058 1516 1111 testimoniis
1541 1058 1865 1113 divinorum
1936 1060 2051 1113 elo-

361 1147 649 1218 quiorum,
691 1161 820 1215 quas
866 1146 1059 1198 omnia
1092 1162 1539 1200 commemorare
1570 1146 1741 1201 nimis
1794 1149 2051 1218 longum,

362 1235 519 1302 satis,
551 1239 830 1303 quantum
864 1233 1144 1302 existimo,
1187 1235 1584 1288 manifestatur
1608 1236 1834 1305 operari
1874 1238 2053 1290 Deum

362 1323 423 1376 in
454 1321 721 1376 cordibus
750 1322 1053 1376 hominum
1078 1323 1145 1377 ad
1182 1323 1537 1377 inclinandas
1560 1340 1759 1378 eorum
1787 1330 2055 1378 volunta-

363 1416 447 1464 tes
478 1426 822 1480 quocunque
856 1410 1121 1475 voluerit,
1157 1411 1272 1464 sive
1314 1412 1379 1465 ad
1411 1412 1559 1465 bona
1590 1429 1692 1482 pro
1725 1430 1828 1466 sua
1888 1413 2058 1466 mise-

365 1499 626 1565 ricordia,
684 1498 800 1552 sive
834 1499 902 1552 ad
951 1500 1101 1552 mala
1152 1516 1256 1569 pro
1312 1500 1534 1553 meritis
1572 1516 1793 1564 eorum,
1839 1501 2055 1570 judicio

368 1588 568 1658 utique
635 1604 737 1641 suo
798 1587 1106 1658 aliquando
1177 1593 1394 1658 aperto,
1455 1588 1763 1659 aliquando
1819 1590 2055 1653 occulto,

368 1691 593 1746 semper
632 1681 826 1729 tamen
864 1676 1040 1745 justo.
1079 1675 1277 1729 Fixum
1327 1675 1479 1729 enim
1511 1676 1677 1730 debet
1723 1693 1844 1730 esse
1875 1680 1931 1731 et
1958 1677 2060 1730 im-

368 1765 579 1819 mobile
614 1765 676 1816 in
706 1764 875 1817 corde
904 1768 1091 1817 vestro
1125 1764 1259 1834 quia
1298 1786 1318 1812 α
1355 1780 1467 1817 non
1498 1769 1581 1818 est
1605 1764 1880 1835 iniquitas
1910 1766 2062 1835 apud

370 1854 551 1907 Deum
583 1854 755 1922 (Rom.
791 1869 865 1920 IX,
902 1851 1007 1921 l4).
1039 1872 1066 1901 ››
1116 1854 1195 1905 Ac
1240 1868 1344 1922 per
1371 1853 1479 1906 hoc
1525 1854 1753 1923 quando
1783 1853 1972 1924 legitis
2004 1854 2065 1908 in

369 1940 573 1995 litteris
602 1940 857 1994 veritatis
902 1957 934 1993 a
980 1941 1094 1994 Deo
1127 1940 1321 1995 seduci
1350 1940 1639 2010 homines,
1692 1947 1789 1996 aut
1828 1943 2066 1997 obtundi

370 2031 455 2084 vel
488 2029 970 2099 obdurari‘corda
1016 2045 1236 2095 eorum,
1288 2030 1467 2083 nolite
1516 2031 1779 2084 dubitare
1817 2048 2062 2101 praeces-

371 2118 509 2171 sisse
539 2118 689 2170 mala
721 2117 927 2169 merita
958 2132 1178 2185 eorum,
1200 2122 1265 2171 ut
1288 2119 1440 2187 juste
1474 2118 1582 2171 ista
1609 2124 1959 2187 paterentur,
1993 2136 2065 2175 ne

371 2203 675 2258 incurratis
714 2203 859 2258 illud
903 2204 1275 2273 proverbium
1321 2205 1683 2261 Salomonis:
1730 2228 1758 2256 «
1792 2207 2069 2277 Insipien-

375 2293 455 2347 tia
493 2292 601 2345 viri
652 2291 828 2345 violat
872 2292 993 2346 vias
1032 2294 1172 2363 ejus,
1228 2294 1409 2347 Deum
1469 2297 1662 2349 autem
1710 2302 1976 2351 causatur
2006 2296 2067 2350 in

374 2380 543 2435 corde
574 2396 678 2434 suo
707 2380 885 2451 (Prov.
919 2383 1030 2448 xix,
1071 2384 1122 2449 3,
1145 2397 1247 2436 sec.
1272 2382 1445 2452 LXX).
1473 2403 1500 2432 »

448 2470 543 2523 His
571 2469 724 2523 beati
752 2469 1060 2541 Augustini
1092 2470 1279 2524 verbis
1305 2471 1766 2527 manifestissime
1795 2474 2068 2528 docemur

376 2558 751 2630 cogitationes
782 2559 1081 2613 hominum
1135 2564 1193 2613 et
1230 2564 1385 2615 actus
1434 2560 1639 2614 divinae
1671 2562 2066 2632 obtemperare

377 2645 756 2716 dispositioni,
788 2648 1049 2717 quamvis
1100 2646 1209 2718 ipsi
1252 2648 1513 2702 homines
1557 2649 1665 2703 hoc
1702 2651 1905 2717 nolint,
1964 2668 2068 2706 nec

379 2752 577 2789 eorum
599 2735 839 2789 intentio
866 2736 989 2805 ejus
1016 2737 1297 2790 voluntati
1317 2742 1372 2790 et
1390 2737 1632 2808 imperio
1654 2739 1791 2793 velit
1810 2740 2064 2807 obedire,

380 2826 449 2879 de
475 2825 579 2878 hac
609 2824 982 2895 dispositione
1015 2824 1206 2879 divina
1244 2826 1443 2880 beatus
1473 2827 1780 2897 Gregorius
1812 2829 1871 2882 in
1922 2829 2068 2883 libro

381 2912 679 2969 Moralium
700 2929 823 2966 χχιχ
845 2916 988 2983 (cap.
1024 2915 1152 2981 ult.)
1182 2914 1262 2969 ita
1291 2916 1548 2985 loquitur
1578 2932 1589 2969 :
1614 2916 1908 2987 [Ordinem
1942 2919 2067 2973 εαξη

382 3019 546 3057 nosse
584 3006 667 3056 est
719 3018 1099 3072 supernarum
1152 3002 1597 3073 dispositionum
1631 3006 1879 3059 occultas
1931 3024 2072 3077 pra:-

381 3090 791 3147 destinationes
819 3090 1040 3157 videre;
1079 3091 1365 3145 rationem
1410 3108 1542 3146 vero
1574 3093 1697 3162 ejus
1751 3094 1811 3147 in
1858 3099 2069 3150 terram

381 3196 617 3252 ponere,
652 3185 736 3233 est
784 3184 917 3236 ante
946 3180 1201 3234 humana
1251 3181 1418 3234 corda
1468 3182 1664 3236 talium
1719 3189 2069 3239 secretorum

382 3284 579 3321 causas
636 3266 877 3337 aperire.
940 3266 1242 3320 Rationem
1298 3268 1561 3322 videlicet
1632 3271 1757 3323 coeli
1810 3272 1870 3325 in
1922 3277 2075 3327 terra

385 3372 617 3427 ponere,
670 3360 754 3409 est
815 3371 1197 3425 supernorum
1253 3357 1601 3426 judiciorum
1662 3360 1935 3429 mysteria
1986 3362 2073 3415 vel

384 3444 799 3499 considerando
842 3443 1142 3509 discutere,
1203 3444 1288 3497 vel
1339 3446 1626 3514 loquendo
1686 3447 2070 3503 manifestare.

385 3531 548 3595 Quod
571 3531 770 3601 utique
808 3530 992 3584 facere
1018 3532 1079 3585 in
1108 3533 1214 3586 hac
1244 3532 1357 3585 vita
1386 3533 1603 3602 positus
1638 3535 1831 3588 nullus
1863 3540 2069 3605 potest.

389 3621 458 3674 Ut
481 3620 635 3673 enim
670 3636 700 3671 a
729 3619 917 3689 parvis
948 3619 1015 3674 ad
1048 3620 1267 3690 majora
1298 3622 1615 3687 veniamus,
1636 3623 1761 3692 quis
1791 3622 2076 3694 intelligat

387 3723 515 3778 quae
544 3724 666 3761 esse
701 3707 844 3761 ratio
876 3712 1224 3763 secretorum
1256 3712 1461 3779 potest,
1506 3711 1655 3780 quod
1687 3727 1836 3781 smpe
1881 3712 1966 3765 vir
1986 3713 2077 3782 ju-

387 3802 505 3851 stus
536 3812 568 3849 a
594 3793 809 3865 judicio
852 3812 965 3849 non
1007 3797 1193 3850 solum
1235 3813 1351 3851 non
1381 3798 1713 3861 vindicatus,
1749 3800 1847 3853 sed
1902 3800 2073 3854 etiam

385 3884 624 3955 punitus
652 3886 879 3952 redeat;
913 3889 969 3939 et
994 3886 1227 3956 iniquus
1263 3886 1384 3956 ejus
1414 3887 1776 3941 adversarius
1807 3904 1925 3941 non
1981 3906 2073 3944 so-

385 3976 506 4029 lum
546 3991 662 4029 non
693 3974 941 4045 punitur
992 3975 1086 4028 sed
1140 3975 1311 4029 etiam
1359 3975 1540 4028 victor
1588 3976 1892 4032 abscedat?
1938 3978 2075 4041 Quis

367 4053 670 4135 intelligat
708 4080 810 4117 cur
866 4063 1003 4117 vivit
1048 4063 1192 4116 alius
1235 4063 1511 4117 insidians
1567 4065 1849 4119 mortibus
1892 4068 2078 4136 proxi-

384 4169 635 4210 morum.
668 4156 724 4205 et
770 4150 1015 4204 moritur
1055 4149 1200 4204 alius
1228 4150 1328 4221 qui
1377 4151 1714 4220 profuturus
1746 4160 1894 4208 esset
1946 4156 2076 4210 vitae

387 4239 741 4294 multorum?
784 4238 944 4293 Alius
975 4239 1201 4292 culmen
1250 4239 1543 4309 potestatis
1594 4242 1939 4310 assequitur,
1962 4244 2073 4314 qui

384 4344 502 4382 non
532 4327 642 4381 nisi
665 4327 872 4381 laedere
900 4328 1108 4393 studet,
1143 4326 1288 4381 alius
1323 4331 1723 4385 tantummodo
1752 4332 1918 4385 lmsos
1969 4333 2074 4387 de-

384 4415 618 4469 fendere
657 4414 1024 4484 concupiscit,
1058 4418 1112 4468 et
1143 4419 1336 4469 tamen
1393 4414 1515 4484 ipse
1557 4432 1861 4486 oppressus
1899 4418 2071 4487 jacet.

384 4503 544 4557 Alius
588 4518 722 4557 vero
764 4517 964 4557 vacare
1010 4503 1243 4572 appetit,
1301 4502 1621 4557 innumeris
1671 4504 1916 4575 negotiis
1960 4506 2076 4560 im-

388 4591 661 4661 plicatur:
718 4590 865 4644 alius
918 4590 1164 4661 negotiis
1221 4591 1505 4661 implicari
1536 4592 1839 4660 desiderat,
1884 4598 1939 4648 et
1975 4610 2075 4647 co-

384 4684 544 4734 actus
576 4683 754 4733 vacat.
784 4679 944 4733 Alius
975 4680 1123 4733 male
1154 4678 1430 4734 inchoans
1461 4697 1644 4752 usque
1695 4683 1763 4736 ad
1792 4682 1924 4736 vitia
1953 4698 2071 4736 suae

382 4766 697 4821 terminum
750 4768 818 4821 ad
850 4768 1049 4838 pejora
1093 4769 1494 4837 protrahitur:
1546 4770 1691 4824 alius
1736 4771 1883 4825 bene
1929 4771 2075 4824 inci-

381 4855 546 4928 piens
559 4856 1094 4926 perlongitudinem
1111 4861 1433 4928 temporum
1451 4857 1753 4929 proﬁcitad
1768 4864 2074 4927 augmenta

381 4945 741 4999 meritorum.
785 4946 970 5016 Atque
996 4949 1227 5000 econtra
1259 4946 1403 5000 alius
1452 4947 1600 5000 male
1630 4946 1823 5001 vivens
1854 4947 1951 5000 diu
1980 4963 2070 5001 re-

381 5037 659 5102 servatur,
726 5037 788 5086 ut
841 5034 1205 5104 corrigatur:
1264 5035 1410 5089 alius
1460 5051 1594 5089 vero
1640 5035 1784 5089 bene
1838 5034 2068 5105 quidem

380 5121 849 5192 videturlvivere,
882 5122 980 5177 sed
1011 5122 1072 5175 in
1126 5122 1231 5177 hac
1258 5123 1374 5177 vita
1403 5138 1470 5177 eo
1502 5139 1686 5194 usque
1714 5123 1882 5177 durat
1924 5139 2072 5193 quo-

379 5208 451 5263 ad
482 5225 748 5278 perversa
774 5215 1136 5280 prorumpat.
1186 5211 1347 5265 Alius
1368 5211 1427 5265 in
1486 5226 1681 5265 errore
1712 5209 2069 5264 inﬁdelitatis

381 5300 568 5363 natus,
609 5300 671 5352 in
718 5315 911 5354 errore
968 5298 1203 5354 deﬁcit:
1271 5299 1418 5354 alius
1473 5299 1533 5352 in
1587 5298 1878 5353 catholicae
1936 5298 2071 5352 ﬁdei

280 5402 285 5407 ν
381 5383 721 5439 rectitudine
771 5388 1022 5457 genitus,
1065 5387 1127 5441 in
1192 5387 1486 5441 catholicas
1538 5386 1673 5441 ﬁdei
1728 5386 2070 5441 rectitudine

380 5478 830 5528 consummatur.
875 5477 1112 5530 Econtra
1160 5492 1292 5529 vero
1324 5474 1468 5528 alius
1517 5474 1814 5528 catholicas
1872 5474 2071 5528 matris

377 5564 574 5614 ventre
605 5560 811 5627 editus,
845 5563 1005 5632 juxta
1034 5562 1504 5618 vitaa'terminum
1545 5562 1756 5616 erroris
1795 5562 2067 5633 voragine

2156 532 2271 583 tate
2308 534 2688 596 consummat,
2740 529 2841 600 qui
2872 534 3029 583 ortus
3084 533 3144 584 in
3199 531 3463 602 perﬁdia,
3519 550 3649 588 cum
3710 536 3853 589 lacte

2158 617 2353 670 matris
2409 618 2675 672 hauserat
2723 618 2878 672 virus
2935 620 3167 673 erroris.
3233 621 3390 675 Alius
3457 623 3855 677 celsitudinem

2158 707 2302 760 bene
2332 706 2557 760 vivendi
2585 712 2855 776 appetere
2906 710 2963 761 et
3017 710 3167 763 volet.
3197 714 3252 763 et
3298 711 3492 764 valet:
3556 711 3701 765 alius
3748 728 3857 766 nec

2157 796 2309 848 volet
2357 811 2461 849 nec
2514 796 2711 849 valet:
2780 798 2923 848 alios
2981 798 3132 850 volet
3189 802 3243 851 et
3288 813 3400 852 non
3459 800 3655 854 valet:
3712 800 3858 855 alius

2159 884 2307 937 valet.
2338 888 2393 937 et
2424 900 2541 937 non
2586 885 2759 938 volet.
2811 884 2947 948 Quis
3002 901 3139 955 ergo
3192 885 3299 939 ista
3348 887 3701 956 judiciorum
3754 905 3862 944 cce-

2160 972 2325 1025 lestia
2375 976 2591 1026 secreta
2641 972 2943 1027 discutiat?
2998 973 3134 1037 Quis
3182 973 3467 1045 intelligat
3533 976 3838 1031 discretam

2162 1061 2380 1114 lancem
2412 1060 2699 1130 aequitatis
2743 1061 3020 1115 occultas?
3051 1061 3136 1116 Ad
3176 1064 3601 1133 cognoscendas
3645 1066 3859 1136 quippe

2162 1149 2302 1203 istos
2327 1148 2680 1218 judiciorum
2729 1154 3077 1203 secretorum
3135 1150 3290 1205 sinus
3332 1153 3526 1206 nullus
3584 1155 3855 1209 ascendit.

2166 1237 2394 1294 Dicatur
2465 1252 2602 1307 ergo
2678 1236 2900 1291 homini
2983 1242 3046 1291 ut
3125 1255 3183 1291 se
3243 1240 3460 1293 nescire
3524 1248 3855 1311 cognoscat;

2164 1326 2512 1380 nescientem
2541 1341 2676 1378 vero
2712 1342 2771 1379 se
2805 1331 3129 1395 cognoscat,
3163 1332 3226 1380 ut
3246 1327 3445 1382 timeat
3481 1345 3494 1383 ε
3525 1330 3747 1398 timeat,
3800 1336 3863 1385 ut

2165 1413 2928 1479 liumilietur;humilietur,
2988 1430 3056 1468 ne
3114 1421 3429 1485 praesumat
3491 1417 3551 1471 in
3601 1434 3692 1485 se;
3747 1435 3863 1473 non

2169 1510 2481 1572 prtesumat
2512 1502 2571 1555 in
2599 1518 2677 1568 se,
2711 1507 2776 1556 ut
2805 1502 3126 1557 Conditoris
3153 1504 3241 1558 sui
3272 1505 3548 1560 auxilium
3575 1506 3859 1576 requirat;

2170 1596 2225 1645 et
2263 1590 2363 1660 qui
2391 1590 2453 1643 in
2494 1606 2553 1644 se
2583 1590 2764 1645 ﬁdens
2794 1596 3056 1645 mortuus
3087 1597 3189 1659 est,
3241 1593 3491 1647 auctoris
3541 1596 3627 1648 sui
3680 1580 3859 1666 appe-

2170 1684 2295 1732 tens
2327 1679 2675 1749 adjutorium
2726 1680 2892 1733 vivat.
2926 1680 3135 1734 Audiat
3164 1680 3357 1752 itaque
3389 1682 3474 1735 vir
3522 1683 3711 1752 justus
3741 1683 3860 1753 jam

2176 1767 2405 1837 quidem
2434 1784 2492 1822 se
2512 1767 2713 1834 sciens,
2745 1768 2839 1822 sed
2869 1768 3052 1822 adhuc
3101 1784 3231 1839 quas
3262 1785 3436 1838 supra
3471 1787 3529 1823 se
3576 1776 3709 1824 sunt
3755 1788 3861 1826 ne-

2175 1855 2357 1909 sciens
2390 1872 2402 1909 :
2439 1856 2761 1926 «Nunquid
2795 1856 2947 1909 nosti
2970 1856 3230 1911 ordinem
3258 1858 3405 1921 cceli,
3461 1862 3516 1911 et
3542 1876 3720 1929 pones
3768 1876 3860 1912 ra-

2174 1943 2395 1997 tionem
2452 1944 2575 2013 ejus
2612 1943 2673 1997 in
2726 1942 2921 1998 terra?
2970 1965 2992 1993 ι
3048 1945 3166 2014 (Job
3216 1962 3438 2013 XXXVIII,
3501 1946 3614 2016 33.)
3672 1948 3731 2001 Id
3777 1952 3862 2001 est

2174 2031 2435 2102 nunquid
2463 2032 2711 2086 occultos
2743 2031 2971 2086 ordines
2988 2033 3344 2103 judiciorum
3365 2035 3680 2089 caelestium
3703 2053 3865 2090 com-

2174 2120 2506 2190 prehendis,
2555 2126 2653 2174 aut
2709 2121 2933 2190 aperire
2995 2122 3263 2175 humanis
3322 2123 3554 2176 auribus
3615 2123 3867 2177 sufﬁcis?

2176 2209 2378 2262 Beatus
2426 2207 2605 2277 igitur
2634 2210 2736 2263 Job
2785 2210 2852 2263 de
2898 2210 3245 2279 judiciorum
3303 2210 3865 2281 incomprehensibi-

2177 2297 2318 2351 lium
2345 2297 2787 2366 investigatione
2838 2298 3170 2368 requiritur,
3202 2314 3265 2352 ac
3295 2299 3343 2353 si
3390 2300 3443 2352 ei
3492 2306 3683 2369 aperte
3722 2301 3868 2355 dice-

2177 2391 2370 2439 retur:
2418 2386 2631 2439 Cuncta
2671 2402 2799 2456 quas
2828 2386 3041 2456 pateris
3071 2391 3226 2440 tanto
3264 2388 3508 2441 tolerare
3555 2388 3868 2458 patientius

2178 2474 2371 2540 debes,
2404 2479 2643 2544 quanto,
2696 2479 3039 2529 secretorum
3100 2476 3413 2530 caelestium
3469 2476 3721 2547 ignarus,
3764 2493 3868 2530 cur

2176 2563 2299 2617 haac
2330 2562 2540 2633 pateris
2571 2562 2795 2635 nescis]

2252 2654 2327 2707 De
2377 2668 2491 2722 qua
2534 2652 2754 2706 occulta
2802 2658 3150 2707 secretorum
3184 2653 3534 2723 judiciorum
3570 2654 3868 2723 dispensa-

2178 2739 2333 2793 tione
2363 2740 2606 2809 loquens
2637 2745 2774 2809 (cap.
2809 2743 2898 2806 29)
2930 2744 3205 2794 monstrat
3239 2742 3539 2795 Judaicum
3584 2743 3869 2812 populum

2180 2829 2475 2898 repulsum
2509 2832 2565 2881 et
2595 2828 2869 2897 gentilem
2904 2834 3248 2898 susceptum,
3285 2830 3363 2883 ita
3392 2829 3585 2884 dicens
3617 2847 3629 2883 :
3664 2828 3753 2902 [In
3797 2831 3870 2883 si-

2179 2916 2564 2971 militudinem
2596 2916 2803 2987 lapidis
2829 2934 2993 2988 aqua:
3011 2918 3291 2972 durantur
3312 2918 3427 2989 (Job
3448 2935 3677 2983 xxxviii,
3696 2920 3807 2987 30).
3837 2936 3866 2970 ι

2110 3009 2150 3062 C
2180 3008 2371 3075 Aquas
2400 3005 2551 3058 enim
2583 3006 2829 3075 populos
2858 3005 3038 3076 accipi
3064 3007 3186 3076 jam
3225 3007 3435 3076 saepius
3461 3007 3753 3061 edocuisse
3775 3024 3867 3061 me

2182 3093 2440 3147 memini.
2474 3094 2535 3147 In
2578 3094 2766 3161 lapide
2812 3110 2947 3147 vero
3000 3111 3105 3164 pro
3144 3094 3268 3165 ipsa
3295 3094 3506 3149 duritia
3556 3095 3867 3165 aliquando

2182 3181 2424 3250 gentiles
2453 3181 2652 3251 populi
2675 3181 3067 3251 designantur.
3113 3181 3228 3251 Ipsi
3254 3181 3467 3252 quippe
3499 3182 3714 3251 lapides
3768 3198 3870 3235 co-

2183 3270 2434 3334 luerunt,
2470 3272 2528 3321 et
2565 3269 2633 3322 de
2666 3268 2747 3322 eis
2794 3285 2896 3338 per
2928 3269 3269 3338 Prophetam
3316 3269 3529 3323 dictum
3560 3274 3641 3322 est
3674 3285 3686 3321 :
3722 3288 3750 3319 (ι
3781 3269 3868 3324 Si-

2184 3357 2346 3410 miles
2370 3357 2482 3410 illis
2515 3356 2658 3410 ﬁant
2695 3356 2794 3426 qui
2826 3356 3045 3410 faciunt
3079 3373 3160 3418 ea,
3192 3361 3250 3410 et
3289 3373 3490 3411 omnes
3538 3357 3637 3428 qui
3690 3357 3869 3411 conﬁ-

2184 3444 2330 3499 dunt
2358 3444 2417 3497 in
2455 3444 2536 3499 eis
2584 3446 2759 3510 (Psal.
2800 3461 2921 3507 XIII,
2957 3446 3031 3514 8).
3066 3466 3093 3494 »
3146 3445 3306 3500 Unde
3358 3448 3604 3500 Joannes
3641 3447 3871 3500 Judaeos

2182 3532 2463 3603 aspiciens
2497 3549 2554 3585 se
2603 3534 2674 3587 de
2712 3536 3012 3587 stemmate
3061 3534 3444 3603 generationis
3488 3534 3777 3601 extollere,
3815 3540 3874 3589 et

2183 3621 2426 3693 gentiles
2463 3621 2780 3690 praevidens
2819 3622 2888 3676 ad
2942 3622 3187 3676 Abrahae
3231 3623 3454 3692 prolem
3493 3623 3628 3676 ﬁdei
3661 3639 3873 3693 cogna-

2183 3711 2339 3764 tione
2394 3709 2659 3774 transire,
2709 3710 2834 3763 ait:
2868 3731 2891 3759 ι
2926 3712 3004 3765 Ne
3060 3711 3247 3765 velitis
3290 3711 3476 3765 dicere
3524 3710 3673 3765 inter
3721 3728 3870 3765 vos:

2184 3801 2408 3853 Patrem
2465 3798 2743 3852 habemus
2800 3798 3104 3853 Abraham.
3163 3799 3297 3853 Dico
3328 3803 3486 3853 enim
3519 3799 3681 3853 vobis
3737 3800 3875 3869 quia

2184 3891 2386 3958 potens
2416 3891 2501 3940 est
2529 3887 2677 3940 Deus
2716 3886 2785 3939 de
2815 3886 3100 3956 lapidibus
3129 3886 3250 3940 istis
3272 3887 3544 3941 suscitare
3582 3887 3728 3942 ﬁlios
3755 3888 3873 3941 Ab-

2183 3976 2337 4029 rahm
2369 3975 2586 4042 (Matth.
2618 3991 2698 4039 III,
2721 3977 2802 4043 9);
2837 3992 2865 4025 ››
2895 3974 3110 4044 lapides
3146 3975 3344 4045 utique
3395 3976 3567 4029 duros
3631 3975 3872 4045 perﬁdia

2186 4063 2427 4133 gentiles
2464 4078 2689 4116 vocans.
2726 4063 2870 4127 Quia
2920 4079 3023 4132 ego
3070 4062 3321 4132 primum
3351 4063 3548 4117 Judaaa
3578 4065 3693 4117 Deo
3744 4079 3870 4117 cre-

2185 4150 2350 4219 didit,
2385 4150 2704 4221 gentilitate
2748 4151 2907 4204 omni
2948 4151 3007 4204 in
3036 4151 3293 4220 perﬁdiae
3324 4168 3442 4205 sua:
3486 4150 3871 4206 obstinatione

2183 4244 2533 4304 remanente,
2566 4239 2932 4309 postmodum
2973 4255 3106 4293 vero
3152 4240 3219 4293 ad
3270 4240 3439 4293 ﬁdem
3469 4240 3638 4294 corda
3687 4240 3874 4310 genti-

2188 4326 2329 4381 lium
2362 4327 2582 4380 mollita
2611 4331 2741 4379 sunt
2775 4330 2832 4380 et.
2859 4327 3184 4381 Iudaeorum
3223 4328 3531 4382 inﬁdelitas
3573 4329 3874 4395 obdurata,

2185 4415 2330 4469 bene
2353 4415 2571 4469 dictum
2602 4418 2705 4482 est,
2737 4432 2765 4465 ς(
2790 4415 2853 4468 in
2884 4414 3319 4470 similitudinem
3352 4416 3559 4487 lapidis
3589 4433 3752 4487 aqum
3781 4416 3879 4469 in-

2188 4504 2489 4557 durantur.
2530 4504 2609 4557 Ac
2636 4502 2684 4555 si
2734 4503 2947 4557 diceret
2988 4518 3001 4557 :
3034 4504 3136 4557 llla
3184 4503 3377 4559 mollia
3407 4508 3462 4559 et
3500 4504 3880 4574 penetrabilia

2187 4590 2321 4645 ﬁdei
2381 4591 2554 4645 corda
2601 4591 2930 4645 Judaeorum
2988 4592 3045 4644 in
3076 4592 3515 4646 insensibilitate
3574 4597 3880 4647 vertuntur

2186 4679 2475 4750 gentium.
2514 4679 2653 4734 Cum
2682 4678 2837 4732 enim
2893 4679 3217 4734 misericors
3261 4681 3406 4735 Deus
3438 4686 3636 4750 gentes
3682 4681 3877 4747 traxit,

2184 4768 2363 4822 iratus
2391 4768 2647 4821 Judteam
2674 4768 2902 4837 repulit.
2936 4770 3259 4838 Actumque
3312 4773 3396 4823 est
3435 4769 3582 4823 sicut
3632 4769 3875 4831 dudum,

2182 4856 2250 4910 ad
2283 4856 2710 4925 percipiendem
2733 4855 2906 4909 ﬁdem
2928 4856 3217 4926 gentilitas
3246 4856 3430 4911 fuerat
3451 4857 3747 4922 obdurata,
3798 4856 3879 4909 ita

2183 4944 2547 5015 postmodum
2578 4944 2647 4997 ad
2677 4943 2849 4998 ﬁdem
2879 4944 3198 5013 gentilitate
3223 4949 3503 5015 suscepta,
3532 4945 3743 4999 Iudaeas
3774 4961 3877 5014 po-

2182 5033 2356 5103 pulus
2412 5030 2670 5101 perﬁdiae
2725 5036 2955 5102 torpore
3030 5032 3373 5087 duresceret.
3439 5033 3599 5088 Unde
3666 5033 3877 5087 Paulus

2187 5120 2478 5190 apostolus
2516 5120 2728 5173 eisdem
2757 5119 3025 5190 gentibus
3072 5119 3208 5173 dicit
3242 5135 3255 5173 :
3300 5141 3322 5170 ι
3353 5120 3511 5175 Sicut
3565 5122 3876 5191 aliquando

2184 5226 2282 5261 vos
2313 5224 2429 5262 non
2456 5208 2776 5263 credidistis
2810 5209 2943 5274 Deo,
2990 5222 3144 5261 nunc
3176 5212 3368 5263 autem
3422 5208 3873 5263 misericordiam

2182 5297 2469 5352 consecuti
2516 5296 2649 5351 estis
2697 5301 2931 5367 propter
2960 5295 3191 5351 illorum
3240 5297 3748 5352 incredulitatem:
3794 5298 3876 5351 ita

2181 5390 2239 5440 et
2267 5385 2359 5440 isti
2386 5402 2501 5439 non
2545 5385 2916 5440 crediderunt
2945 5384 3003 5438 in
3044 5389 3227 5440 vestra
3260 5386 3671 5452 misericordia,
3727 5390 3787 5439 ut
3816 5390 3875 5440 et

2180 5474 2289 5545 ipsi
2338 5474 2793 5528 misericordiam
2860 5479 3307 5545 consequantur.
3382 5475 3670 5529 Conclusit
3718 5473 3873 5528 enim

2183 5565 2331 5619 Deus
2367 5562 2564 5617 omnia
2608 5563 2669 5617 in
2717 5562 3139 5629 incredulitate,
3194 5567 3257 5617 ut
3303 5562 3563 5618 omnium
3604 5563 3875 5617 miserea-
