  <div class='ocr_page' id='page_1' title='image "/cluster/home/n/w/nwhite01/storage/ocr_20150623/121/hvd.32044054759832/016.png"; bbox 0 0 4138 6194; ppageno 0'>
   <div class='ocr_carea' id='block_1_1' title="bbox 258 298 3767 364">
    <p class='ocr_par' dir='ltr' id='par_1_1' title="bbox 258 298 3767 364">
     <span class='ocr_line' id='line_1_1' title="bbox 258 298 3767 364; baseline 0.005 -16"><span class='ocrx_word' id='word_1_1' title='bbox 258 300 315 349; x_wconf 82' lang='lat' dir='ltr'>&#39;2l</span> <span class='ocrx_word' id='word_1_2' title='bbox 1352 298 1441 352; x_wconf 88' lang='lat' dir='ltr'>DE</span> <span class='ocrx_word' id='word_1_3' title='bbox 1486 299 2157 357; x_wconf 70' lang='lat' dir='ltr'>PRIEDESTINATIONE</span> <span class='ocrx_word' id='word_1_4' title='bbox 2197 302 2336 356; x_wconf 86' lang='lat' dir='ltr'>DEI.</span> <span class='ocrx_word' id='word_1_5' title='bbox 2380 332 2447 340; x_wconf 94' lang='lat'><strong><em>—</em></strong></span> <span class='ocrx_word' id='word_1_6' title='bbox 2491 302 2622 357; x_wconf 85' lang='lat' dir='ltr'>LIB.</span> <span class='ocrx_word' id='word_1_7' title='bbox 2665 303 2703 356; x_wconf 86' lang='grc' dir='ltr'><strong>Ι.</strong></span> <span class='ocrx_word' id='word_1_8' title='bbox 3700 313 3767 364; x_wconf 80' lang='lat'>2&#39;2</span> 
     </span>
    </p>
   </div>
   <div class='ocr_carea' id='block_1_2' title="bbox 252 426 3763 509">
    <p class='ocr_par' dir='ltr' id='par_1_2' title="bbox 252 426 3763 509">
     <span class='ocr_line' id='line_1_2' title="bbox 252 426 3763 509; baseline 0.006 -32"><span class='ocrx_word' id='word_1_9' title='bbox 252 431 347 477; x_wconf 90' lang='lat' dir='ltr'>tur</span> <span class='ocrx_word' id='word_1_10' title='bbox 367 428 546 493; x_wconf 82' lang='lat' dir='ltr'>(Rom.</span> <span class='ocrx_word' id='word_1_11' title='bbox 617 441 695 489; x_wconf 75' lang='lat' dir='ltr'>XI,</span> <span class='ocrx_word' id='word_1_12' title='bbox 764 426 963 495; x_wconf 78' lang='lat'>30-32).</span> <span class='ocrx_word' id='word_1_13' title='bbox 1031 448 1052 474; x_wconf 72' lang='grc' dir='ltr'><strong><em>ι</em></strong></span> <span class='ocrx_word' id='word_1_14' title='bbox 1122 428 1305 490; x_wconf 82' lang='lat' dir='ltr'>Quam</span> <span class='ocrx_word' id='word_1_15' title='bbox 1383 429 1722 482; x_wconf 89' lang='lat' dir='ltr'>sententiam</span> <span class='ocrx_word' id='word_1_16' title='bbox 1790 445 1953 483; x_wconf 88' lang='lat' dir='ltr'>suam</span> <span class='ocrx_word' id='word_1_17' title='bbox 1992 435 2262 487; x_wconf 77' lang='lat' dir='ltr'>Asensus</span> <span class='ocrx_word' id='word_1_18' title='bbox 2294 432 2597 486; x_wconf 85' lang='lat' dir='ltr'>hominum</span> <span class='ocrx_word' id='word_1_19' title='bbox 2652 448 2754 486; x_wconf 91' lang='lat' dir='ltr'>nec</span> <span class='ocrx_word' id='word_1_20' title='bbox 2809 434 3128 506; x_wconf 86' lang='lat' dir='ltr'>quidquam</span> <span class='ocrx_word' id='word_1_21' title='bbox 3173 437 3243 490; x_wconf 92' lang='lat' dir='ltr'>de</span> <span class='ocrx_word' id='word_1_22' title='bbox 3291 439 3601 509; x_wconf 85' lang='lat' dir='ltr'>cujuslibet</span> <span class='ocrx_word' id='word_1_23' title='bbox 3648 442 3763 497; x_wconf 87' lang='lat' dir='ltr'>ﬁne</span> 
     </span>
    </p>
   </div>
   <div class='ocr_carea' id='block_1_3' title="bbox 254 512 1957 588">
    <p class='ocr_par' dir='ltr' id='par_1_3' title="bbox 254 512 1957 588">
     <span class='ocr_line' id='line_1_3' title="bbox 254 512 1957 588; baseline 0.004 -23"><span class='ocrx_word' id='word_1_24' title='bbox 254 512 445 582; x_wconf 90' lang='lat' dir='ltr'>primo</span> <span class='ocrx_word' id='word_1_25' title='bbox 479 512 717 582; x_wconf 86' lang='lat' dir='ltr'>quidem</span> <span class='ocrx_word' id='word_1_26' title='bbox 764 513 833 567; x_wconf 91' lang='lat' dir='ltr'>de</span> <span class='ocrx_word' id='word_1_27' title='bbox 867 514 1159 567; x_wconf 88' lang='lat' dir='ltr'>vocatione</span> <span class='ocrx_word' id='word_1_28' title='bbox 1189 515 1516 569; x_wconf 82' lang='lat' dir='ltr'>Judaorum</span> <span class='ocrx_word' id='word_1_29' title='bbox 1540 522 1595 569; x_wconf 91' lang='lat' dir='ltr'>et</span> <span class='ocrx_word' id='word_1_30' title='bbox 1625 518 1957 588; x_wconf 89' lang='lat' dir='ltr'>repulsione</span> 
     </span>
    </p>
   </div>
   <div class='ocr_carea' id='block_1_4' title="bbox 253 601 1958 676">
    <p class='ocr_par' dir='ltr' id='par_1_4' title="bbox 253 601 1958 676">
     <span class='ocr_line' id='line_1_4' title="bbox 253 601 1958 676; baseline 0.004 -22"><span class='ocrx_word' id='word_1_31' title='bbox 253 601 539 670; x_wconf 87' lang='lat' dir='ltr'>gentium,</span> <span class='ocrx_word' id='word_1_32' title='bbox 570 601 943 671; x_wconf 82' lang='lat' dir='ltr'>postmodum</span> <span class='ocrx_word' id='word_1_33' title='bbox 975 619 1108 656; x_wconf 89' lang='lat' dir='ltr'>vero</span> <span class='ocrx_word' id='word_1_34' title='bbox 1140 603 1209 657; x_wconf 92' lang='lat' dir='ltr'>de</span> <span class='ocrx_word' id='word_1_35' title='bbox 1250 604 1544 658; x_wconf 90' lang='lat' dir='ltr'>vocatione</span> <span class='ocrx_word' id='word_1_36' title='bbox 1597 606 1858 676; x_wconf 91' lang='lat' dir='ltr'>gentium</span> <span class='ocrx_word' id='word_1_37' title='bbox 1900 612 1958 662; x_wconf 88' lang='lat' dir='ltr'>et</span> 
     </span>
    </p>
   </div>
   <div class='ocr_carea' id='block_1_5' title="bbox 248 690 1953 766">
    <p class='ocr_par' dir='ltr' id='par_1_5' title="bbox 248 690 1953 766">
     <span class='ocr_line' id='line_1_5' title="bbox 248 690 1953 766; baseline 0.005 -25"><span class='ocrx_word' id='word_1_38' title='bbox 248 690 587 759; x_wconf 90' lang='lat' dir='ltr'>repulsione</span> <span class='ocrx_word' id='word_1_39' title='bbox 616 690 970 758; x_wconf 81' lang='lat' dir='ltr'>Judaorum,</span> <span class='ocrx_word' id='word_1_40' title='bbox 1010 691 1294 745; x_wconf 69' lang='lat' dir='ltr'>subtiliter</span> <span class='ocrx_word' id='word_1_41' title='bbox 1335 709 1604 762; x_wconf 83' lang='lat' dir='ltr'>pensans,</span> <span class='ocrx_word' id='word_1_42' title='bbox 1656 712 1830 766; x_wconf 81' lang='lat' dir='ltr'>seque</span> <span class='ocrx_word' id='word_1_43' title='bbox 1860 711 1953 749; x_wconf 92' lang='lat' dir='ltr'>oc-</span> 
     </span>
    </p>
   </div>
   <div class='ocr_carea' id='block_1_6' title="bbox 248 777 1952 851">
    <p class='ocr_par' dir='ltr' id='par_1_6' title="bbox 248 777 1952 851">
     <span class='ocr_line' id='line_1_6' title="bbox 248 777 1952 851; baseline 0.004 -22"><span class='ocrx_word' id='word_1_44' title='bbox 248 777 405 830; x_wconf 86' lang='lat' dir='ltr'>culta</span> <span class='ocrx_word' id='word_1_45' title='bbox 436 777 539 831; x_wconf 87' lang='lat' dir='ltr'>Dei</span> <span class='ocrx_word' id='word_1_46' title='bbox 568 778 788 847; x_wconf 90' lang='lat' dir='ltr'>judicia</span> <span class='ocrx_word' id='word_1_47' title='bbox 818 780 1303 849; x_wconf 87' lang='lat' dir='ltr'>comprehendere</span> <span class='ocrx_word' id='word_1_48' title='bbox 1345 798 1458 835; x_wconf 92' lang='lat' dir='ltr'>non</span> <span class='ocrx_word' id='word_1_49' title='bbox 1491 799 1653 851; x_wconf 85' lang='lat' dir='ltr'>posse</span> <span class='ocrx_word' id='word_1_50' title='bbox 1693 783 1952 837; x_wconf 89' lang='lat' dir='ltr'>conside-</span> 
     </span>
    </p>
   </div>
   <div class='ocr_carea' id='block_1_7' title="bbox 247 866 1951 937">
    <p class='ocr_par' dir='ltr' id='par_1_7' title="bbox 247 866 1951 937">
     <span class='ocr_line' id='line_1_7' title="bbox 247 866 1951 937; baseline 0.004 -20"><span class='ocrx_word' id='word_1_51' title='bbox 247 881 404 931; x_wconf 84' lang='lat' dir='ltr'>rans,</span> <span class='ocrx_word' id='word_1_52' title='bbox 440 866 814 920; x_wconf 83' lang='lat' dir='ltr'>exclamaudo</span> <span class='ocrx_word' id='word_1_53' title='bbox 872 868 1209 937; x_wconf 83' lang='lat' dir='ltr'>subjunxit:</span> <span class='ocrx_word' id='word_1_54' title='bbox 1277 887 1306 919; x_wconf 71' lang='lat' dir='ltr'>ti</span> <span class='ocrx_word' id='word_1_55' title='bbox 1337 869 1379 923; x_wconf 93' lang='grc' dir='ltr'>Ο</span> <span class='ocrx_word' id='word_1_56' title='bbox 1432 871 1674 923; x_wconf 74' lang='lat' dir='ltr'>altitudo</span> <span class='ocrx_word' id='word_1_57' title='bbox 1727 871 1951 925; x_wconf 86' lang='lat' dir='ltr'>divitia-</span> 
     </span>
    </p>
   </div>
   <div class='ocr_carea' id='block_1_8' title="bbox 242 953 1954 1029">
    <p class='ocr_par' dir='ltr' id='par_1_8' title="bbox 242 953 1954 1029">
     <span class='ocr_line' id='line_1_8' title="bbox 242 953 1954 1029; baseline 0.004 -24"><span class='ocrx_word' id='word_1_58' title='bbox 242 969 376 1006; x_wconf 90' lang='lat' dir='ltr'>rum</span> <span class='ocrx_word' id='word_1_59' title='bbox 416 953 716 1022; x_wconf 89' lang='lat' dir='ltr'>sapientia</span> <span class='ocrx_word' id='word_1_60' title='bbox 764 958 821 1007; x_wconf 88' lang='lat' dir='ltr'>et</span> <span class='ocrx_word' id='word_1_61' title='bbox 867 954 1117 1009; x_wconf 87' lang='lat' dir='ltr'>scientia</span> <span class='ocrx_word' id='word_1_62' title='bbox 1160 956 1277 1021; x_wconf 90' lang='lat' dir='ltr'>Dei,</span> <span class='ocrx_word' id='word_1_63' title='bbox 1304 972 1475 1027; x_wconf 90' lang='lat' dir='ltr'>quam</span> <span class='ocrx_word' id='word_1_64' title='bbox 1517 959 1954 1029; x_wconf 87' lang='lat' dir='ltr'>incomprehen-</span> 
     </span>
    </p>
   </div>
   <div class='ocr_carea' id='block_1_9' title="bbox 240 1041 1947 1116">
    <p class='ocr_par' dir='ltr' id='par_1_9' title="bbox 240 1041 1947 1116">
     <span class='ocr_line' id='line_1_9' title="bbox 240 1041 1947 1116; baseline 0.004 -24"><span class='ocrx_word' id='word_1_65' title='bbox 240 1041 433 1093; x_wconf 86' lang='lat' dir='ltr'>sibilia</span> <span class='ocrx_word' id='word_1_66' title='bbox 464 1041 834 1111; x_wconf 88' lang='lat' dir='ltr'>suntjudicia</span> <span class='ocrx_word' id='word_1_67' title='bbox 866 1044 1007 1112; x_wconf 92' lang='lat' dir='ltr'>ejus,</span> <span class='ocrx_word' id='word_1_68' title='bbox 1038 1048 1094 1096; x_wconf 91' lang='lat' dir='ltr'>et</span> <span class='ocrx_word' id='word_1_69' title='bbox 1124 1043 1546 1114; x_wconf 86' lang='lat' dir='ltr'>investigabiles</span> <span class='ocrx_word' id='word_1_70' title='bbox 1590 1048 1693 1100; x_wconf 85' lang='lat' dir='ltr'>via</span> <span class='ocrx_word' id='word_1_71' title='bbox 1733 1046 1883 1116; x_wconf 79' lang='lat' dir='ltr'>ejus!</span> <span class='ocrx_word' id='word_1_72' title='bbox 1921 1067 1947 1098; x_wconf 84' lang='lat'>»</span> 
     </span>
    </p>
   </div>
   <div class='ocr_carea' id='block_1_10' title="bbox 244 1130 1951 1203">
    <p class='ocr_par' dir='ltr' id='par_1_10' title="bbox 244 1130 1951 1203">
     <span class='ocr_line' id='line_1_10' title="bbox 244 1130 1951 1203; baseline 0.004 -20"><span class='ocrx_word' id='word_1_73' title='bbox 244 1130 438 1197; x_wconf 83' lang='lat' dir='ltr'>(lbid.,</span> <span class='ocrx_word' id='word_1_74' title='bbox 517 1131 636 1200; x_wconf 90' lang='lat'>33.)</span> <span class='ocrx_word' id='word_1_75' title='bbox 692 1131 849 1185; x_wconf 87' lang='lat' dir='ltr'>Unde</span> <span class='ocrx_word' id='word_1_76' title='bbox 917 1131 1005 1185; x_wconf 90' lang='lat' dir='ltr'>hic</span> <span class='ocrx_word' id='word_1_77' title='bbox 1088 1149 1319 1203; x_wconf 91' lang='lat' dir='ltr'>quoque</span> <span class='ocrx_word' id='word_1_78' title='bbox 1386 1150 1515 1188; x_wconf 88' lang='lat' dir='ltr'>cum</span> <span class='ocrx_word' id='word_1_79' title='bbox 1580 1136 1648 1189; x_wconf 88' lang='lat' dir='ltr'>de</span> <span class='ocrx_word' id='word_1_80' title='bbox 1732 1137 1951 1191; x_wconf 77' lang='lat' dir='ltr'>Judae-</span> 
     </span>
    </p>
   </div>
   <div class='ocr_carea' id='block_1_11' title="bbox 245 1216 1947 1287">
    <p class='ocr_par' dir='ltr' id='par_1_11' title="bbox 245 1216 1947 1287">
     <span class='ocr_line' id='line_1_11' title="bbox 245 1216 1947 1287; baseline 0.005 -17"><span class='ocrx_word' id='word_1_81' title='bbox 245 1233 377 1270; x_wconf 89' lang='lat' dir='ltr'>rum</span> <span class='ocrx_word' id='word_1_82' title='bbox 410 1216 658 1287; x_wconf 85' lang='lat' dir='ltr'>perﬁdia</span> <span class='ocrx_word' id='word_1_83' title='bbox 708 1218 982 1272; x_wconf 90' lang='lat' dir='ltr'>Dominus</span> <span class='ocrx_word' id='word_1_84' title='bbox 1012 1219 1224 1274; x_wconf 84' lang='lat' dir='ltr'>diceret</span> <span class='ocrx_word' id='word_1_85' title='bbox 1262 1238 1275 1274; x_wconf 88' lang='lat'><strong>:</strong></span> <span class='ocrx_word' id='word_1_86' title='bbox 1314 1234 1349 1271; x_wconf 75' lang='lat'>‘«</span> <span class='ocrx_word' id='word_1_87' title='bbox 1394 1223 1458 1276; x_wconf 91' lang='lat' dir='ltr'>In</span> <span class='ocrx_word' id='word_1_88' title='bbox 1507 1222 1947 1278; x_wconf 89' lang='lat' dir='ltr'>similitudinem</span> 
     </span>
    </p>
   </div>
   <div class='ocr_carea' id='block_1_12' title="bbox 243 1305 1949 1378">
    <p class='ocr_par' dir='ltr' id='par_1_12' title="bbox 243 1305 1949 1378">
     <span class='ocr_line' id='line_1_12' title="bbox 243 1305 1949 1378; baseline 0.001 -18"><span class='ocrx_word' id='word_1_89' title='bbox 243 1305 452 1375; x_wconf 82' lang='lat' dir='ltr'>lapidis</span> <span class='ocrx_word' id='word_1_90' title='bbox 486 1322 654 1376; x_wconf 83' lang='lat' dir='ltr'>aqua</span> <span class='ocrx_word' id='word_1_91' title='bbox 687 1307 987 1373; x_wconf 84' lang='lat' dir='ltr'>durantur,</span> <span class='ocrx_word' id='word_1_92' title='bbox 1023 1328 1049 1357; x_wconf 79' lang='grc'>»</span> <span class='ocrx_word' id='word_1_93' title='bbox 1081 1312 1145 1362; x_wconf 91' lang='lat' dir='ltr'>ut</span> <span class='ocrx_word' id='word_1_94' title='bbox 1178 1309 1246 1362; x_wconf 91' lang='lat' dir='ltr'>de</span> <span class='ocrx_word' id='word_1_95' title='bbox 1282 1309 1606 1378; x_wconf 89' lang='lat' dir='ltr'>repulsione</span> <span class='ocrx_word' id='word_1_96' title='bbox 1637 1326 1835 1362; x_wconf 89' lang='lat' dir='ltr'>eorum</span> <span class='ocrx_word' id='word_1_97' title='bbox 1861 1326 1949 1363; x_wconf 89' lang='lat' dir='ltr'>oc-</span> 
     </span>
    </p>
   </div>
   <div class='ocr_carea' id='block_1_13' title="bbox 239 1395 1941 1469">
    <p class='ocr_par' dir='ltr' id='par_1_13' title="bbox 239 1395 1941 1469">
     <span class='ocr_line' id='line_1_13' title="bbox 239 1395 1941 1469; baseline 0.002 -22"><span class='ocrx_word' id='word_1_98' title='bbox 239 1395 396 1448; x_wconf 84' lang='lat' dir='ltr'>culta</span> <span class='ocrx_word' id='word_1_99' title='bbox 423 1411 551 1448; x_wconf 88' lang='lat' dir='ltr'>esse</span> <span class='ocrx_word' id='word_1_100' title='bbox 584 1412 690 1448; x_wconf 86' lang='lat' dir='ltr'>sua</span> <span class='ocrx_word' id='word_1_101' title='bbox 716 1396 936 1464; x_wconf 88' lang='lat' dir='ltr'>judicia</span> <span class='ocrx_word' id='word_1_102' title='bbox 966 1396 1405 1463; x_wconf 78' lang='lat' dir='ltr'>demonstraret,</span> <span class='ocrx_word' id='word_1_103' title='bbox 1439 1402 1610 1469; x_wconf 89' lang='lat' dir='ltr'>atque</span> <span class='ocrx_word' id='word_1_104' title='bbox 1644 1399 1894 1452; x_wconf 84' lang='lat' dir='ltr'>subdidit</span> <span class='ocrx_word' id='word_1_105' title='bbox 1930 1416 1941 1452; x_wconf 93' lang='lat'>:</span> 
     </span>
    </p>
   </div>
   <div class='ocr_carea' id='block_1_14' title="bbox 238 1482 1940 1556">
    <p class='ocr_par' dir='ltr' id='par_1_14' title="bbox 238 1482 1940 1556">
     <span class='ocr_line' id='line_1_14' title="bbox 238 1482 1940 1556; baseline 0.004 -23"><span class='ocrx_word' id='word_1_106' title='bbox 238 1501 265 1531; x_wconf 74' lang='grc' dir='ltr'>ι</span> <span class='ocrx_word' id='word_1_107' title='bbox 337 1483 403 1535; x_wconf 85' lang='lat' dir='ltr'>Et</span> <span class='ocrx_word' id='word_1_108' title='bbox 458 1482 797 1552; x_wconf 88' lang='lat' dir='ltr'>superﬁcies</span> <span class='ocrx_word' id='word_1_109' title='bbox 843 1484 1029 1553; x_wconf 85' lang='lat' dir='ltr'>abyssi</span> <span class='ocrx_word' id='word_1_110' title='bbox 1083 1486 1497 1553; x_wconf 79' lang='lat' dir='ltr'>constringitur</span> <span class='ocrx_word' id='word_1_111' title='bbox 1555 1486 1670 1556; x_wconf 85' lang='lat' dir='ltr'>(Job</span> <span class='ocrx_word' id='word_1_112' title='bbox 1719 1502 1940 1553; x_wconf 83' lang='lat' dir='ltr'>xxxvm,</span> 
     </span>
    </p>
   </div>
   <div class='ocr_carea' id='block_1_15' title="bbox 236 1571 1943 1643">
    <p class='ocr_par' dir='ltr' id='par_1_15' title="bbox 236 1571 1943 1643">
     <span class='ocr_line' id='line_1_15' title="bbox 236 1571 1943 1643; baseline 0.002 -18"><span class='ocrx_word' id='word_1_113' title='bbox 236 1572 346 1637; x_wconf 84' lang='lat'>30),</span> <span class='ocrx_word' id='word_1_114' title='bbox 386 1592 407 1619; x_wconf 75' lang='grc' dir='ltr'><strong>ι</strong></span> <span class='ocrx_word' id='word_1_115' title='bbox 472 1571 613 1641; x_wconf 89' lang='lat' dir='ltr'>quia</span> <span class='ocrx_word' id='word_1_116' title='bbox 668 1572 987 1642; x_wconf 90' lang='lat' dir='ltr'>superjecto</span> <span class='ocrx_word' id='word_1_117' title='bbox 1041 1573 1293 1642; x_wconf 87' lang='lat' dir='ltr'>quodam</span> <span class='ocrx_word' id='word_1_118' title='bbox 1343 1574 1687 1643; x_wconf 89' lang='lat' dir='ltr'>ignorantia</span> <span class='ocrx_word' id='word_1_119' title='bbox 1735 1581 1943 1629; x_wconf 84' lang='lat' dir='ltr'>nostra</span> 
     </span>
    </p>
   </div>
   <div class='ocr_carea' id='block_1_16' title="bbox 236 1660 1939 1731">
    <p class='ocr_par' dir='ltr' id='par_1_16' title="bbox 236 1660 1939 1731">
     <span class='ocr_line' id='line_1_16' title="bbox 236 1660 1939 1731; baseline 0.004 -20"><span class='ocrx_word' id='word_1_120' title='bbox 236 1660 548 1725; x_wconf 77' lang='lat' dir='ltr'>velamine,</span> <span class='ocrx_word' id='word_1_121' title='bbox 619 1660 1271 1730; x_wconf 84' lang='lat' dir='ltr'>incomprehensibilitas</span> <span class='ocrx_word' id='word_1_122' title='bbox 1346 1661 1524 1715; x_wconf 90' lang='lat' dir='ltr'>divini</span> <span class='ocrx_word' id='word_1_123' title='bbox 1591 1662 1793 1731; x_wconf 90' lang='lat' dir='ltr'>judicii</span> <span class='ocrx_word' id='word_1_124' title='bbox 1834 1664 1939 1717; x_wconf 91' lang='lat' dir='ltr'>hu-</span> 
     </span>
    </p>
   </div>
   <div class='ocr_carea' id='block_1_17' title="bbox 236 1749 1943 1821">
    <p class='ocr_par' dir='ltr' id='par_1_17' title="bbox 236 1749 1943 1821">
     <span class='ocr_line' id='line_1_17' title="bbox 236 1749 1943 1821; baseline 0.002 -20"><span class='ocrx_word' id='word_1_125' title='bbox 236 1764 423 1802; x_wconf 86' lang='lat' dir='ltr'>mana</span> <span class='ocrx_word' id='word_1_126' title='bbox 455 1749 669 1803; x_wconf 89' lang='lat' dir='ltr'>mentis</span> <span class='ocrx_word' id='word_1_127' title='bbox 701 1751 866 1804; x_wconf 91' lang='lat' dir='ltr'>oculo</span> <span class='ocrx_word' id='word_1_128' title='bbox 899 1751 1225 1803; x_wconf 83' lang='lat' dir='ltr'>nullatenus</span> <span class='ocrx_word' id='word_1_129' title='bbox 1255 1754 1606 1819; x_wconf 86' lang='lat' dir='ltr'>penetratur.</span> <span class='ocrx_word' id='word_1_130' title='bbox 1657 1750 1943 1821; x_wconf 88' lang='lat' dir='ltr'>Scriptum</span> 
     </span>
    </p>
   </div>
   <div class='ocr_carea' id='block_1_18' title="bbox 232 1839 1938 1909">
    <p class='ocr_par' dir='ltr' id='par_1_18' title="bbox 232 1839 1938 1909">
     <span class='ocr_line' id='line_1_18' title="bbox 232 1839 1938 1909; baseline 0.002 -18"><span class='ocrx_word' id='word_1_131' title='bbox 232 1839 448 1908; x_wconf 85' lang='lat' dir='ltr'>quippe</span> <span class='ocrx_word' id='word_1_132' title='bbox 483 1844 607 1893; x_wconf 86' lang='lat' dir='ltr'>est:</span> <span class='ocrx_word' id='word_1_133' title='bbox 677 1862 697 1886; x_wconf 78' lang='lat'><strong>-</strong></span> <span class='ocrx_word' id='word_1_134' title='bbox 765 1840 985 1893; x_wconf 88' lang='lat' dir='ltr'>Judicia</span> <span class='ocrx_word' id='word_1_135' title='bbox 1050 1845 1146 1893; x_wconf 85' lang='lat' dir='ltr'>tua</span> <span class='ocrx_word' id='word_1_136' title='bbox 1214 1840 1448 1909; x_wconf 82' lang='lat' dir='ltr'>abyssus</span> <span class='ocrx_word' id='word_1_137' title='bbox 1513 1840 1693 1894; x_wconf 90' lang='lat' dir='ltr'>multa</span> <span class='ocrx_word' id='word_1_138' title='bbox 1766 1840 1938 1909; x_wconf 85' lang='lat' dir='ltr'>(Psal.</span> 
     </span>
    </p>
   </div>
   <div class='ocr_carea' id='block_1_19' title="bbox 232 1928 1943 1998">
    <p class='ocr_par' dir='ltr' id='par_1_19' title="bbox 232 1928 1943 1998">
     <span class='ocr_line' id='line_1_19' title="bbox 232 1928 1943 1998; baseline 0.001 -19"><span class='ocrx_word' id='word_1_139' title='bbox 232 1943 395 1994; x_wconf 84' lang='lat' dir='ltr'>xxxv,</span> <span class='ocrx_word' id='word_1_140' title='bbox 434 1928 515 1997; x_wconf 86' lang='lat'>7).</span> <span class='ocrx_word' id='word_1_141' title='bbox 547 1948 575 1977; x_wconf 74' lang='grc' dir='ltr'>ι)</span> <span class='ocrx_word' id='word_1_142' title='bbox 612 1928 788 1981; x_wconf 86' lang='lat' dir='ltr'>Nemo</span> <span class='ocrx_word' id='word_1_143' title='bbox 844 1944 979 1998; x_wconf 91' lang='lat' dir='ltr'>ergo</span> <span class='ocrx_word' id='word_1_144' title='bbox 1032 1928 1380 1998; x_wconf 90' lang='lat' dir='ltr'>perscrutari</span> <span class='ocrx_word' id='word_1_145' title='bbox 1402 1932 1636 1997; x_wconf 89' lang='lat' dir='ltr'>appetat</span> <span class='ocrx_word' id='word_1_146' title='bbox 1678 1944 1780 1981; x_wconf 86' lang='lat' dir='ltr'>cur</span> <span class='ocrx_word' id='word_1_147' title='bbox 1812 1944 1943 1981; x_wconf 90' lang='lat' dir='ltr'>cum</span> 
     </span>
    </p>
   </div>
   <div class='ocr_carea' id='block_1_20' title="bbox 234 2015 1942 2086">
    <p class='ocr_par' dir='ltr' id='par_1_20' title="bbox 234 2015 1942 2086">
     <span class='ocr_line' id='line_1_20' title="bbox 234 2015 1942 2086; baseline 0.002 -19"><span class='ocrx_word' id='word_1_148' title='bbox 234 2015 377 2067; x_wconf 86' lang='lat' dir='ltr'>alius</span> <span class='ocrx_word' id='word_1_149' title='bbox 408 2015 737 2085; x_wconf 87' lang='lat' dir='ltr'>repellitur,</span> <span class='ocrx_word' id='word_1_150' title='bbox 798 2016 942 2069; x_wconf 88' lang='lat' dir='ltr'>alius</span> <span class='ocrx_word' id='word_1_151' title='bbox 992 2016 1265 2086; x_wconf 81' lang='lat' dir='ltr'>eligatur;</span> <span class='ocrx_word' id='word_1_152' title='bbox 1328 2016 1410 2069; x_wconf 88' lang='lat' dir='ltr'>vel</span> <span class='ocrx_word' id='word_1_153' title='bbox 1467 2031 1567 2069; x_wconf 92' lang='lat' dir='ltr'>cur</span> <span class='ocrx_word' id='word_1_154' title='bbox 1614 2031 1743 2069; x_wconf 92' lang='lat' dir='ltr'>cum</span> <span class='ocrx_word' id='word_1_155' title='bbox 1798 2017 1942 2071; x_wconf 88' lang='lat' dir='ltr'>alius</span> 
     </span>
    </p>
   </div>
   <div class='ocr_carea' id='block_1_21' title="bbox 237 2104 1942 2175">
    <p class='ocr_par' dir='ltr' id='par_1_21' title="bbox 237 2104 1942 2175">
     <span class='ocr_line' id='line_1_21' title="bbox 237 2104 1942 2175; baseline 0.001 -19"><span class='ocrx_word' id='word_1_156' title='bbox 237 2104 493 2173; x_wconf 83' lang='lat' dir='ltr'>eligitur,</span> <span class='ocrx_word' id='word_1_157' title='bbox 544 2104 692 2158; x_wconf 90' lang='lat' dir='ltr'>alius</span> <span class='ocrx_word' id='word_1_158' title='bbox 749 2105 1103 2174; x_wconf 86' lang='lat' dir='ltr'>repellatur:</span> <span class='ocrx_word' id='word_1_159' title='bbox 1164 2104 1300 2174; x_wconf 89' lang='lat' dir='ltr'>quia</span> <span class='ocrx_word' id='word_1_160' title='bbox 1370 2104 1701 2174; x_wconf 90' lang='lat' dir='ltr'>superﬁcies</span> <span class='ocrx_word' id='word_1_161' title='bbox 1756 2105 1942 2175; x_wconf 85' lang='lat' dir='ltr'>abyssi</span> 
     </span>
    </p>
   </div>
   <div class='ocr_carea' id='block_1_22' title="bbox 234 2192 1943 2262">
    <p class='ocr_par' dir='ltr' id='par_1_22' title="bbox 234 2192 1943 2262">
     <span class='ocr_line' id='line_1_22' title="bbox 234 2192 1943 2262; baseline 0.001 -17"><span class='ocrx_word' id='word_1_162' title='bbox 234 2192 678 2262; x_wconf 78' lang='lat' dir='ltr'>constringitur,</span> <span class='ocrx_word' id='word_1_163' title='bbox 723 2198 799 2259; x_wconf 89' lang='lat' dir='ltr'>et,</span> <span class='ocrx_word' id='word_1_164' title='bbox 852 2198 1154 2246; x_wconf 88' lang='lat' dir='ltr'>attestante</span> <span class='ocrx_word' id='word_1_165' title='bbox 1214 2193 1411 2259; x_wconf 90' lang='lat' dir='ltr'>Paulo,</span> <span class='ocrx_word' id='word_1_166' title='bbox 1473 2214 1495 2240; x_wconf 76' lang='grc' dir='ltr'><strong>ε</strong></span> <span class='ocrx_word' id='word_1_167' title='bbox 1551 2193 1943 2248; x_wconf 89' lang='lat' dir='ltr'>inscrutabilia</span> 
     </span>
    </p>
   </div>
   <div class='ocr_carea' id='block_1_23' title="bbox 237 2281 1725 2353">
    <p class='ocr_par' dir='ltr' id='par_1_23' title="bbox 237 2281 1725 2353">
     <span class='ocr_line' id='line_1_23' title="bbox 237 2281 1725 2353; baseline 0 -19"><span class='ocrx_word' id='word_1_168' title='bbox 237 2288 365 2335; x_wconf 90' lang='lat' dir='ltr'>sunt</span> <span class='ocrx_word' id='word_1_169' title='bbox 389 2282 621 2351; x_wconf 89' lang='lat' dir='ltr'>judicia</span> <span class='ocrx_word' id='word_1_170' title='bbox 651 2284 792 2353; x_wconf 87' lang='lat' dir='ltr'>ejus,</span> <span class='ocrx_word' id='word_1_171' title='bbox 827 2288 884 2336; x_wconf 92' lang='lat' dir='ltr'>et</span> <span class='ocrx_word' id='word_1_172' title='bbox 913 2281 1339 2351; x_wconf 88' lang='lat' dir='ltr'>investigabiles</span> <span class='ocrx_word' id='word_1_173' title='bbox 1368 2282 1473 2336; x_wconf 78' lang='lat' dir='ltr'>via</span> <span class='ocrx_word' id='word_1_174' title='bbox 1504 2282 1669 2352; x_wconf 89' lang='lat' dir='ltr'>ejus.]</span> <span class='ocrx_word' id='word_1_175' title='bbox 1699 2302 1725 2334; x_wconf 82' lang='lat'><strong>»</strong></span> 
     </span>
    </p>
   </div>
   <div class='ocr_carea' id='block_1_24' title="bbox 306 2370 1939 2441">
    <p class='ocr_par' dir='ltr' id='par_1_24' title="bbox 306 2370 1939 2441">
     <span class='ocr_line' id='line_1_24' title="bbox 306 2370 1939 2441; baseline 0.001 -18"><span class='ocrx_word' id='word_1_176' title='bbox 306 2371 447 2424; x_wconf 88' lang='lat' dir='ltr'>Item</span> <span class='ocrx_word' id='word_1_177' title='bbox 473 2371 533 2423; x_wconf 91' lang='lat' dir='ltr'>in</span> <span class='ocrx_word' id='word_1_178' title='bbox 565 2371 770 2424; x_wconf 89' lang='lat' dir='ltr'>eodem</span> <span class='ocrx_word' id='word_1_179' title='bbox 800 2371 947 2424; x_wconf 91' lang='lat' dir='ltr'>libro</span> <span class='ocrx_word' id='word_1_180' title='bbox 1008 2370 1150 2441; x_wconf 85' lang='lat' dir='ltr'>(cap.</span> <span class='ocrx_word' id='word_1_181' title='bbox 1208 2370 1266 2440; x_wconf 91' lang='lat'>9)</span> <span class='ocrx_word' id='word_1_182' title='bbox 1313 2370 1384 2424; x_wconf 89' lang='lat' dir='ltr'>de</span> <span class='ocrx_word' id='word_1_183' title='bbox 1443 2370 1641 2423; x_wconf 89' lang='lat' dir='ltr'>eadem</span> <span class='ocrx_word' id='word_1_184' title='bbox 1696 2370 1939 2441; x_wconf 88' lang='lat' dir='ltr'>disposi-</span> 
     </span>
    </p>
   </div>
   <div class='ocr_carea' id='block_1_25' title="bbox 238 2458 1942 2529">
    <p class='ocr_par' dir='ltr' id='par_1_25' title="bbox 238 2458 1942 2529">
     <span class='ocr_line' id='line_1_25' title="bbox 238 2458 1942 2529; baseline 0.001 -19"><span class='ocrx_word' id='word_1_185' title='bbox 238 2460 389 2512; x_wconf 85' lang='lat' dir='ltr'>tione</span> <span class='ocrx_word' id='word_1_186' title='bbox 422 2475 559 2512; x_wconf 90' lang='lat' dir='ltr'>cum</span> <span class='ocrx_word' id='word_1_187' title='bbox 594 2463 865 2512; x_wconf 83' lang='lat' dir='ltr'>tractaret</span> <span class='ocrx_word' id='word_1_188' title='bbox 899 2459 1235 2513; x_wconf 90' lang='lat' dir='ltr'>sententiam</span> <span class='ocrx_word' id='word_1_189' title='bbox 1278 2458 1430 2511; x_wconf 89' lang='lat' dir='ltr'>beati</span> <span class='ocrx_word' id='word_1_190' title='bbox 1457 2458 1561 2512; x_wconf 86' lang='lat' dir='ltr'>Job</span> <span class='ocrx_word' id='word_1_191' title='bbox 1591 2475 1705 2529; x_wconf 90' lang='lat' dir='ltr'>qua</span> <span class='ocrx_word' id='word_1_192' title='bbox 1733 2458 1942 2512; x_wconf 90' lang='lat' dir='ltr'>dicitur</span> 
     </span>
    </p>
   </div>
   <div class='ocr_carea' id='block_1_26' title="bbox 236 2546 1941 2617">
    <p class='ocr_par' dir='ltr' id='par_1_26' title="bbox 236 2546 1941 2617">
     <span class='ocr_line' id='line_1_26' title="bbox 236 2546 1941 2617; baseline 0 -17"><span class='ocrx_word' id='word_1_193' title='bbox 236 2548 282 2600; x_wconf 90' lang='lat' dir='ltr'>ei</span> <span class='ocrx_word' id='word_1_194' title='bbox 313 2565 345 2601; x_wconf 91' lang='lat' dir='ltr'>a</span> <span class='ocrx_word' id='word_1_195' title='bbox 382 2548 633 2601; x_wconf 89' lang='lat' dir='ltr'>Domino</span> <span class='ocrx_word' id='word_1_196' title='bbox 672 2564 685 2601; x_wconf 91' lang='lat'><strong>:</strong></span> <span class='ocrx_word' id='word_1_197' title='bbox 724 2569 744 2595; x_wconf 73' lang='grc' dir='ltr'>α</span> <span class='ocrx_word' id='word_1_198' title='bbox 783 2548 977 2601; x_wconf 91' lang='lat' dir='ltr'>Indica</span> <span class='ocrx_word' id='word_1_199' title='bbox 1024 2546 1164 2599; x_wconf 89' lang='lat' dir='ltr'>mihi</span> <span class='ocrx_word' id='word_1_200' title='bbox 1192 2546 1239 2599; x_wconf 90' lang='lat' dir='ltr'>si</span> <span class='ocrx_word' id='word_1_201' title='bbox 1276 2547 1427 2600; x_wconf 87' lang='lat' dir='ltr'>nosti</span> <span class='ocrx_word' id='word_1_202' title='bbox 1465 2546 1698 2599; x_wconf 90' lang='lat' dir='ltr'>omnia:</span> <span class='ocrx_word' id='word_1_203' title='bbox 1733 2546 1790 2600; x_wconf 90' lang='lat' dir='ltr'>in</span> <span class='ocrx_word' id='word_1_204' title='bbox 1827 2563 1941 2617; x_wconf 89' lang='lat' dir='ltr'>qua</span> 
     </span>
    </p>
   </div>
   <div class='ocr_carea' id='block_1_27' title="bbox 239 2634 1938 2706">
    <p class='ocr_par' dir='ltr' id='par_1_27' title="bbox 239 2634 1938 2706">
     <span class='ocr_line' id='line_1_27' title="bbox 239 2634 1938 2706; baseline 0.001 -19"><span class='ocrx_word' id='word_1_205' title='bbox 239 2637 322 2688; x_wconf 92' lang='lat' dir='ltr'>via</span> <span class='ocrx_word' id='word_1_206' title='bbox 347 2636 577 2689; x_wconf 88' lang='lat' dir='ltr'>habitet</span> <span class='ocrx_word' id='word_1_207' title='bbox 638 2637 752 2701; x_wconf 84' lang='lat' dir='ltr'>lux,</span> <span class='ocrx_word' id='word_1_208' title='bbox 786 2641 845 2689; x_wconf 90' lang='lat' dir='ltr'>et</span> <span class='ocrx_word' id='word_1_209' title='bbox 898 2636 1265 2689; x_wconf 89' lang='lat' dir='ltr'>tenebrarum</span> <span class='ocrx_word' id='word_1_210' title='bbox 1322 2635 1450 2706; x_wconf 89' lang='lat' dir='ltr'>quis</span> <span class='ocrx_word' id='word_1_211' title='bbox 1504 2635 1660 2688; x_wconf 90' lang='lat' dir='ltr'>locus</span> <span class='ocrx_word' id='word_1_212' title='bbox 1706 2634 1779 2688; x_wconf 89' lang='lat' dir='ltr'>sit</span> <span class='ocrx_word' id='word_1_213' title='bbox 1823 2636 1938 2706; x_wconf 87' lang='lat' dir='ltr'>(Job</span> 
     </span>
    </p>
   </div>
   <div class='ocr_carea' id='block_1_28' title="bbox 232 2722 1936 2794">
    <p class='ocr_par' dir='ltr' id='par_1_28' title="bbox 232 2722 1936 2794">
     <span class='ocr_line' id='line_1_28' title="bbox 232 2722 1936 2794; baseline 0.001 -17"><span class='ocrx_word' id='word_1_214' title='bbox 232 2741 455 2788; x_wconf 81' lang='lat' dir='ltr'>xxxvui,</span> <span class='ocrx_word' id='word_1_215' title='bbox 498 2726 583 2789; x_wconf 88' lang='grc'>18,</span> <span class='ocrx_word' id='word_1_216' title='bbox 626 2724 736 2793; x_wconf 87' lang='grc'>19).</span> <span class='ocrx_word' id='word_1_217' title='bbox 771 2743 799 2774; x_wconf 84' lang='grc'><strong>››</strong></span> <span class='ocrx_word' id='word_1_218' title='bbox 834 2724 933 2794; x_wconf 84' lang='lat' dir='ltr'>[Ac</span> <span class='ocrx_word' id='word_1_219' title='bbox 958 2723 1004 2777; x_wconf 89' lang='lat' dir='ltr'>si</span> <span class='ocrx_word' id='word_1_220' title='bbox 1035 2724 1257 2777; x_wconf 85' lang='lat' dir='ltr'>dicatur</span> <span class='ocrx_word' id='word_1_221' title='bbox 1281 2722 1331 2777; x_wconf 84' lang='lat' dir='ltr'>ei</span> <span class='ocrx_word' id='word_1_222' title='bbox 1368 2739 1380 2776; x_wconf 93' lang='lat'>:</span> <span class='ocrx_word' id='word_1_223' title='bbox 1408 2722 1467 2778; x_wconf 89' lang='lat' dir='ltr'>Si</span> <span class='ocrx_word' id='word_1_224' title='bbox 1496 2723 1729 2793; x_wconf 90' lang='lat' dir='ltr'>plenam</span> <span class='ocrx_word' id='word_1_225' title='bbox 1757 2729 1810 2777; x_wconf 91' lang='lat' dir='ltr'>te</span> <span class='ocrx_word' id='word_1_226' title='bbox 1830 2724 1936 2778; x_wconf 87' lang='lat' dir='ltr'>ha-</span> 
     </span>
    </p>
   </div>
   <div class='ocr_carea' id='block_1_29' title="bbox 230 2811 1935 2882">
    <p class='ocr_par' dir='ltr' id='par_1_29' title="bbox 230 2811 1935 2882">
     <span class='ocr_line' id='line_1_29' title="bbox 230 2811 1935 2882; baseline 0 -17"><span class='ocrx_word' id='word_1_227' title='bbox 230 2812 359 2866; x_wconf 86' lang='lat' dir='ltr'>bere</span> <span class='ocrx_word' id='word_1_228' title='bbox 390 2812 702 2866; x_wconf 86' lang='lat' dir='ltr'>scientiam</span> <span class='ocrx_word' id='word_1_229' title='bbox 729 2812 1058 2882; x_wconf 89' lang='lat' dir='ltr'>suspicaris,</span> <span class='ocrx_word' id='word_1_230' title='bbox 1092 2811 1183 2865; x_wconf 92' lang='lat' dir='ltr'>dic</span> <span class='ocrx_word' id='word_1_231' title='bbox 1210 2812 1298 2865; x_wconf 91' lang='lat' dir='ltr'>vel</span> <span class='ocrx_word' id='word_1_232' title='bbox 1339 2811 1398 2865; x_wconf 89' lang='lat' dir='ltr'>in</span> <span class='ocrx_word' id='word_1_233' title='bbox 1443 2811 1604 2882; x_wconf 88' lang='lat' dir='ltr'>cujus</span> <span class='ocrx_word' id='word_1_234' title='bbox 1648 2812 1817 2866; x_wconf 91' lang='lat' dir='ltr'>corde</span> <span class='ocrx_word' id='word_1_235' title='bbox 1849 2829 1935 2878; x_wconf 85' lang='lat' dir='ltr'>ea,</span> 
     </span>
    </p>
   </div>
   <div class='ocr_carea' id='block_1_30' title="bbox 231 2900 1935 2971">
    <p class='ocr_par' dir='ltr' id='par_1_30' title="bbox 231 2900 1935 2971">
     <span class='ocr_line' id='line_1_30' title="bbox 231 2900 1935 2971; baseline 0 -17"><span class='ocrx_word' id='word_1_236' title='bbox 231 2918 352 2971; x_wconf 84' lang='lat' dir='ltr'>qua</span> <span class='ocrx_word' id='word_1_237' title='bbox 396 2917 563 2954; x_wconf 88' lang='lat' dir='ltr'>nunc</span> <span class='ocrx_word' id='word_1_238' title='bbox 615 2901 795 2967; x_wconf 91' lang='lat' dir='ltr'>deest,</span> <span class='ocrx_word' id='word_1_239' title='bbox 856 2900 1189 2955; x_wconf 89' lang='lat' dir='ltr'>innocentia</span> <span class='ocrx_word' id='word_1_240' title='bbox 1252 2900 1465 2966; x_wconf 84' lang='lat' dir='ltr'>veniat,</span> <span class='ocrx_word' id='word_1_241' title='bbox 1518 2900 1607 2954; x_wconf 86' lang='lat' dir='ltr'>vel</span> <span class='ocrx_word' id='word_1_242' title='bbox 1665 2902 1725 2955; x_wconf 89' lang='lat' dir='ltr'>in</span> <span class='ocrx_word' id='word_1_243' title='bbox 1771 2902 1935 2970; x_wconf 86' lang='lat' dir='ltr'>cujus</span> 
     </span>
    </p>
   </div>
   <div class='ocr_carea' id='block_1_31' title="bbox 2067 520 3761 599">
    <p class='ocr_par' dir='ltr' id='par_1_31' title="bbox 2067 520 3761 599">
     <span class='ocr_line' id='line_1_31' title="bbox 2067 520 3761 599; baseline 0.006 -25"><span class='ocrx_word' id='word_1_244' title='bbox 2067 521 2450 590; x_wconf 86' lang='lat' dir='ltr'>cognoscitur,</span> <span class='ocrx_word' id='word_1_245' title='bbox 2481 521 2615 591; x_wconf 84' lang='lat' dir='ltr'>quia</span> <span class='ocrx_word' id='word_1_246' title='bbox 2647 520 2971 576; x_wconf 89' lang='lat' dir='ltr'>divinorum</span> <span class='ocrx_word' id='word_1_247' title='bbox 2998 524 3349 592; x_wconf 88' lang='lat' dir='ltr'>judiciorum</span> <span class='ocrx_word' id='word_1_248' title='bbox 3383 528 3615 599; x_wconf 87' lang='lat' dir='ltr'>abyssus</span> <span class='ocrx_word' id='word_1_249' title='bbox 3653 532 3761 584; x_wconf 87' lang='lat' dir='ltr'>hu-</span> 
     </span>
    </p>
   </div>
   <div class='ocr_carea' id='block_1_32' title="bbox 2067 610 3759 684">
    <p class='ocr_par' dir='ltr' id='par_1_32' title="bbox 2067 610 3759 684">
     <span class='ocr_line' id='line_1_32' title="bbox 2067 610 3759 684; baseline 0.007 -22"><span class='ocrx_word' id='word_1_250' title='bbox 2067 625 2251 663; x_wconf 88' lang='lat' dir='ltr'>mana</span> <span class='ocrx_word' id='word_1_251' title='bbox 2282 610 2487 663; x_wconf 88' lang='lat' dir='ltr'>mentis</span> <span class='ocrx_word' id='word_1_252' title='bbox 2512 610 2676 663; x_wconf 93' lang='lat' dir='ltr'>oculo</span> <span class='ocrx_word' id='word_1_253' title='bbox 2732 611 3058 665; x_wconf 88' lang='lat' dir='ltr'>nullatenus</span> <span class='ocrx_word' id='word_1_254' title='bbox 3101 621 3452 684; x_wconf 87' lang='lat' dir='ltr'>penetratur.</span> <span class='ocrx_word' id='word_1_255' title='bbox 3506 618 3759 673; x_wconf 90' lang='lat' dir='ltr'>Vidimus</span> 
     </span>
    </p>
   </div>
   <div class='ocr_carea' id='block_1_33' title="bbox 2064 698 3755 774">
    <p class='ocr_par' dir='ltr' id='par_1_33' title="bbox 2064 698 3755 774">
     <span class='ocr_line' id='line_1_33' title="bbox 2064 698 3755 774; baseline 0.007 -23"><span class='ocrx_word' id='word_1_256' title='bbox 2064 714 2312 768; x_wconf 88' lang='lat' dir='ltr'>namque</span> <span class='ocrx_word' id='word_1_257' title='bbox 2336 698 2489 769; x_wconf 89' lang='lat' dir='ltr'>quod</span> <span class='ocrx_word' id='word_1_258' title='bbox 2520 699 2617 752; x_wconf 90' lang='lat' dir='ltr'>illa</span> <span class='ocrx_word' id='word_1_259' title='bbox 2654 700 2763 752; x_wconf 91' lang='lat' dir='ltr'>Deo</span> <span class='ocrx_word' id='word_1_260' title='bbox 2793 715 2989 752; x_wconf 88' lang='lat' dir='ltr'>aversa</span> <span class='ocrx_word' id='word_1_261' title='bbox 3026 703 3315 769; x_wconf 84' lang='lat' dir='ltr'>gentilitas</span> <span class='ocrx_word' id='word_1_262' title='bbox 3344 705 3581 774; x_wconf 88' lang='lat' dir='ltr'>justitia</span> <span class='ocrx_word' id='word_1_263' title='bbox 3630 708 3755 762; x_wconf 91' lang='lat' dir='ltr'>luce</span> 
     </span>
    </p>
   </div>
   <div class='ocr_carea' id='block_1_34' title="bbox 2063 787 3758 864">
    <p class='ocr_par' dir='ltr' id='par_1_34' title="bbox 2063 787 3758 864">
     <span class='ocr_line' id='line_1_34' title="bbox 2063 787 3758 864; baseline 0.006 -25"><span class='ocrx_word' id='word_1_264' title='bbox 2063 787 2290 857; x_wconf 86' lang='lat' dir='ltr'>perfusa</span> <span class='ocrx_word' id='word_1_265' title='bbox 2345 793 2448 856; x_wconf 88' lang='lat' dir='ltr'>est,</span> <span class='ocrx_word' id='word_1_266' title='bbox 2505 792 2562 840; x_wconf 90' lang='lat' dir='ltr'>et</span> <span class='ocrx_word' id='word_1_267' title='bbox 2616 788 2815 841; x_wconf 86' lang='lat' dir='ltr'>Judaa</span> <span class='ocrx_word' id='word_1_268' title='bbox 2871 789 3091 843; x_wconf 89' lang='lat' dir='ltr'>dudum</span> <span class='ocrx_word' id='word_1_269' title='bbox 3151 792 3358 846; x_wconf 88' lang='lat' dir='ltr'>dilecta</span> <span class='ocrx_word' id='word_1_270' title='bbox 3390 794 3646 864; x_wconf 87' lang='lat' dir='ltr'>perﬁdia</span> <span class='ocrx_word' id='word_1_271' title='bbox 3674 803 3758 849; x_wconf 89' lang='lat' dir='ltr'>est</span> 
     </span>
    </p>
   </div>
   <div class='ocr_carea' id='block_1_35' title="bbox 2062 875 3755 952">
    <p class='ocr_par' dir='ltr' id='par_1_35' title="bbox 2062 875 3755 952">
     <span class='ocr_line' id='line_1_35' title="bbox 2062 875 3755 952; baseline 0.006 -24"><span class='ocrx_word' id='word_1_272' title='bbox 2062 879 2223 928; x_wconf 90' lang='lat' dir='ltr'>nocte</span> <span class='ocrx_word' id='word_1_273' title='bbox 2254 883 2479 929; x_wconf 81' lang='lat' dir='ltr'>cacata.</span> <span class='ocrx_word' id='word_1_274' title='bbox 2521 875 2743 929; x_wconf 88' lang='lat' dir='ltr'>Scimus</span> <span class='ocrx_word' id='word_1_275' title='bbox 2798 876 2969 929; x_wconf 88' lang='lat' dir='ltr'>etiam</span> <span class='ocrx_word' id='word_1_276' title='bbox 3016 879 3166 947; x_wconf 90' lang='lat' dir='ltr'>quod</span> <span class='ocrx_word' id='word_1_277' title='bbox 3218 882 3360 933; x_wconf 86' lang='lat' dir='ltr'>latro</span> <span class='ocrx_word' id='word_1_278' title='bbox 3400 882 3468 936; x_wconf 91' lang='lat' dir='ltr'>de</span> <span class='ocrx_word' id='word_1_279' title='bbox 3500 883 3755 952; x_wconf 89' lang='lat' dir='ltr'>patibulo</span> 
     </span>
    </p>
   </div>
   <div class='ocr_carea' id='block_1_36' title="bbox 2060 964 3756 1040">
    <p class='ocr_par' dir='ltr' id='par_1_36' title="bbox 2060 964 3756 1040">
     <span class='ocr_line' id='line_1_36' title="bbox 2060 964 3756 1040; baseline 0.005 -23"><span class='ocrx_word' id='word_1_280' title='bbox 2060 964 2321 1018; x_wconf 86' lang='lat' dir='ltr'>transivit</span> <span class='ocrx_word' id='word_1_281' title='bbox 2348 964 2419 1018; x_wconf 92' lang='lat' dir='ltr'>ad</span> <span class='ocrx_word' id='word_1_282' title='bbox 2448 980 2713 1035; x_wconf 81' lang='lat' dir='ltr'>regnum,</span> <span class='ocrx_word' id='word_1_283' title='bbox 2736 964 2907 1018; x_wconf 80' lang='lat' dir='ltr'>Judas</span> <span class='ocrx_word' id='word_1_284' title='bbox 2943 965 3011 1019; x_wconf 93' lang='lat' dir='ltr'>de</span> <span class='ocrx_word' id='word_1_285' title='bbox 3056 969 3405 1036; x_wconf 88' lang='lat' dir='ltr'>apostolatus</span> <span class='ocrx_word' id='word_1_286' title='bbox 3449 971 3635 1040; x_wconf 83' lang='lat' dir='ltr'>gloria</span> <span class='ocrx_word' id='word_1_287' title='bbox 3671 977 3756 1025; x_wconf 87' lang='lat' dir='ltr'>est</span> 
     </span>
    </p>
   </div>
   <div class='ocr_carea' id='block_1_37' title="bbox 2058 1053 3752 1126">
    <p class='ocr_par' dir='ltr' id='par_1_37' title="bbox 2058 1053 3752 1126">
     <span class='ocr_line' id='line_1_37' title="bbox 2058 1053 3752 1126; baseline 0.004 -20"><span class='ocrx_word' id='word_1_288' title='bbox 2058 1053 2250 1123; x_wconf 89' lang='lat' dir='ltr'>lapsus</span> <span class='ocrx_word' id='word_1_289' title='bbox 2302 1054 2359 1106; x_wconf 91' lang='lat' dir='ltr'>in</span> <span class='ocrx_word' id='word_1_290' title='bbox 2404 1057 2701 1107; x_wconf 89' lang='lat' dir='ltr'>tartarum.</span> <span class='ocrx_word' id='word_1_291' title='bbox 2764 1054 3125 1125; x_wconf 78' lang='lat' dir='ltr'>Rursumque</span> <span class='ocrx_word' id='word_1_292' title='bbox 3215 1056 3350 1126; x_wconf 90' lang='lat' dir='ltr'>quia</span> <span class='ocrx_word' id='word_1_293' title='bbox 3405 1064 3583 1111; x_wconf 87' lang='lat' dir='ltr'>sortes</span> <span class='ocrx_word' id='word_1_294' title='bbox 3646 1061 3752 1114; x_wconf 91' lang='lat' dir='ltr'>ali-</span> 
     </span>
    </p>
   </div>
   <div class='ocr_carea' id='block_1_38' title="bbox 2058 1142 3750 1213">
    <p class='ocr_par' dir='ltr' id='par_1_38' title="bbox 2058 1142 3750 1213">
     <span class='ocr_line' id='line_1_38' title="bbox 2058 1142 3750 1213; baseline 0.004 -19"><span class='ocrx_word' id='word_1_295' title='bbox 2058 1142 2287 1211; x_wconf 88' lang='lat' dir='ltr'>quando</span> <span class='ocrx_word' id='word_1_296' title='bbox 2318 1158 2445 1213; x_wconf 85' lang='lat' dir='ltr'>qua</span> <span class='ocrx_word' id='word_1_297' title='bbox 2486 1142 2763 1211; x_wconf 90' lang='lat' dir='ltr'>coeperint</span> <span class='ocrx_word' id='word_1_298' title='bbox 2817 1159 2932 1195; x_wconf 89' lang='lat' dir='ltr'>non</span> <span class='ocrx_word' id='word_1_299' title='bbox 2992 1148 3309 1209; x_wconf 85' lang='lat' dir='ltr'>mutantur,</span> <span class='ocrx_word' id='word_1_300' title='bbox 3357 1150 3413 1198; x_wconf 88' lang='lat' dir='ltr'>et</span> <span class='ocrx_word' id='word_1_301' title='bbox 3468 1146 3750 1201; x_wconf 83' lang='lat' dir='ltr'>latronem</span> 
     </span>
    </p>
   </div>
   <div class='ocr_carea' id='block_1_39' title="bbox 2059 1230 3750 1303">
    <p class='ocr_par' dir='ltr' id='par_1_39' title="bbox 2059 1230 3750 1303">
     <span class='ocr_line' id='line_1_39' title="bbox 2059 1230 3750 1303; baseline 0.004 -22"><span class='ocrx_word' id='word_1_302' title='bbox 2059 1230 2321 1282; x_wconf 91' lang='lat' dir='ltr'>novimus</span> <span class='ocrx_word' id='word_1_303' title='bbox 2352 1231 2528 1283; x_wconf 88' lang='lat' dir='ltr'>alium</span> <span class='ocrx_word' id='word_1_304' title='bbox 2558 1231 2884 1300; x_wconf 86' lang='lat' dir='ltr'>pervenisse</span> <span class='ocrx_word' id='word_1_305' title='bbox 2917 1232 2985 1284; x_wconf 90' lang='lat' dir='ltr'>ad</span> <span class='ocrx_word' id='word_1_306' title='bbox 3027 1232 3389 1301; x_wconf 88' lang='lat' dir='ltr'>supplicium,</span> <span class='ocrx_word' id='word_1_307' title='bbox 3434 1236 3486 1286; x_wconf 88' lang='lat' dir='ltr'>et</span> <span class='ocrx_word' id='word_1_308' title='bbox 3528 1240 3750 1303; x_wconf 86' lang='lat' dir='ltr'>aposto-</span> 
     </span>
    </p>
   </div>
   <div class='ocr_carea' id='block_1_40' title="bbox 2057 1317 3752 1390">
    <p class='ocr_par' dir='ltr' id='par_1_40' title="bbox 2057 1317 3752 1390">
     <span class='ocr_line' id='line_1_40' title="bbox 2057 1317 3752 1390; baseline 0.004 -21"><span class='ocrx_word' id='word_1_309' title='bbox 2057 1318 2138 1370; x_wconf 92' lang='lat' dir='ltr'>los</span> <span class='ocrx_word' id='word_1_310' title='bbox 2169 1317 2380 1371; x_wconf 87' lang='lat' dir='ltr'>scimus</span> <span class='ocrx_word' id='word_1_311' title='bbox 2420 1318 2737 1388; x_wconf 89' lang='lat' dir='ltr'>percepisse</span> <span class='ocrx_word' id='word_1_312' title='bbox 2783 1320 3139 1388; x_wconf 88' lang='lat' dir='ltr'>propositum</span> <span class='ocrx_word' id='word_1_313' title='bbox 3185 1320 3341 1390; x_wconf 91' lang='lat' dir='ltr'>quod</span> <span class='ocrx_word' id='word_1_314' title='bbox 3392 1321 3752 1377; x_wconf 89' lang='lat' dir='ltr'>desiderave-</span> 
     </span>
    </p>
   </div>
   <div class='ocr_carea' id='block_1_41' title="bbox 2056 1406 3749 1479">
    <p class='ocr_par' dir='ltr' id='par_1_41' title="bbox 2056 1406 3749 1479">
     <span class='ocr_line' id='line_1_41' title="bbox 2056 1406 3749 1479; baseline 0.004 -21"><span class='ocrx_word' id='word_1_315' title='bbox 2056 1411 2184 1459; x_wconf 88' lang='lat' dir='ltr'>rant</span> <span class='ocrx_word' id='word_1_316' title='bbox 2213 1408 2496 1476; x_wconf 82' lang='lat' dir='ltr'>Regnum.</span> <span class='ocrx_word' id='word_1_317' title='bbox 2527 1406 2664 1470; x_wconf 88' lang='lat' dir='ltr'>Quis</span> <span class='ocrx_word' id='word_1_318' title='bbox 2710 1423 2846 1475; x_wconf 90' lang='lat' dir='ltr'>ergo</span> <span class='ocrx_word' id='word_1_319' title='bbox 2877 1406 3146 1461; x_wconf 88' lang='lat' dir='ltr'>discutiat</span> <span class='ocrx_word' id='word_1_320' title='bbox 3196 1408 3253 1460; x_wconf 91' lang='lat' dir='ltr'>in</span> <span class='ocrx_word' id='word_1_321' title='bbox 3308 1424 3420 1479; x_wconf 91' lang='lat' dir='ltr'>qua</span> <span class='ocrx_word' id='word_1_322' title='bbox 3467 1410 3557 1462; x_wconf 82' lang='lat' dir='ltr'>via</span> <span class='ocrx_word' id='word_1_323' title='bbox 3588 1411 3749 1464; x_wconf 88' lang='lat' dir='ltr'>habi-</span> 
     </span>
    </p>
   </div>
   <div class='ocr_carea' id='block_1_42' title="bbox 2054 1494 3749 1563">
    <p class='ocr_par' dir='ltr' id='par_1_42' title="bbox 2054 1494 3749 1563">
     <span class='ocr_line' id='line_1_42' title="bbox 2054 1494 3749 1563; baseline 0.002 -16"><span class='ocrx_word' id='word_1_324' title='bbox 2054 1498 2133 1547; x_wconf 90' lang='lat' dir='ltr'>tet</span> <span class='ocrx_word' id='word_1_325' title='bbox 2163 1494 2255 1547; x_wconf 84' lang='lat' dir='ltr'>lux</span> <span class='ocrx_word' id='word_1_326' title='bbox 2286 1499 2341 1547; x_wconf 92' lang='lat' dir='ltr'>et</span> <span class='ocrx_word' id='word_1_327' title='bbox 2366 1494 2732 1548; x_wconf 79' lang='lat' dir='ltr'>tenebrarum</span> <span class='ocrx_word' id='word_1_328' title='bbox 2765 1496 2890 1563; x_wconf 90' lang='lat' dir='ltr'>quis</span> <span class='ocrx_word' id='word_1_329' title='bbox 2921 1496 3075 1547; x_wconf 89' lang='lat' dir='ltr'>locus</span> <span class='ocrx_word' id='word_1_330' title='bbox 3107 1495 3197 1562; x_wconf 93' lang='lat' dir='ltr'>sit,</span> <span class='ocrx_word' id='word_1_331' title='bbox 3233 1500 3296 1548; x_wconf 89' lang='lat' dir='ltr'>ut</span> <span class='ocrx_word' id='word_1_332' title='bbox 3344 1497 3511 1549; x_wconf 90' lang='lat' dir='ltr'>ducat</span> <span class='ocrx_word' id='word_1_333' title='bbox 3543 1514 3749 1552; x_wconf 89' lang='lat' dir='ltr'>unum-</span> 
     </span>
    </p>
   </div>
   <div class='ocr_carea' id='block_1_43' title="bbox 2053 1582 3747 1653">
    <p class='ocr_par' dir='ltr' id='par_1_43' title="bbox 2053 1582 3747 1653">
     <span class='ocr_line' id='line_1_43' title="bbox 2053 1582 3747 1653; baseline 0.002 -18"><span class='ocrx_word' id='word_1_334' title='bbox 2053 1582 2321 1652; x_wconf 88' lang='lat' dir='ltr'>quodque</span> <span class='ocrx_word' id='word_1_335' title='bbox 2349 1582 2416 1634; x_wconf 89' lang='lat' dir='ltr'>ad</span> <span class='ocrx_word' id='word_1_336' title='bbox 2448 1583 2725 1634; x_wconf 87' lang='lat' dir='ltr'>terminos</span> <span class='ocrx_word' id='word_1_337' title='bbox 2760 1598 2908 1647; x_wconf 88' lang='lat' dir='ltr'>suos,</span> <span class='ocrx_word' id='word_1_338' title='bbox 2942 1588 2998 1635; x_wconf 86' lang='lat' dir='ltr'>et</span> <span class='ocrx_word' id='word_1_339' title='bbox 3045 1582 3329 1653; x_wconf 84' lang='lat' dir='ltr'>intelligat</span> <span class='ocrx_word' id='word_1_340' title='bbox 3370 1584 3600 1638; x_wconf 88' lang='lat' dir='ltr'>semitas</span> <span class='ocrx_word' id='word_1_341' title='bbox 3645 1587 3747 1640; x_wconf 87' lang='lat' dir='ltr'>do-</span> 
     </span>
    </p>
   </div>
   <div class='ocr_carea' id='block_1_44' title="bbox 2056 1670 3748 1741">
    <p class='ocr_par' dir='ltr' id='par_1_44' title="bbox 2056 1670 3748 1741">
     <span class='ocr_line' id='line_1_44' title="bbox 2056 1670 3748 1741; baseline 0.004 -18"><span class='ocrx_word' id='word_1_342' title='bbox 2056 1686 2182 1723; x_wconf 89' lang='lat' dir='ltr'>mus</span> <span class='ocrx_word' id='word_1_343' title='bbox 2213 1670 2371 1739; x_wconf 84' lang='lat' dir='ltr'>ejus?</span> <span class='ocrx_word' id='word_1_344' title='bbox 2401 1670 2575 1723; x_wconf 90' lang='lat' dir='ltr'>Video</span> <span class='ocrx_word' id='word_1_345' title='bbox 2610 1672 2847 1723; x_wconf 88' lang='lat' dir='ltr'>Paulum</span> <span class='ocrx_word' id='word_1_346' title='bbox 2877 1686 2944 1723; x_wconf 91' lang='lat' dir='ltr'>ex</span> <span class='ocrx_word' id='word_1_347' title='bbox 2974 1670 3071 1724; x_wconf 89' lang='lat' dir='ltr'>illa</span> <span class='ocrx_word' id='word_1_348' title='bbox 3093 1673 3502 1741; x_wconf 88' lang='lat' dir='ltr'>persecutionis</span> <span class='ocrx_word' id='word_1_349' title='bbox 3532 1675 3748 1729; x_wconf 77' lang='lat' dir='ltr'>smvitia</span> 
     </span>
    </p>
   </div>
   <div class='ocr_carea' id='block_1_45' title="bbox 2057 1758 3745 1831">
    <p class='ocr_par' dir='ltr' id='par_1_45' title="bbox 2057 1758 3745 1831">
     <span class='ocr_line' id='line_1_45' title="bbox 2057 1758 3745 1831; baseline 0.004 -20"><span class='ocrx_word' id='word_1_350' title='bbox 2057 1760 2122 1812; x_wconf 88' lang='lat' dir='ltr'>ad</span> <span class='ocrx_word' id='word_1_351' title='bbox 2153 1760 2398 1830; x_wconf 88' lang='lat' dir='ltr'>gratiam</span> <span class='ocrx_word' id='word_1_352' title='bbox 2430 1758 2779 1828; x_wconf 88' lang='lat' dir='ltr'>apostolatus</span> <span class='ocrx_word' id='word_1_353' title='bbox 2822 1764 3082 1813; x_wconf 90' lang='lat' dir='ltr'>vocatum</span> <span class='ocrx_word' id='word_1_354' title='bbox 3141 1762 3278 1826; x_wconf 83' lang='lat' dir='ltr'>(Act.</span> <span class='ocrx_word' id='word_1_355' title='bbox 3319 1778 3393 1825; x_wconf 81' lang='lat' dir='ltr'>IX,</span> <span class='ocrx_word' id='word_1_356' title='bbox 3438 1764 3514 1831; x_wconf 92' lang='grc'>1),</span> <span class='ocrx_word' id='word_1_357' title='bbox 3566 1768 3622 1817; x_wconf 91' lang='lat' dir='ltr'>et</span> <span class='ocrx_word' id='word_1_358' title='bbox 3660 1768 3745 1817; x_wconf 84' lang='lat' dir='ltr'>ta-</span> 
     </span>
    </p>
   </div>
   <div class='ocr_carea' id='block_1_46' title="bbox 2055 1846 3743 1920">
    <p class='ocr_par' dir='ltr' id='par_1_46' title="bbox 2055 1846 3743 1920">
     <span class='ocr_line' id='line_1_46' title="bbox 2055 1846 3743 1920; baseline 0.004 -21"><span class='ocrx_word' id='word_1_359' title='bbox 2055 1863 2184 1900; x_wconf 90' lang='lat' dir='ltr'>men</span> <span class='ocrx_word' id='word_1_360' title='bbox 2214 1847 2291 1899; x_wconf 92' lang='lat' dir='ltr'>sic</span> <span class='ocrx_word' id='word_1_361' title='bbox 2320 1846 2469 1900; x_wconf 89' lang='lat' dir='ltr'>inter</span> <span class='ocrx_word' id='word_1_362' title='bbox 2511 1846 2724 1915; x_wconf 86' lang='lat' dir='ltr'>judicia</span> <span class='ocrx_word' id='word_1_363' title='bbox 2754 1848 2974 1900; x_wconf 90' lang='lat' dir='ltr'>occulta</span> <span class='ocrx_word' id='word_1_364' title='bbox 3020 1848 3310 1915; x_wconf 89' lang='lat' dir='ltr'>formidat,</span> <span class='ocrx_word' id='word_1_365' title='bbox 3353 1854 3414 1903; x_wconf 93' lang='lat' dir='ltr'>ut</span> <span class='ocrx_word' id='word_1_366' title='bbox 3444 1853 3743 1920; x_wconf 87' lang='lat' dir='ltr'>reprobari</span> 
     </span>
    </p>
   </div>
   <div class='ocr_carea' id='block_1_47' title="bbox 2052 1935 3735 2005">
    <p class='ocr_par' dir='ltr' id='par_1_47' title="bbox 2052 1935 3735 2005">
     <span class='ocr_line' id='line_1_47' title="bbox 2052 1935 3735 2005; baseline 0.004 -17"><span class='ocrx_word' id='word_1_367' title='bbox 2052 1952 2110 1989; x_wconf 93' lang='lat' dir='ltr'>se</span> <span class='ocrx_word' id='word_1_368' title='bbox 2141 1935 2312 1988; x_wconf 90' lang='lat' dir='ltr'>etiam</span> <span class='ocrx_word' id='word_1_369' title='bbox 2372 1941 2677 2005; x_wconf 91' lang='lat' dir='ltr'>postquam</span> <span class='ocrx_word' id='word_1_370' title='bbox 2724 1939 2955 1988; x_wconf 91' lang='lat' dir='ltr'>vocatus</span> <span class='ocrx_word' id='word_1_371' title='bbox 2996 1941 3081 1988; x_wconf 91' lang='lat' dir='ltr'>est</span> <span class='ocrx_word' id='word_1_372' title='bbox 3132 1936 3347 1991; x_wconf 85' lang='lat' dir='ltr'>timeat.</span> <span class='ocrx_word' id='word_1_373' title='bbox 3409 1938 3502 1991; x_wconf 84' lang='lat' dir='ltr'>Ait</span> <span class='ocrx_word' id='word_1_374' title='bbox 3533 1940 3735 1995; x_wconf 88' lang='lat' dir='ltr'>enim:</span> 
     </span>
    </p>
   </div>
   <div class='ocr_carea' id='block_1_48' title="bbox 2057 2022 3741 2092">
    <p class='ocr_par' dir='ltr' id='par_1_48' title="bbox 2057 2022 3741 2092">
     <span class='ocr_line' id='line_1_48' title="bbox 2057 2022 3741 2092; baseline 0.007 -21"><span class='ocrx_word' id='word_1_375' title='bbox 2057 2044 2077 2071; x_wconf 74' lang='grc' dir='ltr'><strong>α</strong></span> <span class='ocrx_word' id='word_1_376' title='bbox 2114 2022 2338 2092; x_wconf 89' lang='lat' dir='ltr'>Castigo</span> <span class='ocrx_word' id='word_1_377' title='bbox 2368 2037 2573 2091; x_wconf 89' lang='lat' dir='ltr'>corpus</span> <span class='ocrx_word' id='word_1_378' title='bbox 2608 2036 2799 2075; x_wconf 90' lang='lat' dir='ltr'>meum</span> <span class='ocrx_word' id='word_1_379' title='bbox 2832 2026 2889 2074; x_wconf 92' lang='lat' dir='ltr'>et</span> <span class='ocrx_word' id='word_1_380' title='bbox 2917 2022 3173 2075; x_wconf 87' lang='lat' dir='ltr'>servituti</span> <span class='ocrx_word' id='word_1_381' title='bbox 3199 2022 3435 2091; x_wconf 85' lang='lat' dir='ltr'>subjicio</span> <span class='ocrx_word' id='word_1_382' title='bbox 3467 2041 3480 2078; x_wconf 87' lang='lat'><strong>:</strong></span> <span class='ocrx_word' id='word_1_383' title='bbox 3516 2026 3741 2082; x_wconf 86' lang='lat' dir='ltr'>neforte</span> 
     </span>
    </p>
   </div>
   <div class='ocr_carea' id='block_1_49' title="bbox 2051 2109 3736 2180">
    <p class='ocr_par' dir='ltr' id='par_1_49' title="bbox 2051 2109 3736 2180">
     <span class='ocr_line' id='line_1_49' title="bbox 2051 2109 3736 2180; baseline 0.001 -17"><span class='ocrx_word' id='word_1_384' title='bbox 2051 2110 2176 2163; x_wconf 88' lang='lat' dir='ltr'>aliis</span> <span class='ocrx_word' id='word_1_385' title='bbox 2208 2109 2525 2179; x_wconf 67' lang='lat' dir='ltr'>praedicans</span> <span class='ocrx_word' id='word_1_386' title='bbox 2554 2109 2677 2178; x_wconf 90' lang='lat' dir='ltr'>ipse</span> <span class='ocrx_word' id='word_1_387' title='bbox 2711 2110 2989 2178; x_wconf 88' lang='lat' dir='ltr'>reprobus</span> <span class='ocrx_word' id='word_1_388' title='bbox 3021 2109 3236 2163; x_wconf 79' lang='lat' dir='ltr'>efﬁciar</span> <span class='ocrx_word' id='word_1_389' title='bbox 3265 2111 3313 2179; x_wconf 87' lang='grc' dir='ltr'>(ι</span> <span class='ocrx_word' id='word_1_390' title='bbox 3333 2112 3450 2166; x_wconf 85' lang='lat' dir='ltr'>Cor.</span> <span class='ocrx_word' id='word_1_391' title='bbox 3478 2130 3549 2178; x_wconf 83' lang='lat' dir='ltr'>IX,</span> <span class='ocrx_word' id='word_1_392' title='bbox 3574 2118 3684 2180; x_wconf 77' lang='lat'>27).</span> <span class='ocrx_word' id='word_1_393' title='bbox 3708 2138 3736 2166; x_wconf 85' lang='grc'><strong>››</strong></span> 
     </span>
    </p>
   </div>
   <div class='ocr_carea' id='block_1_50' title="bbox 2052 2197 3738 2270">
    <p class='ocr_par' dir='ltr' id='par_1_50' title="bbox 2052 2197 3738 2270">
     <span class='ocr_line' id='line_1_50' title="bbox 2052 2197 3738 2270; baseline 0.002 -19"><span class='ocrx_word' id='word_1_394' title='bbox 2052 2199 2114 2251; x_wconf 85' lang='lat' dir='ltr'>Et</span> <span class='ocrx_word' id='word_1_395' title='bbox 2145 2214 2339 2251; x_wconf 90' lang='lat' dir='ltr'>rursus</span> <span class='ocrx_word' id='word_1_396' title='bbox 2371 2214 2383 2251; x_wconf 92' lang='lat'>:</span> <span class='ocrx_word' id='word_1_397' title='bbox 2412 2215 2439 2247; x_wconf 77' lang='grc' dir='ltr'>ι(</span> <span class='ocrx_word' id='word_1_398' title='bbox 2473 2198 2588 2266; x_wconf 89' lang='lat' dir='ltr'>Ego</span> <span class='ocrx_word' id='word_1_399' title='bbox 2618 2213 2707 2250; x_wconf 91' lang='lat' dir='ltr'>me</span> <span class='ocrx_word' id='word_1_400' title='bbox 2757 2213 2872 2250; x_wconf 92' lang='lat' dir='ltr'>non</span> <span class='ocrx_word' id='word_1_401' title='bbox 2904 2197 3149 2250; x_wconf 88' lang='lat' dir='ltr'>arbitror</span> <span class='ocrx_word' id='word_1_402' title='bbox 3203 2200 3738 2270; x_wconf 87' lang='lat' dir='ltr'>comprehendisse;</span> 
     </span>
    </p>
   </div>
   <div class='ocr_carea' id='block_1_51' title="bbox 2051 2285 3743 2358">
    <p class='ocr_par' dir='ltr' id='par_1_51' title="bbox 2051 2285 3743 2358">
     <span class='ocr_line' id='line_1_51' title="bbox 2051 2285 3743 2358; baseline 0.004 -20"><span class='ocrx_word' id='word_1_403' title='bbox 2051 2302 2227 2339; x_wconf 90' lang='lat' dir='ltr'>unum</span> <span class='ocrx_word' id='word_1_404' title='bbox 2288 2292 2477 2339; x_wconf 86' lang='lat' dir='ltr'>autem</span> <span class='ocrx_word' id='word_1_405' title='bbox 2530 2301 2657 2355; x_wconf 87' lang='lat' dir='ltr'>qua</span> <span class='ocrx_word' id='word_1_406' title='bbox 2711 2291 2863 2338; x_wconf 90' lang='lat' dir='ltr'>retro</span> <span class='ocrx_word' id='word_1_407' title='bbox 2928 2285 3159 2351; x_wconf 91' lang='lat' dir='ltr'>oblitus,</span> <span class='ocrx_word' id='word_1_408' title='bbox 3194 2286 3255 2339; x_wconf 89' lang='lat' dir='ltr'>in</span> <span class='ocrx_word' id='word_1_409' title='bbox 3307 2303 3373 2339; x_wconf 89' lang='lat' dir='ltr'>ea</span> <span class='ocrx_word' id='word_1_410' title='bbox 3424 2304 3553 2358; x_wconf 87' lang='lat' dir='ltr'>qua</span> <span class='ocrx_word' id='word_1_411' title='bbox 3608 2295 3743 2345; x_wconf 91' lang='lat' dir='ltr'>sunt</span> 
     </span>
    </p>
   </div>
   <div class='ocr_carea' id='block_1_52' title="bbox 2048 2373 3743 2448">
    <p class='ocr_par' dir='ltr' id='par_1_52' title="bbox 2048 2373 3743 2448">
     <span class='ocr_line' id='line_1_52' title="bbox 2048 2373 3743 2448; baseline 0.004 -22"><span class='ocrx_word' id='word_1_412' title='bbox 2048 2373 2240 2443; x_wconf 89' lang='lat' dir='ltr'>priora</span> <span class='ocrx_word' id='word_1_413' title='bbox 2271 2374 2580 2427; x_wconf 76' lang='lat' dir='ltr'>extendens</span> <span class='ocrx_word' id='word_1_414' title='bbox 2609 2389 2719 2438; x_wconf 91' lang='lat' dir='ltr'>me,</span> <span class='ocrx_word' id='word_1_415' title='bbox 2756 2374 2823 2427; x_wconf 91' lang='lat' dir='ltr'>ad</span> <span class='ocrx_word' id='word_1_416' title='bbox 2854 2373 3201 2427; x_wconf 90' lang='lat' dir='ltr'>destinatum</span> <span class='ocrx_word' id='word_1_417' title='bbox 3243 2390 3474 2445; x_wconf 91' lang='lat' dir='ltr'>sequor,</span> <span class='ocrx_word' id='word_1_418' title='bbox 3527 2378 3595 2431; x_wconf 90' lang='lat' dir='ltr'>ad</span> <span class='ocrx_word' id='word_1_419' title='bbox 3628 2380 3743 2448; x_wconf 90' lang='lat' dir='ltr'>pal-</span> 
     </span>
    </p>
   </div>
   <div class='ocr_carea' id='block_1_53' title="bbox 2050 2461 3743 2536">
    <p class='ocr_par' dir='ltr' id='par_1_53' title="bbox 2050 2461 3743 2536">
     <span class='ocr_line' id='line_1_53' title="bbox 2050 2461 3743 2536; baseline 0.002 -21"><span class='ocrx_word' id='word_1_420' title='bbox 2050 2478 2200 2516; x_wconf 90' lang='lat' dir='ltr'>mam</span> <span class='ocrx_word' id='word_1_421' title='bbox 2236 2477 2498 2530; x_wconf 87' lang='lat' dir='ltr'>superna</span> <span class='ocrx_word' id='word_1_422' title='bbox 2528 2461 2843 2514; x_wconf 89' lang='lat' dir='ltr'>vocationis</span> <span class='ocrx_word' id='word_1_423' title='bbox 2880 2462 2975 2515; x_wconf 92' lang='lat' dir='ltr'>Dei</span> <span class='ocrx_word' id='word_1_424' title='bbox 3003 2461 3062 2515; x_wconf 94' lang='lat' dir='ltr'>in</span> <span class='ocrx_word' id='word_1_425' title='bbox 3084 2462 3305 2516; x_wconf 88' lang='lat' dir='ltr'>Christo</span> <span class='ocrx_word' id='word_1_426' title='bbox 3330 2465 3479 2518; x_wconf 82' lang='lat' dir='ltr'>Jesu.</span> <span class='ocrx_word' id='word_1_427' title='bbox 3523 2464 3743 2536; x_wconf 89' lang='lat' dir='ltr'>Sequor</span> 
     </span>
    </p>
   </div>
   <div class='ocr_carea' id='block_1_54' title="bbox 2049 2550 3740 2623">
    <p class='ocr_par' dir='ltr' id='par_1_54' title="bbox 2049 2550 3740 2623">
     <span class='ocr_line' id='line_1_54' title="bbox 2049 2550 3740 2623; baseline 0.002 -19"><span class='ocrx_word' id='word_1_428' title='bbox 2049 2555 2240 2604; x_wconf 87' lang='lat' dir='ltr'>autem</span> <span class='ocrx_word' id='word_1_429' title='bbox 2273 2550 2318 2603; x_wconf 92' lang='lat' dir='ltr'>si</span> <span class='ocrx_word' id='word_1_430' title='bbox 2349 2550 2862 2619; x_wconf 90' lang='lat' dir='ltr'>comprehendam,</span> <span class='ocrx_word' id='word_1_431' title='bbox 2912 2550 2971 2603; x_wconf 91' lang='lat' dir='ltr'>in</span> <span class='ocrx_word' id='word_1_432' title='bbox 3001 2566 3116 2619; x_wconf 91' lang='lat' dir='ltr'>quo</span> <span class='ocrx_word' id='word_1_433' title='bbox 3178 2556 3234 2604; x_wconf 88' lang='lat' dir='ltr'>et</span> <span class='ocrx_word' id='word_1_434' title='bbox 3293 2553 3740 2623; x_wconf 89' lang='lat' dir='ltr'>comprehensus</span> 
     </span>
    </p>
   </div>
   <div class='ocr_carea' id='block_1_55' title="bbox 2048 2638 3740 2710">
    <p class='ocr_par' dir='ltr' id='par_1_55' title="bbox 2048 2638 3740 2710">
     <span class='ocr_line' id='line_1_55' title="bbox 2048 2638 3740 2710; baseline 0.002 -18"><span class='ocrx_word' id='word_1_435' title='bbox 2048 2655 2177 2692; x_wconf 91' lang='lat' dir='ltr'>sum</span> <span class='ocrx_word' id='word_1_436' title='bbox 2202 2639 2366 2709; x_wconf 76' lang='lat' dir='ltr'>(Phil.</span> <span class='ocrx_word' id='word_1_437' title='bbox 2403 2655 2483 2703; x_wconf 87' lang='lat' dir='ltr'>Ill,</span> <span class='ocrx_word' id='word_1_438' title='bbox 2538 2640 2622 2704; x_wconf 89' lang='grc'>13,</span> <span class='ocrx_word' id='word_1_439' title='bbox 2662 2638 2765 2705; x_wconf 79' lang='grc'>14).</span> <span class='ocrx_word' id='word_1_440' title='bbox 2802 2662 2827 2683; x_wconf 82' lang='grc'>››</span> <span class='ocrx_word' id='word_1_441' title='bbox 2860 2638 2929 2691; x_wconf 88' lang='lat' dir='ltr'>Et</span> <span class='ocrx_word' id='word_1_442' title='bbox 2968 2644 3120 2692; x_wconf 90' lang='lat' dir='ltr'>certe</span> <span class='ocrx_word' id='word_1_443' title='bbox 3172 2640 3291 2710; x_wconf 87' lang='lat' dir='ltr'>jam</span> <span class='ocrx_word' id='word_1_444' title='bbox 3344 2641 3414 2694; x_wconf 88' lang='lat' dir='ltr'>de</span> <span class='ocrx_word' id='word_1_445' title='bbox 3474 2642 3571 2695; x_wconf 93' lang='lat' dir='ltr'>illo</span> <span class='ocrx_word' id='word_1_446' title='bbox 3607 2658 3740 2696; x_wconf 86' lang='lat' dir='ltr'>voce</span> 
     </span>
    </p>
   </div>
   <div class='ocr_carea' id='block_1_56' title="bbox 2049 2725 3742 2783">
    <p class='ocr_par' dir='ltr' id='par_1_56' title="bbox 2049 2725 3742 2783">
     <span class='ocr_line' id='line_1_56' title="bbox 2049 2725 3742 2783; baseline 0.001 -1"><span class='ocrx_word' id='word_1_447' title='bbox 2049 2727 2342 2782; x_wconf 87' lang='lat' dir='ltr'>Dominica</span> <span class='ocrx_word' id='word_1_448' title='bbox 2374 2725 2585 2780; x_wconf 91' lang='lat' dir='ltr'>dictum</span> <span class='ocrx_word' id='word_1_449' title='bbox 2640 2726 2822 2779; x_wconf 84' lang='lat' dir='ltr'>fuerat</span> <span class='ocrx_word' id='word_1_450' title='bbox 2855 2742 2867 2779; x_wconf 90' lang='lat'><strong>:</strong></span> <span class='ocrx_word' id='word_1_451' title='bbox 2903 2743 2930 2775; x_wconf 82' lang='grc'>‹‹</span> <span class='ocrx_word' id='word_1_452' title='bbox 2972 2727 3076 2779; x_wconf 92' lang='lat' dir='ltr'>Vas</span> <span class='ocrx_word' id='word_1_453' title='bbox 3133 2727 3427 2781; x_wconf 89' lang='lat' dir='ltr'>electionis</span> <span class='ocrx_word' id='word_1_454' title='bbox 3486 2729 3628 2783; x_wconf 90' lang='lat' dir='ltr'>mihi</span> <span class='ocrx_word' id='word_1_455' title='bbox 3659 2735 3742 2783; x_wconf 90' lang='lat' dir='ltr'>est</span> 
     </span>
    </p>
   </div>
   <div class='ocr_carea' id='block_1_57' title="bbox 2048 2815 3739 2888">
    <p class='ocr_par' dir='ltr' id='par_1_57' title="bbox 2048 2815 3739 2888">
     <span class='ocr_line' id='line_1_57' title="bbox 2048 2815 3739 2888; baseline 0.001 -19"><span class='ocrx_word' id='word_1_456' title='bbox 2048 2817 2200 2884; x_wconf 71' lang='lat' dir='ltr'>(Act.</span> <span class='ocrx_word' id='word_1_457' title='bbox 2258 2831 2334 2880; x_wconf 82' lang='lat' dir='ltr'>ix,</span> <span class='ocrx_word' id='word_1_458' title='bbox 2398 2817 2483 2879; x_wconf 82' lang='grc'>15,</span> <span class='ocrx_word' id='word_1_459' title='bbox 2519 2833 2547 2866; x_wconf 84' lang='grc'><strong>››</strong></span> <span class='ocrx_word' id='word_1_460' title='bbox 2608 2820 2665 2868; x_wconf 89' lang='lat' dir='ltr'>et</span> <span class='ocrx_word' id='word_1_461' title='bbox 2710 2820 2903 2867; x_wconf 89' lang='lat' dir='ltr'>tamen</span> <span class='ocrx_word' id='word_1_462' title='bbox 2958 2815 3143 2868; x_wconf 89' lang='lat' dir='ltr'>adhuc</span> <span class='ocrx_word' id='word_1_463' title='bbox 3199 2816 3483 2886; x_wconf 88' lang='lat' dir='ltr'>castigans</span> <span class='ocrx_word' id='word_1_464' title='bbox 3532 2833 3739 2888; x_wconf 89' lang='lat' dir='ltr'>corpus</span> 
     </span>
    </p>
   </div>
   <div class='ocr_carea' id='block_1_58' title="bbox 2046 2902 3739 2977">
    <p class='ocr_par' dir='ltr' id='par_1_58' title="bbox 2046 2902 3739 2977">
     <span class='ocr_line' id='line_1_58' title="bbox 2046 2902 3739 2977; baseline 0.002 -20"><span class='ocrx_word' id='word_1_465' title='bbox 2046 2919 2213 2957; x_wconf 91' lang='lat' dir='ltr'>suum</span> <span class='ocrx_word' id='word_1_466' title='bbox 2248 2903 2451 2956; x_wconf 90' lang='lat' dir='ltr'>metuit</span> <span class='ocrx_word' id='word_1_467' title='bbox 2472 2918 2542 2955; x_wconf 92' lang='lat' dir='ltr'>ne</span> <span class='ocrx_word' id='word_1_468' title='bbox 2575 2902 2928 2973; x_wconf 91' lang='lat' dir='ltr'>reprobetur.</span> <span class='ocrx_word' id='word_1_469' title='bbox 2978 2904 3070 2957; x_wconf 89' lang='lat' dir='ltr'>Va</span> <span class='ocrx_word' id='word_1_470' title='bbox 3126 2904 3347 2958; x_wconf 88' lang='lat' dir='ltr'>miseris</span> <span class='ocrx_word' id='word_1_471' title='bbox 3413 2906 3594 2973; x_wconf 89' lang='lat' dir='ltr'>nobis,</span> <span class='ocrx_word' id='word_1_472' title='bbox 3640 2906 3739 2977; x_wconf 93' lang='lat' dir='ltr'>qui</span> 
     </span>
    </p>
   </div>
   <div class='ocr_carea' id='block_1_59' title="bbox 230 2988 3737 3060">
    <p class='ocr_par' dir='ltr' id='par_1_59' title="bbox 230 2988 3737 3060">
     <span class='ocr_line' id='line_1_59' title="bbox 230 2988 3737 3060; baseline 0.002 -19"><span class='ocrx_word' id='word_1_473' title='bbox 230 2989 392 3042; x_wconf 88' lang='lat' dir='ltr'>corde</span> <span class='ocrx_word' id='word_1_474' title='bbox 420 3006 515 3055; x_wconf 89' lang='lat' dir='ltr'>ea,</span> <span class='ocrx_word' id='word_1_475' title='bbox 548 3005 681 3060; x_wconf 89' lang='lat' dir='ltr'>qua</span> <span class='ocrx_word' id='word_1_476' title='bbox 712 3004 867 3042; x_wconf 89' lang='lat' dir='ltr'>nunc</span> <span class='ocrx_word' id='word_1_477' title='bbox 897 2995 1000 3055; x_wconf 87' lang='lat' dir='ltr'>est,</span> <span class='ocrx_word' id='word_1_478' title='bbox 1036 2988 1256 3042; x_wconf 88' lang='lat' dir='ltr'>malitia</span> <span class='ocrx_word' id='word_1_479' title='bbox 1285 2991 1630 3058; x_wconf 86' lang='lat' dir='ltr'>perseveret.</span> <span class='ocrx_word' id='word_1_480' title='bbox 1668 3009 1695 3037; x_wconf 77' lang='grc' dir='ltr'>(ι</span> <span class='ocrx_word' id='word_1_481' title='bbox 1719 2988 1781 3041; x_wconf 89' lang='lat' dir='ltr'>In</span> <span class='ocrx_word' id='word_1_482' title='bbox 1816 3004 1929 3058; x_wconf 90' lang='lat' dir='ltr'>qua</span> <span class='ocrx_word' id='word_1_483' title='bbox 1968 2991 2008 3044; x_wconf 70' lang='lat'>(.2</span> <span class='ocrx_word' id='word_1_484' title='bbox 2045 2992 2114 3046; x_wconf 92' lang='lat' dir='ltr'>de</span> <span class='ocrx_word' id='word_1_485' title='bbox 2157 2992 2434 3045; x_wconf 87' lang='lat' dir='ltr'>electione</span> <span class='ocrx_word' id='word_1_486' title='bbox 2495 2996 2686 3046; x_wconf 90' lang='lat' dir='ltr'>nostra</span> <span class='ocrx_word' id='word_1_487' title='bbox 2736 2992 2954 3045; x_wconf 88' lang='lat' dir='ltr'>nullam</span> <span class='ocrx_word' id='word_1_488' title='bbox 3003 2992 3189 3047; x_wconf 90' lang='lat' dir='ltr'>adhuc</span> <span class='ocrx_word' id='word_1_489' title='bbox 3246 2994 3346 3047; x_wconf 91' lang='lat' dir='ltr'>Dei</span> <span class='ocrx_word' id='word_1_490' title='bbox 3400 3011 3593 3049; x_wconf 87' lang='lat' dir='ltr'>vocem</span> <span class='ocrx_word' id='word_1_491' title='bbox 3643 3012 3737 3050; x_wconf 90' lang='lat' dir='ltr'>co-</span> 
     </span>
    </p>
   </div>
   <div class='ocr_carea' id='block_1_60' title="bbox 230 3075 1934 3146">
    <p class='ocr_par' dir='ltr' id='par_1_60' title="bbox 230 3075 1934 3146">
     <span class='ocr_line' id='line_1_60' title="bbox 230 3075 1934 3146; baseline -0.001 -17"><span class='ocrx_word' id='word_1_492' title='bbox 230 3078 309 3129; x_wconf 83' lang='lat' dir='ltr'>via</span> <span class='ocrx_word' id='word_1_493' title='bbox 340 3077 577 3131; x_wconf 86' lang='lat' dir='ltr'>habitet</span> <span class='ocrx_word' id='word_1_494' title='bbox 608 3078 723 3139; x_wconf 85' lang='lat' dir='ltr'>lux,</span> <span class='ocrx_word' id='word_1_495' title='bbox 760 3099 780 3124; x_wconf 76' lang='grc' dir='ltr'>ι</span> <span class='ocrx_word' id='word_1_496' title='bbox 830 3076 889 3130; x_wconf 94' lang='lat' dir='ltr'>id</span> <span class='ocrx_word' id='word_1_497' title='bbox 948 3082 1032 3130; x_wconf 90' lang='lat' dir='ltr'>est</span> <span class='ocrx_word' id='word_1_498' title='bbox 1079 3076 1241 3146; x_wconf 91' lang='lat' dir='ltr'>cujus</span> <span class='ocrx_word' id='word_1_499' title='bbox 1279 3080 1534 3129; x_wconf 87' lang='lat' dir='ltr'>mentem</span> <span class='ocrx_word' id='word_1_500' title='bbox 1582 3075 1817 3129; x_wconf 89' lang='lat' dir='ltr'>veniens</span> <span class='ocrx_word' id='word_1_501' title='bbox 1839 3076 1934 3145; x_wconf 85' lang='lat' dir='ltr'>jn-</span> 
     </span>
    </p>
   </div>
   <div class='ocr_carea' id='block_1_61' title="bbox 228 3163 1937 3236">
    <p class='ocr_par' dir='ltr' id='par_1_61' title="bbox 228 3163 1937 3236">
     <span class='ocr_line' id='line_1_61' title="bbox 228 3163 1937 3236; baseline 0 -19"><span class='ocrx_word' id='word_1_502' title='bbox 228 3166 376 3219; x_wconf 89' lang='lat' dir='ltr'>stitia</span> <span class='ocrx_word' id='word_1_503' title='bbox 405 3166 681 3235; x_wconf 86' lang='lat' dir='ltr'>impleat.</span> <span class='ocrx_word' id='word_1_504' title='bbox 720 3185 747 3215; x_wconf 84' lang='grc'>‹</span> <span class='ocrx_word' id='word_1_505' title='bbox 779 3166 844 3219; x_wconf 87' lang='lat' dir='ltr'>Et</span> <span class='ocrx_word' id='word_1_506' title='bbox 872 3165 1236 3219; x_wconf 87' lang='lat' dir='ltr'>tenebrarum</span> <span class='ocrx_word' id='word_1_507' title='bbox 1260 3165 1390 3236; x_wconf 87' lang='lat' dir='ltr'>quis</span> <span class='ocrx_word' id='word_1_508' title='bbox 1411 3166 1571 3218; x_wconf 90' lang='lat' dir='ltr'>locus</span> <span class='ocrx_word' id='word_1_509' title='bbox 1593 3163 1685 3227; x_wconf 91' lang='lat' dir='ltr'>sit,</span> <span class='ocrx_word' id='word_1_510' title='bbox 1720 3185 1748 3212; x_wconf 86' lang='lat'>»</span> <span class='ocrx_word' id='word_1_511' title='bbox 1773 3164 1831 3217; x_wconf 92' lang='lat' dir='ltr'>id</span> <span class='ocrx_word' id='word_1_512' title='bbox 1852 3170 1937 3217; x_wconf 91' lang='lat' dir='ltr'>est</span> 
     </span>
    </p>
   </div>
   <div class='ocr_carea' id='block_1_62' title="bbox 229 3252 1934 3325">
    <p class='ocr_par' dir='ltr' id='par_1_62' title="bbox 229 3252 1934 3325">
     <span class='ocr_line' id='line_1_62' title="bbox 229 3252 1934 3325; baseline -0.001 -19"><span class='ocrx_word' id='word_1_513' title='bbox 229 3254 282 3307; x_wconf 90' lang='lat' dir='ltr'>in</span> <span class='ocrx_word' id='word_1_514' title='bbox 312 3271 430 3325; x_wconf 90' lang='lat' dir='ltr'>quo</span> <span class='ocrx_word' id='word_1_515' title='bbox 462 3254 749 3324; x_wconf 86' lang='lat' dir='ltr'>iniquitas</span> <span class='ocrx_word' id='word_1_516' title='bbox 785 3270 933 3308; x_wconf 85' lang='lat' dir='ltr'>eaea</span> <span class='ocrx_word' id='word_1_517' title='bbox 962 3256 1253 3324; x_wconf 88' lang='lat' dir='ltr'>perduret.</span> <span class='ocrx_word' id='word_1_518' title='bbox 1294 3275 1315 3301; x_wconf 76' lang='grc' dir='ltr'>ι</span> <span class='ocrx_word' id='word_1_519' title='bbox 1377 3254 1446 3308; x_wconf 87' lang='lat' dir='ltr'>Ut</span> <span class='ocrx_word' id='word_1_520' title='bbox 1494 3252 1667 3306; x_wconf 90' lang='lat' dir='ltr'>ducas</span> <span class='ocrx_word' id='word_1_521' title='bbox 1718 3267 1934 3305; x_wconf 88' lang='lat' dir='ltr'>unum-</span> 
     </span>
    </p>
   </div>
   <div class='ocr_carea' id='block_1_63' title="bbox 229 3340 1933 3414">
    <p class='ocr_par' dir='ltr' id='par_1_63' title="bbox 229 3340 1933 3414">
     <span class='ocr_line' id='line_1_63' title="bbox 229 3340 1933 3414; baseline -0.002 -18"><span class='ocrx_word' id='word_1_522' title='bbox 229 3344 500 3414; x_wconf 86' lang='lat' dir='ltr'>quodque</span> <span class='ocrx_word' id='word_1_523' title='bbox 528 3343 601 3396; x_wconf 91' lang='lat' dir='ltr'>ad</span> <span class='ocrx_word' id='word_1_524' title='bbox 634 3342 917 3397; x_wconf 88' lang='lat' dir='ltr'>terminos</span> <span class='ocrx_word' id='word_1_525' title='bbox 938 3360 1090 3408; x_wconf 88' lang='lat' dir='ltr'>suos,</span> <span class='ocrx_word' id='word_1_526' title='bbox 1117 3364 1136 3390; x_wconf 70' lang='grc' dir='ltr'><strong><em>ι</em></strong></span> <span class='ocrx_word' id='word_1_527' title='bbox 1161 3343 1214 3397; x_wconf 92' lang='lat' dir='ltr'>id</span> <span class='ocrx_word' id='word_1_528' title='bbox 1239 3348 1343 3409; x_wconf 91' lang='lat' dir='ltr'>est,</span> <span class='ocrx_word' id='word_1_529' title='bbox 1376 3347 1438 3397; x_wconf 90' lang='lat' dir='ltr'>ut</span> <span class='ocrx_word' id='word_1_530' title='bbox 1463 3342 1739 3413; x_wconf 90' lang='lat' dir='ltr'>dijudices</span> <span class='ocrx_word' id='word_1_531' title='bbox 1770 3342 1815 3394; x_wconf 90' lang='lat' dir='ltr'>si</span> <span class='ocrx_word' id='word_1_532' title='bbox 1845 3340 1933 3394; x_wconf 88' lang='lat' dir='ltr'>vel</span> 
     </span>
    </p>
   </div>
   <div class='ocr_carea' id='block_1_64' title="bbox 227 3429 1935 3502">
    <p class='ocr_par' dir='ltr' id='par_1_64' title="bbox 227 3429 1935 3502">
     <span class='ocr_line' id='line_1_64' title="bbox 227 3429 1935 3502; baseline 0 -20"><span class='ocrx_word' id='word_1_533' title='bbox 227 3430 271 3483; x_wconf 88' lang='lat' dir='ltr'>is</span> <span class='ocrx_word' id='word_1_534' title='bbox 333 3432 438 3501; x_wconf 89' lang='lat' dir='ltr'>qui</span> <span class='ocrx_word' id='word_1_535' title='bbox 512 3448 670 3485; x_wconf 89' lang='lat' dir='ltr'>nunc</span> <span class='ocrx_word' id='word_1_536' title='bbox 718 3431 953 3502; x_wconf 90' lang='lat' dir='ltr'>iniquus</span> <span class='ocrx_word' id='word_1_537' title='bbox 995 3431 1267 3496; x_wconf 88' lang='lat' dir='ltr'>cernitur,</span> <span class='ocrx_word' id='word_1_538' title='bbox 1301 3431 1361 3485; x_wconf 92' lang='lat' dir='ltr'>in</span> <span class='ocrx_word' id='word_1_539' title='bbox 1404 3430 1707 3500; x_wconf 84' lang='lat' dir='ltr'>iniquitate</span> <span class='ocrx_word' id='word_1_540' title='bbox 1756 3429 1935 3482; x_wconf 88' lang='lat' dir='ltr'>vitam</span> 
     </span>
    </p>
   </div>
   <div class='ocr_carea' id='block_1_65' title="bbox 228 3517 1931 3589">
    <p class='ocr_par' dir='ltr' id='par_1_65' title="bbox 228 3517 1931 3589">
     <span class='ocr_line' id='line_1_65' title="bbox 228 3517 1931 3589; baseline -0.001 -18"><span class='ocrx_word' id='word_1_541' title='bbox 228 3518 417 3584; x_wconf 84' lang='lat' dir='ltr'>finiat;</span> <span class='ocrx_word' id='word_1_542' title='bbox 450 3520 545 3572; x_wconf 88' lang='lat' dir='ltr'>vel</span> <span class='ocrx_word' id='word_1_543' title='bbox 584 3520 634 3572; x_wconf 88' lang='lat' dir='ltr'>is</span> <span class='ocrx_word' id='word_1_544' title='bbox 665 3520 967 3589; x_wconf 88' lang='lat' dir='ltr'>quijustus</span> <span class='ocrx_word' id='word_1_545' title='bbox 1007 3518 1280 3584; x_wconf 90' lang='lat' dir='ltr'>cernitur,</span> <span class='ocrx_word' id='word_1_546' title='bbox 1326 3520 1747 3572; x_wconf 86' lang='lat' dir='ltr'>extremitatem</span> <span class='ocrx_word' id='word_1_547' title='bbox 1800 3517 1931 3570; x_wconf 87' lang='lat' dir='ltr'>vita</span> 
     </span>
    </p>
   </div>
   <div class='ocr_carea' id='block_1_66' title="bbox 229 3606 1931 3676">
    <p class='ocr_par' dir='ltr' id='par_1_66' title="bbox 229 3606 1931 3676">
     <span class='ocr_line' id='line_1_66' title="bbox 229 3606 1931 3676; baseline 0.002 -19"><span class='ocrx_word' id='word_1_548' title='bbox 229 3622 338 3659; x_wconf 82' lang='lat' dir='ltr'>sua</span> <span class='ocrx_word' id='word_1_549' title='bbox 371 3622 509 3659; x_wconf 90' lang='lat' dir='ltr'>cum</span> <span class='ocrx_word' id='word_1_550' title='bbox 538 3606 781 3674; x_wconf 83' lang='lat' dir='ltr'>justitia</span> <span class='ocrx_word' id='word_1_551' title='bbox 810 3606 1160 3676; x_wconf 87' lang='lat' dir='ltr'>perfectione</span> <span class='ocrx_word' id='word_1_552' title='bbox 1193 3606 1517 3660; x_wconf 90' lang='lat' dir='ltr'>concludat.</span> <span class='ocrx_word' id='word_1_553' title='bbox 1552 3628 1579 3655; x_wconf 84' lang='lat'><strong>«</strong></span> <span class='ocrx_word' id='word_1_554' title='bbox 1615 3608 1677 3660; x_wconf 89' lang='lat' dir='ltr'>Et</span> <span class='ocrx_word' id='word_1_555' title='bbox 1721 3606 1931 3660; x_wconf 87' lang='lat' dir='ltr'>intelli-</span> 
     </span>
    </p>
   </div>
   <div class='ocr_carea' id='block_1_67' title="bbox 231 3693 1931 3764">
    <p class='ocr_par' dir='ltr' id='par_1_67' title="bbox 231 3693 1931 3764">
     <span class='ocr_line' id='line_1_67' title="bbox 231 3693 1931 3764; baseline 0.001 -17"><span class='ocrx_word' id='word_1_556' title='bbox 231 3694 587 3763; x_wconf 84' lang='lat' dir='ltr'>gassemitas</span> <span class='ocrx_word' id='word_1_557' title='bbox 624 3694 829 3747; x_wconf 90' lang='lat' dir='ltr'>domus</span> <span class='ocrx_word' id='word_1_558' title='bbox 889 3695 1091 3764; x_wconf 83' lang='lat' dir='ltr'>ejus,»</span> <span class='ocrx_word' id='word_1_559' title='bbox 1133 3693 1190 3747; x_wconf 91' lang='lat' dir='ltr'>id</span> <span class='ocrx_word' id='word_1_560' title='bbox 1243 3700 1328 3748; x_wconf 90' lang='lat' dir='ltr'>est</span> <span class='ocrx_word' id='word_1_561' title='bbox 1382 3694 1706 3747; x_wconf 90' lang='lat' dir='ltr'>consideres</span> <span class='ocrx_word' id='word_1_562' title='bbox 1757 3700 1931 3764; x_wconf 88' lang='lat' dir='ltr'>atque</span> 
     </span>
    </p>
   </div>
   <div class='ocr_carea' id='block_1_68' title="bbox 230 3782 1929 3851">
    <p class='ocr_par' dir='ltr' id='par_1_68' title="bbox 230 3782 1929 3851">
     <span class='ocr_line' id='line_1_68' title="bbox 230 3782 1929 3851; baseline 0.001 -16"><span class='ocrx_word' id='word_1_563' title='bbox 230 3783 525 3836; x_wconf 76' lang='lat' dir='ltr'>discernes</span> <span class='ocrx_word' id='word_1_564' title='bbox 563 3783 651 3834; x_wconf 89' lang='lat' dir='ltr'>vel</span> <span class='ocrx_word' id='word_1_565' title='bbox 681 3782 775 3835; x_wconf 89' lang='lat' dir='ltr'>cui</span> <span class='ocrx_word' id='word_1_566' title='bbox 820 3782 972 3835; x_wconf 88' lang='lat' dir='ltr'>bona</span> <span class='ocrx_word' id='word_1_567' title='bbox 1026 3782 1173 3835; x_wconf 90' lang='lat' dir='ltr'>actio</span> <span class='ocrx_word' id='word_1_568' title='bbox 1228 3798 1599 3851; x_wconf 90' lang='lat' dir='ltr'>perseverans</span> <span class='ocrx_word' id='word_1_569' title='bbox 1655 3787 1929 3837; x_wconf 80' lang='lat' dir='ltr'>aternam</span> 
     </span>
    </p>
   </div>
   <div class='ocr_carea' id='block_1_69' title="bbox 230 3871 1929 3941">
    <p class='ocr_par' dir='ltr' id='par_1_69' title="bbox 230 3871 1929 3941">
     <span class='ocr_line' id='line_1_69' title="bbox 230 3871 1929 3941; baseline 0.001 -17"><span class='ocrx_word' id='word_1_570' title='bbox 230 3871 592 3924; x_wconf 85' lang='lat' dir='ltr'>mansionem</span> <span class='ocrx_word' id='word_1_571' title='bbox 639 3874 869 3940; x_wconf 76' lang='lat' dir='ltr'>praestet</span> <span class='ocrx_word' id='word_1_572' title='bbox 918 3871 977 3923; x_wconf 91' lang='lat' dir='ltr'>in</span> <span class='ocrx_word' id='word_1_573' title='bbox 1018 3886 1219 3939; x_wconf 90' lang='lat' dir='ltr'>regno,</span> <span class='ocrx_word' id='word_1_574' title='bbox 1255 3872 1342 3924; x_wconf 89' lang='lat' dir='ltr'>vel</span> <span class='ocrx_word' id='word_1_575' title='bbox 1398 3887 1571 3941; x_wconf 88' lang='lat' dir='ltr'>quem</span> <span class='ocrx_word' id='word_1_576' title='bbox 1627 3887 1807 3941; x_wconf 91' lang='lat' dir='ltr'>usque</span> <span class='ocrx_word' id='word_1_577' title='bbox 1858 3872 1929 3925; x_wconf 90' lang='lat' dir='ltr'>ad</span> 
     </span>
    </p>
   </div>
   <div class='ocr_carea' id='block_1_70' title="bbox 230 3958 1929 4029">
    <p class='ocr_par' dir='ltr' id='par_1_70' title="bbox 230 3958 1929 4029">
     <span class='ocr_line' id='line_1_70' title="bbox 230 3958 1929 4029; baseline -0.001 -16"><span class='ocrx_word' id='word_1_578' title='bbox 230 3960 549 4013; x_wconf 83' lang='lat' dir='ltr'>terminum</span> <span class='ocrx_word' id='word_1_579' title='bbox 574 3974 741 4011; x_wconf 90' lang='lat' dir='ltr'>suum</span> <span class='ocrx_word' id='word_1_580' title='bbox 773 3958 921 4013; x_wconf 89' lang='lat' dir='ltr'>actio</span> <span class='ocrx_word' id='word_1_581' title='bbox 940 3975 1116 4029; x_wconf 91' lang='lat' dir='ltr'>prava</span> <span class='ocrx_word' id='word_1_582' title='bbox 1141 3959 1541 4029; x_wconf 87' lang='lat' dir='ltr'>constringens</span> <span class='ocrx_word' id='word_1_583' title='bbox 1569 3959 1625 4012; x_wconf 91' lang='lat' dir='ltr'>in</span> <span class='ocrx_word' id='word_1_584' title='bbox 1650 3964 1929 4013; x_wconf 87' lang='lat' dir='ltr'>aternum</span> 
     </span>
    </p>
   </div>
   <div class='ocr_carea' id='block_1_71' title="bbox 234 4047 1928 4117">
    <p class='ocr_par' dir='ltr' id='par_1_71' title="bbox 234 4047 1928 4117">
     <span class='ocr_line' id='line_1_71' title="bbox 234 4047 1928 4117; baseline -0.001 -16"><span class='ocrx_word' id='word_1_585' title='bbox 234 4049 463 4102; x_wconf 85' lang='lat' dir='ltr'>damnet</span> <span class='ocrx_word' id='word_1_586' title='bbox 524 4047 893 4117; x_wconf 87' lang='lat' dir='ltr'>supplicium.</span> <span class='ocrx_word' id='word_1_587' title='bbox 956 4049 1170 4101; x_wconf 90' lang='lat' dir='ltr'>Domus</span> <span class='ocrx_word' id='word_1_588' title='bbox 1227 4047 1441 4117; x_wconf 90' lang='lat' dir='ltr'>quippe</span> <span class='ocrx_word' id='word_1_589' title='bbox 1494 4064 1596 4117; x_wconf 92' lang='lat' dir='ltr'>pro</span> <span class='ocrx_word' id='word_1_590' title='bbox 1631 4048 1928 4101; x_wconf 89' lang='lat' dir='ltr'>mansione</span> 
     </span>
    </p>
   </div>
   <div class='ocr_carea' id='block_1_72' title="bbox 232 4135 1926 4207">
    <p class='ocr_par' dir='ltr' id='par_1_72' title="bbox 232 4135 1926 4207">
     <span class='ocr_line' id='line_1_72' title="bbox 232 4135 1926 4207; baseline 0 -18"><span class='ocrx_word' id='word_1_591' title='bbox 232 4138 481 4207; x_wconf 86' lang='lat' dir='ltr'>ponitur,</span> <span class='ocrx_word' id='word_1_592' title='bbox 520 4135 727 4188; x_wconf 87' lang='lat' dir='ltr'>semita</span> <span class='ocrx_word' id='word_1_593' title='bbox 766 4152 869 4205; x_wconf 91' lang='lat' dir='ltr'>pro</span> <span class='ocrx_word' id='word_1_594' title='bbox 929 4136 1167 4189; x_wconf 90' lang='lat' dir='ltr'>actione.</span> <span class='ocrx_word' id='word_1_595' title='bbox 1226 4135 1438 4189; x_wconf 88' lang='lat' dir='ltr'>Semita</span> <span class='ocrx_word' id='word_1_596' title='bbox 1496 4136 1672 4205; x_wconf 87' lang='lat' dir='ltr'>igitur</span> <span class='ocrx_word' id='word_1_597' title='bbox 1717 4137 1786 4189; x_wconf 89' lang='lat' dir='ltr'>ad</span> <span class='ocrx_word' id='word_1_598' title='bbox 1829 4136 1926 4189; x_wconf 92' lang='lat' dir='ltr'>do-</span> 
     </span>
    </p>
   </div>
   <div class='ocr_carea' id='block_1_73' title="bbox 234 4223 1919 4292">
    <p class='ocr_par' dir='ltr' id='par_1_73' title="bbox 234 4223 1919 4292">
     <span class='ocr_line' id='line_1_73' title="bbox 234 4223 1919 4292; baseline -0.001 -15"><span class='ocrx_word' id='word_1_599' title='bbox 234 4239 385 4277; x_wconf 88' lang='lat' dir='ltr'>mum</span> <span class='ocrx_word' id='word_1_600' title='bbox 450 4223 635 4287; x_wconf 91' lang='lat' dir='ltr'>ducit,</span> <span class='ocrx_word' id='word_1_601' title='bbox 688 4223 824 4292; x_wconf 89' lang='lat' dir='ltr'>quia</span> <span class='ocrx_word' id='word_1_602' title='bbox 881 4224 1025 4279; x_wconf 89' lang='lat' dir='ltr'>actio</span> <span class='ocrx_word' id='word_1_603' title='bbox 1092 4223 1164 4276; x_wconf 87' lang='lat' dir='ltr'>ad</span> <span class='ocrx_word' id='word_1_604' title='bbox 1215 4223 1572 4277; x_wconf 90' lang='lat' dir='ltr'>mansionem</span> <span class='ocrx_word' id='word_1_605' title='bbox 1622 4224 1919 4292; x_wconf 89' lang='lat' dir='ltr'>pertrahit.</span> 
     </span>
    </p>
   </div>
   <div class='ocr_carea' id='block_1_74' title="bbox 233 4309 1923 4381">
    <p class='ocr_par' dir='ltr' id='par_1_74' title="bbox 233 4309 1923 4381">
     <span class='ocr_line' id='line_1_74' title="bbox 233 4309 1923 4381; baseline -0.001 -17"><span class='ocrx_word' id='word_1_606' title='bbox 233 4310 329 4364; x_wconf 79' lang='lat' dir='ltr'>Sed</span> <span class='ocrx_word' id='word_1_607' title='bbox 363 4310 501 4381; x_wconf 88' lang='lat' dir='ltr'>quis</span> <span class='ocrx_word' id='word_1_608' title='bbox 544 4309 846 4363; x_wconf 89' lang='lat' dir='ltr'>hominum</span> <span class='ocrx_word' id='word_1_609' title='bbox 905 4309 1013 4363; x_wconf 89' lang='lat' dir='ltr'>ista</span> <span class='ocrx_word' id='word_1_610' title='bbox 1070 4309 1353 4363; x_wconf 87' lang='lat' dir='ltr'>discussus</span> <span class='ocrx_word' id='word_1_611' title='bbox 1413 4310 1610 4364; x_wconf 78' lang='lat' dir='ltr'>dicat?</span> <span class='ocrx_word' id='word_1_612' title='bbox 1641 4309 1768 4380; x_wconf 88' lang='lat' dir='ltr'>quis</span> <span class='ocrx_word' id='word_1_613' title='bbox 1815 4309 1923 4363; x_wconf 89' lang='lat' dir='ltr'>ista</span> 
     </span>
    </p>
   </div>
   <div class='ocr_carea' id='block_1_75' title="bbox 233 4397 1928 4469">
    <p class='ocr_par' dir='ltr' id='par_1_75' title="bbox 233 4397 1928 4469">
     <span class='ocr_line' id='line_1_75' title="bbox 233 4397 1928 4469; baseline -0.001 -16"><span class='ocrx_word' id='word_1_614' title='bbox 233 4402 424 4453; x_wconf 81' lang='lat' dir='ltr'>saltem</span> <span class='ocrx_word' id='word_1_615' title='bbox 458 4399 888 4469; x_wconf 89' lang='lat' dir='ltr'>imperterritus</span> <span class='ocrx_word' id='word_1_616' title='bbox 912 4398 1149 4452; x_wconf 67' lang='lat' dir='ltr'>audiat?</span> <span class='ocrx_word' id='word_1_617' title='bbox 1201 4398 1403 4452; x_wconf 88' lang='lat' dir='ltr'>Multos</span> <span class='ocrx_word' id='word_1_618' title='bbox 1454 4398 1608 4452; x_wconf 92' lang='lat' dir='ltr'>enim</span> <span class='ocrx_word' id='word_1_619' title='bbox 1669 4397 1928 4452; x_wconf 89' lang='lat' dir='ltr'>videmus</span> 
     </span>
    </p>
   </div>
   <div class='ocr_carea' id='block_1_76' title="bbox 232 4486 1926 4557">
    <p class='ocr_par' dir='ltr' id='par_1_76' title="bbox 232 4486 1926 4557">
     <span class='ocr_line' id='line_1_76' title="bbox 232 4486 1926 4557; baseline -0.002 -15"><span class='ocrx_word' id='word_1_620' title='bbox 232 4488 488 4557; x_wconf 82' lang='lat' dir='ltr'>quotidie</span> <span class='ocrx_word' id='word_1_621' title='bbox 522 4487 625 4557; x_wconf 90' lang='lat' dir='ltr'>qui</span> <span class='ocrx_word' id='word_1_622' title='bbox 649 4487 887 4557; x_wconf 87' lang='lat' dir='ltr'>justitia</span> <span class='ocrx_word' id='word_1_623' title='bbox 927 4487 1056 4541; x_wconf 89' lang='lat' dir='ltr'>luce</span> <span class='ocrx_word' id='word_1_624' title='bbox 1104 4487 1488 4556; x_wconf 87' lang='lat' dir='ltr'>resplendent,</span> <span class='ocrx_word' id='word_1_625' title='bbox 1524 4491 1579 4540; x_wconf 87' lang='lat' dir='ltr'>et</span> <span class='ocrx_word' id='word_1_626' title='bbox 1631 4490 1823 4540; x_wconf 88' lang='lat' dir='ltr'>tamen</span> <span class='ocrx_word' id='word_1_627' title='bbox 1858 4486 1926 4539; x_wconf 91' lang='lat' dir='ltr'>ad</span> 
     </span>
    </p>
   </div>
   <div class='ocr_carea' id='block_1_77' title="bbox 233 4574 1929 4645">
    <p class='ocr_par' dir='ltr' id='par_1_77' title="bbox 233 4574 1929 4645">
     <span class='ocr_line' id='line_1_77' title="bbox 233 4574 1929 4645; baseline -0.002 -15"><span class='ocrx_word' id='word_1_628' title='bbox 233 4575 401 4631; x_wconf 82' lang='lat' dir='ltr'>ﬁnem</span> <span class='ocrx_word' id='word_1_629' title='bbox 451 4592 630 4629; x_wconf 88' lang='lat' dir='ltr'>suum</span> <span class='ocrx_word' id='word_1_630' title='bbox 689 4576 965 4645; x_wconf 86' lang='lat' dir='ltr'>nequitia</span> <span class='ocrx_word' id='word_1_631' title='bbox 1011 4574 1356 4629; x_wconf 90' lang='lat' dir='ltr'>obscuritate</span> <span class='ocrx_word' id='word_1_632' title='bbox 1408 4575 1801 4628; x_wconf 88' lang='lat' dir='ltr'>teuebrantur.</span> <span class='ocrx_word' id='word_1_633' title='bbox 1865 4576 1929 4627; x_wconf 88' lang='lat' dir='ltr'>Et</span> 
     </span>
    </p>
   </div>
   <div class='ocr_carea' id='block_1_78' title="bbox 235 4663 1929 4734">
    <p class='ocr_par' dir='ltr' id='par_1_78' title="bbox 235 4663 1929 4734">
     <span class='ocr_line' id='line_1_78' title="bbox 235 4663 1929 4734; baseline 0 -17"><span class='ocrx_word' id='word_1_634' title='bbox 235 4666 437 4718; x_wconf 87' lang='lat' dir='ltr'>multos</span> <span class='ocrx_word' id='word_1_635' title='bbox 472 4664 768 4717; x_wconf 86' lang='lat' dir='ltr'>cernimus</span> <span class='ocrx_word' id='word_1_636' title='bbox 802 4668 1168 4734; x_wconf 88' lang='lat' dir='ltr'>peccatorum</span> <span class='ocrx_word' id='word_1_637' title='bbox 1216 4663 1467 4716; x_wconf 90' lang='lat' dir='ltr'>tenebris</span> <span class='ocrx_word' id='word_1_638' title='bbox 1518 4663 1841 4732; x_wconf 86' lang='lat' dir='ltr'>obvolutos,</span> <span class='ocrx_word' id='word_1_639' title='bbox 1873 4668 1929 4717; x_wconf 93' lang='lat' dir='ltr'>et</span> 
     </span>
    </p>
   </div>
   <div class='ocr_carea' id='block_1_79' title="bbox 232 4751 1927 4822">
    <p class='ocr_par' dir='ltr' id='par_1_79' title="bbox 232 4751 1927 4822">
     <span class='ocr_line' id='line_1_79' title="bbox 232 4751 1927 4822; baseline 0.001 -18"><span class='ocrx_word' id='word_1_640' title='bbox 232 4758 415 4806; x_wconf 81' lang='lat' dir='ltr'>tamen</span> <span class='ocrx_word' id='word_1_641' title='bbox 438 4754 613 4822; x_wconf 85' lang='lat' dir='ltr'>juxta</span> <span class='ocrx_word' id='word_1_642' title='bbox 645 4751 774 4804; x_wconf 87' lang='lat' dir='ltr'>vita</span> <span class='ocrx_word' id='word_1_643' title='bbox 815 4768 931 4804; x_wconf 88' lang='lat' dir='ltr'>sua</span> <span class='ocrx_word' id='word_1_644' title='bbox 957 4752 1270 4805; x_wconf 88' lang='lat' dir='ltr'>terminum</span> <span class='ocrx_word' id='word_1_645' title='bbox 1324 4756 1558 4822; x_wconf 89' lang='lat' dir='ltr'>repente</span> <span class='ocrx_word' id='word_1_646' title='bbox 1594 4751 1754 4805; x_wconf 90' lang='lat' dir='ltr'>reddi</span> <span class='ocrx_word' id='word_1_647' title='bbox 1802 4752 1927 4805; x_wconf 91' lang='lat' dir='ltr'>luce</span> 
     </span>
    </p>
   </div>
   <div class='ocr_carea' id='block_1_80' title="bbox 225 4840 1926 4909">
    <p class='ocr_par' dir='ltr' id='par_1_80' title="bbox 225 4840 1926 4909">
     <span class='ocr_line' id='line_1_80' title="bbox 225 4840 1926 4909; baseline 0 -16"><span class='ocrx_word' id='word_1_648' title='bbox 225 4841 461 4909; x_wconf 83' lang='lat' dir='ltr'>justitia</span> <span class='ocrx_word' id='word_1_649' title='bbox 496 4840 729 4893; x_wconf 89' lang='lat' dir='ltr'>liberos.</span> <span class='ocrx_word' id='word_1_650' title='bbox 775 4841 979 4893; x_wconf 85' lang='lat' dir='ltr'>Multos</span> <span class='ocrx_word' id='word_1_651' title='bbox 1011 4841 1185 4894; x_wconf 90' lang='lat' dir='ltr'>etiam</span> <span class='ocrx_word' id='word_1_652' title='bbox 1213 4840 1475 4893; x_wconf 91' lang='lat' dir='ltr'>novimus</span> <span class='ocrx_word' id='word_1_653' title='bbox 1506 4842 1680 4894; x_wconf 89' lang='lat' dir='ltr'>semel</span> <span class='ocrx_word' id='word_1_654' title='bbox 1720 4840 1926 4893; x_wconf 88' lang='lat' dir='ltr'>inven-</span> 
     </span>
    </p>
   </div>
   <div class='ocr_carea' id='block_1_81' title="bbox 226 4927 1925 4999">
    <p class='ocr_par' dir='ltr' id='par_1_81' title="bbox 226 4927 1925 4999">
     <span class='ocr_line' id='line_1_81' title="bbox 226 4927 1925 4999; baseline 0 -17"><span class='ocrx_word' id='word_1_655' title='bbox 226 4934 335 4982; x_wconf 86' lang='lat' dir='ltr'>tam</span> <span class='ocrx_word' id='word_1_656' title='bbox 366 4928 525 4981; x_wconf 85' lang='lat' dir='ltr'>viam</span> <span class='ocrx_word' id='word_1_657' title='bbox 553 4927 796 4997; x_wconf 85' lang='lat' dir='ltr'>justitia</span> <span class='ocrx_word' id='word_1_658' title='bbox 818 4927 1036 4982; x_wconf 88' lang='lat' dir='ltr'>illibate</span> <span class='ocrx_word' id='word_1_659' title='bbox 1067 4944 1246 4999; x_wconf 88' lang='lat' dir='ltr'>usque</span> <span class='ocrx_word' id='word_1_660' title='bbox 1278 4928 1349 4981; x_wconf 93' lang='lat' dir='ltr'>ad</span> <span class='ocrx_word' id='word_1_661' title='bbox 1380 4928 1602 4982; x_wconf 89' lang='lat' dir='ltr'>obitum</span> <span class='ocrx_word' id='word_1_662' title='bbox 1653 4928 1925 4994; x_wconf 89' lang='lat' dir='ltr'>tenuisse,</span> 
     </span>
    </p>
   </div>
   <div class='ocr_carea' id='block_1_82' title="bbox 223 5016 1929 5087">
    <p class='ocr_par' dir='ltr' id='par_1_82' title="bbox 223 5016 1929 5087">
     <span class='ocr_line' id='line_1_82' title="bbox 223 5016 1929 5087; baseline 0.001 -19"><span class='ocrx_word' id='word_1_663' title='bbox 223 5022 273 5070; x_wconf 87' lang='lat' dir='ltr'>et</span> <span class='ocrx_word' id='word_1_664' title='bbox 297 5018 620 5086; x_wconf 88' lang='lat' dir='ltr'>plerosque</span> <span class='ocrx_word' id='word_1_665' title='bbox 673 5016 1074 5086; x_wconf 81' lang='lat' dir='ltr'>conspeximus</span> <span class='ocrx_word' id='word_1_666' title='bbox 1121 5032 1303 5086; x_wconf 90' lang='lat' dir='ltr'>usque</span> <span class='ocrx_word' id='word_1_667' title='bbox 1357 5017 1428 5070; x_wconf 88' lang='lat' dir='ltr'>ad</span> <span class='ocrx_word' id='word_1_668' title='bbox 1474 5017 1694 5071; x_wconf 83' lang='lat' dir='ltr'>exitum</span> <span class='ocrx_word' id='word_1_669' title='bbox 1745 5022 1929 5087; x_wconf 82' lang='lat' dir='ltr'>capta</span> 
     </span>
    </p>
   </div>
   <div class='ocr_carea' id='block_1_83' title="bbox 224 5102 1926 5169">
    <p class='ocr_par' dir='ltr' id='par_1_83' title="bbox 224 5102 1926 5169">
     <span class='ocr_line' id='line_1_83' title="bbox 224 5102 1926 5169; baseline 0.002 -13"><span class='ocrx_word' id='word_1_670' title='bbox 224 5106 394 5158; x_wconf 81' lang='lat' dir='ltr'>semel</span> <span class='ocrx_word' id='word_1_671' title='bbox 419 5102 677 5157; x_wconf 88' lang='lat' dir='ltr'>crimina</span> <span class='ocrx_word' id='word_1_672' title='bbox 736 5104 857 5156; x_wconf 90' lang='lat' dir='ltr'>sine</span> <span class='ocrx_word' id='word_1_673' title='bbox 906 5104 1221 5158; x_wconf 89' lang='lat' dir='ltr'>cessatione</span> <span class='ocrx_word' id='word_1_674' title='bbox 1261 5105 1600 5158; x_wconf 87' lang='lat' dir='ltr'>cumulasse.</span> <span class='ocrx_word' id='word_1_675' title='bbox 1633 5104 1766 5169; x_wconf 87' lang='lat' dir='ltr'>Quis</span> <span class='ocrx_word' id='word_1_676' title='bbox 1794 5121 1926 5160; x_wconf 90' lang='lat' dir='ltr'>vero</span> 
     </span>
    </p>
   </div>
   <div class='ocr_carea' id='block_1_84' title="bbox 220 5192 1927 5262">
    <p class='ocr_par' dir='ltr' id='par_1_84' title="bbox 220 5192 1927 5262">
     <span class='ocr_line' id='line_1_84' title="bbox 220 5192 1927 5262; baseline 0.001 -16"><span class='ocrx_word' id='word_1_677' title='bbox 220 5193 367 5247; x_wconf 86' lang='lat' dir='ltr'>inter</span> <span class='ocrx_word' id='word_1_678' title='bbox 397 5194 514 5246; x_wconf 83' lang='lat' dir='ltr'>ista</span> <span class='ocrx_word' id='word_1_679' title='bbox 546 5193 905 5246; x_wconf 89' lang='lat' dir='ltr'>occultorum</span> <span class='ocrx_word' id='word_1_680' title='bbox 924 5192 1276 5262; x_wconf 88' lang='lat' dir='ltr'>judiciorum</span> <span class='ocrx_word' id='word_1_681' title='bbox 1307 5193 1533 5247; x_wconf 90' lang='lat' dir='ltr'>nubilas</span> <span class='ocrx_word' id='word_1_682' title='bbox 1571 5194 1780 5248; x_wconf 88' lang='lat' dir='ltr'>mentis</span> <span class='ocrx_word' id='word_1_683' title='bbox 1810 5211 1927 5248; x_wconf 85' lang='lat' dir='ltr'>sua</span> 
     </span>
    </p>
   </div>
   <div class='ocr_carea' id='block_1_85' title="bbox 220 5279 1929 5351">
    <p class='ocr_par' dir='ltr' id='par_1_85' title="bbox 220 5279 1929 5351">
     <span class='ocr_line' id='line_1_85' title="bbox 220 5279 1929 5351; baseline 0.001 -16"><span class='ocrx_word' id='word_1_684' title='bbox 220 5282 447 5335; x_wconf 84' lang='lat' dir='ltr'>radium</span> <span class='ocrx_word' id='word_1_685' title='bbox 501 5279 719 5346; x_wconf 89' lang='lat' dir='ltr'>mittat,</span> <span class='ocrx_word' id='word_1_686' title='bbox 777 5285 839 5334; x_wconf 90' lang='lat' dir='ltr'>ut</span> <span class='ocrx_word' id='word_1_687' title='bbox 893 5281 1085 5351; x_wconf 91' lang='lat' dir='ltr'>aliqua</span> <span class='ocrx_word' id='word_1_688' title='bbox 1127 5282 1587 5336; x_wconf 87' lang='lat' dir='ltr'>consideratione</span> <span class='ocrx_word' id='word_1_689' title='bbox 1641 5283 1929 5337; x_wconf 89' lang='lat' dir='ltr'>discernat</span> 
     </span>
    </p>
   </div>
   <div class='ocr_carea' id='block_1_86' title="bbox 220 5368 1926 5441">
    <p class='ocr_par' dir='ltr' id='par_1_86' title="bbox 220 5368 1926 5441">
     <span class='ocr_line' id='line_1_86' title="bbox 220 5368 1926 5441; baseline 0.001 -18"><span class='ocrx_word' id='word_1_690' title='bbox 220 5371 305 5423; x_wconf 73' lang='lat' dir='ltr'>vel</span> <span class='ocrx_word' id='word_1_691' title='bbox 346 5370 483 5441; x_wconf 87' lang='lat' dir='ltr'>quis</span> <span class='ocrx_word' id='word_1_692' title='bbox 526 5368 807 5439; x_wconf 87' lang='lat' dir='ltr'>perduret</span> <span class='ocrx_word' id='word_1_693' title='bbox 858 5368 918 5420; x_wconf 94' lang='lat' dir='ltr'>in</span> <span class='ocrx_word' id='word_1_694' title='bbox 977 5370 1149 5435; x_wconf 90' lang='lat' dir='ltr'>malo,</span> <span class='ocrx_word' id='word_1_695' title='bbox 1199 5371 1285 5423; x_wconf 90' lang='lat' dir='ltr'>vel</span> <span class='ocrx_word' id='word_1_696' title='bbox 1339 5370 1469 5440; x_wconf 89' lang='lat' dir='ltr'>quis</span> <span class='ocrx_word' id='word_1_697' title='bbox 1516 5376 1842 5440; x_wconf 88' lang='lat' dir='ltr'>perseveret</span> <span class='ocrx_word' id='word_1_698' title='bbox 1868 5372 1926 5425; x_wconf 93' lang='lat' dir='ltr'>in</span> 
     </span>
    </p>
   </div>
   <div class='ocr_carea' id='block_1_87' title="bbox 220 5456 1925 5529">
    <p class='ocr_par' dir='ltr' id='par_1_87' title="bbox 220 5456 1925 5529">
     <span class='ocr_line' id='line_1_87' title="bbox 220 5456 1925 5529; baseline 0.001 -17"><span class='ocrx_word' id='word_1_699' title='bbox 220 5458 386 5526; x_wconf 84' lang='lat' dir='ltr'>bono,</span> <span class='ocrx_word' id='word_1_700' title='bbox 419 5458 515 5512; x_wconf 85' lang='lat' dir='ltr'>vel</span> <span class='ocrx_word' id='word_1_701' title='bbox 546 5457 681 5529; x_wconf 88' lang='lat' dir='ltr'>quis</span> <span class='ocrx_word' id='word_1_702' title='bbox 714 5457 784 5511; x_wconf 87' lang='lat' dir='ltr'>ab</span> <span class='ocrx_word' id='word_1_703' title='bbox 813 5456 1030 5510; x_wconf 88' lang='lat' dir='ltr'>inﬁmis</span> <span class='ocrx_word' id='word_1_704' title='bbox 1059 5462 1423 5512; x_wconf 88' lang='lat' dir='ltr'>convertatur</span> <span class='ocrx_word' id='word_1_705' title='bbox 1454 5459 1523 5513; x_wconf 89' lang='lat' dir='ltr'>ad</span> <span class='ocrx_word' id='word_1_706' title='bbox 1552 5475 1796 5523; x_wconf 90' lang='lat' dir='ltr'>summa,</span> <span class='ocrx_word' id='word_1_707' title='bbox 1839 5461 1925 5513; x_wconf 90' lang='lat' dir='ltr'>vel</span> 
     </span>
    </p>
   </div>
   <div class='ocr_carea' id='block_1_88' title="bbox 223 5546 1927 5618">
    <p class='ocr_par' dir='ltr' id='par_1_88' title="bbox 223 5546 1927 5618">
     <span class='ocr_line' id='line_1_88' title="bbox 223 5546 1927 5618; baseline 0.001 -17"><span class='ocrx_word' id='word_1_708' title='bbox 223 5549 343 5618; x_wconf 86' lang='lat' dir='ltr'>quis</span> <span class='ocrx_word' id='word_1_709' title='bbox 379 5565 414 5601; x_wconf 90' lang='lat' dir='ltr'>a</span> <span class='ocrx_word' id='word_1_710' title='bbox 445 5547 699 5603; x_wconf 88' lang='lat' dir='ltr'>summis</span> <span class='ocrx_word' id='word_1_711' title='bbox 749 5549 1067 5601; x_wconf 85' lang='lat' dir='ltr'>revertatur</span> <span class='ocrx_word' id='word_1_712' title='bbox 1111 5546 1183 5600; x_wconf 90' lang='lat' dir='ltr'>ab</span> <span class='ocrx_word' id='word_1_713' title='bbox 1224 5546 1456 5601; x_wconf 85' lang='lat' dir='ltr'>inﬁma?</span> <span class='ocrx_word' id='word_1_714' title='bbox 1524 5549 1723 5601; x_wconf 88' lang='lat' dir='ltr'>Latent</span> <span class='ocrx_word' id='word_1_715' title='bbox 1806 5549 1927 5603; x_wconf 82' lang='lat' dir='ltr'>hac</span> 
     </span>
    </p>
   </div>
   <div class='ocr_carea' id='block_1_89' title="bbox 2047 3080 3734 3151">
    <p class='ocr_par' dir='ltr' id='par_1_89' title="bbox 2047 3080 3734 3151">
     <span class='ocr_line' id='line_1_89' title="bbox 2047 3080 3734 3151; baseline 0.002 -18"><span class='ocrx_word' id='word_1_716' title='bbox 2047 3081 2366 3151; x_wconf 89' lang='lat' dir='ltr'>gnovimus,</span> <span class='ocrx_word' id='word_1_717' title='bbox 2404 3085 2461 3133; x_wconf 89' lang='lat' dir='ltr'>et</span> <span class='ocrx_word' id='word_1_718' title='bbox 2483 3080 2602 3151; x_wconf 91' lang='lat' dir='ltr'>jam</span> <span class='ocrx_word' id='word_1_719' title='bbox 2655 3081 2713 3133; x_wconf 90' lang='lat' dir='ltr'>in</span> <span class='ocrx_word' id='word_1_720' title='bbox 2770 3081 2889 3135; x_wconf 91' lang='lat' dir='ltr'>otio</span> <span class='ocrx_word' id='word_1_721' title='bbox 2938 3080 3100 3151; x_wconf 90' lang='lat' dir='ltr'>quasi</span> <span class='ocrx_word' id='word_1_722' title='bbox 3151 3082 3219 3135; x_wconf 93' lang='lat' dir='ltr'>de</span> <span class='ocrx_word' id='word_1_723' title='bbox 3268 3082 3571 3137; x_wconf 88' lang='lat' dir='ltr'>securitate</span> <span class='ocrx_word' id='word_1_724' title='bbox 3622 3088 3734 3137; x_wconf 88' lang='lat' dir='ltr'>tor-</span> 
     </span>
    </p>
   </div>
   <div class='ocr_carea' id='block_1_90' title="bbox 2045 3168 2294 3238">
    <p class='ocr_par' dir='ltr' id='par_1_90' title="bbox 2045 3168 2294 3238">
     <span class='ocr_line' id='line_1_90' title="bbox 2045 3168 2294 3238; baseline -0.008 -16"><span class='ocrx_word' id='word_1_725' title='bbox 2045 3168 2294 3238; x_wconf 88' lang='lat' dir='ltr'>pemus.]</span> 
     </span>
    </p>
   </div>
   <div class='ocr_carea' id='block_1_91' title="bbox 2114 3253 3729 3323">
    <p class='ocr_par' dir='ltr' id='par_1_91' title="bbox 2114 3253 3729 3323">
     <span class='ocr_line' id='line_1_91' title="bbox 2114 3253 3729 3323; baseline 0.002 -16"><span class='ocrx_word' id='word_1_726' title='bbox 2114 3254 2259 3318; x_wconf 88' lang='lat' dir='ltr'>Quid</span> <span class='ocrx_word' id='word_1_727' title='bbox 2290 3253 2442 3307; x_wconf 90' lang='lat' dir='ltr'>enim</span> <span class='ocrx_word' id='word_1_728' title='bbox 2469 3253 2561 3307; x_wconf 90' lang='lat' dir='ltr'>his</span> <span class='ocrx_word' id='word_1_729' title='bbox 2594 3253 2945 3307; x_wconf 91' lang='lat' dir='ltr'>occultorum</span> <span class='ocrx_word' id='word_1_730' title='bbox 2975 3254 3339 3323; x_wconf 68' lang='lat' dir='ltr'>tjudiciorum</span> <span class='ocrx_word' id='word_1_731' title='bbox 3368 3256 3572 3309; x_wconf 90' lang='lat' dir='ltr'>abditis</span> <span class='ocrx_word' id='word_1_732' title='bbox 3597 3274 3729 3311; x_wconf 88' lang='lat' dir='ltr'>san-</span> 
     </span>
    </p>
   </div>
   <div class='ocr_carea' id='block_1_92' title="bbox 2042 3342 3735 3414">
    <p class='ocr_par' dir='ltr' id='par_1_92' title="bbox 2042 3342 3735 3414">
     <span class='ocr_line' id='line_1_92' title="bbox 2042 3342 3735 3414; baseline 0.001 -18"><span class='ocrx_word' id='word_1_733' title='bbox 2042 3347 2165 3396; x_wconf 91' lang='lat' dir='ltr'>ctus</span> <span class='ocrx_word' id='word_1_734' title='bbox 2194 3342 2500 3412; x_wconf 88' lang='lat' dir='ltr'>Gregorius</span> <span class='ocrx_word' id='word_1_735' title='bbox 2532 3358 2635 3395; x_wconf 91' lang='lat' dir='ltr'>nos</span> <span class='ocrx_word' id='word_1_736' title='bbox 2666 3342 2880 3408; x_wconf 88' lang='lat' dir='ltr'>edocet,</span> <span class='ocrx_word' id='word_1_737' title='bbox 2914 3342 3025 3395; x_wconf 89' lang='lat' dir='ltr'>nisi</span> <span class='ocrx_word' id='word_1_738' title='bbox 3074 3343 3227 3412; x_wconf 92' lang='lat' dir='ltr'>quod</span> <span class='ocrx_word' id='word_1_739' title='bbox 3281 3342 3735 3414; x_wconf 89' lang='lat' dir='ltr'>uniuscujusque</span> 
     </span>
    </p>
   </div>
   <div class='ocr_carea' id='block_1_93' title="bbox 2043 3430 3731 3501">
    <p class='ocr_par' dir='ltr' id='par_1_93' title="bbox 2043 3430 3731 3501">
     <span class='ocr_line' id='line_1_93' title="bbox 2043 3430 3731 3501; baseline 0.001 -16"><span class='ocrx_word' id='word_1_740' title='bbox 2043 3435 2198 3485; x_wconf 90' lang='lat' dir='ltr'>actus</span> <span class='ocrx_word' id='word_1_741' title='bbox 2229 3436 2286 3485; x_wconf 89' lang='lat' dir='ltr'>et</span> <span class='ocrx_word' id='word_1_742' title='bbox 2311 3430 2442 3485; x_wconf 88' lang='lat' dir='ltr'>ﬁnis</span> <span class='ocrx_word' id='word_1_743' title='bbox 2475 3430 2669 3485; x_wconf 89' lang='lat' dir='ltr'>divina</span> <span class='ocrx_word' id='word_1_744' title='bbox 2707 3431 3100 3486; x_wconf 87' lang='lat' dir='ltr'>moderatione</span> <span class='ocrx_word' id='word_1_745' title='bbox 3147 3431 3494 3501; x_wconf 87' lang='lat' dir='ltr'>disponitur,</span> <span class='ocrx_word' id='word_1_746' title='bbox 3542 3437 3601 3486; x_wconf 91' lang='lat' dir='ltr'>et</span> <span class='ocrx_word' id='word_1_747' title='bbox 3628 3433 3731 3487; x_wconf 91' lang='lat' dir='ltr'>hu-</span> 
     </span>
    </p>
   </div>
   <div class='ocr_carea' id='block_1_94' title="bbox 2041 3518 3732 3589">
    <p class='ocr_par' dir='ltr' id='par_1_94' title="bbox 2041 3518 3732 3589">
     <span class='ocr_line' id='line_1_94' title="bbox 2041 3518 3732 3589; baseline 0.002 -16"><span class='ocrx_word' id='word_1_748' title='bbox 2041 3535 2240 3573; x_wconf 92' lang='lat' dir='ltr'>manas</span> <span class='ocrx_word' id='word_1_749' title='bbox 2269 3518 2501 3589; x_wconf 91' lang='lat' dir='ltr'>quidem</span> <span class='ocrx_word' id='word_1_750' title='bbox 2533 3523 2752 3573; x_wconf 87' lang='lat' dir='ltr'>mentes</span> <span class='ocrx_word' id='word_1_751' title='bbox 2782 3520 2990 3573; x_wconf 91' lang='lat' dir='ltr'>erroris</span> <span class='ocrx_word' id='word_1_752' title='bbox 3020 3519 3219 3575; x_wconf 89' lang='lat' dir='ltr'>nubila</span> <span class='ocrx_word' id='word_1_753' title='bbox 3249 3519 3627 3589; x_wconf 86' lang='lat' dir='ltr'>confundunt,</span> <span class='ocrx_word' id='word_1_754' title='bbox 3662 3539 3732 3576; x_wconf 92' lang='lat' dir='ltr'>ne</span> 
     </span>
    </p>
   </div>
   <div class='ocr_carea' id='block_1_95' title="bbox 2041 3607 3731 3679">
    <p class='ocr_par' dir='ltr' id='par_1_95' title="bbox 2041 3607 3731 3679">
     <span class='ocr_line' id='line_1_95' title="bbox 2041 3607 3731 3679; baseline 0.004 -21"><span class='ocrx_word' id='word_1_755' title='bbox 2041 3609 2129 3661; x_wconf 87' lang='lat' dir='ltr'>vel</span> <span class='ocrx_word' id='word_1_756' title='bbox 2158 3608 2227 3661; x_wconf 92' lang='lat' dir='ltr'>de</span> <span class='ocrx_word' id='word_1_757' title='bbox 2259 3623 2335 3675; x_wconf 90' lang='lat' dir='ltr'>se,</span> <span class='ocrx_word' id='word_1_758' title='bbox 2371 3608 2456 3660; x_wconf 88' lang='lat' dir='ltr'>vel</span> <span class='ocrx_word' id='word_1_759' title='bbox 2484 3608 2552 3661; x_wconf 91' lang='lat' dir='ltr'>de</span> <span class='ocrx_word' id='word_1_760' title='bbox 2580 3608 2706 3661; x_wconf 91' lang='lat' dir='ltr'>aliis</span> <span class='ocrx_word' id='word_1_761' title='bbox 2738 3607 2880 3661; x_wconf 92' lang='lat' dir='ltr'>scire</span> <span class='ocrx_word' id='word_1_762' title='bbox 2910 3614 3153 3678; x_wconf 88' lang='lat' dir='ltr'>possunt</span> <span class='ocrx_word' id='word_1_763' title='bbox 3202 3608 3338 3679; x_wconf 87' lang='lat' dir='ltr'>quid</span> <span class='ocrx_word' id='word_1_764' title='bbox 3379 3611 3529 3679; x_wconf 85' lang='lat' dir='ltr'>apud</span> <span class='ocrx_word' id='word_1_765' title='bbox 3580 3626 3643 3664; x_wconf 92' lang='lat' dir='ltr'>se</span> <span class='ocrx_word' id='word_1_766' title='bbox 3672 3611 3731 3665; x_wconf 92' lang='lat' dir='ltr'>in</span> 
     </span>
    </p>
   </div>
   <div class='ocr_carea' id='block_1_96' title="bbox 2032 3694 3729 3765">
    <p class='ocr_par' dir='ltr' id='par_1_96' title="bbox 2032 3694 3729 3765">
     <span class='ocr_line' id='line_1_96' title="bbox 2032 3694 3729 3765; baseline 0.003 -16"><span class='ocrx_word' id='word_1_767' title='bbox 2032 3694 2262 3765; x_wconf 89' lang='lat' dir='ltr'>judiciis</span> <span class='ocrx_word' id='word_1_768' title='bbox 2293 3694 2523 3747; x_wconf 88' lang='lat' dir='ltr'>secretis</span> <span class='ocrx_word' id='word_1_769' title='bbox 2553 3700 2756 3765; x_wconf 87' lang='lat' dir='ltr'>agatur</span> <span class='ocrx_word' id='word_1_770' title='bbox 2784 3712 2797 3749; x_wconf 88' lang='lat'><strong>:</strong></span> <span class='ocrx_word' id='word_1_771' title='bbox 2834 3712 2963 3749; x_wconf 89' lang='lat' dir='ltr'>cum</span> <span class='ocrx_word' id='word_1_772' title='bbox 2994 3702 3186 3750; x_wconf 91' lang='lat' dir='ltr'>tamen</span> <span class='ocrx_word' id='word_1_773' title='bbox 3218 3697 3361 3751; x_wconf 90' lang='lat' dir='ltr'>scire</span> <span class='ocrx_word' id='word_1_774' title='bbox 3395 3699 3729 3754; x_wconf 89' lang='lat' dir='ltr'>omnimodo</span> 
     </span>
    </p>
   </div>
   <div class='ocr_carea' id='block_1_97' title="bbox 2038 3782 3726 3857">
    <p class='ocr_par' dir='ltr' id='par_1_97' title="bbox 2038 3782 3726 3857">
     <span class='ocr_line' id='line_1_97' title="bbox 2038 3782 3726 3857; baseline 0.002 -19"><span class='ocrx_word' id='word_1_775' title='bbox 2038 3784 2248 3838; x_wconf 89' lang='lat' dir='ltr'>debent</span> <span class='ocrx_word' id='word_1_776' title='bbox 2290 3782 2503 3837; x_wconf 73' lang='lat' dir='ltr'>caelesti</span> <span class='ocrx_word' id='word_1_777' title='bbox 2542 3783 2961 3853; x_wconf 91' lang='lat' dir='ltr'>dispensatione</span> <span class='ocrx_word' id='word_1_778' title='bbox 3005 3785 3199 3838; x_wconf 90' lang='lat' dir='ltr'>omnia</span> <span class='ocrx_word' id='word_1_779' title='bbox 3247 3786 3389 3853; x_wconf 88' lang='lat' dir='ltr'>geri,</span> <span class='ocrx_word' id='word_1_780' title='bbox 3437 3792 3494 3840; x_wconf 90' lang='lat' dir='ltr'>et</span> <span class='ocrx_word' id='word_1_781' title='bbox 3525 3787 3726 3857; x_wconf 87' lang='lat' dir='ltr'>singu-</span> 
     </span>
    </p>
   </div>
   <div class='ocr_carea' id='block_1_98' title="bbox 2038 3870 3728 3945">
    <p class='ocr_par' dir='ltr' id='par_1_98' title="bbox 2038 3870 3728 3945">
     <span class='ocr_line' id='line_1_98' title="bbox 2038 3870 3728 3945; baseline 0.002 -19"><span class='ocrx_word' id='word_1_782' title='bbox 2038 3874 2224 3926; x_wconf 87' lang='lat' dir='ltr'>lorum</span> <span class='ocrx_word' id='word_1_783' title='bbox 2250 3874 2407 3924; x_wconf 90' lang='lat' dir='ltr'>actus</span> <span class='ocrx_word' id='word_1_784' title='bbox 2447 3870 2519 3923; x_wconf 92' lang='lat' dir='ltr'>ad</span> <span class='ocrx_word' id='word_1_785' title='bbox 2568 3871 2763 3939; x_wconf 87' lang='lat' dir='ltr'>tinem,</span> <span class='ocrx_word' id='word_1_786' title='bbox 2814 3888 2925 3941; x_wconf 91' lang='lat' dir='ltr'>quo</span> <span class='ocrx_word' id='word_1_787' title='bbox 2962 3872 3204 3926; x_wconf 82' lang='lat' dir='ltr'>caelestis</span> <span class='ocrx_word' id='word_1_788' title='bbox 3248 3873 3530 3943; x_wconf 90' lang='lat' dir='ltr'>sapientia</span> <span class='ocrx_word' id='word_1_789' title='bbox 3571 3875 3728 3945; x_wconf 89' lang='lat' dir='ltr'>judi-</span> 
     </span>
    </p>
   </div>
   <div class='ocr_carea' id='block_1_99' title="bbox 2037 3959 3729 4032">
    <p class='ocr_par' dir='ltr' id='par_1_99' title="bbox 2037 3959 3729 4032">
     <span class='ocr_line' id='line_1_99' title="bbox 2037 3959 3729 4032; baseline 0.002 -18"><span class='ocrx_word' id='word_1_790' title='bbox 2037 3960 2267 4026; x_wconf 87' lang='lat' dir='ltr'>caverit,</span> <span class='ocrx_word' id='word_1_791' title='bbox 2299 3959 2551 4029; x_wconf 89' lang='lat' dir='ltr'>perduci.</span> <span class='ocrx_word' id='word_1_792' title='bbox 2598 3962 2737 4014; x_wconf 90' lang='lat' dir='ltr'>Item</span> <span class='ocrx_word' id='word_1_793' title='bbox 2768 3960 2829 4014; x_wconf 91' lang='lat' dir='ltr'>in</span> <span class='ocrx_word' id='word_1_794' title='bbox 2869 3961 3015 4014; x_wconf 90' lang='lat' dir='ltr'>libro</span> <span class='ocrx_word' id='word_1_795' title='bbox 3042 3978 3149 4015; x_wconf 78' lang='lat' dir='ltr'>xxx</span> <span class='ocrx_word' id='word_1_796' title='bbox 3179 3961 3321 4032; x_wconf 83' lang='lat' dir='ltr'>(cap.</span> <span class='ocrx_word' id='word_1_797' title='bbox 3372 3966 3445 4030; x_wconf 80' lang='lat'>5),</span> <span class='ocrx_word' id='word_1_798' title='bbox 3496 3980 3729 4018; x_wconf 90' lang='lat' dir='ltr'>sumens</span> 
     </span>
    </p>
   </div>
   <div class='ocr_carea' id='block_1_100' title="bbox 2036 4049 3729 4120">
    <p class='ocr_par' dir='ltr' id='par_1_100' title="bbox 2036 4049 3729 4120">
     <span class='ocr_line' id='line_1_100' title="bbox 2036 4049 3729 4120; baseline 0.002 -17"><span class='ocrx_word' id='word_1_799' title='bbox 2036 4050 2426 4103; x_wconf 89' lang='lat' dir='ltr'>testimonium</span> <span class='ocrx_word' id='word_1_800' title='bbox 2460 4049 2663 4119; x_wconf 88' lang='lat' dir='ltr'>psalmi</span> <span class='ocrx_word' id='word_1_801' title='bbox 2693 4066 2777 4103; x_wconf 78' lang='lat' dir='ltr'>xu</span> <span class='ocrx_word' id='word_1_802' title='bbox 2810 4066 2823 4103; x_wconf 90' lang='lat'><strong>:</strong></span> <span class='ocrx_word' id='word_1_803' title='bbox 2860 4050 3205 4120; x_wconf 84' lang='lat' dir='ltr'>«Ingrediar</span> <span class='ocrx_word' id='word_1_804' title='bbox 3233 4050 3294 4104; x_wconf 90' lang='lat' dir='ltr'>in</span> <span class='ocrx_word' id='word_1_805' title='bbox 3319 4052 3507 4105; x_wconf 91' lang='lat' dir='ltr'>locum</span> <span class='ocrx_word' id='word_1_806' title='bbox 3539 4053 3729 4106; x_wconf 89' lang='lat' dir='ltr'>taber-</span> 
     </span>
    </p>
   </div>
   <div class='ocr_carea' id='block_1_101' title="bbox 2036 4137 3726 4208">
    <p class='ocr_par' dir='ltr' id='par_1_101' title="bbox 2036 4137 3726 4208">
     <span class='ocr_line' id='line_1_101' title="bbox 2036 4137 3726 4208; baseline 0.001 -16"><span class='ocrx_word' id='word_1_807' title='bbox 2036 4138 2227 4192; x_wconf 89' lang='lat' dir='ltr'>naculi</span> <span class='ocrx_word' id='word_1_808' title='bbox 2257 4137 2610 4191; x_wconf 89' lang='lat' dir='ltr'>admirabilis</span> <span class='ocrx_word' id='word_1_809' title='bbox 2641 4153 2821 4208; x_wconf 89' lang='lat' dir='ltr'>usque</span> <span class='ocrx_word' id='word_1_810' title='bbox 2881 4138 2949 4191; x_wconf 91' lang='lat' dir='ltr'>ad</span> <span class='ocrx_word' id='word_1_811' title='bbox 3007 4139 3241 4192; x_wconf 90' lang='lat' dir='ltr'>domum</span> <span class='ocrx_word' id='word_1_812' title='bbox 3293 4140 3410 4207; x_wconf 91' lang='lat' dir='ltr'>Dei,</span> <span class='ocrx_word' id='word_1_813' title='bbox 3468 4140 3528 4193; x_wconf 93' lang='lat' dir='ltr'>in</span> <span class='ocrx_word' id='word_1_814' title='bbox 3589 4156 3726 4194; x_wconf 91' lang='lat' dir='ltr'>voce</span> 
     </span>
    </p>
   </div>
   <div class='ocr_carea' id='block_1_102' title="bbox 2038 4226 3723 4299">
    <p class='ocr_par' dir='ltr' id='par_1_102' title="bbox 2038 4226 3723 4299">
     <span class='ocr_line' id='line_1_102' title="bbox 2038 4226 3723 4299; baseline 0.001 -18"><span class='ocrx_word' id='word_1_815' title='bbox 2038 4226 2431 4281; x_wconf 87' lang='lat' dir='ltr'>exsultationis</span> <span class='ocrx_word' id='word_1_816' title='bbox 2461 4230 2516 4279; x_wconf 92' lang='lat' dir='ltr'>et</span> <span class='ocrx_word' id='word_1_817' title='bbox 2548 4226 2917 4280; x_wconf 88' lang='lat' dir='ltr'>confessionis</span> <span class='ocrx_word' id='word_1_818' title='bbox 2964 4242 3136 4281; x_wconf 88' lang='lat' dir='ltr'>sonus</span> <span class='ocrx_word' id='word_1_819' title='bbox 3190 4227 3495 4296; x_wconf 90' lang='lat' dir='ltr'>epulantis.</span> <span class='ocrx_word' id='word_1_820' title='bbox 3537 4250 3557 4277; x_wconf 74' lang='grc' dir='ltr'><strong><em>ι</em></strong></span> <span class='ocrx_word' id='word_1_821' title='bbox 3596 4229 3723 4299; x_wconf 90' lang='lat' dir='ltr'>[Qui</span> 
     </span>
    </p>
   </div>
   <div class='ocr_carea' id='block_1_103' title="bbox 2038 4314 3723 4385">
    <p class='ocr_par' dir='ltr' id='par_1_103' title="bbox 2038 4314 3723 4385">
     <span class='ocr_line' id='line_1_103' title="bbox 2038 4314 3723 4385; baseline 0.002 -17"><span class='ocrx_word' id='word_1_822' title='bbox 2038 4315 2215 4385; x_wconf 90' lang='lat' dir='ltr'>igitur</span> <span class='ocrx_word' id='word_1_823' title='bbox 2243 4316 2395 4367; x_wconf 89' lang='lat' dir='ltr'>intus</span> <span class='ocrx_word' id='word_1_824' title='bbox 2425 4329 2557 4367; x_wconf 92' lang='lat' dir='ltr'>voce</span> <span class='ocrx_word' id='word_1_825' title='bbox 2588 4314 2985 4368; x_wconf 86' lang='lat' dir='ltr'>exsultationis</span> <span class='ocrx_word' id='word_1_826' title='bbox 3018 4319 3075 4368; x_wconf 89' lang='lat' dir='ltr'>et</span> <span class='ocrx_word' id='word_1_827' title='bbox 3103 4315 3477 4370; x_wconf 83' lang='lat' dir='ltr'>confessionis</span> <span class='ocrx_word' id='word_1_828' title='bbox 3526 4333 3588 4371; x_wconf 90' lang='lat' dir='ltr'>ac</span> <span class='ocrx_word' id='word_1_829' title='bbox 3635 4334 3723 4371; x_wconf 90' lang='lat' dir='ltr'>so-</span> 
     </span>
    </p>
   </div>
   <div class='ocr_carea' id='block_1_104' title="bbox 2038 4402 3724 4474">
    <p class='ocr_par' dir='ltr' id='par_1_104' title="bbox 2038 4402 3724 4474">
     <span class='ocr_line' id='line_1_104' title="bbox 2038 4402 3724 4474; baseline 0.001 -18"><span class='ocrx_word' id='word_1_830' title='bbox 2038 4419 2176 4456; x_wconf 89' lang='lat' dir='ltr'>num</span> <span class='ocrx_word' id='word_1_831' title='bbox 2201 4402 2445 4456; x_wconf 89' lang='lat' dir='ltr'>civitatis</span> <span class='ocrx_word' id='word_1_832' title='bbox 2495 4402 2783 4471; x_wconf 90' lang='lat' dir='ltr'>epulantis</span> <span class='ocrx_word' id='word_1_833' title='bbox 2831 4402 3115 4471; x_wconf 88' lang='lat' dir='ltr'>audierat,</span> <span class='ocrx_word' id='word_1_834' title='bbox 3182 4404 3321 4474; x_wconf 91' lang='lat' dir='ltr'>quid</span> <span class='ocrx_word' id='word_1_835' title='bbox 3352 4405 3514 4457; x_wconf 91' lang='lat' dir='ltr'>illum</span> <span class='ocrx_word' id='word_1_836' title='bbox 3569 4405 3724 4458; x_wconf 90' lang='lat' dir='ltr'>aliud</span> 
     </span>
    </p>
   </div>
   <div class='ocr_carea' id='block_1_105' title="bbox 2038 4491 3727 4555">
    <p class='ocr_par' dir='ltr' id='par_1_105' title="bbox 2038 4491 3727 4555">
     <span class='ocr_line' id='line_1_105' title="bbox 2038 4491 3727 4555; baseline 0 -10"><span class='ocrx_word' id='word_1_837' title='bbox 2038 4492 2147 4545; x_wconf 90' lang='lat' dir='ltr'>nisi</span> <span class='ocrx_word' id='word_1_838' title='bbox 2175 4492 2302 4545; x_wconf 81' lang='lat' dir='ltr'>cali</span> <span class='ocrx_word' id='word_1_839' title='bbox 2333 4496 2641 4545; x_wconf 90' lang='lat' dir='ltr'>concentus</span> <span class='ocrx_word' id='word_1_840' title='bbox 2687 4491 2990 4545; x_wconf 85' lang='lat' dir='ltr'>excitavit?</span> <span class='ocrx_word' id='word_1_841' title='bbox 3020 4492 3129 4555; x_wconf 90' lang='lat' dir='ltr'>Qui</span> <span class='ocrx_word' id='word_1_842' title='bbox 3179 4496 3374 4546; x_wconf 87' lang='lat' dir='ltr'>tamen</span> <span class='ocrx_word' id='word_1_843' title='bbox 3417 4498 3727 4547; x_wconf 89' lang='lat' dir='ltr'>concentus</span> 
     </span>
    </p>
   </div>
   <div class='ocr_carea' id='block_1_106' title="bbox 2038 4578 3726 4652">
    <p class='ocr_par' dir='ltr' id='par_1_106' title="bbox 2038 4578 3726 4652">
     <span class='ocr_line' id='line_1_106' title="bbox 2038 4578 3726 4652; baseline 0 -17"><span class='ocrx_word' id='word_1_844' title='bbox 2038 4579 2293 4650; x_wconf 84' lang='lat' dir='ltr'>reprobis</span> <span class='ocrx_word' id='word_1_845' title='bbox 2335 4578 2572 4644; x_wconf 89' lang='lat' dir='ltr'>dormit,</span> <span class='ocrx_word' id='word_1_846' title='bbox 2624 4578 2758 4650; x_wconf 91' lang='lat' dir='ltr'>quia</span> <span class='ocrx_word' id='word_1_847' title='bbox 2785 4595 2985 4632; x_wconf 90' lang='lat' dir='ltr'>eorum</span> <span class='ocrx_word' id='word_1_848' title='bbox 3040 4579 3307 4634; x_wconf 89' lang='lat' dir='ltr'>cordibus</span> <span class='ocrx_word' id='word_1_849' title='bbox 3361 4596 3726 4652; x_wconf 87' lang='lat' dir='ltr'>nequaquam</span> 
     </span>
    </p>
   </div>
   <div class='ocr_carea' id='block_1_107' title="bbox 2037 4667 3724 4739">
    <p class='ocr_par' dir='ltr' id='par_1_107' title="bbox 2037 4667 3724 4739">
     <span class='ocr_line' id='line_1_107' title="bbox 2037 4667 3724 4739; baseline 0.002 -18"><span class='ocrx_word' id='word_1_850' title='bbox 2037 4684 2140 4739; x_wconf 90' lang='lat' dir='ltr'>per</span> <span class='ocrx_word' id='word_1_851' title='bbox 2171 4684 2365 4721; x_wconf 91' lang='lat' dir='ltr'>vocem</span> <span class='ocrx_word' id='word_1_852' title='bbox 2396 4668 2858 4737; x_wconf 90' lang='lat' dir='ltr'>compunctionis</span> <span class='ocrx_word' id='word_1_853' title='bbox 2885 4667 3207 4721; x_wconf 87' lang='lat' dir='ltr'>innotescit.</span> <span class='ocrx_word' id='word_1_854' title='bbox 3252 4669 3377 4723; x_wconf 87' lang='lat' dir='ltr'>Non</span> <span class='ocrx_word' id='word_1_855' title='bbox 3405 4671 3561 4723; x_wconf 90' lang='lat' dir='ltr'>enim</span> <span class='ocrx_word' id='word_1_856' title='bbox 3590 4688 3724 4725; x_wconf 88' lang='lat' dir='ltr'>con-</span> 
     </span>
    </p>
   </div>
   <div class='ocr_carea' id='block_1_108' title="bbox 2037 4755 3724 4827">
    <p class='ocr_par' dir='ltr' id='par_1_108' title="bbox 2037 4755 3724 4827">
     <span class='ocr_line' id='line_1_108' title="bbox 2037 4755 3724 4827; baseline 0.001 -17"><span class='ocrx_word' id='word_1_857' title='bbox 2037 4757 2285 4811; x_wconf 90' lang='lat' dir='ltr'>siderare</span> <span class='ocrx_word' id='word_1_858' title='bbox 2315 4756 2470 4809; x_wconf 92' lang='lat' dir='ltr'>illam</span> <span class='ocrx_word' id='word_1_859' title='bbox 2504 4755 2941 4810; x_wconf 89' lang='lat' dir='ltr'>desiderabilem</span> <span class='ocrx_word' id='word_1_860' title='bbox 2971 4771 3350 4827; x_wconf 89' lang='lat' dir='ltr'>supernorum</span> <span class='ocrx_word' id='word_1_861' title='bbox 3372 4757 3582 4811; x_wconf 90' lang='lat' dir='ltr'>civium</span> <span class='ocrx_word' id='word_1_862' title='bbox 3614 4758 3724 4811; x_wconf 86' lang='lat' dir='ltr'>fre-</span> 
     </span>
    </p>
   </div>
   <div class='ocr_carea' id='block_1_109' title="bbox 2038 4844 3723 4916">
    <p class='ocr_par' dir='ltr' id='par_1_109' title="bbox 2038 4844 3723 4916">
     <span class='ocr_line' id='line_1_109' title="bbox 2038 4844 3723 4916; baseline -0.002 -17"><span class='ocrx_word' id='word_1_863' title='bbox 2038 4846 2331 4916; x_wconf 89' lang='lat' dir='ltr'>quentiam</span> <span class='ocrx_word' id='word_1_864' title='bbox 2366 4845 2612 4911; x_wconf 87' lang='lat' dir='ltr'>student,</span> <span class='ocrx_word' id='word_1_865' title='bbox 2643 4845 2800 4897; x_wconf 92' lang='lat' dir='ltr'>nullo</span> <span class='ocrx_word' id='word_1_866' title='bbox 2850 4844 3071 4899; x_wconf 89' lang='lat' dir='ltr'>ardoris</span> <span class='ocrx_word' id='word_1_867' title='bbox 3099 4845 3259 4899; x_wconf 90' lang='lat' dir='ltr'>radio</span> <span class='ocrx_word' id='word_1_868' title='bbox 3310 4846 3407 4899; x_wconf 91' lang='lat' dir='ltr'>illa</span> <span class='ocrx_word' id='word_1_869' title='bbox 3453 4845 3723 4900; x_wconf 90' lang='lat' dir='ltr'>solemni-</span> 
     </span>
    </p>
   </div>
   <div class='ocr_carea' id='block_1_110' title="bbox 2036 4932 3721 5001">
    <p class='ocr_par' dir='ltr' id='par_1_110' title="bbox 2036 4932 3721 5001">
     <span class='ocr_line' id='line_1_110' title="bbox 2036 4932 3721 5001; baseline -0.004 -14"><span class='ocrx_word' id='word_1_870' title='bbox 2036 4933 2169 4987; x_wconf 89' lang='lat' dir='ltr'>tatis</span> <span class='ocrx_word' id='word_1_871' title='bbox 2199 4932 2440 4986; x_wconf 84' lang='lat' dir='ltr'>interna</span> <span class='ocrx_word' id='word_1_872' title='bbox 2471 4932 2615 4986; x_wconf 89' lang='lat' dir='ltr'>festa</span> <span class='ocrx_word' id='word_1_873' title='bbox 2648 4932 3029 5001; x_wconf 87' lang='lat' dir='ltr'>conspiciunt,</span> <span class='ocrx_word' id='word_1_874' title='bbox 3064 4933 3221 4987; x_wconf 90' lang='lat' dir='ltr'>nulla</span> <span class='ocrx_word' id='word_1_875' title='bbox 3257 4933 3316 4987; x_wconf 92' lang='lat' dir='ltr'>in</span> <span class='ocrx_word' id='word_1_876' title='bbox 3348 4932 3566 4987; x_wconf 89' lang='lat' dir='ltr'>intimis</span> <span class='ocrx_word' id='word_1_877' title='bbox 3591 4946 3721 4983; x_wconf 92' lang='lat' dir='ltr'>con-</span> 
     </span>
    </p>
   </div>
   <div class='ocr_carea' id='block_1_111' title="bbox 2035 5016 3721 5091">
    <p class='ocr_par' dir='ltr' id='par_1_111' title="bbox 2035 5016 3721 5091">
     <span class='ocr_line' id='line_1_111' title="bbox 2035 5016 3721 5091; baseline -0.005 -15"><span class='ocrx_word' id='word_1_878' title='bbox 2035 5020 2424 5091; x_wconf 89' lang='lat' dir='ltr'>templationis</span> <span class='ocrx_word' id='word_1_879' title='bbox 2464 5037 2652 5090; x_wconf 89' lang='lat' dir='ltr'>penna</span> <span class='ocrx_word' id='word_1_880' title='bbox 2682 5021 3071 5077; x_wconf 90' lang='lat' dir='ltr'>sublevantur.</span> <span class='ocrx_word' id='word_1_881' title='bbox 3124 5022 3266 5077; x_wconf 90' lang='lat' dir='ltr'>Solis</span> <span class='ocrx_word' id='word_1_882' title='bbox 3306 5035 3553 5089; x_wconf 88' lang='lat' dir='ltr'>namque</span> <span class='ocrx_word' id='word_1_883' title='bbox 3588 5016 3721 5069; x_wconf 87' lang='lat' dir='ltr'>visi-</span> 
     </span>
    </p>
   </div>
   <div class='ocr_carea' id='block_1_112' title="bbox 2036 5106 3723 5179">
    <p class='ocr_par' dir='ltr' id='par_1_112' title="bbox 2036 5106 3723 5179">
     <span class='ocr_line' id='line_1_112' title="bbox 2036 5106 3723 5179; baseline -0.004 -16"><span class='ocrx_word' id='word_1_884' title='bbox 2036 5109 2247 5164; x_wconf 89' lang='lat' dir='ltr'>bilibus</span> <span class='ocrx_word' id='word_1_885' title='bbox 2290 5109 2563 5175; x_wconf 87' lang='lat' dir='ltr'>serviunt,</span> <span class='ocrx_word' id='word_1_886' title='bbox 2633 5114 2690 5163; x_wconf 91' lang='lat' dir='ltr'>et</span> <span class='ocrx_word' id='word_1_887' title='bbox 2751 5110 2962 5165; x_wconf 92' lang='lat' dir='ltr'>idcirco</span> <span class='ocrx_word' id='word_1_888' title='bbox 3015 5111 3159 5165; x_wconf 89' lang='lat' dir='ltr'>nihil</span> <span class='ocrx_word' id='word_1_889' title='bbox 3215 5123 3478 5179; x_wconf 86' lang='lat' dir='ltr'>superna</span> <span class='ocrx_word' id='word_1_890' title='bbox 3534 5106 3723 5158; x_wconf 89' lang='lat' dir='ltr'>suavi-</span> 
     </span>
    </p>
   </div>
   <div class='ocr_carea' id='block_1_113' title="bbox 2035 5193 3724 5269">
    <p class='ocr_par' dir='ltr' id='par_1_113' title="bbox 2035 5193 3724 5269">
     <span class='ocr_line' id='line_1_113' title="bbox 2035 5193 3724 5269; baseline -0.004 -17"><span class='ocrx_word' id='word_1_891' title='bbox 2035 5197 2166 5252; x_wconf 90' lang='lat' dir='ltr'>tatis</span> <span class='ocrx_word' id='word_1_892' title='bbox 2244 5196 2593 5251; x_wconf 91' lang='lat' dir='ltr'>intrinsecus</span> <span class='ocrx_word' id='word_1_893' title='bbox 2676 5198 2963 5253; x_wconf 90' lang='lat' dir='ltr'>audiuut:</span> <span class='ocrx_word' id='word_1_894' title='bbox 3079 5199 3215 5269; x_wconf 88' lang='lat' dir='ltr'>quia</span> <span class='ocrx_word' id='word_1_895' title='bbox 3273 5211 3388 5259; x_wconf 91' lang='lat' dir='ltr'>eos,</span> <span class='ocrx_word' id='word_1_896' title='bbox 3460 5193 3604 5246; x_wconf 90' lang='lat' dir='ltr'>sicut</span> <span class='ocrx_word' id='word_1_897' title='bbox 3668 5196 3724 5246; x_wconf 89' lang='lat' dir='ltr'>et</span> 
     </span>
    </p>
   </div>
   <div class='ocr_carea' id='block_1_114' title="bbox 2036 5281 3725 5356">
    <p class='ocr_par' dir='ltr' id='par_1_114' title="bbox 2036 5281 3725 5356">
     <span class='ocr_line' id='line_1_114' title="bbox 2036 5281 3725 5356; baseline -0.004 -16"><span class='ocrx_word' id='word_1_898' title='bbox 2036 5285 2297 5356; x_wconf 90' lang='lat' dir='ltr'>superius</span> <span class='ocrx_word' id='word_1_899' title='bbox 2347 5285 2616 5352; x_wconf 88' lang='lat' dir='ltr'>diximus,</span> <span class='ocrx_word' id='word_1_900' title='bbox 2668 5286 2727 5339; x_wconf 95' lang='lat' dir='ltr'>in</span> <span class='ocrx_word' id='word_1_901' title='bbox 2774 5302 2913 5341; x_wconf 87' lang='lat' dir='ltr'>aure</span> <span class='ocrx_word' id='word_1_902' title='bbox 2959 5285 3145 5339; x_wconf 92' lang='lat' dir='ltr'>cordis</span> <span class='ocrx_word' id='word_1_903' title='bbox 3186 5295 3453 5347; x_wconf 80' lang='lat' dir='ltr'>curarum</span> <span class='ocrx_word' id='word_1_904' title='bbox 3492 5281 3725 5335; x_wconf 85' lang='lat' dir='ltr'>sacula-</span> 
     </span>
    </p>
   </div>
   <div class='ocr_carea' id='block_1_115' title="bbox 2036 5368 3724 5445">
    <p class='ocr_par' dir='ltr' id='par_1_115' title="bbox 2036 5368 3724 5445">
     <span class='ocr_line' id='line_1_115' title="bbox 2036 5368 3724 5445; baseline -0.002 -17"><span class='ocrx_word' id='word_1_905' title='bbox 2036 5375 2187 5428; x_wconf 90' lang='lat' dir='ltr'>rium</span> <span class='ocrx_word' id='word_1_906' title='bbox 2220 5374 2379 5428; x_wconf 90' lang='lat' dir='ltr'>surdi</span> <span class='ocrx_word' id='word_1_907' title='bbox 2420 5375 2699 5429; x_wconf 90' lang='lat' dir='ltr'>tumultus</span> <span class='ocrx_word' id='word_1_908' title='bbox 2747 5372 3063 5445; x_wconf 62' lang='lat' dir='ltr'>premunt]</span> <span class='ocrx_word' id='word_1_909' title='bbox 3106 5370 3250 5434; x_wconf 88' lang='lat' dir='ltr'>Quia</span> <span class='ocrx_word' id='word_1_910' title='bbox 3293 5368 3471 5440; x_wconf 89' lang='lat' dir='ltr'>igitur</span> <span class='ocrx_word' id='word_1_911' title='bbox 3519 5371 3724 5424; x_wconf 86' lang='lat' dir='ltr'>occulti</span> 
     </span>
    </p>
   </div>
   <div class='ocr_carea' id='block_1_116' title="bbox 2035 5457 3723 5533">
    <p class='ocr_par' dir='ltr' id='par_1_116' title="bbox 2035 5457 3723 5533">
     <span class='ocr_line' id='line_1_116' title="bbox 2035 5457 3723 5533; baseline -0.004 -17"><span class='ocrx_word' id='word_1_912' title='bbox 2035 5462 2463 5533; x_wconf 88' lang='lat' dir='ltr'>dispensatione</span> <span class='ocrx_word' id='word_1_913' title='bbox 2484 5462 2686 5533; x_wconf 91' lang='lat' dir='ltr'>judicii</span> <span class='ocrx_word' id='word_1_914' title='bbox 2719 5463 2871 5533; x_wconf 92' lang='lat' dir='ltr'>quod</span> <span class='ocrx_word' id='word_1_915' title='bbox 2904 5460 3029 5513; x_wconf 88' lang='lat' dir='ltr'>aliis</span> <span class='ocrx_word' id='word_1_916' title='bbox 3063 5457 3339 5528; x_wconf 88' lang='lat' dir='ltr'>aperitur,</span> <span class='ocrx_word' id='word_1_917' title='bbox 3369 5460 3495 5513; x_wconf 90' lang='lat' dir='ltr'>aliis</span> <span class='ocrx_word' id='word_1_918' title='bbox 3516 5459 3723 5513; x_wconf 88' lang='lat' dir='ltr'>claudi-</span> 
     </span>
    </p>
   </div>
   <div class='ocr_carea' id='block_1_117' title="bbox 2034 5546 3724 5621">
    <p class='ocr_par' dir='ltr' id='par_1_117' title="bbox 2034 5546 3724 5621">
     <span class='ocr_line' id='line_1_117' title="bbox 2034 5546 3724 5621; baseline -0.004 -16"><span class='ocrx_word' id='word_1_919' title='bbox 2034 5555 2149 5620; x_wconf 88' lang='lat' dir='ltr'>tur,</span> <span class='ocrx_word' id='word_1_920' title='bbox 2184 5551 2335 5621; x_wconf 91' lang='lat' dir='ltr'>quod</span> <span class='ocrx_word' id='word_1_921' title='bbox 2388 5550 2515 5606; x_wconf 89' lang='lat' dir='ltr'>aliis</span> <span class='ocrx_word' id='word_1_922' title='bbox 2568 5551 2875 5620; x_wconf 87' lang='lat' dir='ltr'>detegitur,</span> <span class='ocrx_word' id='word_1_923' title='bbox 2938 5546 3063 5601; x_wconf 88' lang='lat' dir='ltr'>aliis</span> <span class='ocrx_word' id='word_1_924' title='bbox 3119 5548 3458 5615; x_wconf 88' lang='lat' dir='ltr'>occultatur,</span> <span class='ocrx_word' id='word_1_925' title='bbox 3517 5547 3724 5602; x_wconf 91' lang='lat' dir='ltr'>dicitur</span> 
     </span>
    </p>
   </div>
  </div>
