4138 6186
342 297 406 349 23
1502 289 1860 344 RATRAMNI
1893 287 2357 344 CORBEIENSIS
2400 287 2708 343 MONACHI
3120 294 3125 299 ’
3784 291 3851 342 24

347 429 499 480 recte
530 442 543 479 :
572 445 593 472 ι
620 424 757 489 Quis
788 420 1043 476 narrabit
1071 420 1345 474 caelorum
1370 419 1782 485 narrationem,
1815 424 1872 473 et
1900 434 2034 473 con-
2075 420 2119 474 A
2149 419 2211 473 In
2260 423 2423 489 pacto
2477 435 2727 491 namque
2785 420 3235 476 discordantium
3284 421 3536 493 partium
3590 422 3852 476 voluntas

354 518 585 569 centum
617 510 742 567 cmli
778 510 906 581 quis
947 508 1203 563 dormire
1236 508 1446 562 faciet?
1480 530 1501 556 ι
1534 508 1651 577 (Job
1685 524 1896 575 xxxvu,
1931 506 2046 577 37.)

354 602 514 667 Quod
572 602 693 655 haec
752 615 858 653 vox
908 595 1303 651 exsultatiouis
1367 600 1425 650 et
1466 597 1843 650 confessionis
1906 596 2046 650 alio-

352 707 485 747 rum
527 688 796 743 cordibus
853 687 1097 748 insonet,
1155 686 1431 745 aliorum,
1459 701 1593 739 vero
1640 685 2045 753 abscondatur,

354 778 557 834 occulti
586 775 1012 847 dispensatione
1036 774 1240 844 judicii
1279 773 1607 827 manifestat
1636 773 1760 827 ﬁeri
1804 774 2046 827 demon-

352 872 538 921 strans
600 864 868 919 universa
911 862 1174 932 supernis
1218 861 1696 931 dispositionibus
1738 861 2044 916 moderari.

351 957 496 1010 Item
524 955 586 1008 in
619 954 820 1008 eodem
852 951 999 1005 libro
1031 964 1168 1019 (cap.
1218 954 1271 1018 6)
1308 967 1320 1004 :
1355 969 1381 1000 α
1420 950 1657 1014 Quando
1702 950 2049 1005 fundebatur

350 1041 626 1115 pulvisin
686 1044 840 1093 terra
893 1043 949 1092 et
1006 1038 1187 1108 gleba:
1235 1037 1771 1107 compingebantur.
1829 1056 1856 1089 »
1890 1041 1967 1092 Ac
2002 1037 2050 1091 si

353 1130 568 1185 diceret
603 1144 615 1181 :
652 1128 793 1182 Cum
837 1126 1027 1197 primo
1059 1126 1178 1196 [ατη
1232 1128 1370 1179 tunc
1421 1124 1694 1196 primum]
1756 1125 2049 1179 vocatione

353 1223 410 1272 et
439 1216 778 1270 discretione
838 1214 1163 1281 manifesta,
1221 1219 1442 1267 secreta
1497 1212 1776 1283 spiritalia
1830 1219 1885 1267 et
1936 1229 2049 1266 non

354 1306 476 1360 sine
517 1304 908 1358 misericordia
960 1302 1085 1357 aliis
1131 1302 1354 1372 aperui,
1397 1306 1451 1355 et
1498 1318 1615 1355 non
1665 1302 1788 1355 sine
1829 1302 2050 1372 justitia

360 1393 487 1447 aliis
515 1393 713 1459 clausi,
752 1408 883 1446 cum
926 1392 1067 1445 alios
1114 1406 1443 1461 respuerem
1491 1394 1546 1443 et
1576 1391 1718 1445 alios
1763 1391 1914 1444 intra
1944 1393 2049 1444 Ec-

357 1482 589 1536 clesiam
625 1480 927 1535 concordia
960 1479 1252 1534 charitatis
1291 1480 1627 1533 adunarem.
1673 1480 1736 1533 Et
1776 1479 1868 1533 hic
1899 1479 2049 1549 quod

358 1570 460 1624 alii
489 1574 860 1645 respuuntur,
892 1574 949 1625 et
978 1569 1075 1623 alii
1101 1568 1479 1639 recipiuntur,
1506 1568 1683 1622 divini
1730 1567 1893 1622 docet
1927 1584 2049 1622 esse

361 1659 846 1729 dispensationem
874 1658 1094 1729 judicii.
1121 1659 1259 1711 ltem
1302 1657 1362 1711 in
1393 1657 1488 1711 lib.
1534 1673 1687 1710 xxxu
1733 1657 1837 1711 sub
1873 1657 2046 1712 Behe-

361 1749 525 1802 moth
554 1764 798 1817 persona
836 1748 904 1801 de
934 1747 1258 1801 adversario
1297 1745 1598 1800 hominum
1630 1746 1893 1816 loquens,
1925 1746 2050 1816 ejus

363 1836 642 1891 saevitiam
674 1835 865 1890 divina
894 1835 1057 1889 docet
1099 1835 1490 1889 moderatione
1542 1834 1777 1901 frenari,
1824 1850 1895 1887 ne
1923 1850 2051 1888 am-

361 1927 513 1997 plius
544 1929 746 1979 noceat
775 1940 947 1994 quam
1001 1938 1249 1993 superna
1301 1923 1599 1992 dispositio
1636 1924 1939 1993 permittit,
1973 1924 2052 1977 ita

360 2014 601 2068 dicens:
638 2034 665 2063 ‹‹
711 2013 819 2076 Qui
874 2012 1008 2067 fecit
1059 2029 1212 2078 eum,
1270 2011 1575 2081 applicavit
1620 2012 1879 2081 gladium
1928 2014 2052 2082 ejus

359 2102 489 2172 (Job
549 2117 635 2168 XL,
700 2102 805 2171 14).
861 2122 882 2148 ι
946 2100 1178 2155 Gladius
1235 2100 1450 2170 quippe
1508 2100 1818 2154 Behemoth
1889 2100 2054 2154 istius

360 2189 486 2258 ipsa
516 2188 759 2242 nocendi
802 2188 1023 2241 malitia
1070 2192 1173 2241 est.
1207 2188 1315 2241 Sed
1368 2188 1439 2241 ab
1496 2203 1562 2241 eo
1622 2205 1655 2242 a
1701 2204 1813 2258 quo
1869 2188 2055 2242 bonus

361 2292 466 2346 per
496 2280 763 2330 naturam
786 2275 965 2328 factus
995 2279 1097 2343 est,
1129 2275 1248 2345 ejus
1277 2275 1499 2344 gladius
1539 2275 1877 2346 applicatur,
1918 2276 2055 2347 quia

362 2364 486 2434 ejus
531 2364 750 2417 malitia
801 2362 995 2417 divina
1051 2363 1479 2433 dispensatione
1538 2364 1921 2435 restringitur,
1984 2382 2054 2419 ne

362 2451 532 2507 ferire
562 2457 783 2506 tantum
803 2457 1024 2506 mentes
1051 2451 1355 2506 hominum
1377 2457 1655 2523 quantum
1674 2454 1894 2523 appetit
1922 2469 2053 2523 per-

366 2542 644 2595 mittatur.
681 2541 846 2605 Quod
876 2556 1011 2610 ergo
1042 2540 1221 2594 hostis
1252 2546 1447 2595 noster
1477 2546 1534 2595 et
1560 2542 1807 2595 multum
1843 2547 2051 2611 potest,

364 2634 421 2684 et
458 2630 646 2683 minus
692 2628 961 2699 percutit,
1024 2629 1146 2699 ejus
1188 2629 1443 2699 gladium
1498 2630 1680 2700 pietas
1733 2630 2055 2685 Conditoris

364 2716 646 2788 astringit,
694 2722 758 2770 ut
808 2716 1115 2786 replicatus
1162 2715 1312 2770 intra
1368 2716 1492 2785 ejus
1538 2717 1945 2771 conscientiam
1972 2717 2053 2771 la-

363 2810 501 2872 teat,
535 2810 592 2859 et
618 2805 768 2859 ultra
804 2820 979 2874 quam
1010 2804 1257 2873 desuper
1298 2804 1450 2875 juste
1495 2805 1823 2875 disponitur
1842 2822 1964 2860 sese
1994 2807 2055 2860 in

368 2898 582 2948 mortes
606 2892 912 2947 hominum
961 2893 1082 2962 ejus
1139 2892 1359 2946 malitia
1411 2909 1529 2947 non
1579 2894 1862 2948 extendat.
1891 2894 2055 2958 Quod

2156 506 2449 576 impletur,
2482 511 2547 560 ut
2589 507 2662 561 ad
2718 511 2916 562 votum
2945 523 3115 562 suum
3170 525 3416 580 quaeque
3470 510 3769 580 perveniat
3796 516 3853 564 et

2149 595 2344 666 jurgia
2388 595 2707 649 desiderato
2756 595 2871 650 ﬁne
2927 597 3245 652 concludat.
3309 598 3599 669 Antiquus
3657 599 3851 669 itaque

2155 684 2336 739 hostis
2365 702 2397 737 a
2427 683 2749 737 sinceritate
2782 684 2992 739 divinas
3050 685 3391 740 innocentiae
3448 686 3682 741 malitiae
3735 703 3853 741 sum

2156 788 2458 826 succensus
2483 772 2602 826 face
2651 772 2957 840 discordat,
2992 774 3087 828 sed
3118 775 3187 829 ab
3244 776 3366 846 ejus
3410 776 3626 845 judicio
3675 776 3852 829 etiam

2155 861 2536 916 discordando
2569 877 2686 915 non
2717 861 3019 933 discrepat.
3050 864 3191 917 Nam
3222 864 3375 917 viros
3398 865 3579 932 justos
3625 880 3854 935 semper

2156 950 2433 1004 malevole
2463 953 2682 1004 tentare
2735 952 2974 1022 appetit,
3020 952 3119 1005 sed
3161 958 3355 1006 tamen
3405 953 3684 1007 Dominus
3743 955 3852 1006 hoc

2155 1040 2244 1093 vel
2276 1038 2722 1094 misericorditer
2742 1040 2866 1094 ﬁeri
2896 1040 3156 1109 veljuste
3206 1042 3506 1111 permittit.
3552 1044 3681 1096 Hace
3729 1042 3853 1110 ipsa

2156 1144 2292 1197 ergo
2322 1128 2651 1182 teutationis
2700 1128 2930 1182 licentia
2957 1133 3221 1199 pacatum
3262 1136 3513 1195 vocatur,
3550 1130 3609 1183 in
3654 1145 3767 1200 qua
3797 1133 3854 1183 et

2156 1214 2503 1269 desiderium
2526 1215 2823 1269 tentatoris
2861 1215 3070 1285 agitur,
3101 1222 3158 1269 et
3180 1220 3374 1270 tamen
3412 1232 3515 1287 per
3547 1232 3672 1269 eam
3708 1216 3853 1271 miro

2159 1304 2331 1357 modo
2360 1304 2619 1357 voluntas
2647 1302 2790 1372 justi
2838 1303 3247 1375 dispensatoris
3309 1306 3651 1375 completur.
3714 1305 3850 1359 Eru-

2158 1391 2398 1446 diendos
2429 1391 2585 1446 enim
2624 1393 2828 1445 electos
2877 1409 3011 1446 suos
3061 1393 3339 1447 Dominus
3385 1409 3534 1463 saepe
3580 1393 3853 1447 tentatori

2159 1479 2405 1549 subjicit,
2484 1480 2631 1533 sicut
2682 1485 2811 1549 post
2860 1480 3111 1549 paradisi
3166 1482 3427 1534 claustra.
3518 1487 3649 1551 post
3698 1480 3852 1534 tertii

2158 1568 2285 1622 coali
2334 1574 2571 1636 secreta,
2618 1584 2690 1621 ne
2739 1568 3155 1622 revelationum
3203 1568 3599 1639 magnitudine
3643 1570 3852 1623 Paulus

2158 1657 2362 1710 extolli
2390 1655 2686 1727 potuisset,
2716 1656 2787 1724 [ei
2836 1656 3061 1710 Satanas
3118 1657 3358 1727 angelus
3415 1656 3579 1710 datus
3633 1660 3717 1710 est
3774 1659 3853 1722 (ΙΙ

2161 1745 2279 1801 Cor.
2304 1762 2401 1812 xu,
2432 1744 2513 1813 7).
2543 1744 2670 1809 Sed,
2703 1749 2767 1798 ut
2800 1744 3022 1814 praefati
3065 1761 3284 1811 sumus,
3332 1745 3456 1815 ipsa
3512 1745 3617 1798 hac
3665 1749 3847 1799 teuta-

2160 1833 2318 1888 tione
2352 1833 2677 1903 disponitur
2701 1837 2765 1888 ut
2792 1833 2892 1904 qui
2925 1834 3058 1887 elati
3090 1833 3275 1903 perire
3320 1836 3603 1903 poterant,
3655 1833 3847 1887 humi-

2160 1922 2332 1976 liatia
2362 1921 2684 1991 perditione
2732 1927 3048 1975 serventur.
3090 1922 3316 1975 Secreto
3377 1936 3513 1990 ergo
3554 1922 3851 1992 dispensa-

2161 2010 2564 2079 tionisordine,
2601 2011 2747 2065 unde
2778 2010 2977 2064 saevire
3025 2010 3376 2080 permittitur
3425 2010 3695 2079 iniquitas
3728 2011 3851 2063 dia-

2160 2098 2298 2165 boli,
2333 2098 2467 2151 inde
2496 2096 2591 2167 pie
2629 2096 2923 2167 perﬁcitur
2956 2097 3281 2165 benignitas
3332 2098 3449 2151 Dei.
3486 2099 3551 2151 Et
3593 2098 3739 2151 bene
3782 2113 3851 2151 ex

2160 2187 2270 2241 hoc
2293 2191 2458 2257 pacto
2488 2186 2638 2256 quod
2691 2202 2822 2239 cum
2868 2186 3109 2239 Domino
3158 2186 3329 2241 ferire
3375 2186 3605 2252 dicitur,
3656 2202 3853 2241 servus

2162 2274 2341 2345 accipi
2383 2273 2741 2343 perhibetur,
2818 2274 2956 2344 quia
2999 2274 3132 2327 inde
3191 2274 3550 2343 obtemperat
3618 2274 3853 2328 nutibus

2162 2378 2425 2432 supernae
2457 2362 2655 2431 gratias
2687 2361 2836 2415 unde
2879 2367 3104 2416 exercet
3148 2363 3294 2417 iram
3345 2363 3711 2433 nequissima;
3754 2379 3853 2416 vo—

2164 2452 2397 2505 luntatis
2428 2466 2564 2505 suae.
2603 2450 2810 2505 Servus
2842 2466 2977 2521 ergo
3010 2466 3075 2504 ex
3109 2456 3273 2521 pacto
3322 2456 3427 2517 est,
3461 2451 3559 2520 qui
3590 2450 3726 2504 dum
3756 2467 3855 2503 v0-

2162 2540 2633 2593 luntatemsuam
2657 2540 2898 2609 implere
2930 2540 3305 2609 permittitur,
3357 2556 3390 2593 a
3438 2539 3670 2609 superni
3714 2555 3859 2592 con-

2165 2628 2279 2682 silii
2310 2630 2597 2682 voluntate
2629 2628 2860 2699 ligatur,
2890 2633 2953 2681 ut
2974 2628 3181 2681 electos
3210 2627 3326 2695 Dei,
3355 2627 3500 2681 sicut
3520 2627 3732 2681 dictum
3750 2632 3856 2693 est,

2165 2718 2360 2771 volens
2392 2721 2592 2783 tentet,
2623 2717 2681 2770 in
2705 2717 2975 2770 tentando
3003 2717 3259 2770 nesciens
3314 2717 3533 2785 probet.

2237 2806 2384 2869 Quid
2431 2821 2567 2875 ergo
2601 2805 2707 2859 hac
2749 2805 3031 2859 sententia
3090 2805 3382 2868 docemur,
3438 2804 3549 2858 nisi
3576 2804 3732 2875 quod
3754 2821 3855 2857 an-

2165 2893 2313 2963 tiqui
2338 2893 2518 2947 hostis
2547 2896 2923 2959 tentamenta,
2972 2893 3111 2946 dum
3164 2908 3366 2946 nocere
3409 2893 3615 2945 sanctis
3645 2909 3854 2961 prope-

362 2982 545 3053 igitur
569 2982 638 3036 ad
669 2981 852 3035 multa
901 2980 1123 3034 fortiter
1156 2981 1449 3051 praevalet,
1509 2981 1616 3035 hoc
1657 2981 1727 3035 de
1771 2981 2055 3053 principio
2095 2974 2137 3029 ϐ
2166 2986 2314 3047 rant,
2340 2982 2490 3035 unde
2521 2981 2603 3035 eis
2648 2996 2852 3035 nocere
2896 2981 3134 3035 callidus
3192 2980 3368 3034 hostis
3420 2981 3658 3051 appetit,
3718 2981 3854 3034 inde

365 3086 589 3140 magna;
622 3068 966 3123 conditionis
985 3072 1206 3138 potest;
1253 3068 1410 3138 quod
1457 3084 1590 3123 vero
1642 3085 1676 3123 a
1711 3068 2054 3139 quibusdam

363 3158 630 3225 vincitur,
664 3158 789 3226 ejus
828 3156 1104 3210 nimirum
1156 3156 1383 3226 gladius
1432 3157 1503 3211 ab
1559 3161 1790 3211 auctore
1822 3158 2058 3226 replica-

365 3250 475 3301 tur.
521 3248 630 3300 Iste
657 3260 906 3316 namque
932 3245 1267 3307 Behemoth,
1319 3245 1452 3315 quia
1489 3265 1517 3297 α
1549 3246 1897 3316 principium
1944 3247 2055 3301 via-

362 3351 493 3389 rum
519 3333 618 3389 Dei
657 3338 761 3401 est,
794 3354 822 3384 ››
855 3350 986 3387 cum
1016 3338 1211 3387 contra
1237 3338 1501 3387 sanctum
1537 3334 1725 3387 virum
1768 3334 2057 3388 licentiam

363 3423 695 3478 teutationis
745 3422 981 3492 accepit,
1040 3425 1237 3489 gentes
1285 3421 1482 3487 movit,
1540 3438 1743 3491 greges
1801 3422 2055 3488 abstulit,

363 3512 558 3582 ignem
590 3511 661 3565 de
692 3510 833 3563 caelo
858 3508 1142 3577 deposuit,
1184 3509 1515 3579 perturbato
1546 3524 1677 3563 aere
1720 3514 1917 3564 ventos
1957 3526 2057 3564 ex-

364 3600 574 3664 citavit,
606 3598 845 3651 domum
874 3595 1206 3650 concutiens
1228 3597 1472 3662 subruit,
1506 3598 1867 3653 convivantes
1908 3599 2058 3653 ﬁlios

364 3686 656 3750 exstinxit,
682 3685 881 3739 uxoris
917 3689 1171 3738 mentem
1216 3685 1277 3739 in
1330 3685 1461 3739 dolo
1504 3702 1694 3756 prava'
1724 3688 2056 3756 persuasio-

365 3776 455 3829 nis
487 3774 757 3841 exercuit,
792 3773 981 3828 mariti
1013 3791 1243 3828 carnem
1282 3774 1516 3828 inﬂictis
1548 3774 1879 3828 vulneribus
1912 3791 2057 3828 con-

365 3862 542 3929 fodit;
585 3863 683 3917 sed
715 3863 838 3932 ejus
868 3864 1121 3934 gladium
1155 3880 1187 3916 a
1219 3863 1523 3918 Conditore
1562 3864 1891 3933 replicatur,
1925 3879 2056 3917 cum

367 3950 578 4006 dicitur
610 3969 627 4004 :
663 3951 975 4005 «Animam
999 3950 1155 4004 illius
1172 3950 1468 4020 serva(Job
1500 3968 1560 4016 ιι,
1585 3950 1657 4021 6).
1697 3970 1723 3999 ι)
1746 3950 1852 4014 Qui
1880 3951 2055 4021 repli-

365 4043 489 4094 cato
508 4040 700 4111 gladio
714 4045 945 4110 quantae
958 4038 1309 4094 inﬁrmitatis
1330 4039 1419 4106 sit,
1437 4039 1741 4108 Evangelio
1755 4043 2056 4093 attestante

365 4128 749 4183 describitur:
813 4128 949 4196 quia
992 4143 1097 4181 nec
1152 4143 1386 4181 manere
1444 4127 1505 4180 in
1549 4127 1777 4181 obsesso
1820 4127 2055 4181 homine

365 4217 578 4286 potuit,
611 4231 715 4268 nec
741 4231 937 4269 rursus
973 4216 1241 4269 invadere
1284 4216 1457 4269 bruta
1483 4215 1754 4269 animalia
1788 4232 1904 4269 non
1929 4216 2053 4286 jus-
2094 4256 2136 4310 Ι)

366 4319 463 4357 sus
483 4303 854 4373 praesumpsit
878 4303 1073 4357 dicens
1103 4319 1116 4357 :
1152 4324 1180 4352 «
1212 4303 1271 4358 Si
1303 4303 1461 4374 ejicis
1501 4319 1621 4371 nos,
1657 4307 1821 4358 mitte
1860 4320 1966 4358 nos
1994 4305 2053 4358 in

368 4407 600 4462 gregem
627 4407 933 4461 porcorum
960 4392 1192 4457 (Matth.
1215 4408 1334 4458 vni,
1363 4394 1474 4460 31).
1506 4410 1536 4444 »
1567 4392 1791 4446 Malitiae
1843 4392 2057 4464 quippe

367 4479 491 4549 ejus
524 4479 751 4550 gladius
802 4495 975 4550 quam
1028 4479 1103 4533 sit
1142 4479 1448 4549 replicatus
1492 4480 1833 4549 ostenditur,
1890 4480 1981 4535 cui
2012 4480 2060 4534 si

368 4573 617 4639 potestas
650 4583 766 4621 suze
793 4566 1029 4621 malitiae
1070 4582 1188 4621 non
1223 4567 1532 4638 praabetur,
1570 4568 1817 4638 grassari
1868 4585 1972 4623 nec
1998 4570 2057 4623 in

368 4671 569 4725 porcos
600 4656 767 4709 valet.
815 4654 1054 4719 Quando
1113 4670 1250 4725 ergo
1300 4656 1406 4711 iste
1449 4672 1552 4710 sua
1593 4662 1796 4726 sponte
1854 4673 2058 4712 nocere

368 4743 529 4798 factis
561 4744 631 4797 ad
655 4744 756 4797 Dei
801 4743 1117 4813 imaginem
1169 4743 1504 4798 hominibus
1561 4745 1787 4813 audeat,
1819 4745 1888 4799 de
1945 4762 2059 4816 quo

370 4831 645 4888 nimirum
677 4835 899 4885 constat
944 4832 1099 4901 quod
1154 4847 1274 4886 non
1324 4833 1520 4902 jussus
1567 4834 1902 4904 contingere
1954 4850 2059 4888 nec

369 4936 570 4992 porcos
597 4923 923 4990 praesumat.
957 4920 1097 4974 Item
1128 4918 1188 4973 in
1241 4920 1340 4974 lib.
1383 4936 1555 4974 xxxui
1585 4922 1729 4989 (cap.
1783 4922 1889 4990 l3),
1923 4937 2059 4992 qua-

367 5010 498 5065 liter
562 5006 787 5079 antiqui
836 5006 1016 5061 hostis
1065 5007 1325 5079 nequitia
1370 5024 1734 5080 nequaquam
1785 5026 1819 5063 a
1865 5010 2057 5066 divino

362 5096 578 5167 judicio
609 5095 985 5152 discordando
1030 5094 1332 5166 discrepet,
1356 5096 1730 5165 demonstrat,
1782 5114 1912 5152 cum
1934 5116 2056 5153 sen-

368 5185 608 5240 tentiam
644 5188 915 5239 tractaret
943 5198 1072 5253 quae
1107 5183 1247 5238 dicit
1277 5185 1347 5239 de
1404 5200 1472 5239 eo
1508 5200 1522 5238 :
1574 5186 1844 5255 Nunquid
1894 5186 2059 5241 feriet

368 5276 558 5327 tecum
588 5278 842 5343 pactum,
856 5276 913 5327 et
924 5271 1168 5343 accipies
1180 5287 1314 5328 eum
1326 5288 1552 5327 servum
1566 5273 2053 5343 sempiternum?»

368 5359 488 5430 (Job
529 5376 616 5428 XL,
647 5363 762 5431 23.)
817 5359 1102 5415 Subaudis
1145 5366 1211 5415 ut
1265 5377 1387 5433 ego.
1438 5362 1547 5417 Sed
1606 5361 1768 5415 valde
1822 5361 2059 5414 solerter

369 5444 714 5500 intuendum
743 5450 829 5500 est
854 5448 1008 5517 quod
1038 5453 1268 5517 paclum
1309 5464 1440 5502 cum
1475 5448 1719 5502 Domino
1749 5446 2058 5500 Leviathau

370 5533 475 5588 iste
504 5533 691 5600 feriat,
751 5538 811 5590 ut
858 5535 1243 5606 sempiternus
1281 5537 1353 5591 ab
1401 5552 1468 5590 eo
1516 5551 1710 5589 servus
1762 5535 2055 5591 habeatur.

2164 3070 2503 3139 disponente
2529 3085 2781 3140 superna
2805 3069 2985 3139 gratia
3013 3084 3211 3123 eorum
3235 3068 3439 3123 merita
3474 3067 3853 3137 multiplicat?

2165 3158 2391 3212 Secreto
2450 3173 2588 3227 ergo
2643 3156 3088 3227 dispensationis
3146 3157 3350 3210 ordine
3403 3161 3459 3209 et
3501 3156 3699 3210 saevire
3728 3172 3855 3225 per-

2166 3247 2413 3300 mittitur
2440 3245 2721 3312 diabolus,
2754 3251 2811 3300 et
2839 3250 3033 3301 tamen
3059 3262 3123 3298 ex
3154 3245 3277 3314 ejus
3307 3249 3537 3315 accepta
3576 3251 3853 3314 potestate

2165 3335 2302 3388 dum
2330 3334 2528 3387 ﬁdeles
2557 3334 2893 3403 probantur,
2924 3332 3248 3403 benignitas
3276 3333 3375 3386 Dei
3396 3333 3850 3398 commendatur,

2166 3427 2224 3476 et
2246 3421 2382 3475 inde
2414 3420 2588 3474 servit
2618 3420 2851 3485 invitus,
2887 3420 3038 3474 unde
3082 3420 3363 3475 malitiose
3402 3421 3608 3474 nititur
3659 3420 3851 3490 oppri-

2166 3525 2324 3563 mere
2380 3508 2478 3563 Dei
2533 3524 2744 3562 servos.
2801 3508 3083 3573 Quoniam
3138 3515 3387 3579 potestas
3450 3507 3668 3561 inimici
3714 3508 3855 3561 nihil

2165 3598 2336 3661 valet,
2373 3597 2482 3651 nisi
2539 3601 2820 3667 quantum
2873 3614 3122 3668 superna
3178 3603 3428 3669 potestas
3495 3597 3852 3650 concesserit.

2169 3688 2325 3742 Unde
2354 3687 2615 3741 voluntas
2665 3685 2887 3740 inimici
2916 3691 3001 3740 est
3047 3687 3291 3758 iniqua:
3362 3686 3457 3741 sed
3497 3687 3635 3741 dum
3685 3686 3860 3740 servit

2165 3774 2400 3845 superni
2416 3774 2626 3844 judicis
2658 3775 3036 3845 dispositioni,
3061 3776 3217 3845 justa
3260 3776 3690 3845 comprobatur.
3716 3776 3855 3828 Item

2167 3864 2228 3917 in
2255 3862 2403 3918 libro
2429 3880 2504 3918 xn
2534 3864 2675 3933 (cap.
2708 3867 2783 3930 2).
2836 3865 3001 3917 Nulla
3052 3879 3182 3933 quae
3236 3864 3296 3917 in
3354 3864 3465 3917 hoc
3518 3864 3734 3917 mundo
3756 3863 3860 3917 ho-

2169 3952 2417 4006 minibus
2441 3953 2608 4019 ﬁunt,
2636 3951 2851 4022 absque
2881 3951 3295 4023 omnipotentis
3338 3952 3439 4005 Dei
3486 3952 3724 4005 consilio
3763 3968 3857 4004 oc-

2167 4043 2319 4095 culto
2350 4041 2601 4094 veniunt.
2640 4040 2780 4095 Nam
2803 4046 3007 4094 cuncta
3043 4042 3190 4094 Deus
3220 4047 3487 4094 secutura
3527 4040 3855 4111 presciens,

2166 4134 2297 4184 ante
2328 4130 2533 4183 saecula
2561 4130 2809 4183 decrevit
2850 4129 3096 4199 qualiter
3120 4145 3225 4199 per
3278 4130 3485 4182 saecula
3544 4128 3857 4197 disponan-

2167 4220 2278 4270 tur.
2312 4217 2597 4270 Statutum
2629 4216 2842 4287 quippe
2871 4217 2993 4285 jam
3044 4218 3269 4271 homini
3315 4222 3399 4270 est
3432 4218 3515 4269 vel
3575 4224 3854 4286 quantum

2169 4305 2321 4357 hunc
2347 4303 2549 4357 mundi
2577 4303 2927 4373 prosperitas
2966 4309 3258 4374 sequatur,
3308 4305 3708 4373 vel‘quantum
3757 4304 3858 4357 ad-

2167 4392 2403 4446 versitas
2430 4391 2618 4459 feriat,
2651 4407 2724 4445 ne
2761 4392 2968 4445 electos
3016 4394 3139 4462 ejus
3167 4397 3266 4445 aut
3317 4392 3698 4446 immoderata
3730 4408 3861 4461 pro-

2167 4480 2410 4551 speritas
2440 4480 2641 4545 elevet,
2675 4485 2773 4533 aut
2802 4479 2980 4533 nimia
3028 4480 3338 4533 adversitas
3387 4485 3602 4551 gravet.
3665 4479 3859 4534 Statu—

2166 4574 2291 4622 tum
2317 4583 2545 4639 quoque
2575 4571 2660 4621 est
2684 4574 2967 4637 quantum
2996 4567 3057 4621 in
3106 4568 3232 4637 ipsa
3277 4567 3393 4621 vita
3439 4567 3669 4621 mortali
3715 4576 3860 4623 tem-

2166 4656 2443 4726 poraliter
2472 4656 2711 4708 vivatur.
2747 4656 2888 4709 Nam
2921 4655 3027 4708 etsi
3048 4672 3231 4710 annos
3259 4656 3590 4726 quindecim
3612 4656 3861 4708 Ezechias

2166 4743 2291 4813 regi
2321 4744 2390 4798 ad
2416 4743 2591 4798 vitam
2659 4743 2885 4797 addidit
2947 4744 3316 4813 omnipotens
3377 4745 3524 4797 Deus
3557 4743 3663 4813 (ιγ
3728 4746 3855 4809 Reg.

2164 4849 2259 4898 xx,
2292 4832 2362 4901 l),
2395 4848 2526 4886 cum
2558 4848 2688 4886 eum
2719 4832 2868 4885 mori
2911 4833 3191 4901 permisit,
3236 4838 3374 4887 tunc
3405 4848 3537 4886 eum
3578 4831 3863 4901 praescivit

2168 4936 2288 4975 esse
2319 4920 2681 4974 moriturum.
2716 4921 2839 4984 Qua
2867 4919 2928 4974 iu
2960 4936 3023 4974 re
3052 4921 3295 4991 questio
3324 4921 3529 4985 oritur,
3571 4920 3861 4989 quomodo

2167 5010 2220 5065 ei
2250 5024 2354 5080 per
2402 5008 2742 5078 prophetam
2804 5008 3068 5063 dicatur:
3107 5030 3127 5055 α
3164 5009 3414 5079 Dispone
3470 5008 3669 5063 domui
3726 5011 3859 5069 tuae,

2167 5099 2306 5169 quia
2334 5097 2597 5151 morieris
2622 5102 2704 5163 tu,
2738 5102 2793 5150 et
2820 5113 2936 5151 nou
2966 5097 3154 5163 vives;
3193 5116 3215 5145 ι
3244 5096 3335 5150 cui
3360 5112 3492 5151 cum
3517 5096 3719 5150 mortis
3738 5111 3863 5151 sen-

2165 5183 2344 5237 tentia
2373 5182 2523 5236 dicta
2552 5188 2655 5245 est,
2692 5183 2957 5253 protinus
3003 5183 3070 5237 ad
3115 5184 3238 5254 ejus
3286 5185 3566 5255 lacrymas
3622 5188 3706 5237 est
3744 5183 3862 5236 vita

2167 5270 2375 5325 addita.
2410 5271 2517 5325 Sed
2543 5287 2646 5340 per
2670 5271 3009 5341 prophetam
3041 5272 3320 5326 Dominus
3360 5273 3503 5327 dixit
3543 5289 3658 5343 quo
3715 5277 3861 5325 tem-

2164 5375 2302 5429 pore
2331 5358 2480 5412 mori
2509 5357 2630 5428 ipse
2688 5359 3044 5427 merebatur;
3079 5378 3181 5432 per
3209 5361 3533 5430 largitatem
3589 5376 3720 5413 vero
3751 5362 3856 5413 mi-

2165 5447 2486 5501 sericordias
2537 5447 2636 5500 illo
2698 5463 2831 5501 eum
2884 5454 3141 5520 tempore
3196 5451 3267 5504 ad
3308 5454 3552 5504 mortem
3614 5449 3859 5515 distulit,

2166 5536 2320 5607 quod
2354 5540 2484 5590 ante
2514 5536 2721 5590 saecula
2770 5535 2892 5607 ipse
2941 5538 3245 5607 prmscivit.
3278 5538 3391 5591 Nec
3422 5538 3705 5608 propheta
3758 5537 3859 5607 igi-
