4138 6194
353 250 424 302 25
808 318 812 322 _
1465 244 1556 300 DE
1601 245 2261 302 PREDESTINATIONE
2304 245 2440 301 DEI.
2484 275 2551 285 —
2588 246 2717 301 LIB.
2762 246 2803 300 Ι.
3789 252 3855 303 26

351 386 448 434 tur
476 381 672 447 fallax,
707 379 845 449 quia
873 383 1103 449 tempus
1134 376 1335 431 mortis
1367 376 1636 444 innotuit,
1670 394 1785 448 quo
1822 378 1909 432 vir
1952 378 2048 433 ille
2085 377 2134 433 Δ
2167 378 2546 446 subtrahitur,
2572 394 2687 449 quo
2739 394 2804 431 ex
2865 378 3059 433 divina
3091 378 3347 449 potentia
3411 382 3544 433 ante
3598 385 3856 450 tempora

356 469 503 522 mori
558 468 943 521 merebatur:
1000 482 1106 520 nec
1161 465 1457 519 Dominica
1508 468 1720 519 statuta
1789 467 2057 520 convulsa

354 563 507 619 sunt,
535 556 695 626 quia,
720 560 783 609 ut
814 572 880 609 ex
911 555 1177 624 largitate
1210 555 1310 608 Dei
1346 554 1485 607 anni
1537 554 1664 608 vitm
1713 560 2054 621 crescerent,

356 646 466 698 hoc
496 660 734 715 quoque
765 648 892 697 ante
928 644 1136 697 smcula
1174 643 1473 713 prmtixum
1523 643 1659 708 fuit;
1711 652 1882 713 atque
1934 659 2057 713 spa-

355 734 500 785 tium
535 732 667 786 vitm
710 732 860 803 quod
909 731 1202 802 inopinate
1256 732 1393 783 toris
1448 736 1534 784 est
1597 731 1877 797 additum,
1933 732 2055 785 sine

352 826 670 891 augmento
692 820 1070 890 prmscientim
1100 820 1209 873 fuit
1238 820 1393 872 intus
1425 822 1719 872 statutum.
1744 820 1892 872 Bene
1916 835 2053 888 ergo

348 910 560 963 dicitur
595 926 608 962 :
642 930 669 957 ι(
704 908 1056 963 Constituisti
1087 909 1363 961 terminos
1420 908 1563 976 ejus,
1618 908 1716 978 qui
1766 908 2051 977 prmteriri

347 1013 467 1050 non
499 1002 794 1067 poterunt.
833 1018 853 1044 ι
889 997 1052 1061 Quod
1081 1002 1270 1050 tamen
1294 995 1536 1065 intelligi
1554 996 1899 1064 etiamjuxta
1929 996 2052 1065 spi-

346 1086 529 1138 ritum
565 1086 730 1147 valet,
758 1085 893 1154 quia
915 1099 1335 1154 nonnunquam
1360 1084 1418 1136 in
1443 1084 1748 1137 virtutibus
1774 1084 2049 1152 proﬁcere

344 1189 652 1237 conamur,
685 1179 740 1226 et
771 1173 1035 1243 qumdam
1056 1172 1208 1225 dona
1241 1172 1610 1242 percipimus,
1642 1188 1673 1224 a
1706 1172 2049 1241 quibusdam

345 1278 482 1315 vero
518 1262 736 1330 repulsi
768 1261 829 1314 in
857 1260 1275 1329 imisjacemus.
1311 1261 1490 1314 Nemo
1519 1261 1672 1314 enim
1696 1265 1779 1313 est
1800 1261 1898 1330 qui
1922 1266 2047 1314 tan-

342 1355 469 1403 tum
500 1350 742 1402 virtutes
788 1349 1182 1419 apprehendat
1234 1357 1515 1419 quantum
1563 1348 1867 1409 desiderat.
1911 1349 2046 1419 quia

343 1438 720 1508 omnipotens
758 1439 925 1506 Deus,
950 1437 1227 1491 interiora
1251 1438 1598 1501 discernens,
1634 1436 1772 1507 ipsis
1820 1436 2043 1506 spirita-

344 1526 499 1580 libus
530 1526 884 1595 profectibus
941 1526 1177 1579 modum
1209 1526 1411 1595 ponit:
1479 1531 1542 1579 ut
1597 1541 1661 1578 ex
1710 1525 1819 1579 hoc
1870 1526 2043 1579 homo

342 1615 502 1685 quod
539 1614 973 1685 apprehendere
998 1618 1253 1680 conatur,
1288 1621 1345 1667 et
1372 1629 1489 1667 non
1529 1614 1697 1680 valet,
1755 1613 1814 1666 in
1844 1614 1955 1667 illis
1984 1630 2041 1667 se

343 1719 462 1756 non
492 1704 685 1757 elevet
715 1719 845 1773 qum
904 1704 1068 1756 valet.
1121 1702 1277 1756 Unde
1335 1702 1431 1755 ille
1488 1717 1720 1772 quoque
1777 1702 2043 1772 egregius

341 1792 703 1861 prmdicator,
738 1793 835 1862 qui
868 1797 1064 1860 raptus
1090 1790 1162 1845 ad
1184 1790 1420 1845 tertium
1460 1792 1665 1845 cmlum
1708 1790 1912 1855 fuerat,
1952 1808 2044 1861 pa-

344 1880 525 1933 radisi
553 1896 764 1933 arcana
814 1884 1236 1948 penetraverat,
1283 1894 1405 1933 esse
1458 1885 1590 1948 post
1635 1878 2044 1932 revelationem

346 1969 697 2038 tranquillus
757 1976 929 2038 atque
978 1969 1296 2022 iutentatus
1358 1984 1473 2021 non
1533 1968 1754 2021 valebat
1799 1970 1871 2035 (ΙΙ
1919 1970 2039 2025 Cor.

345 2073 442 2122 xu,
486 2062 560 2123 l).
597 2057 706 2110 Sed
740 2057 876 2127 quia
920 2056 1285 2126 omnipotens
1320 2057 1470 2109 Deus
1526 2055 1801 2109 terminos
1829 2057 2042 2109 consti-

346 2146 457 2199 tuit
493 2145 743 2210 homini,
776 2145 876 2215 qui
940 2144 1223 2214 prmteriri
1283 2161 1398 2198 non
1454 2150 1749 2213 poterunt,
1804 2145 2044 2199 elevavit

347 2234 499 2288 hunc
532 2234 602 2287 ad
634 2234 1093 2303 cognoscendum
1136 2232 1424 2299 sublimia,
1469 2238 1522 2286 et
1571 2233 1792 2286 reduxit
1832 2234 2042 2288 iterum

345 2322 417 2376 ad
445 2322 681 2376 inﬁrma
734 2321 1051 2386 toleranda,
1102 2326 1165 2375 ut
1219 2321 1373 2375 modi
1422 2322 1510 2374 sui
1560 2338 1856 2375 mensuras
1888 2324 2043 2393 aspi-

348 2410 505 2464 ciens
528 2410 668 2464 dum
700 2410 1063 2463 securitatem
1104 2409 1593 2479 comprehendere
1648 2415 1956 2464 conaretur
1983 2416 2041 2464 et

340 2515 454 2552 non
484 2505 698 2567 posset,
736 2514 807 2551 ne
840 2513 942 2568 per
970 2497 1279 2552 elationem
1307 2503 1464 2551 extra
1514 2515 1572 2551 se
1622 2498 1749 2563 iret,
1796 2515 1898 2568 per
1931 2500 2037 2553 hu-

342 2587 652 2640 militatem
682 2592 982 2656 cogeretur
1012 2588 1163 2639 intra
1187 2602 1321 2640 suos
1368 2602 1595 2656 semper
1628 2587 1903 2640 terminos
1948 2603 2037 2641 re-

340 2675 483 2729 dire.
538 2676 761 2739 Quibus
804 2675 992 2728 verbis
1035 2675 1231 2728 beatus
1283 2675 1586 2745 Gregorius
1618 2690 1734 2727 non
1764 2678 1947 2729 solum
1978 2675 2039 2728 in

339 2764 429 2817 his
456 2780 591 2833 qum
621 2764 938 2816 secundum
970 2779 1177 2832 corpus
1214 2763 1479 2816 homines
1525 2763 1840 2833 patiuntur,
1896 2765 2038 2817 divi-

340 2868 474 2904 nam
506 2851 994 2921 dispensationem
1040 2851 1479 2905 moderatricem
1528 2852 1795 2919 ostendit,
1838 2868 2036 2906 verum

2166 468 2480 537 prmscitur.
2526 467 2634 521 Sed
2685 466 2987 520 sciendum
3043 468 3180 537 quia
3227 484 3426 522 creans
3485 473 3541 522 et
3583 468 3856 522 ordinans

2162 572 2267 611 nos
2283 556 2649 627 omnipotens
2674 557 2841 619 Deus,
2862 556 3026 624 juxta
3052 557 3409 626 singulorum
3444 557 3649 611 merita
3669 559 3855 627 dispo-

2165 643 2250 697 nit
2281 647 2339 697 et
2367 643 2718 697 terminum:
2782 649 2843 696 ut
2874 644 2959 697 vel
3013 645 3195 697 malus
3236 645 3332 699 ille
3382 644 3631 699 breviter
3683 645 3851 709 vivat,

2162 748 2233 785 ne
2267 732 2459 785 multis
2490 732 2634 785 bene
2670 732 2971 799 agentibus
2992 737 3210 797 noceat,
3245 734 3329 786 vel
3360 734 3539 787 bonus
3585 733 3689 785 iste
3721 734 3853 786 diu-

2160 820 2271 873 tius
2298 819 2356 873 in
2380 820 2483 873 hac
2512 820 2627 873 vita
2657 821 2945 886 subsistat,
2983 826 3044 873 ut
3076 820 3270 874 multis
3306 821 3445 874 boni
3476 821 3663 891 operis
3695 822 3854 891 adju-

2160 914 2251 962 tor
2281 908 2519 968 existat:
2552 910 2636 961 vel
2672 925 2896 962 rursum
2955 910 3138 962 malus
3189 909 3415 977 longius
3456 910 3749 963 dill‘eratur
3792 910 3851 963 in

2159 996 2292 1060 vita,
2330 1000 2390 1049 ut
2418 1012 2592 1065 prava
2624 997 2807 1050 adhuc
2835 1013 3008 1067 opera
3040 1001 3266 1065 augeat,
3313 1012 3379 1049 ex
3433 1013 3682 1066 quorum
3728 1004 3848 1050 ten-

2156 1083 2372 1137 tatione
2404 1084 2631 1154 purgati
2657 1086 2843 1153 justus
2876 1086 3063 1138 verius
3096 1087 3310 1152 vivant,
3348 1087 3429 1138 vel
3457 1086 3642 1138 bonus
3685 1087 3851 1139 citius

2155 1172 2542 1237 subtrahatur,
2580 1190 2670 1237 ne,
2707 1174 2752 1226 si
2784 1174 2874 1227 hic
2905 1173 3003 1227 diu
3032 1174 3254 1235 vixerit,
3289 1174 3411 1243 ejus
3450 1174 3843 1227 innocentiam

2155 1261 2374 1314 malitia
2399 1268 2750 1331 corrumpat.
2784 1263 3095 1317 Sciendum
3126 1269 3316 1316 tamen
3351 1263 3484 1332 quia
3529 1262 3851 1331 benignitas

2155 1350 2253 1402 Dei
2307 1355 2391 1402 est
2448 1352 2840 1419 peccatoribus
2890 1351 3141 1421 spatium
3201 1351 3551 1420 pmnitentim
3619 1351 3848 1419 largiri;

2152 1438 2251 1491 sed
2280 1438 2413 1507 quia
2453 1444 2680 1507 accepta
2716 1445 2973 1507 tempora
3016 1456 3130 1492 non
3163 1440 3231 1492 ad
3280 1439 3529 1492 fructum
3576 1438 3855 1508 poeniten-

2154 1526 2270 1591 tim,
2307 1527 2376 1579 ad
2412 1543 2580 1582 usum
2609 1543 2741 1581 vero
2777 1528 3103 1597 iniquitatis
3130 1534 3381 1593 vertunt,
3410 1528 3561 1598 quod
3594 1545 3626 1581 a
3656 1527 3851 1581 divina

2154 1614 2543 1669 misericordia
2611 1617 2817 1669 mereri
2877 1622 3160 1687 poterant,
3222 1616 3511 1670 amittunt.
3584 1616 3850 1679 Quamvis

2160 1703 2521 1773 omnipotens
2583 1705 2728 1757 Deus
2784 1705 2926 1759 illud
2988 1710 3217 1775 tempus
3277 1706 3727 1775 uniuscujusque
3777 1704 3846 1757 ad

2159 1794 2403 1845 mortem
2437 1794 2691 1862 prmsciat
2726 1810 2840 1862 quo
2871 1794 2993 1863 ejus
3021 1794 3133 1845 vita
3179 1794 3541 1858 terminatur,
3595 1808 3699 1845 nec
3738 1792 3848 1844 alio

2156 1877 2217 1931 in
2244 1883 2497 1949 tempore
2528 1880 2833 1949 quisquam
2861 1880 3009 1934 mori
3041 1880 3247 1950 potuit,
3279 1880 3387 1933 nisi
3418 1881 3540 1950 ipso
3575 1896 3689 1949 quo
3724 1896 3843 1931 Ino-

2154 1967 2315 2020 ritur.
2350 1969 2488 2020 Nam
2522 1984 2568 2020 Sl
2600 1968 2852 2021 Ezechim
2884 1969 3017 2022 anni
3048 1969 3231 2022 additi
3274 1969 3341 2022 ad
3375 1968 3548 2020 vitam
3602 1966 3845 2036 quinde-

2154 2056 2263 2107 cim
2297 2062 2708 2121 memorantur,
2744 2064 2969 2126 tempus
2999 2057 3233 2127 quidem
3277 2057 3403 2111 vitm
3434 2055 3611 2108 crevit
3640 2056 3712 2107 ab
3744 2055 3843 2107 illo

2154 2143 2399 2196 termino
2430 2160 2544 2214 quo
2575 2146 2722 2198 mori
2745 2145 2865 2215 ipse
2897 2146 3243 2198 merebatur.
3279 2146 3415 2198 Nam
3445 2144 3636 2197 divina
3664 2142 3848 2212 dispo-

2152 2229 2283 2284 sitio
2314 2232 2437 2301 ejus
2466 2239 2693 2303 tempus
2720 2238 2856 2287 tunc
2885 2235 3151 2302 prmsciit,
3184 2234 3335 2303 quod
3387 2234 3540 2286 hunc
3586 2235 3848 2300 postmo-

2153 2321 2290 2373 dum
2324 2336 2391 2374 ex
2421 2322 2691 2391 prmsenti
2738 2323 2851 2375 vita
2900 2322 3196 2375 subtraxit.
3252 2323 3393 2376 Cum
3448 2336 3583 2390 ergo
3617 2320 3697 2372 ita
3752 2319 3844 2385 sit,

2151 2408 2290 2477 quid
2322 2416 2409 2463 est
2440 2411 2594 2479 quod
2636 2410 2865 2476 dicitur,
2893 2434 2917 2457 ‹‹
2949 2411 3082 2480 quia
3111 2411 3297 2481 iniqui
3324 2410 3529 2464 sublati
3558 2412 3690 2461 sunt
3717 2413 3847 2461 ante

2151 2500 2377 2567 tempus
2402 2499 2611 2552 suum?
2652 2520 2677 2546 ››
2709 2499 2825 2552 Nisi
2882 2500 3036 2569 quod
3097 2515 3297 2553 omnes
3347 2498 3445 2568 qui
3505 2503 3844 2566 prmsentem

2150 2584 2323 2638 vitam
2354 2586 2622 2657 diligunt,
2655 2588 2919 2657 longiora
2957 2588 3064 2642 sibi
3094 2588 3352 2657 ejusdem
3382 2586 3513 2639 vitm
3527 2585 3847 2655 spatiapro-

2151 2674 2407 2728 mittunt.
2442 2676 2548 2730 Sed
2583 2692 2713 2730 cum
2745 2694 2843 2730 eos
2874 2693 3027 2730 mors
3058 2676 3465 2747 superveniens
3494 2691 3526 2727 a
3576 2672 3846 2743 praesenti

2150 2763 2263 2816 vita
2294 2764 2601 2831 subtrahit,
2636 2781 2839 2819 eorum
2874 2766 3001 2819 vitm
3043 2766 3243 2836 spatia,
3278 2780 3406 2835 qum
3440 2762 3550 2817 sibi
3581 2762 3844 2831 longiora

2150 2852 2314 2921 quasi
2358 2852 2417 2906 in
2452 2853 2797 2923 cogitatione
2846 2855 3081 2908 tendere
3131 2858 3564 2918 consueverant,
3607 2851 3841 2903 interci-

340 2940 601 2993 etiamin
634 2939 992 3008 spiritalibus
1026 2940 1373 3008 profectibus
1403 2940 1608 2993 divinm
1653 2941 2043 3010 dispositionis
2081 2942 2120 2998 C
2151 2939 2253 2993 dit.
2280 2942 2425 2995 Item
2473 2941 2531 2994 in
2594 2942 2793 2997 eodem
2857 2943 3002 2996 libro
3062 2947 3201 3011 (cap.
3241 2945 3328 3006 37,
3380 2944 3493 3009 38),
3553 2956 3681 2992 cuni
3738 2944 3846 2991 tra-

341 3044 680 3081 mensuram
716 3044 840 3080 esse
872 3027 1265 3082 demonstrat:
1316 3034 1379 3082 ut
1426 3029 1689 3083 universa
1742 3046 1872 3099 qum
1925 3031 2041 3083 sive

341 3115 665 3168 secundum
695 3129 925 3183 corpus,
958 3114 1075 3167 sive
1117 3115 1429 3168 secundum
1472 3116 1724 3169 animam
1768 3120 2039 3185 aguntur,

339 3204 548 3256 div-inm
595 3202 1014 3255 moderationis
1053 3204 1363 3275 constituta
1422 3220 1787 3274 nequaquam
1858 3208 2041 3257 trans-

339 3291 501 3359 gredi
542 3288 1011 3359 comprobentur.
1046 3290 1185 3343 Item
1217 3291 1275 3343 in
1314 3292 1515 3345 eodem
1569 3292 1713 3345 libro
1754 3293 1893 3361 (cap.
1929 3290 2038 3361 5'2).

341 3379 567 3431 Prmlixi
598 3377 721 3431 dies
752 3377 995 3446 singulis
1023 3380 1092 3431 ab
1122 3379 1345 3432 interna
1374 3379 1472 3434 Dei
1519 3380 1895 3449 prmscientia,
1941 3395 2043 3433 nec

340 3467 539 3536 augeri
568 3471 810 3535 possunt
839 3482 942 3519 nec
974 3466 1180 3533 minui,
1207 3467 1317 3521 nisi
1349 3468 1644 3539 contingat
1689 3474 1754 3522 ut
1783 3470 1861 3522 ita
1889 3484 2040 3537 prm-

337 3556 621 3619 sciantur,
659 3560 722 3607 ut
749 3561 849 3608 aut
872 3570 1002 3608 cum
1036 3556 1270 3625 optimis
1294 3558 1563 3625 operibus
1584 3558 1875 3627 longiores
1904 3558 2038 3623 sint,

336 3648 433 3697 aut
464 3658 601 3696 cum
637 3641 898 3712 pessimis
926 3644 1233 3699 breviores.
1284 3644 1437 3699 Sicut
1474 3645 1739 3700 Ezechias
1768 3662 2041 3716 augmen-

337 3740 458 3785 tum
492 3731 727 3785 dierum
758 3732 971 3785 meruit
997 3732 1354 3802 impensione
1376 3735 1759 3804 lacrymarum
1792 3737 1889 3805 (IV
1907 3738 2035 3803 Reg.

334 3836 421 3885 xx,
458 3820 549 3887 6);
580 3823 640 3871 et
667 3819 813 3873 sicut
842 3819 911 3873 de
961 3822 1239 3889 perversis
1271 3822 1544 3892 scripturn
1575 3827 1697 3877 est:
1742 3844 1769 3871 «
1804 3822 2038 3877 lndisci-

336 3906 575 3973 plinatis
603 3905 797 3959 obviat
828 3922 981 3959 mors
1029 3911 1205 3972 (Prov.
1239 3926 1386 3976 xxix,
1426 3913 1496 3978 l).
1535 3932 1554 3958 ι
1584 3912 1693 3965 Sed
1741 3928 1890 3981 smpe
1920 3912 2039 3964 ini-

334 4009 508 4062 quus,
543 3994 809 4063 quamvis
858 3995 919 4047 in
956 3998 1174 4050 occulta
1197 3998 1295 4051 Dei
1325 4000 1685 4067 prmscientia
1706 4000 1876 4069 longa
1906 4000 2038 4053 vitm

335 4082 459 4149 ejus
524 4086 789 4150 tempora
842 4098 957 4136 non
1008 4084 1120 4137 sint
1177 4086 1607 4155 prmdestinata,
1674 4087 1794 4158 ipse
1846 4093 2037 4141 tamen

337 4168 473 4237 quia
529 4167 841 4221 carnaliter
888 4169 1074 4223 vivere
1113 4173 1351 4241 appetit,
1403 4174 1606 4243 longos
1668 4174 1862 4228 animo
1918 4174 2037 4227 dies

337 4256 635 4326 proponit.
687 4257 753 4309 Et
804 4258 940 4325 quia
987 4259 1056 4311 ad
1095 4258 1237 4313 illud
1288 4266 1516 4331 tempus
1583 4262 1881 4331 pervenire
1925 4279 2039 4317 non

336 4346 488 4398 valet
548 4344 709 4414 quod
781 4351 1088 4416 exspectat,
1146 4350 1311 4419 quasi
1366 4355 1678 4420 antequam
1737 4351 1858 4404 dies
1887 4351 2041 4405 illius

336 4431 699 4503 impleantur
729 4434 896 4503 perit.
932 4435 994 4488 Et
1019 4435 1113 4489 hic
1146 4437 1285 4490 dum
1332 4438 1452 4491 dies
1482 4440 1754 4493 humanm
1782 4440 1910 4494 vitm
1944 4440 2041 4494 do-

337 4528 422 4577 cet
471 4540 542 4576 ex
604 4522 800 4577 divina
853 4526 1359 4594 prmdcstinatione
1423 4529 1711 4595 definitos,
1759 4536 2042 4585 monstrat

335 4618 495 4664 actus
549 4612 823 4665 humanm
871 4613 998 4668 vitm
1035 4614 1227 4669 divina
1276 4616 1702 4686 dispensatione
1730 4620 2037 4674 deservire.

338 4702 483 4754 item
509 4702 571 4753 in
625 4701 769 4753 libro
820 4717 911 4760 XVI
966 4707 1103 4771 (cap.
1146 4706 1250 4771 10),
1312 4721 1445 4759 cum
1494 4711 1760 4760 tractaret
1804 4713 2040 4761 senten-

336 4789 476 4842 tiam
505 4805 625 4859 qua
654 4788 724 4843 de
753 4790 971 4860 iniquis
1002 4791 1209 4845 dicitur
1242 4809 1254 4846 ε
1293 4814 1320 4843 ‹‹
1349 4794 1456 4858 Qui
1488 4794 1695 4848 sublati
1728 4801 1860 4849 sunt
1905 4799 2039 4849 ante

335 4882 569 4947 tempus
634 4892 825 4942 suum,
905 4883 962 4931 et
1038 4878 1244 4933 ﬂuvius
1322 4881 1600 4936 subvertit
1664 4882 2040 4937 fundamenta

336 4981 541 5020 eorum
576 4966 718 5031 (Job.
773 4981 908 5035 xxII,
957 4970 1060 5035 16),
1100 4989 1121 5017 ο
1166 4969 1289 5023 hmc
1336 4969 1669 5025 subsecutus
1726 4976 1811 5025 est
1848 4989 1859 5026 :
1898 4973 2038 5026 Cum

334 5060 571 5123 tempus
628 5053 759 5106 vitm
791 5071 822 5107 a
871 5055 1065 5109 divina
1121 5058 1486 5127 prmscientia
1543 5061 1706 5115 nobis
1736 5062 1809 5114 sit
1838 5062 2038 5130 procul

336 5142 515 5197 dubio
546 5141 873 5212 prmﬁxum.
922 5146 1300 5214 qumrendum
1338 5148 1499 5201 valde
1530 5154 1613 5203 est
1660 5165 1775 5219 qua
1822 5150 2037 5204 ratione

336 5246 493 5284 nunc
554 5229 695 5283 dicit
742 5231 899 5299 quod
952 5232 1139 5302 iniqui
1195 5250 1259 5287 ex
1316 5236 1590 5305 prmsenti
1646 5238 1856 5291 smculo
1905 5242 2038 5293 ante

335 5324 568 5387 tempus
610 5318 912 5388 proprium
972 5320 1399 5378 subtrahantur.
1447 5324 1822 5395 Omnipotens
1883 5326 2036 5379 enim

337 5407 507 5471 Deus,
538 5406 647 5459 etsi
692 5407 1035 5479 plerumque
1089 5415 1271 5464 mutat
1314 5412 1681 5479 sententiam,
1732 5414 2036 5468 consilium

337 5509 661 5564 nunquam.
713 5494 787 5548 Eo
835 5509 974 5564 ergo
1033 5499 1292 5566 tempore
1348 5514 1417 5552 ex
1468 5498 1575 5553 hac
1628 5498 1744 5553 vita
1793 5500 2036 5571 quisque

2154 3032 2333 3082 ctaret
2388 3031 2728 3084 sententiam
2778 3031 2928 3085 beati
2976 3032 3078 3085 Job
3122 3030 3411 3084 dicentis:
3476 3051 3495 3075 α
3572 3029 3635 3081 Et
3675 3044 3844 3080 nemo

2154 3124 2407 3168 avertere
2448 3122 2632 3185 potest
2657 3118 3063 3186 cogitationem
3104 3121 3229 3186 ejus
3274 3117 3424 3185 (Job.
3466 3133 3620 3183 χχιιι,
3668 3118 3775 3183 13),
3818 3136 3838 3163 ο

2154 3203 2276 3256 hmc
2306 3203 2604 3273 subjungit
2639 3222 2650 3256 :
2687 3204 2862 3274 [Sicut
2893 3206 3047 3257 enim
3074 3202 3452 3257 immutabilis
3482 3208 3702 3255 naturm
3735 3208 3836 3263 est,

2152 3289 2231 3344 ita
2260 3291 2634 3346 immutabilis
2674 3293 2996 3347 voluntatis.
3030 3292 3448 3361 Cogitationem
3473 3290 3686 3361 quippe
3718 3289 3840 3357 ejus

2152 3380 2344 3433 nullus
2382 3382 2607 3447 avertit,
2650 3381 2785 3451 quia
2818 3397 2985 3435 nemo
3019 3380 3283 3433 resistere
3318 3378 3554 3433 occultis
3590 3378 3713 3447 ejus
3738 3377 3837 3445 ju-

2152 3468 2315 3522 diciis
2346 3471 2635 3538 prmvalet.
2674 3472 2813 3524 Nam
2847 3470 2950 3523 etsi
3010 3469 3242 3523 fuerunt
3296 3468 3529 3539 quidam
3580 3466 3679 3536 qui
3735 3466 3833 3518 de-

2150 3558 2579 3628 precationibus
2599 3560 2718 3612 suis
2747 3559 2869 3628 ejus
2916 3559 3319 3628 cogitationem
3364 3556 3635 3610 avertisse
3682 3554 3835 3607 vide-

2148 3652 2369 3710 rentur,
2403 3647 2483 3700 ita
2521 3646 2627 3700 fuit
2657 3647 2779 3716 ejus
2809 3648 3039 3701 interna
3069 3646 3357 3715 cogitatio,
3393 3651 3454 3698 ut
3499 3643 3833 3697 sententiam

2148 3733 2304 3787 illius
2334 3739 2589 3788 avertere
2620 3735 2974 3804 deprecando
3025 3735 3366 3803 potuissent,
3395 3738 3451 3786 et
3490 3732 3558 3785 ab
3598 3732 3719 3802 ipso
3756 3747 3839 3783 ac-

2148 3828 2425 3891 ceperunt
2485 3823 2637 3893 quod
2690 3828 2923 3892 agerent
2978 3823 3127 3893 apud
3171 3823 3379 3892 ipsum.
3441 3822 3599 3876 Dicat
3654 3836 3835 3889 ergo:

2152 3929 2180 3961 α
2214 3911 2278 3963 Et
2306 3925 2477 3964 nemo
2511 3916 2762 3965 avertere
2798 3917 2985 3980 potest
3030 3911 3435 3981 cogitationem
3469 3911 3612 3980 ejus,
3641 3930 3667 3958 ››
3704 3910 3839 3979 quia

2146 3999 2323 4052 semel
2351 3999 2460 4052 lixa
2483 3999 2699 4068 judicia
2726 4000 2934 4053 mutari
2974 4016 3338 4069 nequaquam
3369 4002 3607 4070 possunt
3642 4014 3654 4051 :
3684 3997 3837 4052 Unde

2147 4086 2420 4157 scriptum
2452 4094 2536 4141 est
2570 4104 2582 4142 :
2621 4107 2648 4138 «ι
2681 4089 3029 4158 Prmceptum
3063 4089 3272 4157 posuit,
3298 4092 3353 4141 et
3385 4104 3497 4141 non
3524 4084 3843 4157 prmteribit

2151 4175 2315 4245 (Psal.
2350 4192 2567 4241 CXLVIII,
2602 4179 2689 4243 6);
2744 4199 2770 4222 »
2815 4181 2870 4229 et
2911 4193 3185 4231 rursum:
3220 4198 3247 4225 ‹‹
3311 4176 3526 4230 leum
3582 4181 3637 4228 et
3691 4180 3843 4227 terra

2150 4264 2496 4329 transibunt,
2523 4264 2695 4317 verba
2722 4268 2916 4319 autem
2964 4281 3091 4318 mea
3139 4280 3255 4318 non
3304 4263 3629 4317 transibunt
3682 4262 3837 4329 (Luc.

2150 4367 2261 4417 xxI,
2293 4352 2409 4422 33);
2451 4373 2472 4400 ι
2501 4357 2553 4404 et
2589 4368 2816 4406 rursum
2855 4369 2867 4405 :
2904 4372 2931 4403 α
2966 4353 3089 4405 Non
3111 4352 3266 4405 enim
3296 4350 3670 4421 cogitationes
3699 4366 3842 4402 mem

2151 4440 2295 4493 sicut
2320 4440 2695 4510 cogitationes
2724 4445 2944 4506 vestrm,
2969 4456 3154 4511 neque
3178 4440 3281 4493 vim
3300 4457 3465 4504 mem,
3483 4447 3684 4492 vestrm
3709 4440 3838 4507 (Isu.

2150 4544 2237 4595 Lv,
2269 4528 2342 4598 8).
2380 4549 2406 4579 υ
2438 4530 2578 4583 Cum
2610 4545 2747 4599 ergo
2780 4528 3029 4583 exterius
3062 4528 3273 4581 mutari
3294 4528 3515 4583 videtur
3536 4528 3840 4591 sententia,

2148 4617 2387 4671 interius
2417 4618 2720 4671 consilium
2754 4634 2870 4671 non
2901 4623 3174 4679 mutatur,
3226 4617 3359 4686 quia
3390 4616 3460 4670 de
3494 4632 3842 4686 unaquaque

2151 4721 2209 4758 re
2248 4706 2684 4759 immutabiliter
2729 4706 2884 4759 intus
2925 4704 3316 4772 constituitur,
3361 4705 3640 4775 quidquid
3690 4704 3841 4757 foras

2150 4794 2502 4849 mutabiliter
2530 4796 2741 4864 agitur.
2778 4794 3049 4864 Sequitur
3079 4810 3090 4847 :
3134 4816 3153 4841 «
3194 4795 3252 4847 Et
3290 4795 3482 4848 anima
3512 4795 3632 4864 ejus
3665 4792 3843 4862 quod-

2149 4897 2373 4953 cunque
2418 4883 2622 4949 voluit,
2670 4883 2825 4936 fecit.
2866 4901 2893 4933 ii
2930 4884 3071 4937 Cum
3120 4882 3193 4935 sit
3232 4883 3452 4936 cunctis
3505 4881 3839 4951 corporibus

2151 4971 2415 5039 exterior,
2445 4971 2662 5025 cunctis
2693 4972 2983 5026 mentibus
3013 4972 3253 5024 interior
3284 4973 3451 5037 Deus,
3493 4988 3559 5024 ea
3606 4970 3727 5037 ipsa
3757 4966 3838 5018 vis

2149 5058 2290 5127 ejus,
2316 5076 2427 5129 qua
2468 5059 2663 5112 omnia
2718 5063 2998 5129 penetrat,
3063 5065 3266 5112 cuncta
3318 5058 3589 5129 disponit,
3647 5054 3839 5107 anima

2147 5146 2302 5199 illius
2344 5149 2681 5217 appellatur.
2735 5148 2909 5218 Cujus
2960 5148 3225 5201 videlicet
3277 5145 3548 5200 voluntati
3607 5160 3709 5197 nec
3742 5144 3840 5197 illa

2148 5234 2432 5289 obsistunt
2462 5252 2591 5305 qum
2636 5242 2833 5290 contra
2864 5236 3219 5290 voluntatem
3272 5236 3425 5287 illius
3474 5232 3599 5285 tieri
3646 5232 3837 5287 viden-

2148 5327 2262 5388 tur,
2318 5323 2453 5394 quia
2507 5325 2614 5377 hoc
2662 5340 3081 5394 nonnunquam
3136 5321 3418 5391 permittit
3471 5320 3598 5375 ﬁeri
3664 5322 3837 5376 etiam

2148 5413 2301 5483 quod
2330 5429 2445 5467 non
2467 5414 2745 5485 prmcipit,
2772 5420 2837 5468 ut
2867 5429 2970 5483 per
2998 5414 3106 5466 hoc
3136 5410 3277 5463 illud
3301 5410 3510 5465 certius
3532 5410 3839 5482 impleatur

2146 5502 2300 5572 quod
2314 5500 2497 5570 jubet.
2525 5506 2811 5573 Apostatm
2843 5502 3057 5571 quippe
3088 5499 3279 5569 angeli
3328 5515 3595 5571 perversa
3640 5502 3835 5555 volun-
