4138 6186
365 315 433 366 27
1524 308 1884 363 RATRAMNI
1916 305 2383 365 CORBEIENSIS
2423 310 2731 367 MONACHI
3803 313 3874 364 28

358 427 449 497 tas
479 448 584 510 est,
613 443 708 497 sed
740 446 930 495 tamen
963 440 1106 493 adeo
1128 438 1472 494 mirabiliter
1491 439 1807 506 ordinatur,
1834 438 2054 508 utipsa
2093 441 2136 495 A
2171 439 2394 493 minum
2418 439 2497 494 ita
2531 444 2586 493 et
2608 454 2850 510 corpora
2887 439 3099 493 creavit
3136 444 3193 493 et
3239 439 3493 508 spiritus,
3544 443 3605 491 ut
3652 443 3857 509 prater

364 548 593 605 quoque
626 532 747 601 ejus
777 529 1004 584 insidia
1036 528 1269 583 utilitati
1293 529 1579 583 bonorum
1611 528 1879 595 serviant,
1905 545 2053 597 quos

363 625 615 693 purgant
645 621 780 674 dum
810 623 1051 673 tentant.
1085 618 1174 672 Sic
1220 618 1414 687 itaque
1457 618 1580 687 ejus
1618 618 1812 671 anima
1861 618 2057 689 quod-

362 725 584 779 cunque
615 706 794 761 voluit
823 707 932 760 hoc
979 706 1130 771 fecit,
1164 711 1229 759 ut
1254 705 1388 758 inde
1421 721 1650 776 quoque
1696 706 2051 760 voluntatem

364 810 524 848 suam
554 794 814 863 impleat,
844 794 998 848 unde
1025 794 1305 847 voluntati
1333 793 1486 847 illius
1536 810 1856 865 repugnare
1901 794 2056 848 vide-

362 883 572 952 batur.]

436 972 499 1025 In
529 972 797 1024 omnibus
828 969 950 1023 istis
994 969 1296 1023 sententiis
1326 968 1478 1023 beati
1519 969 1795 1041 Gregorii,
1846 969 2057 1025 interni

364 1059 667 1129 dispositio
698 1058 898 1112 secreti
930 1056 1264 1111 mirabiliter
1301 1057 1643 1121 insinuatur,
1685 1062 1747 1111 ut
1786 1072 2057 1128 quacun-

363 1164 474 1219 que
508 1147 599 1217 agi
632 1147 891 1200 videntur
925 1147 984 1199 in
1016 1150 1276 1215 tempore
1320 1146 1468 1199 circa
1488 1147 1719 1210 electos,
1744 1148 1864 1215 ejus
1887 1151 2055 1200 ater-

364 1236 562 1290 nitatis
594 1235 832 1288 consilio
865 1236 1012 1306 apud
1066 1252 1195 1288 eum
1247 1234 1483 1289 deﬁnita
1533 1236 1888 1288 consistant:
1938 1251 2051 1289 non

364 1325 551 1378 solum
583 1324 835 1377 actiones
869 1330 1098 1388 sancta,
1135 1339 1277 1394 quas
1308 1324 1429 1393 ejus
1460 1339 1697 1378 munere
1730 1323 2056 1393 percipiunt

363 1412 546 1478 electi,
582 1413 677 1466 sed
732 1416 787 1465 et
840 1417 1198 1466 tentamento
1248 1412 1581 1480 adversarii,
1628 1412 1836 1482 quibus
1889 1412 2052 1465 electi

363 1501 695 1571 probantur,
769 1501 977 1554 divina
1026 1501 1412 1571 dispositionis
1460 1500 1848 1554 moderamine
1907 1500 2053 1555 diri-

363 1593 596 1658 guntur,
630 1594 693 1642 ut
718 1589 983 1643 adversus
1014 1597 1239 1643 sanctos
1280 1606 1393 1643 non
1425 1589 1580 1643 aliud
1620 1588 1840 1659 possint
1874 1588 2053 1643 hostis

360 1676 583 1731 insidia
618 1694 789 1748 quam
822 1678 977 1748 quod
1015 1678 1261 1731 decrevit
1310 1679 1594 1732 sententia
1644 1678 2045 1732 Dominatoris.

363 1765 428 1817 Et
451 1780 781 1834 quanquam
811 1780 997 1834 prava
1018 1764 1394 1834 cogitationes
1424 1770 1480 1818 et
1509 1764 1709 1835 iniqua
1739 1770 2054 1819 tentamen-

361 1856 416 1904 ta
457 1852 571 1904 sive
602 1852 924 1919 hominum,
950 1852 1064 1906 sive
1089 1853 1434 1917 damonum,
1463 1854 1644 1907 multa
1674 1854 1850 1941 velint
1870 1855 2052 1907 facere

363 1944 559 1993 contra
589 1940 940 1995 voluntatem
976 1943 1097 2008 Dei,
1117 1958 1180 1995 ex
1201 1942 1280 1995 eis
1312 1958 1537 2011 semper
1568 1947 1763 1996 tamen
1792 1943 2053 1995 voluntas

352 2027 508 2080 illius
538 2029 900 2098 completur:
956 2030 1090 2099 quia
1137 2031 1241 2083 etsi
1289 2032 1608 2083 voluntates
1654 2047 1939 2098 perversa
1984 2048 2047 2084 ex

360 2116 664 2186 iniquitate
694 2118 927 2170 veniant
966 2118 1258 2171 rationalis
1299 2123 1574 2171 creatura
1608 2135 1641 2172 a
1673 2120 1787 2172 Deo
1818 2123 2047 2188 aposta-

360 2204 550 2269 tantis,
597 2204 849 2259 actiones
882 2210 1071 2258 tamen
1104 2205 1355 2259 serviunt
1402 2205 1613 2260 calesti
1662 2206 2048 2276 dispositioni;

365 2293 520 2363 quia,
590 2293 735 2347 sicut
791 2294 866 2347 ait
955 2295 1153 2348 beatus
1213 2296 1567 2364 Gregorius:
1633 2294 1867 2367 [Anima
1929 2296 2052 2365 ejus

363 2380 751 2452 quodcunque
776 2383 960 2436 voluit
988 2383 1093 2437 hoc
1124 2383 1275 2450 fecit,
1318 2383 1594 2454 quoniam
1625 2383 1759 2437 inde
1784 2385 2049 2437 volunta-

358 2472 475 2522 tem
516 2485 677 2522 suam
729 2470 952 2540 implet,
994 2472 1149 2525 unde
1199 2477 1433 2541 putatur
1467 2473 1588 2541 ejus
1621 2472 1903 2526 voluntati
1960 2489 2050 2525 re-

362 2556 656 2628 pugnari.]
682 2558 842 2621 Quod
878 2559 1011 2612 adeo
1039 2575 1235 2613 verum
1285 2576 1405 2613 esse
1448 2559 1601 2613 idem
1652 2566 1878 2614 sanctus
1915 2561 2049 2615 Gre-

363 2645 558 2713 gorius
588 2647 890 2700 confirmat
919 2663 931 2701 :
972 2653 1033 2701 ut
1054 2663 1413 2719 quacunque
1446 2649 1625 2702 sancti
1675 2649 1779 2702 viri
1836 2649 2050 2703 orando

358 2738 654 2787 merentur
696 2735 978 2802 obtinere,
1038 2737 1094 2789 in
1152 2737 1659 2807 pradestinatione
1690 2742 1823 2791 ante
1874 2738 2049 2791 fuisse

361 2820 510 2875 dicat
542 2823 861 2877 Divinitatis
890 2829 953 2878 ut
982 2825 1103 2878 hac
1133 2825 1350 2879 orando
1380 2825 1763 2896 perciperent.
1803 2827 1915 2881 Nec
1938 2826 2051 2880 alia

359 2914 600 2977 possunt
628 2927 658 2963 a
693 2911 805 2964 Deo
827 2911 1091 2981 precibus
1122 2913 1460 2981 promereri,
1505 2913 1617 2967 nisi
1664 2930 1790 2984 qua
1840 2914 2051 2968 Divini-

356 2997 487 3050 tatis
516 2998 753 3052 consilio
797 2999 1011 3053 fuerint
1067 3001 1475 3070 pradestinata
1522 3007 1587 3055 ut
1633 3002 2050 3057 obtinerentur.

359 3086 422 3138 In
456 3085 690 3156 Dialogo
731 3104 980 3157 namque
1030 3104 1131 3142 suo
1183 3091 1327 3158 (cap.
1364 3092 1416 3155 8)
1451 3089 1529 3144 ita
1578 3089 1705 3143 ait:
1763 3089 2051 3162 [Obtinere

359 3185 733 3245 nequaquam
762 3182 1023 3245 possunt,
1056 3177 1331 3231 nimirum
1363 3178 1561 3245 sancti,
1592 3195 1718 3248 qua
1750 3181 2050 3250 pradesti-

359 3268 494 3316 nata
526 3280 643 3317 non
676 3264 933 3331 fuerunt;
960 3266 1055 3319 sed
1089 3282 1153 3320 ea
1187 3283 1316 3337 qua
1350 3268 1530 3321 sancti
1560 3268 1665 3321 viri
1696 3270 1913 3323 orando
1969 3270 2050 3323 ef-

358 3351 579 3418 ﬁciunt,
610 3352 691 3407 ita
731 3354 1133 3421 pradcstinata
1174 3360 1309 3409 sunt
1342 3360 1403 3409 ut
1451 3356 1714 3425 precibus
1756 3357 2054 3411 obtinean-

356 3445 469 3494 tur.
509 3443 650 3495 Nam
684 3442 808 3512 ipsa
839 3460 1068 3514 quoque
1088 3444 1360 3514 perennis
1386 3445 1550 3513 regni
1597 3444 2047 3513 pradestinatio,

360 3530 437 3583 ita
469 3534 553 3583 est
584 3530 653 3584 ab
682 3531 1075 3600 omnipotente
1106 3532 1220 3585 Deo
1251 3532 1543 3601 disposita,
1574 3537 1637 3585 ut
1657 3534 1725 3587 ad
1748 3532 1855 3586 hoc
1887 3534 2053 3589 electi

360 3633 427 3671 ex
454 3616 648 3671 labore
680 3619 1034 3688 perveniant,
1070 3626 1355 3689 quatenus
1402 3622 1745 3690 postulando
1794 3638 2050 3676 merean-

357 3710 453 3759 tur
480 3706 734 3777 accipere
768 3707 921 3776 quod
952 3707 1031 3760 eis
1081 3706 1448 3778 omnipotens
1471 3710 1621 3763 Deus
1677 3714 1810 3762 ante
1844 3710 2052 3763 sacula

360 3795 638 3863 disposuit
670 3794 923 3867 donare.]

430 3884 508 3936 De
539 3885 644 3937 hac
694 3883 904 3937 iterum
950 3882 1378 3952 dispensatione
1434 3884 1759 3939 divinorum
1806 3901 2049 3954 operum

357 3971 603 4041 Prosper
655 3970 717 4024 in
774 3972 921 4024 libro
978 3971 1046 4024 de
1106 3972 1411 4026 Vocatione
1480 3973 1740 4042 gentium
1797 3975 1941 4041 (Lib.
2008 3991 2045 4041 ι,

359 4073 478 4126 cap.
518 4058 602 4127 l5)
635 4058 712 4111 ita
756 4057 1008 4126 loquitur
1045 4073 1056 4110 :
1098 4056 1289 4127 [Multa
1327 4058 1479 4111 enim
1530 4064 1663 4112 sunt
1710 4060 1771 4113 in
1818 4060 2045 4130 dispen-

360 4148 574 4201 satione
602 4146 929 4199 divinorum
960 4162 1221 4215 Operum,
1257 4163 1501 4217 quorum
1531 4147 1716 4202 causis
1738 4148 2048 4203 latentibus

356 4234 462 4286 soli
493 4238 885 4287 monstrantur
915 4234 1165 4295 effectus,
1200 4238 1262 4288 ut
1291 4251 1419 4288 cum
1461 4240 1649 4305 pateat
1690 4239 1840 4307 quod
1891 4239 2047 4308 geri-

353 4326 466 4388 tur,
494 4337 607 4375 non
642 4326 833 4391 pateat
863 4338 964 4375 cur
995 4328 1245 4392 geratur,
1282 4325 1515 4395 negotio
1566 4325 1625 4379 in
1672 4326 1929 4380 medium
1958 4327 2050 4380 de-

358 4409 545 4473 ducto,
583 4414 639 4462 et
664 4410 724 4463 in
751 4411 1037 4463 occultum
1066 4411 1289 4465 ratione
1331 4413 1629 4480 subducta,
1658 4419 1721 4467 ut
1750 4414 1810 4468 in
1850 4416 2049 4469 eadem

357 4514 417 4551 re
439 4502 495 4551 et
516 4498 585 4552 de
606 4499 1069 4553 inscrutabilibus
1084 4501 1458 4571 prasumptio
1476 4502 1959 4571 comprimaturet
1981 4505 2049 4557 de

359 4585 673 4640 manifestis
750 4587 967 4641 falsitas
1025 4588 1323 4643 refutetur.
1355 4590 1549 4661 Neque
1580 4590 1733 4645 enim
1783 4592 1829 4644 si
1856 4594 2049 4646 nescio

355 4690 456 4727 cur
479 4675 576 4730 ille
607 4676 834 4730 Gracus
884 4681 1128 4743 creetur,
1162 4678 1253 4731 hic
1292 4678 1598 4746 barbarus;
1661 4679 1768 4733 iste
1800 4680 1859 4733 in
1912 4681 2051 4734 divi-

356 4762 470 4829 tiis,
498 4762 594 4818 ille
627 4764 688 4816 in
736 4768 986 4834 egestate
1042 4771 1337 4836 nascatur;
1388 4768 1541 4821 hunc
1594 4768 1780 4822 valida
1828 4770 2050 4838 proceri

357 4850 612 4921 corporis
639 4852 1006 4921 pulchritudo
1038 4854 1330 4920 sublimet,
1366 4855 1527 4909 illum
1555 4856 1830 4910 debilium
1863 4873 2050 4911 mem-

357 4940 597 4994 brorum
631 4940 851 4994 exilitas
872 4946 1163 4996 contracta
1193 4942 1502 5011 deformet;
1539 4942 1645 4997 iste
1677 4959 1711 4995 a
1758 4942 2048 4997 catholicis

358 5030 545 5083 editus
575 5030 635 5083 in
664 5028 914 5083 veritatis
945 5032 1246 5085 cunabulis
1276 5032 1579 5096 nutriatur,
1606 5032 1701 5085 ille
1752 5031 2048 5086 haretico-

357 5134 486 5172 rum
517 5117 823 5189 progenies
848 5134 979 5172 cum
1022 5119 1147 5189 ipso
1203 5120 1345 5173 lacte
1375 5120 1573 5173 matris
1620 5120 1849 5174 hauriat
1896 5120 2049 5174 virus

359 5210 597 5276 erroris;
632 5210 678 5263 si
710 5209 956 5281 denique
990 5209 1146 5263 mille
1177 5211 1316 5264 alias
1364 5210 1714 5264 differentias
1744 5211 1803 5265 in
1849 5212 2045 5266 habitu

357 5309 684 5365 corporum,
717 5297 775 5351 in
814 5297 1187 5370 qualitatibus
1230 5297 1577 5365 animorum,
1616 5298 1672 5351 in
1721 5300 2047 5353 conditione

359 5386 706 5453 temporum,
750 5386 810 5439 in
859 5401 1018 5440 more
1064 5385 1363 5456 regionum
1401 5386 1714 5456 dijudicare
1771 5404 1885 5441 non
1924 5404 2049 5457 pos-

359 5485 506 5537 sum,
534 5470 662 5525 ideo
693 5475 848 5544 quod
880 5474 1142 5529 omnium
1193 5475 1400 5528 horum
1461 5476 1608 5529 Deus
1665 5475 1738 5529 sit
1787 5476 2048 5531 conditor

355 5562 526 5631 atque
565 5561 857 5617 ordinator
885 5563 1126 5633 ignoro;
1168 5563 1269 5634 qui
1305 5563 1507 5636 utique
1540 5564 1897 5637 singulorum
1953 5565 2049 5621 ho-

2169 527 2325 581 illam
2351 532 2678 582 secuturam
2699 543 2764 581 ex
2796 526 3253 596 uniuscujusque
3276 526 3464 580 studio
3488 526 3871 581 voluntariam

2169 615 2554 671 diversitatem
2603 616 2726 687 ipsa
2788 615 3142 670 conditionis
3205 614 3441 668 exordio
3485 614 3873 668 dissimillima

2168 705 2578 759 numerositate
2636 704 2901 759 variaret.
2965 704 3285 758 Turbarent
3314 709 3505 757 autem
3554 720 3656 756 nos
3711 708 3765 756 et
3806 703 3868 756 in

2166 795 2455 849 diversum
2487 794 2871 849 distraherent
2905 794 3099 848 multa
3131 794 3581 863 vaniloquorum
3635 792 3870 863 opinio-

2165 899 2288 952 nes,
2319 884 2417 953 qui
2440 884 2507 937 de
2533 882 3075 953 incognoscibilibus
3105 883 3347 936 definire
3394 880 3870 935 inconvenientia

2164 977 2675 1042 prasumpserunt,
2708 977 2764 1025 et
2802 972 2903 1025 has
2930 971 3237 1041 originales
3256 970 3678 1039 inaqualitates
3707 968 3865 1032 fatis,

2163 1077 2292 1130 qua
2322 1061 2481 1114 nulla
2530 1065 2681 1129 sunt,
2737 1065 2794 1114 et
2844 1059 3130 1113 sideribus
3184 1060 3553 1128 deputarunt,
3607 1056 3719 1110 nisi
3746 1071 3867 1110 cer-

2164 1150 2382 1203 tissima
2412 1150 2613 1203 notitia
2662 1155 2989 1203 teneremus
3044 1150 3224 1202 Deum
3278 1152 3596 1201 creatorem
3640 1146 3709 1199 de
3748 1145 3863 1199 cle-

2164 1238 2371 1292 mentis
2408 1238 2805 1308 originalibus,
2837 1242 3009 1308 prout
3057 1237 3193 1303 vult,
3249 1252 3344 1288 vas
3402 1234 3860 1304 unumquodque

2164 1328 2424 1391 formare,
2453 1332 2508 1380 et
2541 1342 2715 1380 unam
2740 1330 3003 1379 naturam
3026 1324 3372 1392 animarum,
3403 1339 3577 1377 unam
3599 1326 3860 1376 naturam

2163 1432 2464 1486 corporum
2524 1415 2747 1485 placitis
2805 1414 2911 1467 sibi
2972 1419 3292 1483 temperare
3362 1411 3663 1465 mensuris.
3721 1411 3859 1474 Qua

2166 1506 2361 1575 utique
2383 1520 2558 1576 opera
2583 1505 2681 1558 Dei
2710 1505 2977 1557 humana
3024 1502 3421 1572 intelligentia
3480 1517 3593 1554 non
3640 1500 3859 1553 subtra-

2161 1595 2458 1658 herentur,
2491 1594 2536 1645 si
2568 1594 2925 1646 innotescere
2965 1591 3314 1652 debuissent,
3357 1595 3411 1644 et
3461 1588 3857 1643 manifestare-

2162 1687 2256 1737 tur
2284 1699 2385 1736 cur
2416 1683 2494 1736 ita
2526 1683 2778 1753 quidque
2805 1682 2987 1747 fieret,
3024 1680 3135 1734 nisi
3182 1680 3335 1750 quod
3384 1680 3461 1732 ita
3509 1680 3673 1733 ﬁeret
3714 1677 3859 1732 scire

2163 1772 2469 1826 sufficeret.
2506 1771 2649 1824 Dicit
2682 1770 2957 1824 Dominus
3014 1769 3083 1823 ad
3130 1770 3357 1839 Moysen
3395 1785 3407 1822 :
3440 1788 3464 1819 ι
3504 1767 3638 1831 Quis
3699 1766 3857 1821 dedit

2160 1877 2220 1914 os
2252 1860 2496 1926 homini,
2532 1864 2587 1914 et
2617 1860 2743 1930 quis
2792 1858 2925 1912 fecit
2955 1863 3183 1912 mutum
3232 1864 3287 1912 et
3334 1874 3453 1911 non
3502 1856 3852 1920 audientem,

2163 1948 2453 2016 videntem
2501 1953 2555 2001 et
2613 1947 2875 2001 cacum‘?
2938 1948 3137 2001 Nonne
3206 1963 3311 2017 ego
3372 1945 3649 1999 Dominus
3714 1946 3860 1997 Deus

2163 2038 2361 2107 (Emod.
2397 2054 2472 2107 1v,
2504 2038 2607 2105 tt).
2651 2057 2677 2089 ››
2746 2038 2809 2091 Et
2857 2053 2961 2107 per
2999 2036 3201 2090 Isaiam
3234 2052 3246 2089 :
3283 2056 3311 2083 ‹‹
3354 2036 3551 2088 Nonne
3592 2049 3720 2087 ecce
3749 2049 3858 2103 ego

2162 2127 2460 2181 fecundam
2522 2132 2580 2180 et
2635 2126 2887 2179 sterilem
2940 2125 3086 2179 feci?
3128 2124 3271 2178 dixit
3325 2125 3474 2177 Deus
3527 2122 3657 2192 (Isa.
3712 2133 3855 2189 val,

2160 2216 2235 2285 9).
2277 2236 2298 2264 ι
2326 2216 2390 2268 In
2412 2215 2560 2269 libro
2595 2213 2979 2268 Ecclesiastico
3020 2214 3228 2283 legitur
3259 2229 3271 2265 :
3325 2232 3353 2263 ‹‹
3388 2214 3543 2267 Bona
3582 2218 3638 2265 et
3684 2211 3855 2275 mala,

2160 2304 2275 2356 vita
2330 2307 2387 2356 et
2441 2319 2613 2368 mors,
2660 2306 2967 2372 paupertas
3015 2308 3072 2355 et
3127 2301 3397 2377 honestas
3451 2318 3487 2353 a
3553 2301 3667 2353 Deo
3722 2302 3859 2352 sunt

2161 2393 2362 2457 (Eccli.
2402 2407 2476 2457 x1,
2524 2390 2627 2461 14).
2664 2412 2691 2439 ››
2729 2392 2791 2444 Et
2810 2390 2914 2443 Job
2947 2389 3087 2443 dicit
3118 2406 3130 2443 :
3167 2410 3195 2437 «
3229 2387 3536 2442 Abundant
3586 2387 3855 2441 taberna-

2160 2480 2284 2534 cula
2317 2480 2677 2550 pradonum,
2719 2484 2773 2532 et
2825 2477 3094 2531 audacter
3138 2482 3450 2548 provocant
3490 2478 3688 2541 Deum,
3722 2491 3856 2528 cum

2157 2569 2279 2638 ipse
2309 2568 2532 2622 dederit
2561 2567 2756 2620 omnia
2784 2566 2844 2619 in
2870 2566 3131 2620 manibus
3179 2582 3377 2619 eorum
3415 2564 3537 2635 (Job
3567 2580 3661 2630 xu,
3710 2563 3789 2631 6).
3820 2583 3849 2610 ››

2160 2659 2225 2711 Et
2278 2657 2425 2710 idem
2461 2657 2531 2710 de
2591 2655 2850 2708 omnium
2908 2670 3101 2729 rerum
3160 2654 3544 2708 humanarum
3595 2652 3851 2722 profectu

2160 2750 2216 2798 et
2246 2745 2465 2799 defectu
2518 2744 2834 2813 disputans,
2887 2759 3202 2813 omnesque
3241 2742 3585 2796 mutationes
3628 2741 3695 2794 ad
3752 2740 3855 2793 Dei

2153 2834 2370 2904 judicia
2408 2833 2659 2887 referens
2695 2848 2707 2885 :
2743 2850 2770 2882 ι(
2796 2832 2961 2901 Apud
2988 2831 3186 2901 ipsum
3230 2836 3331 2895 est,
3371 2853 3390 2879 »
3440 2830 3648 2901 inquit,
3693 2850 3713 2877 ι
3763 2845 3853 2881 sa-

2158 2921 2377 2991 pientia
2406 2926 2463 2975 et
2491 2920 2765 2975 fortitudo
2800 2936 2811 2975 :
2850 2921 2971 2990 ipse
3002 2919 3175 2973 habet
3198 2918 3501 2972 consilium
3534 2923 3591 2972 et
3639 2917 3854 2970 intelli-

2094 2996 2463 3081 Cgentiam:
2521 3009 2567 3061 si
2621 3008 2986 3074 destruxerit,
3036 3024 3208 3061 nemo
3264 3012 3349 3061 est
3403 3006 3519 3077 fqui
3577 3005 3853 3071 adificet;

2161 3099 2208 3151 si
2243 3098 2536 3151 incluserit
2592 3097 2910 3163 hominem,
2971 3098 3163 3150 nullus
3219 3101 3304 3149 est
3366 3095 3467 3166 qui
3524 3093 3771 3164 aperiat;
3808 3094 3857 3146 si

2160 3185 2509 3240 continuerit
2555 3201 2753 3255 aquas,
2806 3185 3001 3238 omnia
3077 3184 3479 3248 siccabuntur;
3536 3183 3583 3235 si
3648 3182 3857 3235 emise-

2162 3274 2237 3327 rit
2263 3290 2377 3341 eas,
2439 3273 2771 3327 subvertant
2821 3278 3052 3326 terram.
3104 3273 3272 3341 Apud
3316 3272 3504 3343 ipsum
3556 3275 3641 3324 est
3694 3270 3855 3323 forti-

2159 3362 2315 3426 tudo,
2344 3366 2401 3414 et
2433 3361 2714 3431 sapientia
2750 3376 2762 3413 :
2795 3360 2919 3430 ipse
2951 3362 3109 3413 novit
3137 3366 3195 3414 et
3225 3360 3602 3430 decipieutem
3635 3362 3690 3412 et
3718 3374 3856 3412 eum

2160 3449 2259 3519 qui
2292 3449 2619 3518 decipitur:
2684 3448 2915 3502 adducit
2972 3449 3325 3503 consiliarios
3382 3450 3443 3502 in
3495 3449 3733 3502 stultum
3790 3447 3857 3500 ti-

2161 3553 2289 3591 nem
2322 3537 2617 3607 etjudices
2650 3536 2709 3590 in
2742 3541 3057 3607 stuporem.
3097 3538 3350 3591 Balteum
3392 3551 3595 3605 regum
3648 3535 3854 3589 dissol—

2158 3626 2255 3692 vit,
2287 3630 2345 3679 et
2363 3625 2661 3696 pracingit
2693 3625 2829 3678 fune
2891 3641 3056 3678 renes
3107 3641 3306 3678 eorum
3352 3625 3523 3690 (Ibid.
3596 3626 3777 3679 13-18.
3824 3640 3851 3674 ι

2164 3736 2183 3763 α
2221 3714 2387 3768 Ducit
2416 3715 2736 3768 sacerdotes
2766 3713 3064 3783 inglorios,
3091 3718 3145 3767 et
3166 3714 3850 3784 optimatessupplantat:

2157 3806 2519 3858 commntans
2554 3802 2770 3856 labium
2824 3803 3135 3867 veracium,
3169 3809 3225 3855 et
3279 3802 3599 3856 doctrinam
3650 3816 3854 3854 senum

2156 3892 2449 3959 auferens;
2483 3891 2783 3945 effundens
2816 3891 3237 3960 despectionem
3268 3906 3441 3960 super
3463 3890 3768 3960 principes,
3800 3894 3856 3943 et

2159 3996 2254 4033 eos
2285 3982 2383 4050 qui
2422 3980 2683 4049 oppressi
2715 3979 2940 4033 fuerant
2996 3980 3252 4033 revelans
3288 3995 3302 4033 :
3353 3979 3451 4049 qui
3484 3979 3693 4032 revelat
3718 3993 3853 4047 pro-

2157 4068 2333 4122 funda
2363 4068 2431 4121 de
2489 4068 2741 4122 tenebris
2806 4074 2862 4121 et
2911 4068 3175 4138 producit
3233 4067 3290 4120 in
3348 4067 3535 4119 lucem
3590 4066 3855 4119 umbram

2158 4155 2394 4210 mortis:
2455 4156 2554 4226 qui
2606 4155 2951 4225 multiplicat
3001 4160 3220 4224 gentes,
3282 4160 3338 4207 et
3391 4153 3596 4223 perdet
3644 4168 3758 4217 eas,
3799 4155 3857 4203 et

2089 4275 2131 4328 ι)
2161 4245 2458 4299 subversas
2501 4245 2559 4298 in
2599 4244 2889 4316 integrum
2938 4244 3241 4298 restituet:
3305 4243 3405 4314 qui
3451 4243 3720 4296 immutat
3759 4256 3858 4294 cor

2163 4334 2487 4403 principum
2536 4337 2727 4399 terra,
2755 4339 2811 4386 et
2854 4333 3069 4403 decipit
3114 4348 3228 4399 eos,
3256 4337 3316 4385 ut
3346 4332 3555 4385 frustra
3587 4330 3859 4384 incedant

2158 4437 2263 4492 per
2293 4422 2510 4475 invium
2546 4438 2558 4475 :
2591 4422 2907 4492 palpabunt
2934 4421 3096 4491 quasi
3132 4420 3191 4473 in
3230 4420 3503 4486 tenebris,
3538 4424 3591 4471 et
3642 4434 3758 4471 non
3790 4418 3853 4471 in

2159 4512 2303 4573 luce,
2334 4514 2388 4562 et
2435 4526 2623 4563 errare
2676 4526 2773 4563 eos
2829 4509 2997 4563 faciet
3045 4508 3209 4580 quasi
3262 4508 3449 4562 ebrios
3508 4506 3697 4575 (Lbid.,
3753 4508 3855 4559 l9-

2159 4596 2268 4668 25).
2300 4619 2319 4645 ι
2354 4599 2417 4652 Et
2446 4598 2659 4651 iterum
2683 4598 2835 4651 idem
2867 4598 3060 4651 dicens
3089 4598 3441 4651 voluntatem
3488 4596 3589 4650 Dei
3630 4595 3854 4648 irritam

2160 4703 2280 4740 esse
2324 4702 2440 4740 non
2487 4703 2697 4757 posse:
2749 4708 2769 4735 ι
2819 4689 2939 4757 Ipse
2988 4687 3164 4753 enim,
3206 4686 3416 4756 inquit,
3477 4686 3632 4738 solus
3684 4689 3768 4737 est
3796 4688 3856 4736 et

2158 4792 2330 4829 nemo
2363 4780 2625 4829 avertere
2660 4781 2856 4844 potest
2899 4774 3307 4846 cogitationem
3334 4774 3509 4844 .ejus;
3553 4778 3609 4826 ct
3660 4772 3854 4825 anima

2159 4864 2281 4933 ejus
2312 4864 2695 4934 quodcunque
2730 4864 2992 4931 voluerit,
3023 4864 3128 4917 hoc
3160 4864 3276 4917 ﬁet.
3314 4862 3369 4935 ››]

2230 4953 2369 5005 Item
2391 4952 2686 5006 Salvianus
2718 4952 3017 5023 episcopus
3040 4953 3096 5006 in
3122 4953 3269 5005 libro
3300 4951 3469 5007 tertio
3517 4952 3654 5020 (sub.
3705 4950 3852 5018 init.)

2157 5041 2225 5094 de
2256 5040 2677 5095 Gubernatione
2708 5041 2809 5095 Dei
2841 5041 3037 5094 omnia
3068 5057 3197 5111 qua
3225 5041 3281 5094 in
3314 5042 3530 5094 mundo
3548 5044 3850 5111 geruntur,

2158 5142 2293 5180 cura
2323 5132 2378 5179 et
2406 5127 2796 5195 gubernaculo
2828 5132 2884 5181 et
2910 5128 3128 5197 judicio
3162 5129 3260 5183 Dei
3308 5129 3595 5183 moderari
3642 5126 3853 5181 talibus

2156 5213 2344 5269 verbis
2376 5220 2744 5283 protestatur.
2782 5215 3090 5287 [Quaritur
3117 5216 3308 5287 itaque
3334 5217 3379 5271 si
3400 5222 3581 5271 totum
3615 5216 3769 5286 quod
3792 5216 3850 5268 in

2157 5303 2265 5356 hoc
2289 5303 2502 5356 mundo
2531 5308 2632 5367 est,
2684 5320 2820 5357 cura
2863 5307 2919 5356 et
2953 5303 3339 5373 gubernaculo
3369 5305 3436 5359 'et
3484 5304 3702 5374 judicio
3754 5304 3852 5357 Dei

2156 5390 2366 5461 agitur,
2400 5406 2501 5444 cur
2530 5392 2736 5446 melior
2783 5392 2967 5446 multo
3026 5393 3099 5448 sit
3140 5393 3515 5448 barbarorum
3574 5391 3847 5455 conditio,

2156 5494 2329 5548 quam
2363 5480 2595 5534 nostra?
2629 5495 2729 5533 cur
2786 5480 2937 5535 inter
2977 5498 3074 5536 eos
3114 5498 3345 5554 quoque
3394 5482 3547 5552 ipsos
3596 5497 3715 5535 sors
3745 5481 3849 5534 bo-

2157 5582 2363 5622 norum
2398 5567 2597 5622 durior
2635 5585 2809 5640 quam
2855 5571 3173 5638 malorum;
3229 5586 3331 5626 cur
3387 5570 3553 5643 probi
3592 5570 3846 5642 jaceant,
