4138 6186
336 238 399 292 29
1407 243 1497 297 DE
1540 242 2209 300 PRIEDESTINATIONE
2254 244 2391 299 DEI.
2434 274 2498 284 -—-
2541 242 2669 299 LIB.
2712 246 2752 298 Ι.
3776 252 3841 304 30

333 370 582 441 improbi
624 372 1050 437 convalescant;
1100 386 1201 425 cur
1250 370 1464 443 iniquis
1517 374 1606 427 vel
1644 373 1892 428 maxime
1922 390 2022 445 po-
2063 377 2105 430 A
2139 375 2374 444 placuit,
2403 391 2533 445 quas
2568 375 2830 431 brevitati
2884 378 3172 433 sufﬁciant
3224 385 3280 435 et
3311 380 3562 435 divinam
3591 383 3834 453 gratiam

334 460 636 514 testatibus
677 460 945 513 universa
981 460 1399 514 succumbunt?
1431 462 1651 515 Possim
1683 462 1918 532 quidem
1948 480 2033 517 ra-

338 548 691 602 tionabiliter
730 552 785 601 et
832 548 967 601 satis
1017 552 1342 602 constanter
1389 549 1596 617 dicere,
1649 551 1849 604 Nescio
1887 567 1900 604 :
1938 567 2032 605 se-

338 642 554 690 cretum
615 637 771 690 enim
827 636 1129 690 consilium
1173 637 1493 691 Divinitatis
1532 639 1758 709 ignoro.
1813 640 2034 694 Sufﬁcit

339 727 477 780 mihi
510 726 583 779 ad
612 742 795 779 causa)
825 726 1000 796 hujus
1028 727 1434 797 probationem
1466 727 1598 781 dicti
1631 728 1874 782 cmlestis
1905 745 2031 782 ora-

338 814 549 869 culum.
586 814 733 867 Deus
759 830 793 867 a
839 830 921 881 se,
972 818 1035 867 ut
1073 814 1277 869 libellis
1310 815 1703 884 superioribus
1760 816 2032 887 probavi-

339 920 483 966 mus,
509 902 708 955 omnia
741 901 876 956 dicit
906 902 1099 972 aspici,
1151 904 1346 957 omnia
1396 904 1539 975 regi,
1573 904 1769 958 omnia
1808 904 2030 974 judica-

337 991 403 1045 ri.
446 991 507 1045 Si
558 991 701 1043 scire
759 990 839 1043 vis
894 991 1033 1061 quid
1088 992 1402 1045 tenendum
1458 992 1529 1045 sit
1579 992 1751 1046 habes
1812 994 2033 1046 litteras

337 1096 542 1133 sacras.
603 1078 855 1132 Perfecta
902 1079 1046 1133 ratio
1101 1084 1185 1132 est
1218 1080 1325 1133 hoc
1356 1085 1548 1134 tenere
1597 1081 1752 1151 quod
1805 1082 2029 1152 legeris.

338 1170 458 1232 Qua
486 1184 659 1221 causa
690 1173 882 1221 autem
916 1168 1061 1221 Deus
1100 1168 1221 1222 haec
1251 1170 1320 1222 de
1351 1168 1559 1239 quibus
1592 1168 1903 1241 loquimur,
1955 1171 2033 1224 ita

336 1257 519 1317 faciat,
556 1257 689 1309 nolo
738 1272 770 1308 a
815 1272 905 1310 me
938 1256 1199 1326 requiras
1234 1272 1246 1310 :
1300 1258 1473 1311 homo
1509 1273 1656 1325 sum,
1692 1274 1805 1311 non
1856 1258 2034 1313 intel-

336 1347 477 1415 ligo;
529 1349 747 1397 secreta
809 1345 907 1397 Dei
960 1343 1304 1415 investigare
1361 1362 1474 1398 non
1527 1347 1729 1410 audeo,
1785 1352 1843 1400 et
1900 1347 2027 1401 ideo

334 1435 507 1487 etiam
541 1436 818 1486 attentare
863 1433 1149 1487 formido:
1184 1435 1317 1504 quia
1350 1450 1415 1487 ex
1463 1435 1569 1487 hoc
1616 1436 1805 1503 ipsum
1851 1453 2033 1507 genus

335 1524 501 1595 quasi
532 1523 826 1593 sacrilegia
865 1522 1201 1577 temeritatis
1261 1530 1365 1589 est,
1401 1524 1447 1577 si
1478 1525 1607 1594 plus
1664 1525 1809 1578 scire
1838 1525 2035 1595 cupias

337 1626 512 1681 quam
543 1610 769 1664 sinaris.
796 1608 1051 1665 Sufﬁciat
1072 1609 1175 1663 tibi
1208 1610 1363 1680 quod
1399 1612 1542 1665 Deus
1568 1627 1600 1664 a
1631 1627 1690 1664 se
1715 1612 1808 1683 agi
1836 1628 1901 1666 ac
1926 1614 2032 1666 dis-

338 1698 573 1770 pensari
604 1704 808 1752 cuncta
854 1703 1113 1753 testatur.
1148 1698 1293 1763 Quid
1332 1715 1424 1754 me
1480 1700 1821 1771 interrogas,
1856 1716 2033 1771 quare

336 1789 484 1841 alter
509 1787 584 1840 sit
618 1788 816 1856 major,
850 1788 992 1840 alter
1038 1788 1254 1852 minor;
1288 1788 1431 1840 alter
1481 1787 1675 1853 miser,
1712 1790 1855 1843 alter
1907 1791 2036 1844 bea-

338 1881 462 1941 tus;
492 1876 636 1929 alter
676 1875 860 1939 fortis,
896 1876 1038 1929 alter
1066 1874 1367 1929 inﬁrmus?
1410 1876 1530 1940 Qua
1571 1892 1740 1931 causa
1802 1878 2035 1948 quidem

338 1965 459 2018 haec
492 1965 641 2017 Deus
662 1964 827 2017 faciat
858 1980 974 2017 non
1001 1964 1281 2035 intelligo,
1310 1964 1406 2018 sed
1430 1966 1500 2020 ad
1530 1966 1923 2035 plenissimam
1946 1983 2036 2021 ra-

337 2053 557 2107 tionem
588 2052 816 2105 abunde
863 2052 1075 2106 sufﬁcit
1102 2053 1249 2122 quod
1286 2070 1317 2106 a
1356 2055 1471 2107 Deo
1502 2055 1592 2125 agi
1641 2056 1749 2109 ista
1797 2057 2037 2109 demon-

338 2146 478 2195 stro.
512 2141 671 2194 Sicut
702 2140 856 2194 enim
895 2142 1025 2209 plus
1057 2147 1141 2193 est
1182 2142 1327 2195 Deus
1360 2160 1533 2214 quam
1568 2144 1757 2197 omnis
1786 2144 2040 2199 humana

338 2229 503 2293 ratio,
534 2227 615 2280 sic
646 2228 774 2297 plus
805 2228 947 2280 mihi
995 2227 1161 2282 debet
1183 2244 1304 2282 esse
1363 2246 1537 2299 quam
1591 2231 1756 2296 ratio,
1795 2232 1947 2302 quod
2005 2248 2038 2285 a

340 2318 456 2371 Deo
483 2316 580 2386 agi
610 2321 811 2369 cuncta
853 2332 1151 2386 cognosco.
1190 2317 1339 2370 Nihil
1371 2334 1506 2387 ergo
1560 2318 1617 2371 in
1651 2319 1756 2372 hac
1788 2336 1845 2373 re
1896 2336 2040 2391 Opus

339 2409 423 2459 est
455 2420 671 2458 novum
704 2404 922 2474 aliquid
956 2404 1175 2469 audire,
1209 2404 1343 2457 satis
1373 2405 1446 2459 sit
1476 2421 1581 2474 pro
1612 2406 1894 2460 universis
1949 2424 2038 2461 ra-

340 2492 601 2547 tionibus
630 2497 828 2546 auctor
856 2494 1023 2547 Deus.
1071 2494 1181 2547 Nec
1210 2493 1342 2547 licet
1364 2498 1427 2547 ut
1465 2495 1534 2548 de
1558 2495 1647 2548 his
1681 2512 1808 2565 qua:
1844 2496 2038 2549 divino

342 2586 599 2652 aguntur
623 2581 863 2634 arbitrio
895 2581 1051 2634 aliud
1083 2581 1236 2635 dicas
1260 2583 1501 2652 justum,
1532 2584 1685 2637 aliud
1730 2584 2036 2653 injustum;

343 2671 478 2741 quia
509 2669 797 2740 quidquid
828 2686 860 2722 a
902 2670 1016 2723 Deo
1047 2669 1139 2740 agi
1170 2669 1328 2723 vides
1350 2674 1519 2740 atque
1535 2661 2041 2739 convinceris,'-ne-

343 2773 502 2811 cesse
539 2758 772 2827 estplus
800 2773 971 2827 quam
994 2758 1215 2827 justum
1242 2774 1361 2811 esse
1391 2758 1636 2812 fatearis.
1673 2760 1784 2812 Nec
1806 2776 1942 2829 ergo
1973 2762 2042 2814 de

344 2846 736 2915 gubernaculo
768 2845 864 2899 Dei
888 2851 1057 2915 atque
1070 2846 1287 2916 judicio
1309 2846 1732 2916 expeditissime
1755 2864 1829 2901 ac
1849 2848 2041 2902 fortis-

2139 464 2564 530 commendent,
2590 468 2645 518 et
2677 465 3196 534 praedestinationis
3227 469 3535 525 consilium
3560 486 3676 524 non
3714 472 3834 524 abs-

2139 553 2405 607 condant.
2434 553 2597 617 Quod
2628 553 2767 607 ﬁdes
2797 555 3015 609 donum
3051 557 3147 609 Dei
3193 557 3285 623 sit,
3313 562 3367 611 et
3396 560 3587 613 nullus
3634 565 3833 629 pereat

2140 641 2699 709 praedestinatorum,
2735 643 2935 696 beatus
2965 647 3316 713 Augustinus
3376 647 3434 701 in
3483 649 3836 718 expositione

2142 730 2437 799 Evangelii
2465 732 2698 785 Joannis
2731 733 3116 800 (Tract.1.xxu)
3142 734 3215 787 ita
3245 736 3581 790 conﬁrmat:
3627 736 3648 809 [
3674 738 3840 791 «Cre-

2142 818 2319 885 denti,
2351 820 2556 890 inquit,
2593 820 2652 873 in
2684 836 2814 874 eum
2846 820 2945 891 qui
2977 821 3253 892 justiﬁcat
3283 822 3547 894 impium,
3586 825 3829 894 deputa-

2141 912 2235 960 tur
2265 908 2403 961 ﬁdes
2440 908 2563 977 ejus
2603 909 2672 961 ad
2708 908 2995 978 justitiam
3047 910 3229 979 (Rom.
3290 927 3363 977 ιν,
3412 912 3483 981 5).
3520 933 3539 959 ι
3617 914 3677 966 lu
3728 914 3836 967 hoc

2141 1010 2310 1064 opere
2332 994 2605 1048 faciamus
2638 1011 2811 1065 opera
2850 996 3076 1063 Christi,
3113 997 3247 1067 quia
3281 1004 3337 1051 et
3390 998 3577 1067 ipsum
3608 1001 3835 1054 credere

2139 1082 2201 1137 in
2229 1084 2469 1148 Christo,
2502 1100 2646 1154 opus
2677 1091 2761 1137 est
2813 1086 3044 1139 Christi.
3100 1087 3216 1139 Hoc
3256 1092 3526 1156 operatur
3583 1087 3639 1140 in
3676 1089 3838 1141 nobis

2140 1188 2257 1225 non
2293 1173 2489 1243 utique
2520 1173 2641 1226 sine
2680 1172 2861 1227 nobis.
2891 1174 3034 1228 Audi
3084 1190 3219 1244 ergo
3269 1176 3391 1244 jam
3429 1180 3485 1229 et
3530 1176 3786 1246 intellige
3820 1193 3832 1231 :

2143 1280 2171 1311 α
2196 1260 2300 1324 Qui
2332 1262 2510 1315 credit
2536 1262 2595 1314 in
2621 1277 2729 1327 me,
2782 1278 2955 1332 opera
2986 1279 3115 1333 qum
3146 1279 3252 1333 ego
3310 1264 3450 1317 facio
3485 1270 3541 1317 et
3590 1265 3708 1335 ipse
3748 1266 3837 1318 fa-

2141 1349 2251 1403 ciet
2279 1350 2462 1421 (Joan.
2497 1366 2609 1415 xw,
2668 1349 2790 1420 12)?
2822 1371 2848 1398 ››
2886 1352 3047 1405 Prius
3092 1368 3199 1422 ego
3258 1352 3425 1420 facio,
3456 1352 3662 1406 deinde
3716 1352 3839 1421 ipse

2142 1438 2338 1506 faciet;
2372 1438 2505 1508 quia
2536 1438 2678 1492 facio
2712 1444 2773 1492 ut
2832 1440 3018 1492 faciat.
3066 1439 3200 1503 Qum
3257 1456 3453 1509 opera,
3489 1440 3597 1493 nisi
3641 1445 3704 1493 ut
3772 1455 3836 1493 ex

2143 1526 2527 1596 impiojustus
2568 1526 2702 1579 ﬁat?
2738 1530 2804 1581 Et
2836 1528 3049 1596 majora
3099 1529 3288 1581 horum
3316 1530 3501 1593 faciet.
3559 1528 3835 1593 Quorum,

2142 1613 2418 1667 obsecro?
2444 1614 2849 1684 Nunquidnam
2882 1615 3141 1667 omnium
3174 1630 3414 1683 operum
3455 1614 3657 1668 Christi
3718 1630 3837 1667 ma-

2140 1704 2267 1772 jora
2298 1702 2482 1767 faciet,
2517 1702 2615 1772 qui
2648 1718 2774 1754 cum
2811 1702 3015 1756 timore
3047 1707 3102 1755 et
3142 1707 3391 1755 tremore
3443 1719 3601 1755 suam
3662 1703 3839 1772 ipsius

2146 1791 2385 1843 salutem
2417 1794 2716 1860 operatur;
2750 1791 2898 1859 quod
2940 1789 3142 1859 utique
3170 1791 3226 1841 in
3252 1790 3370 1857 illo,
3426 1790 3521 1843 sed
3555 1806 3669 1843 non
3718 1790 3838 1842 sine

2146 1879 2247 1933 illo
2282 1878 2535 1933 Christus
2562 1878 2865 1948 operatur?
2897 1879 3119 1947 (Philip.
3154 1894 3213 1943 n,
3253 1878 3361 1948 l2.)
3388 1880 3624 1932 Prorsus
3655 1879 3839 1949 majus

2145 1969 2252 2022 hoc
2273 1984 2393 2021 esse
2426 1966 2683 2032 dixerim,
2722 1982 2895 2036 quam
2927 1971 3011 2018 est
3051 1967 3255 2020 coelum
3286 1971 3342 2020 et
3371 1971 3542 2033 terra,
3593 1970 3647 2018 et
3688 1982 3840 2036 quae-

2146 2071 2373 2127 cunque
2414 2059 2726 2109 cernuntur
2758 2055 2816 2108 in
2846 2054 2987 2108 coelo
3036 2060 3093 2108 et
3121 2054 3180 2107 in
3222 2060 3389 2108 terra.
3438 2055 3651 2108 Caelum
3685 2054 3837 2108 enim

2148 2150 2205 2199 et
2245 2151 2395 2199 terra
2433 2144 2791 2199 transibunt:
2836 2142 3375 2212 praedestinatorum
3401 2146 3614 2204 autem,
3658 2141 3717 2195 id
3757 2147 3844 2196 est

2149 2250 2346 2289 eorum
2380 2249 2524 2305 quos
2555 2232 2800 2304 praescit,
2862 2232 3012 2285 salus
3069 2236 3123 2284 et
3163 2230 3498 2300 justiﬁcatio
3534 2245 3839 2299 permane-

2148 2324 2312 2377 bunt.
2341 2325 2403 2375 In
2460 2322 2572 2375 illis
2617 2324 2840 2375 tantum
2872 2336 3047 2391 opera
3104 2320 3221 2386 Dei,
3256 2320 3315 2373 in
3364 2319 3452 2372 his
3518 2322 3711 2372 autem
3758 2322 3845 2371 est

2148 2413 2321 2466 etiam
2342 2411 2531 2481 imago
2563 2408 2868 2481 Dei.]Item
2888 2408 3042 2479 quod
3074 2424 3245 2478 opera
3277 2413 3602 2461 sanctorum
3628 2407 3842 2460 donum

2152 2501 2252 2554 Dei
2282 2500 2375 2565 sit,
2407 2499 2485 2553 sic
2523 2498 2677 2552 idem
2699 2498 2899 2551 doctor
2928 2497 2989 2550 in
3011 2497 3212 2550 eodem
3244 2497 3390 2549 libro
3424 2499 3625 2560 (Tract.
3662 2497 3842 2559 LXXXI)

2151 2588 2469 2642 eonﬁrmat-
2493 2604 2574 2640 :«e
2596 2586 2753 2641 Sicut
2776 2587 2996 2653 palmes
3028 2601 3143 2638 non
3174 2590 3363 2655 potest
3413 2586 3562 2639 ferre
3593 2585 3844 2638 fructum

2151 2673 2701 2746 5’séme‘tip‘sb‘,‘nisi-
2722 2673 2997 2727 manserit
3039 2672 3096 2725 in
3132 2672 3243 2725 vite
3270 2689 3284 2726 :
3314 2672 3392 2726 sic
3422 2689 3526 2725 nec
3563 2689 3683 2741 vos,
3732 2671 3846 2725 nisi

2152 2765 2213 2818 in
2268 2780 2360 2818 me
2418 2746 2742 2817 manseritis
2791 2763 2980 2828 (Joan.
3026 2777 3114 2826 xv,
3174 2761 3254 2831 4).
3298 2783 3324 2811 ››
3387 2762 3586 2831 Magna
3646 2762 3844 2832 gratiae

2153 2849 2594 2931 commendatio,
2619 2848 2820 2902 fratres
2860 2847 2970 2902 mei
3005 2862 3017 2901 :
3048 2848 3219 2901 corda
3256 2849 3485 2903 instruit
3515 2850 3845 2915 humilium,

342 2935 487 2987 sime
520 2934 635 2988 dici
673 2938 916 3003 possunt
942 2950 955 2987 :
984 2949 1169 3004 neque
1204 2934 1357 2987 enim
1396 2937 1643 2988 necesse."
1660 2938 1835 2990 estin:
1862 2938 2047 3007 argui:-
2082 2942 2123 2997 C
2152 2926 2259 2992 ora“
2280 2926 2539 2991 obstruit
2556 2938 2955 3007 superborum.
2985 2936 3124 2990 Ecce
3154 2937 3244 2991 cui
3269 2938 3313 2990 si
3344 2938 3558 2992 audent
3609 2954 3846 3008 respon-

346 3022 554 3077 mentis
569 3040 603 3075 a
625 3023 1007 3092 meprobetur
1027 3023 1181 3092 quod
1205 3024 1311 3077 hoc
1329 3023 1452 3092 ipso
1471 3023 1604 3094 quia
1627 3040 1660 3077 a
1683 3025 1797 3078 Deo
1812 3025 2040 3091 dicitur,

343 3110 771 3181 comprobatur.
834 3112 1031 3181 Itaque
1085 3127 1213 3164 cum
1274 3111 1517 3181 legimus
1571 3112 1787 3166 dictum
1847 3132 1879 3167 a
1932 3115 2044 3167 Deo

342 3200 478 3269 quia
508 3200 750 3269 aspiciat
783 3200 1002 3269 jugiter
1031 3216 1261 3254 omnem
1303 3205 1538 3265 terram,
1588 3202 1696 3255 hoc
1725 3201 1850 3272 ipso
1909 3218 2042 3273 pro-

342 3289 548 3342 bamus
609 3289 761 3357 quod
823 3288 1041 3357 aspicit,
1090 3288 1223 3358 quia
1281 3289 1533 3358 aspicere
1583 3306 1642 3343 se
1686 3290 1841 3345 dicit.
1903 3292 2044 3345 Cum

340 3377 593 3447 legimus
637 3376 793 3447 quod
833 3381 996 3445 regat
1032 3381 1233 3430 cuncta
1264 3393 1393 3447 qua:
1435 3377 1585 3443 fecit,
1642 3379 1749 3432 hoc
1777 3379 1901 3449 ipso
1940 3396 2047 3449 ap-

341 3466 664 3535 probemus
696 3465 844 3534 quod
874 3466 1042 3535 regit,
1099 3465 1235 3535 quia
1265 3482 1322 3519 se
1354 3482 1553 3537 regere
1610 3471 1869 3521 testatur.
1903 3469 2046 3523 Cum

344 3554 594 3624 legimus
635 3554 787 3624 quod
838 3554 1105 3624 praesenti
1157 3554 1370 3624 judicio
1410 3554 1674 3609 universa
1735 3556 2042 3626 dispenset,

342 3642 449 3696 hoc
485 3642 614 3711 ipso
648 3641 879 3695 evidens
918 3646 1002 3695 est
1048 3642 1199 3711 quod
1245 3642 1482 3712 judicat,
1517 3643 1653 3713 quia
1686 3659 1744 3697 se
1786 3644 2045 3714 judicare

342 3730 671 3785 conﬁrmat.
723 3730 847 3783 Alia
902 3730 1055 3784 enim
1089 3730 1301 3797 omnia,
1359 3730 1416 3785 id
1448 3736 1533 3785 est
1564 3731 1819 3786 humana
1873 3733 2043 3800 dicta,

343 3817 710 3889 argumentis
739 3834 802 3871 ac
828 3818 1065 3872 testibus
1096 3822 1293 3888 egent;
1333 3819 1429 3872 Dei
1459 3824 1653 3873 autem
1699 3836 1886 3875 sermo
1924 3821 2047 3892 ipse

345 3907 452 3960 sibi
478 3906 645 3959 testis
665 3911 750 3960 est
775 3923 787 3960 :
812 3906 947 3977 quia
963 3921 1193 3961 necesse
1207 3912 1293 3960 est
1314 3908 1594 3978 quidquid
1609 3908 1940 3979 incorrupta
1950 3926 2048 3963 ve-

347 3998 486 4048 ritas
513 3995 793 4064 loquitur,
813 3995 1212 4065 incorruptum
1235 3996 1307 4050 sit
1325 3997 1719 4051 testimonium
1743 3997 2045 4069 veritatis.]

414 4083 609 4137 Multis
665 4083 843 4152 igitur
899 4083 1313 4139 catholicorum
1384 4086 1681 4140 doctorum
1750 4086 2049 4141 sententiis

350 4171 646 4225 credimus
696 4173 1078 4242 approbatum
1122 4174 1424 4240 mundum,
1481 4179 1539 4228 et
1596 4174 1862 4229 universa
1918 4192 2048 4247 qua:

352 4264 610 4328 aguntur
663 4259 724 4313 in
780 4261 1017 4326 mundo,
1076 4261 1270 4315 divina
1318 4262 1741 4332 dispensatione
1797 4263 1943 4333 regi,
1995 4268 2051 4317 et

345 4347 705 4414 judiciorum
757 4349 878 4418 ejus
938 4354 1150 4403 statera
1227 4350 1500 4419 appendi,
1558 4351 1871 4405 secundum
1951 4368 2051 4405 vo-

350 4437 592 4490 luntatis
634 4437 757 4506 ejus
796 4437 1097 4491 consilium
1147 4438 1446 4492 moderari.
1491 4439 1649 4502 Quod
1708 4439 1756 4493 si
1798 4439 1878 4494 ita
1944 4447 2047 4509 est,

349 4523 467 4577 imo
499 4524 641 4594 quia
670 4524 751 4577 ita
783 4530 886 4583 est,
928 4526 1056 4595 quis
1083 4542 1296 4597 negare
1336 4532 1524 4597 potest
1550 4532 1606 4581 et
1634 4527 1949 4583 electorum
1996 4532 2052 4583 et

350 4613 735 4681 reproborum
768 4614 942 4668 ﬁnem
972 4631 1006 4667 a
1046 4616 1159 4668 Deo
1193 4616 1369 4678 nosci,
1410 4620 1467 4669 et
1498 4616 1651 4686 quod
1701 4617 1768 4671 de
1810 4618 2051 4688 singulis

352 4718 551 4755 eorum
583 4702 875 4771 agendum
918 4703 1005 4767 sit,
1043 4703 1230 4757 divino
1256 4704 1377 4773 jam
1410 4705 1669 4758 examine
1698 4705 2050 4759 determina-

351 4796 470 4843 tum
508 4790 748 4843 haberi?
772 4791 923 4845 Sicut
950 4791 1105 4844 enim
1136 4792 1293 4845 novit
1322 4808 1497 4861 opera
1547 4793 1928 4862 singulorum,
1994 4793 2051 4847 id

351 4885 435 4931 est
461 4879 781 4931 electorum
803 4883 860 4932 et
897 4878 1298 4949 reproborum,
1336 4878 1413 4932 sic
1444 4895 1673 4949 quoque
1708 4896 1812 4933 nec
1848 4896 2047 4934 nume-

350 4983 480 5020 rum
514 4982 720 5021 eorum
762 4968 1008 5037 ignorat.
1044 4967 1406 5037 Quapropter
1457 4967 1507 5020 is
1545 4967 1645 5039 qui
1691 4968 2050 5039 singulorum

352 5062 513 5111 actus
592 5056 867 5123 intuetur,
943 5056 1043 5126 qui
1112 5055 1289 5109 ﬁnem
1346 5055 1547 5125 aspicit
1628 5056 2047 5123 universorum,

352 5146 453 5215 qui
505 5145 672 5199 novit
727 5144 867 5215 quid
918 5145 1159 5215 singulis
1219 5144 1517 5213 retribuat,
1570 5146 1688 5215 jam
1766 5145 1916 5215 apud
1991 5160 2051 5199 se

350 5233 832 5304 praedestinatum
877 5234 1051 5287 habet
1115 5233 1255 5304 quid
1306 5249 1373 5287 ex
1436 5234 1517 5288 eis
1582 5234 1656 5287 sit
1714 5238 1942 5287 acturus
1997 5237 2054 5288 et

353 5323 452 5393 qui
483 5323 546 5375 in
592 5322 707 5375 ﬁne
748 5322 934 5391 gloria
966 5322 1131 5391 regni
1161 5323 1471 5391 donentur,
1501 5323 1585 5376 vel
1616 5322 1715 5394 qui
1748 5339 2051 5393 poenarum

353 5411 637 5483 supplicio
669 5410 969 5466 ferientur.
1008 5411 1078 5465 Ut
1099 5414 1292 5465 autem
1307 5411 1428 5465 hinc
1458 5411 1853 5466 manifestiora
1886 5412 2047 5480 ﬁant,

353 5500 433 5554 de.
473 5499 987 5570 prasdestinatione
1040 5503 1366 5554 sanctorum
1437 5500 1701 5571 quedam
1770 5500 2052 5572 subjicere

2155 3027 2343 3091 deant,
2376 3025 2477 3096 qui
2504 3043 2531 3074 (ι
2566 3018 2897 3094 ignorantes
2953 3026 3052 3079 Dei
3090 3024 3395 3094 justitiam,
3444 3031 3501 3079 et
3539 3042 3698 3078 suam
3743 3042 3847 3079 vo—

2154 3115 2334 3168 lentes
2378 3112 2746 3176 constituere,
2798 3106 3196 3180 justitiae'Dei
3251 3128 3369 3165 non
3421 3117 3551 3165 sunt
3605 3113 3848 3181 subjecti

2156 3202 2326 3273 (Rom.
2352 3217 2407 3268 x,
2432 3200 2505 3271 3).
2538 3221 2565 3249 »
2601 3202 2737 3253 Ecce
2769 3200 2861 3253 cui
2893 3199 3274 3269 respondeant
3319 3198 3426 3251 sibi
3456 3200 3765 3268 placentes,
3794 3204 3850 3251 et

2155 3294 2225 3347 ad
2246 3291 2398 3345 bona
2436 3304 2610 3359 opera
2646 3288 2909 3342 facienda
2944 3289 3122 3341 Deum
3163 3286 3269 3341 sibi
3302 3287 3684 3340 necessarium
3736 3303 3847 3340 non

2155 3384 2443 3451 putantes.
2500 3378 2700 3431 Nonne
2765 3376 2899 3430 huic
2955 3377 3228 3430 resistunt
3291 3375 3515 3430 veritati
3585 3376 3849 3430 homines

2157 3472 2346 3523 mente
2377 3465 2654 3535 corrupti,
2697 3468 2753 3519 et
2804 3465 3032 3535 reprobi
3062 3464 3208 3518 circa
3240 3464 3432 3531 ﬁdem,
3466 3464 3565 3536 qui
3612 3481 3851 3534 respon-

2157 3556 2312 3622 dent,
2343 3559 2399 3608 et
2432 3555 2747 3624 loquuntur
2771 3553 3161 3624 iniquitatem,
3199 3553 3452 3607 dicentes
3480 3569 3491 3606 :
3526 3556 3571 3607 Α
3605 3554 3716 3606 Deo
3745 3553 3850 3607 ha-

2155 3643 2376 3712 bemus,
2411 3642 2567 3713 quod
2624 3641 2886 3695 homines
2935 3659 3150 3708 sumus,
3185 3658 3218 3694 a
3265 3642 3427 3695 nobis
3475 3641 3612 3711 ipsis
3661 3646 3848 3695 autem

2162 3732 2316 3802 quod
2346 3730 2491 3800 justi
2523 3746 2739 3785 sumus.
2784 3730 2927 3794 Quid
2959 3730 3185 3784 dicitis?
3215 3730 3353 3799 quid
3384 3746 3483 3783 vos
3514 3730 3665 3800 ipsos
3693 3730 3849 3783 deci-

2156 3819 2325 3891 pitis?
2356 3835 2469 3872 non
2503 3823 2807 3871 assertores
2837 3818 2936 3871 sed
2984 3817 3432 3888 praecipitatores
3464 3817 3627 3871 liberi
3694 3818 3851 3871 arbi-

2156 3908 2271 3972 trii,
2308 3924 2375 3960 ex
2406 3907 2519 3961 alto
2555 3905 2839 3971 elationis,
2897 3921 3000 3976 per
3055 3904 3247 3957 inania
3276 3905 3743 3973 praesumptionis
3792 3905 3851 3957 in

2156 3996 2441 4068 profunda
2470 3993 2899 4048 submersionis.
2932 3994 3147 4062 Nempe
3189 4008 3296 4045 vox
3329 3996 3513 4045 vestra
3560 3993 3849 4062 est,vquod

2158 4086 2332 4140 homo
2365 4100 2429 4138 ex
2471 4083 2777 4151 semetipso
2829 4082 2963 4137 facit
2998 4080 3277 4151 justitiam
3312 4098 3328 4135 :
3373 4080 3481 4134 hoc
3532 4085 3618 4134 est
3673 4081 3848 4134 altum

2161 4173 2426 4228 elationis
2478 4175 2706 4237 vestrm;
2757 4171 2855 4224 sed
2911 4171 3118 4224 veritas
3148 4169 3527 4224 contradicit:
3566 4191 3593 4218 «
3631 4170 3850 4223 Palmes

2164 4278 2281 4315 non
2306 4264 2494 4331 potest
2530 4261 2679 4314 ferre
2718 4260 2963 4313 fructum
3000 4275 3031 4312 a
3060 4259 3389 4329 semetipso,
3422 4258 3530 4311 nisi
3580 4259 3855 4312 manserit

2160 4350 2221 4404 in
2253 4352 2362 4403 vite
2395 4349 2571 4417 (Joan.
2607 4364 2692 4413 xv,
2747 4347 2819 4417 4).
2857 4366 2883 4397 ››
2920 4348 2998 4400 lte
3038 4362 3190 4400 nunc
3219 4363 3321 4417 per
3351 4347 3611 4416 abrupta,
3649 4352 3707 4401 et
3737 4363 3851 4400 non

2158 4439 2432 4493 habentes
2465 4438 2560 4491 ubi
2581 4435 2863 4507 ﬁgamini,
2900 4440 3137 4489 ventosa
3164 4436 3508 4505 loquacitate
3529 4436 3847 4505 jactamini.

2163 4529 2289 4581 H830
2315 4532 2448 4579 sunt
2478 4526 2672 4578 inania
2700 4523 3169 4595 praesumptionis
3202 4528 3422 4591 vestrae,
3456 4524 3553 4577 sed
3586 4524 3723 4595 quid
3756 4542 3852 4579 vos

2160 4618 2433 4685 sequatur
2466 4613 2672 4680 videte,
2704 4617 2760 4666 et
2789 4613 2837 4666 si
2873 4616 2957 4666 est
2986 4612 3044 4665 in
3075 4611 3235 4665 vobis
3268 4612 3418 4665 ullus
3449 4628 3667 4681 sensus,
3718 4614 3851 4667 hor-

2160 4708 2296 4757 rete.
2357 4701 2467 4767 Qui
2513 4701 2668 4755 enim
2729 4717 2760 4753 a
2812 4699 3119 4770 semetipso
3161 4716 3219 4753 se
3272 4700 3522 4753 fructum
3564 4701 3854 4755 existimat

2158 4792 2326 4858 ferre,
2356 4790 2417 4843 in
2447 4789 2561 4843 vite
2602 4804 2717 4841 non
2748 4792 2859 4853 est;
2893 4787 2993 4858 qui
3022 4787 3079 4841 in
3101 4787 3213 4841 vite
3251 4804 3362 4841 non
3403 4792 3505 4855 est,
3529 4787 3589 4841 in
3630 4788 3851 4842 Christo

2160 4895 2277 4935 non
2307 4884 2417 4945 est;
2449 4877 2633 4947 quiin
2666 4876 2886 4931 Christo
2916 4890 3034 4929 non
3064 4881 3169 4940 est,
3198 4875 3553 4930 Christianus
3582 4892 3695 4928 non
3747 4878 3845 4926 est.

2161 4971 2289 5024 Haec
2306 4972 2439 5022 sunt
2470 4966 2754 5038 profunda
2783 4964 3191 5019 submersionis
3214 4971 3433 5019 vestrae.
3459 4964 3641 5017 Etiam
3680 4966 3850 5032 atque

2160 5058 2333 5111 etiam
2366 5055 2723 5109 considerate
2756 5053 2896 5124 quid
2951 5053 3136 5107 adhuc
3170 5051 3386 5107 Veritas
3442 5051 3733 5119 adjungat,
3797 5054 3852 5103 et

2162 5146 2341 5200 dicat:
2380 5166 2407 5195 ‹‹
2443 5147 2557 5215 Ego
2597 5159 2745 5207 sum,
2797 5142 3004 5213 inquit,
3063 5142 3209 5207 vitis,
3265 5158 3361 5193 vos
3411 5136 3707 5207 palmites;
3749 5138 3850 5210 qui

2159 5238 2356 5289 manet
2382 5233 2444 5287 in
2473 5249 2583 5300 me,
2613 5237 2670 5286 et
2687 5248 2792 5300 ego
2821 5231 2881 5285 in
2932 5247 3019 5297 eo,
3045 5231 3136 5285 hic
3160 5230 3266 5282 fert
3289 5228 3535 5280 fructum
3560 5227 3843 5283 multum:

2161 5323 2297 5394 quia
2334 5322 2455 5375 sine
2502 5336 2593 5375 me
2634 5319 2780 5374 nihil
2830 5317 3068 5388 potestis
3096 5316 3281 5369 facere
3321 5312 3505 5382 (lbid.,
3558 5313 3632 5384 5).
3686 5338 3713 5365 »
3773 5318 3853 5371 Ne

2160 5410 2464 5482 quisquam
2487 5412 2734 5480 putaret,
2769 5408 2974 5462 saltem
3012 5416 3250 5474 parvum
3292 5400 3543 5473 aliquem
3602 5404 3849 5461 fructum

2160 5516 2327 5572 posse
2376 5516 2409 5553 a
2456 5498 2762 5568 semetipso
2817 5493 3112 5565 palmitem
3161 5489 3331 5559 ferre,
3374 5506 3505 5547 cum
3567 5493 3849 5554 dixisset:
