4138 6186
256 228 312 280 31
1397 216 1759 273 RATRAMNI
1783 216 2249 274 CORBEIENSIS
2282 215 2594 273 MONACHI
3682 224 3755 277 32

259 379 285 407 ιι
313 356 413 413 Hic
444 357 555 411 fert
599 356 845 409 fructum
898 351 1169 417 multum,
1212 366 1327 405 non
1366 350 1466 416 ait,
1506 350 1642 420 quia
1689 349 1810 404 sine
1855 364 1946 403 me
1984 351 2028 404 Α
2057 354 2115 404 et
2162 349 2375 420 posuit,
2410 353 2475 404 ut
2522 363 2721 403 eamus
2765 352 2823 403 et
2872 349 3121 404 fructum
3166 350 3491 404 efferamus.
3523 351 3758 404 Nullum

254 462 460 518 parum
481 443 712 516 potestis
731 443 934 503 facere,
970 442 1066 496 sed
1090 440 1232 495 nihil
1263 439 1496 509 potestis
1528 440 1729 493 facere.
1771 460 1791 485 ι
1819 438 1945 493 Sive

253 551 390 605 ergo
403 549 627 604 parum,
646 533 757 585 sive
783 530 1052 596 multum,
1069 530 1189 583 sine
1204 529 1300 582 illo
1313 528 1565 582 ﬁerinon
1589 532 1797 597 potest,
1820 528 1943 581 sine

256 639 370 693 quo
391 621 533 675 nihil
552 619 675 674 ﬁeri
703 623 906 689 potest.
927 618 982 672 Si
997 633 1133 687 ergo
1148 616 1290 670 nihil
1306 616 1432 670 ﬁeri
1453 620 1642 686 potest
1663 617 1795 670 boni
1822 615 1945 669 sine

259 709 441 780 gratia
485 708 601 774 Dei,
636 723 805 761 omne
828 722 969 776 opus
991 706 1210 759 bonum
1228 703 1591 758 referendum
1620 708 1704 757 est
1734 703 1802 757 ad
1826 719 1948 773 gra-

255 798 389 850 tiam
420 796 539 850 Dei.
568 797 709 849 Item
746 794 901 864 quod
928 809 1030 847 nos
1057 808 1174 847 non
1204 791 1483 862 elegimus
1514 792 1824 855 Christum,
1848 791 1945 845 sed

256 884 507 939 Christus
533 901 638 937 nos
660 883 881 952 primus
915 881 1107 952 elegit,
1135 886 1190 935 et
1227 896 1358 934 cum
1408 896 1661 934 essemus
1693 880 1829 934 mali
1877 879 1946 934 de

255 974 420 1027 malis
451 972 641 1025 eﬁecit
669 971 870 1037 bonos,
891 970 950 1023 in
968 970 1169 1023 eodem
1202 968 1346 1022 libro
1369 968 1577 1037 (Tract.
1606 972 1821 1034 LXXXVI)
1844 968 1945 1022 do-

254 1066 373 1115 ctor
402 1060 671 1129 praefatus
694 1076 796 1112 nos
817 1057 1048 1111 instruit
1080 1074 1092 1111 :
1123 1079 1150 1106 «
1185 1058 1308 1110 Non
1331 1073 1424 1110 vos
1457 1073 1546 1111 me
1575 1057 1843 1127 elegistis,
1866 1056 1949 1110 in-

255 1150 399 1219 quit,
435 1148 531 1201 svd
565 1164 670 1217 ego
699 1146 847 1217 elegi
880 1163 975 1199 vos
1008 1149 1190 1214 (Joan.
1226 1161 1315 1211 xv,
1354 1146 1450 1214 16).
1489 1164 1515 1195 »
1554 1143 1708 1215 [Haec
1730 1149 1815 1198 est
1852 1145 1948 1197 illa

255 1236 564 1290 ineﬁabilis
594 1236 795 1306 gratia.
846 1235 993 1299 Quid
1037 1234 1190 1288 enim
1232 1249 1459 1287 eramus
1516 1233 1745 1303 quando
1785 1233 1944 1287 Chri-

256 1330 406 1378 stum
441 1326 700 1379 nondum
732 1326 1110 1394 elegeramus,
1142 1328 1198 1376 et
1226 1321 1355 1375 ideo
1387 1338 1500 1375 non
1527 1321 1947 1391 diligebamus?

258 1415 396 1467 Nam
428 1414 527 1483 qui
560 1429 691 1466 eum
720 1426 836 1466 non
870 1413 1064 1482 elegit,
1106 1413 1394 1482 quomodo
1424 1410 1647 1479 diligit?
1678 1410 1948 1481 Nunquid

251 1502 373 1572 jam
410 1501 471 1554 iu
501 1501 664 1555 nobis
695 1507 834 1567 erat,
879 1501 1033 1570 quod
1072 1500 1130 1553 in
1181 1501 1401 1569 psalmo
1432 1498 1656 1551 canitur
1690 1514 1703 1551 :
1742 1520 1761 1543 ι
1792 1499 1949 1570 Elegi

257 1589 508 1657 abjectus
539 1604 659 1642 esse
690 1588 749 1642 in
767 1588 939 1642 domo
971 1588 1194 1641 Domini
1213 1587 1328 1641 mei
1358 1587 1560 1656 magis,
1587 1602 1760 1657 quam
1780 1587 1944 1641 habi-

256 1682 378 1731 tare
418 1677 476 1730 in
532 1676 911 1730 tabernaculis
968 1674 1366 1745 peccatorum?
1397 1696 1422 1723 υ
1465 1675 1645 1744 (Psal.
1706 1689 1941 1741 LXXXIII,

262 1766 366 1835 ll.)
424 1767 548 1819 Non
604 1765 823 1835 utique.
880 1764 1023 1827 Quid
1083 1780 1220 1834 ergo
1278 1780 1527 1829 eramus,
1594 1762 1705 1816 nisi
1757 1762 1946 1833 iniqui

256 1859 312 1908 et
340 1854 587 1924 perditi?
615 1854 808 1924 Neque
838 1853 991 1906 enim
1016 1853 1139 1922 jam
1192 1852 1616 1906 credideramus
1664 1851 1725 1904 in
1786 1867 1942 1918 eum,

257 1946 318 1995 ut
363 1942 599 2011 eligeret
656 1958 781 1995 nos.
860 1944 999 1995 Nam
1059 1942 1106 1995 si
1176 1941 1295 2010 jam
1374 1942 1669 1995 credentes
1749 1940 1943 2009 elegit,

257 2031 462 2086 electos
509 2032 701 2101 elegit.
758 2032 871 2085 Cur
918 2045 1055 2099 ergo
1106 2029 1319 2083 diceret
1360 2045 1371 2082 :
1440 2048 1467 2078 «
1515 2030 1639 2083 Non
1706 2045 1801 2082 vos
1854 2044 1945 2081 me

256 2119 529 2189 elegistis,
570 2140 591 2168 ι
644 2118 755 2173 nisi
803 2119 940 2188 quia
972 2135 984 2171 :
1042 2139 1068 2167 ‹‹
1105 2117 1486 2172 Misericordia
1516 2118 1639 2187 ejus
1670 2118 1949 2187 praevenit

258 2208 400 2262 nos?
432 2229 459 2256 ››
517 2209 681 2273 (Ρεαι.
742 2224 894 2273 XVIII,
946 2206 1054 2275 11.)
1106 2206 1203 2260 Hic
1250 2213 1401 2260 certe
1428 2212 1587 2260 vacat
1616 2222 1761 2260 vana
1809 2206 1946 2259 illo-

256 2312 382 2350 rum
431 2296 805 2358 ratiocinatio,
851 2295 948 2366 qui
1005 2295 1422 2365 preescieutiam
1482 2294 1580 2348 Dei
1631 2294 1949 2349 defendunt

256 2389 456 2437 contra
485 2383 728 2454 gratiam
760 2383 879 2451 Dei,
920 2388 975 2437 et
1005 2383 1133 2437 ideo
1176 2383 1372 2437 dicunt
1428 2399 1531 2436 nos
1576 2383 1783 2436 electos
1816 2386 1946 2435 ante

258 2472 462 2526 mundi
498 2472 965 2526 constitutionem
1016 2472 1189 2542 (Eph.
1252 2489 1291 2537 ι,
1351 2471 1425 2541 4),
1478 2471 1615 2541 quia
1664 2470 1947 2541 praescivit

257 2576 359 2613 nos
390 2560 538 2613 Deus
592 2560 813 2613 futuros
870 2560 1068 2626 bonos,
1126 2576 1244 2613 non
1303 2559 1951 2642 seipgimgsqszfaqtuj

2055 439 2250 509 itaque
2316 439 2563 493 fructum
2617 438 2771 493 unde
2820 454 2923 492 nos
2978 438 3153 509 elegit
3198 438 3568 492 habebamus.
3614 460 3642 487 ‹‹
3686 440 3759 493 Ut

2057 529 2221 593 eatis,
2257 528 2465 598 inquit,
2491 531 2549 581 et
2564 527 2817 582 fructum
2842 526 3111 581 efferatis.
3132 546 3157 579 ι)
3176 529 3404 580 lmusut
3426 527 3754 593 aﬁ‘eramus,

2060 622 2117 671 et
2145 618 2267 686 ipse
2293 621 2378 670 est
2402 618 2492 670 via
2520 633 2634 687 qua
2677 616 2845 680 imus,
2889 617 2947 669 in
2982 631 3095 686 qua
3152 632 3257 669 nos
3296 616 3506 685 posuit,
3559 622 3620 670 ut
3657 632 3754 670 ea-

2056 722 2204 760 mus.
2239 705 2483 759 Proinde
2512 704 2903 759 misericordia
2934 704 3061 774 ejus
3086 704 3144 757 in
3176 704 3443 758 omnibus
3474 703 3757 773 praevenit

2056 794 2177 849 no's.
2214 794 2271 849 Si
2321 794 2380 847 in
2433 794 2715 857 omnibus,
2780 794 3036 864 profecto
3076 810 3190 847 non
3230 794 3413 847 solum
3463 794 3520 846 in
3566 794 3752 861 factis,

2058 900 2258 939 verum
2285 889 2347 937 ut
2368 888 2425 937 et
2447 883 2621 937 ﬁdem
2672 883 3007 948 habeamus,
3034 887 3090 936 et
3136 889 3201 936 ut
3232 883 3580 936 voluntatem
3611 880 3755 935 boni

2057 974 2181 1043 ejus
2233 971 2621 1026 misericordia
2681 971 3071 1041 praeveniente
3137 987 3576 1041 consequamur.
3640 972 3755 1025 Nec

2058 1062 2308 1131 cogitare
2348 1061 2502 1114 enim
2533 1060 2768 1127 bonum,
2817 1076 2921 1113 nec
2966 1061 3129 1126 velle,
3182 1075 3284 1113 nec
3339 1060 3587 1125 credere,
3639 1059 3754 1113 nisi

2058 1148 2451 1203 misericordia
2470 1148 2858 1219 praeveniente
2879 1164 3218 1218 possumus;
3241 1146 3375 1217 quia
3396 1148 3455 1200 in
3484 1147 3755 1200 omnibus

2058 1236 2446 1291 misericordia
2478 1236 2575 1289 Dei
2600 1235 2877 1305 praevenit
2902 1236 3051 1304 nos.]
3085 1236 3229 1289 Item
3257 1235 3393 1305 quia
3420 1238 3489 1288 de
3534 1235 3753 1289 mundo

2058 1325 2326 1379 damnato
2348 1324 2581 1394 eligitur
2608 1325 2857 1377 mundus
2887 1324 2986 1394 qui
3016 1324 3285 1389 salvetur,
3315 1323 3393 1375 sic
3442 1323 3591 1376 idem
3650 1323 3755 1376 do-

2059 1417 2178 1465 ctor
2225 1411 2284 1464 in
2319 1412 2521 1465 eodem
2574 1410 2718 1464 libro
2773 1411 2978 1481 (Tract.
3032 1412 3281 1481 Lxxxvu)
3324 1410 3582 1480 astruit:
3633 1430 3663 1460 (ι
3694 1409 3755 1464 Si

2059 1500 2127 1554 de
2160 1500 2398 1564 mundo,
2430 1499 2638 1569 inquit,
2665 1500 2881 1565 essetis,
2921 1499 3165 1552 mundus
3196 1499 3352 1568 quod
3404 1514 3570 1551 suum
3631 1502 3756 1551 erat

2061 1588 2327 1658 diligeret
2357 1590 2528 1656 (Joan.
2555 1603 2649 1653 xv,
2684 1588 2834 1657 19).»
2883 1587 3167 1640 Universae
3210 1586 3408 1657 utique
3456 1587 3561 1639 hoc
3614 1586 3757 1639 dicit

2057 1675 2336 1743 Ecclesiae,
2368 1691 2542 1746 quam
2582 1676 2925 1745 plerumque
2954 1675 3128 1729 etiam
3172 1674 3356 1744 ipsam
3406 1674 3607 1728 mundi
3646 1690 3753 1728 no-

2057 1764 2211 1817 mine
2246 1764 2526 1833 appellat;
2548 1763 2693 1817 sicut
2714 1768 2798 1816 est
2825 1763 2967 1816 illud
2998 1779 3011 1816 :
3041 1781 3067 1812 ‹‹
3086 1763 3231 1816 Deus
3263 1767 3385 1815 erat
3412 1762 3473 1815 in
3504 1762 3753 1830 Christo,

2059 1852 2337 1906 mundum
2368 1852 2747 1905 reconcilians
2776 1852 2881 1906 sibi
2911 1853 2986 1918 (Π
3010 1853 3139 1905 Cor.
3179 1867 3231 1917 v,
3275 1854 3384 1919 19).
3433 1872 3454 1898 ι
3493 1852 3755 1919 Itemque

2055 1941 2195 1994 illud
2237 1957 2249 1994 :
2291 1961 2311 1989 ι
2350 1941 2474 1994 Non
2516 1942 2672 1994 venit
2719 1940 2870 1994 ﬁlius
2918 1939 3172 1993 hominis
3205 1945 3269 1993 ut
3309 1939 3530 2008 judicet
3580 1954 3754 1992 mun-

2056 2029 2215 2094 dum,
2246 2029 2344 2083 sed
2376 2033 2437 2082 ut
2465 2030 2713 2082 salvetur
2746 2028 2996 2082 mundus
3046 2044 3148 2098 per
3192 2028 3382 2097 ipsum
3430 2028 3609 2093 (Joan.
3668 2043 3752 2091 Ill,

2060 2121 2165 2183 17).
2196 2138 2222 2165 ››
2259 2119 2322 2170 Et
2368 2117 2427 2170 in
2456 2116 2710 2187 Epistola
2751 2134 2849 2169 sua
2890 2118 3136 2170 Joannes
3175 2116 3258 2169 ait
3289 2131 3302 2168 :
3340 2136 3367 2164 ‹‹
3401 2115 3753 2169 Advocatum

2056 2206 2334 2259 habemus
2357 2206 2426 2259 ad
2461 2207 2683 2259 Patrem
2712 2207 2904 2259 Jesum
2930 2205 3216 2260 Christum
3243 2205 3487 2275 justum,
3533 2208 3588 2257 et
3627 2204 3754 2273 ipse

2056 2294 2397 2365 propitiator
2426 2299 2512 2348 est
2556 2299 2916 2365 peccatorum
2973 2299 3321 2358 nostrorum,
3354 2309 3470 2346 non
3524 2297 3750 2346 tantum

2056 2388 2403 2447 nostrorum,
2437 2383 2533 2436 sed
2556 2383 2729 2436 etiam
2756 2382 2931 2436 totius
2970 2382 3171 2437 mundi
3201 2382 3388 2451 (Joan.
3431 2398 3489 2448 ιι,
3524 2385 3573 2444 1,
3609 2383 3686 2450 2).
3725 2402 3754 2430 ιδ

2057 2472 2228 2525 Totus
2268 2487 2406 2540 ergo
2450 2471 2697 2524 mundus
2740 2470 2981 2524 Ecclesia
3033 2475 3135 2537 est,
3189 2475 3246 2523 et
3294 2474 3444 2523 totus
3502 2469 3755 2522 mundus

1981 2559 2174 2635 ,.9dj$
2204 2559 2814 2641 Ecclegieuez;Miindus
2836 2559 3014 2629 igitur
3039 2558 3159 2612 odit
3190 2558 3495 2623 mundum,
3551 2556 3753 2610 inimi-

255 2664 384 2702 rum
414 2649 610 2703 bonos.
647 2650 769 2702 Non
797 2649 906 2703 hoc
948 2620 1107 2717 dicit,
1164 2649 1265 2719 qui
1298 2620 1509 2737 dicit?!

2057 2627 2641 2727 :ciis'fegéétfiliatiim,
2695 2648 2998 2702 damnatus
3065 2648 3363 2709 salvatum,
3418 2646 3756 2716 inquinatus

258 2736 540 2805 elegistis;
568 2757 595 2785 ››
627 2738 897 2807 quoniam
928 2738 973 2790 si
1004 2743 1307 2807 propterea
1346 2720 1463 2790 non
1491 2713 1789 2807 elegisset:

2058 2738 2399 2791 mundatum
2434 2753 2445 2791 :
2482 2738 2578 2791 sed
2613 2738 2720 2791 iste
2748 2737 3018 2801 mundus,
3053 2752 3224 2806 quem
3255 2736 3401 2789 Deus
3431 2734 3489 2788 in
3529 2734 3752 2788 Christo

255 2823 433 2877 honos
476 2824 699 2878 futuros
746 2841 865 2879 esse
921 2825 1944 2906 ρῐωεοίνετεῐηεοϋῃιιιβξίδιῐηορῐαδς

2059 2825 2556 2906 Γροφιςῌὶῥῄβὼίδ
2574 2825 2749 2906 atqui
2769 2840 2873 2893 per
2910 2824 3196 2877 Christum
3225 2824 3492 2889 salvetur,
3544 2828 3600 2876 et
3658 2821 3755 2875 cui

258 2912 455 2966 scisset
492 2914 643 2983 quod
675 2930 807 2967 eum
838 2894 943 2968 nos
972 2894 1774 3000 fuissemiis_:piii_q'siel§<ét§'i;

2057 2894 2829 2993 βέτξίᾌλιβεξιῇηῑίρξεέςᾷὶιιω
2867 2929 3037 2966 omne
3078 2913 3345 2977 donatur,
3400 2911 3470 2964 de
3531 2911 3752 2964 mundo

258 3000 413 3053 enim
441 3000 607 3054 aliter
633 3017 754 3055 esse
803 3017 1099 3071 possemus
1135 2988 1335 3056 boni?
1356 2984 1466 3056 nisi
1500 2984 1646 3055 forte
1676 2984 1948 3056 dicendus

254 3095 337 3142 est
366 3089 573 3157 bonus,
605 3090 703 3160 qui
726 3106 840 3143 non
871 3091 1045 3160 elegit
1078 3092 1312 3145 bonum.
1345 3091 1491 3154 Quid
1513 3107 1649 3161 ergo
1682 3090 1841 3161 eligit
1886 3091 1948 3144 in

256 3193 374 3231 non
409 3178 600 3243 bonis;
628 3194 739 3233 non
774 3178 926 3233 enim
962 3180 1125 3233 electi
1155 3186 1305 3246 sunt,
1330 3180 1465 3251 quia
1507 3180 1640 3233 boni
1693 3180 1945 3244 fuerunt,

256 3267 355 3337 qui
397 3268 534 3321 boni
564 3284 680 3322 non
736 3273 925 3322 essent
970 3268 1081 3322 nisi
1124 3269 1290 3322 electi
1321 3274 1505 3321 essent
1559 3286 1571 3321 :
1607 3288 1634 3317 ‹‹
1675 3268 1949 3337 Alioquin

256 3354 438 3421 gratia
468 3355 589 3423 jam
609 3371 726 3408 non
764 3362 846 3409 est
877 3357 1059 3425 gratia
1091 3359 1265 3421 (Rom.
1305 3373 1379 3420 xx,
1413 3359 1486 3422 6),
1520 3376 1548 3403 ς)
1610 3356 1656 3407 si
1706 3371 1946 3424 przeces-

256 3442 392 3492 sisse
424 3443 826 3496 contendimus
857 3444 1079 3497 merita.
1114 3445 1242 3497 Haec
1282 3444 1494 3514 quippe
1525 3444 1725 3498 electio
1768 3444 1951 3512 gratia

259 3532 361 3590 est,
394 3529 463 3582 de
513 3546 623 3599 qua
678 3531 815 3585 dicit
844 3532 1143 3601 Apostolus
1188 3533 1355 3598 (Rom.
1414 3549 1490 3599 x1,
1543 3536 1595 3601 5,
1636 3531 1735 3602 6):
1793 3552 1820 3581 «
1861 3531 1950 3586 Sic

257 3632 395 3686 ergo
420 3624 476 3671 et
495 3617 557 3671 in
585 3618 692 3673 hoc
724 3624 981 3690 tempore
1004 3620 1261 3691 reliquiae
1293 3637 1395 3691 per
1434 3621 1770 3676 electionem
1818 3637 1949 3692 gra-

258 3704 353 3758 tiae
393 3706 560 3775 salvae
581 3706 740 3760 factae
770 3713 921 3762 sunt.
965 3728 991 3759 »
1036 3708 1193 3764 Unde
1232 3708 1529 3779 subjungit
1560 3725 1620 3763 :«
1671 3709 1728 3764 Si
1754 3714 1947 3764 autem

260 3794 463 3863 gratia,
518 3795 638 3864 jam
670 3812 784 3849 non
838 3812 905 3850 ex
963 3796 1255 3865 operibus,
1302 3797 1558 3867 alioquin
1613 3798 1793 3867 gratia
1827 3798 1944 3867 jam

259 3897 373 3935 non
398 3888 481 3936 est
511 3883 716 3954 gratia.
751 3907 772 3933 ι
807 3886 976 3951 Audi,
1001 3888 1247 3955 ingrate,
1286 3886 1421 3940 audi
1457 3903 1469 3939 :
1496 3908 1523 3935 «
1553 3888 1678 3940 Non
1702 3902 1800 3939 vos
1857 3901 1947 3939 me

258 3971 528 4041 elegistis,
552 3972 651 4026 sed
681 3989 787 4043 ego
815 3990 911 4027 vos
946 3974 1088 4043 elegi
1133 3975 1322 4042 (Joan.
1355 3990 1447 4039 xv,
1486 3974 1594 4041 16).
1630 3994 1656 4023 »
1702 3974 1827 4027 Non
1865 3977 1950 4027 est

260 4065 321 4113 ut
342 4060 515 4124 dicas,
550 4061 680 4114 ideo
714 4062 925 4115 electus
970 4077 1118 4125 sum,
1175 4061 1312 4130 quia
1355 4061 1477 4130 jam
1534 4060 1855 4115 credebam.
1892 4061 1949 4117 Si

2057 3004 2270 3057 electus
2322 3008 2407 3056 est
2452 3002 2705 3067 inimico,
2761 3001 3050 3065 damnato,
3091 3000 3494 3054 contaminato.
3558 3000 3629 3053 Ex
3683 3014 3754 3051 ea

2056 3092 2271 3163 quippe
2295 3108 2480 3145 massa
2506 3107 2633 3162 quae
2661 3095 2779 3144 tota
2811 3089 2873 3143 in
2909 3090 3090 3143 Adam
3134 3089 3325 3157 periit,
3369 3088 3517 3141 ﬁunt
3553 3108 3574 3134 α
3620 3102 3752 3139 vasa

2056 3181 2481 3245 misericordiae,
2510 3200 2536 3230 »
2579 3180 2637 3233 in
2682 3178 2889 3249 quibus
2923 3183 3007 3231 cst
3037 3177 3285 3231 mundus
3336 3177 3628 3246 pertinens
3676 3175 3748 3227 ad

2056 3268 2620 3322 reconciliationem:
2689 3283 2858 3336 quem
2923 3267 3170 3320 mundus
3218 3266 3357 3331 odit,
3416 3281 3480 3317 ex
3549 3263 3751 3317 eadem

2056 3372 2242 3409 massa
2273 3356 2562 3424 pertinens
2587 3355 2657 3408 ad
2695 3377 2714 3401 α
2751 3371 2880 3407 vasa
2910 3356 3032 3420 irae,
3066 3370 3196 3424 quae
3226 3352 3475 3423 perfecta
3506 3356 3638 3406 sunt
3676 3351 3753 3404 ad

2055 3442 2442 3515 perditionem
2477 3445 2645 3511 (Rom.
2678 3459 2752 3510 1x,
2783 3445 2875 3504 22,
2906 3444 3013 3507 23).
3045 3464 3072 3491 ››
3110 3442 3365 3511 Denique
3412 3457 3539 3494 cum
3575 3440 3749 3493 dixis-

2057 3538 2159 3595 set,
2197 3532 2303 3587 «Si
2335 3531 2404 3585 de
2435 3532 2653 3586 mundo
2685 3531 2902 3600 essetis,
2939 3531 3184 3585 mundus
3228 3531 3381 3601 quod
3421 3545 3587 3583 suum
3628 3534 3754 3583 erat

2056 3621 2339 3691 diligeret,
2369 3641 2396 3669 »
2437 3621 2712 3675 continuo
2745 3620 2988 3691 subjecit
3020 3637 3033 3674 :
3061 3642 3085 3668 ει
3117 3620 3259 3683 Quia
3288 3635 3421 3672 vero
3443 3619 3512 3672 de
3534 3617 3751 3671 mundo

2055 3725 2173 3764 non
2203 3709 2359 3773 estis,
2391 3709 2486 3763 sed
2508 3725 2613 3779 ego
2635 3709 2781 3779 elegi
2805 3725 2902 3762 vos
2916 3709 2984 3762 de
3013 3708 3259 3773 mundo;
3290 3711 3591 3777 propterea
3630 3705 3757 3759 odit

2054 3815 2155 3853 vos
2185 3797 2455 3852 mundus.
2490 3820 2517 3846 n
2552 3799 2697 3868 Ergo
2720 3804 2777 3851 et
2822 3797 2932 3868 ipsi
2961 3797 3095 3850 inde
3125 3803 3307 3862 erant,
3359 3795 3512 3849 unde
3542 3799 3606 3848 ut
3633 3810 3752 3847 non
3822 3818 3829 3823 -

2056 3887 2456 3953 essent,electi
2486 3892 2620 3941 sunt
2648 3888 2803 3954 inde,
2867 3904 2984 3940 non
3036 3886 3257 3940 meritis
3308 3885 3444 3951 suis,
3506 3898 3753 3954 quorum

2055 3978 2213 4031 nulla
2235 3980 2642 4046 praecesserant
2668 3976 2819 4030 bona
2840 3992 3033 4045 Opera,
3071 3991 3186 4029 non
3216 3980 3441 4041 natura,
3474 3988 3600 4043 quae
3632 3976 3755 4025 tota

2056 4066 2357 4134 fueratper
2385 4064 2631 4119 liberum
2657 4064 2960 4118 arbitrium
2992 4064 3049 4116 in
3103 4063 3228 4133 ipsa
3259 4062 3445 4115 radice
3503 4060 3700 4114 vitiata
3734 4076 3748 4112 :

258 4149 413 4201 enim
443 4149 716 4202 credebas
746 4149 804 4203 in
831 4150 1119 4219 eum,jam
1152 4151 1405 4219 elegeras
1444 4165 1596 4203 eum.
1632 4150 1735 4203 Sed
1768 4149 1940 4204 audi:
1984 4178 2031 4232 ι)
2058 4155 2157 4209 sed
2191 4154 2460 4224 gratuita,
2486 4153 2593 4207 hoc
2620 4158 2703 4206 est
2736 4168 2865 4207 vera
2896 4152 3097 4222 gratia.
3132 4152 3240 4215 Qui
3279 4150 3433 4205 enim
3474 4149 3542 4203 de
3578 4164 3753 4202 mun-

264 4258 289 4285 ‹‹
322 4238 448 4289 Non
466 4253 562 4289 vos
595 4253 685 4291 me
718 4238 980 4308 elegistis.
1009 4259 1036 4285 ››
1059 4239 1184 4291 Non
1215 4242 1383 4291 estut
1410 4238 1565 4292 dicas
1589 4254 1600 4290 :
1626 4241 1945 4308 Antequam

259 4325 550 4379 crederem
574 4327 691 4395 jam
718 4326 869 4380 bona
892 4326 1190 4396 operabar,
1233 4326 1360 4380 ideo
1383 4328 1593 4381 electus
1621 4342 1768 4379 sum.
1798 4327 1946 4390 Quid

258 4414 412 4468 enim
443 4420 529 4467 est
555 4413 695 4468 boni
724 4415 915 4484 operis
953 4420 1085 4469 ante
1115 4414 1330 4468 ﬁdem?
1360 4430 1490 4468 cum
1517 4414 1667 4468 dicat
1705 4418 1950 4484 Aposto-

260 4502 391 4555 lus:
456 4503 695 4557 «Omne
745 4504 896 4573 quod
938 4520 1051 4557 non
1100 4508 1184 4557 est
1222 4520 1285 4557 ex
1332 4502 1466 4569 ﬁde,
1518 4508 1813 4573 peccatum
1866 4509 1950 4558 est

260 4591 433 4653 (Rom.
463 4605 573 4655 xw,
596 4593 704 4656 23).
743 4610 772 4643 »
791 4591 936 4654 Quid
966 4607 1103 4661 ergo
1141 4590 1348 4645 dicturi
1386 4606 1585 4644 sumus
1614 4591 1900 4646 audiendo
1931 4607 1943 4646 :

262 4696 290 4726 ‹‹
327 4678 452 4731 Non
481 4694 575 4731 vos
626 4694 716 4732 me
750 4679 1022 4747 elegistiS,
1056 4701 1082 4727 »
1124 4679 1233 4732 nisi
1282 4678 1419 4749 quia
1453 4679 1588 4732 mali
1619 4694 1869 4743 eramus,
1895 4684 1951 4733 et

259 4766 423 4819 electi
454 4782 673 4833 sumus,
704 4771 768 4820 ut
795 4767 930 4821 boni
960 4783 1063 4837 per
1101 4767 1341 4838 gratiam
1377 4783 1478 4821 nos
1495 4767 1758 4837 eligentis
1797 4783 1947 4820 esse-

260 4872 407 4909 mus.
461 4855 581 4909 Non
619 4860 703 4909 est
731 4856 884 4909 enim
927 4856 1128 4925 gratia,
1162 4856 1209 4909 si
1253 4860 1662 4926 praecesserant
1699 4856 1902 4909 merita
1932 4871 1944 4910 :

261 4951 345 4998 est
370 4946 563 4999 autem
604 4944 807 5014 gratia.
844 4945 972 4998 Haec
1002 4944 1178 5015 igitur
1220 4961 1335 4998 non
1363 4944 1599 5010 invenit,
1650 4943 1749 4998 sed
1778 4943 1950 4999 efﬁcit

261 5033 485 5088 merita.
549 5034 611 5087 Et
667 5032 875 5097 videte,
926 5031 1265 5093 charissimi,
1314 5032 1799 5101 quemadmodum
1833 5049 1951 5086 non

263 5121 436 5190 eligat
466 5122 667 5186 honos,
702 5121 799 5173 sed
829 5136 971 5189 quos
996 5120 1159 5189 eligit
1186 5119 1353 5173 faciat
1373 5119 1573 5176 bonos.
1609 5140 1637 5171 ‹‹
1677 5121 1813 5191 Ego,
1853 5121 1948 5174 in-

262 5209 409 5277 quit,
449 5209 596 5277 elegi
624 5224 723 5261 vos
751 5212 807 5261 et
836 5207 1003 5277 posui
1030 5224 1126 5261 vos
1159 5213 1221 5261 ut
1250 5208 1413 5275 eatis,
1449 5213 1505 5261 et
1530 5208 1779 5263 fructum
1811 5209 1948 5263 aﬁ'e-

265 5296 418 5362 ratis,
477 5301 532 5350 et
588 5296 805 5352 fructus
856 5304 1040 5352 vester
1093 5304 1326 5353 maneat
1369 5299 1545 5368 (Joan.
1602 5314 1694 5365 xv,
1746 5300 1855 5365 l6).
1922 5320 1941 5347 ι

266 5385 465 5438 Nonne
495 5384 600 5438 iste
631 5392 716 5439 est
742 5386 979 5452 fructus,
1012 5385 1083 5439 de
1113 5402 1229 5456 quo
1270 5385 1392 5457 jam
1430 5388 1688 5443 dixerat:
1744 5406 1774 5438 α
1815 5387 1948 5442 Sine

265 5489 355 5527 me
387 5472 529 5526 nihil
579 5474 810 5542 potestis
857 5474 1081 5530 facere?
1112 5495 1140 5526 »
1200 5476 1389 5546 (Ibid.,
1439 5477 1518 5544 5.)
1580 5476 1761 5546 Elegit
1813 5491 1949 5545 ergo

2059 4243 2130 4297 do
2162 4243 2441 4297 mundum
2463 4242 2656 4311 elegit,
2691 4241 2823 4295 fecit
2869 4240 3021 4310 quod
3052 4240 3308 4309 eligeret,
3341 4254 3455 4291 non
3499 4235 3747 4300 invenit;

2060 4333 2211 4403 quia,
2254 4354 2274 4379 α
2320 4330 2577 4401 reliquiae
2615 4347 2717 4400 per
2764 4329 3104 4383 electionem
3136 4329 3335 4398 gratia).
3378 4326 3545 4379 salvas
3588 4325 3751 4379 factae

2058 4426 2208 4474 sunt.
2241 4420 2296 4474 Si
2328 4424 2545 4484 autem,
2588 4418 2796 4488 inquit,
2844 4418 3046 4487 gratia,
3076 4417 3197 4486 jam
3228 4432 3345 4471 non
3372 4431 3438 4468 ex
3458 4413 3749 4484 operibus,

2061 4507 2314 4578 alioquin
2346 4506 2530 4577 gratia
2555 4506 2676 4575 jam
2704 4520 2819 4558 non
2840 4509 2926 4557 est
2956 4504 3139 4573 gratia
3178 4503 3360 4567 (Rom.
3392 4517 3464 4566 ιι,
3503 4504 3555 4566 5,
3611 4501 3685 4566 6).
3721 4519 3749 4545 ››

2060 4596 2161 4649 Hic
2205 4600 2557 4649 monstratur
2613 4599 2671 4647 et
2699 4608 2797 4645 eos
2840 4593 2939 4662 qui
2984 4606 3099 4644 non
3133 4590 3425 4643 salvantur
3462 4589 3522 4641 in
3560 4588 3753 4658 perdi-

2058 4683 2232 4737 tionis
2263 4699 2450 4736 massa
2492 4680 2759 4751 relinqui,
2788 4685 2843 4734 et
2886 4696 2983 4733 eos
3014 4678 3113 4749 qui
3161 4678 3470 4743 salvantur,
3508 4676 3577 4730 de
3628 4676 3754 4745 ipsa

2059 4770 2403 4841 perditionis
2434 4786 2619 4823 massa
2641 4767 2895 4833 liberari,
2929 4783 3044 4821 non
3079 4783 3180 4820 suo
3207 4765 3435 4830 merito,
3468 4764 3563 4818 sed
3622 4778 3753 4831 gra-

2060 4860 2138 4914 tia
2169 4858 2571 4928 Christi;quia
2610 4858 2656 4910 si
2687 4856 3083 4910 consideretur
3107 4855 3400 4921 meritum,
3441 4853 3583 4906 tales
3634 4852 3757 4905 fue-

2060 4953 2198 5003 runt
2236 4947 2336 5017 qui
2364 4947 2653 5000 salvantur
2702 4945 2900 5015 quales
2940 4948 2997 4997 et
3039 4943 3123 4996 illi
3168 4942 3265 5012 qui
3305 4943 3486 4995 salute
3532 4939 3756 5009 indigni

2059 5037 2362 5092 habentur.
2407 5035 2617 5089 Omnes
2639 5034 2793 5087 enim
2814 5036 2976 5086 erant
3008 5052 3033 5081 (ι
3067 5030 3170 5084 ﬁlii
3199 5031 3298 5084 irae
3332 5051 3359 5078 ››
3394 5029 3489 5082 sed
3521 5028 3619 5098 qui
3652 5028 3755 5081 sal-

2061 5130 2268 5178 vantur
2295 5122 2445 5177 ﬁunt
2471 5122 2539 5176 de
2571 5122 2703 5175 ﬁliis
2732 5120 2856 5182 iraa,
2889 5119 2995 5173 ﬁlii
3026 5118 3246 5190 gratiae.
3275 5119 3416 5172 Item
3443 5117 3500 5171 in
3550 5117 3753 5170 eodem

2060 5211 2207 5265 libro
2241 5213 2444 5276 (Tr-act.
2481 5208 2608 5278 Civ),
2658 5224 2788 5262 cum
2844 5208 3179 5278 loqueretur
3226 5206 3296 5260 de
3326 5222 3393 5259 eo
3452 5205 3605 5275 quod
3676 5204 3756 5257 ait

2063 5300 2234 5354 Filius
2293 5298 2364 5352 ad
2411 5299 2684 5352 Patrem:
2755 5318 2783 5345 ‹‹
2839 5298 3024 5363 Pater,
3085 5296 3240 5350 venit
3285 5295 3449 5362 hora,
3506 5292 3755 5347 clariﬁca

2060 5387 2270 5443 Filium
2310 5392 2472 5439 tuum
2531 5388 2702 5450 (Joan.
2764 5402 2899 5451 xvn,
2957 5386 3028 5453 l).
3081 5406 3109 5434 »
3163 5384 3268 5438 hoc
3314 5382 3750 5454 interponitur:

2058 5477 2427 5546 Quapropter
2447 5474 2555 5530 hoc
2583 5474 2739 5546 quod
2781 5474 2883 5544 ait,
2917 5495 2944 5525 ‹‹
2974 5475 3163 5542 Pater,
3190 5471 3348 5527 venit
3375 5472 3539 5541 hora,
3578 5470 3755 5526 clari-
