4138 6194
339 236 407 288 33
1421 236 1510 292 DE
1554 234 2223 294 PREDESTINATIONE
2267 238 2400 294 DEI.
2441 270 2508 279 ——
2540 240 2670 295 LIB.
2714 243 2757 295 1.
3774 250 3839 304 34

331 370 442 424 ﬁca
473 368 683 423 Filium
734 374 925 432 tuum,
959 389 986 417 )›
1020 368 1269 423 ostendit
1314 384 1484 423 omne
1516 374 1764 439 tempus,
1817 376 1873 425 et
1901 370 2037 441 quid
2077 373 2118 425 A
2148 370 2277 436 cati,
2320 375 2739 441 consequenter
2801 373 2980 427 electi.
3034 374 3121 428 Illi
3169 391 3304 445 ergo
3351 376 3535 446 electi,
3578 383 3643 432 ut
3688 396 3838 450 saepe

333 458 565 530 quando
610 458 843 522 faceret,
875 459 962 511 vel
996 457 1122 510 ﬁeri
1152 457 1381 523 sineret,
1412 457 1481 510 ab
1510 458 1609 511 illo
1641 474 1762 511 esse
1793 459 2035 529 disposi-

330 553 478 611 tum,
536 546 636 616 qui
684 546 932 615 tempori
979 545 1238 600 subditus
1284 562 1397 599 non
1428 558 1531 611 est,
1578 548 1849 617 quoniam
1909 564 2036 619 quae

332 635 529 687 futura
574 634 806 687 fuerant
833 650 939 703 per
982 634 1206 702 singula
1237 638 1498 703 tempora
1526 635 1585 687 in
1622 637 1721 689 Dei
1760 637 2037 707 sapientia

331 734 531 773 causas
561 720 876 775 efﬁcientes
907 722 1138 781 habent.
1175 722 1235 774 in
1264 738 1376 791 qua
1406 723 1565 776 nulla
1596 729 1727 776 sunt
1756 730 2033 794 tempora.

330 807 552 870 Quibus
584 810 775 864 verbis
818 810 1095 863 docemur
1124 810 1405 881 quidquid
1453 811 1581 864 fieri
1612 812 1851 865 diversis
1890 818 2035 866 tem-

332 898 573 967 poribus
626 898 910 965 videmus,
973 900 1057 952 vel
1102 904 1253 953 certe
1306 900 1567 954 facienda
1617 908 1772 966 sunt,
1826 904 1882 955 in
1939 903 2037 956 Dei

331 986 844 1055 praedestinatione
893 1004 1111 1052 causas,
1166 1003 1266 1041 cur
1298 990 1441 1041 tiant
1486 990 1701 1055 haberi,
1736 996 1792 1044 et
1836 1007 2035 1045 secun-

333 1075 473 1127 dum
499 1075 659 1144 quod
688 1076 809 1144 ipse
840 1076 941 1146 qui
975 1077 1271 1130 ordinatur
1301 1082 1385 1130 est
1408 1083 1731 1148 temporum
1757 1080 2033 1149 disponit,

335 1164 608 1217 universa
654 1165 800 1217 ﬁeri.
838 1166 994 1218 Unde
1042 1164 1215 1218 etiam
1266 1170 1323 1219 et
1354 1166 1413 1219 in
1444 1167 1929 1237 consequentibus
1960 1168 2039 1220 ait

335 1254 543 1321 (Tract.
574 1253 712 1319 eod.)
746 1270 758 1305 :
791 1253 897 1316 Qui
930 1253 1083 1306 enim
1113 1253 1282 1306 certis
1328 1258 1383 1307 et
1412 1254 1872 1309 immutabilibus
1911 1272 2039 1309 cau-

332 1340 411 1393 sis
436 1342 638 1395 omnia
664 1342 857 1396 futura
889 1341 1342 1411 praedestinavit,
1377 1343 1531 1413 quod
1561 1345 1816 1398 facturus
1846 1351 1927 1398 est
1962 1345 2039 1399 fe-

332 1430 431 1483 cit.
472 1431 619 1484 Nam
651 1434 707 1483 et
737 1446 840 1499 per
867 1431 1209 1500 prophetam
1242 1432 1309 1484 de
1340 1431 1439 1485 illo
1462 1431 1679 1485 dictum
1712 1436 1795 1485 est
1830 1447 1841 1486 :
1872 1453 1899 1481 ‹‹
1928 1432 2037 1496 Qui

330 1518 467 1571 fecit
498 1534 633 1587 qua!
680 1519 875 1572 futura
900 1525 1033 1572 sunt
1061 1522 1192 1584 (Isa.
1224 1536 1347 1584 XLV,
1388 1521 1496 1588 tl).
1531 1539 1558 1569 ι)
1589 1521 1645 1575 Si
1677 1537 1814 1590 ergo
1842 1521 2035 1575 omnia

330 1619 462 1673 quae
495 1604 754 1657 facturus
784 1611 869 1658 est
900 1606 1065 1672 Deus,
1116 1607 1173 1659 in
1205 1608 1703 1676 prwdestinatione
1728 1609 1847 1677 jam
1882 1609 2032 1673 fecit,

331 1692 595 1761 profecto
626 1694 835 1762 quibus
864 1695 1178 1764 largiturus
1220 1701 1303 1748 est
1333 1712 1595 1765 regnum,
1632 1696 1691 1749 in
1737 1698 2033 1766 praedesti-

333 1780 571 1833 natione
597 1781 719 1849 jam
749 1782 938 1844 dedit;
965 1787 1020 1834 et
1050 1798 1194 1851 quos
1218 1783 1578 1851 judicaturus
1600 1784 1667 1837 ad
1700 1800 1951 1854 pugnam,
1977 1786 2036 1838 in

332 1869 847 1939 praedestinatione
874 1872 994 1939 jam
1020 1870 1316 1938 judicavit.

409 1958 555 2010 Item
584 1958 740 2027 quod
774 1959 939 2010 electi
967 1960 1279 2012 secundum
1312 1960 1409 2012 Dei
1437 1960 1789 2029 propositum
1823 1961 2038 2030 praede-

334 2046 557 2109 stinati,
591 2053 649 2099 et
694 2046 875 2099 vocati
907 2051 1056 2113 sunt,
1106 2047 1258 2100 idem
1296 2047 1496 2101 doctor
1540 2049 1600 2101 in
1631 2050 1775 2102 libro
1806 2050 1875 2102 de
1904 2066 2037 2119 gra-

332 2135 414 2187 tia
443 2141 501 2187 et
534 2136 893 2205 correptione
915 2136 1060 2205 (cup.
1096 2140 1127 2189 6
1158 2142 1205 2188 ct
1234 2137 1285 2201 7)
1314 2138 1391 2189 sic
1415 2138 1671 2206 loquitur
1700 2136 1751 2207 ε]
1778 2138 1923 2202 Quid
1951 2144 2039 2192 est

334 2223 517 2275 etiam
551 2223 705 2288 quod
754 2222 816 2275 in
847 2224 1237 2292 apostolorum:
1267 2225 1497 2279 Actibus
1544 2225 1788 2294 legimus
1816 2242 1827 2279 :
1867 2247 1893 2274 ‹‹
1924 2228 2034 2279 Au-

336 2311 562 2363 dientes
609 2317 803 2364 autem
854 2316 1051 2380 gentes
1114 2312 1323 2382 gavisa:
1376 2319 1528 2377 sunt,
1581 2319 1635 2365 et
1690 2320 2041 2383 exceperunt

334 2398 580 2452 verbum
612 2399 860 2465 Domini,
894 2404 951 2453 et
987 2400 1353 2453 crediderunt
1383 2406 1668 2471 quotquot
1699 2408 1861 2455 erant
1888 2418 2038 2471 prae-

336 2486 593 2541 ordinati
627 2487 685 2539 in
730 2488 902 2540 vitam
955 2494 1229 2541 aeternam
1285 2490 1432 2557 (Act.
1478 2506 1599 2554 xm,
1654 2491 1763 2559 48).
1824 2510 1851 2541 ››
1902 2490 2040 2553 Quis

335 2583 613 2646 operatus
661 2582 744 2628 est
791 2593 887 2629 eos
918 2576 976 2629 in
1034 2579 1205 2630 vitam
1257 2590 1554 2646 cateruam,
1603 2579 1712 2631 nisi
1754 2580 1853 2649 qui
1909 2596 2040 2633 vasa

336 2664 753 2718 misericordiae
786 2672 1054 2733 operatus
1087 2672 1169 2719 est
1199 2668 1335 2719 eos?
1361 2667 1459 2737 qui
1486 2670 1542 2718 et
1571 2688 1592 2715 ι
1630 2667 1803 2737 elegit
1822 2668 1949 2721 illos
1980 2669 2037 2722 in

337 2752 483 2805 Filio
516 2769 622 2805 suo
653 2759 785 2806 ante
836 2753 1299 2807 constitutionem
1346 2755 1548 2807 mundi
1580 2756 1817 2823 (Ephes.
1850 2772 1887 2824 l,
1921 2758 1975 2826 4)
2014 2779 2033 2804 ν

333 2855 440 2908 per
489 2840 835 2894 electionem
868 2843 1085 2912 gratiae.
1124 2861 1150 2892 α
1184 2844 1239 2896 Si
1273 2848 1467 2896 autem
1516 2845 1717 2913 gratia,
1764 2845 1887 2913 jam
1925 2862 2037 2898 non

2150 458 2365 513 dictum
2421 464 2524 526 est,
2583 460 2681 529 qui
2738 462 3047 515 secundum
3093 464 3454 532 propositum
3496 468 3698 531 vocati,
3739 469 3839 538 qui

2149 547 2321 600 etiam
2368 547 2762 617 praedestinati
2813 553 2984 618 atque
3032 553 3297 619 praesciti.
3345 556 3559 608 Horum
3605 556 3650 608 si
3682 557 3839 626 quis-

2146 651 2320 706 quam
2369 636 2537 706 perit,
2571 636 2790 689 fallitur
2842 638 3021 702 Deus;
3088 640 3185 692 sed
3234 657 3402 694 nemo
3432 658 3633 696 eorum
3676 646 3843 713 perit,

2146 724 2282 793 quia
2329 740 2444 777 non
2488 724 2706 778 fallitur
2754 727 2919 778 Deus.
2982 726 3193 779 Horum
3227 728 3272 779 si
3321 729 3625 799 quisquam
3667 731 3836 799 perit,

2147 811 2282 865 vitio
2312 812 2564 865 humano
2597 813 2840 865 vincitur
2872 813 3019 866 Deus
3054 830 3066 866 :
3102 817 3196 867 sed
3233 831 3399 868 nemo
3434 832 3631 870 eorum
3669 819 3840 886 perit,

2146 899 2282 970 quia
2330 902 2487 954 nulla
2548 918 2607 954 re
2648 902 2893 955 vincitur
2934 903 3099 956 Deus.
3173 902 3349 957 Electi
3390 905 3541 958 enim
3594 912 3726 959 sunt
3771 906 3836 959 ad

2145 990 2501 1059 regnandum
2534 1006 2662 1043 cum
2692 991 2932 1057 Christo,
2970 1007 3079 1044 non
3114 993 3404 1061 quomodo
3430 993 3643 1046 electus
3666 996 3836 1047 ludas

2144 1078 2215 1129 ad
2247 1093 2391 1146 opus
2424 1079 2514 1131 cui
2561 1079 2927 1148 congruebat.
2962 1080 3046 1132 Ab
3098 1079 3194 1132 illo
3239 1080 3452 1149 quippe
3487 1081 3696 1133 electus
3725 1086 3830 1145 est,

2147 1165 2246 1235 qui
2278 1166 2437 1219 novit
2473 1166 2616 1220 bene
2650 1167 2730 1219 uti
2776 1167 2947 1221 etiam
2998 1167 3181 1234 malis,
3216 1172 3280 1219 ut
3311 1172 3366 1219 et
3398 1184 3502 1237 per
3546 1184 3686 1237 opus
3716 1169 3840 1237 ejus

2146 1252 2492 1320 damnabile,
2524 1254 2664 1308 illud
2698 1260 2933 1325 propter
2962 1256 3113 1325 quod
3142 1256 3263 1325 ipse
3295 1263 3546 1321 venerat,
3583 1273 3726 1325 opus
3746 1271 3839 1307 ve-

2148 1343 2400 1397 nerabile
2427 1346 2825 1413 compleretur.
2857 1346 2996 1398 Cum
3027 1344 3220 1414 itaque
3247 1344 3557 1399 audimus:
3591 1365 3615 1394 ‹‹
3644 1346 3841 1398 Nonne

2147 1447 2251 1500 ego
2285 1448 2383 1485 vos
2414 1432 2715 1486 duodecim
2748 1433 2915 1501 elegi,
2947 1437 3001 1485 et
3027 1449 3177 1486 unus
3209 1450 3273 1486 ex
3300 1434 3456 1486 vobis
3478 1432 3737 1487 diabolus
3760 1438 3843 1486 est

2146 1521 2319 1590 (Joan.
2358 1538 2431 1585 vi,
2476 1524 2588 1585 7t),
2627 1521 2755 1573 illos
2798 1522 3072 1574 debemus
3124 1521 3447 1589 intelligere
3479 1523 3688 1574 electos
3740 1538 3843 1591 per

2150 1609 2621 1675 misericordiam,
2656 1610 2819 1662 illum
2853 1626 2958 1677 per
2981 1610 3293 1679 judicium;
3328 1611 3457 1663 illos
3488 1612 3552 1663 ad
3586 1610 3843 1663 obtinen-

2151 1698 2295 1779 dum.
2316 1713 2555 1767 regnum
2589 1713 2779 1762 suum,
2810 1698 2976 1750 illum
3008 1698 3074 1751 ad
3107 1698 3465 1751 fundendum
3501 1698 3839 1765 sanguinem

2149 1783 2364 1856 suum.]
2404 1787 2467 1839 Et
2498 1786 2553 1838 in
2602 1786 2706 1839 hac
2757 1786 3042 1839 sententia
3090 1787 3374 1855 duplicem
3427 1786 3678 1838 ostendit
3725 1790 3837 1838 ele-

2147 1874 2418 1939 ctionem,
2453 1874 2604 1945 quod
2638 1874 2734 1928 alii
2764 1874 2977 1927 scilicet
3007 1874 3293 1943 eligantur
3334 1890 3445 1927 non
3478 1874 3840 1959 permansuri

2146 1964 2204 2015 in
2238 1964 2511 2031 operibus
2548 1963 2809 2032 justitias,
2846 1963 2915 2016 de
2949 1963 3155 2032 quibus
3203 1963 3409 2016 dicitur
3440 1979 3453 2016 :
3487 1983 3511 2011 (ι
3551 1962 3706 2015 Multi
3748 1978 3843 2014 vo-

2147 2051 2295 2116 cati;
2334 2071 2361 2101 »
2409 2051 2507 2103 alii
2546 2067 2679 2103 vero
2733 2051 2811 2103 sic
2859 2050 3175 2118 eliguntur,
3222 2054 3284 2101 ut
3326 2055 3721 2116 permaneant,
3772 2050 3841 2103 de.

2147 2138 2356 2208 quibus
2405 2139 2485 2191 ait
2515 2139 2817 2207 Apostolus
2847 2154 2859 2190 :
2898 2160 2917 2185 ε
2956 2138 3106 2200 Quos
3150 2137 3598 2206 prmdestinavit,
3629 2138 3758 2190 illos
3788 2142 3843 2189 et

2148 2226 2366 2279 vocavit
2406 2226 2577 2295 (Rom.
2614 2242 2731 2291 \‘lll,
2762 2225 2876 2293 ‘29).
2918 2247 2937 2273 ι
2977 2227 3052 2279 Ex
3101 2225 3222 2277 istis
3253 2230 3444 2277 autem
3492 2226 3681 2278 nullus
3714 2241 3841 2295 per-

2148 2314 2229 2367 ire
2260 2320 2450 2385 potest
2479 2331 2492 2367 :
2527 2331 2659 2367 nam
2691 2319 2747 2367 et
2777 2315 2983 2368 Judam
3016 2312 3153 2367 dicit
3187 2314 3452 2377 electum,
3488 2313 3581 2366 sed
3617 2329 3728 2366 non
3775 2314 3843 2365 ad

2146 2419 2413 2472 regnum,
2460 2403 2555 2455 sed
2586 2404 2652 2455 ad
2693 2405 3041 2472 apostolatus
3095 2403 3394 2475 honorem.
3443 2402 3601 2465 Quod
3650 2407 3841 2455 autem

2147 2492 2308 2545 illum
2342 2492 2480 2544 dicit
2509 2492 2750 2544 electum
2785 2492 2851 2544 ad
2886 2491 3240 2545 fundendum
3274 2491 3613 2561 sanguinem
3650 2506 3841 2553 suum,

2149 2585 2381 2650 propter
2404 2580 2565 2632 illum
2594 2581 2828 2633 occultm
2854 2579 3375 2648 prmdestinationis
3399 2579 3659 2631 ordinem
3687 2578 3840 2643 dicit,

2150 2684 2263 2738 qua
2293 2668 2693 2721 universorum
2724 2672 2901 2732 actus,
2930 2667 2987 2721 id
3013 2671 3098 2720 est
3116 2666 3424 2731 bonorum,
3453 2672 3507 2720 et
3538 2668 3841 2731 malorum,

2150 2756 2369 2811 occulto
2393 2756 2611 2826 judicio
2641 2756 2906 2826 disponit.
2946 2756 3090 2820 Quia
3120 2756 3225 2807 etsi
3258 2756 3406 2809 bona
3437 2771 3630 2825 opera,
3665 2760 3722 2807 et
3751 2770 3846 2807 co-

2152 2846 2454 2915 gitationes
2486 2845 2651 2899 bona:
2682 2861 2715 2898 a
2745 2846 2859 2899 Deo
2897 2849 3025 2899 sunt
3058 2848 3303 2904 tantum,
3340 2845 3504 2897 malas
3538 2849 3727 2896 autem
3760 2858 3848 2895 co-

335 2943 401 2980 ex
445 2927 748 2997 operibus,
815 2929 1071 2999 alioquin
1133 2930 1316 2999 gratia
1368 2932 1490 3001 jam
1540 2948 1657 2985 non
1724 2938 1809 2986 est
1855 2933 2038 3002 gratia
2075 2937 2113 2991 C
2150 2932 2454 3003 gitationes
2515 2949 2580 2986 ex
2650 2932 3109 3002 concupiscentia
3173 2931 3470 2985 rationalis
3537 2936 3842 2994 creatum,

341 3019 512 3077 (Rom.
558 3033 637 3081 ιι,
702 3020 773 3081 6).
825 3038 852 3066 ››
886 3019 1009 3071 Non
1043 3019 1197 3071 enim
1242 3018 1321 3071 sic
1384 3023 1516 3072 sunt
1579 3020 1780 3082 vocati,
1833 3026 1896 3074 ut
1924 3038 2041 3075 non

339 3110 535 3158 essent
565 3105 761 3171 electi;
786 3110 1022 3175 propter
1047 3106 1197 3177 quod
1228 3108 1442 3159 dictum
1466 3112 1548 3159 est
1584 3123 1596 3159 :
1637 3127 1661 3157 (ι
1697 3108 1854 3162 Multi
1885 3109 2041 3161 enim

343 3194 547 3257 vocati,
580 3193 753 3263 pauci
782 3210 915 3246 vero
958 3194 1118 3247 electi
1158 3194 1381 3263 (Matth.
1419 3210 1510 3259 xx,
1556 3196 1663 3265 16).
1700 3216 1726 3246 »
1758 3196 1867 3250 Sed
1897 3213 2039 3268 quo-

342 3283 501 3335 niam
553 3282 869 3335 secundum
903 3283 1260 3352 propositum
1292 3284 1471 3337 vocati
1518 3289 1668 3350 sunt,
1704 3285 1956 3355 profecto
1985 3290 2044 3338 et

343 3371 509 3424 electi
560 3374 695 3423 sunt
742 3385 844 3439 per
893 3371 1253 3438 electionem,
1302 3379 1365 3426 ut
1400 3372 1614 3426 dictum
1663 3379 1765 3439 est,
1816 3374 2039 3445 gratiae,

343 3475 451 3512 non
506 3458 956 3528 praecedentium
988 3462 1325 3513 meritorum
1376 3476 1650 3526 suorum;
1694 3461 1830 3531 quia
1860 3462 2042 3532 gratia

339 3547 451 3601 illis
480 3551 567 3599 est
617 3562 787 3600 omne
821 3548 1111 3600 meritum.
1155 3548 1231 3601 De
1280 3548 1489 3602 talibus
1523 3549 1661 3602 dicit
1691 3553 1993 3617 Apostolus
2027 3568 2039 3605 :

342 3656 367 3685 ι
398 3636 631 3690 Scimus
666 3636 937 3705 quoniam
978 3636 1352 3707 diligentibus
1399 3639 1575 3691 Deum
1607 3641 1801 3691 omnia
1831 3654 2044 3708 coope-

339 3732 543 3778 rantur
570 3724 634 3777 in
666 3725 879 3777 bonum
915 3725 1021 3791 his,
1054 3726 1153 3794 qui
1189 3726 1499 3778 secundum
1532 3726 1899 3796 propositum
1943 3744 2040 3780 vo-

342 3815 448 3865 cati
481 3817 621 3865 sunt
652 3828 665 3864 :
699 3812 971 3881 quoniam
1023 3829 1166 3883 quos
1204 3818 1333 3867 ante
1384 3814 1687 3881 praescivit,
1724 3821 1781 3868 et
1822 3816 2040 3884 praede-

343 3902 576 3954 stinavit
645 3901 966 3954 conformes
1018 3901 1286 3970 imaginis
1356 3902 1478 3955 Filii
1525 3903 1633 3965 sui,
1684 3907 1743 3956 ut
1782 3904 1855 3956 sit
1920 3904 2043 3973 ipse

341 3989 774 4059 primogenitus
805 3990 863 4042 in
896 3990 1092 4043 multis
1135 3988 1450 4043 fratribus:
1486 4006 1631 4060 quos
1672 3996 1862 4044 autem
1893 4008 2042 4061 prae-

341 4078 671 4137 destinavit.
731 4079 859 4131 illos
914 4083 968 4132 et
1033 4078 1286 4143 vocavit;
1356 4095 1499 4149 quos
1565 4083 1756 4132 autem
1805 4080 2043 4145 vocavit,

345 4165 498 4235 ipsos
530 4173 589 4219 et
616 4166 983 4235 justiticavit;
1020 4183 1163 4236 quos
1195 4172 1383 4221 autem
1410 4168 1764 4236 justiticavit,
1810 4170 1964 4239 ipsos
1988 4174 2045 4223 et

345 4255 687 4323 glorificavit
724 4255 899 4324 (Rom.
922 4270 1049 4321 vin,
1082 4256 1289 4323 '28-30).
1328 4275 1355 4305 »
1390 4258 1463 4309 Ex
1495 4256 1618 4309 istis
1650 4257 1842 4310 nullus
1874 4258 2040 4327 perit,

344 4343 476 4413 quia
507 4358 715 4396 omnes
757 4343 917 4396 electi
968 4347 1117 4397 sunt.
1154 4344 1327 4397 Electi
1356 4348 1488 4397 sunt
1517 4350 1733 4411 autem,
1767 4346 1900 4416 quia
1950 4363 2043 4400 se-

342 4432 598 4485 cundum
633 4430 997 4500 propositum
1035 4431 1212 4485 vocati
1244 4436 1379 4486 sunt
1412 4448 1423 4485 :
1459 4434 1817 4502 propositum
1853 4439 2041 4487 autem

341 4537 454 4573 non
486 4534 682 4583 suum,
719 4518 817 4572 sed
854 4518 998 4590 Deis]
1030 4521 1167 4572 Item
1197 4521 1348 4590 quod
1379 4522 1571 4575 nullus
1602 4522 1913 4575 electorum
1944 4522 2043 4593 qui

341 4607 739 4679 predestinati
787 4613 938 4674 sunt,
988 4609 1175 4678 perire
1226 4614 1431 4679 potest,
1484 4615 1541 4663 et
1581 4611 1649 4663 de
1697 4611 1857 4673 Juda,
1893 4612 2041 4681 quod

343 4697 555 4750 electus
587 4696 646 4749 in
692 4697 1045 4765 apOstolatus
1076 4697 1353 4749 honorem
1388 4714 1490 4765 per
1515 4697 1817 4767 judicium,
1850 4698 1937 4750 vel
1974 4697 2044 4750 ad

343 4785 760 4838 effundendum
829 4784 1168 4851 sanguinem
1239 4784 1464 4848 Christi,
1524 4801 1653 4838 cum
1713 4791 2047 4855 loqueretur

340 4873 621 4942 praefatus
662 4872 863 4925 doctor
890 4873 949 4925 in
996 4873 1194 4927 eodem
1224 4873 1371 4926 libro
1420 4873 1559 4943 (cap.
1604 4875 1660 4941 7)
1694 4873 1762 4925 de
1796 4873 2044 4943 capitulo

340 4961 611 5029 apostoli,
660 4961 719 5013 in
769 4976 882 5030 quo
933 4960 1057 5013 ait:
1093 4979 1118 5009 ‹‹
1158 4962 1312 5024 Quos
1359 4966 1550 5014 autem
1599 4961 2042 5031 praedestinavit,

339 5048 473 5103 illos
508 5055 561 5103 et
589 5049 834 5114 vocavit,
872 5068 901 5099 η
931 5049 1009 5102 ita
1040 5049 1336 5118 subjunxit
1368 5065 1382 5102 :
1417 5048 1548 5120 [Eos
1578 5050 1773 5120 itaque
1802 5051 1925 5104 vult
1959 5051 2044 5104 in-

343 5138 555 5209 telligi,
604 5153 750 5208 quos
784 5158 811 5184 υ
863 5138 1175 5191 secundum
1225 5139 1588 5208 propositum
1640 5138 1937 5205 vocavit,»
1973 5156 2043 5193 ne

338 5231 622 5297 putentur
652 5226 711 5279 in
744 5225 829 5280 eis
859 5225 1038 5296 aliqui
1066 5242 1185 5279 esse
1215 5226 1421 5291 vocati,
1456 5231 1513 5279 et
1544 5242 1661 5280 non
1693 5226 1880 5291 electi,
1911 5243 2045 5297 pro-

340 5320 471 5386 pter
515 5315 674 5368 illam
723 5313 1078 5367 Dominicam
1111 5315 1451 5368 sententiam
1486 5331 1500 5368 :
1533 5334 1559 5365 ‹‹
1611 5314 1769 5368 Multi
1814 5316 2043 5382 vocati.,

342 5404 513 5474 pauci
542 5401 707 5456 electi
733 5401 951 5471 (Matth.
980 5417 1070 5466 xx,
1106 5405 1213 5468 l6).
1248 5421 1276 5451 π
1308 5402 1645 5473 Quicunque
1676 5403 1832 5456 enim
1858 5404 2042 5473 electi,

340 5490 466 5544 sine
514 5489 691 5544 dubio
725 5489 897 5544 etiam
931 5490 1114 5543 vocati
1149 5506 1162 5544 :
1199 5506 1315 5545 non
1354 5494 1547 5546 autem
1581 5492 1911 5563 quicunque
1956 5508 2046 5545 vo-

2153 3022 2297 3075 sicut
2323 3027 2380 3074 et
2410 3022 2558 3075 mala
2590 3037 2765 3091 opera
2796 3037 2863 3075 ex
2893 3022 3044 3074 mala
3074 3020 3559 3089 concupiscentia,
3596 3035 3711 3072 non
3743 3034 3844 3071 au-

2151 3114 2265 3162 tem
2296 3125 2325 3161 a
2364 3110 2501 3162 Deo.
2544 3112 2804 3161 Attamen
2834 3109 3043 3161 divinas
3072 3107 3461 3176 dispositionis
3490 3108 3689 3160 ordine
3722 3123 3846 3159 mo-

2152 3196 2423 3249 derantur
2454 3212 2466 3249 :
2502 3195 2634 3265 quia
2665 3196 2725 3248 in
2756 3194 2860 3248 hac
2902 3194 3215 3265 republica,
3250 3210 3375 3263 quae
3422 3199 3503 3246 est
3548 3194 3847 3246 universus

2152 3285 2424 3351 mundus,
2460 3284 2827 3355 omnipotens
2853 3285 3016 3345 Deus,
3047 3283 3189 3335 sicut
3219 3288 3273 3335 et
3303 3286 3508 3348 rector,
3541 3281 3619 3334 ita
3651 3287 3707 3335 et
3735 3282 3847 3335 dis-

2153 3373 2371 3444 positor
2413 3379 2519 3438 est,
2553 3379 2609 3427 et
2670 3372 2865 3426 omnia
2897 3388 3025 3442 quae
3060 3372 3227 3437 ﬁunt,
3271 3370 3425 3424 illius
3487 3369 3845 3440 dispositioni

2152 3461 2424 3515 serviunt.
2463 3461 2603 3515 Nam
2628 3460 2884 3530 quamvis
2915 3460 3096 3514 multa
3128 3459 3286 3523 ﬁant,
3315 3475 3444 3528 qua:
3471 3464 3663 3511 contra
3693 3458 3848 3511 illius

2153 3550 2504 3603 voluntatem
2537 3548 2662 3602 ﬁeri
2692 3548 3016 3615 videantur,
3049 3548 3203 3601 unde
3238 3553 3428 3601 tamen
3460 3547 3614 3600 illius
3643 3547 3844 3599 volun-

2150 3639 2257 3691 tati
2288 3653 2609 3708 repugnare
2640 3638 2925 3699 videntur,
2972 3638 3102 3691 inde
3134 3637 3304 3690 etiam
3333 3637 3455 3705 ejus
3485 3633 3844 3705 dispositioni

2156 3727 2425 3783 serviunt.
2461 3727 2600 3780 Item
2635 3727 2787 3796 quod
2829 3728 2927 3796 qui
2958 3731 3220 3796 pereunt,
3266 3726 3332 3778 de
3366 3739 3603 3776 numero
3638 3723 3848 3775 electo—

2156 3832 2282 3869 rum
2313 3831 2431 3868 non
2463 3821 2616 3880 sunt;
2655 3815 2711 3866 in
2744 3815 2944 3867 eodem
2994 3815 3139 3867 libro
3166 3814 3310 3882 (cap.
3346 3812 3398 3879 7)
3428 3812 3506 3864 sic
3533 3812 3802 3865 docemur
3831 3828 3843 3864 :

2160 3906 2416 3971 (Horum,
2449 3902 2656 3973 inquit,
2690 3902 2829 3955 tides
2860 3919 2987 3972 quae
3018 3918 3120 3971 per
3159 3901 3521 3953 dilectionem
3555 3905 3843 3969 operatur,

2156 3993 2407 4064 profecto
2435 3996 2533 4044 aut
2564 3991 2797 4044 omnino
2832 4006 2949 4043 non
2981 3990 3193 4057 delicit,
3224 3993 3323 4041 aut
3351 3988 3395 4040 si
3429 3988 3527 4058 qui
3558 3988 3671 4041 sint
3702 4004 3845 4058 quo-

2157 4097 2284 4133 rum
2319 4080 2529 4145 deﬁcit,
2578 4083 2878 4150 reparatur
2930 4085 3235 4148 antequam
3286 4076 3394 4130 ista
3438 4077 3553 4129 vita
3592 4076 3844 4140 tiniatur,

2156 4174 2213 4221 et
2242 4168 2427 4221 deleta
2458 4184 2582 4237 quae
2617 4167 3093 4221 intercucurrerat
3119 4165 3442 4235 iniquitate,
3477 4181 3658 4235 usque
3689 4164 3749 4218 in
3775 4164 3848 4217 Ii—

2156 4273 2285 4310 nem
2316 4256 2749 4326 perseverantiae
2780 4256 3104 4325 deputatur.
3138 4254 3248 4318 Qui
3277 4269 3404 4307 vero
3431 4251 3849 4324 perseveraturi

2154 4361 2269 4398 non
2318 4348 2470 4409 sunt,
2521 4358 2584 4396 ac
2617 4344 2695 4396 sic
2725 4360 2756 4395 a
2806 4344 2916 4397 ﬁde
2956 4343 3275 4399 Christiana
3324 4346 3379 4395 et
3416 4340 3848 4395 conversatione

2154 4433 2369 4503 lapsuri
2399 4436 2554 4497 sunt,
2601 4436 2665 4484 ut
2710 4432 2853 4485 tales
2884 4447 2981 4485 eos
3009 4431 3137 4484 vitae
3184 4430 3356 4500 hujus
3396 4430 3528 4483 ﬁnis
3571 4430 3845 4496 inveniat,

2155 4521 2349 4592 procul
2382 4519 2556 4574 dubio
2588 4536 2691 4573 nec
2728 4520 2827 4574 illo
2869 4525 3151 4589 tempore,
3186 4536 3300 4590 quo
3332 4519 3473 4572 bene
3518 4518 3729 4588 pieque
3763 4517 3846 4570 vi-

2156 4615 2314 4675 vunt,
2348 4608 2405 4661 in
2430 4608 2669 4662 istorum
2698 4624 2939 4662 numero
2960 4607 3329 4677 computandi
3360 4612 3510 4659 sunt.
3542 4607 3664 4659 Non
3696 4605 3847 4659 enim

2155 4704 2287 4751 sunt
2318 4714 2348 4748 a
2379 4712 2563 4749 massa
2590 4696 2687 4749 illa
2716 4696 3053 4766 perditionis
3084 4694 3443 4765 praescicntia
3487 4694 3584 4747 Dei
3616 4697 3671 4746 et
3701 4710 3851 4764 pras—

2154 4784 2536 4840 destinatione
2568 4783 2817 4851 discreti,
2859 4789 2915 4838 et
2942 4784 3070 4838 ideo
3101 4800 3204 4837 nec
3236 4783 3551 4837 secundum
3585 4780 3848 4853 proposi-

2156 4880 2279 4927 tum
2309 4872 2512 4940 vocati,
2563 4889 2628 4925 ac
2657 4888 2760 4940 per
2788 4873 2895 4926 hoc
2928 4888 3032 4926 nec
3076 4872 3260 4938 electi,
3292 4873 3390 4926 sed
3440 4872 3502 4926 in
3535 4872 3618 4924 eis
3666 4868 3848 4921 vocati

2155 4966 2306 5023 sunt,
2352 4961 2420 5014 de
2452 4960 2661 5031 quibus
2692 4961 2902 5015 dictum
2935 4966 3021 5015 est
3069 4961 3286 5031 (Matth.
3327 4977 3416 5024 xx,
3456 4964 3539 5025 16)
3576 4974 3588 5011 :
3628 4976 3655 5006 α
3687 4954 3846 5009 Multi

2154 5049 2357 5116 vocati,
2428 5055 2483 5103 et
2511 5064 2627 5102 non
2658 5048 2717 5102 in
2770 5048 2851 5102 eis
2911 5050 2980 5103 de
3014 5050 3224 5120 quibus
3272 5049 3483 5103 dictum
3535 5049 3641 5110 est,
3680 5041 3848 5113 pauci

2155 5154 2286 5190 vero
2333 5136 2519 5191 electi.
2558 5158 2579 5184 ιι
2617 5138 2682 5191 Et
2730 5142 2923 5190 tamen
2971 5137 3198 5209 quieos
3248 5140 3418 5205 neget
3465 5134 3670 5186 electos
3717 5148 3846 5185 cum

2154 5226 2413 5292 credunt,
2478 5230 2534 5278 et
2595 5225 2977 5296 baptizantur,
3039 5231 3094 5279 et
3147 5223 3457 5278 secundum
3519 5219 3700 5274 lleum
3756 5221 3846 5274 vi-

2154 5313 2344 5368 vunt?
2394 5314 2567 5368 Plane
2625 5315 2894 5369 dicuntur
2945 5313 3109 5368 electi
3166 5329 3197 5365 a
3252 5308 3637 5363 nescientibus
3712 5310 3847 5381 quid

2156 5402 2335 5458 futuri
2375 5407 2525 5471 sunt,
2577 5419 2695 5458 non
2741 5404 2809 5458 ab
2852 5404 2951 5457 illo
3015 5401 3115 5472 qni
3177 5414 3273 5453 eos
3337 5398 3498 5452 novit
3563 5415 3680 5455 non
3747 5401 3848 5454 ha—

2156 5492 2291 5547 bere
2343 5493 2826 5562 perseverantiam
2881 5507 3009 5561 quas
3058 5488 3129 5543 ad
3191 5488 3416 5541 beatam
3482 5490 3655 5543 vitam
3720 5504 3851 5558 per-
