4138 6194
287 230 353 283 35
1416 213 1777 270 BATRAMNI
1816 209 2279 269 CORBEIENSIS
2312 209 2619 266 MONACHI
3722 212 3801 264 36

285 358 443 413 ducit
489 357 715 419 electos,
784 351 1005 421 scitque
1052 347 1184 402 illos
1244 346 1321 401 ita
1360 350 1530 411 stare,
1597 350 1662 399 ut
1722 342 1987 414 praescie-
2027 347 2068 399 A
2099 359 2234 397 vero
2282 343 2514 396 venient
2574 342 2639 396 ad
2682 341 2991 411 Christum,
3048 342 3184 413 quia
3245 341 3327 398 ita
3355 342 3595 398 veniunt
3648 360 3801 416 quo-

287 446 363 501 rit
392 463 510 500 esse
544 458 772 498 casuros
807 438 998 508 (Ibid.,
1047 452 1094 490 c.
1129 436 1201 503 8).
1234 435 1334 489 Hic
1362 434 1409 487 si
1455 450 1485 486 a
1529 448 1621 486 me
1670 437 1985 503 quaeratur,

289 550 390 587 cur
419 535 497 587 eis
529 534 677 587 Deus
722 524 1209 599 perseverantiam
1259 538 1374 576 non
1411 521 1655 588 dederit,
1708 520 1807 591 qui
1836 535 1987 588 eam,

291 639 403 692 qua
433 621 749 675 Christiane
779 616 1051 678 viverent,
1093 611 1463 666 dilectionem
1497 609 1674 675 dedit,
1708 625 1797 662 me
1827 608 1989 679 igno-

290 726 418 763 rare
449 708 789 779 respondeo.
829 705 952 758 Non
978 700 1131 755 enim
1162 703 1520 769 arroganter,
1550 699 1648 751 sed
1671 712 1989 767 agnoscens

291 797 588 851 modulum
636 809 846 856 meum,
896 790 1065 843 audio
1108 788 1392 842 dicentem
1445 787 1784 856 Apostolum
1829 802 1840 839 :
1884 806 1907 833 (ι
1947 786 1987 835 ί)

289 886 483 951 homo,
504 891 562 938 tu
594 884 723 953 quis
745 897 823 947 es,
853 879 953 950 qui
976 877 1323 948 respondeas
1342 875 1497 930 Deo?
1527 896 1550 923 ι
1580 876 1750 945 (Rom.
1780 890 1853 939 1x,
1876 874 1990 943 20.)

296 975 357 1027 Et
384 991 445 1027 ;‹‹
476 975 516 1026 0
540 969 781 1024 altitudo
808 968 1137 1022 divitiarum
1171 964 1464 1035 sapientiae
1494 968 1550 1017 et
1573 962 1827 1017 scientiae
1856 960 1988 1015 Deil

296 1079 469 1132 quam
522 1057 916 1114 inscrutabilia
968 1060 1102 1109 sunt
1139 1054 1359 1124 judicia
1405 1055 1547 1124 ejus,
1598 1056 1655 1107 et
1693 1051 1994 1121 investiga-

292 1151 434 1205 biles
467 1149 566 1202 viae
597 1146 749 1217 ejus!
788 1167 814 1196 ι)
849 1150 1019 1211 (Rom.
1052 1160 1125 1209 x1,
1162 1142 1274 1213 33.)
1297 1142 1582 1206 Quantum
1613 1142 1805 1212 itaque
1828 1138 1993 1194 nobis

290 1238 509 1308 judicia
556 1254 658 1291 sua
705 1235 1069 1289 manifestare
1117 1232 1406 1303 dignatur,
1454 1230 1663 1301 gratias
1703 1244 1989 1300 agamus:

296 1330 578 1396 quantum
612 1341 744 1378 vero
797 1321 1165 1385 abscondere,
1197 1336 1317 1373 non
1356 1319 1624 1373 adversus
1657 1319 1779 1388 ejus
1808 1317 1995 1370 consi—

298 1416 437 1467 lium
472 1410 943 1479 murmuremus.]
977 1410 1044 1462 Et
1074 1408 1164 1462 bic
1197 1408 1486 1478 geminam
1529 1405 1863 1460 electionem
1903 1421 1995 1458 ex-

297 1519 515 1573 ponens
564 1502 702 1554 alios
731 1501 811 1554 sic
860 1499 997 1553 dicit
1042 1498 1266 1560 electos,
1299 1497 1439 1549 alios
1486 1511 1619 1548 vero
1665 1494 1729 1548 ad
1764 1500 1992 1564 tempus

298 1593 525 1654 electos,
557 1590 651 1644 sed
686 1606 801 1642 non
834 1604 1013 1658 usque
1044 1586 1103 1639 in
1135 1587 1307 1639 tinem
1341 1600 1767 1653 permansuros.
1804 1583 1990 1646 Quare
2031 1620 2072 1674 Β

298 1685 490 1733 autem
523 1679 605 1731 illi
653 1678 732 1730 sic
763 1677 1070 1745 eligantur,
1104 1679 1161 1727 et
1190 1673 1283 1727 isti
1317 1673 1416 1739 sic,
1452 1671 1597 1725 sicut
1630 1672 1932 1740 ignoratur
1962 1687 1991 1723 a

301 1768 482 1835 nobis,
516 1768 591 1820 ita
641 1783 745 1819 nec
776 1764 1217 1819 discutiendum.
1254 1764 1393 1815 Item
1434 1760 1589 1831 quod
1634 1760 1767 1813 ﬁliis
1798 1759 1997 1812 intide-

300 1858 438 1910 lium
489 1856 586 1909 dat
638 1856 784 1909 Deus
835 1851 1341 1923 perseverantiam,
1388 1853 1444 1903 et
1491 1849 1626 1903 ﬁliis
1674 1848 1994 1902 inﬁdelium

301 1961 414 1998 non
449 1944 565 2006 dat,
620 1939 1010 1994 inscrutabilia
1054 1953 1175 1992 esse
1218 1936 1438 2006 judicia
1486 1935 1585 1989 Dei
1614 1934 1767 1988 idem
1798 1934 1997 1987 doctor

298 2031 545 2085 ostendit
612 2030 671 2082 in
729 2027 931 2081 eodem
990 2026 1133 2078 libro
1186 2026 1322 2092 (cap.
1395 2023 1446 2093 8)
1488 2022 1728 2076 dicens:
1768 2022 1997 2092 [Miran-

302 2121 437 2173 dum
470 2123 553 2171 est
585 2116 840 2187 quidem,
888 2114 1249 2182 multumque
1282 2111 1628 2176 mirandum,
1680 2110 1833 2179 quod
1864 2109 1998 2163 ﬁliis

300 2207 415 2259 suis
467 2204 806 2275 quibusdam
858 2203 1028 2265 Deus,
1062 2216 1205 2270 quos
1252 2197 1611 2269 regeneravit
1653 2196 1713 2251 in
1756 2197 1994 2265 Christo,

301 2294 506 2365 quibus
544 2293 734 2356 ﬁdem,
778 2306 958 2360 spem,
990 2288 1358 2342 dilectionem
1392 2286 1568 2352 dedit,
1598 2301 1717 2338 non
1749 2286 1848 2339 dat
1878 2302 1999 2356 per-

301 2381 701 2445 severantiam,
752 2394 882 2432 cum
933 2376 1066 2431 ﬁliis
1113 2376 1315 2429 alienis
1347 2375 1560 2428 scelera
1595 2378 1750 2427 tanta
1798 2374 1996 2428 dimit-

302 2474 401 2537 tat,
434 2474 605 2539 atque
654 2465 947 2537 impertita
1012 2464 1195 2534 gratia
1234 2480 1368 2517 suos
1415 2463 1585 2516 faciat
1643 2462 1812 2515 ﬁlios.
1862 2461 2000 2525 Quis

301 2557 408 2611 hoc
440 2573 557 2610 non
587 2555 866 2609 miretur?
898 2552 1027 2624 quis
1060 2553 1167 2606 hoc
1196 2567 1315 2605 non
1353 2549 1851 2605 vehementissime
1886 2554 2001 2604 stu-

310 2646 488 2715 peat?
514 2644 622 2698 Sed
655 2644 826 2697 etiam
875 2641 1017 2695 illud
1058 2656 1172 2694 non
1206 2638 1396 2692 minus
1441 2639 1653 2692 mirum
1685 2642 1788 2704 est,
1822 2643 1879 2691 et
1908 2642 1999 2691 ta-

309 2749 443 2787 men
474 2749 670 2785 verum
702 2736 873 2801 atque
900 2730 979 2783 ita
1002 2728 1387 2795 manifestum,
1419 2732 1484 2781 ut
1509 2743 1611 2780 nec
1636 2726 1747 2797 ipsi
1780 2726 1998 2780 inimici

301 2822 502 2893 gratiae
557 2820 672 2888 Dei,
725 2818 1013 2890 quomodo
1060 2817 1117 2871 id
1166 2820 1378 2886 negent
1426 2816 1653 2868 valeant
1718 2815 1994 2881 invenire,

302 2892 454 2979 quod
487 2907 636 2961 ﬁlios
684 2906 959 2977 quosdam
991 2904 1302 2959 amicorum
1354 2920 1612 2970 suorum,
1645 2904 1753 2957 hoc
1796 2908 1881 2957 est
1908 2920 1998 2956 re-
2034 2892 2074 2948 (Σ

303 3000 730 3067 generatorum,
779 2995 1181 3064 bonorumque
1221 2993 1499 3059 ﬁdelium,
1544 2992 1667 3046 sine
1712 2992 1998 3062 baptismo

303 3086 437 3140 hinc
466 3085 737 3155 parvulos
763 3087 1050 3147 exeuntes,
1088 3082 1299 3152 quibus
1320 3082 1517 3152 utique
1538 3081 1584 3135 si
1610 3081 1796 3146 vellet,
1827 3081 2000 3151 hujus

308 3174 517 3229 lavacri
562 3172 805 3243 gratiam
840 3176 1193 3242 procuraret,
1241 3171 1300 3224 in
1334 3171 1495 3240 cujus
1545 3174 1825 3241 potestate
1870 3174 2002 3224 sunt

299 3263 512 3331 omnia,
550 3263 764 3316 alienat
794 3278 827 3314 a
854 3276 1032 3331 regno
1061 3277 1184 3326 suo,
1224 3276 1339 3329 quo
1368 3264 1636 3328 parentes
1665 3258 1841 3312 mittit
1871 3258 1998 3311 illo-

302 3367 453 3418 rum,
524 3355 580 3403 et
644 3349 921 3418 quosdam
986 3346 1136 3400 ﬁlios
1205 3347 1568 3399 inimicorum
1624 3361 1862 3399 suorum
1924 3345 2003 3399 fa-

304 3440 381 3493 cit
437 3439 498 3491 in
551 3453 758 3490 manus
818 3434 1275 3488 Christianorum
1328 3434 1555 3501 venire,
1620 3438 1676 3488 et
1735 3449 1841 3503 per
1895 3433 2001 3487 hoc

303 3528 593 3581 lavacrum
642 3523 955 3579 introducit
1004 3523 1065 3577 in
1110 3539 1374 3593 regnum,
1416 3539 1447 3577 a
1489 3538 1604 3592 quo
1653 3538 1854 3577 eorum
1897 3539 1997 3592 pa-

303 3620 494 3669 rentes
541 3612 713 3667 alieni
744 3615 876 3665 sunt
905 3627 919 3665 :
952 3628 1080 3665 cum
1112 3616 1167 3665 et
1212 3611 1323 3665 illis
1356 3611 1593 3677 malum,
1636 3614 1692 3664 et
1730 3612 1853 3665 istis
1894 3612 1996 3666 bo-

304 3719 445 3757 num
479 3702 749 3756 meritum
817 3700 1042 3755 nullum
1070 3700 1144 3754 sit
1204 3700 1455 3771 parvulis
1521 3716 1585 3753 ex
1621 3716 1823 3755 eorum
1870 3716 1998 3770 pro-

302 3792 429 3862 pria
458 3792 768 3845 voluntate.
804 3788 965 3843 Certe
996 3789 1116 3843 haec
1140 3788 1359 3858 judicia
1391 3787 1511 3856 Dei,
1546 3788 1817 3858 quoniam
1842 3789 1999 3858 justa

305 3886 357 3935 et
389 3882 503 3935 alta
528 3882 682 3946 sunt,
728 3895 831 3933 nec
879 3878 1193 3948 vituperari
1236 3882 1496 3947 possunt,
1547 3893 1652 3931 nec
1683 3878 1992 3947 penetrari.

306 3972 365 4025 ln
406 3972 496 4025 his
529 3974 613 4023 est
674 3973 729 4022 et
760 3968 901 4021 illud
948 3968 1017 4020 de
1082 3966 1540 4035 perseverantia;
1575 3965 1644 4018 de
1696 3981 1808 4036 qua
1848 3982 1999 4020 nunc

304 4059 630 4114 dubitantes
677 4057 1067 4125 disputamus;
1105 4054 1175 4108 de
1206 4054 1461 4123 utrisque
1509 4054 1685 4122 igitur
1715 4055 1994 4108 exclame-

2097 433 2269 486 modo
2302 431 2424 501 ipse
2468 431 2650 485 dicit:
2692 452 2714 480 ι
2752 430 2930 485 Omne
2974 432 3125 501 quod
3173 432 3270 485 dat
3316 432 3456 485 mihi
3487 434 3672 499 Pater,
3724 433 3802 488 ad

2099 536 2191 574 me
2220 520 2440 587 veniet;
2471 525 2529 574 et
2560 536 2692 574 eum
2743 519 2845 590 qui
2877 520 3031 573 venit
3056 520 3127 574 ad
3161 536 3270 587 me,
3302 536 3417 574 non
3462 521 3686 591 ejiciam
3717 522 3804 576 fo-

2099 625 2190 663 ras
2221 611 2393 680 (Joan.
2427 625 2501 677 v1,
2534 609 2647 676 37.)
2680 629 2707 657 ››
2743 609 2808 662 Et
2828 608 3000 677 paulo
3023 613 3153 678 post
3184 625 3198 661 :
3235 630 3263 657 «
3295 610 3423 662 Haec
3452 615 3556 671 est,
3582 610 3799 682 inquit,

2100 700 2357 752 voluntas
2406 698 2530 767 ejus
2560 696 2660 769 qui
2712 697 2866 751 misit
2914 713 3029 763 me,
3082 697 3281 764 Patris,
3313 703 3379 752 ut
3422 715 3591 753 omne
3639 701 3802 770 quod

2101 788 2262 842 dedit
2291 787 2433 841 mihi
2467 789 2654 855 Pater,
2682 802 2799 840 non
2821 788 3060 856 perdam
3091 803 3155 839 ex
3178 803 3245 841 eo
3269 787 3432 853 (Ibid.
3471 830 3485 855 ,
3519 788 3623 857 39).
3659 808 3686 839 »
3707 788 3799 842 Ab

2101 876 2201 935 illo
2236 892 2372 947 ergo
2403 876 2571 930 datur
2591 875 2761 929 etiam
2795 876 3221 944 perseverantia
3251 875 3310 928 in
3340 876 3492 929 bono
3523 893 3700 946 usque
3731 877 3798 931 in

2101 964 2296 1018 ﬁnem.
2345 965 2539 1034 Neque
2570 963 2723 1017 enim
2752 964 2941 1028 datur,
2970 964 3080 1018 nisi
3110 963 3191 1017 eis
3221 964 3321 1035 qui
3351 981 3464 1018 non
3504 966 3797 1035 peribunt,

2103 1053 2379 1122 quoniam
2425 1053 2526 1122 qui
2589 1068 2700 1105 non
2764 1058 3150 1122 perseverant,
3222 1054 3509 1124 peribunt.
3569 1054 3801 1108 Talibus

2108 1143 2283 1195 Deum
2315 1160 2341 1192 «
2374 1141 2749 1212 diligentibus
2772 1140 2965 1195 omnia
2987 1147 3369 1211 cooperantur
3399 1142 3458 1195 in
3490 1142 3701 1197 bonum
3727 1160 3739 1198 :
3766 1164 3798 1195 ι

2103 1245 2283 1300 usque
2331 1230 2476 1284 adeo
2523 1245 2757 1299 prorsus
2806 1229 3021 1291 omnia,
3055 1235 3117 1284 ut
3164 1229 3333 1283 etiam
3367 1230 3413 1284 si
3466 1232 3565 1301 qui
3596 1248 3803 1287 eorum

2104 1314 2334 1368 deviant
2393 1319 2449 1369 et
2480 1314 2820 1382 exorbitant,
2870 1314 3043 1368 etiam
3107 1315 3216 1369 hoc
3264 1316 3449 1385 ipsum
3518 1317 3599 1370 eis
3631 1318 3806 1373 faciat

2104 1402 2381 1471 proﬁcere
2411 1403 2470 1456 in
2515 1402 2754 1466 bonum,
2798 1402 2935 1472 quia
2972 1402 3309 1456 humiliores
3356 1403 3597 1457 redeunt
3625 1408 3804 1475 atque

2104 1492 2383 1545 doctiores
2419 1508 2431 1544 :
2466 1492 2693 1545 discunt
2726 1492 2881 1545 enim
2929 1492 2987 1545 in
3035 1492 3161 1561 ipsa
3193 1492 3282 1545 via
3325 1493 3478 1563 justa
3525 1509 3651 1546 cum
3693 1499 3805 1546 tre-

2104 1598 2265 1635 more
2296 1598 2355 1635 se
2399 1583 2681 1635 exsultare
2726 1582 2955 1647 debere,
2991 1597 3107 1634 non
3154 1581 3262 1635 sibi
3314 1582 3633 1651 arrogando
3666 1587 3803 1635 tan-

2107 1686 2280 1740 quam
2343 1670 2412 1724 de
2462 1686 2563 1723 sua
2595 1670 2801 1723 virtute
2869 1669 3135 1723 ﬁduciam
3184 1670 3600 1739 permanendi.]
3654 1673 3800 1724 Item

2106 1759 2259 1828 quod
2290 1759 2389 1829 qui
2434 1759 2512 1811 sic
2542 1758 2753 1813 cadunt
2779 1761 2840 1811 ut
2869 1764 3127 1828 pereant,
3159 1758 3228 1812 de
3260 1758 3801 1827 prmdestinatorum

2106 1863 2346 1901 numero
2394 1863 2509 1901 non
2538 1847 2773 1913 fuerint,
2823 1846 2881 1900 in
2911 1847 3112 1901 eodem
3157 1847 3302 1901 libro
3333 1848 3473 1916 (cap.
3514 1849 3621 1917 t2),
3666 1864 3801 1901 cum

2103 1936 2338 1991 Joannis
2366 1935 2607 2006 apostoli
2649 1936 2931 1989 sententia
2959 1939 3300 1989 tractaretur
3331 1935 3569 1989 dicentis
3598 1952 3610 1989 :
3650 1958 3668 1982 ι
3706 1937 3803 1989 Est

2106 2029 2401 2094 peccatum
2432 2024 2503 2078 ad
2533 2029 2779 2078 mortem
2812 2040 2927 2078 non
2959 2040 3061 2095 pro
3094 2024 3192 2077 illo
3224 2024 3351 2077 dico
3387 2028 3448 2077 ut
3476 2029 3639 2094 roget
3669 2025 3803 2094 quis

2109 2112 2165 2183 (Ι
2191 2116 2347 2167 Joan.
2383 2130 2436 2178 v,
2479 2115 2587 2181 t6},
2623 2134 2652 2162 »
2684 2112 2804 2167 haec
2846 2113 3021 2166 verba
3052 2113 3250 2166 beatus
3279 2113 3627 2182 Augustinus
3657 2113 3801 2166 sub-

2102 2200 2295 2270 jungit
2330 2216 2341 2253 :
2379 2200 2476 2270 [De
2519 2217 2633 2270 quo
2681 2204 2936 2271 peccato,
2981 2200 3255 2270 quoniam
3304 2216 3418 2254 non
3466 2215 3800 2271 expressum

2108 2294 2207 2349 est,
2253 2293 2494 2358 possunt
2541 2289 2722 2342 multa
2752 2293 2809 2342 et
2839 2288 3060 2342 diversa
3105 2288 3325 2341 sentiri.
3361 2290 3475 2359 Ego
3520 2292 3708 2341 autem
3741 2288 3803 2343 id

2108 2393 2226 2430 esse
2257 2381 2553 2447 peccatum
2595 2377 2785 2439 ﬁdem,
2817 2393 2946 2448 quae
2976 2393 3079 2448 per
3111 2376 3477 2430 dilectionem
3508 2380 3802 2445 operator,

2108 2465 2373 2519 deserere
2406 2481 2585 2535 usque
2633 2466 2703 2519 ad
2735 2470 3014 2531 mortem;
3062 2466 3197 2518 huic
3225 2470 3453 2535 peccato
3502 2464 3651 2517 ultra
3681 2479 3801 2517 non

2108 2554 2363 2608 serviunt
2407 2570 2522 2607 non
2556 2553 2743 2624 prima
2772 2554 3119 2618 conditione,
3161 2552 3306 2606 sicut
3333 2553 3449 2619 ille,
3484 2552 3668 2617 liberi,
3698 2552 3800 2605 sed

2110 2658 2212 2712 per
2259 2641 2571 2696 secundum
2621 2643 2801 2696 Adam
2865 2642 2964 2695 Dei
2991 2641 3174 2711 gratia
3223 2639 3468 2707 liberati,
3502 2644 3556 2693 et
3600 2639 3705 2692 ista
3734 2638 3803 2692 li-

2112 2731 2402 2784 beratione
2450 2730 2724 2784 habentes
2754 2730 3000 2783 liberum
3039 2728 3362 2792 arbitrium,
3394 2742 3509 2797 quo
3544 2726 3802 2780 serviunt

2111 2818 2246 2881 Deo,
2282 2834 2396 2872 non
2432 2835 2545 2889 quo
2582 2818 2942 2888 captiventur
2970 2834 3004 2870 a
3034 2817 3294 2883 diabolo;
3330 2835 3354 2864 α
3388 2814 3610 2869 liberati
3640 2814 3799 2868 enim

2108 2921 2142 2959 a
2188 2909 2418 2975 peccato
2469 2906 2613 2959 servi
2658 2906 2790 2959 facti
2838 2909 2969 2959 sunt
3012 2904 3252 2974 justitia:
3304 2904 3473 2974 (Rom.
3510 2919 3583 2970 vi,
3630 2902 3732 2970 l8),
3768 2921 3793 2949 ι

2108 2994 2170 3047 in
2201 3010 2314 3064 qua
2343 2993 2577 3048 stabunt
2603 3010 2781 3064 usque
2814 2994 2875 3047 in
2904 2995 3099 3057 ﬁnem,
3130 2994 3377 3047 donante
3404 2991 3512 3046 sibi
3542 3007 3796 3061 perseve-

2108 3082 2354 3135 rantiam
2384 3082 2485 3136 illo
2533 3082 2632 3152 qui
2668 3104 2689 3130 ι
2727 3099 2825 3136 eos
2862 3082 3147 3152 praescivit
3174 3086 3230 3135 et
3269 3079 3707 3150 praedestinavit,
3741 3084 3803 3133 et

2108 3171 2419 3225 secundum
2454 3171 2813 3241 propositum
2857 3170 3076 3224 vocavit
3107 3172 3164 3223 et
3194 3169 3551 3239 justiﬁcavit,
3589 3191 3608 3215 ι
3654 3183 3803 3237 quo-

2106 3258 2264 3311 niam
2295 3258 2412 3325 illa,
2446 3275 2576 3328 quae
2606 3259 2677 3313 de
2708 3259 2794 3312 his
2822 3258 3104 3329 promisit,
3136 3258 3307 3311 etiam
3348 3256 3539 3310 futura
3560 3256 3680 3326 jam
3713 3255 3803 3308 fe-

2109 3346 2202 3399 cit.
2248 3347 2349 3399 Cui
2393 3346 2755 3415 promittenti
2788 3367 2816 3396 κ
2848 3346 3092 3401 credidit
3122 3345 3423 3411 Abraham,
3475 3348 3531 3399 et
3559 3344 3801 3413 deputa-

2107 3438 2232 3487 tum
2261 3438 2345 3487 est
2376 3434 2463 3487 illi
2496 3435 2566 3488 ad
2588 3435 2904 3504 justitiam;
2931 3435 3086 3489 dedit
3117 3454 3145 3485 α
3174 3434 3327 3488 enim
3358 3453 3385 3484 »
3410 3432 3654 3503 gloriam
3687 3433 3803 3485 Deo

2106 3522 2438 3592 plenissime
2479 3524 2735 3590 credens,
2765 3543 2793 3575 »
2826 3524 2973 3578 sicut
3000 3523 3275 3594 scriptum
3307 3526 3409 3589 est,
3444 3540 3474 3573 ‹‹
3504 3521 3639 3591 quia
3668 3536 3800 3591 quae

2108 3611 2373 3681 promisit
2418 3616 2623 3683 potens
2652 3618 2737 3667 est
2779 3618 2835 3667 et
2866 3612 3051 3668 facere
3083 3614 3262 3679 (Rom.
3300 3628 3370 3676 IV,
3403 3614 3455 3679 3,
3503 3612 3591 3675 20,
3622 3612 3733 3678 21).
3769 3630 3800 3658 ››

2109 3701 2234 3769 Ipse
2278 3715 2414 3770 ergo
2448 3700 2629 3755 bonos
2674 3701 2800 3755 illos
2846 3701 2998 3768 facit,
3034 3706 3097 3755 ut
3144 3702 3295 3754 bona
3334 3700 3561 3754 faciant.
3606 3700 3803 3768 Neque

2108 3790 2264 3843 enim
2296 3807 2391 3845 eos
2423 3795 2727 3861 propterea
2757 3791 3027 3862 promisit
3056 3791 3319 3856 Abrahze,
3358 3789 3493 3860 quia
3516 3788 3803 3858 prmscivit

2109 3896 2139 3932 a
2169 3894 2227 3933 se
2257 3879 2411 3949 ipsos
2444 3880 2668 3934 futuros
2696 3881 2897 3934 bonos.
2946 3881 3085 3933 Nam
3126 3880 3169 3933 si
3202 3880 3279 3933 ita
3325 3884 3426 3941 est,
3460 3894 3575 3931 non
3608 3892 3794 3938 suum,

2108 3967 2205 4020 sed
2236 3982 2437 4020 eorum
2469 3970 2556 4020 est
2605 3968 2759 4037 quod
2790 3968 3088 4036 promisit;
3120 3982 3234 4020 non
3278 3971 3470 4019 autem
3500 3966 3580 4019 sic
3621 3984 3647 4015 (ι
3676 3980 3798 4018 cre-

2108 4055 2252 4109 didit
2293 4056 2603 4124 Abraham,
2638 4056 2737 4110 sed
2769 4071 2882 4109 non
2914 4060 2999 4109 est
3041 4055 3366 4109 inﬁrmatus
3395 4054 3456 4107 in
3490 4054 3623 4119 ﬁde,
3656 4053 3799 4107 dans

306 4163 430 4200 mus
464 4160 477 4200 :
515 4165 542 4196 «
584 4146 626 4199 O
656 4143 899 4197 altitudo
940 4141 1268 4196 divitiarum
1301 4142 1597 4212 sapientiae
1646 4145 1703 4196 et
1741 4142 1991 4198 scientiae
2035 4163 2079 4217 ι)
2109 4144 2351 4215 gloriam
2394 4146 2528 4211 Deo,
2560 4144 2890 4214 plenissime
2925 4144 3162 4199 credens
3192 4143 3327 4214 quia
3355 4159 3483 4213 quae
3514 4141 3798 4213 promisit,

306 4234 429 4298 Dei,
463 4248 636 4303 quam
658 4230 1054 4284 inscrutabilia
1074 4234 1208 4283 sunt
1230 4229 1445 4299 judicia
1465 4228 1613 4299 ejus!
1644 4249 1671 4282 ι)
1700 4230 1880 4300 (Rom.
1914 4248 1995 4301 x1,

315 4320 428 4388 33.)
458 4318 473 4390 ]
513 4321 653 4373 Item
700 4318 854 4388 quod
887 4317 986 4388 qui
1023 4322 1268 4388 pereunt
1295 4334 1411 4371 non
1460 4323 1624 4373 erant
1653 4319 1721 4373 de
1755 4335 2018 4383 numero.

304 4409 589 4476 ﬁliorum;
624 4407 681 4460 in
712 4406 915 4461 eodem
946 4406 1092 4461 libro
1123 4406 1263 4477 (cap.
1299 4406 1370 4475 9).
1408 4404 1573 4477 [Cum
1606 4422 1743 4476 ergo
1773 4406 1877 4461 ﬁlii
1900 4408 2001 4463 Dei

307 4498 503 4551 dicunt
552 4496 620 4549 de
650 4494 737 4549 his
784 4494 883 4565 qui
929 4494 1411 4564 perseverantiam
1461 4511 1575 4549 non
1623 4495 1998 4552 habuerunt:

308 4604 336 4636 «
388 4586 461 4638 Ex
494 4584 656 4638 nobis
706 4582 985 4648 exierunt,
1036 4584 1135 4636 sed
1185 4599 1301 4636 non
1332 4588 1495 4637 erant
1542 4599 1606 4637 ex
1636 4583 1840 4650 nobis;
1879 4607 1899 4633 ι
1944 4589 1999 4640 et

306 4671 524 4725 addunt
564 4688 576 4724 :
623 4688 652 4722 ‹‹
682 4670 842 4734 Quod
910 4670 958 4723 si
1001 4670 1242 4724 fuissent
1308 4687 1377 4724 ex
1414 4671 1599 4739 nobis,
1641 4673 2000 4741 permansis-

307 4765 433 4815 sent
478 4759 675 4828 utique
728 4757 1027 4813 nobiscum
1057 4760 1102 4829 (ι
1150 4761 1305 4814 Joan.
1341 4776 1401 4825 ιι,
1455 4760 1561 4830 19),
1602 4782 1622 4808 ι
1659 4761 1795 4831 quid
1843 4762 1997 4816 aliud

306 4849 504 4903 dicunt
548 4846 661 4900 nisi
700 4862 820 4899 non
867 4852 1031 4901 erant
1090 4847 1195 4901 ﬁlii
1248 4848 1419 4902 etiam
1458 4850 1691 4919 quando
1740 4856 1903 4905 erant
1937 4850 1999 4905 in

304 4934 662 5009 professione
708 4938 765 4988 et
792 4934 1028 4988 nomine
1062 4935 1371 5009 ﬁliorum?]
1418 4938 1559 4991 Item
1593 4938 1746 5008 quod
1776 4940 1997 5009 praede-

306 5025 521 5092 stinati,
555 5023 657 5078 etsi
694 5022 946 5077 nondum
978 5023 1185 5091 renati,
1214 5025 1334 5093 jam
1364 5030 1555 5079 tamen
1594 5026 1699 5081 ﬁlii
1722 5028 1823 5081 Dei
1844 5034 1999 5099 sunt,

308 5120 363 5169 et
392 5114 583 5184 perire
634 5128 751 5167 non
786 5117 1045 5182 possunt,
1080 5112 1140 5165 in
1194 5113 1395 5167 eodem
1437 5114 1603 5169 libro.
1646 5113 1999 5188 (Quicunque

308 5218 445 5272 ergo
498 5202 561 5256 in
610 5201 710 5256 Dei
760 5199 1261 5271 providentissime
1316 5201 1689 5272 dispositione
1728 5207 1998 5274 praesciti,

309 5289 719 5358 prmdestinati,
748 5289 953 5357 vocati,
996 5288 1310 5359 justiﬁcati,
1343 5291 1650 5360 gloriﬁcati
1699 5298 1850 5360 sunt,
1882 5311 2000 5349 non

307 5376 431 5430 dico
461 5376 635 5429 etiam
680 5378 939 5433 nondum
969 5378 1174 5444 renati,
1208 5378 1305 5432 sed
1354 5378 1528 5434 etiam
1558 5380 1818 5435 nondum
1857 5384 1999 5449 nati,

301 5464 425 5532 jam
453 5462 559 5515 ﬁlii
591 5462 688 5516 Dei
720 5470 853 5518 sunt
879 5470 936 5519 et
980 5466 1216 5520 omnino
1246 5466 1451 5535 perire.
1482 5482 1599 5521 non
1631 5473 1892 5536 possunt.
1936 5470 1999 5523 lli

2107 4236 2310 4303 potens
2338 4236 2422 4285 est
2467 4231 2669 4286 facere.
2705 4250 2734 4284 ι)
2784 4233 2905 4286 Non
2936 4232 3034 4299 ait,
3070 4248 3199 4303 qua;
3244 4231 3549 4302 prazscivit,
3596 4235 3803 4301 potens

2114 4326 2199 4373 est
2226 4319 2578 4391 promittere,
2621 4325 2737 4389 aut,
2774 4336 2899 4391 quae
2947 4320 3234 4391 praedixit,
3265 4324 3467 4389 potens
3497 4324 3581 4373 est
3608 4322 3799 4372 osten-

2107 4408 2265 4477 dere,
2314 4414 2432 4476 aut,
2484 4425 2614 4479 quae
2659 4410 2943 4481 promisit,
2995 4415 3195 4480 potens
3225 4416 3309 4463 est
3348 4409 3630 4478 praescire.
3675 4408 3803 4476 Ipse

2108 4496 2286 4567 igitur
2318 4513 2415 4551 eos
2444 4497 2579 4553 facit
2605 4515 2970 4569 perseverare
3001 4498 3061 4552 in
3092 4498 3264 4566 bono,
3297 4498 3397 4569 qui
3427 4497 3559 4552 fecit
3588 4496 3798 4563 bonos;

2108 4585 2207 4656 qui
2239 4590 2433 4641 autem
2482 4586 2692 4642 cadunt
2758 4593 2815 4641 et
2862 4592 3127 4657 pereunt,
3164 4587 3222 4640 in
3269 4585 3797 4656 praedestinatorum

2110 4690 2349 4728 numero
2381 4691 2499 4729 non
2548 4676 2802 4730 fuerunt.
2832 4677 3102 4740 Quamvis
3137 4691 3273 4745 ergo
3306 4676 3375 4728 de
3406 4675 3671 4729 omnibus
3700 4688 3801 4727 re-

2109 4764 2396 4833 generatis
2426 4768 2483 4818 et
2529 4764 2622 4835 pie
2653 4764 2972 4820 viventibus
3011 4765 3342 4835 loqueretur
3383 4763 3687 4834 Apostolus
3718 4762 3798 4816 di-

2108 4866 2242 4906 cens
2277 4870 2289 4905 ;
2323 4875 2343 4901 ε
2397 4854 2478 4906 Tu
2525 4852 2653 4924 quis
2698 4870 2777 4921 es,
2828 4854 2929 4924 qui
2957 4853 3181 4924 judicas
3227 4853 3482 4907 alienum
3528 4853 3799 4906 servum?

2108 4956 2207 4994 suo
2231 4941 2468 4995 domino
2499 4946 2610 4995 stat
2640 4948 2738 4997 aut
2766 4943 2937 5009 cadit,
2971 4961 2997 4995 ι
3024 4942 3298 4996 continuo
3331 4948 3523 4995 tamen
3553 4940 3800 5010 respexit

2109 5029 2177 5083 ad
2230 5030 2667 5099 praedestinatos
2730 5037 2787 5086 et
2846 5032 2969 5086 ait:
3008 5049 3035 5082 α
3074 5030 3255 5086 Stabit
3304 5035 3515 5092 autem,
3550 5049 3577 5080 »
3641 5033 3696 5082 et
3728 5044 3799 5083 ne

2107 5118 2215 5171 hoc
2240 5117 2347 5171 sibi
2379 5123 2717 5189 arrogarent
2749 5135 2762 5172 :
2796 5138 2823 5170 (ι
2858 5121 3063 5173 Potens
3091 5122 3175 5172 est
3206 5118 3355 5171 enim
3392 5118 3556 5183 Deus,
3587 5114 3796 5186 inquit,

2110 5210 2356 5261 statuere
2386 5223 2482 5261 eos
2520 5210 2686 5274 (Rom.
2736 5223 2847 5275 xw,
2897 5209 2971 5274 4).
3005 5226 3033 5258 »
3068 5209 3193 5278 Ipse
3243 5206 3434 5276 itaque
3480 5205 3577 5258 dat
3607 5220 3797 5274 perse-

2108 5296 2446 5363 verantiam,
2481 5296 2581 5367 qui
2607 5300 2860 5350 statuere
2882 5301 3097 5367 postest
3126 5312 3224 5350 eos
3253 5295 3352 5366 qui
3383 5296 3551 5359 stant,
3583 5297 3647 5347 ut
3674 5307 3802 5362 per-

2110 5384 2567 5437 severantissime
2615 5388 2786 5448 stent,
2817 5385 2904 5438 vel
2956 5384 3256 5439 restituere
3286 5381 3386 5454 qui
3434 5381 3795 5435 ceciderant:

2116 5492 2143 5518 u
2178 5470 2453 5525 Dominus
2509 5468 2667 5524 enim
2723 5470 2895 5541 erigit
2932 5471 3104 5527 elisos
3143 5471 3310 5539 (Psal.
3379 5484 3530 5535 chv,
3596 5467 3668 5535 8).
3719 5470 3794 5536 ι]
