4138 6186
229 301 295 353 37
996 330 997 333 η
1328 299 1416 353 DE
1458 296 2125 354 PREDESTINATIONE
2166 294 2303 350 DEI.
2337 325 2405 335 —
2438 295 2565 351 LIB.
2606 296 2645 349 Ι.
3664 306 3730 357 38

220 432 361 485 Item
396 431 552 502 quod
579 434 770 484 certus
813 434 896 484 est
924 444 1199 483 numerus
1249 429 1809 499 praedestinatorum,
1861 430 1920 483 in
1959 431 2001 483 A
2037 427 2176 483 divit
2223 431 2281 481 et
2306 426 2524 481 didicit.
2556 426 2762 496 Quare,
2803 427 3097 499 inquiunt,
3128 446 3245 485 non
3275 447 3475 485 omnes
3520 432 3725 487 docet?

221 519 422 572 eodem
456 518 623 585 libro,
656 534 785 571 cum
819 518 888 571 de
927 516 1013 569 his
1045 516 1383 586 loqueretur
1404 518 1505 587 qui
1548 532 1922 587 perseveran-

221 610 359 662 tiam
391 625 423 661 a
458 609 571 661 Deo
620 612 983 676 acceperunt,
1028 610 1091 658 ut
1128 605 1316 674 perire
1348 622 1461 657 non
1507 606 1747 674 possint,
1806 606 1925 659 haec

220 695 391 760 inter,
423 695 646 747 locutus
692 698 798 747 est.
841 693 992 762 [Haec
1027 691 1096 744 de
1128 690 1216 743 his
1247 691 1452 760 loquor
1486 691 1585 760 qui
1617 691 1922 760 prwdesti-

222 784 341 837 nati
372 787 510 835 sunt
537 782 600 835 in
628 797 873 851 regnum
920 778 1040 843 Dei,
1068 794 1314 848 quorum
1347 777 1426 830 ita
1477 783 1670 830 certus
1700 782 1787 830 est
1816 794 1922 830 nu-

224 886 437 936 merus,
492 876 690 924 utnec
731 870 979 922 addatur
1027 869 1331 937 quisquam
1365 882 1469 919 nec
1529 867 1827 920 minuatur
1857 882 1923 919 ex

222 961 303 1013 eis
335 978 347 1012 :
372 975 493 1012 non
520 958 589 1012 de
610 958 699 1011 his
730 958 981 1028 quicum
1002 955 1400 1008 annuntiasset
1422 960 1477 1007 et
1498 954 1723 1007 locutus
1755 958 1922 1019 esset,

226 1069 247 1095 ι
284 1046 652 1116 multiplicati
677 1050 809 1098 sunt
830 1059 1004 1113 super
1032 1043 1525 1111 numerum(Psal.
1561 1057 1753 1107 xxxxx,
1781 1045 1869 1107 6):
1898 1063 1919 1089 ι

221 1134 334 1201 ipsi
365 1133 524 1186 enim
573 1133 753 1186 vocati
798 1132 911 1185 dici
959 1134 1219 1199 possunt,
1255 1144 1372 1181 non
1418 1133 1609 1182 autem
1675 1150 1696 1178 ι
1737 1127 1918 1191 electi,

223 1223 361 1292 quia
393 1238 511 1275 non
542 1221 851 1275 secundum
880 1219 1241 1290 propositum
1266 1220 1462 1271 vocati.
1511 1216 1565 1288 υ]

295 1313 443 1366 Item
499 1311 649 1381 quod
710 1310 901 1364 omnis
959 1309 1057 1379 qui
1116 1307 1278 1361 audit
1332 1322 1364 1359 a
1431 1308 1593 1360 Patre
1652 1306 1804 1359 venit
1853 1307 1921 1358 ad

222 1399 539 1465 Christum,
574 1399 633 1451 in
666 1398 810 1451 libro
842 1398 911 1451 de
958 1395 1469 1450 Prmdestinatione
1497 1398 1635 1464 (cap.
1681 1398 1735 1463 8)
1777 1410 1923 1464 prae-

222 1488 372 1541 fatus
404 1487 486 1540 ita
514 1488 765 1557 loquitur
803 1488 1036 1541 doctor:
1086 1503 1115 1538 α
1149 1484 1346 1538 Omnis
1377 1483 1476 1554 qui
1506 1484 1725 1537 audivit
1764 1500 1795 1536 a
1829 1485 1925 1536 Pa-

223 1583 308 1629 tre
342 1580 398 1628 et
428 1575 648 1638 didicit,
683 1575 836 1628 venit
866 1575 934 1627 ad
978 1591 1067 1627 me
1100 1574 1283 1640 (Joan.
1326 1590 1398 1638 vi,
1433 1573 1543 1643 45),
1580 1593 1605 1622 ››
1649 1572 1793 1637 Quid
1843 1578 1925 1625 est

226 1686 254 1714 α
290 1666 485 1718 omnis
511 1665 611 1735 qui
631 1664 848 1718 audivit
876 1682 907 1716 a
938 1665 1101 1716 Patre
1125 1670 1180 1716 et
1200 1662 1419 1731 didicit,
1451 1663 1604 1717 venit
1633 1664 1701 1716 ad
1735 1663 1865 1716 me?
1892 1679 1921 1712 η

230 1755 340 1807 nisi
392 1754 589 1807 nullus
634 1760 719 1807 est
762 1754 864 1823 qui
892 1753 1088 1806 audiat
1116 1769 1147 1804 a
1177 1753 1361 1818 Patre,
1397 1756 1453 1804 et
1485 1752 1683 1819 discat,
1726 1755 1782 1806 et
1812 1768 1927 1805 non

226 1842 422 1896 veniat
457 1842 525 1895 ad
571 1858 680 1895 me.
723 1842 778 1894 Si
810 1842 962 1895 enim
1008 1863 1034 1889 ‹‹
1069 1840 1257 1893 omnis
1306 1840 1405 1910 qui
1440 1840 1654 1893 audivit
1685 1858 1716 1892 a
1764 1842 1928 1894 Patre

226 1936 283 1983 et
308 1931 532 1995 didicit,
568 1930 739 1994 venit,
775 1949 801 1977 ›)
836 1929 1091 1998 profecto
1126 1928 1315 1981 omnis
1337 1926 1435 1997 qui
1460 1943 1576 1980 non
1601 1928 1777 1994 venit,
1812 1944 1928 1981 non

228 2019 448 2072 audivit
477 2036 510 2071 a
562 2020 747 2082 Patre,
781 2023 835 2071 et
890 2034 1003 2071 non
1053 2016 1284 2080 didicit;
1336 2031 1467 2068 nam
1505 2016 1549 2068 si
1578 2016 1830 2070 audisset
1876 2021 1932 2070 et

228 2108 544 2171 didicisset,
601 2106 840 2159 veniret.
892 2107 1085 2175 Neque
1146 2105 1297 2158 enim
1360 2104 1507 2157 ullus
1578 2104 1818 2170 audivit,
1876 2110 1932 2158 et

225 2194 439 2251 didicit.
474 2201 529 2247 et
580 2209 693 2247 non
727 2192 902 2245 venit.
955 2192 1062 2245 Sed
1100 2213 1120 2238 ‹
1158 2191 1366 2255 omnis,
1404 2212 1430 2239 ››
1468 2196 1527 2243 ut
1567 2192 1645 2243 ait
1690 2192 1927 2257 Veritas,

230 2304 255 2329 α
292 2282 391 2351 qui
426 2281 651 2334 audivit
680 2297 711 2333 a
743 2281 906 2333 Patre
940 2285 992 2333 et
1023 2279 1242 2340 didicit,
1296 2279 1469 2332 venit.
1507 2299 1534 2330 ι)
1586 2280 1729 2334 Item
1778 2280 1928 2349 quod

232 2369 425 2423 divina
463 2368 649 2438 gratia
693 2385 725 2420 a
768 2368 926 2421 nullo
959 2368 1103 2421 duro
1144 2367 1313 2421 corde
1370 2373 1697 2437 respuatur,
1757 2369 1930 2437 paulo

230 2459 380 2511 infra
410 2475 423 2510 :
455 2458 678 2525 [Multos
700 2456 956 2509 videmus
986 2455 1179 2508 venire
1212 2455 1277 2507 ad
1315 2456 1542 2523 Filium,
1569 2456 1704 2525 quia
1724 2458 1932 2510 multos

230 2547 466 2599 credere
500 2546 758 2599 videmus
805 2544 864 2597 in
911 2543 1225 2609 Christum;
1261 2543 1355 2596 sed
1406 2542 1501 2595 ubi
1555 2550 1608 2595 et
1640 2543 1930 2612 quomodo

232 2652 263 2687 a
309 2636 484 2688 Patre
514 2636 623 2688 hoc
668 2632 954 2687 audierint
991 2637 1043 2685 et
1103 2631 1424 2696 didicerint,
1486 2647 1599 2683 non
1652 2631 1927 2685 videmus.

234 2723 493 2777 Nimium
547 2722 730 2792 gratia
760 2722 869 2774 ista
916 2725 1132 2773 secreta
1181 2724 1283 2784 est,
1344 2718 1583 2787 gratiam
1634 2734 1763 2771 vero
1813 2735 1933 2772 esse

232 2811 367 2881 quis
412 2808 708 2879 ambigat?
755 2808 887 2863 Haec
917 2806 1109 2877 itaque
1155 2806 1358 2876 gratia,
1406 2821 1535 2875 quae
1568 2807 1785 2858 occulte
1817 2805 1931 2859 hu-

232 2901 425 2955 manis
480 2900 746 2953 cordibus
802 2897 993 2951 divina
1026 2895 1286 2967 largitate
1347 2895 1641 2961 tribuitur,
1696 2912 1726 2947 a
1774 2896 1932 2948 nullo

234 2991 382 3044 duro
411 2990 587 3043 corde
609 2987 899 3058 respuitur
930 2987 1099 3040 :ideo
1141 2984 1356 3055 quippe
1379 2983 1676 3051 tribuitur,
1710 2988 1769 3038 ut
1808 2999 1933 3037 cor-

230 3078 318 3131 dis
361 3078 578 3132 duritia
622 3076 887 3147 primitus
936 3073 1242 3128 auferatur.
1300 3071 1534 3135 Quando
1580 3087 1715 3141 ergo
1766 3073 1936 3125 Pater

232 3164 391 3218 intus
422 3165 659 3219 auditur
679 3168 733 3217 et
762 3163 929 3217 docet
957 3168 1020 3214 ut
1047 3159 1309 3213 veniatur
1339 3160 1408 3213 ad
1434 3158 1659 3220 Filium,
1695 3180 1716 3205 ιι
1750 3158 1936 3212 aufert

230 3269 331 3305 cor
360 3252 676 3322 lapideum,
709 3257 762 3305 ct
786 3251 881 3305 dat
919 3266 1014 3303 cor
1054 3264 1349 3311 carneum,
1384 3269 1410 3295 ››
1451 3247 1598 3301 sicut
1654 3247 1936 3317 propheta

234 3342 585 3411 praedicante
611 3340 875 3410 promisit
923 3339 1137 3407 (Ezech.
1167 3353 1248 3401 x1,
1295 3335 1401 3404 19).
1439 3335 1529 3389 Sic
1558 3336 1769 3406 quippe
1800 3336 1937 3390 facit

232 3452 260 3478 (ι
286 3430 435 3483 ﬁlios
463 3429 881 3500 promissionis,
918 3431 973 3480 et
1003 3442 1132 3479 vasa
1164 3424 1571 3478 misericordiae
1602 3439 1732 3494 quae
1776 3439 1935 3493 prae-

231 3516 457 3587 paravit
488 3516 548 3569 in
580 3516 840 3584 gloriam.
879 3535 907 3563 ››
941 3513 1052 3569 Cur
1093 3528 1228 3581 ergo
1261 3528 1376 3565 non
1422 3527 1622 3564 omnes
1654 3511 1837 3577 docet,
1870 3515 1935 3565 ut

232 3605 467 3659 veniant
499 3604 569 3658 ad
630 3603 935 3669 Christum,
988 3600 1098 3654 nisi
1132 3599 1266 3671 quia
1311 3615 1510 3653 omnes
1563 3615 1708 3669 quos
1750 3599 1930 3667 docet,

233 3690 628 3746 misericordia
681 3690 845 3744 docet
877 3705 889 3742 :
926 3704 1071 3758 quos
1096 3691 1285 3741 autem
1333 3704 1449 3740 non
1506 3686 1691 3753 docet,
1719 3687 1932 3757 judicio

234 3795 349 3833 non
381 3780 582 3842 docet;
617 3777 891 3847 quoniam
932 3798 959 3824 «
988 3776 1149 3845 cujus
1176 3776 1297 3828 vult
1329 3774 1633 3828 miseretur
1664 3781 1721 3828 et
1758 3791 1933 3845 quem

232 3870 357 3923 vult
384 3868 638 3922 obdurat
660 3868 833 3937 (Rom.
866 3882 940 3933 Ix,
968 3864 1087 3935 18);
1125 3886 1152 3914 »
1185 3865 1284 3918 sed
1316 3863 1619 3917 miseretur
1640 3864 1790 3917 bona
1822 3862 1932 3917 tri-

234 3957 441 4021 buens,
480 3954 725 4009 obdurat
761 3954 933 4025 digna
981 3951 1344 4023 retribuens.)
1401 3952 1540 4004 Item
1580 3952 1731 4022 quod
1763 3968 1933 4023 quos-

234 4060 466 4114 cunque
498 4043 621 4095 vult
645 4042 849 4095 docere
894 4042 1079 4103 Pater,
1100 4040 1333 4094 veniant
1381 4040 1450 4092 ad
1510 4038 1818 4105 Christum,
1874 4040 1934 4093 iu

236 4130 440 4184 eodem
475 4128 622 4181 libro
664 4130 799 4197 (cap.
843 4126 895 4191 8)
930 4143 942 4179 :
981 4127 1115 4197 [Cur
1144 4131 1336 4179 autem
1362 4141 1476 4179 non
1509 4141 1707 4179 omnes
1738 4126 1936 4181 doceat

237 4218 467 4287 aperuit
505 4215 812 4284 Apostolus
852 4220 1130 4285 quantum
1178 4214 1550 4284 aperiendum
1603 4214 1883 4283 judicavit
1915 4232 1928 4271 :

238 4306 445 4369 «Quia
497 4307 692 4358 volens
739 4302 1038 4357 ostendere
1070 4302 1235 4368 iram,
1287 4305 1344 4355 et
1389 4301 1783 4358 demonstrare
1826 4320 1930 4374 po-

239 4392 478 4445 tentiam
511 4406 693 4456 suam,
734 4390 923 4443 attulit
969 4390 1028 4441 in
1065 4389 1246 4442 multa
1304 4388 1582 4457 patientia
1624 4404 1757 4442 vasa
1810 4389 1930 4457 irae,

236 4496 366 4549 quae
395 4480 651 4549 perfecta
681 4483 815 4532 sunt
842 4478 900 4530 in
930 4477 1330 4547 perditionem,
1362 4481 1419 4529 et
1467 4482 1527 4530 ut
1556 4481 1723 4531 notas
1763 4478 1934 4532 faciat

234 4567 460 4620 divitias
490 4567 690 4636 gloria:
739 4582 856 4619 suae
886 4566 944 4618 in
975 4581 1107 4618 vasa
1142 4564 1572 4632 misericordiae,
1611 4582 1739 4637 quas
1790 4583 1935 4636 pra:-

233 4655 459 4725 paravit
485 4657 545 4708 in
582 4655 830 4726 gloriam
856 4656 1025 4724 (Rom.
1066 4672 1139 4719 1x,
1163 4658 1230 4707 22
1272 4654 1382 4724 23).
1418 4676 1445 4703 »
1479 4656 1621 4709 Hinc
1659 4660 1745 4709 est
1775 4657 1930 4726 quod

234 4766 263 4791 α
296 4743 538 4796 verbum
570 4743 754 4796 crucis
776 4742 1150 4811 pereuntibus
1184 4742 1423 4796 stultitia
1456 4749 1558 4810 est,
1601 4743 1689 4797 liis
1737 4750 1931 4799 autem

231 4830 335 4899 qui
384 4829 523 4882 salvi
559 4828 730 4893 ﬁunt,
780 4829 958 4882 virtus
1002 4829 1101 4883 Dei
1140 4834 1224 4883 cst
1274 4831 1320 4895 (Ι
1366 4830 1484 4885 Cor.
1519 4847 1557 4895 ι,
1596 4832 1704 4899 18).
1740 4850 1768 4883 )›
1820 4833 1931 4884 Hos

232 4934 435 4972 omnes
493 4922 665 4971 uocet
713 4918 907 4971 venire
963 4919 1036 4972 ad
1094 4918 1379 4972 Christum
1430 4922 1604 4985 Deus;
1640 4919 1742 4973 hos
1774 4920 1929 4975 enim

234 5028 263 5055 (ί
294 5022 497 5060 omnes
541 5006 659 5059 vult
697 5005 881 5058 salvos
928 5004 1073 5071 fieri,
1106 5009 1163 5057 et
1192 5004 1250 5057 in
1291 5005 1643 5075 agnitionem
1680 5007 1930 5063 veritatis

233 5095 431 5149 venire
450 5097 509 5165 (Ι
537 5097 674 5150 Tim.
721 5111 778 5159 ιι,
810 5094 888 5163 4).
930 5116 951 5143 ι
990 5094 1133 5147 Nam
1176 5093 1281 5146 etsi
1310 5094 1438 5147 illos
1483 5095 1690 5166 quibus
1724 5116 1751 5146 ι(
1783 5098 1930 5151 stul-

230 5187 362 5241 titia
413 5192 498 5240 est
544 5186 785 5240 verbum
817 5185 1017 5250 crucis,
1050 5205 1077 5234 »
1131 5189 1197 5237 ut
1229 5184 1298 5238 ad
1354 5184 1639 5238 Christum
1671 5185 1932 5239 venirent

229 5275 439 5329 docere
471 5273 767 5339 voluisset,
815 5274 1011 5342 procul
1047 5272 1221 5326 dubio
1255 5271 1514 5325 venirent
1559 5275 1615 5326 et
1645 5271 1772 5342 ipsi.
1804 5272 1930 5325 Non

229 5363 387 5415 enim
418 5362 566 5415 fallit
601 5365 703 5414 aut
730 5361 969 5430 fallitur,
1001 5360 1101 5431 qui
1123 5361 1201 5414 ait
1236 5376 1249 5415 :
1287 5380 1313 5411 ‹‹
1347 5360 1544 5415 Omnis
1578 5362 1677 5432 qui
1718 5361 1932 5415 audivit

227 5467 263 5503 a
307 5451 500 5516 Patre,
550 5453 607 5502 et
648 5448 863 5515 didicit,
915 5448 1071 5502 venit
1128 5449 1198 5504 ad
1255 5465 1346 5503 me
1380 5449 1573 5518 (Joan.
1618 5466 1689 5517 v1,
1755 5449 1866 5522 425).
1898 5472 1926 5500 ››

226 5536 395 5590 Absit
423 5552 562 5605 ergo
596 5541 656 5588 ut
688 5535 993 5605 quisquam
1030 5551 1150 5589 non
1183 5536 1388 5600 veniat,
1423 5538 1581 5605 quia
1620 5537 1786 5590 Patre
1833 5553 1931 5590 au—

2033 516 2090 570 Si
2130 514 2441 569 dixerimus
2488 513 2625 584 quia
2673 516 2879 569 nolunt
2925 515 3161 577 discere,
3219 534 3363 587 quos
3392 535 3507 572 non
3542 518 3725 586 docet,

2034 604 2475 675 respondebitur
2530 603 2716 669 nobis,
2771 609 2825 657 et
2875 606 2974 659 ubi
3030 612 3114 659 est
3170 608 3323 677 quod
3377 608 3428 659 ei
3469 608 3722 662 dicitur:

2037 712 2065 742 α
2098 692 2266 756 Deus,
2291 697 2354 746 tu
2385 695 2719 745 convertens
2736 691 3046 746 viviticabis
3077 694 3218 747 nos?
3244 716 3271 744 »
3308 698 3471 760 (Psal.
3507 712 3725 762 LXXXIV,

2032 782 2112 849 7.)
2149 783 2260 834 Ant
2304 781 2351 834 si
2405 797 2519 833 non
2568 780 2699 833 facit
2737 782 2995 835 volentes
3053 798 3121 835 ex
3169 784 3495 837 uolentibus
3553 785 3723 849 Deus,

2034 875 2098 923 ut
2136 869 2273 939 quid
2303 873 2427 922 orat
2451 868 2700 921 Ecclesia
2738 869 3050 922 secundum
3085 876 3429 940 praeceptum
3490 872 3721 925 Domini

2035 957 2249 1027 (Matth.
2295 974 2346 1024 v,
2375 957 2483 1025 44),
2535 973 2637 1027 pro
2678 958 3140 1026 persecutoribus
3171 956 3344 1027 suis?)
3401 960 3541 1011 ltem
3572 959 3724 1028 quod

2035 1046 2159 1098 aliis
2212 1045 2377 1097 detur
2408 1044 2548 1098 fides
2582 1062 2695 1115 qua
2743 1046 3048 1109 salvantur,
3095 1051 3151 1099 et
3205 1047 3331 1098 aliis
3365 1063 3478 1099 non
3540 1048 3725 1113 detur,

2034 1148 2151 1185 non
2177 1147 2296 1185 esse
2319 1132 2767 1199 discutiendum,
2798 1133 2855 1187 in
2879 1135 3083 1187 eodem
3108 1134 3250 1186 libro
3281 1134 3419 1203 (cap.
3456 1133 3506 1202 9)
3544 1149 3555 1186 :
3585 1134 3726 1187 ﬁdes

2033 1218 2211 1288 igitur
2261 1223 2317 1271 et
2352 1217 2620 1273 inchoata
2664 1226 2717 1273 et
2767 1219 3017 1290 perfecta
3067 1220 3287 1273 donum
3334 1220 3433 1272 Dei
3475 1224 3602 1272 est:
3643 1219 3730 1290 (Et

2034 1307 2139 1359 hoc
2173 1307 2389 1359 donum
2429 1308 2769 1377 quibusdam
2830 1308 2974 1375 dari,
3029 1308 3369 1378 quibusdam
3413 1324 3528 1361 non
3580 1308 3723 1373 dari,

2034 1394 2269 1447 omnino
2300 1410 2411 1447 non
2468 1395 2705 1461 dubitet,
2742 1396 2841 1466 qui
2898 1412 3011 1449 non
3064 1398 3185 1449 vult
3246 1396 3729 1449 manifestissimis

2034 1481 2203 1535 sacris
2253 1482 2459 1535 litteris
2500 1499 2843 1552 repugnare.
2905 1483 3019 1536 Cur
3049 1488 3241 1536 autem
3286 1499 3403 1537 non
3466 1485 3733 1538 omnibus

2035 1572 2201 1624 detur
2228 1571 2452 1623 fidelem
2486 1587 2717 1625 movere
2749 1587 2868 1624 non
2899 1572 3079 1635 debet,
3118 1573 3214 1642 qui
3248 1572 3427 1626 credit
3457 1593 3483 1622 «
3516 1589 3581 1626 ex
3613 1590 3730 1641 uno

2039 1675 2237 1712 omnes
2296 1674 2416 1712 esse
2463 1660 2522 1712 in
2574 1660 3174 1715 condemnationem»
3222 1662 3344 1714 sine
3378 1662 3731 1715 dubitatione

2037 1748 2420 1817 justissimam
2455 1764 2468 1799 :
2504 1748 2582 1801 ita
2608 1753 2671 1801 ut.
2715 1750 2873 1801 nulla
2926 1749 3023 1802 Dei
3065 1756 3209 1803 esset
3232 1750 3388 1818 justa
3419 1751 3731 1819 reprehen-

2041 1837 2146 1901 sio,
2208 1836 2430 1889 etiamsi
2473 1838 2663 1889 nullus
2710 1838 2841 1890 inde
2888 1837 3241 1891 liberaretur.
3311 1839 3466 1891 Unde
3514 1844 3734 1892 constat

2042 1940 2307 1993 magnam
2355 1940 2476 1976 esse
2536 1923 2798 1992 gratiam,
2832 1926 2984 1995 quod
3042 1924 3278 1994 plurimi
3308 1926 3646 1994 liberantur,
3678 1931 3734 1979 et

2042 2013 2177 2082 quid
2208 2012 2317 2065 sibi
2350 2012 2655 2065 deberetur
2684 2012 2742 2065 in
2774 2012 2853 2064 eis
2897 2012 2996 2082 qui
3036 2029 3146 2065 non
3170 2013 3507 2079 liberantur,
3550 2030 3731 2083 agno-

2041 2104 2223 2167 scunt,
2264 2105 2323 2153 ut
2353 2120 2380 2148 ‹‹
2414 2100 2511 2168 qui
2542 2099 2820 2168 gloriatur
2856 2118 2880 2148 ι)
2917 2116 3025 2151 non
3072 2100 3128 2152 in
3161 2100 3277 2152 suis
3310 2100 3548 2166 meritis,
3605 2117 3731 2171 quae

2042 2186 2203 2256 paria
2235 2186 2385 2240 videt
2419 2202 2539 2239 esse
2583 2186 2884 2249 damnatis,
2917 2186 3013 2239 sed
3046 2204 3073 2236 ι(
3116 2187 3175 2239 in
3226 2188 3465 2241 Domino
3515 2188 3733 2257 glorie-

2044 2279 2138 2328 tur
2177 2275 2230 2343 (I
2256 2276 2375 2329 Cor.
2410 2291 2449 2339 1,
2505 2274 2611 2344 31).
2649 2293 2675 2325 »
2706 2274 2817 2327 Cur
2848 2279 3038 2327 autem
3089 2275 3259 2328 istum
3321 2277 3509 2345 potius
3561 2292 3733 2346 quam

2044 2364 2206 2417 illum
2251 2363 2476 2429 liberet,
2531 2384 2559 2411 ‹‹
2610 2362 2996 2415 inscrutabilia
3048 2368 3180 2415 sunt
3225 2362 3444 2432 judicia
3493 2365 3637 2433 ejus,
3680 2370 3734 2418 et

2044 2451 2471 2520 investigabiles
2502 2450 2605 2504 viai
2651 2450 2772 2519 ejus
2801 2450 2982 2518 (Rom.
3017 2466 3091 2515 χι,
3127 2451 3231 2518 33).
3272 2472 3296 2499 »
3354 2452 3551 2504 Melius
3578 2451 3733 2505 enim

2046 2544 2101 2593 et
2156 2539 2246 2592 hic
2278 2539 2546 2592 audimus
2589 2542 2685 2590 aut
2716 2537 2960 2590 dicimus
2996 2553 3007 2591 :
3043 2560 3069 2586 ‹‹
3100 2537 3142 2591 Ο
3174 2538 3364 2606 homo,
3408 2544 3463 2591 tu
3517 2539 3646 2609 quis
3676 2556 3734 2594 es

2044 2627 2142 2696 qui
2191 2626 2539 2696 respondeas
2582 2624 2735 2679 Deo?
2765 2644 2792 2675 »
2853 2626 3019 2693 (Rom.
3066 2642 3139 2692 ix,
3189 2626 3277 2696 ‘20)
3327 2643 3499 2697 quam
3548 2627 3736 2682 dicere

2044 2714 2342 2779 audemus,
2379 2713 2542 2784 quasi
2584 2713 2914 2766 noverimus
2956 2713 3108 2783 quod
3149 2716 3432 2767 occultum
3468 2730 3587 2769 esse
3635 2731 3733 2767 vo-

2046 2804 2167 2870 luit,
2201 2804 2301 2874 qui
2341 2808 2534 2857 tamen
2586 2803 2804 2874 aliquid
2837 2804 3114 2873 injustam
3164 2803 3305 2855 velle
3339 2819 3453 2855 non
3501 2802 3730 2872 potuit.)

2046 2892 2187 2945 Item
2219 2895 2623 2961 argumentum
2667 2892 2735 2944 de
2758 2889 3030 2960 parvulis,
3062 2890 3333 2942 adversus
3356 2906 3449 2942 eos
3479 2891 3578 2959 qui
3611 2906 3737 2960 gra-

1974 2990 2011 3044 C
2046 2979 2183 3033 tiam
2210 2977 2520 3050 repellunt,
2548 2979 2609 3032 in
2638 2979 2835 3032 eodem
2870 2978 3015 3031 libro
3034 2977 3173 3047 (cap.
3212 2976 3333 3047 12):
3376 2976 3501 3048 [Sed
3549 2978 3736 3032 omnis

2044 3069 2166 3121 haec
2199 3068 2367 3135 ratio,
2420 3085 2532 3139 qua
2567 3068 2926 3122 defendimus
2973 3067 3215 3136 gratiam
3264 3067 3362 3119 Dei
3412 3082 3514 3135 per
3543 3068 3737 3122 Jesum

2045 3155 2329 3210 Christum
2374 3154 2679 3208 Dominum
2731 3159 2990 3207 nostrum
3023 3170 3151 3207 vere
3178 3170 3299 3205 esse
3352 3154 3620 3223 gratiam,
3677 3156 3733 3209 id

2043 3254 2127 3302 est
2172 3265 2284 3301 non
2337 3249 2648 3301 secundum
2675 3248 2876 3300 merita
2916 3251 3115 3300 nostra
3150 3246 3293 3315 dari,
3328 3249 3586 3316 quamvis
3619 3249 3735 3301 evi-

2044 3336 2379 3391 dentissime
2440 3336 2765 3389 divinorum
2796 3334 3157 3405 eloquiorum
3209 3334 3551 3388 testimoniis
3584 3351 3735 3390 asse-

2042 3430 2223 3489 ratur,
2282 3430 2479 3479 tamen
2522 3424 2674 3494 apud
2715 3440 2830 3491 eos,
2874 3423 2972 3494 qui
3013 3423 3120 3476 nisi
3168 3422 3385 3493 aliquid
3433 3423 3541 3477 sibi
3588 3423 3735 3477 assi-

2042 3518 2221 3584 gnent
2258 3514 2413 3584 quod
2434 3514 2655 3584 priores
2686 3513 2841 3579 dent,
2877 3516 2938 3566 ut
2965 3511 3317 3565 retribuatur
3340 3511 3439 3575 eis,
3478 3512 3546 3566 ab
3577 3512 3736 3566 omni

2042 3600 2229 3654 studio
2259 3600 2488 3670 pietatis
2513 3598 2750 3671 reprimi
2781 3614 2839 3653 se
2895 3602 3118 3669 putant,
3167 3598 3387 3652 laborat
3437 3598 3733 3669 aliquanto

2044 3690 2103 3741 in
2125 3692 2288 3742 aetate
2320 3688 2605 3757 majorum
2630 3688 2750 3757 jam
2783 3687 3071 3741 utentium
3120 3687 3430 3739 voluntatis
3460 3687 3728 3753 arbitrio;

2044 3776 2141 3830 sed
2173 3775 2516 3845 ubijvenitur
2549 3776 2617 3829 ad
2646 3776 2933 3845 parvulos,
2966 3778 3020 3828 et
3049 3775 3117 3828 ad
3142 3774 3331 3844 ipsum
3368 3775 3732 3829 Mediatorem

2046 3864 2147 3919 Dei
2190 3869 2246 3918 et
2288 3864 2608 3929 hominum,
2655 3863 2947 3916 hominem
2976 3863 3167 3915 Jesum
3204 3862 3513 3928 Christum,
3547 3864 3734 3916 omnis

2042 3952 2232 4007 deﬁcit
2283 3950 2732 4022 praecedentium
2786 3950 3027 4019 gratiam
3079 3949 3178 4002 Dei
3229 3950 3616 4004 humanorum
3646 3967 3735 4004 as-

2044 4040 2215 4092 sertio
2245 4038 2605 4092 meritorum.
2638 4036 2779 4101 Quia
2808 4052 2911 4090 nec
2933 4035 3017 4088 illi
3048 4034 3177 4088 ullis
3215 4036 3377 4090 bonis
3406 4038 3733 4104 praeceden-

2045 4128 2194 4180 tibus
2220 4126 2460 4193 meritis,
2496 4142 2625 4180 cum
2667 4131 2725 4180 et
2752 4124 2874 4195 ipse
2907 4123 2977 4178 sit
3004 4124 3198 4191 homo,
3248 4123 3525 4179 liberator
3553 4125 3734 4179 factus

2046 4219 2132 4269 est
2155 4212 2508 4285 hominum]

2116 4306 2257 4359 Item
2288 4320 2389 4358 cur
2437 4302 2563 4356 aliis
2609 4302 2951 4356 concedatur
2981 4306 3044 4356 ut
3083 4318 3148 4356 ex
3177 4302 3282 4356 hac
3312 4302 3423 4356 vita
3468 4303 3734 4357 auferan-

2042 4395 2155 4457 tur,
2192 4406 2319 4444 cum
2366 4389 2506 4461 justi
2560 4394 2721 4458 sunt;
2773 4390 2870 4443 alii
2919 4390 3123 4444 tandiu
3155 4391 3515 4445 retineantur
3551 4392 3733 4446 donec

2042 4484 2327 4546 corruant,
2360 4480 2515 4549 quod
2563 4494 2732 4532 nemo
2769 4478 3052 4548 judicium
3097 4478 3195 4532 Dei
3245 4479 3731 4549 comprehendere

2040 4569 2241 4639 possit,
2272 4569 2333 4621 in
2362 4568 2562 4621 eodem
2593 4568 2742 4622 libro
2773 4570 2911 4638 (cap.
2944 4569 3028 4637 14)
3061 4584 3074 4622 :
3114 4566 3211 4639 [De
3243 4568 3348 4622 hac
3376 4567 3592 4639 quippe
3619 4570 3734 4625 vita

2045 4656 2252 4727 legitur
2289 4656 2351 4709 in
2378 4656 2525 4709 libro
2554 4656 2657 4709 Job
2687 4671 2699 4709 :
2736 4676 2763 4705 ‹‹
2792 4656 3060 4725 Nunquid
3092 4671 3209 4710 non
3243 4657 3484 4711 tentatio
3508 4661 3592 4713 est
3616 4659 3733 4714 vita

2040 4746 2295 4800 humana
2322 4759 2493 4814 super
2513 4743 2766 4799 terram?
2798 4764 2825 4793 ››
2859 4744 2974 4813 (Job
3004 4760 3099 4811 vn,
3138 4744 3210 4815 l.)
3249 4745 3357 4799 Sed
3389 4761 3566 4816 quare
3607 4748 3732 4801 aliis

2041 4833 2380 4888 concedatur
2418 4835 2482 4886 ut
2509 4848 2574 4885 ex
2604 4831 2779 4902 hujus
2814 4831 2936 4886 vitae
2972 4833 3242 4902 periculis
3272 4834 3409 4888 dum
3432 4835 3575 4905 justi
3599 4840 3733 4889 sunt

2040 4924 2392 4989 auferantur,
2435 4920 2532 4974 alii
2577 4937 2710 4975 vero
2761 4920 2899 4992 justi
2945 4922 3125 4976 donec
3154 4939 3185 4975 a
3235 4922 3462 4992 justitia
3506 4924 3728 4987 cadant,

2040 5011 2100 5064 in
2131 5010 2343 5064 eisdem
2361 5009 2632 5080 periculis
2660 5009 2775 5062 vita
2792 5010 3156 5080 productiore
3178 5010 3519 5065 teneantur?
3544 5031 3571 5059 «
3595 5008 3731 5072 Quis

2040 5098 2274 5169 agnovit
2301 5114 2531 5153 sensum
2581 5098 2895 5153 Domini?»
2942 5100 3120 5170 (Rom.
3170 5115 3244 5167 x1,
3283 5099 3395 5167 34.)
3448 5098 3513 5151 Et
3540 5102 3730 5152 tamen

2038 5187 2174 5241 hinc
2198 5186 2446 5257 intelligi
2479 5188 2646 5242 datur
2676 5188 2849 5242 etiam
2888 5187 3001 5242 illis
3029 5188 3199 5258 justis
3228 5188 3329 5257 qui
3361 5189 3543 5239 bonos
3572 5187 3728 5256 pios-

2040 5292 2150 5345 que
2181 5290 2371 5329 mores
2402 5291 2585 5346 usque
2615 5277 2687 5330 ad
2717 5277 3025 5331 senectutis
3054 5275 3440 5329 maturitatem
3474 5278 3530 5328 et
3578 5275 3728 5330 diem

2038 5364 2170 5417 vitae
2203 5364 2377 5434 hujus
2397 5363 2665 5417 ultimum
2700 5368 2943 5431 servant,
2981 5379 3098 5417 non
3130 5362 3188 5416 in
3218 5361 3335 5414 suis
3359 5363 3599 5432 meritis,
3633 5365 3729 5420 sed

2039 5451 2099 5505 in
2132 5452 2375 5506 Domino
2404 5468 2524 5505 esse
2557 5452 2946 5521 gloriandum,
2980 5448 3252 5519 quoniam
3284 5449 3384 5520 qui
3426 5450 3555 5507 vita;
3594 5454 3727 5508 bre-

2039 5538 2211 5593 vitate
2232 5539 2423 5609 rapuit
2445 5539 2689 5609 justum,
2723 5559 2750 5589 (ι
2774 5554 2845 5592 ne
2863 5536 3083 5590 malitia
3104 5541 3351 5592 mutaret
3375 5540 3726 5598 intellectum
