4138 6194
423 310 489 363 39
1553 300 1905 355 RATRAMNI
1940 298 2395 356 CORBEIENSIS
2436 298 2744 355 MONACHI
3846 302 3917 355 40

422 438 544 507 ejus
573 438 724 505 (Sap.
757 450 831 498 1v,
863 434 968 502 tl),
995 453 1017 481 ι
1044 431 1165 502 ipse
1196 431 1256 485 in
1286 436 1726 502 quantacunque
1753 433 1882 486 vitae
1923 433 2107 501 longi-
2149 434 2188 487 A
2221 431 2428 485 sanctis
2458 432 2529 484 de
2565 430 2703 483 Filio
2736 445 2839 483 suo
2870 429 2970 499 qui
2999 429 3180 483 factus
3201 433 3286 483 est
3301 430 3354 483 ei
3387 445 3454 484 ex
3490 430 3708 485 semine
3743 432 3921 487 David

421 526 619 579 tudine
649 522 897 577 custodit
934 522 1170 591 justum,
1215 542 1243 569 ‹‹
1287 536 1357 573 ne
1391 520 1610 574 malitia
1643 524 1824 574 mutet
1880 521 2112 574 intelle-

421 619 573 667 ctum
604 613 744 681 ejus.
780 633 799 658 ι
849 610 961 664 Cur
989 614 1181 663 autem
1223 608 1313 662 hic
1342 609 1591 661 tenuerit
1622 625 1885 662 casurum
1913 610 2107 674 istum,

422 717 591 773 quem
629 700 961 770 priusquam
1011 698 1238 751 caderet
1269 697 1402 751 hinc
1432 703 1619 767 posset
1642 698 1865 750 auferre
1912 697 2109 767 justis-

421 790 561 841 sima
589 787 844 853 omnino,
877 786 971 839 sed
1008 806 1033 835 α
1058 785 1449 839 inscrutabilia
1472 790 1605 839 sunt
1628 786 1844 856 judicia
1876 786 2018 855 ejus.
2056 788 2104 847 nl

426 876 500 929 De
546 874 727 945 gratia
797 890 931 926 vero
990 878 1046 927 et
1104 873 1607 943 praedestinatione
1669 889 1848 927 unum
1902 874 2109 926 sufﬁcit

421 965 745 1033 exemplum
779 962 1103 1026 Salvatoris,
1126 963 1195 1014 de
1219 978 1332 1032 quo
1362 962 1422 1015 in
1445 964 1646 1015 eodem
1680 962 1824 1015 libro
1858 962 1998 1033 (cap.
2023 967 2107 1031 l5)

420 1053 499 1107 ita
531 1052 799 1105 scribitur
823 1066 836 1103 :
876 1049 991 1121 [Est
1020 1051 1194 1103 etiam
1221 1051 1725 1120 prmclarissimum
1750 1051 1946 1104 lumen
1970 1066 2111 1120 prae-

419 1139 813 1195 destinationis
868 1143 923 1192 et
953 1138 1151 1208 gratia:
1199 1138 1319 1209 ipse
1361 1139 1633 1204 Salvator,
1671 1140 1793 1209 ipse
1836 1138 2110 1193 Mediator

420 1228 517 1282 Dei
548 1231 603 1281 et
641 1227 941 1281 hominum
972 1228 1143 1280 homo
1201 1227 1454 1281 Christus
1510 1228 1668 1281 Jesus
1704 1244 1716 1279 :
1746 1227 1846 1298 qui
1901 1231 1961 1281 ut
2001 1228 2109 1281 hoc

418 1320 582 1382 esset,
619 1315 825 1385 quibus
856 1314 1088 1368 tandem
1122 1314 1236 1368 suis
1265 1316 1348 1368 vel
1381 1331 1622 1387 operum
1662 1316 1752 1368 vel
1804 1315 1935 1369 fidei
1965 1332 2108 1386 pra:-

416 1404 750 1457 cedentibus
804 1403 1023 1456 meritis
1054 1408 1259 1457 natura
1307 1403 1561 1457 humana
1612 1420 1742 1474 quae
1797 1403 1855 1457 in
1890 1404 2107 1459 illoest

417 1493 805 1562 comparavit?
850 1492 1308 1560 Respondeatur,
1356 1491 1592 1562 qumso?
1625 1492 1720 1546 ille
1753 1491 1948 1555 homo,
1983 1497 2046 1545 ut
2074 1509 2106 1545 a

415 1582 599 1635 Verbo
634 1582 781 1633 Patri
830 1585 1113 1633 coaeterno
1148 1581 1207 1633 in
1256 1580 1533 1633 unitatem
1578 1596 1835 1649 persona;
1886 1596 2103 1634 assum-

414 1675 566 1737 ptus,
600 1668 770 1720 Filius
806 1667 900 1721 Dci
932 1668 1266 1736 unigenitus
1307 1672 1469 1733 esset,
1508 1668 1655 1720 unde
1704 1668 1811 1720 hoc
1844 1669 2103 1721 meruit?

412 1757 569 1819 Quod
603 1756 722 1825 ejus
755 1757 966 1809 bonum
1003 1757 1399 1825 qualecunque
1434 1756 1761 1824 praecessit?
1792 1757 1938 1819 Quid
1987 1758 2103 1826 egit

414 1845 582 1896 autc?
633 1845 771 1913 quid
812 1844 1087 1897 credidit?
1117 1844 1250 1913 quid
1282 1845 1525 1912 praeivit,
1566 1849 1630 1897 ut
1661 1845 1728 1896 ad
1770 1844 1917 1897 hanc
1956 1845 2101 1898 inef-

411 1933 640 1986 fabilem
674 1932 1062 1985 excellentiam
1100 1932 1470 2001 perveniret?
1522 1933 1721 1985 Nonne
1767 1934 2007 1986 faciente
2039 1950 2102 1986 ac

411 2021 754 2092 suscipiente
802 2021 1003 2085 Verbo,
1056 2021 1175 2089 ipse
1217 2020 1410 2077 homo,
1464 2036 1529 2073 ex
1576 2037 1690 2090 quo
1734 2021 1904 2091 cmpit
1957 2035 2099 2087 esse,

415 2110 585 2162 Filius
642 2109 739 2161 Dei
790 2109 991 2161 unicus
1052 2123 1173 2160 esse
1222 2107 1430 2176 ccepit‘?
1481 2108 1678 2160 Nonne
1736 2108 1941 2160 Filium
2002 2108 2103 2161 Dei

411 2197 644 2249 unicum
678 2196 888 2249 femina
923 2197 1019 2249 illa
1050 2195 1229 2264 gratia
1260 2196 1431 2265 plena
1462 2195 1763 2265 concepit?
1796 2196 1993 2249 Nonne
2033 2197 2101 2251 de

411 2284 625 2353 Spiritu
664 2292 854 2337 sancto
907 2290 963 2337 et
1013 2284 1243 2353 Virgine
1293 2284 1464 2337 Maria
1517 2284 1616 2337 Dei
1668 2283 1842 2338 Filius
1898 2285 2102 2338 unicus

412 2378 578 2425 natus
618 2378 720 2435 est,
779 2389 892 2425 non
940 2373 1122 2425 carnis
1167 2372 1456 2442 cupidine,
1516 2373 1611 2426 sed
1665 2373 1944 2443 singulari
2004 2374 2101 2428 Dei

412 2460 690 2513 munere?
746 2462 1011 2531 Nunquid
1082 2462 1452 2513 metuendum
1513 2462 1621 2515 fuit
1675 2478 1746 2515 ne
1800 2462 2100 2517 accedente

411 2555 577 2603 aetate
606 2550 778 2603 homo
809 2550 902 2602 ille
954 2550 1135 2603 libero
1183 2554 1443 2619 peccaret
1498 2550 1775 2604 arbitrio?
1807 2554 1916 2605 Aut
1972 2552 2099 2605 ideo

411 2640 467 2692 in
498 2640 594 2692 illo
632 2655 744 2692 non
781 2638 954 2691 libera
998 2638 1259 2690 voluntas
1288 2642 1436 2704 erat;
1471 2654 1534 2691 ac
1565 2654 1680 2691 non
1706 2644 1866 2692 tanto
1918 2640 2099 2709 magis

412 2732 553 2791 erat,
613 2733 827 2797 quanto
888 2725 1069 2796 magis
1127 2726 1337 2779 servire
1386 2732 1618 2796 peccato
1666 2743 1776 2779 non
1839 2727 2100 2796 poterat?

415 2817 628 2886 Nempe
660 2816 763 2867 ista
805 2814 999 2867 omnia
1044 2814 1412 2884 singulariter
1464 2815 1818 2883 admiranda,
1853 2822 1909 2869 et
1966 2816 2095 2882 alia,

2222 520 2532 574 secundum
2568 534 2832 583 carnem;
2872 518 2970 588 qui
3014 518 3458 587 praedestinatus
3488 528 3573 573 est
3605 520 3780 573 Filius
3814 523 3921 575 Dei

2222 609 2279 662 in
2309 610 2514 660 virtute
2542 607 2853 660 secundum
2894 606 3169 676 Spiritum
3202 607 3667 660 sanctiﬁcationis
3699 624 3763 660 ex
3819 625 3923 663 re—

2220 696 2575 750 surrectione
2607 700 2966 748 mortuorum
2996 698 3168 761 (Rom.
3194 696 3375 761 1,1-4.
3412 716 3440 743 ››
3474 696 3921 750 Praedestinatus

2218 790 2305 837 est
2333 800 2465 852 ergo
2494 784 2671 850 Jesus,
2697 787 2759 836 ut
2790 784 2887 852 qui
2917 784 3145 836 futurus
3177 789 3304 836 erat
3334 785 3646 837 secundum
3678 801 3915 839 carnem

2218 872 2368 926 filius
2400 872 2597 937 David,
2630 876 2776 925 esset
2805 876 2996 924 tamen
3028 872 3085 924 in
3116 873 3323 925 virtute
3358 872 3533 925 Filius
3568 874 3663 927 Dei
3702 890 3920 927 secun-

2218 962 2354 1014 dum
2402 960 2676 1031 Spiritum
2734 959 3220 1027 sanctiﬁcationis,
3280 960 3416 1030 quia
3467 966 3633 1014 natus
3687 968 3773 1016 est
3841 963 3917 1016 de

2215 1048 2428 1118 Spiritu
2459 1053 2652 1101 sancto
2686 1064 2753 1101 ex
2783 1047 3003 1116 virgine
3055 1048 3245 1101 Maria.
3291 1048 3418 1117 Ipsa
3446 1054 3532 1102 est
3560 1048 3661 1102 illa
3707 1050 3913 1103 ineffa-

2216 1137 2409 1190 biliter
2440 1136 2586 1189 facta
2620 1135 2871 1189 hominis
2902 1151 2933 1188 a
2982 1136 3097 1188 Deo
3130 1135 3305 1189 verbo
3336 1137 3619 1206 susceptio
3651 1138 3912 1206 singula-

2217 1225 2314 1291 ris,
2347 1229 2408 1278 ut
2445 1224 2617 1278 Filius
2651 1223 2752 1277 Dei
2778 1228 2835 1277 et
2865 1223 3017 1277 tilius
3048 1223 3301 1277 hominis
3330 1224 3520 1290 simul,
3545 1234 3602 1278 et
3630 1225 3781 1279 ﬁlius
3806 1228 3914 1279 ho-

2216 1314 2389 1367 minis
2431 1317 2668 1383 propter
2711 1314 3039 1381 susceptum
3094 1312 3409 1378 hominem,
3469 1319 3524 1366 et
3582 1314 3756 1367 Filius
3806 1315 3935 1367 Dei«
4028 1370 4043 1381 ,

2213 1408 2450 1474 propter
2474 1402 2877 1473 suscipientem
2913 1401 3281 1471 unigenitum
3316 1403 3494 1455 Deum
3544 1404 3818 1456 veraciter
3852 1408 3917 1457 et

2214 1493 2447 1562 proprie
2480 1491 2791 1556 diceretur;
2822 1507 2893 1544 ne
2950 1506 3067 1544 non
3106 1490 3353 1556 trinitas,
3406 1491 3502 1544 sed
3551 1492 3915 1561 quaternitas

2215 1581 2560 1633 crederetur.
2624 1578 3033 1632 Prtedestinata
3087 1583 3172 1630 est
3220 1578 3296 1631 ita
3352 1582 3572 1631 naturae
3636 1580 3914 1633 humanae

2215 1672 2371 1721 tanta
2401 1674 2457 1721 et
2487 1672 2602 1720 tam
2635 1669 2785 1721 celsa
2816 1673 2872 1720 et
2904 1682 3129 1719 summa
3161 1666 3474 1732 subvectio,
3497 1672 3556 1719 ut
3585 1684 3701 1737 quo
3734 1668 3915 1721 attol-

2216 1758 2431 1810 leretur
2463 1757 2633 1810 altius
2663 1772 2779 1809 non
2812 1745 3049 1809 haberet
3082 1772 3096 1809 :
3140 1754 3283 1808 sicut
3312 1771 3417 1823 pro
3452 1756 3618 1809 nobis
3662 1756 3783 1825 ipsa
3814 1757 3912 1809 di-

2212 1847 2417 1900 vinitas
2468 1862 2768 1917 quousque
2824 1862 2881 1898 se
2912 1846 3225 1907 deponeret
3272 1845 3569 1912 humilius,
3627 1862 3743 1899 non
3798 1848 3911 1899 lia—

2213 1934 2356 1998 buit,
2390 1949 2559 2005 quam
2591 1938 2850 2001 suscepta
2880 1936 3086 1985 natura
3133 1933 3380 1985 hominis
3411 1949 3537 1985 cum
3571 1934 3913 1987 inﬁrmitate

2212 2023 2419 2081 carnis,
2491 2040 2519 2072 α
2568 2036 2749 2091 usque
2811 2021 2878 2073 ad
2928 2026 3174 2074 mortem
3233 2021 3436 2073 crucis.
3482 2040 3505 2069 ι
3565 2020 3719 2074 Sicut
3766 2037 3912 2091 ergo

2213 2110 2653 2179 prmdestinatus
2681 2114 2766 2162 est
2792 2125 2941 2162 unus
2971 2109 3091 2177 ille,
3122 2114 3185 2161 ut
3216 2114 3388 2178 caput
3416 2113 3679 2162 nostrum
3733 2115 3907 2175 esset,

2210 2197 2289 2250 ita
2321 2198 2487 2251 multi
2524 2197 2915 2267 prmdestinati
2954 2212 3175 2263 sumus,
3203 2202 3269 2249 ut
3315 2196 3573 2249 membra
3601 2197 3724 2266 ejus
3752 2212 3911 2250 esse-

2212 2301 2358 2339 mus.
2394 2288 2657 2339 Humana
2677 2285 2770 2338 hic
2799 2286 3004 2339 merita
3029 2284 3429 2346 conticescant,
3458 2299 3586 2353 quae
3608 2284 3915 2354 perierunt

2209 2390 2315 2445 per
2372 2374 2588 2439 Adam;
2631 2378 2687 2427 et
2716 2377 2919 2442 regnet
2966 2389 3094 2443 qum
3142 2377 3345 2443 regnat
3374 2393 3401 2421 «
3444 2372 3544 2426 Dei
3594 2373 3773 2442 gratia
3802 2390 3914 2442 per

2209 2465 2403 2517 Jesum
2437 2463 2729 2517 Christum
2773 2462 3081 2515 Dominum
3137 2466 3418 2526 nostrum,
3455 2482 3482 2509 ››
3511 2461 3743 2515 unicum
3806 2463 3912 2516 Dei

2215 2551 2444 2615 Filium,
2477 2565 2659 2603 unum
2691 2550 3019 2604 Dominum.
3053 2549 3323 2619 Quisquis
3365 2549 3427 2602 in
3481 2549 3665 2619 capite
3709 2554 3910 2603 nostro

2211 2639 2596 2710 praecedentia
2632 2638 2831 2691 merita
2872 2637 3179 2707 singularis
3212 2638 3365 2690 illius
3400 2637 3785 2706 generationis
3813 2637 3911 2691 in—

2210 2728 2449 2794 venerit,
2506 2728 2630 2797 ipse
2682 2728 2740 2780 in
2801 2727 2964 2780 nobis
3016 2726 3289 2780 membris
3341 2726 3464 2796 ejus
3520 2727 3913 2796 praecedentia

2212 2817 2415 2870 merita
2464 2816 2867 2885 multiplicatae
2915 2814 3367 2884 regenerationis
3400 2815 3673 2885 inquirat.
3711 2816 3913 2885 Neque

412 2904 458 2956 si
484 2919 597 2973 qua
627 2902 749 2973 ejus
786 2902 1021 2979 propria
1062 2902 1358 2955 verissime
1406 2903 1518 2955 dici
1548 2908 1803 2973 possunt,
1838 2904 2095 2973 singula-
2148 2972 2177 2979 __
2212 2906 2365 2959 enim
2399 2905 2619 2960 Christo
2647 2904 2925 2958 retributa
2955 2908 3039 2956 est
3069 2903 3167 2957 illa
3196 2903 3510 2973 generatio,
3540 2903 3638 2957 sed
3668 2903 3910 2969 tributa,

409 2972 549 3045 riter
578 2992 637 3045 in
662 2972 665 2973 ν
690 2972 1040 3060 ἱΙΙοέιοὸθρίῐ
1068 2990 1340 3057 humana,
1393 2991 1499 3044 hoc
1528 2972 1613 3044 est
1642 2996 1836 3045 nostra
1870 2972 2099 3057 natura,
2140 2972 2178 3026 (ἶ
2216 2999 2276 3046 ut
2314 2994 2535 3046 alienus
2583 2993 2651 3046 ab
2687 2992 2844 3045 omni
2876 2972 3221 3061 obligatione
3255 2991 3469 3061 peccati
3504 2991 3572 3045 de
3601 2990 3815 3061 Spiritu
3851 2998 3915 3045 et

412 3081 585 3134 nullis
631 3080 744 3133 suis
790 3078 1246 3150 prmcedentibus
1298 3080 1536 3133 meritis.
1592 3081 1955 3150 Respondeat
2012 3082 2104 3135 hic

412 3168 581 3222 homo
636 3169 771 3237 Deo,
819 3168 865 3221 si
906 3168 1101 3235 audet,
1133 3172 1190 3221 et
1235 3167 1385 3221 dicat
1419 3185 1431 3221 :
1466 3168 1578 3221 Cur
1608 3184 1726 3221 non
1757 3174 1812 3222 et
1859 3171 2009 3239 ego?
2041 3171 2105 3223 Et

408 3258 455 3310 si
488 3256 782 3311 audierit:
842 3279 867 3304 «
899 3257 941 3311 Ο
989 3256 1181 3323 homo,
1237 3262 1295 3309 tu
1357 3256 1483 3326 quis
1530 3272 1588 3309 es
1617 3257 1715 3327 qui
1757 3260 2101 3329 respondeas

409 3347 564 3401 Dco?
594 3368 621 3394 »
660 3363 763 3399 nec
809 3346 885 3398 sic
937 3344 1219 3412 cohibeat,
1267 3345 1362 3398 sed
1418 3350 1624 3414 augeat
1652 3345 2099 3415 impudentiam,

408 3440 461 3488 et
492 3436 661 3499 dicat,
735 3433 1032 3497 Quomodo
1073 3433 1268 3500 audio,
1306 3452 1331 3483 «
1365 3434 1445 3485 Tu
1478 3432 1606 3501 quis
1637 3449 1718 3500 es,
1751 3450 1784 3487 ο
1828 3435 2041 3487 homo?
2070 3456 2098 3483 »

408 3523 548 3576 Cu'm
580 3522 685 3575 sim
715 3521 867 3591 quod
902 3521 1094 3584 audio,
1148 3520 1203 3572 id
1237 3524 1321 3572 est
1359 3519 1551 3580 homo,
1587 3521 1738 3590 quod
1776 3527 1858 3575 est
1911 3527 1967 3576 et
2006 3523 2100 3576 ille

408 3608 476 3660 de
518 3624 630 3678 quo
654 3622 783 3676 ago,
810 3621 913 3659 cur
942 3621 1055 3659 non
1087 3606 1194 3659 sim
1235 3606 1389 3676 quod
1422 3611 1476 3659 et
1508 3606 1642 3660 ille?
1668 3612 1737 3662 At
1782 3609 1934 3664 enim
1970 3626 2100 3681 gra-

406 3696 482 3748 tia
530 3696 627 3748 ille
658 3694 786 3747 talis
836 3710 899 3748 ac
929 3698 1123 3747 tantus
1173 3700 1273 3747 est.
1325 3696 1434 3748 Cur
1483 3695 1703 3749 diversa
1763 3703 1846 3751 est
1891 3700 2096 3769 gratia,

404 3784 504 3837 ubi
536 3788 741 3837 natura
786 3783 1109 3837 communis
1141 3783 1264 3836 est?
1306 3784 1470 3838 Certe
1503 3805 1529 3835 α
1562 3802 1677 3839 non
1713 3792 1794 3839 est
1842 3790 2097 3858 acceptio

404 3888 783 3942 personarum
805 3872 955 3943 apud
980 3873 1157 3926 Deum
1177 3872 1318 3942 (Col.
1356 3890 1435 3942 Ill,
1459 3876 1570 3941 25).
1601 3894 1627 3925 »
1652 3875 1807 3939 Quis,
1838 3893 1952 3930 non
1971 3877 2096 3931 dico

404 3960 777 4026 Christianus,
821 3961 915 4014 sed
945 3960 1179 4014 insanus
1206 3962 1324 4015 huic
1356 3962 1543 4016 dicat?
1576 3966 1861 4033 Appareat
1901 3966 2095 4036 itaque

402 4050 568 4104 nobis
599 4049 656 4103 in
678 4055 873 4103 nostro
912 4050 1095 4119 capite
1126 4051 1247 4118 ipse
1281 4053 1409 4102 fons
1450 4052 1667 4119 gratiae,
1703 4052 1855 4104 unde
1888 4069 2097 4106 secun—

402 4139 536 4192 dum
600 4138 1049 4207 uniuscujusque
1106 4154 1433 4191 mensuram
1468 4154 1695 4207 semper
1726 4147 1929 4194 cuncta
1972 4143 2094 4211 ejus

402 4226 659 4278 membra
692 4224 979 4277 diffundit.
1028 4226 1101 4277 Ea
1134 4225 1314 4293 gratia
1346 4226 1409 4277 fit
1460 4226 1530 4279 ab
1582 4226 1748 4279 initio
1794 4228 1923 4281 tidei
1970 4246 2086 4282 suae

400 4312 575 4365 homo
608 4311 935 4380 quicunque
988 4309 1358 4377 Christianus,
1406 4329 1520 4382 qua
1554 4302 1732 4383 gratia
1786 4316 1959 4368 homo
1991 4317 2087 4371 ille

400 4397 470 4449 ab
502 4395 666 4448 initio
720 4412 822 4447 suo
853 4394 1033 4448 factus
1081 4401 1167 4448 est
1220 4396 1528 4452 Christus:
1571 4400 1639 4453 de
1697 4401 1822 4469 ipso
1871 4401 2085 4471 Spiritu

400 4489 457 4537 et
499 4484 591 4537 hic
650 4488 881 4537 renatus
933 4489 1036 4551 est,
1093 4485 1162 4538 de
1219 4501 1333 4555 quo
1383 4485 1477 4540 ille
1532 4492 1614 4540 est
1662 4494 1855 4555 natus;
1889 4490 2086 4545 eodem

398 4572 610 4642 Spiritu
643 4573 707 4625 ﬁt
738 4571 795 4625 in
840 4572 1003 4626 nobis
1058 4574 1317 4627 remissio
1372 4582 1732 4644 peccatorum
1787 4595 1902 4648 quo
1956 4580 2088 4649 Spi-

398 4660 510 4719 ritu
570 4660 780 4712 factum
838 4666 922 4713 est
985 4666 1046 4715 ut
1106 4663 1329 4715 nullum
1380 4663 1615 4717 haberet
1644 4665 1738 4718 ille
1764 4674 2084 4735 peccatum.

400 4750 527 4802 Hzec
560 4764 617 4802 se
652 4750 798 4801 Deus
837 4748 1119 4803 facturum
1170 4766 1289 4802 esse
1323 4751 1578 4820 profecto
1627 4753 1927 4823 praescivit.
1964 4755 2087 4823 Ipsa

399 4842 482 4891 est
510 4837 687 4906 igitur
726 4838 1155 4907 praedestinatio
1208 4845 1553 4907 sanctorum,
1597 4857 1725 4912 quae
1758 4842 1817 4894 in
1880 4842 2086 4896 Sancto

397 4932 721 4981 sanctorum
772 4926 1016 4979 maxime
1068 4928 1294 4996 claruit,
1328 4944 1501 4997 quam
1552 4946 1762 4999 negare
1812 4931 1941 5001 quis
1978 4947 2088 5001 p0-

394 5021 504 5071 test
552 5019 704 5068 recte
759 5015 1206 5085 iutelligentium
1247 5018 1473 5087 eloquia
1516 5018 1817 5073 Veritatis?
1842 5020 1987 5073 Nam
2033 5024 2089 5073 et

394 5106 586 5175 ipsum
643 5104 953 5158 Dominum
1013 5104 1229 5175 glorise,
1293 5106 1639 5177 inquantum
1720 5108 1894 5162 homo
1940 5109 2086 5163 facto

394 5192 574 5247 factus
621 5197 705 5247 est
746 5192 847 5247 Dei
916 5193 1111 5258 Filius,
1172 5194 1635 5263 praedestinatum
1686 5212 1807 5251 esse
1883 5196 2084 5251 didici-

396 5293 541 5334 mus.
577 5283 795 5336 Clamat
843 5281 1042 5335 doctor
1084 5283 1339 5352 gentium
1375 5283 1433 5337 in
1467 5284 1649 5353 capite
1700 5286 2084 5355 Epistolarum

396 5382 689 5422 suarum:
744 5392 771 5417 ‹‹
831 5370 1039 5424 Paulus
1114 5386 1309 5424 servus
1382 5371 1515 5426 Jesu
1576 5373 1782 5427 Christi
1858 5379 2085 5428 vocatus

395 5457 710 5526 apostolus,
776 5464 1107 5529 segregatus
1173 5459 1232 5513 in
1295 5461 1666 5530 Evangelium
1738 5460 1869 5527 Dei;
1929 5464 2083 5533 quod

390 5548 527 5598 ante
577 5544 918 5613 promiserat
964 5564 1069 5617 per
1112 5549 1432 5619 prophetas
1490 5566 1623 5602 suos
1673 5550 1732 5603 in
1777 5550 2085 5621 Scripturis

2213 3082 2444 3152 Virgine
2485 3085 2830 3135 nasceretur.
2882 3079 2971 3134 Sic
3020 3085 3076 3133 et
3123 3079 3307 3145 nobis,
3360 3084 3425 3133 ut
3477 3101 3496 3129 ι
3544 3095 3611 3132 ex
3660 3086 3913 3149 aqua,et

2212 3170 2429 3241 Spiritu
2478 3185 2909 3223 renasceremur
2938 3188 2965 3219 ι)
3011 3185 3125 3222 non
3173 3169 3516 3222 retributum
3556 3173 3642 3222 est
3670 3184 3773 3239 pro
3805 3169 3911 3221 ali-

2210 3275 2326 3330 quo
2355 3260 2577 3324 merito,
2614 3258 2711 3311 sed
2744 3257 2922 3327 gratis
2949 3257 3264 3323 tributum;
3308 3261 3365 3309 et
3394 3256 3440 3309 si
3473 3272 3576 3310 nos
3611 3257 3906 3310 lavacrum

2209 3346 2662 3417 regenerationis
2702 3345 2840 3399 ﬁdes
2878 3345 3057 3412 duxit,
3088 3362 3202 3398 non
3233 3345 3362 3399 ideo
3393 3350 3593 3414 putare
3625 3344 3908 3398 debemus

2208 3436 2429 3506 priores
2478 3450 2581 3488 nos
2639 3433 2861 3487 dedisse
2892 3434 3128 3503 aliquid,
3170 3438 3233 3487 ut
3284 3432 3691 3486 retribueretur
3728 3432 3904 3486 nobis

2207 3522 2566 3593 regeneratio
2621 3520 2885 3575 salutaris
2917 3537 2930 3574 :
2964 3522 3059 3574 ille
3114 3520 3329 3591 quippe
3361 3536 3462 3574 nos
3490 3520 3623 3574 fecit
3667 3520 3904 3575 credere

2207 3612 2267 3665 in
2318 3611 2629 3674 Christum,
2684 3609 2785 3679 qui
2833 3609 2996 3663 nobis
3049 3609 3201 3674 fecit,
3262 3609 3323 3662 in
3370 3625 3541 3678 quem
3587 3609 3901 3677 credimus,

2208 3700 2528 3764 Christum;
2571 3698 2666 3751 ille
2698 3697 2833 3752 facit
2861 3696 2923 3750 in
2948 3697 3276 3750 hominibus
3306 3696 3655 3767 principium
3684 3697 3819 3750 fidei
3844 3704 3905 3752 et

2204 3786 2621 3859 perfectionem
2656 3785 2715 3838 in
2746 3786 2954 3851 Jesum,
2992 3784 3091 3854 qui
3139 3784 3270 3838 fecit
3297 3784 3587 3837 hominem
3624 3804 3649 3835 (ι
3683 3786 3904 3855 princi-

2207 3891 2335 3946 pem
2371 3874 2505 3928 ﬁdei
2535 3879 2591 3926 et
2630 3873 3005 3942 perfectorem
3036 3873 3248 3927 Jesum.
3284 3893 3311 3921 ››
3356 3871 3444 3926 Sic
3486 3872 3638 3925 enim
3670 3879 3754 3925 est
3793 3890 3903 3943 ap-

2206 3964 2468 4032 pellatus,
2517 3967 2581 4015 ut
2630 3962 2802 4027 scitis,
2854 3961 2915 4015 in
2958 3961 3207 4032 Epistola
3239 3976 3367 4030 qua:
3396 3965 3480 4014 est
3527 3962 3595 4014 ad
3629 3961 3907 4015 Hebraeos

2206 4052 2387 4121 (Hebr.
2432 4067 2523 4116 xu,
2556 4050 2627 4120 2),
2662 4054 2821 4103 vocat
2852 4051 3004 4103 enim
3044 4051 3190 4103 Deus
3220 4050 3653 4119 praedestinatos
3689 4051 3905 4104 multos

2204 4138 2354 4191 ﬁlios
2388 4155 2539 4203 suos,
2573 4143 2637 4191 ut
2667 4154 2764 4189 eos
2806 4138 2971 4191 faciat
3028 4137 3285 4190 membra
3314 4138 3709 4207 praedestinati
3744 4139 3909 4192 unici

2129 4248 2170 4301 ι)
2206 4227 2335 4280 Filii
2376 4226 2509 4298 sui.)
2548 4227 2687 4279 Item
2719 4226 2866 4278 infra
2900 4225 3039 4294 (cap.
3094 4228 3155 4279 16
3186 4228 3243 4278 in
3270 4227 3391 4294 ﬁn.)
3423 4242 3435 4279 :
3470 4225 3573 4296 [Ad
3623 4227 3765 4279 hanc
3797 4242 3903 4279 vo-

2200 4316 2483 4369 cationem
2524 4314 2623 4385 qui
2664 4314 2970 4384 pertinent,
3004 4335 3031 4361 ‹‹
3064 4330 3263 4367 omnes
3323 4319 3455 4367 sunt
3483 4315 3751 4367 docibiles
3793 4316 3902 4369 Dei

2201 4402 2335 4471 (Isa.
2368 4419 2473 4470 LIV,
2529 4404 2637 4471 l3),
2660 4424 2687 4449 »
2741 4418 2842 4455 nec
2875 4406 3062 4472 potest
3092 4417 3288 4455 eorum
3329 4402 3633 4471 quisquam
3660 4402 3849 4455 dicere
3878 4420 3894 4456 :

2201 4492 2447 4556 Credidi,
2489 4496 2552 4544 ut
2577 4491 2655 4543 sic
2694 4506 2925 4544 vocarer
2953 4507 2965 4545 :
2995 4490 3271 4561 praevenit
3303 4506 3434 4543 eum
3470 4492 3682 4560 quippe
3718 4490 3899 4544 mise-

2199 4580 2447 4633 ricordia
2476 4580 2593 4644 Dei,
2628 4578 2765 4649 quia
2800 4580 2878 4631 sic
2912 4584 2995 4631 est
3024 4583 3255 4631 vocatus
3286 4584 3349 4631 ut
3377 4580 3653 4646 crederet.
3692 4601 3712 4625 ι
3748 4578 3901 4631 Om-

2199 4684 2298 4721 nes
2328 4668 2484 4721 enim
2515 4667 2788 4721 docibiles
2816 4667 2913 4720 Dei
2939 4688 2965 4715 »
2997 4666 3233 4719 veniunt
3258 4667 3337 4719 ad
3359 4667 3582 4733 Filium,
3614 4666 3896 4736 quoniam

2198 4756 2509 4810 audierunt
2556 4761 2608 4809 et
2642 4756 2967 4810 didicerunt
3011 4773 3039 4807 a
3061 4756 3225 4808 Patre
3257 4771 3360 4823 per
3381 4754 3607 4821 Filium,
3644 4755 3742 4824 qui
3774 4756 3904 4808 evi-

2198 4844 2530 4899 dentissime
2571 4844 2708 4897 dicit
2743 4859 2756 4896 :
2798 4865 2818 4891 ι
2880 4843 3082 4897 Omnis
3130 4843 3228 4913 qui
3279 4842 3499 4896 audivit
3544 4859 3575 4896 a
3618 4844 3804 4911 Patre,
3837 4849 3900 4897 et

2196 4932 2413 4998 didicit,
2448 4933 2603 4985 venit
2637 4933 2705 4985 ad
2741 4948 2831 4985 me
2863 4931 3038 5001 (Joa-n.
3074 4948 3148 4995 v1,
3182 4932 3268 4995 45,
3307 4932 3416 4998 39).
3448 4952 3475 4978 ››
3516 4932 3757 4985 Istorum
3789 4948 3901 4984 au-

2197 5027 2314 5076 tem
2355 5038 2523 5075 nemo
2556 5023 2726 5091 perit,
2761 5022 2947 5091 «quia
2976 5036 3147 5074 omne
3199 5020 3352 5089 quod
3391 5020 3548 5073 dedit
3597 5021 3648 5073 ei
3707 5023 3899 5089 Pater,

2196 5126 2313 5164 non
2344 5110 2531 5180 perdit
2553 5126 2617 5163 ex
2650 5126 2716 5163 eo
2752 5109 3088 5180 quidquam.
3123 5126 3150 5160 ι
3174 5108 3442 5178 Quisquis
3464 5124 3599 5179 ergo
3632 5110 3761 5163 inde
3783 5114 3902 5176 est,

2197 5199 2435 5253 omnino
2466 5214 2576 5251 non
2608 5198 2778 5269 perit,
2810 5213 2913 5251 nec
2941 5201 3105 5250 erant
3126 5196 3259 5249 inde
3281 5197 3380 5266 qui
3409 5197 3733 5265 perierunt,
3758 5213 3903 5266 pro-

2193 5292 2323 5356 pter
2356 5286 2508 5356 quod
2548 5286 2764 5340 dictum
2795 5290 2916 5339 est:
2955 5303 2983 5335 α
3016 5285 3092 5338 Ex
3122 5284 3288 5338 nobis
3327 5285 3613 5349 exierunt,
3648 5284 3745 5337 sed
3774 5300 3903 5338 non

2196 5379 2363 5429 erant
2394 5390 2460 5427 ex
2494 5373 2679 5427 nobis.
2734 5374 2876 5427 Nam
2931 5373 2978 5425 si
3013 5372 3253 5426 fuissent
3299 5387 3369 5425 ex
3409 5372 3591 5438 nobis,
3644 5373 3900 5426 mansis-

2196 5468 2325 5516 sent
2356 5462 2555 5533 utique
2584 5461 2882 5515 nobiscum
2907 5461 2965 5531 (Ι
2989 5463 3157 5515 Joan.
3194 5478 3250 5522 Il,
3290 5460 3397 5531 19).
3435 5481 3461 5509 ››
3494 5461 3905 5531 Intelligamus
4002 5470 4009 5476 ’

2196 5566 2331 5619 ergo
2362 5551 2720 5604 vocationem
2752 5550 2889 5621 quia
2909 5550 3058 5605 ﬁunt
3095 5550 3276 5612 electi,
3307 5565 3422 5602 non
3472 5550 3570 5619 qui
3596 5549 3905 5619 eliguntur
4008 5564 4013 5583 θ
