4138 6194
137 256 207 309 41
1208 253 1296 307 DE
1337 252 2000 309 PREDESTINATIONE
2044 252 2179 307 DEI.
2215 282 2282 290 —
2316 253 2449 308 LIB.
2494 253 2561 309 II.
3561 264 3629 316 4:2
3664 272 3669 276 α

139 392 279 463 quia
329 389 701 453 crediderunt,
739 388 851 441 sed
929 387 1032 457 “cui
1090 387 1385 457 eliguntur
1439 392 1506 441 ut
1560 388 1825 454 credant;
1856 390 1895 443 Α
1937 386 2201 440 novimus
2234 387 2515 457 possimus
2546 388 2790 458 operari,
2824 406 3023 445 verum
3056 391 3227 446 etiam
3260 394 3535 463 prmvenit
3568 395 3624 449 in

139 482 288 535 hanc
317 480 460 533 enim
491 484 546 533 et
603 478 878 532 Dominus
926 478 1048 549 ipse
1097 478 1231 530 satis
1284 477 1468 548 aperit
1515 477 1609 531 ubi
1642 478 1823 533 dicit:

145 592 167 618 ι
210 571 324 623 Non
368 585 460 621 vos
491 585 580 621 me
613 567 886 635 elegistis,
928 567 1024 620 sed
1057 582 1162 634 ego
1191 582 1288 618 vos
1319 565 1465 635 elegi
1516 566 1697 635 (Joan.
1732 583 1819 632 xv,

144 658 254 725 l9).
287 677 313 708 ι)
363 658 495 710 Nam
529 656 575 709 si
622 661 929 726 prOpterea
969 655 1134 707 electi
1181 660 1346 707 erant
1402 654 1538 724 quia
1567 655 1820 707 credide-

136 751 286 811 rant,
337 746 443 814 ipsi
474 761 604 798 cum
645 745 806 814 prius
852 743 1047 813 utique
1092 743 1385 812 elegerant
1425 742 1708 796 credendo
1764 742 1822 795 in

140 851 291 899 eum,
312 840 372 887 ut
400 833 532 902 eligi
557 836 916 885 mererentur
944 848 956 885 :
987 831 1169 884 aufert
1199 835 1390 884 autem
1423 831 1529 883 hoc
1587 831 1839 883 omninO'

135 922 237 991 qui
264 923 390 975 dicit
423 938 435 974 :
474 944 493 968 ι
520 922 647 976 Non
678 937 773 973 vos
806 936 895 973 me
918 919 1186 989 elegistis,
1214 919 1308 972 sed
1333 935 1438 988 ego
1473 936 1565 971 vos
1588 919 1753 988 elegi.
1791 940 1819 967 ι(

138 1012 205 1063 Et
234 1010 336 1078 ipsi
365 1009 598 1079 quidem
634 1010 830 1078 procul
860 1007 1033 1061 dubio
1078 1008 1378 1077 elegerunt
1404 1024 1553 1071 eum,
1587 1007 1818 1076 quando

134 1098 493 1150 crediderunt
517 1097 576 1149 in
599 1112 763 1161 eum;
798 1096 946 1149 unde
980 1112 1091 1149 non
1132 1096 1201 1148 ob
1232 1095 1386 1148 aliud
1412 1095 1547 1148 dicit
1576 1110 1587 1147 :
1634 1113 1661 1145 (ι
1697 1096 1820 1147 Non

134 1202 233 1237 V05
273 1202 358 1237 me
406 1184 679 1253 elegistis,
717 1184 815 1237 sed
864 1200 968 1252 ego
1000 1199 1098 1236 vos
1126 1184 1295 1253 elegi,
1331 1203 1357 1231 ››
1392 1183 1499 1235 nisi
1540 1183 1675 1253 quia
1706 1199 1817 1235 non

134 1275 425 1342 elegerunt
452 1279 517 1325 ut
546 1272 785 1341 eligeret
814 1288 931 1337 eos,
968 1272 1065 1324 sed
1108 1276 1165 1324 ut
1194 1273 1486 1340 elegerent
1533 1286 1664 1323 eum
1698 1272 1817 1323 ele-

131 1363 217 1430 git
244 1378 355 1423 eos,
390 1361 526 1431 quia
571 1360 963 1414 misericordia
1011 1359 1133 1429 ejus
1172 1360 1447 1428 praevenit
1467 1375 1564 1411 eos
1620 1374 1817 1411 secun-

124 1451 261 1503 dum
309 1449 573 1518 gratiam,
618 1465 734 1501 non
781 1447 1099 1501 secundum
1129 1446 1405 1500 debitum.
1451 1448 1634 1515 Elegit
1680 1464 1814 1516 ergo

121 1555 219 1591 eos
249 1538 316 1591 de
345 1537 580 1602 mundo,
624 1552 755 1589 cum
784 1536 877 1589 hic
906 1540 1102 1604 ageret
1132 1550 1360 1588 carnem
1390 1533 1509 1604 [αιη
1540 1534 1596 1587 in
1624 1536 1813 1604 carne]

120 1628 219 1679 sed
253 1626 368 1695 jam
401 1626 611 1678 electos
662 1624 722 1677 in
770 1624 958 1693 seipso
1014 1628 1145 1676 aute
1196 1622 1397 1675 mundi
1449 1622 1805 1676 constitutio-

118 1732 251 1767 nem
286 1729 298 1766 :
332 1714 451 1767 hmo
483 1724 569 1767 est
616 1712 933 1766 immobilis
973 1711 1178 1765 veritas
1210 1711 1723 1782 praedestinationis
1756 1717 1811 1765 et
1846 1686 1882 1738 Β

138 1803 358 1871 gratia-3.]

138 1822 332 1855 'rauas.

119 1822 151 1874 ὃ
187 1822 519 1945 Sicutjenim
553 1907 622 1943 ex
654 1889 741 1943 his
773 1905 903 1959 quae
935 1887 1184 1942 breviter
1216 1888 1283 1941 de
1310 1886 1462 1941 beati
1499 1888 1807 1957 Augustini

116 1978 247 2032 libri
292 1980 647 2048 collegimus,
712 1978 959 2047 intelligi
1015 1977 1184 2030 datur
1232 1977 1428 2030 omnia
1480 1983 1805 2029 sanctorum

113 2065 276 2133 facta,
334 2066 483 2121 dicta
542 2071 600 2119 et
644 2066 1022 2135 cogitationes
1072 2068 1262 2124 rectae,
1305 2063 1513 2133 quibus
1569 2062 1807 2116 caelestis

112 2155 274 2225 regni
304 2156 720 2209 beatitudinem
770 2159 1103 2207 mereantur
1151 2152 1430 2221 accipere,
1488 2167 1601 2204 non
1644 2167 1676 2204 a
1719 2167 1804 2203 se-

112 2244 368 2313 metipsis
400 2245 639 2313 habent,
689 2244 787 2297 sed
835 2242 1020 2312 gratia
1065 2240 1302 2309 superni
1356 2240 1611 2292 muneris
1657 2255 1809 2291 acce-

115 2337 345 2400 perunt,
392 2348 642 2401 cumque
672 2331 919 2385 liberum
955 2329 1259 2383 voluntatis
1289 2328 1557 2381 humanas
1606 2328 1679 2380 sit
1717 2343 1804 2380 ar-

115 2418 371 2485 bitrium,
392 2418 687 2472 infirmum
705 2422 964 2471 tamenet
978 2416 1292 2469 invalidum
1307 2421 1391 2468 est
1405 2415 1473 2467 ad
1488 2414 1805 2483 opusjusti-

114 2509 228 2574 tiae,
264 2507 307 2559 si
341 2524 457 2560 non
489 2523 592 2577 per
614 2505 716 2560 Dei
735 2505 979 2575 gratiam
1000 2505 1250 2557 validum
1281 2504 1380 2557 ﬁat
1405 2508 1460 2556 et
1488 2503 1653 2567 forte,
1678 2517 1805 2572 quae

112 2596 214 2650 Dei
246 2595 431 2667 gratia
461 2612 581 2649 non
614 2596 799 2648 solum
839 2594 1209 2663 subsequitur
1252 2608 1376 2659 nos,
1417 2597 1477 2645 ut
1503 2592 1653 2645 bona
1678 2607 1806 2662 quae

182 2766 205 2791 ³
242 2757 327 2810 Ad
374 2757 587 2811 calcem
622 2755 751 2810 libri
797 2755 973 2825 primi
1003 2756 1124 2809 haec
1153 2755 1442 2808 interserit
1490 2754 1677 2809 editor
1709 2754 1806 2808 Bi-

109 2828 409 2906 bliotheca:
452 2829 687 2906 Patrum
728 2826 1121 2906 Lugdunensis
1153 2843 1165 2879 :
1193 2846 1247 2906 Ha
1281 2832 1415 2879 Arn.
1459 2826 1803 2906 Ilay_m_undi,

109 2900 364 2952 notarius
416 2900 704 2968 publicus,
784 2897 903 2951 viso
964 2897 1231 2967 originali
1302 2897 1687 2965 manuscripto
1745 2897 1803 2949 in

114 2970 420 3024 [.cblcienei
494 2970 773 3032 coenobio,
830 2973 886 3021 et
932 2984 1037 3039 per
1085 2984 1177 3021 me
1258 2968 1331 3020 ad
1388 2968 1621 3036 longum
1692 2968 1801 3019 col-

1198 3286 1699 3361 ΡΒίΕΡΑΤΙΟ
1775 3286 2030 3361 LIBRI

1936 476 2201 529 omnibus
2230 476 2444 529 faciens
2470 476 2527 530 in
2563 477 2728 530 nobis
2754 484 2810 532 et
2841 480 3189 534 voluntatem
3229 498 3341 552 qua
3383 484 3625 537 velimus

1934 569 1990 616 et
2036 565 2321 634 possimus
2370 566 2553 619 facere
2607 566 2848 633 bonum,
2910 574 2966 622 et
3006 570 3261 623 tribuens
3308 571 3478 625 ﬁdem
3516 590 3627 643 qua

1932 666 2049 704 non
2071 652 2257 705 solum
2290 652 2587 706 credamus
2609 652 2666 705 in
2692 654 2890 718 Deum,
2917 671 3110 709 verum
3135 658 3304 711 etiam
3331 675 3431 728 per
3454 677 3625 730 quam

1933 755 2290 810 quaecunque
2340 740 2843 809 postnlaverimus,
2900 743 3271 813 impetremus
3305 764 3334 798 a
3372 748 3484 799 Deo
3522 765 3532 801 :
3570 748 3623 802 id

1932 832 2096 880 estet
2143 828 2489 898 principium
2534 829 2689 896 ﬁdei,
2744 835 2799 883 et
2832 832 3250 899 plenitudinem
3290 835 3412 903 ejus
3465 836 3625 889 nobis

1930 916 2192 970 donans:
2226 916 2321 970 sed
2354 921 2408 969 et
2448 918 2643 970 omnia
2697 935 2870 988 opera
2903 925 3074 985 recta,
3117 926 3175 973 nt
3215 923 3497 991 possimus
3543 924 3622 978 fa-

1928 1020 2053 1058 cere
2076 1007 2257 1075 gratia
2289 1006 2565 1074 largiente
2590 1007 3026 1076 possibilitatem
3061 1009 3371 1079 accipimus
3402 1011 3617 1066 facien-

1927 1094 2003 1147 di.
2039 1095 2165 1147 Hsec
2193 1110 2322 1147 cum
2355 1110 2420 1148 ex
2466 1096 2857 1165 superioribus
2910 1097 3203 1150 sententiis
3250 1099 3386 1152 satis
3438 1102 3622 1154 mani-

1926 1182 2066 1236 festa
2092 1184 2250 1249 ﬁant,
2285 1188 2406 1237 tum
2434 1200 2663 1254 quoque
2697 1201 2762 1237 ex
2793 1190 3121 1239 sanctorum
3169 1188 3400 1241 Patrum
3436 1188 3620 1252 dictis,

1928 1284 2175 1338 quorum
2208 1270 2301 1323 hic
2325 1271 2654 1325 testimonia
2686 1279 2923 1343 propter
2955 1274 3291 1329 brevitatem
3323 1276 3624 1329 omisimus

1924 1374 2158 1426 ponere,
2218 1359 2353 1412 satis
2414 1366 2732 1429 patescunt.
2783 1363 2904 1415 Jam
2959 1379 3089 1417 vero
3121 1363 3190 1417 de
3243 1365 3620 1434 praedestina-

1926 1446 2080 1500 tione
2112 1454 2440 1501 sanctorum
2490 1448 2568 1502 ita
2600 1450 2786 1519 posita
2842 1451 3171 1505 testimonia
3216 1452 3619 1507 incunctanter

1924 1531 2259 1600 loquuntur,
2316 1537 2381 1585 ut
2422 1534 2677 1586 omnium
2704 1535 3243 1603 praedestinatornm
3315 1554 3617 1592 numerum

1925 1617 2226 1672 deﬁnitum
2275 1636 2395 1673 esse
2445 1621 2705 1687 doceant,
2765 1629 2821 1677 et
2860 1624 3151 1677 neminem
3203 1642 3405 1679 eorum
3455 1642 3621 1695 posse

1921 1707 2127 1776 perire.
2166 1708 2301 1771 Quae
2342 1724 2469 1761 cum
2519 1710 2597 1763 ita
2649 1711 2784 1778 sint,
2813 1713 2933 1781 jam
2969 1713 3274 1767 videndum
3308 1720 3392 1767 est
3425 1720 3613 1768 utrum

1920 1796 2055 1847 mali
2088 1797 2472 1865 praedestinati
2506 1798 2619 1851 siut
2657 1799 2726 1851 ad
2768 1816 2993 1868 poenam
3025 1801 3160 1854 :sed
3199 1818 3327 1855 cum
3362 1818 3427 1854 ex
3478 1819 3621 1872 prae-

1918 1882 2299 1938 destinatione
2330 1891 2654 1939 sanctorum
2688 1888 2791 1940 hoc
2822 1888 2983 1941 facile
3016 1888 3190 1958 possit
3222 1890 3433 1959 colligi,
3478 1890 3613 1960 quia

1918 1972 1963 2024 si
2012 1972 2244 2027 illorum
2292 1980 2444 2027 certa
2474 1980 2560 2028 est
2610 1976 3054 2045 przedestinatio,
3090 1981 3146 2031 et
3199 1994 3369 2031 nemo
3425 1985 3614 2048 potest

1918 2060 2105 2129 perire
2134 2062 2464 2130 electorum,
2500 2064 2759 2134 sequitur
2791 2068 2850 2117 ut
2882 2065 3052 2117 etiam
3087 2066 3461 2136 reproborum
3512 2067 3614 2121 de—

1917 2149 2080 2203 ﬁnita
2111 2152 2309 2219 procul
2359 2151 2535 2204 dubio
2588 2152 2660 2205 sit
2707 2153 3175 2223 praedestinatio:
3216 2170 3401 2225 neque
3460 2156 3612 2208 enim

1921 2238 2017 2290 Dei
2052 2238 2373 2308 dispositio,
2416 2256 2546 2310 qua:
2587 2247 2910 2295 sanctorum
2944 2258 3251 2296 numerum
3296 2243 3372 2296 ita
3404 2244 3612 2298 consti-

1917 2326 2028 2379 tuit
2082 2330 2144 2379 nt
2190 2343 2359 2380 nemo
2400 2345 2467 2380 ex
2524 2328 2606 2381 eis
2658 2330 2847 2398 perire
2908 2330 3103 2399 possit,
3146 2348 3261 2384 non
3322 2331 3496 2385 etiam
3546 2333 3614 2385 de

1917 2414 2175 2482 reprobis
2234 2415 2454 2485 aliquid
2496 2416 2811 2486 judicavit;
2864 2419 2959 2472 sed
3011 2418 3146 2489 quid
3194 2435 3257 2472 ex
3304 2420 3413 2472 hoc
3486 2436 3613 2473 san-

1915 2506 2135 2555 ctorum
2187 2502 2340 2556 dicta
2394 2504 2706 2575 loquantur
2754 2508 3014 2576 sequenti
3077 2508 3269 2561 libello
3337 2513 3616 2561 monstra-

1914 2588 2072 2642 bitur
2109 2598 2152 2642 ³.

1915 2749 2049 2818 lato,
2084 2756 2260 2806 testor
2298 2757 2641 2822 praesentem
2674 2754 2895 2823 copiam
2929 2755 2998 2809 de
3048 2756 3219 2810 verbo
3253 2757 3321 2811 ad
3376 2758 3611 2811 verbum

1915 2837 2033 2873 esse
2084 2823 2267 2946 eidgm
2326 2823 2591 2893 originali
2639 2827 3008 2880 conformem.
3074 2830 3183 2881 Hac
3230 2830 3264 2881 4
3323 2831 3612 2883 Februarii

1915 2895 2048 2945 anni
2078 2895 2171 2946 itii
2217 2933 2229 2946 .
2267 2914 2293 2942 »

1914 2895 2048 2945 anni
2078 2895 2229 2947 1618.
2267 2914 2293 2942 »

2111 3286 2517 3361 SECUNDI

1513 3481 1593 3523 AD
1642 3479 1929 3523 CAROLCM
1972 3480 2087 3523 ΒΕΘ
2097 3481 2201 3523 ΕΜ.

178 3809 492 3882 Superiora
522 3806 741 3869 libello,
768 3820 862 3858 rex
894 3802 1183 3873 religiose,
1217 3817 1330 3872 qua
1363 3799 1515 3854 valui
1536 3799 1813 3854 brevitate
1845 3806 1884 3860 C
1920 3799 2132 3854 nostris
2182 3798 2388 3866 verbis,
2422 3799 2517 3852 sed
2568 3803 2893 3854 sanctorum
2936 3802 3098 3855 dictis
3152 3804 3612 3858 monstravimus.

114 3906 448 3953 sanctorum
503 3896 651 3949 dicta
716 3894 1049 3962 decerpens,
1108 3888 1329 3960 aperui,
1379 3905 1484 3959 pro
1541 3889 1816 3959 qualitate

122 3987 343 4059 ingenii
378 3984 580 4052 nostri,
615 3983 767 4054 quod
802 3980 995 4035 omnia
1043 3979 1252 4033 divinis
1310 3982 1551 4048 agantur
1590 3976 1815 4048 dispen-

118 4075 472 4140 sationibus;
508 4079 564 4126 et
601 4073 735 4125 licet
770 4070 1102 4140 iniquorum
1136 4083 1323 4137 pravae
1356 4065 1470 4118 sint
1501 4066 1819 4118 voluntates

114 4169 170 4217 et
231 4162 489 4217 actiones
556 4175 859 4230 perversae,
921 4171 1288 4227 nequaquam
1343 4159 1536 4207 tamen
1567 4154 1818 4223 eﬁ‘ugere

116 4256 365 4323 possunt
405 4250 730 4305 divinorum
776 4244 1263 4316 dispensationem
1288 4243 1639 4313 judiciorum
1676 4258 1691 4296 :
1722 4242 1819 4295 sed

116 4341 274 4396 unde
304 4342 423 4394 Deo
453 4340 848 4402 adversantur,
885 4335 1018 4389 inde
1050 4333 1204 4387 illius
1237 4331 1513 4386 voluntati
1542 4331 1817 4384 serviunt.

119 4432 269 4485 Hinc
299 4443 532 4499 quoque
562 4425 954 4492 manifestum,
990 4428 1264 4493 quantum
1297 4420 1600 4486 credimus,
1627 4418 1822 4472 elicuit

118 4520 263 4589 quia
298 4533 414 4571 non
445 4517 632 4570 solum
684 4530 813 4584 quae
843 4517 996 4577 sunt,
1028 4510 1120 4565 sed
1176 4515 1231 4564 et
1279 4525 1406 4580 quae
1448 4509 1642 4562 futura
1692 4510 1823 4559 sunt

120 4609 422 4677 dispensat
480 4602 725 4657 ccelestis
774 4599 1073 4672 sapientia,
1126 4604 1183 4652 et
1241 4596 1693 4667 unumquodque
1751 4595 1821 4647 ad

119 4710 291 4750 suam
320 4694 494 4747 ﬁnem
526 4690 806 4763 perducit,
834 4706 949 4743 non
983 4689 1166 4742 solum
1198 4686 1398 4755 bonos,
1425 4700 1619 4737 verum
1651 4682 1821 4736 etiam

116 4784 331 4848 malos,
367 4781 682 4835 secundum
735 4779 889 4850 quod
923 4782 1055 4831 ante
1100 4776 1309 4830 saecula
1339 4773 1683 4828 zeternaliter
1714 4771 1824 4825 dis-

115 4871 337 4943 posuit,
389 4871 719 4924 moderatur
772 4871 828 4921 et
874 4866 1035 4936 agit;
1093 4869 1149 4919 et
1198 4864 1342 4918 sicut
1397 4878 1515 4915 non
1547 4866 1632 4915 est
1677 4877 1826 4914 nova

117 4960 400 5032 cogitatio
438 4958 593 5027 apud
644 4958 845 5022 Deum,
898 4956 976 5008 ita
1005 4970 1109 5007 nec
1158 4968 1373 5008 novum
1404 4950 1725 5013 consilium,
1771 4954 1826 5003 et

118 5050 267 5123 quid
299 5049 369 5102 de
403 5045 644 5116 singulis
696 5050 919 5114 agatur,
955 5043 1016 5096 in
1056 5047 1271 5095 azterna
1326 5038 1604 5108 sapientia
1670 5038 1825 5089 illius

1926 3890 2194 3959 Superest
2253 3904 2400 3941 nunc
2454 3892 2513 3941 ut
2576 3888 2644 3942 de
2696 3890 3200 3959 prazdestinatione
3259 3891 3614 3961 iniquorum,

1919 3978 2080 4049 juxta
2120 3978 2274 4048 quod
2320 3976 2749 4047 magniﬁcentia
2796 3984 2979 4033 vestra
3023 3979 3256 4051 dignata
3309 3984 3395 4033 est
3451 3980 3615 4034 nobis

1926 4068 2249 4137 injuugcre,
2280 4073 2607 4120 sanctorum
2636 4067 2783 4121 dicta
2816 4070 3073 4139 exempla
3099 4068 3437 4139 colligamus
3471 4084 3483 4123 :
3518 4068 3616 4121 ubi

1927 4155 2099 4208 etiam
2132 4156 2200 4209 de
2240 4160 2565 4210 sanctorum
2600 4157 3104 4225 praedestinatione
3159 4158 3370 4228 pariter
3417 4159 3616 4229 loque-

1929 4260 2077 4297 mur.
2135 4244 2273 4307 Quie
2321 4260 2447 4297 cum
2480 4244 2694 4298 fuerint
2737 4262 2769 4299 a
2806 4246 2974 4299 nobis
3028 4246 3314 4316 explicita,
3372 4247 3619 4301 breviter

1929 4332 2150 4402 aperire
2191 4333 2529 4386 conabimur
2560 4335 3049 4404 quemadmodum
3091 4351 3219 4390 cum
3260 4337 3408 4390 Deus
3438 4336 3620 4390 malos

1928 4420 2361 4492 prmdestinatos
2388 4421 2596 4475 habeat
2627 4423 2693 4476 ad
2724 4440 2975 4493 pmnam,
3019 4441 3135 4479 non
3174 4429 3365 4479 tamen
3427 4430 3622 4479 auctor

1930 4510 2000 4563 sit
2032 4509 2338 4575 malorum,
2380 4526 2483 4563 nec
2514 4510 2585 4564 sit
2614 4512 2924 4566 voluntatis
2956 4513 3077 4582 ejus
3123 4513 3369 4584 perditio
3420 4513 3623 4585 impio-

1932 4615 2057 4652 rum
2085 4615 2097 4652 :
2145 4621 2166 4647 ει
2202 4598 2310 4662 Qui
2341 4615 2538 4652 omnes
2572 4600 2831 4653 homines
2856 4602 2974 4654 vult
3004 4603 3238 4670 salvare,
3273 4608 3330 4656 et
3359 4603 3427 4657 ad
3468 4602 3623 4674 agni-

1931 4687 2145 4742 tionem
2177 4687 2426 4741 veritatis
2458 4687 2647 4741 vcnire
2680 4690 2731 4757 (Ι
2768 4690 2906 4742 Tim.
2961 4706 3018 4754 u,
3054 4690 3132 4760 4).
3170 4712 3196 4737 ››
3251 4691 3623 4746 Obsecramus

1932 4780 2125 4830 autem
2156 4776 2552 4830 celsitudinem
2604 4777 2915 4846 majestatis
2959 4783 3175 4845 vestrae,
3210 4784 3273 4832 ut
3303 4781 3349 4833 si
3393 4781 3531 4851 quid
3563 4782 3623 4835 in

1934 4863 2137 4918 litteris
2189 4864 2395 4917 nostris
2427 4864 2581 4934 quod
2630 4865 2787 4918 vobis
2838 4865 3210 4935 displicuerit,
3267 4867 3621 4936 inveneritis,

1934 4952 2377 5007 misericorditer
2407 4953 2725 5023 corrigatis,
2759 4954 3035 5024 nobisque
3075 4956 3416 5026 corrigenda
3443 4956 3623 5027 signi-

1934 5041 2104 5095 ﬁcare
2155 5058 2269 5095 non
2317 5042 2753 5112 dedignemini:
2802 5044 2888 5097 vel
2950 5043 2993 5096 si
3056 5046 3185 5115 quis
3238 5045 3627 5115 deprehensor

122 5111 473 5208 dispositum
501 5111 591 5188 cst
650 5137 705 5187 et
738 5111 1183 5184 immutabiliter
1234 5127 1689 5183 delerminatum.
1723 5126 1820 5179 Οερ-
1862 5111 1901 5163 Ῑ)
1936 5130 2236 5184 existiterit
2271 5147 2490 5198 earum,
2544 5132 2712 5185 detur
2764 5132 2929 5186 nobis
2961 5132 3305 5186 defensionis
3341 5136 3512 5199 locus,
3564 5139 3626 5187 ut

119 5227 423 5284 tendimus
455 5224 628 5277 etiam
660 5219 1225 5293 praedestinationcm
1259 5222 1585 5272 sanctorum
1628 5216 1822 5270 divina

120 5317 315 5390 gratia
347 5314 491 5383 regi,
523 5328 629 5367 nec
657 5312 971 5365 electorum
994 5324 1299 5363 numerum
1331 5312 1428 5361 aut
1452 5323 1617 5377 posse
1642 5306 1826 5359 minui

121 5408 227 5460 aut
258 5400 514 5455 vacillari
549 5416 563 5453 :
596 5400 691 5453 sed
728 5400 873 5453 sicut
914 5402 1047 5451 ante
1102 5397 1307 5450 saecula
1361 5394 1524 5448 electi
1564 5400 1714 5461 sunt,
1757 5394 1835 5447 ita

124 5508 335 5549 eorum
370 5490 571 5544 electio
612 5488 946 5542 inconvulsa
997 5485 1268 5551 manebit,
1310 5501 1438 5555 qum
1474 5483 1670 5538 omnia
1718 5500 1834 5536 non

462 5586 750 5646 PATROL.
798 5584 1026 5646 CXXI.

1930 5220 2019 5274 vel
2051 5219 2474 5290 acquiescamus
2509 5220 2663 5291 jnste
2701 5221 3170 5291 reprehendenti,
3199 5222 3286 5276 vel
3329 5222 3631 5278 conﬁrmet

1944 5325 2071 5362 mus
2113 5325 2243 5379 qua:
2277 5326 2408 5363 vera
2451 5310 2666 5364 fuerint
2715 5311 2885 5378 dicta,
2936 5315 3297 5381 vestramque
3360 5312 3631 5381 pietatem

1943 5396 2091 5450 circa
2120 5397 2503 5453 humilitatem
2535 5403 2789 5453 nostram
2820 5416 3045 5469 semper
3066 5416 3392 5454 mereamur
3421 5402 3632 5455 habere

1944 5482 2269 5554 propitiam.

3279 5588 3319 5646 2
