4138 6186
433 294 501 345 43
1570 286 1928 341 ltA'I'BAMNI
1959 286 2422 343 CORBEIENSIS
2462 286 2792 342 MONACIII.
3863 296 3928 342 εΗ

1480 523 1873 530 -...—___—_—

2296 526 2791 533 -ο--ηῂ-καμ---τ
2808 527 2833 531 κο
2848 528 2949 531 far
2972 527 3741 533 ἠὟ-τή--λκμ--ά-ν-υ--ονής
3757 527 3775 532 α
3796 530 3801 531 γ
3820 527 3881 532 -ν

1626 668 1979 740 LIBER
2074 670 2733 743 SECUNDUS.

1695 829 1783 882 DE
1814 829 2473 883 PILEDESTINA'I'IONIC
2506 830 2641 884 DEI.

504 1142 831 1209 Antequam
865 1138 934 1191 de
956 1138 1237 1191 malorum
1262 1137 1761 1207 praedestinatione
1794 1137 2119 1207 loquamur,
2153 1142 2192 1193 A
2234 1153 2354 1191 rem
2389 1154 2503 1191 non
2555 1140 2977 1193 contemnendo
3032 1147 3184 1209 sunt,
3243 1159 3372 1196 oves
3420 1159 3522 1211 per
3574 1144 3782 1198 ostium
3834 1146 3927 1197 in-

434 1227 570 1298 quid
600 1226 673 1280 sit
704 1224 1151 1296 praedestinatio,
1197 1225 1345 1279 beati
1376 1224 1681 1295 Augustini
1727 1224 1891 1279 dictis
1923 1225 2122 1279 docea-

434 1329 580 1366 mus.
617 1313 716 1382 ;Ait
756 1313 910 1366 enim
978 1314 1331 1383 Augustinus
1380 1321 1404 1346 α
1460 1313 1607 1367 libro
1641 1313 1709 1366 de
1753 1313 2128 1367 Praedestina-

434 1401 637 1455 tione:
697 1400 1154 1473 [Praedestiuatio
1202 1402 1415 1472 quippe
1468 1419 1500 1455 a
1556 1402 1957 1472 praemittendo
2005 1401 2123 1471 (aL,

432 1490 820 1559 praavidendo)
853 1495 910 1543 et
940 1489 1342 1559 praeveniendo
1375 1490 1456 1543 vel
1493 1491 1926 1561 prmordinando
1967 1492 2123 1545 futu-

436 1595 562 1633 rum
605 1579 821 1648 aliquid
871 1578 1123 1647 dicitur.)
1173 1578 1389 1642 Quibus
1444 1579 1629 1631 verbis
1678 1579 1929 1632 ostendit
1974 1581 2124 1649 quod

435 1667 753 1739 prmmissio
784 1667 1289 1738 etpraeordinatio,
1326 1668 1440 1721 sive
1474 1669 1803 1737 prmventio,
1832 1669 2125 1739 praedesti-

436 1759 588 1811 natio
611 1758 701 1823 sit,
733 1762 788 1810 et
816 1758 874 1811 in
904 1757 1091 1810 verbis
1122 1758 1371 1822 differre,
1403 1773 1572 1810 sensu
1596 1774 1727 1811 vero
1763 1775 1877 1811 non
1916 1758 2126 1812 discre-

432 1860 588 1914 pare.
627 1845 692 1897 Et
742 1843 1073 1913 Fulgentius
1116 1843 1172 1895 in
1206 1844 1354 1896 libro
1409 1844 1477 1897 de
1515 1843 2017 1897 Prazdestinatione
2051 1843 2125 1896 ita

433 1933 511 1985 ait
558 1933 839 2001 (Fulgent.
874 1932 948 1985 ad
988 1934 1279 1986 Monimum
1321 1932 1386 1984 de
1438 1934 1653 1998 gemina
1700 1932 1974 1997 Praedcsl.,
2017 1931 2051 1986 l.
2087 1949 2125 1997 ι,

431 2038 551 2091 cap.
603 2020 731 2085 20):
786 2020 1005 2092 [Neque
1051 2022 1204 2073 enim
1253 2026 1337 2072 est
1392 2022 1501 2072 alia
1537 2021 1631 2073 Dei
1679 2020 2123 2089 praedestinatio,

434 2109 541 2161 nisi
570 2109 893 2161 futurorum
925 2124 1162 2178 operum
1198 2108 1319 2176 ejus
1370 2114 1585 2160 aeterna
1633 2106 2025 2179 praeparatio]
2065 2110 2126 2162 Et

434 2197 524 2250 hic
580 2197 1059 2266 praeparationem
1122 2196 1682 2267 praedestinationem
1761 2197 2123 2250 nominavit:

434 2285 675 2354 proinde
731 2285 845 2338 sive
886 2285 1368 2355 prmparationem
1410 2285 1527 2339 sive
1560 2285 2124 2355 praedestinationcm

432 2374 490 2425 iu
546 2378 870 2426 sanctorum
929 2374 1089 2427 dictis
1154 2375 1402 2444 positum
1466 2373 1872 2436 invenerimus,
1943 2390 2119 2428 unum

430 2463 697 2532 idemque
730 2462 1043 2531 signiticari
1075 2463 1362 2516 docemur.
1403 2464 1466 2516 Et
1513 2462 1581 2516 de
1614 2462 2121 2533 praedestinatione
2159 2444 2194 2496 Β

430 2550 509 2603 ita
556 2550 897 2604 venerabilis
958 2552 1154 2605 doctor
1219 2552 1573 2622 Augustinus
1639 2552 1699 2604 in
1758 2552 2120 2621 Expositione

429 2640 710 2709 evangelii
746 2639 979 2694 Joannis
1021 2646 1209 2709 (tract.
1250 2647 1362 2705 xiv}
1405 2641 1575 2693 dicit:
1604 2639 1623 2711 [
1658 2663 1682 2689 ‹ι
1717 2640 1822 2704 Qui
1854 2641 1922 2694 de
1982 2643 2121 2695 coelo

430 2728 584 2781 venit
615 2745 784 2798 supra
820 2745 1019 2782 omnes
1048 2733 1163 2795 est;
1217 2733 1273 2782 et
1316 2730 1468 2800 quod
1498 2729 1636 2782 vidit
1663 2734 1719 2782 et
1753 2729 1971 2783 audivit
2017 2730 2124 2784 hoc

428 2820 700 2883 testatur;
737 2816 1126 2871 testimonium
1169 2820 1291 2887 ejus
1320 2834 1491 2871 nemo
1514 2817 1750 2887 accepit.
1794 2840 1811 2866 ε
1850 2818 1903 2871 Si
1932 2834 2121 2885 nemo,

427 2906 654 2975 utquid
690 2905 883 2959 venit?
909 2906 1300 2969 Quorumdam
1350 2922 1486 2976 ergo
1518 2923 1707 2961 nemo.
1745 2907 1841 2960 Est
1886 2908 2121 2978 quidam

429 2994 677 3063 populus
717 3000 1067 3064 praeparatus
1097 2996 1165 3047 ad
1218 2994 1364 3048 iram
1412 2995 1531 3058 Dei,
1585 2996 1943 3049 damnandus
1991 3013 2119 3050 cum

429 3080 657 3134 diabolo
693 3097 706 3134 :
753 3083 956 3135 horum
990 3098 1159 3136 nemo
1192 3086 1406 3153 accepit
1448 3083 1837 3137 testimonium
1889 3083 2117 3138 Christi.

428 3169 565 3223 Nam
596 3170 641 3222 si
675 3171 911 3224 omnino
963 3187 1152 3237 nemo,
1185 3172 1377 3225 nullus
1427 3172 1616 3225 homo.
1652 3170 1795 3235 Quid
1847 3176 1931 3225 est
1968 3172 2119 3242 quod

427 3258 726 3328 sequitur?
759 3279 783 3309 (ι
819 3259 925 3322 Qui
983 3261 1200 3330 accepit
1237 3261 1629 3314 testimonium
1679 3262 1821 3330 ejus,
1876 3260 2121 3331 signavit

424 3348 560 3417 quia
594 3348 741 3400 Deus
773 3364 935 3402 verax
968 3356 1071 3402 est.
1123 3370 1150 3398 ››
1183 3350 1347 3403 Certe
1397 3365 1531 3420 ergo
1584 3366 1697 3403 non
1730 3365 1920 3415 nemo,
1974 3349 2019 3402 si
2057 3354 2119 3403 tu

423 3435 546 3503 ipse
578 3435 753 3489 dicis:
793 3455 817 3485 (ι
850 3436 956 3499 Qui
1010 3437 1229 3506 accepit
1265 3436 1657 3490 testimonium
1693 3437 1836 3507 ejus,
1872 3438 2118 3507 signavit

425 3522 559 3592 quia
617 3523 764 3576 Deus
808 3539 974 3576 verax
1027 3528 1127 3576 est.
1165 3544 1191 3573 »
1250 3525 1641 3595 Responderet
1699 3543 1836 3595 ergo
1883 3526 2119 3581 fortasse

424 3610 814 3680 interrogatus
841 3610 1109 3677 Joannes,
1138 3615 1192 3664 et
1216 3610 1429 3665 diceret
1465 3626 1477 3667 :
1512 3613 1654 3667 Novi
1685 3614 1823 3683 quid
1855 3613 2114 3680 dixerim,

423 3698 601 3752 Nemo.
675 3698 768 3751 Est
822 3697 976 3751 enim
1032 3698 1265 3768 quidam
1323 3701 1570 3771 populus
1626 3705 1795 3755 natus
1850 3702 1917 3755 ad
1973 3702 2114 3755 iram

425 3785 543 3851 Dei,
576 3789 630 3839 et
661 3785 730 3839 ad
768 3785 874 3840 hoc
902 3788 1301 3858 praecognitus,
1344 3790 1449 3854 Qui
1480 3790 1593 3843 siut
1626 3791 1782 3843 enim
1814 3790 2116 3858 credituri,

422 3878 477 3927 et
505 3874 604 3944 qui
635 3890 749 3928 non
783 3874 895 3929 sint
924 3876 1218 3944 credituri,
1245 3878 1403 3931 novit
1434 3879 1616 3944 Deus;
1652 3879 1749 3949 qui
1781 3878 1894 3932 sint
1923 3894 2113 3949 perse-

420 3963 669 4016 veraturi
702 3964 759 4016 in
793 3980 859 4017 eo
900 3965 1050 4036 quod
1082 3965 1468 4034 crediderunt,
1502 3972 1559 4021 et
1587 3968 1685 4037 qui
1745 3968 1857 4021 sint
1899 3967 2115 4038 lapsuri

422 4053 578 4106 novit
635 4054 818 4107 Deus:
862 4060 917 4108 et
952 4055 1236 4109 numerati
1277 4061 1409 4110 sunt
1431 4057 1543 4109 Deo
1590 4072 1790 4110 omnes
1836 4057 2015 4111 futuri
2054 4057 2112 4113 in

418 4142 591 4196 vitam
632 4146 938 4210 aeternam;
965 4150 1019 4197 et
1055 4144 1345 4214 novitjam
1379 4145 1659 4215 populum
1706 4145 1868 4199 illum
1906 4144 2113 4200 distin-

419 4236 594 4284 ctum.
648 4232 712 4285 Et
741 4231 787 4285 si
816 4231 936 4302 ipse
972 4232 1149 4299 novit,
1185 4239 1240 4287 et
1270 4234 1565 4304 prophetis
1593 4233 1747 4288 dedit
1796 4250 1963 4287 nosse
2007 4250 2113 4303 per

417 4318 693 4388 Spiritum
726 4337 913 4388 suum,
952 4321 1109 4376 dedit
1140 4328 1196 4376 et
1222 4323 1449 4377 Joanni.
1485 4323 1622 4376 Cum
1665 4323 1818 4376 enim
1851 4323 2111 4393 superius

416 4408 611 4461 multis
664 4409 1008 4463 testimoniis
1050 4415 1428 4464 monstratum
1478 4410 1550 4464 sit
1607 4416 1926 4463 sanctorum
1988 4427 2109 4465 esse

415 4498 1001 4567 praedestinationem,
1037 4503 1093 4553 et
1123 4516 1275 4553 nunc
1310 4500 1558 4553 dicitur:
1593 4500 1827 4569 quidam
1859 4502 2107 4570 populus

413 4592 765 4657 praeparatus
797 4588 863 4641 ad
901 4587 1041 4642 iram
1081 4589 1182 4642 Dei
1215 4588 1573 4642 damnandus
1605 4604 1734 4641 cum
1765 4588 2011 4655 diabolo,
2054 4595 2108 4643 et

412 4677 753 4745 praeparatio
784 4677 1215 4746 praedestinatio
1248 4677 1341 4743 sit,
1388 4677 1535 4729 sieut
1572 4677 1835 4745 superius
1888 4678 2102 4747 patefa-

409 4770 562 4817 ctum
590 4770 691 4831 est,
738 4770 1090 4819 monstratur
1120 4780 1240 4819 esse
1272 4765 1505 4835 gemina
1557 4765 2005 4834 praedestinatio,
2040 4767 2095 4820 id

410 4857 498 4905 est
528 4857 581 4905 et
614 4868 812 4906 eorum
846 4854 943 4923 qui
967 4852 1250 4907 numerati
1282 4856 1414 4905 sunt
1446 4853 1579 4918 Deo,
1616 4857 1670 4905 et
1702 4853 1989 4923 pertinent
2030 4853 2101 4907 ad

407 4940 583 4992 vitam
634 4944 927 5007 aeternam,
980 4945 1035 4994 et
1090 4956 1291 4994 eorum
1347 4940 1447 5010 qui
1502 4941 1810 5011 praeparati
1870 4946 2001 4995 sunt
2032 4942 2099 4995 ad

2234 1225 2441 1279 traudo
2473 1230 2626 1294 sunt,
2650 1243 2780 1279 oves
2799 1233 3056 1281 exeundo
3080 1234 3135 1281 et
3155 1244 3363 1299 pascua
3394 1230 3737 1285 inveniendo
3770 1236 3925 1293 sunt,

2235 1330 2366 1367 oves
2405 1320 2617 1368 mterna
2659 1316 2770 1368 vita
2830 1318 3175 1385 perfruendo
3227 1323 3377 1372 sunt.
3434 1318 3733 1382 Quomodo
3789 1336 3929 1389 ergo

2235 1403 2358 1457 istis
2389 1403 2528 1457 dixit
2560 1420 2572 1458 :
2622 1424 2647 1453 ς
2684 1405 2807 1457 Νου
2857 1406 2990 1458 estis
3029 1422 3093 1459 ex
3126 1407 3325 1460 ovibus
3377 1406 3612 1461 meis?»
3664 1408 3808 1471 Quia
3851 1409 3932 1461 vi-

2234 1493 2403 1547 debat
2442 1510 2538 1546 eos
2576 1494 2642 1547 ad
2675 1494 3087 1563 sempiternum
3136 1495 3431 1549 interitum
3467 1498 3927 1565 prmdestinatos,

2237 1596 2347 1633 non
2390 1580 2459 1633 ad
2507 1581 2681 1634 vitam
2715 1586 2987 1635 aeternam
3039 1584 3127 1636 sui
3164 1584 3457 1652 sanguinis
3491 1585 3672 1655 pretio
3706 1601 3930 1655 compa-

2236 1667 2435 1739 ratos].
2472 1670 2610 1722 Item
2644 1670 2882 1723 interius
2915 1687 2927 1723 :
2978 1693 3005 1721 ‹‹
3040 1671 3219 1724 Vitam
3252 1678 3524 1726 aeternam
3576 1672 3720 1726 dabo
3760 1674 3862 1741 eis,
3900 1694 3926 1723 »

2236 1756 2292 1809 id
2333 1762 2417 1809 est
2443 1758 2640 1811 ovibus
2674 1758 2832 1825 meis,
2873 1778 2897 1810 α
2931 1764 3125 1813 etnon
3158 1761 3429 1830 peribunt
3454 1761 3513 1814 iu
3546 1766 3844 1815 aeternum.
3897 1785 3926 1810 ι»

2234 1844 2535 1911 Subaudis,
2600 1851 2873 1917 tanquam
2924 1848 3005 1902 eis
3085 1849 3329 1902 dixerit:
3406 1851 3510 1902 Vos
3566 1850 3820 1921 perihitis
3865 1851 3927 1904 iu

2236 1934 2536 1992 aeternum,
2574 1929 2707 1999 quia
2742 1945 2854 1982 non
2895 1930 3028 1983 estis
3076 1946 3139 1983 ex
3182 1931 3381 1985 ovibus
3412 1932 3574 1986 meis.
3610 1932 3789 1987 «Non
3834 1948 3927 1985 ra-

2237 2016 2353 2084 piet
2394 2034 2487 2069 eas
2521 2017 2824 2087 quisquam
2875 2019 2941 2070 de
2985 2034 3161 2073 manu
3216 2036 3362 2073 mea.
3398 2043 3423 2067 ››
3459 2021 3740 2074 lntentius
3773 2022 3929 2075 acci-

2236 2106 2353 2174 pite
2388 2121 2400 2157 ε
2433 2126 2460 2153 ‹‹
2498 2107 2663 2159 Pater
2712 2122 2873 2159 meus
2904 2107 3053 2176 quod
3087 2107 3245 2162 dedit
3276 2108 3417 2162 npihi
3450 2109 3636 2179 majus
3688 2115 3771 2163 est
3799 2126 3926 2163 om-

2238 2192 2424 2247 nibus.
2458 2213 2484 2245 »
2529 2193 2673 2258 Quid
2706 2199 2892 2265 potest
2923 2197 3109 2265 lupus,
3160 2196 3297 2266 quid
3333 2203 3519 2265 potest
3540 2198 3633 2251 fur
3658 2203 3711 2251 et
3741 2198 3928 2253 latro?

2238 2283 2361 2336 Non
2417 2284 2668 2352 perdunt
2711 2284 2820 2337 nisi
2862 2285 2927 2338 ad
2986 2285 3285 2339 interitum
3337 2287 3791 2356 praedestinatos.
3845 2289 3928 2342 De

2235 2372 2344 2424 illis
2374 2377 2562 2425 autem
2595 2372 2794 2426 ovibus
2825 2373 2892 2427 de
2924 2374 3132 2443 quibus
3153 2374 3288 2427 dicit
3312 2377 3619 2445 Apostolus
3652 2392 3664 2429 :
3698 2398 3724 2423 ‹‹
3760 2377 3929 2430 Novit

2238 2460 2512 2514 Dominus
2546 2460 2644 2531 qui
2677 2468 2809 2515 sunt
2840 2462 2961 2530 ejus
2987 2464 3059 2528 (II
3095 2464 3231 2517 Tim.
3267 2480 3325 2524 ιι,
3371 2465 3490 2531 10);
3517 2483 3541 2515 ι)
3575 2471 3629 2518 et
3661 2481 3673 2518 :
3712 2486 3737 2513 ‹‹
3771 2464 3928 2527 Quos

2236 2549 2552 2620 praescivit;
2584 2550 2736 2619 ipsos
2757 2555 2805 2602 et
2837 2549 3290 2619 praedestinavit;
3319 2568 3461 2621 quos
3483 2557 3675 2606 autem
3704 2551 3927 2622 praede-

2234 2638 2483 2700 stinavit,
2524 2638 2673 2708 ipsos
2706 2644 2758 2692 et
2795 2640 3013 2692 vocavit
3048 2655 3060 2692 :
3093 2655 3235 2709 quos
3291 2646 3481 2694 autem
3517 2641 3751 2705 vocavit,
3795 2641 3927 2693 illos

2231 2732 2287 2781 et
2310 2727 2669 2796 justiticavit;
2701 2744 2844 2797 quos
2873 2732 3063 2780 autem
3090 2728 3454 2796 justiticavit;
3486 2728 3613 2782 illos
3652 2734 3709 2781 et
3753 2729 3929 2797 glori-

2232 2815 2420 2869 ticavit
2444 2816 2616 2884 (Rom.
2647 2832 2762 2881 vm,
2796 2818 2886 2883 29,
2918 2818 3007 2879 30)
3043 2831 3055 2869 :
3094 2838 3120 2864 ››
3156 2816 3223 2869 de
3255 2817 3456 2870 ovibus
3490 2818 3609 2870 istis
3631 2832 3734 2871 nec
3757 2818 3928 2886 lupus

2234 2904 2401 2973 rapit,
2460 2920 2562 2957 nec
2618 2905 2711 2957 fur
2771 2904 2940 2970 tollit,
2989 2920 3089 2957 nec
3145 2905 3284 2957 latro
3334 2904 3623 2958 interﬁcit.
3680 2906 3927 2959 Securus

2232 2997 2312 3044 est
2341 2991 2409 3044 de
2442 3006 2681 3044 unmero
2722 3007 2941 3056 earum,
2975 2990 3072 3060 qui
3114 3007 3218 3061 pro
3250 2991 3331 3044 eis
3369 2992 3526 3045 novit
3557 2992 3706 3061 quod
3744 2992 3921 3045 dedit.

2234 3081 2295 3133 Et
2324 3080 2429 3133 hoc
2459 3085 2544 3133 est
2580 3080 2730 3149 quod
2784 3080 2864 3133 ait
2900 3096 2911 3133 :
2950 3100 2975 3127 ‹‹
3010 3080 3132 3133 Νοη
3171 3080 3357 3150 rapiet
3396 3096 3488 3133 eas
3521 3079 3821 3151 quisquam
3853 3081 3925 3134 de

2233 3184 2405 3221 manu
2432 3184 2589 3231 mea;
2624 3188 2648 3216 »
2679 3173 2734 3221 et
2762 3168 2902 3221 item
2935 3167 3003 3221 ad
3028 3169 3293 3221 Patrem:
3328 3190 3355 3215 ‹‹
3380 3170 3544 3221 l’ater
3574 3184 3735 3220 meus
3766 3169 3923 3238 quod

2230 3258 2387 3311 dedit
2427 3257 2565 3310 mihi
2608 3257 2787 3326 majus
2839 3256 3106 3310 omnibus
3156 3262 3238 3310 est
3276 3258 3452 3325 (Joan.
3498 3272 3574 3322 xi,
3620 3259 3707 3323 28,
3741 3260 3850 3328 29).
3890 3280 3914 3305 ι

2300 3346 2367 3398 Et
2409 3344 2500 3398 hic
2553 3350 2609 3398 et
2640 3346 2902 3415 superius
2943 3345 3080 3399 dum
3129 3346 3225 3417 qui
3269 3362 3385 3399 non
3433 3350 3567 3399 sunt
3596 3362 3663 3399 cx
3719 3346 3924 3399 ovibus

2230 3433 2455 3501 Christi,
2484 3433 2552 3486 ad
2585 3433 2879 3487 interitum
2912 3432 3050 3487 dicit
3104 3438 3480 3504 praeparatos,
3536 3434 3779 3488 ostendit
3822 3450 3923 3503 ge-

2230 3521 2445 3575 minam
2495 3538 2616 3575 esse
2663 3522 3263 3593 prmdestinationem;
3299 3523 3433 3594 quia
3471 3530 3529 3577 et
3560 3523 3739 3576 sancti
3781 3539 3924 3593 prae-

2229 3610 2494 3664 destinati
2525 3613 2657 3664 sunt
2692 3612 2758 3665 ad
2800 3611 2995 3670 vitam,
3041 3618 3098 3666 et
3128 3612 3226 3683 qui
3258 3613 3316 3665 in
3349 3612 3591 3682 peccatis
3621 3612 3735 3665 suis
3790 3628 3923 3683 per-

2228 3699 2537 3752 severaturi
2564 3705 2712 3766 sunt,
2748 3701 2816 3754 ad
2846 3700 3161 3755 interitum.
3199 3701 3336 3755 Item
3371 3701 3430 3754 in
3478 3702 3681 3755 eodem
3731 3702 3922 3770 (tract.

2176 3778 2187 3795 ¹
2230 3788 2401 3859 XLv):
2446 3786 2522 3859 [Si
2547 3789 2805 3842 catholici
2853 3789 3050 3843 ﬁdeles
3098 3796 3259 3844 erant
3299 3807 3429 3844 oves
3461 3796 3659 3856 erant;
3696 3791 3740 3843 si
3788 3808 3926 3845 oves

2229 3882 2410 3943 erant,
2432 3878 2720 3948 quomodo
2742 3894 2936 3932 vocem
2964 3878 3138 3932 alieni
3191 3878 3387 3932 audire
3414 3878 3762 3949 potuerunt?
3788 3895 3927 3934 cum

2228 3966 2502 4021 Dominus
2542 3966 2732 4021 dicat:
2764 3988 2784 4015 ι
2830 3968 2951 4021 Non
2994 3967 3299 4021 audierunt
3339 3984 3433 4022 eos
3466 3984 3597 4022 oves
3641 3970 3792 4021 Joan.
3857 3984 3921 4035 x,

2225 4057 2297 4121 8).
2326 4076 2352 4103 »
2387 4055 2655 4122 Audistis,
2698 4055 2917 4123 fratres,
2952 4056 3311 4112 altitudinem
3362 4054 3735 4127 quaestionis?
3785 4056 3926 4110 Dico

2224 4161 2360 4215 ergo
2440 4164 2457 4191 ι
2512 4144 2673 4197 Novit
2716 4144 2991 4197 Dominus
3040 4144 3137 4215 qui
3172 4150 3301 4198 sunt
3360 4145 3481 4215 ejus
3540 4147 3617 4213 (II
3661 4147 3797 4199 Tim.
3854 4162 3921 4211 ιι,

2226 4233 2333 4303 l9),
2374 4255 2395 4281 ι
2432 4233 2590 4285 novit
2615 4234 2921 4302 praescitos,
2949 4234 3383 4303 praedestinatos
3417 4250 3428 4288 :
3464 4234 3534 4288 de
3565 4234 3662 4287 illo
3698 4233 3923 4305 quippe

2219 4323 2469 4377 dicitur:
2522 4344 2541 4370 ι
2577 4322 2728 4387 Quos
2785 4327 2977 4376 autem
3038 4323 3332 4393 praescivit,
3381 4328 3437 4376 et
3485 4323 3925 4393 praedestinavit

2219 4410 2534 4464 conformes
2566 4409 2689 4462 ticri
2724 4409 2989 4479 imaginis
3022 4409 3145 4462 Filii
3172 4410 3278 4476 sui,
3333 4414 3394 4462 ut
3422 4410 3494 4463 sit
3539 4410 3659 4480 ipse
3692 4409 3918 4479 primo-

2218 4498 2441 4567 genitus
2489 4498 2545 4551 in
2597 4498 2792 4551 multis
2831 4497 3145 4550 fratribus:
3183 4513 3327 4567 quos
3367 4502 3558 4551 autem
3605 4496 3916 4567 praedesti-

2219 4587 2391 4654 navit,
2444 4586 2597 4657 ipsos
2645 4592 2701 4641 et
2730 4585 2981 4653 vocavit;
3033 4591 3089 4641 et
3120 4603 3263 4657 quos
3302 4587 3518 4641 vocavit
3547 4586 3701 4657 ipsos
3731 4591 3785 4639 et
3812 4587 3918 4657 ju-

2215 4675 2520 4730 stificavit?
2578 4691 2721 4746 quos
2766 4679 2954 4729 autem
2996 4674 3349 4746 justiticavit,
3404 4675 3559 4745 ipsos
3603 4678 3657 4729 et
3689 4674 3920 4743 glorifi-

2212 4765 2377 4819 cavit.
2427 4765 2484 4818 Si
2517 4765 2662 4818 Deus
2707 4780 2811 4835 pro
2835 4764 3019 4829 nobis,
3066 4764 3192 4835 quis
3247 4768 3447 4817 contra
3476 4765 3623 4817 nos?
3664 4784 3689 4813 ι)
3745 4764 3918 4819 Adde

2213 4854 2427 4908 adhuc:
2480 4876 2506 4903 ‹‹
2556 4853 2661 4917 Qui
2706 4853 2940 4924 proprio
2993 4853 3133 4907 Filio
3179 4868 3281 4906 suo
3316 4869 3433 4906 non
3488 4852 3757 4922 pepercit,
3810 4855 3921 4908 sed

2212 4942 2497 5012 profnobis
2518 4941 2786 4995 omnibus
2809 4941 3045 4995 tradidit
3066 4957 3217 5006 eum,
3244 4941 3536 5011 quomodo
3558 4957 3674 4995 non
3698 4945 3919 4997 etcum

406 5029 550 5081 iram
604 5028 702 5081 Dei
746 5028 1058 5083 damnandi
1101 5044 1228 5082 cum
1276 5028 1516 5084 diabolo.
1573 5027 1732 5101 [Item
1783 5030 1843 5083 in
1894 5031 2096 5085 eodem
2132 5046 2173 5100 ι)
2214 5032 2309 5085 illo
2341 5030 2536 5085 omnia
2565 5030 2729 5085 nobis
2770 5030 3056 5086 donavit?
3106 5052 3126 5078 ι
3172 5032 3343 5100 (Rom.
3390 5047 3510 5097 vni,
3558 5030 3765 5097 29-32.)
3797 5030 3919 5086 Sed

405 5117 587 5187 (tract.
633 5118 869 5188 xum):
925 5118 973 5188 [α
1024 5117 1132 5172 Sed
1180 5133 1278 5171 vos
1333 5134 1451 5172 non
1500 5120 1746 5187 creditis,
1805 5120 1940 5190 quia
1984 5137 2097 5175 non

406 5206 537 5259 estis
577 5223 641 5259 ex
665 5207 864 5259 ovibus
895 5204 1038 5258 meis
1086 5206 1258 5274 (Joan.
1294 5222 1350 5268 κ,
1383 5206 1492 5277 26).
1530 5229 1551 5257 ι
1579 5208 1703 5263 Jam
1745 5224 1916 5278 supra
1946 5208 2098 5262 didi—

404 5294 556 5348 cistis
588 5310 718 5365 quae
772 5294 886 5346 sint
930 5308 1110 5346 oves:
1163 5298 1343 5349 estote
1403 5312 1553 5349 oves.
1608 5296 1751 5350 Oves
1809 5296 2095 5351 credendo

404 5389 552 5449 sunt,
587 5399 719 5436 oves
750 5386 1040 5452 pastorem
1072 5382 1359 5454 sequendo
1396 5390 1551 5452 sunt,
1586 5401 1717 5439 oves
1748 5384 2092 5457 Redempto-

474 5552 493 5577 '
524 5543 639 5595 lmo
682 5544 880 5594 auctor
916 5541 1399 5612 llypognosticon,
1438 5543 1535 5596 lib.
1571 5560 1645 5608 γι,
1681 5558 1803 5613 cap.
1831 5545 1882 5597 2.

2208 5119 2417 5191 quibus
2450 5138 2476 5169 α
2518 5118 2720 5174 nobis?
2752 5138 2778 5170 ι)
2813 5119 3110 5185 Praescitis,
3135 5119 3574 5189 praedestinatis,
3621 5117 3922 5188 justifica-

2207 5207 2277 5261 tis
2308 5213 2365 5262 et
2394 5207 2745 5278 glorificatis.
2801 5210 2877 5262 De
2905 5208 3114 5278 quibus
3146 5209 3405 5279 sequitur
3435 5224 3447 5262 :
3485 5230 3511 5257 ‹‹
3545 5207 3681 5271 Quis
3734 5222 3921 5263 accu-

2207 5296 2355 5350 sabit
2410 5299 2678 5351 adversus
2750 5298 2957 5350 electos
3011 5295 3110 5350 Dei
3161 5297 3358 5367 (Ibid.,
3420 5296 3589 5367 33).»
3648 5316 3673 5344 (ι
3734 5296 3923 5353 Novit

2206 5399 2340 5453 ergo
2374 5385 2642 5439 Dominus
2674 5383 2772 5455 qni
2800 5388 2932 5439 sunt
2962 5384 3123 5454 ejus;
3177 5406 3204 5434 ››
3260 5384 3366 5456 ipsi
3417 5388 3549 5438 sunt
3588 5399 3738 5439 oves.
3775 5386 3917 5439 Ali-
