4138 6194
99 325 160 373 iii'
1188 321 1276 375 DF.
1323 319 1985 375 PREDESTINATIONE
2031 322 2168 377 DEI.
2222 325 2422 377 ~—LlB.
2469 326 2533 380 ll.
3539 342 3605 389 46

96 452 330 521 quando
363 467 423 504 se
453 450 606 522 ipsas
646 450 929 518 nesciunt,
963 450 1062 505 sed
1108 454 1303 520 pastor
1334 451 1492 505 novit
1536 468 1652 520 eas,
1707 468 1797 505 se-
1824 458 1866 509 A
1908 468 2097 506 vocem
2134 470 2245 507 non
2270 458 2643 509 contemnunt
2671 457 2777 521 sui,
2828 475 2941 511 non
2993 460 3236 515 audiunt
3284 462 3499 535 alieni.)
3536 467 3598 520 Et

94 542 350 595 cundum
389 541 556 594 istam
611 540 1196 611 praedestinationem,
1261 540 1573 593 secundum
1632 540 1795 594 istam

97 631 191 683 Dei
226 630 674 699 praescientiam,
706 630 1025 683 secundum
1058 630 1399 683 electionem
1441 630 1633 683 ovium
1665 636 1797 683 ante

95 719 561 772 constitutionem
597 719 817 772 mundi.
860 720 994 772 Nam
1031 725 1085 772 et
1112 719 1219 772 hoc
1260 718 1398 772 dicit
1443 718 1747 787 Apostolus
1782 734 1794 771 :

101 834 123 853 ει
154 808 311 861 Sicut
344 809 518 877 elegit
550 823 654 860 nos
692 807 751 860 in
785 807 906 875 ipso
937 812 1070 859 ante
1099 806 1569 859 constitutionem
1598 806 1799 859 mundi

100 896 250 964 (Eph.
292 914 331 959 ι,
365 897 439 961 αἱ).
467 916 492 945 ii
527 896 855 949 Secundum
888 896 1058 948 istam
1078 912 1213 965 ergo
1244 896 1665 965 praescientiam
1701 895 1798 948 Dei

98 993 149 1037 et
214 984 808 1054 prtedestinationem,
872 1000 1047 1053 quam
1103 984 1297 1037 multm
1354 999 1487 1037 oves
1563 984 1697 1037 foris
1742 988 1799 1036 et

98 1090 265 1143 quam
303 1073 472 1125 multi
507 1073 624 1142 lupi
658 1072 832 1136 intus,
876 1078 933 1125 et
960 1089 1133 1142 quam
1168 1073 1365 1126 multa:
1396 1088 1527 1125 oves
1558 1072 1712 1125 intus
1744 1077 1800 1125 et

103 1162 260 1215 mulli
294 1161 420 1232 lupi
452 1162 612 1214 foris!
662 1160 808 1225 Quid
840 1166 924 1214 est
953 1162 1108 1231 quod
1170 1161 1306 1226 dixi,
1371 1177 1544 1231 quam
1603 1161 1797 1216 multa)

104 1267 225 1304 oves
255 1251 437 1304 foris?
468 1251 649 1314 Quam
686 1250 852 1303 multi
887 1250 1057 1303 modo
1111 1250 1494 1314 luxuriantur,
1540 1250 1674 1303 casti
1706 1250 1797 1303 fu-

105 1341 240 1407 turi;
272 1356 452 1411 quam
497 1340 661 1393 multi
710 1340 1112 1410 blasphemant
1161 1340 1474 1403 Christum,
1527 1340 1800 1394 credituri

104 1431 157 1483 in
189 1431 515 1494 Christum;
549 1445 721 1498 quam
756 1429 919 1482 multi
953 1446 1012 1481 se
1043 1428 1349 1495 inebriant,
1384 1429 1556 1482 sobrii
1590 1429 1796 1493 futuri;

104 1535 269 1589 quam
300 1518 472 1571 multi
519 1518 752 1586 rapiunt
780 1534 869 1571 res
916 1518 1153 1578 alienas.
1208 1518 1477 1571 donaturi
1512 1534 1660 1570 suas.
1697 1518 1800 1571 Vc-

107 1612 429 1659 rumtamen
464 1608 633 1660 modo
665 1608 911 1659 alienam
941 1623 1135 1659 vocem
1168 1607 1430 1671 audiunt,
1455 1607 1671 1659 alienos
1705 1622 1800 1659 se-

106 1701 378 1766 quuntur.
414 1698 549 1749 Item
580 1713 754 1766 quam
790 1697 952 1749 multi
984 1697 1135 1749 intus
1168 1697 1416 1763 laudant,
1447 1696 1800 1766 blasphema-

106 1786 236 1847 turi;
272 1786 417 1838 casti
450 1792 601 1851 sunt,
637 1786 1003 1847 fornicaturi;
1040 1786 1211 1839 sobrii
1244 1792 1396 1844 sunt,
1445 1802 1502 1839 se
1536 1785 1665 1839 vino
1698 1801 1796 1855 po-

108 1881 215 1926 stea
277 1874 595 1943 sepulturi;
658 1882 813 1927 stant
872 1874 1078 1938 casuri,
1142 1890 1256 1927 non
1317 1880 1451 1927 sunt
1500 1890 1648 1928 oves.
1722 1875 1797 1926 De

106 1962 530 2031 prmdestinatis
555 1962 707 2015 enim
742 1962 1063 2031 loquimur;
1099 1961 1167 2014 de
1193 1961 1279 2014 his
1310 1962 1624 2032 loquimur,
1657 1976 1801 2031 quos

112 2075 135 2097 ιι
164 2052 316 2104 novit
353 2052 632 2104 Dominus
688 2050 787 2121 qui
818 2055 949 2103 sunt
980 2050 1102 2119 ejus
1132 2052 1202 2117 (Il
1243 2052 1377 2103 Tim.
1424 2067 1482 2111 ιι,
1531 2052 1647 2117 19);
1689 2073 1708 2096 ι
1746 2054 1801 2103 et

110 2146 287 2194 tamen
320 2140 437 2209 ipsi
477 2139 735 2210 quandiu
766 2144 915 2192 recte
938 2138 1189 2209 sapiunt,
1229 2138 1439 2191 Christi
1470 2154 1667 2191 vocem
1699 2154 1799 2191 au-

112 2230 284 2282 diunt.
311 2230 452 2283 Ecce
487 2228 731 2281 audiunt
755 2227 884 2297 ipsi,
917 2244 1029 2280 non
1062 2226 1304 2280 audiunt
1354 2226 1458 2291 illi,
1507 2231 1563 2279 et
1609 2232 1802 2281 tamen

112 2318 416 2370 secundum
450 2316 1011 2388 praedestinationem
1066 2331 1179 2368 non
1228 2331 1360 2368 oves
1410 2315 1523 2382 isti,
1576 2320 1632 2368 et
1656 2332 1802 2384 loves

114 2406 206 2459 illi.
237 2407 439 2459 Adhuc
482 2409 675 2459 manet
704 2405 965 2474 quaestio,
1011 2421 1140 2474 quae
1194 2404 1337 2457 mihi
1384 2403 1614 2457 interim
1651 2420 1802 2457 nunc

114 2494 326 2547 videtur
375 2494 457 2547 ita
504 2509 669 2563 posse
720 2492 972 2545 dissolvi.
1027 2494 1121 2545 Est
1168 2492 1359 2561 aliqua
1401 2508 1527 2558 vox,
1561 2497 1663 2560 est,
1710 2492 1799 2545 in-

114 2599 292 2651 quam,
320 2583 518 2653 aliqua
548 2598 655 2635 vox
694 2582 956 2651 pastoris,
992 2582 1050 2635 in
1084 2597 1195 2651 qua
1224 2598 1355 2635 oves
1404 2597 1517 2633 non
1562 2580 1803 2635 audiunt

115 2672 336 2735 alienos,
366 2672 427 2724 in
452 2687 570 2740 qua
604 2686 721 2723 non
754 2685 885 2723 oves
913 2686 1029 2723 non
1061 2669 1307 2723 audiunt
1332 2668 1639 2722 Christum.
1666 2668 1803 2731 Quae

118 2762 189 2809 est
216 2758 321 2810 ista
352 2756 508 2810 vox?
540 2777 566 2804 ‹‹
610 2756 717 2819 Qui
768 2756 1217 2826 perseveraverit
1278 2772 1462 2826 usque
1494 2755 1554 2808 in
1603 2756 1802 2823 tinem,

118 2845 197 2898 hic
233 2846 425 2899 salvus
454 2845 565 2899 erit
599 2844 814 2904 (Matth.
846 2862 903 2905 x,
937 2847 1045 2910 22).
1078 2865 1104 2893 ii
1149 2844 1304 2898 Hanc
1332 2860 1528 2898 vocem
1558 2860 1676 2897 non
1703 2860 1802 2897 ne-

118 2936 262 3003 gligit
290 2934 588 3005 proprius,
617 2950 732 2987 non
755 2933 914 2987 audit
938 2934 1157 2987 alienus
1191 2950 1203 2986 :
1239 2949 1373 2987 nam
1405 2938 1463 2987 et
1491 2933 1587 2987 ille
1614 2932 1720 2986 hoc
1751 2932 1803 2985 ei

1908 542 1997 595 hic
2025 559 2153 596 cum
2184 543 2321 597 dicit
2351 544 2667 598 secundum
2702 548 3260 615 praedestinationem
3307 568 3422 606 non
3464 571 3595 607 oves

1907 632 2063 697 istos,
2098 635 2149 683 et
2185 648 2315 685 oves
2346 631 2494 699 illos,
2524 634 2772 687 ostendit
2804 637 3095 705 geminam
3129 656 3248 691 esse
3302 642 3597 710 praedesti-

1909 719 2220 783 nationem,
2258 722 2397 773 ltem
2430 720 2486 773 in
2512 722 2712 775 eodem
2738 722 2916 791 (tract.
2962 728 3111 793 xui).
3142 728 3323 796 {Quod
3358 746 3492 784 vero
3516 749 3601 786 se-

1906 808 2145 877 quitur:
2210 829 2235 855 ‹‹
2271 810 2578 878 Propterea
2609 826 2705 863 vos
2748 827 2860 864 non
2894 813 3117 874 auditis,
3169 817 3303 885 quia
3371 835 3435 872 ex
3485 821 3598 874 Deo

1910 912 2019 949 non
2054 897 2186 949 estis
2217 896 2395 965 (Joun.
2433 914 2547 961 vui,
2580 899 2695 967 47),
2731 918 2756 951 ii
2818 900 2899 953 eis
2930 901 3148 955 dictum
3180 910 3263 957 est
3317 907 3415 976 qui
3474 925 3590 964 non

1909 986 2093 1037 solum
2128 993 2356 1055 peccato
2390 987 2573 1039 vitiosi
2614 992 2797 1050 erant,
2857 1005 2990 1043 nam
3027 992 3133 1044 hoc
3182 994 3394 1046 malum
3444 1012 3598 1052 com-

1908 1087 2080 1125 mune
2116 1079 2235 1126 erat
2266 1075 2554 1141 omnibus,
2588 1078 2683 1130 sed
2718 1078 2889 1131 etiam
2923 1083 3258 1151 prmcogniti
3290 1084 3442 1153 quod
3487 1102 3603 1141 non

1908 1159 2135 1214 fuerant
2158 1162 2427 1216 credituri
2470 1180 2534 1217 ea
2565 1164 2695 1230 tide,
2744 1182 2856 1236 qua
2888 1167 3006 1221 sola
3039 1174 3279 1238 possunt
3332 1188 3360 1223 a
3404 1188 3597 1241 pecca-

1907 1253 2100 1303 torum
2150 1251 2501 1321 obligatione
2559 1254 2811 1307 liberari.
2847 1257 3213 1327 Quapropter
3264 1260 3604 1330 przescieliat

1910 1339 2053 1405 illos,
2084 1339 2295 1404 quibus
2321 1342 2457 1394 talia
2498 1342 2737 1410 dicebat,
2770 1344 2829 1398 in
2860 1361 2927 1398 eo
2978 1362 3403 1416 permansuros,
3451 1352 3604 1420 quod

1910 1444 1971 1480 ex
2008 1428 2235 1483 diabolo
2264 1437 2445 1497 erant,
2482 1431 2534 1484 id
2570 1438 2652 1485 est
2681 1433 2736 1485 in
2765 1434 2881 1486 suis
2906 1436 3152 1503 peccatis
3185 1442 3355 1507 atque
3405 1440 3597 1508 impie-

1908 1521 2020 1569 tate
2053 1518 2382 1585 morituros,
2418 1519 2477 1571 in
2512 1536 2623 1589 qua
2653 1521 2704 1573 ei
2729 1522 2944 1575 similes
2971 1531 3155 1591 erant,
3187 1541 3290 1579 nec
3336 1534 3605 1581 venturos

1910 1605 1977 1658 ad
2011 1608 2531 1675 regenerationem,
2563 1609 2619 1661 in
2662 1626 2770 1679 qua
2822 1617 3011 1665 essent
3052 1614 3151 1666 filii
3205 1614 3325 1679 Dei,
3372 1616 3477 1669 hoc
3522 1624 3605 1670 est

1911 1708 1975 1745 ex
2012 1693 2123 1746 Deo
2158 1694 2297 1761 nati,
2326 1711 2358 1747 a
2389 1711 2501 1766 quo
2533 1705 2692 1751 erant
2732 1698 2994 1752 homines
3042 1702 3235 1753 creati.
3278 1702 3606 1757 Secundum

1910 1782 2055 1836 hanc
2109 1784 2664 1853 prmdestinationem
2721 1786 2941 1839 locutus
2997 1792 3081 1841 est
3137 1790 3433 1856 Dominus,
3488 1808 3605 1846 non

1910 1872 2062 1941 quod
2089 1872 2338 1942 aliquem
2372 1874 2664 1926 hominem
2696 1874 2998 1941 invenerit,
3033 1877 3131 1946 qui
3163 1879 3251 1931 vel
3285 1879 3601 1933 secundum

1909 1962 2401 2030 regenerationem
2425 1962 2545 2033 jam
2578 1968 2724 2016 esset
2754 1980 2819 2017 ex
2854 1966 2986 2032 Deo,
3015 1966 3100 2018 Vel
3151 1967 3465 2021 secundum
3502 1984 3604 2021 na-

1910 2054 2096 2102 turam
2122 2050 2240 2120 jam
2271 2067 2386 2103 non
2418 2056 2561 2105 esset
2607 2068 2673 2104 ex
2707 2053 2863 2121 Deo.]
2896 2054 2962 2105 Et
2989 2054 3080 2106 hic
3113 2053 3247 2107 dum
3290 2057 3602 2110 secundum

1909 2137 2479 2206 prmdestinationem
2522 2138 2658 2192 dicit
2709 2140 2961 2193 locutum
3004 2156 3123 2193 esse
3176 2142 3504 2202 Dominum,
3548 2152 3608 2198 ut

1910 2225 2089 2296 aliqui
2144 2232 2331 2280 essent
2372 2244 2437 2280 ex
2498 2228 2633 2295 Deo,
2689 2228 2785 2281 alii
2841 2245 2956 2282 non
3010 2245 3073 2282 ex
3126 2231 3257 2297 Deo,
3313 2231 3604 2301 geminam

1912 2314 2161 2367 ostendit
2192 2315 2771 2385 praedestinationem.
2802 2317 2943 2370 Item
2964 2316 3019 2370 in
3046 2318 3246 2371 eodem
3283 2320 3462 2389 (tract.
3495 2326 3606 2389 cx),

1912 2418 2041 2454 cum
2072 2402 2139 2454 de
2172 2403 2385 2456 mundo
2425 2402 2579 2456 fideli
2627 2403 2918 2457 etintideli
2964 2405 3300 2475 loqueretur
3352 2408 3431 2461 sic
3476 2409 3555 2461 ait
3590 2426 3602 2462 :

1914 2489 2239 2562 [lstijautem
2274 2508 2493 2559 omnes,
2518 2492 2655 2562 quid
2676 2497 2758 2546 est
2781 2493 2888 2546 nisi
2916 2495 3204 2549 mundus?
3241 2496 3364 2549 Non
3389 2497 3607 2550 hostilis

1912 2579 2128 2650 utique,
2165 2580 2259 2633 sed
2302 2580 2511 2634 tidelis.
2574 2583 2711 2635 Nam
2764 2598 2913 2648 ecce,
2968 2582 3067 2654 qui
3116 2584 3372 2638 dixerat:
3410 2604 3435 2635 α
3480 2587 3605 2640 Non

1912 2684 2014 2739 pro
2047 2668 2258 2722 mundo
2292 2684 2429 2735 rogo
2480 2671 2651 2737 (Joan.
2685 2686 2814 2735 xvii,
2850 2672 2921 2739 9),
2957 2690 2984 2721 ii
3034 2687 3138 2741 pro
3179 2673 3396 2725 mundo
3444 2680 3607 2744 rogat

1912 2761 1973 2810 ut
1998 2756 2208 2822 credat,
2235 2757 2505 2827 quoniam
2540 2762 2623 2811 est
2654 2759 2901 2812 mundus
2932 2759 3000 2813 de
3024 2776 3137 2831 quo
3170 2762 3441 2831 scriptum
3472 2772 3554 2816 est
3590 2780 3601 2817 :

1915 2865 1941 2895 α
1974 2846 2052 2900 Ne
2084 2861 2211 2899 cum
2246 2846 2461 2899 mundo
2504 2846 2844 2901 damnemus
2876 2849 2933 2917 (I
2975 2850 3103 2902 Cor.
3156 2866 3232 2915 xi,
3266 2852 3370 2919 3'2).
3419 2872 3447 2900 ))
3498 2852 3605 2905 Pro

1912 2934 2019 2988 isto
2054 2935 2270 2989 mundo
2296 2951 2409 2988 non
2442 2940 2634 3005 rogat:
2688 2952 2879 3008 neque
2908 2937 3059 2991 enim
3107 2954 3221 3009 quo
3276 2939 3345 2992 sit
3378 2941 3606 3009 prtede—

118 3022 392 3089 praedicat,
428 3026 494 3074 ut
522 3025 844 3091 perseveret
880 3020 1029 3091 apud
1063 3020 1250 3090 ipsum
1284 3036 1466 3091 usque
1498 3020 1556 3073 in
1605 3019 1799 3084 finem,
1832 3055 1871 3112 Ο
1915 3024 2177 3087 stinatus,
2209 3022 2456 3092 ignorat.
2490 3025 2554 3077 Et
2599 3031 2685 3078 est
2734 3026 2981 3079 mundus
3038 3026 3105 3080 de
3158 3043 3270 3097 quo
3332 3029 3605 3099 scriptum

120 3118 165 3163 et
193 3128 297 3165 non
331 3111 492 3181 apud
530 3112 711 3164 Deum
736 3109 1174 3180 perseverando,
1209 3125 1325 3162 non
1344 3108 1506 3162 audit
1538 3109 1682 3163 hanc
1712 3124 1803 3161 vo-

120 3216 224 3253 cem
251 3218 264 3254 :
297 3201 460 3254 venit
482 3200 556 3253 ad
594 3199 903 3263 Christum,
958 3198 1176 3252 audivit
1208 3198 1318 3252 alia
1351 3202 1406 3252 et
1454 3199 1564 3251 alia
1609 3196 1800 3261 verba,

121 3291 205 3343 illa
230 3296 282 3343 et
312 3290 415 3343 illa
446 3287 666 3354 omnia,
714 3303 846 3341 vera
872 3303 1011 3340 sana
1031 3286 1243 3353 omnia,
1270 3287 1420 3340 inter
1450 3302 1577 3356 quae
1609 3285 1803 3338 omnia

124 3384 195 3429 est
228 3383 279 3431 et
307 3378 409 3431 illa
440 3393 545 3430 vox
583 3393 597 3429 :
635 3398 661 3424 α
696 3375 803 3439 Qui
833 3376 1278 3446 perseveraverit
1308 3391 1484 3446 usque
1515 3376 1573 3428 in
1604 3374 1801 3438 tinem,

123 3465 200 3519 hic
229 3466 416 3520 salvus
468 3465 599 3519 erit.
634 3486 661 3512 ii
728 3466 897 3518 [stam
929 3462 1027 3534 qui
1075 3462 1320 3517 audierit
1378 3464 1501 3516 ovis
1557 3468 1660 3517 est.
1696 3464 1805 3519 Sed

126 3556 372 3609 audiebat
408 3556 570 3609 illam
605 3554 795 3607 nescio
817 3553 946 3625 quis
973 3558 1029 3607 et
1064 3553 1335 3623 desipuit,
1381 3552 1662 3623 refriguit,
1705 3570 1805 3606 au-

124 3643 244 3697 divit
270 3644 526 3698 alienam
564 3641 674 3712 τεεί
723 3642 1161 3712 praedestinatus
1209 3646 1314 3709 est,
1354 3642 1422 3695 ad
1456 3646 1679 3711 tempus
1712 3659 1804 3696 er-

127 3734 273 3799 ravit,
304 3734 362 3788 in
395 3738 683 3787 mternum
713 3748 826 3785 non
868 3731 1072 3801 periit;
1106 3731 1273 3786 redit»
1299 3735 1363 3785 ut
1418 3731 1610 3785 audiat
1657 3732 1807 3802 quod

131 3822 374 3891 neglexit,
410 3821 585 3876 faciat
614 3820 769 3892 quod
802 3820 1035 3874 audivit.
1083 3819 1139 3874 Si
1179 3820 1330 3873 enim
1374 3820 1445 3873 de
1477 3819 1565 3873 his
1598 3825 1680 3873 est
1709 3820 1808 3891 qui

129 3910 502 3979 pradestinati
526 3916 676 3975 sunt,
712 3916 768 3963 et
799 3926 1051 3963 errorem
1101 3909 1280 3979 ipsius
1312 3910 1459 3964 Deus
1507 3909 1809 3979 praescivit,

132 4004 177 4051 et
201 4000 629 4054 conversionem
664 3998 947 4063 futuram;
972 3998 1018 4051 si
1070 3997 1375 4058 aberravit,
1408 3997 1579 4063 redit,
1615 4001 1679 4050 ut
1708 4012 1811 4050 au-

135 4088 254 4141 divit
280 4104 486 4141 vocem
528 4088 684 4141 illam
715 4086 980 4157 pastoris,
1040 4092 1096 4139 et
1152 4090 1425 4155 sequatur
1478 4085 1807 4139 dicentem:

140 4202 156 4217 ει
192 4176 287 4240 Qui
308 4176 764 4247 perseveraverit
796 4175 1051 4246 usquelin
1080 4172 1393 4245 tinem,|hic
1413 4174 1596 4227 salvus
1620 4174 1746 4227 erit.
1783 4196 1809 4222 ))

144 4264 278 4318 Bona
306 4282 437 4329 vox,
473 4264 699 4331 fratres,
734 4279 885 4329 vera,
937 4263 1239 4333 pastoralis
1276 4263 1403 4333 ipsa
1454 4266 1579 4316 est:
1620 4285 1639 4311 ι
1701 4262 1811 4315 Vox

1913 3116 1998 3165 est
2032 3128 2044 3164 :
2076 3131 2101 3161 (ι
2140 3111 2261 3164 Non
2297 3110 2449 3163 venit
2484 3111 2634 3164 ﬁlius
2664 3112 2916 3166 hominis
2956 3118 3020 3166 ut
3044 3115 3265 3183 judicet
3302 3118 3607 3184 mundum,

1912 3198 2007 3253 sed
2036 3202 2099 3252 ut
2128 3199 2379 3251 salvetur
2417 3199 2664 3251 mundus
2696 3215 2800 3268 per
2848 3199 3037 3269 ipsum
3091 3202 3266 3270 (Joan.
3321 3220 3399 3267 ιιι,
3438 3204 3541 3270 l7).
3577 3223 3603 3253 ii

1914 3286 2075 3341 Unde
2101 3290 2158 3339 et
2199 3286 2507 3356 Apostolus
2539 3302 2551 3339 :
2587 3306 2613 3333 «
2661 3286 2824 3353 Deus,
2860 3286 3069 3356 inquit,
3112 3291 3232 3339 erat
3271 3288 3326 3341 in
3386 3287 3608 3341 Christo

1927 3377 2206 3429 mundum
2263 3375 2637 3429 reconcilians
2685 3375 2793 3428 sibi
2824 3376 2903 3441 (II
2961 3376 3081 3431 Cor.
3132 3392 3183 3441 v,
3228 3378 3329 3443 Ην).
3374 3375 3429 3447 ii]
3470 3377 3609 3430 Cum

1915 3464 2067 3519 enim
2092 3465 2228 3519 dicit
2269 3464 2405 3535 quia
2442 3481 2557 3518 non
2620 3464 2845 3533 ignorat
2892 3480 3004 3535 quo
3052 3464 3121 3518 sit
3168 3466 3609 3535 praedestinatus

1916 3555 2184 3619 mundus,
2220 3571 2321 3625 pro
2351 3570 2463 3625 quo
2501 3570 2619 3607 non
2667 3558 2849 3623 rogat,
2905 3554 3202 3607 manifeste
3255 3556 3611 3608 demonstrat

1916 3643 2481 3716 prmdestinationem
2532 3642 2927 3712 reproborum.
2996 3644 3060 3696 Et
3127 3643 3259 3713 quia
3307 3643 3606 3714 prmdesti-

1917 3732 2072 3786 natio
2105 3731 2417 3785 electorum
2449 3735 2503 3784 et
2552 3731 2951 3802 reproborum,
3006 3732 3237 3799 gemina
3278 3748 3397 3784 esse
3448 3748 3609 3785 mon-

1919 3824 2129 3875 stratur
2157 3820 2609 3890 prmdestinatio.
2646 3820 2784 3872 Item
2817 3820 2877 3872 in
2900 3819 3101 3872 eodem
3136 3820 3320 3889 (ίδτίῑ.)
3358 3836 3370 3873 :
3408 3818 3611 3892 [Quan-

1919 3909 2015 3963 diu
2037 3908 2191 3961 enim
2219 3908 2504 3961 credimus
2531 3908 2681 3978 quod
2703 3924 2817 3960 non
2834 3908 3108 3974 videmus,
3133 3910 3388 3962 nondum
3413 3926 3611 3963 sumus

1919 3999 1996 4053 ita
2026 4000 2408 4052 consummati
2453 3997 2935 4069 quemadmodum
2967 3998 3201 4064 erimus,
3233 4014 3362 4051 cum
3393 4015 3614 4053 merue-

1922 4088 2100 4141 rimus
2130 4087 2317 4141 viderc
2348 4088 2501 4158 quod
2542 4086 2851 4140 credimus.
2911 4086 3244 4140 Rectissime
3290 4087 3466 4156 igitur
3494 4088 3608 4157 [ibi,

1925 4198 1951 4225 ‹‹
1982 4182 2043 4230 ut
2072 4177 2259 4230 credat
2292 4177 2569 4243 mundus;
2616 4176 2729 4241 hic,
2788 4180 2848 4228 ut
2896 4180 3200 4244 cognoscat
3248 4176 3499 4230 mundus
3533 4193 3545 4230 :
3582 4200 3608 4225 ))

1922 4269 2114 4318 tamen
2145 4270 2201 4318 et
2232 4264 2309 4317 ibi
2341 4268 2397 4317 et
2418 4264 2508 4317 hic
2540 4285 2565 4311 ‹‹
2615 4263 2749 4334 quia
2783 4266 2841 4315 tu
2886 4280 2974 4316 me
3005 4263 3209 4317 misisti
3258 4263 3434 4333 (Joan.
3478 4281 3610 4333 xvu,

140 4353 313 4405 salutis
345 4354 402 4407 in
428 4352 1121 4421 tabernaculisjustorum
1159 4351 1276 4419 (Ps.
1324 4367 1399 4417 x1,
1440 4352 1548 4417 t5).
1589 4372 1615 4400 ii
1676 4352 1812 4404 Nam
1846 4355 1887 4409 D
1926 4355 2039 4414 2t),
2068 4370 2095 4403 ii
2134 4359 2195 4406 ut
2225 4353 2553 4405 noverimus
2607 4356 2885 4423 quantum
2923 4353 3175 4422 pertinet
3223 4353 3293 4406 ad
3343 4353 3523 4406 Patris
3561 4358 3613 4407 et

138 4444 277 4496 faeile
306 4452 388 4496 est
422 4443 625 4496 audire
673 4442 981 4503 Christum,
1020 4441 1183 4494 facile
1232 4445 1316 4493 est
1363 4440 1594 4493 laudare
1630 4441 1809 4493 Evan-

141 4531 347 4595 gelium,
383 4531 551 4583 facile
584 4535 667 4582 est
702 4531 1015 4583 acelamare
1048 4528 1420 4600 disputatori;
1449 4544 1813 4598 perseverare

142 4633 300 4686 usque
332 4620 389 4671 in
420 4619 621 4683 tinem,
672 4618 777 4671 hoc
821 4622 904 4671 est
951 4617 1143 4671 ovium
1190 4633 1387 4671 vocem
1437 4616 1680 4688 pastoris
1712 4632 1813 4669 au-

145 4705 421 4760 dientium.
457 4706 745 4777 LTentatio
803 4707 1025 4771 accidit,
1078 4721 1380 4776 persevera
1427 4722 1609 4776 usque
1670 4706 1729 4757 in
1757 4705 1817 4758 ti-

145 4810 276 4848 nem.
310 4796 501 4865 Usque
526 4796 586 4848 in
616 4810 791 4864 quem
822 4794 994 4848 tinem
1029 4794 1459 4864 perseverahis?
1507 4796 1817 4864 Quousque

146 4882 289 4935 ﬁnias
352 4884 526 4937 viam.
591 4883 854 4947 Quandiu
918 4883 1070 4936 enim
1124 4900 1238 4936 nun
1290 4882 1452 4936 audis
1505 4882 1814 4949 Christum,

146 4971 475 5026 adversarius
538 4977 672 5025 tuus
744 4978 829 5024 cst
922 4973 980 5025 in
1018 4972 1131 5024 ista
1178 4972 1290 5039 via,
1320 4972 1425 5025 hoc
1483 4977 1565 5025 est
1619 4972 1677 5025 in
1716 4972 1821 5024 ista

148 5062 347 5114 mortali
394 5062 536 5115 vita.
583 5060 692 5113 Sed
744 5059 880 5129 quid
932 5060 1109 5114 dicit?
1161 5082 1187 5109 ‹‹
1216 5060 1511 5113 Concorda
1559 5076 1688 5113 cum
1724 5061 1824 5113 ad-

150 5149 369 5203 versario
402 5154 506 5202 tuo
536 5148 671 5214 cito,
708 5149 845 5201 dum
891 5164 950 5201 es
993 5164 1121 5201 cum
1174 5163 1242 5200 eo
1275 5148 1332 5201 in
1382 5147 1471 5200 via
1525 5150 1742 5218 (Matth.
1766 5164 1819 5214 v,

151 5238 237 5289 23‘.
282 5263 308 5285 ii
368 5238 618 5301 Audisti,
672 5237 986 5303 credidisti,
1015 5236 1391 5291 concordasti.
1443 5237 1499 5291 Si
1557 5237 1819 5290 adversa-

154 5322 279 5379 baris
322 5328 631 5381 cuncorda.
684 5326 738 5379 Si
792 5326 894 5379 tibi
938 5326 1257 5396 praestitum
1317 5328 1401 5378 est
1456 5326 1823 5390 concordare,

155 5415 251 5466 noli
278 5416 524 5469 ulterius
559 5414 807 5484 litigare.
851 5414 1091 5478 Quando
1144 5414 1297 5468 enim
1330 5413 1566 5468 finiatur
1611 5415 1700 5468 via
1725 5431 1824 5467 ne-

158 5501 261 5560 scis.
292 5503 387 5557 sed
421 5508 619 5556 tamen
650 5502 757 5555 scit
786 5502 900 5555 ille.
943 5503 995 5556 Si
1034 5503 1156 5556 ovis
1204 5519 1284 5569 es,
1317 5508 1372 5557 et
1412 5503 1458 5556 si
1491 5518 1827 5573 persevera-

163 5589 283 5641 veris
310 5607 494 5662 usque
529 5592 583 5644 in
632 5591 831 5659 tinem,
874 5592 1060 5644 salvus
1092 5591 1244 5645 eris:
1279 5607 1344 5646 ac
1381 5607 1486 5662 per
1510 5592 1617 5646 hoc
1661 5591 1825 5646 istam

1925 4442 2044 4495 Filii
2082 4441 2525 4509 insuperabilem
2546 4440 2903 4506 charitatem,
2929 4442 3036 4494 hoc
3065 4458 3167 4494 nos
3192 4441 3363 4494 modo
3388 4440 3615 4494 credere

1923 4528 2075 4599 quod
2127 4528 2416 4581 tendimus
2456 4528 2740 4582 credendo
2791 4545 3153 4597 cognoscere.
3192 4529 3247 4581 Si
3300 4532 3491 4581 autem
3525 4528 3617 4581 di-

1923 4621 2092 4682 eeret,
2126 4620 2190 4669 ut
2210 4621 2551 4685 cognoscant
2578 4617 2714 4687 quia
2743 4622 2805 4671 tu
2857 4633 2946 4670 me
3000 4616 3221 4682 misisti,
3261 4617 3616 4670 tantumdem

1926 4707 2139 4759 valeret
2168 4709 2447 4776 quantum
2481 4705 2586 4758 hoc
2618 4706 2772 4776 quod
2804 4704 2904 4771 ait,
2932 4728 2957 4752 ‹‹
3000 4710 3063 4757 ut
3101 4710 3407 4774 cognoscat
3450 4722 3619 4759 mun-

1927 4796 2050 4849 dus.
2090 4814 2116 4844 ii
2160 4794 2420 4864 lpsisunt
2446 4792 2598 4846 enim
2621 4794 2888 4857 mundus,
2924 4809 3038 4845 non
3070 4808 3413 4861 permanens
3436 4793 3618 4846 inimi-

1926 4899 2043 4947 cus,
2078 4883 2264 4953 qualis
2322 4888 2408 4936 est
2452 4883 2700 4934 mundus
2754 4882 3111 4935 damnationi
3161 4883 3616 4952 praedestinatum,

1928 4972 2021 5025 sed
2054 4988 2115 5025 ex
2143 4972 2373 5024 inimico
2407 4971 2625 5024 amicus
2659 4970 2911 5037 effectus,
2949 4976 3188 5041 propter
3216 4988 3385 5043 quem
3415 4994 3440 5019 ‹‹
3476 4972 3619 5023 Deus

1930 5066 2053 5114 erat
2082 5060 2139 5113 in
2174 5060 2393 5113 Christo
2426 5060 2708 5113 mundum
2737 5059 3109 5113 reconcilians
3168 5060 3274 5113 sibi
3296 5062 3388 5129 (II
3414 5061 3528 5113 (νυν.
3566 5072 3616 5119 v,

1935 5150 2039 5217 19).
2077 5166 2103 5196 ii
2134 5147 2424 5201 Ideodixi:
2445 5166 2468 5195 (ι
2491 5149 2606 5217 Ego
2630 5147 2687 5200 in
2704 5146 2806 5212 eis,
2832 5152 2886 5200 et
2905 5152 2966 5201 tu
2990 5148 3181 5213 inme;
3208 5144 3619 5214 iitanquamdi-

1932 5241 2083 5290 ceret
2118 5252 2175 5289 :u
2205 5237 2318 5305 Ego
2342 5235 2399 5288 in
2414 5235 2493 5289 eis
2514 5257 2539 5285 ii
2558 5236 2627 5289 ad
2650 5253 2792 5307 quos
2807 5235 3013 5290 misisti
3039 5253 3158 5300 me;
3185 5259 3204 5283 ι
3235 5241 3289 5287 et
3312 5233 3439 5286 tuin
3456 5247 3566 5297 me,
3595 5254 3619 5279 ii

1936 5324 2215 5378 mundum
2264 5325 2637 5379 reconcilians
2676 5326 2780 5378 tibi
2819 5341 2922 5395 per
2952 5341 3057 5377 me.
3106 5325 3408 5390 Propterea
3434 5322 3622 5391 sequi-

1938 5420 2032 5467 tur
2061 5414 2231 5467 etiam
2263 5413 2403 5468 illud
2435 5414 2585 5484 quod
2619 5414 2696 5467 ait
2726 5431 2738 5467 :
2774 5434 2799 5463 «
2845 5416 2909 5466 Et
2954 5410 3197 5466 dilexisti
3235 5427 3346 5475 eos,
3382 5409 3527 5464 sicut
3571 5416 3628 5465 et

1937 5519 2028 5557 me
2058 5502 2304 5556 dilexisti
2337 5502 2518 5573 (lbid.,
2549 5505 2662 5570 23).
2704 5523 2730 5552 ii
2782 5503 2841 5555 ln
2878 5500 3013 5554 Filio
3063 5498 3275 5569 quippe
3317 5501 3483 5554 Pater
3526 5516 3628 5553 nos

1938 5591 2141 5659 diligit,
2166 5592 2305 5660 quia
2337 5614 2361 5636 «ι
2394 5591 2450 5643 in
2482 5591 2601 5661 ipso
2632 5607 2733 5643 nos
2766 5588 2937 5651 elegit
2972 5592 3100 5638 ante
3132 5588 3330 5642 mundi
3364 5589 3629 5642 constitu-
