4138 6194
404 330 471 383 47
1556 314 1910 370 RATRAMNI
1950 312 2407 371 CORBEIENSIS
2448 311 2754 366 MONACIII
3180 334 3183 335 ν
3837 307 3917 361 48
3956 330 3961 333 -

408 458 674 531 tionem].
708 480 734 508 ››
772 458 836 511 Et
860 454 951 508 hic
986 451 1179 506 dicens
1217 447 1499 502 mundum
1548 443 1901 501 damnationi
1952 461 2099 513 prae-
2130 448 2172 499 A
2212 449 2382 513 atque
2410 440 2741 515 hujusmodi
2773 455 2990 493 venena
3038 439 3193 509 fidei,
3225 439 3337 493 nisi
3383 439 3568 493 dicere
3612 439 3911 505 timerem,

409 550 776 610 destinatum,
838 540 1130 612 geminam
1192 537 1439 591 ostendit
1510 532 2099 605 praedestinationem.

408 640 552 692 Item
582 636 643 688 in
661 634 859 687 eodem
883 629 1063 699 (tract.
1092 628 1167 696 xi)
1202 643 1213 679 :
1240 625 1562 695 [Quomodo
1586 639 1721 692 ergo
1751 638 1866 674 non
1888 620 2102 674 erimus

409 742 537 780 cum
599 720 820 776 Christo
878 717 976 771 ubi
1028 722 1131 780 est,
1197 715 1428 785 quando
1486 712 1545 765 in
1596 714 1763 765 Patre
1813 727 1943 763 cum
2002 710 2101 762 illo

409 814 643 876 erimus,
707 808 767 861 in
821 824 933 877 quo
988 811 1091 859 est.
1154 805 1349 873 Neque
1407 802 1543 855 hinc
1589 800 1894 870 Apostolus
1941 796 2103 850 nobis

408 899 667 971 quamvis
699 897 957 951 nondum
988 910 1111 947 rem
1144 890 1489 956 tenentibus,
1542 890 1640 942 sed
1692 894 1887 942 tamen
1929 885 2102 955 {spem

408 988 739 1059 gerentibus
779 985 955 1039 tacuit
989 1000 1001 1037 :
1041 982 1118 1035 ait
1148 981 1304 1034 enim
1342 996 1409 1032 :u
1441 978 1497 1031 Si
1543 974 1931 1030 resurrexistis
1973 990 2102 1026 cum

409 1076 648 1141 Christo,
683 1091 811 1145 quae
844 1087 1067 1126 sursum
1117 1074 1249 1123 sunt
1281 1067 1541 1139 quwrite,
1596 1066 1694 1119 ubi
1721 1063 1974 1119 Christus
2023 1067 2107 1116 est

407 1166 466 1218 in
499 1165 699 1217 dextra
732 1162 829 1215 Dei
871 1160 1114 1225 sedens;
1160 1173 1292 1228 quae
1322 1171 1547 1208 sursum
1580 1158 1713 1205 sunt
1752 1151 1954 1221 sapite,
1989 1166 2105 1203 non

410 1269 537 1323 quae
570 1268 742 1321 super
770 1256 979 1304 terram
1013 1264 1025 1300 :
1063 1245 1274 1300 mortui
1311 1243 1462 1297 enim
1498 1242 1649 1305 estis,
1682 1246 1739 1294 et
1769 1243 1879 1293 vita
1910 1244 2105 1309 .vestra

410 1339 745 1394 abscondita
775 1343 857 1391 est
904 1352 1034 1389 cum
1074 1334 1297 1388 Christo
1340 1333 1396 1384 in
1428 1333 1541 1385 Deo
1600 1331 1730 1399 (Col.
1768 1346 1848 1395 ιιι,
1904 1327 2039 1397 1-3).
2076 1346 2103 1377 ι)

414 1430 548 1482 Ecce
602 1426 836 1480 interim
896 1441 1000 1493 per
1048 1424 1219 1477 tidem
1268 1437 1332 1473 ac
1379 1436 1537 1489 spem
1596 1420 1705 1470 vita
1768 1423 1961 1469 nostra
2008 1416 2105 1469 ubi

412 1517 668 1572 Christus
708 1519 810 1581 est,
844 1529 973 1567 cum
1005 1512 1104 1564 illo
1146 1516 1251 1575 est,
1286 1508 1421 1579 quia
1451 1524 1579 1561 cum
1627 1505 1849 1560 Christo
1899 1505 1957 1557 in
1993 1506 2107 1558 Deo

412 1612 513 1660 est.
540 1608 674 1659 Ecce
702 1605 857 1656 velut
880 1602 1001 1672 jam
1044 1600 1255 1653 factum
1290 1604 1371 1651 est
1421 1596 1571 1666 quod
1628 1594 1811 1647 oravit
1840 1598 1903 1646 ut
1948 1594 2109 1645 fieret

411 1694 602 1748 dicens
636 1710 648 1746 :
684 1715 704 1740 ι
744 1692 883 1743 Volo
921 1695 983 1742 ut
1035 1688 1130 1741 ubi
1164 1704 1270 1756 ego
1321 1702 1469 1748 sum,
1518 1690 1573 1737 et
1612 1683 1694 1735 illi
1736 1682 1852 1735 sint
1884 1696 2107 1734 mecum

416 1785 591 1846 (Joan.
624 1797 753 1833 xvii.
796 1778 904 1848 2i).
942 1800 967 1823 ››
992 1777 1101 1831 Sed
1160 1790 1311 1828 nunc
1356 1790 1457 1843 per
1483 1773 1682 1838 tidem,
1745 1770 1971 1841 quando
2016 1785 2111 1821 au-

414 1876 528 1923 tem
564 1871 661 1922 fiet
690 1884 791 1937 per
816 1866 1102 1935 speciem?
1140 1884 1167 1911 ι(
1201 1866 1339 1917 Cum
1376 1861 1650 1927 Christus,
1684 1859 1890 1929 inquit,
1936 1874 2111 1927 appa-

414 1958 594 2012 ruerit
627 1956 739 2009 vita
776 1961 978 2017 vestra,
1006 1957 1142 2005 tunc
1173 1957 1229 2004 et
1260 1967 1354 2002 vos
1386 1949 1733 2019 apparebitis
1763 1964 1889 1999 cum
1924 1947 2022 1999 illo
2053 1946 2113 1998 in

413 2046 597 2116 gloria
628 2044 771 2111 (Col.
812 2060 891 2107 ιιι,
919 2043 991 2109 4).
1030 2042 1227 2091 »Τιιῐιο
1250 2037 1655 2106 apparebimns
1683 2036 1833 2105 quod
1854 2042 1987 2087 tunc
2009 2033 2114 2086 eri-

417 2150 561 2197 mus,
604 2131 739 2200 quia
770 2137 905 2182 tunc
938 2127 1236 2197 apparebit
1265 2142 1379 2177 non
1413 2124 1664 2176 inaniter
1699 2140 1800 2175 nos
1831 2122 1889 2175 id
1923 2122 2113 2175 credi-

415 2222 562 2273 disse
594 2234 657 2270 ac
691 2232 948 2286 sperasse
971 2219 1279 2283 antequam
1308 2227 1561 2266 essemus
1583 2212 1712 2264 facti
1735 2216 1789 2264 et
1810 2211 1900 2263 cui
1941 2212 2113 2264 Filius

415 2323 544 2360 cum
566 2304 799 2359 dixisset
828 2321 839 2357 :
868 2324 893 2352 (ι
920 2303 989 2356 Ut
1010 2302 1237 2355 videant
1260 2301 1575 2355 claritatem
1602 2316 1812 2366 meam,
1838 2316 2009 2369 quam
2024 2300 2115 2351 de-

416 2393 735 2459 distimihi,
773 2415 798 2440 ››
847 2392 1122 2446 continuo
1173 2390 1468 2459 subjnnxit
1499 2411 1525 2439 ‹‹
1562 2389 1697 2460 quia
1747 2388 1995 2441 dilexisti
2023 2403 2113 2441 me

415 2487 544 2535 ante
596 2481 801 2535 mundi
850 2479 1363 2532 constitutionem:
1398 2501 1426 2527 ››
1460 2479 1518 2531 in
1566 2480 1664 2531 illo
1718 2477 1873 2530 enim
1919 2477 2116 2529 dilexit

415 2587 520 2624 nos
550 2576 682 2623 ante
714 2569 917 2621 mundi
954 2568 1445 2633 constitutionem,
1480 2572 1535 2619 et
1566 2573 1701 2619 tunc
1746 2565 2114 2635 praedestina-

416 2658 517 2723 vit,
552 2656 787 2727 quodin
832 2656 945 2709 tiue
1000 2657 1259 2709 futurum
1292 2660 1376 2708 est
1422 2654 1643 2707 mundi.
1682 2655 1922 2719 «Pater,
1958 2674 1983 2700 ››
2026 2653 2114 2705 in-

418 2747 561 2817 quit,
596 2768 623 2795 ‹‹
647 2748 818 2815 juste,
854 2745 1104 2797 mundus
1152 2749 1206 2797 te
1238 2760 1355 2797 non
1391 2742 1660 2811 cognovit
1690 2764 1717 2790 »
1750 2740 1885 2811 quia
1927 2741 2115 2810 justus

417 2852 496 2901 es,
540 2834 668 2887 ideo
697 2839 749 2886 te
780 2848 899 2885 non
942 2833 1213 2901 cognovit
1248 2848 1260 2884 :
1297 2832 1547 2883 mundus
1580 2831 1796 2900 quippe
1830 2830 1923 2882 ille
1952 2830 2114 2882 dam-

416 2923 639 2978 nationi
667 2922 1104 2992 prazdestinatus
1140 2920 1346 2973 merito
1378 2937 1495 2973 non
1538 2920 1834 2989 cognovit;
1870 2920 2116 2971 mundus

420 3028 571 3077 vero,
606 3026 777 3081 quem
809 3026 915 3080 per
963 3010 1250 3063 Christum
1284 3008 1690 3072 reconciliavit,
1726 3024 1842 3060 non
1886 3008 2111 3073 merito,
2145 3040 2184 3094 Ο

418 3102 516 3154 sed
546 3100 728 3171 gratia
763 3098 1046 3169 cognovit.
1094 3098 1240 3161 Quid
1272 3102 1358 3151 est
1389 3096 1541 3150 enim
1581 3114 1712 3149 eum
1750 3111 2110 3165 cognoscere,

419 3190 529 3243 nisi
555 3190 668 3243 vita
698 3190 952 3242 aeterna?
983 3203 1156 3257 quam
1191 3186 1408 3240 mundo
1455 3186 1725 3239 damnato
1772 3185 1966 3254 utique
1999 3200 2115 3237 non

418 3276 594 3344 dedit,
626 3276 995 3331 reconciliato
1019 3275 1193 3328 dedit.
1238 3276 1545 3343 Propterea
1586 3272 1782 3341 utique
1809 3294 1828 3320 ι
1864 3272 2114 3325 mundus

417 3382 536 3419 non
570 3365 856 3436 cognovit,
895 3364 1028 3434 quia
1082 3364 1267 3432 justus
1323 3378 1402 3426 es,
1445 3360 1665 3413 meritis
1696 3362 1840 3429 ejus,
1888 3364 1953 3412 ut
2004 3376 2116 3412 non

417 3458 807 3523 cognosceret,
859 3451 1134 3514 tribuisti,
1169 3456 1225 3503 et
1266 3452 1566 3519 propterea
1610 3448 1860 3501 mundus
1918 3463 2113 3501 recon-

417 3540 641 3594 ciliatus
674 3539 958 3609 cognovit,
994 3539 1131 3608 quia
1162 3537 1484 3590 misericors
1515 3553 1594 3603 es,
1624 3541 1767 3589 etut
1805 3552 2113 3606 cognosce-

419 3633 504 3681 ret
529 3645 641 3681 non
669 3628 719 3680 ei
750 3628 978 3694 merito,
1016 3627 1111 3679 sed
1132 3626 1315 3695 gratia
1346 3624 1706 3695 subvenisti.]
1743 3626 1807 3677 Et
1828 3624 1920 3678 hic
1946 3641 2115 3678 mun-

419 3717 557 3770 dum
604 3716 958 3770 damnationi
1009 3714 1489 3785 praedestinatum
1548 3713 1767 3779 dicens,
1824 3714 2114 3783 geminam

418 3805 993 3875 praedestinationem
1029 3803 1297 3869 ostendit,
1331 3802 1605 3874 quoniam
1654 3803 2112 3873 praedestinatio-

418 3910 551 3947 nem
591 3909 791 3947 eorum
827 3892 925 3963 qni
974 3893 1268 3945 salvantur
1299 3892 1561 3961 superius
1618 3893 1804 3961 posita
1854 3893 2115 3962 exempla

418 3982 553 4036 satis
584 3998 870 4052 superque
894 3981 1304 4034 demonstrant.
1368 3982 1511 4034 Item
1576 3980 1633 4033 in
1680 3980 1823 4033 libro
1859 3981 2111 4034 Enchiri-

420 4072 555 4125 dion
584 4070 723 4140 (cap.
764 4072 886 4138 lOO)
916 4089 928 4123 :
954 4069 1110 4139 [Haec
1128 4074 1261 4123 sunt
1286 4088 1312 4119 ε(
1340 4084 1547 4138 magna
1568 4084 1743 4138 opera
1772 4068 2001 4122 Domini
2023 4086 2115 4122 ex-

420 4158 628 4229 quisita
657 4158 717 4211 in
748 4173 947 4211 omnes
996 4157 1317 4211 voluntates
1362 4157 1485 4226 ejus
1529 4157 1703 4222 (Psal.
1747 4173 1834 4223 cx,
1892 4158 1966 4227 2),
2004 4177 2029 4208 ››
2059 4162 2114 4211 et

418 4254 533 4300 tam
565 4247 856 4317 sapienter
884 4246 1186 4317 exquisita,
1219 4250 1282 4299 ut
1310 4262 1440 4299 cum
1472 4246 1730 4314 angelica
1764 4251 1819 4298 et
1860 4246 2112 4300 humana

418 4342 676 4389 creatura
704 4340 1005 4405 peccasset,
1040 4335 1095 4388 id
1150 4339 1375 4388 estnon
1430 4334 1581 4404 quod
1634 4334 1750 4400 ille,
1806 4334 1902 4388 sed
1961 4339 2108 4404 quod
2141 4343 2179 4396 υ

418 4424 596 4477 voluit
647 4423 773 4493 ipsa
820 4422 1062 4489 fecisset,
1125 4422 1296 4475 etiam
1357 4438 1458 4492 per
1513 4422 1773 4475 eamdem
1830 4428 2106 4475 creaturze

418 4513 792 4575 voluntatem,
853 4527 967 4581 qua
1010 4511 1223 4564 factum
1270 4516 1355 4564 est
1401 4510 1555 4580 quod
1614 4511 1844 4564 Creator
1901 4511 2102 4573 noluit,

419 4602 686 4671 impleret
711 4600 833 4671 ipse
863 4600 1014 4671 quod
1048 4600 1247 4668 voluit,
1277 4599 1423 4653 bene
1473 4605 1637 4653 utens
1684 4604 1739 4653 et
1768 4601 1949 4663 malis,
1983 4606 2106 4654 tan-

420 4706 591 4760 quam
623 4705 846 4743 summe
900 4689 1105 4757 bonus,
1148 4689 1213 4743 ad
1271 4705 1471 4742 eorum
1516 4689 1941 4742 damnationem
1967 4706 2109 4759 quos

415 4778 567 4849 juste
598 4776 1029 4847 predcstinavit
1061 4776 1129 4829 ad
1164 4792 1415 4846 poenam,
1439 4781 1495 4829 et
1526 4776 1595 4829 ad
1627 4793 1827 4830 eorum
1865 4779 2107 4832 salutem

424 4883 567 4938 quos
596 4866 842 4935 benigne
873 4864 1301 4934 praedestinavit
1332 4865 1398 4916 ad
1435 4861 1727 4935 gratiam]

496 4956 631 5009 Item
662 4954 724 5007 in
758 4954 905 5007 libro
946 4958 1149 5023 quarto
1186 4953 1254 5006 de
1288 4953 1498 5006 Natura
1547 4957 1601 5006 et
1640 4953 1871 5023 Origine
1904 4953 2111 5007 animae

423 5044 494 5098 ad
522 5042 879 5097 Vincentium
943 5042 1227 5095 Victorem
1258 5040 1376 5111 (lib.
1435 5058 1509 5107 iv,
1565 5057 1683 5110 cap.
1740 5042 1863 5111 tl):
1926 5042 2113 5113 [Absit

425 5128 580 5181 enim
614 5127 720 5180 hoc
740 5126 933 5179 volens
965 5125 1203 5191 diluere,
1239 5130 1302 5178 ut
1322 5125 1526 5192 dicam,
1562 5141 1686 5195 quas
1716 5125 1838 5195 ipse
1872 5126 2062 5180 dixisti
2096 5143 2110 5180 :

424 5216 586 5280 Quod
619 5215 807 5268 anima
832 5231 933 5283 per
960 5230 1189 5267 carnem
1226 5213 1520 5279 meruerit,
1554 5213 1864 5284 inquinari,
1907 5220 1961 5268 et
1992 5232 2113 5269 esse

422 5304 724 5373 peccatrix,
758 5303 978 5356 nullum
1024 5301 1239 5355 habens
1273 5307 1403 5355 ante
1452 5308 1767 5372 peccatum,
1812 5319 1926 5373 quo
1964 5310 2112 5357 recte

422 5392 481 5445 id
508 5392 784 5445 meruisse
817 5391 1035 5444 dicatur
1070 5407 1082 5444 :
1113 5395 1188 5455 et,
1236 5390 1389 5460 quod
1442 5390 1615 5444 etiam
1666 5391 1788 5443 sine
1831 5391 2114 5461 baptismo

424 5479 732 5550 originalia
760 5486 989 5549 peccata
1017 5478 1306 5532 solvantur
1340 5495 1352 5532 :
1388 5483 1463 5546 et,
1503 5480 1666 5542 Quod
1702 5496 1941 5549 regnum
1973 5498 2114 5552 quo-

421 5584 534 5640 que
566 5568 844 5621 caelorum
894 5584 1008 5621 non
1067 5567 1364 5637 baptizatis
1398 5568 1452 5621 in
1488 5569 1599 5622 line
1642 5569 1944 5623 tribuatur.
1990 5573 2117 5625 Haec

2209 534 2452 586 fortasse
2512 531 2579 585 de
2641 532 2746 584 hac
2789 546 2849 583 re
2899 529 3137 583 delinire
3185 527 3402 598 aliquid
3456 544 3572 581 non
3622 527 3914 581 timerem.

2212 622 2436 685 Quanto
2463 620 2666 673 melius
2714 618 2891 687 igitur
2918 634 3033 671 non
3084 618 3390 687 separatim
3438 618 3508 671 de
3555 617 3749 669 anima
3792 617 3913 671 dis-

2213 716 2370 780 puto,
2408 714 2465 763 et
2493 710 2716 761 aftirmo
2749 708 2897 777 quod
2950 707 3158 773 nescio,
3210 707 3307 759 sed
3350 706 3503 775 quod
3552 706 3915 774 apertissime

2211 799 2547 868 Apostolum
2590 796 2754 849 video
2801 795 3056 849 docuisse
3091 796 3270 864 (Rom.
3316 811 3364 861 v,
3399 794 3521 863 ΑΒ),
3572 794 3918 863 simpliciter

2213 892 2379 940 teneo
2407 904 2419 940 :
2447 909 2473 936 ‹‹
2501 888 2572 940 Ex
2610 903 2720 939 uno
2767 884 3004 938 nomine
3035 900 3234 937 omnes
3262 884 3529 937 homines
3577 882 3658 935 ire
3686 883 3744 935 in
3771 899 3915 936 con-

2213 976 2643 1029 demnationem
2696 996 2716 1021 ι
2779 975 2877 1043 qui
2936 979 3249 1026 nascuntur
3288 988 3353 1025 ex
3430 972 3628 1036 Adam,
3668 971 3781 1024 nisi
3826 972 3917 1025 ita

2213 1070 2583 1117 renascantur
2614 1063 2672 1117 in
2720 1061 2964 1129 Christo,
3016 1062 3161 1115 sicut
3208 1061 3456 1114 instituit
3502 1066 3564 1113 ut
3604 1076 3917 1113 renascan-

2213 1158 2325 1218 tur,
2368 1158 2677 1221 antequam
2729 1167 2967 1221 corpore
3028 1150 3370 1215 moriantur,
3419 1165 3561 1219 quos
3615 1149 3916 1218 praedesti-

2217 1240 2370 1293 navit
2405 1240 2472 1293 ad
2514 1245 2788 1293 azternam
2838 1239 3013 1292 vitam
3066 1237 3646 1305 gmisericordissimus
3712 1238 3915 1306 gratias

2218 1329 2450 1398 largitor
2482 1345 2495 1382 :
2526 1328 2623 1398 qui
2654 1334 2734 1381 est
2768 1333 2821 1380 et
2853 1327 2961 1380 illis
2994 1343 3139 1397 quos
3187 1326 3614 1396 praedestinavit
3657 1328 3727 1381 ad
3757 1344 3916 1381 mor-

2214 1423 2330 1471 tem
2377 1422 2653 1470 teternam
2694 1415 3049 1485 justissimus
3102 1415 3366 1485 supplicii
3417 1414 3780 1487 retributor.]
3846 1418 3919 1471 In

2216 1506 2305 1559 his
2372 1506 2594 1559 duobus
2662 1505 3005 1558 testimoniis
3075 1504 3537 1557 manifestissime
3630 1509 3920 1558 monstrat

2218 1594 2510 1664 geminam
2543 1593 2882 1647 venerabilis
2930 1593 3286 1662 Augustinus
3328 1593 3915 1662 praedestinationem.

2291 1685 2431 1736 ltem
2463 1684 2524 1735 in
2556 1683 2703 1735 libro
2755 1682 3001 1735 secundo
3034 1683 3102 1735 de
3153 1682 3442 1751 Baptismo
3491 1682 3864 1751 parvulorum
3903 1699 3915 1735 :

2221 1769 2313 1841 [Ut
2368 1776 2558 1824 autem
2620 1771 2942 1825 innotescat
3002 1770 3154 1840 quod
3193 1770 3423 1836 latebat,
3472 1776 3527 1824 et
3583 1786 3754 1823 suave
3802 1769 3923 1839 fiat

2221 1860 2372 1929 quod
2407 1876 2524 1913 non
2547 1860 2880 1924 delectabat,
2916 1859 3101 1928 gratia
3138 1859 3235 1913 Dei
3266 1864 3367 1923 est,
3411 1874 3525 1928 qua
3551 1860 3780 1927 adjuvat
3808 1860 3921 1912 ho-

2224 1948 2445 2001 minum
2478 1948 2799 2001 voluntates
2837 1964 2850 2001 :
2897 1964 3010 2017 qua
3057 1953 3119 2000 ut
3153 1964 3271 2001 non
3318 1947 3659 2017 adjuventur
3687 1948 3745 2001 in
3776 1948 3923 2018 ipsis

2221 2036 2420 2090 itidem
2453 2053 2621 2089 causa
2670 2042 2776 2101 est,
2835 2052 2953 2089 non
2986 2036 3044 2089 in
3078 2037 3214 2102 Deo,
3247 2036 3361 2089 sive
3406 2036 3719 2089 damnandi
3770 2053 3920 2106 prm-

2220 2125 2487 2179 dcstinati
2541 2130 2673 2178 sunt
2729 2130 2966 2194 propter
3012 2124 3376 2194 iniquitatem
3426 2124 3737 2194 superbius;
3799 2125 3921 2178 sive

2220 2218 2419 2265 contra
2451 2212 2631 2281 ipsam
2666 2212 2994 2281 superbiam
3016 2212 3317 2281 judicandi
3344 2218 3399 2265 et
3430 2212 3638 2266 eruditi
3677 2212 3782 2265 filii
3803 2213 3922 2267 sint

2222 2302 2647 2355 misericordiae.
2685 2301 2838 2355 Unde
2886 2301 3160 2355 Jeremias
3207 2318 3339 2355 cum
3372 2302 3645 2355 dixisset:
3699 2320 3725 2353 α
3752 2301 3918 2372 lScio,

2220 2389 2483 2456 Domine,
2518 2390 2653 2459 quia
2692 2407 2806 2443 non
2840 2396 2923 2443 est
2962 2391 3020 2443 in
3054 2390 3288 2443 homine
3336 2391 3450 2444 vita
3498 2392 3641 2460 ejus,
3678 2406 3780 2443 nec
3806 2390 3919 2444 viri

2222 2483 2309 2531 est
2341 2484 2402 2531 ut
2430 2478 2702 2544 ambulet,
2746 2485 2804 2532 et
2852 2478 3063 2548 dirigat
3089 2495 3317 2548 gressus
3374 2495 3526 2546 suos,
3560 2502 3588 2527 ››
3644 2480 3922 2533 continuo

2222 2567 2556 2636 subjungit:
2589 2586 2617 2617 α
2650 2566 2881 2637 Corripe
2930 2584 3041 2632 me,
3095 2568 3377 2634 Domine;
3426 2572 3824 2621 verumtamen
3858 2569 3922 2622 in

2218 2655 2453 2726 judicio,
2488 2660 2545 2708 et
2572 2672 2687 2708 non
2712 2656 2772 2709 in
2810 2655 3005 2709 furore
3034 2660 3132 2709 tuo
3158 2656 3285 2725 (Jer-
3327 2672 3382 2721 x,
3414 2658 3504 2722 23,
3536 2655 3647 2724 24.)
3698 2678 3725 2704 ››
3775 2657 3923 2710 Tan-

2224 2760 2397 2815 quam
2445 2743 2704 2797 diceret:
2754 2744 2878 2798 Scio
2939 2744 3011 2798 ad
3050 2744 3472 2814 correptionem
3507 2761 3693 2798 meam
3740 2746 3919 2815 perti-

2224 2849 2379 2898 nere,
2414 2832 2568 2903 quod
2598 2832 2789 2885 minus
2816 2832 2915 2885 abs
2954 2838 3009 2886 te
3067 2834 3322 2903 adjuvor,
3365 2838 3427 2887 ut
3475 2834 3719 2903 perfecte
3776 2834 3922 2887 diri-

2224 2926 2434 2990 gantur
2463 2937 2688 2989 gressus
2714 2920 2827 2973 mei
2861 2937 2873 2973 :
2909 2926 3306 2975 verumtamen
3336 2922 3443 2975 hoc
3469 2922 3660 2991 ipsum
3693 2923 3809 2975 noli
3839 2923 3925 2976 sic

2224 3024 2446 3060 mecum
2476 3024 2666 3077 agere,
2700 3012 2976 3078 tanquam
3012 3008 3071 3061 in
3103 3009 3300 3063 furore
3348 3026 3463 3079 quo
3494 3009 3725 3080 iniquos
3755 3010 3921 3064 dam-

2224 3112 2361 3150 nare
2395 3096 2675 3162 statuisti;
2730 3096 2828 3150 sed
2886 3102 3161 3168 tanquam
3204 3098 3264 3151 in
3312 3098 3549 3167 judicio,
3608 3115 3721 3169 quo
3753 3099 3921 3152 doces

2224 3191 2348 3239 tuos
2381 3202 2494 3237 non
2527 3186 2843 3254 superbire.
2881 3186 3035 3239 Unde
3082 3186 3219 3240 alibi
3260 3186 3512 3241 dicitur:
3554 3210 3575 3236 ι
3612 3189 3674 3240 Et
3697 3187 3923 3257 judicia

2224 3280 2321 3327 tua
2393 3273 2742 3343 adjuvabaut
2807 3291 2899 3327 ine
2962 3277 3127 3343 (Psal.
3198 3292 3331 3343 xxxi,
3396 3277 3538 3343 175).
3611 3298 3639 3325 ››
3696 3276 3921 3330 Nullius

2222 3360 2461 3431 proinde
2489 3362 2757 3415 humana:
2796 3362 2977 3430 culpze
3008 3362 3069 3416 in
3126 3364 3304 3417 Deum
3372 3364 3582 3417 referas
3638 3381 3866 3419 causam
3901 3385 3916 3434 ;

2224 3449 2491 3502 vitiorum
2523 3464 2773 3519 namque
2800 3449 3059 3504 omnium
3092 3450 3478 3506 humanorum
3509 3469 3679 3507 causa
3715 3470 3918 3524 super-

2222 3538 2315 3591 bia
2347 3536 2473 3608 est.]
2512 3538 2624 3591 Hac
2654 3539 2937 3592 sententia
2985 3541 3233 3594 ostendit
3260 3542 3598 3595 venerabilis
3645 3543 3920 3611 Augusti-

2223 3643 2331 3680 nus
2361 3626 2538 3679 malos
2569 3632 2805 3695 propter
2834 3626 3199 3697 iniquitatem
3240 3629 3527 3698 superbiae
3558 3629 3921 3683 damnationi

2222 3714 2670 3785 praedestinatos,
2716 3731 2834 3769 non
2881 3722 3073 3770 autem
3107 3717 3178 3770 ad
3234 3723 3576 3786 peccatum:
3641 3718 3921 3788 quoniam

2222 3808 2517 3874 peccatum
2551 3820 2669 3856 non
2706 3808 2788 3857 est
2824 3820 2888 3859 ex
2921 3806 3052 3859 Deo.
3101 3806 3297 3876 Neque
3344 3807 3499 3861 enim
3546 3812 3740 3860 auctor
3778 3808 3921 3861 mali

2222 3897 2301 3945 est
2334 3892 2501 3957 Deus,
2546 3909 2729 3961 preme
2784 3911 2918 3947 vero
2961 3894 3208 3948 redditio
3261 3911 3327 3948 ex
3362 3897 3473 3949 Deo
3517 3900 3618 3950 est.
3652 3896 3796 3960 Quia
3819 3896 3920 3966 ju-

2221 3985 2371 4033 stum
2403 3984 2487 4034 est
2527 3982 2717 4052 utqui
2769 3983 2881 4037 Deo
2910 3999 3015 4053 per
3063 3983 3446 4037 humilitatem
3494 3984 3661 4039 subdi
3703 3985 3917 4051 noluit,

2220 4073 2454 4137 propter
2511 4070 2841 4139 superbiam
2898 4071 3109 4125 caelesti
3165 4072 3385 4126 ultione
3442 4073 3700 4127 feriatur.
3756 4074 3919 4128 Unde

2220 4155 2649 4225 praedestinatio
2712 4158 2813 4211 Dei
2865 4159 2933 4212 ad
2992 4175 3221 4228 poenam
3288 4165 3392 4226 est,
3439 4178 3612 4232 quam
3668 4161 3920 4216 subituri

2221 4250 2354 4298 sunt
2387 4246 2546 4307 mali,
2578 4245 3149 4316 quiperseverabunt
3178 4250 3237 4302 in
3268 4250 3573 4321 iniquitate
3609 4265 3620 4306 :
3654 4267 3771 4305 non
3802 4268 3915 4304 au-

2220 4339 2334 4388 tem
2366 4335 2435 4388 ad
2475 4340 2800 4405 peccatum;
2834 4337 2969 4406 quia
2991 4338 3137 4392 Deus
3154 4344 3350 4393 auctor
3373 4340 3507 4393 mali
3537 4357 3653 4395 non
3684 4345 3787 4404 est,
3816 4357 3918 4395 ne-

2215 4440 2325 4493 que
2349 4424 2536 4491 placet
2557 4425 2671 4478 Deo
2692 4424 3269 4495 iniquitas,eteorum
3302 4445 3430 4498 quas
3459 4435 3727 4499 operatur
3765 4431 3916 4485 Deus

2216 4511 2650 4581 prtedestinator
2677 4518 2789 4581 est;
2824 4514 3106 4583 videlicet,
3150 4516 3236 4569 vel
3277 4516 3561 4570 bonorum
3611 4534 3739 4588 quin
3773 4518 3912 4572 red-

2216 4600 2439 4655 diturus
2471 4605 2551 4654 est
2586 4602 2813 4669 sanctis,
2864 4602 2949 4655 vel
2981 4619 3303 4673 poenarum,
3358 4621 3499 4675 quas
3552 4605 3765 4675 iniquis
3796 4622 3911 4675 pu-

2219 4688 2441 4743 niendis
2471 4689 2735 4743 illaturus
2765 4695 2866 4745 est.
2892 4691 2965 4747 At
3003 4708 3136 4745 vero
3166 4694 3451 4746 malorum
3482 4693 3627 4747 sicut
3663 4709 3779 4746 non
3823 4698 3915 4747 est

2218 4784 2437 4844 auctor,
2475 4778 2551 4832 ita
2580 4796 2685 4832 nec
2722 4780 3183 4849 prtedestinator.
3240 4783 3363 4836 Non
3406 4782 3561 4835 enim
3611 4787 3914 4852 peccatum

2219 4882 2282 4920 ex
2322 4867 2433 4920 Deo
2474 4872 2577 4933 est,
2609 4868 2705 4921 sed
2741 4884 2808 4922 ex
2838 4869 3086 4924 diabolo.
3120 4874 3304 4940 Atque
3338 4876 3641 4942 propterea
3673 4888 3913 4925 suorum

2220 4971 2457 5025 operum
2520 4972 2650 5026 qua:
2698 4958 2785 5010 vel
2833 4957 3281 5012 misericorditer
3327 4959 3580 5030 respicit,
3643 4961 3729 5013 vel
3756 4962 3915 5029 juste

2220 5044 2405 5114 punit,
2438 5042 2874 5112 praedestinator
2930 5050 3013 5099 est
3046 5062 3058 5099 :
3115 5062 3315 5101 eorum
3376 5053 3569 5102 autem
3604 5058 3753 5118 ,quaa
3794 5064 3916 5102 non

2222 5132 2359 5202 agit,
2392 5132 2537 5185 sicut
2600 5133 2804 5187 vindex
2853 5140 2954 5201 est,
3024 5135 3103 5188 ita
3154 5136 3596 5205 prwdestinator
3635 5153 3749 5190 non
3802 5142 3917 5192 est.

2223 5220 2371 5274 Itenr
2390 5220 2448 5274 in
2479 5222 2627 5275 libro
2662 5222 2883 5275 decimo
2913 5222 3112 5294 quinto
3147 5226 3215 5278 de
3261 5225 3499 5280 Civitate
3550 5224 3689 5279 Dei:
3728 5225 3920 5297 [Arbi-

2222 5315 2345 5362 tror
2375 5325 2480 5363 nos
2507 5310 2640 5363 satis
2664 5310 2785 5380 jam
2811 5311 3010 5365 fecisse
3033 5314 3256 5384 magnis
3288 5318 3344 5367 et
3374 5314 3724 5368 difficillimis
3761 5331 3922 5384 qure-

2224 5397 2505 5452 stionibus
2534 5399 2602 5452 de
2632 5399 2804 5452 initio
2834 5401 2916 5453 vel
2949 5401 3018 5456 de
3044 5403 3158 5456 fine
3191 5403 3412 5471 mundi,
3444 5404 3529 5456 vel
3562 5402 3790 5469 animae,
3824 5406 3918 5459 vel

2204 5485 2402 5555 ipsius
2433 5486 2660 5556 generis
2690 5487 2927 5543 humani
2961 5506 2973 5544 :
3025 5491 3266 5561 quodin
3298 5491 3412 5545 duo
3458 5506 3673 5561 genera
3719 5491 3919 5546 distri-

2225 5572 2484 5642 buimus;
2526 5591 2669 5628 unus
2695 5592 2893 5631 eorum
2925 5578 3024 5650 qui
3064 5580 3380 5633 secundum
3421 5579 3735 5645 hominem,
3770 5581 3922 5635 alte-
