4138 6186
189 318 259 369 49
1289 318 1378 373 DE
1417 317 2087 373 PREDESTINATIONE
2130 318 2265 372 DEI.
2298 348 2365 357 —-
2398 318 2527 372 LIB.
2572 319 2639 372 Il.
3627 318 3696 370 5O

188 461 321 499 rum
343 459 545 499 eorum
575 445 673 516 qui
705 445 1016 499 secundum
1048 446 1225 499 Deum
1260 446 1475 513 vivunt,
1522 462 1663 517 quas
1710 446 1881 500 etiam
1914 453 1955 505 Α
1995 447 2157 500 docet
2189 446 2256 499 ad
2288 446 2657 515 supplicium,
2719 450 2776 498 et
2826 445 2962 515 quia
3018 445 3166 499 Deus
3204 445 3272 498 ad
3324 442 3693 515 iniquitatem

188 534 427 603 mystice
465 534 824 603 appellamus
866 534 1121 587 civitates
1152 534 1314 599 duas,
1346 534 1453 587 hoc
1495 539 1579 587 est
1625 535 1764 588 duas
1795 551 1882 587 so-

190 624 423 675 cietates
444 622 768 687 hominum,
822 638 1066 693 quarum
1120 639 1234 675 una
1262 627 1367 685 est,
1417 639 1546 693 quae
1594 622 1887 693 praedesti-

190 716 321 764 nata
344 710 515 764 estin
560 716 843 765 aeternum
876 727 1117 782 regnare
1150 727 1277 764 cum
1316 713 1445 778 Dee,
1498 712 1678 765 altera
1721 716 1883 764 aeter-

188 814 327 852 num
359 799 708 868 supplicium
742 799 934 853 subire
961 815 1091 853 cum
1120 799 1405 867 diabole.]
1454 801 1593 854 Item
1643 802 1705 853 in
1738 800 1885 854 libro

187 887 499 941 novissime
527 888 595 941 de
645 888 885 942 Civitate
920 888 1018 942 Dei
1049 904 1177 941 cum
1211 889 1279 941 de
1311 888 1495 955 bonis,
1548 904 1676 959 quas
1710 888 1885 959 largi-

187 982 283 1030 tur
309 976 477 1029 malis
532 976 698 1043 Deus,
752 977 1104 1047 loqueretur,
1137 978 1217 1030 ait
1250 993 1262 1030 :
1300 977 1468 1048 [Quid
1518 978 1695 1047 igitur
1729 976 1887 1030 dabit

187 1065 269 1118 eis
296 1064 451 1135 quod
484 1065 915 1135 praedestinavit
944 1066 1013 1118 ad
1047 1066 1243 1131 vitam,
1280 1066 1379 1136 qui
1412 1068 1534 1119 haec
1577 1067 1748 1119 etiam
1781 1066 1886 1118 de-

188 1154 271 1207 dit
291 1154 372 1207 eis
404 1170 549 1224 quos
580 1154 1009 1224 praedestinavit
1037 1155 1106 1207 ad
1141 1155 1429 1225 mortem.]
1456 1156 1593 1208 Item
1623 1155 1680 1208 in
1720 1171 1885 1223 expo-

188 1242 394 1295 sitione
424 1242 630 1312 psalmi
679 1241 835 1303 noni.
889 1258 1122 1296 sumens
1153 1243 1545 1297 testimonium
1596 1258 1660 1296 ex
1690 1243 1884 1313 IEvan-

191 1331 342 1401 gelio
378 1346 392 1384 :
421 1352 449 1379 «
481 1329 612 1402 [Qui
643 1335 836 1384 autem
878 1346 989 1384 non
1030 1331 1231 1393 credit,
1262 1351 1289 1378 »
1340 1331 1550 1402 inquit,
1584 1353 1610 1379 «
1646 1332 1765 1401 jam
1794 1333 1884 1401 ju-

190 1420 412 1473 dicatus
456 1424 541 1471 est
588 1420 763 1487 (Joan.
800 1436 880 1485 ιιι,
927 1419 1010 1489 18)
1039 1435 1051 1472 :
1082 1438 1107 1469 η
1150 1418 1206 1473 id
1240 1424 1342 1487 est,
1377 1420 1487 1473 iste
1534 1422 1757 1473 occulto
1783 1420 1887 1490 ju—

189 1508 338 1561 dicio
371 1509 491 1577 jam
520 1513 875 1577 preparatus
904 1513 990 1560 est
1017 1508 1089 1561 ad
1116 1509 1257 1563 illud
1289 1508 1705 1579 manifestum.]
1742 1504 1885 1562 Item

189 1596 431 1650 inferius
472 1613 485 1649 :
518 1596 660 1665 [Non
693 1597 753 1649 in
799 1601 918 1649 toto
947 1598 1115 1651 corde
1148 1598 1456 1651 contitetur
1491 1598 1753 1663 Domino,
1788 1597 1887 1667 qui

189 1687 258 1739 de
290 1685 653 1755 providentia
684 1685 805 1754 ejus
835 1685 895 1737 in
940 1686 1135 1755 alique
1184 1686 1423 1740 dubitat.
1456 1687 1565 1739 Sed
1604 1686 1739 1756 quia
1767 1687 1885 1755 jam

1993 536 2219 588 nullum
2246 534 2635 604 praedestinat,
2684 533 2981 587 verissima
3035 533 3257 586 ratione
3311 532 3693 599 insinuat;de

1994 640 2107 693 quo
2140 623 2289 677 libro
2316 639 2497 693 pauca
2527 623 2786 693 excipere
2806 623 2979 686 volui,
3004 627 3058 674 et
3080 622 3213 674 huic
3236 622 3397 692 operi
3419 623 3689 675 inserere.

1992 712 2083 765 Ait
2118 712 2274 764 enim
2304 728 2316 765 :

2065 800 2249 873 [Quod
2282 817 2419 871 ergo
2452 806 2581 855 ante
2604 799 2926 871 gehennam
2960 798 3097 852 mali
3144 802 3407 868 pereunt,
3444 797 3574 852 'nen
3610 802 3694 852 est

1993 889 2167 943 divini
2200 890 2412 959 operis,
2446 889 2541 942 sed
2575 888 2813 942 humani
2848 905 2863 939 :
2906 886 3057 957 quod
3086 892 3277 939 autem
3324 887 3381 940 in
3418 888 3685 957 gehenna

1994 977 2234 1046 perituri
2267 982 2416 1042 sunt,
2442 977 2546 1030 hoc
2570 977 2702 1030 facit
2730 976 2829 1029 Dei
2861 975 3121 1045 aequitas,
3175 975 3265 1027 cui
3309 977 3467 1028 nulla
3510 977 3694 1045 placet

1993 1068 2283 1136 peccantis
2332 1066 2626 1135 iniquitas.
2662 1086 2688 1113 «
2748 1066 2856 1129 Qui
2890 1085 2917 1113 n
2972 1063 3125 1117 enim
3179 1062 3366 1133 diligit
3416 1063 3690 1132 iniquita-

1992 1160 2130 1222 tem,
2162 1156 2285 1209 odit
2315 1155 2564 1208 animam
2598 1170 2761 1206 suam
2794 1153 2957 1224 (Psal.
2987 1170 3041 1220 x,
3082 1152 3154 1221 6).
3194 1172 3218 1198 η
3257 1154 3320 1204 Et
3360 1151 3497 1204 dicit
3526 1153 3693 1205 Joan-

1996 1260 2096 1297 nes
2129 1244 2264 1313 quia
2298 1266 2325 1293 «
2378 1244 2576 1298 Omnis
2608 1242 2706 1313 qui
2752 1242 2886 1295 facit
2935 1245 3252 1311 peccatum,
3305 1246 3362 1293 et
3414 1240 3693 1310 iniquita-

1995 1337 2110 1385 tem
2142 1332 2295 1397 facit,
2331 1336 2387 1385 et
2416 1336 2710 1402 peccatum
2745 1336 2829 1384 est
2865 1331 3138 1400 iniquitas
3170 1332 3213 1397 (ι
3238 1330 3405 1382 Joan.
3444 1345 3524 1395 III,
3555 1327 3629 1398 4).
3663 1349 3690 1375 ››

1996 1421 2061 1474 Et
2094 1422 2239 1474 Deus
2267 1436 2370 1491 per
2402 1421 2745 1490 prophetam
2772 1420 2910 1472 dicit
2932 1419 3067 1489 quia
3101 1440 3128 1467 ‹‹
3159 1419 3385 1482 Anima,
3423 1433 3551 1487 qua:
3567 1433 3695 1486 pec-

1994 1509 2224 1575 caverit,
2287 1509 2409 1579 ipsa
2458 1509 2736 1561 morietur
2789 1509 3192 1577 (Ezech.xv1n,
3228 1507 3303 1575 4).
3355 1528 3380 1554 ››
3428 1508 3504 1559 De
3551 1506 3692 1560 Filio

1995 1603 2186 1650 autem
2220 1597 2317 1650 Dei
2362 1597 2606 1650 Joannes
2636 1597 2770 1650 dicit
2804 1612 2815 1649 :
2853 1618 2880 1644 «
2913 1596 3129 1650 Scimus
3174 1596 3310 1665 quia
3370 1594 3463 1647 ille
3510 1609 3691 1664 appa-

1996 1686 2129 1749 ruit,
2155 1692 2219 1738 ut
2246 1691 2475 1754 peccata
2520 1686 2768 1749 tolleret,
2818 1690 2873 1738 et
2902 1689 3195 1754 peccatum
3222 1684 3280 1736 in
3346 1700 3412 1737 ee
3443 1699 3561 1736 non
3607 1690 3693 1737 est

187 1773 372 1827 cernit
396 1774 618 1827 occulta
657 1773 938 1843 sapientia
975 1774 1091 1841 Dei,
1143 1780 1422 1844 quantum
1478 1775 1550 1826 sit
1598 1774 1880 1827 invisibile
1916 1750 1953 1803 Β
1990 1773 2185 1843 (Joan.
2220 1790 2301 1839 in,
2334 1776 2403 1837 ὅ).
2438 1794 2465 1820 »
2501 1772 2653 1827 Sicut
2699 1788 2835 1843 ergo
2874 1776 3169 1842 peccatum
3204 1771 3263 1824 in
3313 1788 3379 1823 eo
3430 1787 3550 1823 non
3581 1776 3685 1836 est,

187 1861 499 1933 praemium
534 1861 658 1930 ejus
699 1862 797 1931 qui
831 1862 966 1916 dicit
1000 1878 1011 1915 :
1047 1884 1073 1911 ‹‹
1104 1863 1429 1917 Gaudemus
1458 1862 1518 1916 in
1553 1863 1881 1916 tribulatio-

185 1952 357 2005 nibus
388 1952 561 2019 (Rom.
594 1966 646 2016 ν,
681 1952 751 2019 3),
788 1972 814 1999 ››
856 1955 912 2004 et
961 1951 1448 2021 quemadmodum
1507 1967 1705 2005 omnes
1754 1968 1880 2004 cru-

185 2040 389 2107 ciatus,
439 2039 538 2109 qui
590 2039 964 2109 corporaliter
1020 2039 1368 2103 inferuntur,
1426 2043 1525 2092 aut
1583 2044 1883 2092 exerceant

187 2142 495 2181 conversos
525 2125 597 2179 ad
627 2127 825 2190 Deum,
850 2130 946 2179 aut
988 2129 1050 2179 ut
1080 2131 1487 2179 convertantur
1512 2126 1877 2192 admoneant,

187 2222 287 2269 aut
309 2217 464 2285 juste
509 2214 867 2267 damnationi
908 2214 1122 2268 ultima:
1171 2219 1497 2285 praeparent
1546 2214 1877 2279 obduratos,

188 2310 245 2358 et
269 2305 355 2357 sic
384 2304 580 2357 omnia
608 2303 677 2356 ad
704 2303 912 2356 divina:
937 2303 1305 2374 providentia!
1341 2303 1597 2371 regimen
1630 2304 1881 2356 referan-

188 2399 301 2460 tur,
348 2410 474 2464 quze
500 2392 656 2446 stulti
687 2392 849 2463 quasi
874 2408 1026 2459 casu,
1061 2397 1117 2445 et
1144 2396 1381 2458 temere,
1416 2397 1472 2445 et
1502 2392 1657 2444 nulla
1690 2391 1882 2444 divina

187 2480 685 2537 administratione
712 2480 836 2535 ﬁeri
889 2481 1135 2551 putant.[
1167 2482 1231 2534 In
1277 2481 1361 2534 his
1408 2480 1674 2534 omnibus
1719 2479 1879 2533 testi-

186 2570 401 2622 moniis
431 2568 820 2638 praedestinati
844 2569 1223 2623 ostenduntur
1244 2569 1380 2622 mali
1406 2569 1474 2622 ad
1508 2585 1758 2639 poenam,
1783 2567 1880 2621 sed

185 2674 302 2711 non
342 2656 819 2727 praedestinatiﬁd
845 2662 1137 2727 peccatum
1165 2673 1179 2710 :
1205 2657 1476 2728 quoniam
1500 2674 1723 2725 eorum,
1749 2673 1880 2727 qua:

183 2747 443 2801 facturus
474 2751 556 2799 est
590 2747 759 2811 Deus,
798 2746 1240 2815 prazdestinator
1269 2750 1381 2811 est;
1416 2762 1545 2815 quae
1589 2762 1719 2799 vero
1764 2762 1881 2800 non

183 2836 339 2901 fecit,
377 2850 480 2889 nec
528 2836 780 2888 facturus
828 2840 930 2893 cst,
986 2851 1051 2888 ea
1108 2851 1225 2888 non
1276 2835 1669 2904 pmrdestinat.
1728 2834 1873 2899 Quia

182 2930 378 2978 autem
402 2923 762 2993 judicaturus
792 2928 876 2979 est
908 2923 1210 2989 mundum,
1247 2928 1303 2976 et
1335 2922 1545 2993 impios
1570 2924 1725 2993 justo
1752 2940 1880 2994 sup-

182 3010 361 3079 plicio
396 3026 499 3079 pro
528 3009 928 3080 iniquitatibus
959 3010 1075 3063 suis
1120 3010 1514 3076 damnaturus,
1574 3015 1877 3079 propterea

183 3115 313 3152 reos
347 3096 771 3166 praedestinavit
816 3098 885 3151 ad
912 3114 1159 3167 pinnam,
1210 3104 1265 3151 et
1306 3114 1532 3168 poenam
1582 3099 1875 3167 praedesti-

184 3188 345 3240 navit
372 3187 483 3240 illis
515 3202 527 3240 :
564 3187 631 3240 ad
658 3192 955 3257 peccatum
987 3192 1175 3240 autem
1208 3203 1323 3240 non
1356 3204 1453 3239 eos
1502 3187 1874 3257 praedestina-

185 3278 294 3341 vit;
328 3274 600 3344 quoniam
646 3279 886 3328 nonest
924 3276 1071 3328 Deus
1104 3279 1300 3328 auctor
1349 3274 1691 3345 iniquitatis,
1727 3291 1874 3344 quo-

184 3366 342 3418 niam
375 3362 762 3433 sicutjustitia
789 3378 857 3416 ex
893 3364 1002 3417 Deo
1034 3369 1137 3428 est,
1170 3370 1420 3433 et‘emne
1453 3380 1597 3433 opus
1628 3363 1871 3429 bonum;

183 3454 261 3506 ita
322 3452 617 3523 iniquitas,
668 3458 723 3505 et
790 3469 961 3506 omne
1008 3469 1151 3523 opus
1215 3468 1454 3523 pravum
1516 3469 1582 3506 ex
1622 3452 1870 3506 diabolo.

188 3542 348 3597 Unde
378 3546 432 3595 et
478 3545 706 3596 sanctus
761 3542 1118 3610 Augustinus
1172 3543 1278 3595 hoc
1332 3541 1519 3611 ipsum
1577 3542 1875 3595 insinuans

183 3632 260 3684 ait
286 3632 462 3700 paulo
493 3630 757 3700 superius
791 3646 804 3683 :
837 3628 1083 3700 [Nullius
1111 3631 1351 3701 proinde
1387 3631 1569 3701 culpae
1604 3631 1873 3684 humanae

179 3720 239 3772 in
273 3720 454 3772 Deum
486 3718 841 3772 referendam
874 3735 1104 3772 causam
1139 3735 1151 3772 :
1186 3720 1457 3772 vitiorum
1485 3735 1735 3789 namque
1765 3735 1878 3771 om-

183 3807 342 3862 nium
372 3808 759 3861 humanorum
790 3822 957 3860 causa
1010 3808 1275 3878 superbia
1308 3807 1436 3877 est.]
1478 3808 1542 3861 Et
1583 3808 1874 3861 Cassiodo-

183 3912 277 3949 rus
304 3912 438 3949 cum
472 3895 610 3949 dicit
647 3900 972 3965 peccatores
1022 3896 1081 3950 in
1123 3895 1625 3967 pmdestinatione
1685 3896 1871 3965 repul-

183 4000 271 4037 sos
300 4000 399 4038 eos
428 3984 527 4054 qui
562 3983 873 4037 damnandi
905 3989 1039 4037 sunt
1066 3984 1125 4037 in
1158 3984 1397 4054 judicio,
1449 3984 1697 4038 ostendit
1740 4001 1872 4054 pre-

182 4078 307 4142 pter
362 4072 726 4142 iniquitatem
786 4072 1160 4139 damnandos,
1207 4089 1335 4143 quaa
1386 4073 1790 4143 przedestinata
1844 4092 1874 4127 ει

182 4164 295 4216 Deo
338 4178 453 4215 non
486 4167 600 4227 est;
635 4161 945 4215 damnandi
976 4178 1109 4215 vero
1142 4162 1251 4232 ipsi
1291 4161 1679 4232 praedestinati
1711 4168 1875 4228 sunt;

183 4253 316 4323 quia
336 4252 564 4321 justum
625 4254 709 4303 est
741 4255 803 4304 ut
847 4266 1017 4320 poena
1061 4250 1342 4305 inferatur
1392 4252 1473 4305 eis
1520 4250 1619 4321 qui
1674 4253 1873 4305 nolue-

1990 1864 2067 1917 ita
2097 1866 2392 1933 peccatum
2429 1878 2492 1914 ex
2524 1877 2590 1913 eo
2631 1877 2745 1914 non
2777 1867 2858 1913 est
2892 1877 2903 1913 :
2954 1860 3105 1930 quod
3141 1864 3329 1913 autem
3381 1875 3449 1912 ex
3477 1875 3541 1911 eo
3574 1876 3689 1913 non

1991 1957 2092 2013 est,
2127 1968 2269 2021 opus
2301 1951 2423 2020 ejus
2453 1951 2648 2020 utique
2689 1965 2804 2001 non
2835 1953 2938 2001 est.
2976 1948 3137 2011 Quod
3171 1954 3356 2000 autem
3383 1963 3681 2016 nunquam

1992 2045 2077 2093 est
2105 2039 2162 2091 in
2191 2055 2362 2108 opere
2409 2039 2551 2108 ejus,
2598 2053 2897 2106 nunquam
2932 2035 3039 2089 fuit
3068 2036 3130 2088 in
3174 2036 3685 2105 przedestinatione

1990 2129 2130 2197 ejus.
2167 2128 2292 2181 Non
2323 2143 2459 2195 ergo
2492 2125 2882 2196 praedestinati
2912 2129 3047 2177 sunt
3078 2124 3215 2177 mali
3273 2124 3343 2176 ad
3394 2124 3498 2176 hoc
3531 2124 3684 2193 quod

1990 2216 2139 2267 male
2170 2219 2501 2283 operantur,
2528 2229 2560 2266 a
2590 2212 3050 2282 concupiscentia
3078 2211 3382 2265 substracti
3406 2216 3461 2264 et
3490 2210 3685 2277 illecti,

1988 2302 2083 2355 sed
2115 2301 2186 2356 ad
2227 2302 2335 2354 hoc
2368 2300 2517 2371 quod
2548 2299 2702 2369 juste
2746 2300 3046 2369 patiuntur
3077 2298 3260 2352 inviti.
3310 2297 3683 2352 Prcedestina-

1988 2390 2163 2444 tionis
2190 2390 2344 2444 enim
2376 2388 2612 2442 nomine
2642 2404 2760 2445 non
2812 2388 3009 2458 aliqua
3056 2386 3365 2441 voluntatis
3414 2387 3685 2440 humanas

1989 2478 2251 2531 ceactitia
2304 2477 2610 2531 necessitas
2673 2477 3032 2542 exprimitur,
3093 2476 3191 2529 sed
3237 2475 3562 2529 misericors
3628 2480 3685 2529 et

1983 2566 2137 2636 justa
2166 2565 2348 2620 futuri
2374 2564 2555 2618 divini
2601 2565 2791 2633 operis
2816 2564 3166 2634 sempiterna
3212 2563 3510 2632 dispositio
3542 2579 3685 2633 pras-

1990 2654 2227 2708 dicatur.
2264 2676 2289 2702 «
2326 2655 2437 2707 Deo
2468 2673 2495 2701 n
2530 2657 2723 2707 autem
2756 2674 2783 2701 «
2818 2652 3290 2719 misericordiam,
3323 2651 3682 2721 etjudicium

1991 2744 2156 2813 (Psal.
2188 2759 2237 2810 c,
2265 2743 2309 2810 l)
2342 2764 2369 2791 »
2400 2746 2594 2795 cantat
2642 2741 2905 2803 Ecclesia,
2937 2739 3101 2809 cujus
3156 2740 3265 2793 hoc
3317 2755 3458 2808 opus
3490 2744 3575 2793 est
3622 2740 3683 2793 in

1989 2832 2242 2897 homine,
2276 2836 2342 2884 ut
2388 2832 2608 2884 occulto
2647 2829 2956 2883 voluntatis
3002 2844 3142 2890 suae,
3189 2844 3305 2881 non
3357 2833 3550 2880 tamen
3600 2828 3679 2881 in.

1980 2921 2136 2990 justo
2175 2919 2433 2984 consilio,
2464 2924 2560 2972 aut
2582 2918 2893 2989 gratuitam
2914 2917 3362 2971 misericordiam
3394 2919 3683 2987 praeroget

1989 3008 2219 3073 misero,
2252 3011 2350 3061 aut
2388 3007 2638 3060 debitam
2666 3007 2951 3076 justitiam
2980 3006 3261 3076 rependat
3289 3005 3522 3074 injuste.
3560 3006 3679 3058 Imo

1983 3103 2083 3150 aut
2112 3096 2557 3149 misericorditer
2582 3095 2824 3149 debitori
2853 3096 3030 3148 donet
3058 3094 3214 3163 quod
3249 3094 3295 3146 si
3324 3093 3495 3147 vellet
3516 3092 3681 3161 juste

1984 3189 2177 3254 posset
2206 3184 2429 3253 exigere
2463 3199 2476 3236 :
2506 3187 2605 3235 aut
2630 3183 2780 3250 juste
2807 3198 2936 3235 cum
2964 3183 3152 3235 usuris
3183 3181 3337 3250 quod
3388 3195 3558 3233 suum
3597 3184 3681 3233 est

1984 3272 2192 3342 exigat,
2225 3276 2281 3324 et
2309 3270 2511 3340 inique
2536 3270 2780 3323 debitori
2820 3269 2975 3340 quod
3006 3269 3246 3322 debetur
3273 3266 3679 3337 iniquitatibus

1983 3362 2203 3416 reddat.
2236 3364 2314 3414 Ac
2371 3360 2450 3413 sic
2491 3364 2555 3413 ut
2602 3359 2777 3412 istum
2824 3373 3058 3429 prorsus
3098 3356 3402 3426 indignum
3455 3354 3679 3409 miseri-

1983 3449 2175 3503 cordia
2206 3447 2536 3519 praaveniat,
2571 3452 2668 3500 aut
2699 3447 2861 3500 illum
2891 3446 2968 3498 ita
2990 3446 3230 3516 dignum
3250 3443 3524 3498 inveniat.
3551 3444 3677 3514 Ipse

1983 3540 2196 3595 etenim
2221 3540 2395 3593 donat
2423 3540 2597 3609 gratis
2628 3539 2867 3610 indigno
2899 3537 3164 3607 gratiam,
3192 3551 3307 3605 qua
3330 3533 3677 3604 justiﬁcatus

1982 3629 2194 3700 impius
2226 3628 2587 3682 illuminetur
2626 3643 2864 3681 munere
2905 3626 3073 3679 bona:
3123 3622 3457 3688 voluntatis,
3508 3626 3564 3676 et
3593 3622 3675 3675 fa-

1982 3718 2189 3771 cultate
2220 3718 2386 3770 bonae
2429 3716 2881 3785 ceepcrationis;
2922 3720 2988 3768 ut
3032 3712 3424 3783 praeveniente
3456 3709 3678 3764 miseri-

1982 3806 2178 3860 cordia
2209 3805 2423 3858 bonum
2461 3805 2603 3857 velle
2643 3804 2880 3872 incipiat
2909 3807 2963 3855 et
3019 3802 3404 3871 subsequente
3444 3799 3675 3852 miseri-

1982 3894 2175 3948 cordia
2228 3893 2445 3946 benum
2504 3892 2658 3962 quod
2706 3893 2825 3943 vult
2861 3892 3045 3944 facere
3093 3890 3297 3942 valeat.
3360 3889 3677 3956 Utrumque

1984 3987 2175 4036 autem
2205 3980 2664 4051 praedestinando
2697 3980 2864 4044 Deus,
2897 3983 2954 4032 et
2984 3976 3328 4047 praeparavit
3366 3974 3424 4028 in
3455 3975 3553 4027 illa
3575 3976 3675 4045 {in-

1983 4070 2377 4125 cemmutabili
2406 4070 2716 4135 voluntate,
2742 4067 2800 4120 in
2849 4083 2960 4137 qua
3006 4066 3083 4119 sic
3114 4065 3373 4119 futurum
3411 4062 3677 4116 effectum

1983 4158 2236 4213 heminis
2292 4157 2605 4212 renovandi
2667 4155 2967 4225 disposuit,
3026 4159 3089 4208 ut
3129 4155 3250 4223 ejus
3300 4151 3570 4205 voluntas
3616 4152 3676 4205 in

1985 4264 2157 4319 opere
2188 4263 2336 4300 novo
2391 4262 2537 4299 nova
2581 4260 2701 4298 esse
2760 4260 2878 4297 non
2930 4242 3111 4313 possit
3156 4242 3297 4310 (cap.
3358 4239 3435 4309 8).
3496 4241 3680 4293 Donat

182 4346 317 4394 runt
385 4339 623 4393 obedire
673 4339 971 4409 praeceptis
1021 4339 1280 4409 justitiaa.
1319 4341 1461 4393 Item
1512 4340 1574 4393 in
1602 4339 1748 4393 libro
1804 4340 1947 4402 del)
1986 4337 2159 4391 etiam
2216 4333 2462 4406 gratiam
2521 4333 2695 4403 digne
2784 4332 2845 4384 in
2896 4331 3333 4385 retributionem
3397 4329 3678 4383 mercedis

183 4428 540 4482 Perfectione
564 4428 805 4497 justitiaa
830 4434 891 4492 (c.
926 4428 1012 4497 l3)
1041 4444 1054 4480 :
1084 4427 1100 4497 [
1126 4448 1153 4477 ‹‹
1188 4429 1335 4481 Deus
1355 4428 1424 4481 de
1454 4428 1597 4482 ccelo
1628 4428 1878 4499 respexit

182 4529 359 4584 super
412 4515 561 4568 filios
621 4515 946 4581 hominum,
980 4519 1042 4568 ut
1098 4516 1287 4569 videat
1316 4516 1363 4569 si
1416 4521 1501 4570 est
1550 4517 1878 4587 intelligens

182 4604 282 4651 aut
322 4600 623 4670 requirens
679 4600 855 4653 Deum
905 4601 1071 4664 (Psal.
1123 4602 1267 4669 xui).
1305 4622 1333 4649 »
1364 4603 1478 4655 Hoc
1513 4600 1661 4673 ergo'
1694 4623 1721 4650 ‹‹
1773 4602 1876 4655 bo-

180 4703 325 4741 num
384 4708 409 4735 ι»
467 4688 626 4757 quod
681 4693 766 4741 est
795 4688 1089 4758 requirere
1148 4690 1348 4754 Deum,
1396 4710 1423 4737 ‹‹
1468 4706 1582 4743 non
1612 4696 1733 4743 erat
1779 4690 1877 4760 qui

181 4776 413 4843 faceret,
442 4793 557 4830 non
594 4781 717 4830 erat
748 4792 928 4847 usque
959 4777 1028 4830 ad
1058 4792 1237 4830 unum
1269 4776 1482 4849 (Ibid.),
1513 4797 1540 4828 ι)
1602 4780 1696 4831 sed
1724 4778 1783 4831 in
1811 4794 1876 4832 ee

177 4880 397 4934 genere
416 4864 725 4919 hominum
766 4865 920 4935 quod
954 4866 1424 4935 prmdestinalum
1459 4874 1543 4922 est
1576 4869 1643 4921 ad
1670 4867 1875 4921 interi-

179 4960 340 5017 tum;
370 4969 541 5023 super
571 4953 673 5006 hes
703 4953 857 5006 enim
907 4955 1153 5024 respexit
1186 4955 1285 5008 Dei
1333 4956 1711 5025 praescientia,
1746 4972 1877 5025 pre-

176 5042 429 5111 tulitque
472 5041 867 5110 sententiam]
925 5043 1087 5106 Quod
1138 5047 1365 5097 sanctus
1410 5044 1763 5115 Augustinus
1819 5044 1877 5098 in

177 5130 282 5183 hac
312 5130 603 5182 sententia
653 5130 832 5182 malos
867 5129 1003 5183 dicit
1044 5130 1114 5184 ad
1165 5131 1465 5186 interitum
1516 5132 1881 5203 praedestina-

177 5224 391 5284 tos,ne
419 5217 525 5270 hoc
580 5216 922 5286 (interitum)
970 5223 1264 5288 peccatum
1314 5220 1724 5291 intelligamus,
1783 5221 1879 5276 sed

175 5307 398 5376 peccati
428 5306 734 5360 vindictam
767 5323 895 5377 quae
938 5308 996 5360 in
1043 5324 1102 5360 se
1153 5308 1447 5363 reddenda
1485 5314 1568 5363 est
1618 5316 1880 5379 peccate-

176 5396 358 5459 ribus,
397 5396 599 5449 beatus
632 5396 963 5466 Fulgentius
992 5396 1053 5449 in
1084 5397 1228 5451 libro
1268 5399 1334 5451 ad
1378 5399 1691 5452 Monimum
1720 5399 1881 5453 disci-

176 5486 387 5553 pulum
418 5501 586 5538 suum
640 5484 753 5552 (ἱιὸ.
812 5501 927 5554 1,6,
985 5484 1036 5555 6)
1094 5486 1228 5539 satis
1285 5486 1583 5540 manifeste
1637 5488 1878 5541 demon-

176 5576 335 5624 strat.
378 5572 439 5624 In
491 5588 607 5642 quo
660 5571 807 5625 libro
861 5576 917 5627 et
963 5574 1534 5644 praedestinatienem
1595 5576 1876 5629 malorum

1986 4435 2235 4494 ceterum,
2268 4430 2331 4479 ut
2361 4424 2575 4478 scilicet
2625 4422 2740 4477 sive
2797 4438 2927 4475 cum
2984 4420 3229 4490 impium
3271 4421 3362 4491 pie
3404 4420 3680 4490 justiﬁcat

1982 4517 2190 4586 justus,
2224 4515 2361 4584 quia
2400 4513 2469 4566 de
2518 4512 2641 4582 ipse
2695 4510 2996 4580 Apostolus
3028 4509 3199 4563 dicit:
3237 4530 3264 4557 ‹‹
3317 4510 3386 4563 Ut
3431 4508 3502 4562 sit
3560 4508 3679 4578 ipse

1981 4605 2169 4673 justus
2200 4608 2256 4656 et
2288 4600 2607 4671 justiﬂcans
2638 4616 2790 4667 eum,
2822 4598 2922 4670 qui
2973 4614 3041 4651 ex
3066 4598 3174 4652 fide
3206 4602 3292 4652 est
3347 4600 3476 4651 Jesu
3507 4598 3675 4667 (Rom.

1988 4692 2220 4760 m,26);
2278 4711 2305 4740 ››
2365 4706 2465 4743 seu
2519 4704 2648 4741 eum
2698 4687 2920 4756 justum
2972 4687 3124 4757 juste
3183 4686 3468 4757 gloriﬁcat
3523 4686 3675 4756 pius,

1989 4801 2016 4831 ‹‹
2048 4780 2182 4851 quia
2225 4795 2369 4850 quos
2417 4775 2771 4848 justiﬁcavit,
2826 4775 2952 4828 illos
3010 4780 3065 4829 et
3111 4774 3452 4845 gleriiicavit
3504 4774 3678 4841 (Rom.

1988 4872 2236 4935 VIII,30),
2285 4890 2305 4916 ›
2342 4867 2538 4921 eadem
2570 4866 2642 4919 sit
2671 4865 2928 4935 operatio
2972 4864 3173 4935 gratia:
3226 4880 3354 4935 quae
3410 4864 3678 4916 meritum

1988 4957 2237 5011 hominis
2268 4957 2502 5019 bonum,
2549 4960 2604 5009 et
2630 4954 2821 5008 initiat
2850 4954 2919 5007 ad
2962 4953 3265 5023 justitiam,
3301 4958 3358 5007 et
3413 4964 3678 5005 consum-

1989 5050 2106 5099 mat
2133 5046 2205 5099 ad
2228 5045 2474 5115 gloriam
2506 5060 2517 5097 :
2558 5044 2744 5113 primo
2796 5042 2855 5095 in
2886 5042 3121 5096 homine
3172 5041 3445 5096 inchoans
3478 5037 3679 5089 velun-

1986 5138 2162 5187 tatem
2194 5134 2422 5200 bonam,
2467 5132 2671 5186 deinde
2710 5131 2970 5185 eamdem
3022 5132 3367 5185 voluntatem
3409 5125 3679 5193 adjuvans

1988 5223 2332 5289 inchoatam,
2378 5227 2441 5274 ut
2471 5222 2672 5275 eadem
2702 5221 2966 5274 voluntas
2996 5224 3053 5273 et
3102 5218 3296 5271 divino
3349 5216 3499 5269 dono
3533 5214 3677 5265 bona

1989 5312 2081 5379 sit,
2111 5317 2166 5365 et
2194 5310 2387 5364 divino
2417 5309 2706 5379 adjutorio
2740 5310 2949 5362 malam
2982 5321 3249 5377 superare
3277 5301 3680 5372 concupiscen-

1988 5400 2127 5453 tiam
2159 5399 2364 5468 possit;
2398 5403 2454 5452 et
2485 5398 2599 5452 Deo
2632 5397 2967 5467 perﬁciente
2998 5393 3124 5448 talis
3156 5391 3527 5461 postmodum
3559 5391 3683 5462 ipsa

1988 5489 2252 5542 voluntas
2284 5488 2374 5549 sit,
2406 5492 2469 5541 ut
2522 5488 2730 5540 malam
2777 5481 3294 5552 concupiscentiam
3324 5481 3534 5536 habere
3564 5498 3681 5536 non

1986 5577 2195 5647 possit;
2229 5593 2294 5631 ac
2324 5577 2403 5631 sic
2430 5576 2487 5630 in
2518 5575 2790 5647 praesenti
2818 5574 2935 5626 vita
2965 5570 3161 5643 gratiae
3204 5571 3488 5642 adjuterio
3520 5572 3681 5626 intir-
