4138 6186
430 284 486 335 51
1576 276 1927 332 RATHAHNI
1969 276 2427 332 UUHBEIENSIS
2470 276 2769 331 MONAllHI
3857 273 3929 325 5‘2

430 414 616 469 mitati
648 430 756 467 non
788 411 970 478 cedat,
1003 410 1062 462 in
1116 410 1305 463 futura
1357 414 1551 462 autem
1600 408 1801 478 gratia:
1833 405 2113 461 beneﬁcio
2144 413 2186 467 Α
2226 405 2467 477 punitio.
2504 406 2808 475 Nunquam
2839 404 3019 474 igitur
3050 406 3198 458 Deus
3238 404 3309 458 ad
3342 404 3448 457 hoc
3476 402 3774 457 hominem
3824 417 3926 471 po-

430 502 822 559 inﬁrmitatem
854 515 968 553 non
1003 499 1234 565 habeat;
1270 503 1327 552 et
1356 513 1507 551 nunc
1531 502 1816 551 recreetur
1842 497 2116 550 continuo

425 590 719 663 juvamine
764 586 1205 653 medicaminis;
1274 590 1409 639 tunc
1466 602 1597 639 vero
1626 585 1851 639 fruatur
1906 589 2119 638 aeterna

431 677 790 750 plenitudine
821 676 1096 730 sanitatis.
1125 675 1252 727 Haec
1275 678 1463 727 autem
1499 675 1663 739 Deus,
1710 674 1857 727 sicut
1885 673 1942 726 in
1971 690 2118 744 prae—

432 767 809 823 destinatione
858 780 1084 833 semper
1130 763 1346 825 habuit,
1382 764 1460 815 sic
1508 779 1611 832 per
1666 762 1905 833 gratiam
1975 762 2121 816 sicut

431 855 936 928 prmdestinaverat
964 851 1113 905 facit.
1152 851 1676 905 l’rzedestinationis
1715 851 1911 920 itaque
1943 851 2122 921 ipsius

431 944 755 999 insinuatur
797 940 1036 1011 agnitio,
1071 956 1200 994 cum
1249 939 1387 993 dicit
1434 939 1764 1010 Scriptura:
1801 963 1827 987 ‹‹
1881 942 1943 993 Et
1973 956 2115 1009 prie.-

434 1039 667 1103 paratur
689 1032 951 1084 voluntas
983 1048 1014 1083 a
1052 1029 1292 1083 Domino
1323 1030 1503 1097 (Prov.
1537 1045 1652 1092 Vlll,
1682 1030 1851 1097 juxta
1886 1032 2057 1095 LXX).
2094 1051 2118 1075 η

437 1125 561 1176 Non
593 1126 784 1174 autem
832 1120 903 1173 ob
968 1118 1122 1173 aliud
1182 1124 1500 1189 praeparata
1550 1117 1781 1185 dicitur,
1839 1117 1947 1170 nisi
1990 1117 2125 1187 quia

435 1210 621 1265 danda
650 1209 997 1280 praedicitur.
1041 1213 1086 1262 A
1118 1224 1232 1279 quo
1267 1206 1422 1261 enim
1452 1213 1810 1277 praeparatur
1841 1222 1941 1275 per
1967 1206 2126 1261 boni-

439 1304 613 1352 tatem
666 1298 1093 1367 sempiternam,
1145 1298 1216 1350 ab
1272 1297 1396 1366 ipso
1445 1296 1613 1350 datur
1660 1312 1762 1367 per
1809 1295 2123 1350 indebitani

438 1388 728 1457 gratiam.]
780 1388 839 1440 In
872 1388 976 1440 hac
1025 1386 1305 1440 sententia
1352 1385 1489 1455 quid
1536 1386 1681 1439 Deus
1736 1385 2121 1456 praedestinat,

438 1484 495 1531 et
523 1478 658 1547 quid
694 1494 805 1530 non
850 1474 1225 1546 prasdestinat
1254 1474 1541 1544 probabili
1572 1474 1791 1528 ratione
1831 1474 2123 1539 discernit,

437 1566 572 1634 quia
605 1566 957 1618 demonstrat
1000 1569 1296 1634 peccatum
1323 1580 1438 1616 non
1483 1579 1601 1615 esse
1646 1563 1707 1616 iu
1753 1562 2124 1632 praedestina-

436 1654 592 1707 tione
627 1654 743 1720 Dei,
787 1654 880 1707 sed
914 1669 1141 1724 poenam
1184 1652 1420 1723 peccati.
1450 1653 1521 1705 At
1553 1667 1681 1703 vero
1731 1650 1896 1704 beata
1926 1649 2129 1703 merita

437 1748 763 1796 sanctorum
798 1747 853 1795 et
883 1742 1406 1795 remunerationem
1458 1744 1697 1808 utraque
1748 1738 1808 1792 in
1839 1737 2128 1808 prmdesti-
2160 1719 2200 1773 Β

436 1831 665 1884 natione
698 1830 794 1884 Dei
821 1846 941 1882 esse
993 1829 1222 1893 fatetur,
1284 1828 1418 1899 quia
1471 1832 1712 1897 utraque
1745 1844 1775 1879 a
1818 1828 1932 1880 Deo
1978 1831 2126 1880 sunt.

440 1920 562 1972 Non
594 1918 746 1971 enim
781 1917 997 1988 aliquid
1038 1918 1175 1971 boni
1208 1908 1420 1971 habent
1451 1917 1650 1981 sancti,
1695 1915 1803 1969 nisi
1832 1933 1864 1969 a
1910 1918 2045 1981 Deo,
2076 1919 2132 1968 et

436 2006 827 2061 remuneratio
859 2023 963 2076 pro
1003 2005 1189 2071 bonis,
1225 2022 1351 2075 quae
1382 2009 1681 2075 gesserunt
1723 2004 1907 2069 electi,
1949 2022 1981 2058 a
2019 2006 2131 2057 Deo

437 2102 521 2149 est
578 2100 883 2164 propterea
945 2099 1186 2163 utraque
1240 2110 1273 2146 a
1337 2095 1446 2145 Deo
1504 2096 1637 2145 sunt
1704 2091 2128 2161 praedestinata.

441 2182 581 2233 Item
618 2180 677 2233 in
709 2180 1078 2250 sequentibus
1109 2182 1246 2250 (cap.
1284 2182 1370 2249 1'2)
1409 2196 1420 2233 :
1457 2179 1609 2250 [Ideo
1640 2196 1776 2249 ergo
1808 2180 1864 2233 in
1895 2180 2131 2251 promis-

442 2268 515 2321 sis
548 2268 643 2321 Dei
675 2269 829 2321 nulla
861 2273 945 2321 est
974 2268 1210 2335 falsitas,
1244 2269 1379 2339 quia
1418 2268 1477 2321 in
1512 2269 1783 2322 faciendis
1815 2270 1971 2321 nulla
2007 2270 2133 2323 Om-

443 2356 725 2425 nipotenti
756 2355 1209 2423 est_difﬁcultas,
1260 2362 1318 2411 et
1348 2362 1657 2427 propterea
1703 2357 1778 2410 ibi
1837 2373 2131 2427 nunquam

444 2445 604 2500 deest
654 2447 962 2499 voluntatis
1008 2446 1273 2513 effectus;
1334 2446 1471 2517 quia
1529 2449 1788 2500 voluntas
1840 2446 1963 2517 ipsa
2018 2463 2132 2500 non

446 2535 597 2588 aliud
630 2534 919 2588 invenitur
960 2551 1082 2589 esse
1127 2551 1300 2606 quam
1345 2536 1542 2590 virtus.
1603 2536 1892 2606 Quidquid
1942 2540 2133 2589 autem

447 2624 567 2676 vult
595 2629 799 2694 potest,
835 2625 930 2694 qui
965 2630 1248 2694 quantum
1296 2624 1416 2679 vult
1466 2628 1687 2678 tantum
1743 2628 1951 2694 potest.
1993 2626 2133 2678 Pro-

447 2718 645 2784 pterea
674 2713 743 2766 de
768 2713 866 2767 illo
899 2714 1016 2767 solo
1049 2713 1220 2783 digne
1245 2713 1453 2767 dicitur
1486 2730 1498 2766 :
1539 2734 1565 2760 ‹‹
1617 2713 1822 2767 Omnia
1866 2728 2137 2783 quaecun-

450 2819 559 2873 que
591 2802 773 2856 voluit
802 2802 933 2856 fecit
973 2802 1148 2871 (Psal.
1193 2819 1320 2856 cxui
1353 2807 1400 2855 et
1439 2805 1677 2869 cxxxxv).
1716 2822 1742 2852 υ
1786 2803 1850 2854 Et
1882 2803 2087 2855 iterum
2122 2817 2133 2853 :

454 2914 475 2940 α
512 2892 714 2945 Subest
747 2891 899 2945 enim
929 2891 1052 2957 tibi,
1088 2908 1215 2944 cum
1248 2891 1416 2957 voles,
1448 2907 1612 2961 posse
1645 2891 1800 2958 (Scip.
1836 2907 1934 2955 xu,
1974 2889 2076 2958 18).
2114 2914 2131 2937 ι

451 2980 583 3032 ldeo
612 2979 857 3033 diximus
898 2984 1116 3033 tantam
1185 2978 1264 3032 ibi
1324 2994 1445 3032 esse
1493 2978 1761 3032 virtutem
1810 2979 2115 3033 voluntatis

452 3073 665 3137 quanta
694 3074 749 3121 et
791 3069 1046 3122 voluntas
1096 3068 1221 3137 ipsa
1274 3067 1544 3121 virtutis:
1601 3068 1735 3138 quia
1794 3068 1884 3121 cui
1916 3084 2140 3137 semper

451 3158 661 3223 subest,
692 3174 821 3211 cum
856 3159 1023 3223 volet,
1056 3173 1242 3226 posse,
1281 3174 1393 3211 non
1425 3157 1580 3211 aliud
1634 3162 1717 3211 est
1747 3158 1805 3211 in
1848 3157 1945 3210 illo
1974 3158 2136 3221 velle,

453 3262 623 3316 quam
654 3231 816 3316 posse
842 3247 983 3314 (cap.
1041 3249 1147 3315 l3).
1185 3246 1329 3310 Quia
1361 3262 1498 3315 ergo
1552 3247 1700 3300 Deus
1739 3247 1896 3299 nulla
1950 3262 2140 3300 neces-

449 3335 614 3388 sitate
671 3334 1052 3403 compellitur,
1128 3339 1190 3387 ut
1257 3335 1474 3403 aliquid
1552 3335 1753 3387 nolens
1826 3336 2139 3403 permittat,

454 3423 667 3477 nullius
736 3423 932 3491 utique
1013 3422 1373 3475 adversitatis
1432 3421 1745 3491 impeditur
1825 3422 2138 3487 obstaculo,

454 3526 568 3578 quo
627 3508 683 3561 id
745 3510 896 3578 quod
966 3509 1246 3577 promisit,
1326 3513 1423 3562 aut
1516 3510 1705 3562 minus
1758 3526 1930 3579 quam
1998 3511 2140 3578 vult,

452 3602 551 3649 aut
582 3596 795 3650 tardius
820 3597 1008 3649 faciat.
1046 3596 1289 3650 Proinde
1337 3599 1541 3667 potuit,
1576 3597 1721 3651 sicut
1766 3586 1962 3665 voluit,
1995 3615 2142 3669 prae-

453 3684 740 3739 destinare
768 3686 1043 3755 quosdam
1077 3685 1147 3738 ad
1178 3686 1441 3754 gloriam,
1477 3686 1751 3756 quosdam
1783 3687 1851 3740 ad
1891 3703 2139 3757 poenam.

455 3773 560 3827 Sed
593 3789 735 3842 quos
764 3773 1189 3843 praedestinavit
1221 3775 1287 3827 ad
1319 3775 1584 3844 gloriam,
1626 3775 2046 3847 praedestinavit
2076 3778 2143 3832 ad

448 3860 732 3930 justitiam
764 3877 775 3913 :
803 3876 945 3930 quos
974 3865 1165 3915 autem
1196 3862 1620 3931 praedestinavit
1640 3864 1708 3917 ad
1752 3880 2001 3935 poenam,
2026 3881 2143 3918 non

2122 3020 2135 3046 ’
2172 3022 2211 3075 C

457 3950 881 4019 prazdestinavit
895 3950 964 4003 ad
986 3950 1261 4022 culpam.]
1293 3952 1428 4006 [tem
1445 3952 1615 4023 paulo
1631 3952 1868 4006 inferius
1890 3970 1900 4007 :
1924 3952 2004 4024 [In
2020 3970 2146 4007 san-

454 4039 1481 4109 ctisigitureoronatDeusjustitiam,
1519 4057 1690 4111 quam
1727 4041 1807 4095 eis
1827 4043 2003 4113 gratis
2023 4042 2142 4112 ipse

455 4129 672 4194 tribuit,
728 4129 904 4197 gratis
937 4128 1196 4191 servavit,
1249 4130 1539 4199 gratisque
1597 4129 1849 4200 perfecit.
1908 4131 2144 4202 Iniquos

453 4221 646 4268 autem
712 4216 1107 4269 condemnavit
1162 4233 1262 4286 pro
1315 4217 1606 4287 impietate
1668 4218 1754 4272 vel
1842 4219 2141 4289 injustitia,

456 4319 623 4374 quam
658 4302 714 4356 in
747 4303 828 4356 eis
856 4303 980 4374 ipse
1013 4320 1132 4357 non
1179 4304 1328 4359 fecit.
1385 4307 1448 4359 In
1493 4305 1607 4359 illis
1649 4306 1801 4360 enim
1839 4324 2011 4377 opera
2042 4325 2143 4362 sua
2172 4321 2213 4373 ί)

453 4392 759 4459 gloriﬁcat;
792 4393 851 4445 in
884 4392 1009 4445 istis
1055 4397 1246 4447 autem
1279 4410 1451 4464 opera
1489 4412 1605 4449 non
1638 4411 1743 4448 sua
1781 4396 2138 4451 condemnat.

458 4481 571 4532 Hoc
608 4480 802 4550 itaque
832 4481 1255 4550 praedestinavit
1287 4484 1453 4551 Deus,
1484 4484 1633 4554 quod
1671 4490 1791 4537 erat
1811 4484 1932 4553 ipse
1956 4484 2142 4538 factu-

458 4582 569 4631 ius,
602 4570 701 4618 aut
732 4566 883 4637 quod
914 4568 1100 4620 fuerat
1122 4568 1451 4637 largiturus.
1478 4570 1624 4624 Illud
1652 4586 1784 4624 vero
1816 4571 2142 4624 nullatenus

455 4653 899 4722 praedestinavit,
935 4655 1087 4723 quod
1118 4656 1233 4710 sive
1264 4672 1367 4726 per
1396 4659 1665 4728 gratiam,
1696 4675 1793 4711 seu
1843 4674 1946 4727 per
1966 4658 2139 4728 justi-

453 4742 590 4796 tiam
636 4744 887 4797 facturus
939 4743 1059 4814 ipse
1107 4761 1223 4798 non
1280 4745 1425 4815 fuit]
1469 4747 1608 4801 Item
1640 4747 1698 4799 in
1750 4747 1948 4800 eodem
1995 4746 2135 4816 (cap.

451 4832 582 4901 23):
634 4832 942 4902 [Fidelibus
998 4833 1266 4904 congruit
1325 4835 1558 4888 credere
1613 4840 1668 4888 et
1723 4836 1891 4888 fateri
1961 4836 2138 4889 Deum

450 4920 684 4985 bonum,
717 4926 772 4973 et
800 4921 1021 4990 justum
1063 4921 1355 4991 praescisse
1400 4922 1633 4992 quidem
1689 4929 2010 4992 peccatores
2042 4924 2141 4977 ho-

450 5010 653 5075 mines,
683 5010 817 5080 quia
844 5010 984 5063 nihil
1016 5026 1147 5064 eum
1174 5010 1349 5065 latere
1401 5012 1589 5081 potuit
1630 5010 1958 5065 futurorum
2012 5013 2136 5080 (ne-

450 5116 559 5170 que
592 5100 743 5153 enim
777 5101 863 5153 vel
896 5100 1085 5154 futura
1141 5107 1349 5163 essent,
1407 5101 1453 5154 si
1502 5101 1561 5153 in
1612 5100 1734 5169 ejus
1780 5101 2136 5171 prmscientia

446 5205 563 5241 non
594 5189 854 5254 fuissent,
915 5205 1033 5242 non
1095 5193 1285 5243 tamen
1342 5189 1773 5259 prmdestinasse
1822 5191 2138 5260 quemlibet

448 5276 742 5330 hominem
774 5277 840 5331 ad
865 5282 1191 5347 peccatum;
1221 5277 1356 5347 quia
1383 5278 1429 5329 si
1459 5277 1525 5331 ad
1566 5282 1859 5347 peccatum
1900 5279 2132 5349 aliquod

451 5365 597 5417 Deus
628 5365 914 5420 hominem
949 5366 1403 5436 przedestinaret,
1430 5382 1534 5436 pro
1564 5369 1807 5437 peccatis
1838 5366 2132 5422 hominem

446 5468 561 5505 non
592 5455 843 5523 puniret.
879 5456 977 5509 Dei
1009 5454 1162 5509 enim
1191 5454 1696 5525 prmdestinalione
1730 5462 1827 5510 aut
1873 5463 2129 5527 peccati»

447 5557 573 5594 rum
604 5547 923 5613 pra-parata
948 5548 1033 5597 est
1053 5543 1144 5613 pia
1179 5544 1461 5609 remissio,
1490 5547 2129 5618 autpeccatorumjusta

2226 495 2338 548 tuit
2367 494 2802 564 praedestinare,
2863 494 3012 564 quod
3073 493 3195 562 ipse
3253 493 3635 561 disposuerat,
3691 496 3748 545 et
3774 507 3926 561 pra:—

2226 590 2391 654 cepto
2424 582 2752 653 prohibere,
2785 586 2843 636 et
2887 581 3280 636 misericordia
3327 581 3567 647 diluere,
3602 585 3659 633 et
3703 578 3929 649 justitia

2226 673 2457 743 punire.
2495 671 2725 742 lniquos
2758 671 2973 742 itaque,
3010 687 3154 741 quos
3185 670 3468 741 praescivit
3502 670 3645 723 Deus
3670 669 3816 722 hanc
3847 668 3931 721 vi-

2228 766 2345 816 tam
2366 761 2424 814 in
2454 764 2685 831 peccato
2714 760 3145 825 terminaturos,
3174 758 3601 829 praedestinavit
3651 757 3934 828 supplicio

2231 848 2643 905 interminabili
2674 848 2997 919 puniendus
3032 865 3044 902 :
3078 848 3140 901 in
3171 864 3314 918 quos
3332 847 3478 901 sicut
3504 846 3790 917 culpanda
3810 862 3930 899 non

2231 943 2314 993 est
2340 936 2696 1009 praescientia
2739 938 3007 991 humana:
3055 936 3397 1007 iniquitatis,
3444 934 3524 989 ita
3555 935 3931 1005 praedestina-

2231 1028 2310 1083 tio
2337 1026 2668 1097 justissimze
2688 1026 2975 1080 laudanda
3005 1030 3087 1078 est
3119 1024 3381 1089 ultionis;
3415 1029 3478 1077 ut
3521 1031 3934 1093 agnosceretur

2234 1133 2348 1170 non
2376 1117 2446 1170 ab
2475 1133 2541 1169 eo
2570 1115 3042 1185 prazdestinatum
3084 1113 3377 1167 hominem
3409 1113 3479 1167 ad
3532 1114 3933 1183 qualecunque

2232 1211 2550 1276 peccatum,
2609 1220 2779 1275 quem
2826 1202 3255 1273 prtedestinavit
3300 1202 3518 1272 peccati
3570 1201 3773 1255 merito
3832 1217 3936 1271 pu-

2235 1293 2511 1347 niendum
2553 1292 2694 1363 (cap.
2753 1294 2863 1362 2i).
2923 1293 3069 1345 Deus
3127 1291 3324 1361 itaque
3379 1290 3572 1344 omnia
3629 1290 3935 1343 hominum

2234 1400 2426 1453 opera,
2451 1382 2564 1435 sive
2596 1382 2746 1436 bona
2777 1382 2894 1435 sive
2926 1383 3073 1435 mala
3101 1380 3407 1452 praescivit,
3433 1379 3566 1451 quia
3592 1396 3726 1433 eum
3756 1380 3939 1433 latere

2238 1471 2375 1524 nihil
2409 1471 2615 1541 potuit,
2644 1471 2739 1524 sed
2776 1470 2897 1525 sola
2944 1470 3092 1523 bona
3132 1468 3575 1539 praedestinavit,
3611 1485 3740 1540 quae
3786 1468 3933 1523 sein

2237 1560 2370 1614 ﬁliis
2390 1560 2589 1629 gratiae
2639 1560 2920 1613 facturum
2964 1575 3085 1612 esse
3118 1558 3406 1628 praescivit
3439 1575 3451 1613 :
3486 1559 3632 1611 mala
3678 1574 3809 1611 vero
3842 1557 3934 1611 fu-

2234 1654 2362 1703 tura
2392 1665 2567 1718 opera
2612 1648 2844 1702 illorum
2894 1664 3036 1719 quos
3094 1664 3206 1701 non
3257 1646 3676 1717 praedestinavit
3725 1647 3796 1701 ad
3842 1663 3935 1700 re-

2238 1753 2438 1809 gnum,
2470 1737 2567 1791 sed
2598 1737 2668 1790 ad
2697 1736 2994 1791 interitum
3036 1736 3322 1807 praascivit
3368 1734 3763 1806 potentissima
3790 1735 3934 1806 {dei-

2239 1831 2375 1892 tate,
2410 1832 2465 1880 et
2493 1826 2778 1879 ordinavit
2806 1826 3048 1895 provida
3077 1825 3330 1879 bonitate
3365 1841 3377 1878 :
3412 1831 3469 1879 et
3500 1824 3636 1895 quia
3666 1824 3942 1894 praescius

2240 1915 2366 1981 fuit,
2393 1914 2541 1986 quod
2572 1915 2769 1969 eadem
2802 1915 2953 1968 mala
2984 1930 3101 1968 non
3132 1915 3321 1968 solum
3360 1913 3483 1985 ipse
3515 1914 3769 1968 facturus
3820 1930 3941 1967 non

2242 2010 2409 2070 esset,
2443 2005 2538 2058 sed
2585 2020 2687 2057 nec
2735 2005 2907 2057 homo
2951 2003 3011 2056 in
3069 2008 3348 2073 quantum
3405 2003 3456 2056 ei
3510 2002 3802 2056 humiliter
3845 2002 3945 2055 ad-

2241 2093 2518 2159 haesisset,
2557 2093 2615 2146 in
2648 2109 2714 2147 eo
2746 2092 2912 2146 nobis
2942 2091 3395 2161 insuperabilem
3425 2091 3740 2162 potentiam
3787 2107 3939 2160 pree-

2243 2181 2497 2236 scientias
2519 2198 2635 2235 sua:
2666 2182 2849 2251 magis
2876 2180 3141 2243 ostendit,
3182 2179 3319 2250 quia
3358 2195 3462 2233 nec
3493 2180 3553 2233 in
3590 2179 3753 2234 malis
3783 2195 3937 2248 prae-

2240 2271 2681 2325 destinationem
2708 2270 2942 2340 iustitiae
2989 2285 3107 2321 suae.
3154 2284 3353 2321 vacare
3397 2268 3676 2338 permisit.
3731 2270 3936 2323 Osten-

2243 2376 2408 2413 surus
2440 2359 2630 2429 itaque
2660 2360 2804 2411 Deus
2833 2357 2970 2427 quid
3003 2357 3359 2411 reddendum
3392 2356 3763 2427 prmsciverit,
3800 2356 3939 2427 quid

2244 2448 2596 2511 donandum,
2657 2446 3087 2517 praedestinavit
3128 2446 3257 2499 illos
3292 2446 3363 2499 ad
3396 2445 3760 2516 supplicium,
3794 2461 3945 2514 quos

2245 2554 2276 2591 a
2309 2553 2367 2589 se
2426 2534 2709 2606 praescivit
2738 2535 2905 2588 mala:
2959 2532 3266 2587 voluntatis
3298 2533 3433 2587 vitio
3483 2534 3856 2599 discessuros;
3888 2538 3951 2587 et

2246 2623 2675 2697 praedestinavit
2708 2623 2777 2677 ad
2830 2638 3097 2692 regnum,
3131 2638 3275 2693 quos
3308 2622 3377 2675 ad
3423 2639 3480 2675 se
3513 2623 3795 2693 prmscivit
3832 2621 3943 2675 mi-

2245 2713 2565 2767 sericordia:
2618 2712 3021 2781 praavenientis
3079 2710 3290 2764 auxilio
3342 2712 3647 2775 redituros,
3699 2712 3847 2765 etin
3880 2727 3943 2764 se

2248 2801 2658 2857 misericordiae
2717 2800 3118 2870 subsequentis
3164 2800 3375 2853 auxilio
3432 2816 3552 2854 esse
3616 2816 3940 2854 mansuros.

2250 2894 2313 2947 In
2342 2891 2466 2944 istis
2501 2888 2948 2943 misericordiam
2997 2889 3348 2956 custodiens,
3382 2888 3439 2942 in
3501 2888 3613 2943 illis
3659 2889 3945 2959 justitiam

2251 2986 2453 3033 tenens
2486 2995 2498 3032 :
2528 2979 2647 3032 istis
2678 2978 2826 3049 quod
2858 2978 3125 3048 promisit
3163 2978 3255 3049 pie
3289 2978 3565 3044 tribuens,
3599 2978 3709 3032 illis
3737 2977 3953 3032 nihilo-

2251 3068 2441 3122 minus
2496 3068 2647 3139 quod
2703 3067 2961 3137 praadixit
2997 3067 3150 3135 juste
3215 3067 3551 3120 retribuens.
3595 3067 3683 3120 Sic
3744 3072 3939 3120 autem

2252 3159 2396 3211 Deus
2424 3173 2534 3210 non
2565 3156 2759 3209 omnia
2806 3154 3073 3225 promisit
3139 3171 3268 3224 quae
3324 3154 3611 3225 praedixit,
3673 3156 3940 3225 quamvis

2246 3245 2577 3316 prmdixerit
2627 3243 2822 3297 omnia
2871 3259 3000 3313 quae
3052 3243 3324 3313 promisit
3374 3244 3518 3297 sicut
3573 3260 3688 3296 non
3749 3245 3945 3297 omnia

2247 3333 2675 3405 praedestinavit
2705 3348 2830 3402 quae
2901 3332 3205 3402 praescivit,
3258 3332 3515 3402 q‘uamvis
3546 3332 3741 3385 omnia
3806 3349 3950 3403 prae-

2198 3486 2214 3501 .
2248 3422 2526 3475 destinata
2557 3421 2922 3491 praesciverit.
2959 3422 3250 3475 Prmscivit
3301 3422 3457 3475 enim
3504 3422 3802 3476 hominum
3849 3439 3945 3476 vo-

2250 3509 2494 3565 luntates
2525 3509 2702 3563 bonas
2735 3514 2792 3562 et
2831 3510 3007 3562 malas
3043 3525 3056 3562 :
3108 3510 3534 3579 prmdestinavit
3580 3516 3771 3563 autem
3830 3527 3950 3563 non

2249 3598 2448 3664 malas,
2482 3598 2577 3651 sed
2609 3598 2790 3651 bonas
2820 3598 2989 3651 solas.
3025 3599 3087 3650 Et
3134 3597 3265 3650 licet
3302 3597 3361 3651 in
3408 3598 3531 3667 ejus
3579 3598 3952 3667 prazdestina-

2248 3687 2402 3741 tione
2432 3702 2547 3739 non
2584 3685 2773 3750 fuerit,
2810 3690 2872 3738 ut
2906 3685 3184 3739 malitiam
3234 3686 3514 3739 voluntati
3546 3686 3812 3740 humanae
3846 3688 3948 3741 de-

2251 3775 2447 3841 disset,
2479 3776 2587 3829 fuit
2613 3779 2805 3828 tamen
2839 3773 2897 3827 in
2942 3774 3064 3843 ejus
3107 3774 3630 3845 preedestinatione,
3665 3775 3802 3845 quid
3839 3776 3951 3830 bu-

2252 3881 2438 3918 manaa
2494 3863 2798 3917 voluntatis
2859 3862 3093 3917 malitia:
3152 3863 3494 3918 reddidisset
3550 3868 3787 3934 propter
3842 3865 3954 3919 hoc

2251 3954 2405 4024 quia,
2443 3952 2588 4006 sicut
2637 3951 2936 4005 Psalmista
2990 3956 3248 4017 testatur,
3287 3972 3313 4000 ‹‹
3362 3950 3675 4005 Misericors
3715 3958 3800 4006 est
3825 3952 3951 4022 (Do-

2250 4042 2442 4096 minus
2470 4042 2727 4111 etjjustus
2759 4041 2923 4107 (Psal.
2953 4056 3093 4107 cx1v,
3137 4044 3207 4107 5),
3242 4060 3271 4089 »
3306 4034 3732 4110 praedestinavit
3765 4042 3958 4111 justos

2253 4132 2319 4186 ad
2369 4132 2632 4202 gloriam,
2667 4130 2893 4199 iniquos
2958 4129 3026 4183 ad
3084 4145 3333 4200 pcenam.
3385 4129 3770 4183 Justiticandis
3810 4146 3953 4201 ergo

2253 4225 2421 4292 atque
2452 4218 2839 4290 glorificandis
2872 4218 3340 4287 praedestinatum
3390 4217 3797 4271 misericordiae
3829 4234 3953 4271 suae

2253 4306 2687 4378 opus‘przedixit
2742 4307 2978 4376 pariter,
3023 4311 3079 4360 et
3137 4306 3423 4377 promisit.
3490 4306 3706 4377 lniquis
3758 4310 3951 4359 autem

2251 4394 2725 4464 praedestinatum
2754 4393 2995 4461 justitiaa
3028 4409 3146 4447 sua:
3195 4410 3339 4463 opus
3391 4393 3650 4463 praedixit
3698 4397 3951 4446 tantum-

2251 4482 2439 4548 modo,
2482 4498 2597 4535 non
2628 4481 2939 4551 promisit]
2971 4482 3110 4535 Item
3160 4480 3217 4534 in
3262 4481 3467 4535 eodem
3509 4482 3648 4550 (cap.
3682 4484 3772 4547 26)
3807 4481 3951 4553 :f[ln

2250 4569 2456 4622 sanctis
2484 4568 2662 4638 igitur
2701 4568 3058 4639 perfecturus
3104 4575 3191 4623 est
3237 4569 3535 4635 Dominus,
3569 4570 3723 4640 quod
3764 4575 3827 4623 ut
3857 4585 3952 4623 es-

2250 4662 2376 4712 sent
2428 4657 2589 4722 boni,
2667 4658 2844 4727 gratis
2902 4657 3077 4711 dedit.
3140 4657 3301 4721 Quod
3352 4663 3542 4713 autem
3592 4659 3831 4712 daturus
3885 4676 3951 4714 se

2249 4745 2551 4817 prtescivit,
2585 4745 2643 4800 in
2675 4752 2891 4800 aeterna
2941 4746 3213 4800 bonitatis
3244 4747 3616 4817 dispositione
3648 4748 3941 4818 praedesti'

2248 4835 2424 4889 navit.
2458 4836 2585 4905 lpsa
2623 4841 2705 4889 est
2747 4835 2901 4888 enim
2950 4834 3380 4906 praedestinatio
3430 4836 3546 4903 Dei,
3594 4837 3953 4907 sempiterna

2248 4924 2461 4978 scilicet
2512 4923 2809 4994 dispositio
2858 4923 3037 4977 futuri
3096 4924 3287 4993 operis
3345 4924 3463 4978 Dei.
3516 4927 3693 4979 Porro
3754 4931 3951 4981 autem

2244 5013 2304 5067 in
2335 5012 2548 5084 iniquis
2580 5012 2885 5081 puniturus
2911 5018 3013 5079 est,
3047 5013 3200 5082 quod
3225 5018 3285 5066 ut
3311 5017 3500 5066 essent
3532 5013 3661 5066 mali
3694 5029 3810 5067 non
3844 5015 3953 5069 de-

2244 5102 2354 5168 dit;
2389 5118 2493 5156 nec
2522 5118 2618 5157 eos
2648 5102 2718 5156 ad
2773 5101 3140 5172 iniquitatem
3187 5101 3439 5172 aliquam
3486 5102 3953 5172 praedestinavit;

2245 5191 2377 5261 quia
2406 5196 2473 5245 ut
2498 5190 2692 5261 inique
2714 5190 2947 5257 vellent,
2978 5190 3087 5243 hoc
3117 5191 3198 5243 eis
3228 5190 3465 5244 daturus
3497 5191 3619 5260 ipse
3666 5207 3782 5244 non
3816 5192 3944 5246 fuit.

2247 5281 2309 5334 Et
2340 5280 2475 5350 quia
2504 5281 2669 5333 malas
2700 5278 3011 5332 voluntatis
3041 5295 3413 5348 perseverans
3445 5279 3721 5351 iniquitas
3751 5280 3949 5334 inulta

2243 5385 2539 5423 remanere
2562 5385 2674 5421 non
2704 5367 2920 5434 debuit,
2957 5368 3097 5421 tales
3127 5369 3199 5420 ad
3238 5368 3535 5422 interitum
3572 5368 3945 5438 praedestina-

2244 5458 2339 5525 vit,
2361 5457 2497 5528 quia
2521 5457 2729 5511 talihus
2754 5457 2924 5526 justas
2965 5456 3287 5527 punitionis
3336 5457 3681 5528 supplicium
3716 5473 3946 5527 praepa-

2242 5546 2403 5599 ravit.
2439 5546 2597 5611 Quod
2624 5546 2820 5614 utique
2856 5544 3156 5600 manifesto
3194 5544 3473 5599 Dominus
3521 5546 3642 5615 ipse
3675 5562 3945 5600 sermone
