  <div class='ocr_page' id='page_1' title='image "/cluster/home/n/w/nwhite01/storage/ocr_20150623/121/hvd.32044054759832/032.png"; bbox 0 0 4138 6194; ppageno 0'>
   <div class='ocr_carea' id='block_1_1' title="bbox 206 298 3719 356">
    <p class='ocr_par' dir='ltr' id='par_1_1' title="bbox 206 298 3719 356">
     <span class='ocr_line' id='line_1_1' title="bbox 206 298 3719 356; baseline 0.001 -6"><span class='ocrx_word' id='word_1_1' title='bbox 206 300 276 351; x_wconf 78' lang='grc'><strong>53</strong></span> <span class='ocrx_word' id='word_1_2' title='bbox 1281 298 1369 353; x_wconf 88' lang='lat' dir='ltr'><strong>DE</strong></span> <span class='ocrx_word' id='word_1_3' title='bbox 1413 298 2074 355; x_wconf 62' lang='lat' dir='ltr'><strong>l’ltzEDES&#39;l&#39;lNATlUNE</strong></span> <span class='ocrx_word' id='word_1_4' title='bbox 2115 299 2254 355; x_wconf 78' lang='lat' dir='ltr'><strong>DEI.</strong></span> <span class='ocrx_word' id='word_1_5' title='bbox 2302 326 2369 337; x_wconf 89' lang='lat'><strong>-</strong></span> <span class='ocrx_word' id='word_1_6' title='bbox 2413 299 2543 355; x_wconf 81' lang='lat' dir='ltr'><strong>LIB.</strong></span> <span class='ocrx_word' id='word_1_7' title='bbox 2589 300 2653 353; x_wconf 90' lang='lat' dir='ltr'><strong>ll.</strong></span> <span class='ocrx_word' id='word_1_8' title='bbox 3654 302 3719 356; x_wconf 67' lang='grc'><strong>54</strong></span> 
     </span>
    </p>
   </div>
   <div class='ocr_carea' id='block_1_2' title="bbox 205 432 3716 515">
    <p class='ocr_par' dir='ltr' id='par_1_2' title="bbox 205 432 3716 515">
     <span class='ocr_line' id='line_1_2' title="bbox 205 432 3716 515; baseline 0.003 -31"><span class='ocrx_word' id='word_1_9' title='bbox 205 432 525 500; x_wconf 79' lang='lat' dir='ltr'><strong>perdocuit,</strong></span> <span class='ocrx_word' id='word_1_10' title='bbox 554 432 611 486; x_wconf 91' lang='lat' dir='ltr'><strong>in</strong></span> <span class='ocrx_word' id='word_1_11' title='bbox 640 448 707 485; x_wconf 87' lang='lat' dir='ltr'><strong>eo</strong></span> <span class='ocrx_word' id='word_1_12' title='bbox 751 433 905 503; x_wconf 88' lang='lat' dir='ltr'><strong>quod</strong></span> <span class='ocrx_word' id='word_1_13' title='bbox 939 449 969 486; x_wconf 90' lang='lat' dir='ltr'><strong>a</strong></span> <span class='ocrx_word' id='word_1_14' title='bbox 1000 449 1058 487; x_wconf 88' lang='lat' dir='ltr'><strong>se</strong></span> <span class='ocrx_word' id='word_1_15' title='bbox 1089 433 1335 487; x_wconf 78' lang='lat' dir='ltr'><strong>ostendit</strong></span> <span class='ocrx_word' id='word_1_16' title='bbox 1364 437 1627 505; x_wconf 88' lang='lat' dir='ltr'><strong>paratum</strong></span> <span class='ocrx_word' id='word_1_17' title='bbox 1669 449 1779 487; x_wconf 92' lang='lat' dir='ltr'><strong>non</strong></span> <span class='ocrx_word' id='word_1_18' title='bbox 1810 450 1906 486; x_wconf 89' lang='lat' dir='ltr'><strong>so-</strong></span> <span class='ocrx_word' id='word_1_19' title='bbox 1937 435 1979 488; x_wconf 82' lang='grc' dir='ltr'><strong>Α</strong></span> <span class='ocrx_word' id='word_1_20' title='bbox 2019 450 2132 489; x_wconf 92' lang='lat' dir='ltr'><strong>non</strong></span> <span class='ocrx_word' id='word_1_21' title='bbox 2168 451 2288 489; x_wconf 85' lang='lat' dir='ltr'><strong>esse</strong></span> <span class='ocrx_word' id='word_1_22' title='bbox 2330 435 2480 506; x_wconf 90' lang='lat' dir='ltr'><strong>quod</strong></span> <span class='ocrx_word' id='word_1_23' title='bbox 2513 438 2595 489; x_wconf 88' lang='lat' dir='ltr'><strong>est</strong></span> <span class='ocrx_word' id='word_1_24' title='bbox 2647 437 2791 490; x_wconf 88' lang='lat' dir='ltr'><strong>male</strong></span> <span class='ocrx_word' id='word_1_25' title='bbox 2824 437 2894 490; x_wconf 86' lang='lat' dir='ltr'><strong>ab</strong></span> <span class='ocrx_word' id='word_1_26' title='bbox 2948 436 3026 489; x_wconf 89' lang='lat' dir='ltr'><strong>eis</strong></span> <span class='ocrx_word' id='word_1_27' title='bbox 3059 438 3523 515; x_wconf 37' lang='lat' dir='ltr'><strong>admissumused</strong></span> <span class='ocrx_word' id='word_1_28' title='bbox 3561 441 3716 512; x_wconf 89' lang='lat' dir='ltr'><strong>quod</strong></span> 
     </span>
    </p>
   </div>
   <div class='ocr_carea' id='block_1_3' title="bbox 205 520 1903 592">
    <p class='ocr_par' dir='ltr' id='par_1_3' title="bbox 205 520 1903 592">
     <span class='ocr_line' id='line_1_3' title="bbox 205 520 1903 592; baseline 0.002 -20"><span class='ocrx_word' id='word_1_29' title='bbox 205 520 323 574; x_wconf 91' lang='lat' dir='ltr'><strong>lum</strong></span> <span class='ocrx_word' id='word_1_30' title='bbox 360 538 608 592; x_wconf 87' lang='lat' dir='ltr'><strong>regnum</strong></span> <span class='ocrx_word' id='word_1_31' title='bbox 643 520 741 574; x_wconf 90' lang='lat' dir='ltr'><strong>ubi</strong></span> <span class='ocrx_word' id='word_1_32' title='bbox 770 522 1035 575; x_wconf 80' lang='lat' dir='ltr'><strong>la-tentur</strong></span> <span class='ocrx_word' id='word_1_33' title='bbox 1065 522 1218 587; x_wconf 88' lang='lat' dir='ltr'><strong>boni,</strong></span> <span class='ocrx_word' id='word_1_34' title='bbox 1270 522 1364 575; x_wconf 81' lang='lat' dir='ltr'><strong>sed</strong></span> <span class='ocrx_word' id='word_1_35' title='bbox 1415 529 1468 575; x_wconf 90' lang='lat' dir='ltr'><strong>et</strong></span> <span class='ocrx_word' id='word_1_36' title='bbox 1501 523 1692 591; x_wconf 75' lang='lat' dir='ltr'><strong>ignem</strong></span> <span class='ocrx_word' id='word_1_37' title='bbox 1742 528 1903 575; x_wconf 72' lang='lat' dir='ltr'><strong>aster-</strong></span> 
     </span>
    </p>
   </div>
   <div class='ocr_carea' id='block_1_4' title="bbox 203 607 1902 664">
    <p class='ocr_par' dir='ltr' id='par_1_4' title="bbox 203 607 1902 664">
     <span class='ocr_line' id='line_1_4' title="bbox 203 607 1902 664; baseline 0.004 -6"><span class='ocrx_word' id='word_1_38' title='bbox 203 622 338 660; x_wconf 92' lang='lat' dir='ltr'><strong>num</strong></span> <span class='ocrx_word' id='word_1_39' title='bbox 373 608 475 660; x_wconf 90' lang='lat' dir='ltr'><strong>ubi</strong></span> <span class='ocrx_word' id='word_1_40' title='bbox 512 608 842 661; x_wconf 72' lang='lat' dir='ltr'><strong>crucientur</strong></span> <span class='ocrx_word' id='word_1_41' title='bbox 874 607 1028 660; x_wconf 85' lang='lat' dir='ltr'><strong>mali.</strong></span> <span class='ocrx_word' id='word_1_42' title='bbox 1056 609 1224 663; x_wconf 83' lang='lat' dir='ltr'><strong>Bonis</strong></span> <span class='ocrx_word' id='word_1_43' title='bbox 1249 610 1460 663; x_wconf 77' lang='lat' dir='ltr'><strong>etenim</strong></span> <span class='ocrx_word' id='word_1_44' title='bbox 1489 611 1745 663; x_wconf 89' lang='lat' dir='ltr'><strong>dicturus</strong></span> <span class='ocrx_word' id='word_1_45' title='bbox 1780 615 1902 664; x_wconf 89' lang='lat' dir='ltr'><strong>est:</strong></span> 
     </span>
    </p>
   </div>
   <div class='ocr_carea' id='block_1_5' title="bbox 203 695 1904 768">
    <p class='ocr_par' dir='ltr' id='par_1_5' title="bbox 203 695 1904 768">
     <span class='ocr_line' id='line_1_5' title="bbox 203 695 1904 768; baseline 0.002 -21"><span class='ocrx_word' id='word_1_46' title='bbox 203 717 229 741; x_wconf 80' lang='lat' dir='ltr'><strong><em>u</em></strong></span> <span class='ocrx_word' id='word_1_47' title='bbox 272 696 499 755; x_wconf 78' lang='lat' dir='ltr'><strong>Venite,</strong></span> <span class='ocrx_word' id='word_1_48' title='bbox 569 695 850 749; x_wconf 88' lang='lat' dir='ltr'><strong>benedicti</strong></span> <span class='ocrx_word' id='word_1_49' title='bbox 912 698 1092 750; x_wconf 88' lang='lat' dir='ltr'><strong>Patris</strong></span> <span class='ocrx_word' id='word_1_50' title='bbox 1142 698 1277 765; x_wconf 85' lang='lat' dir='ltr'><strong>mei,</strong></span> <span class='ocrx_word' id='word_1_51' title='bbox 1333 699 1610 768; x_wconf 85' lang='lat' dir='ltr'><strong>percipite</strong></span> <span class='ocrx_word' id='word_1_52' title='bbox 1661 715 1904 768; x_wconf 83' lang='lat' dir='ltr'><strong>regnum</strong></span> 
     </span>
    </p>
   </div>
   <div class='ocr_carea' id='block_1_6' title="bbox 197 784 1903 854">
    <p class='ocr_par' dir='ltr' id='par_1_6' title="bbox 197 784 1903 854">
     <span class='ocr_line' id='line_1_6' title="bbox 197 784 1903 854; baseline 0.005 -20"><span class='ocrx_word' id='word_1_53' title='bbox 197 784 354 853; x_wconf 88' lang='lat' dir='ltr'><strong>quod</strong></span> <span class='ocrx_word' id='word_1_54' title='bbox 416 784 582 837; x_wconf 87' lang='lat' dir='ltr'><strong>vobis</strong></span> <span class='ocrx_word' id='word_1_55' title='bbox 640 791 903 854; x_wconf 88' lang='lat' dir='ltr'><strong>paratum</strong></span> <span class='ocrx_word' id='word_1_56' title='bbox 971 791 1056 839; x_wconf 88' lang='lat' dir='ltr'><strong>est</strong></span> <span class='ocrx_word' id='word_1_57' title='bbox 1130 802 1163 839; x_wconf 88' lang='lat' dir='ltr'><strong>a</strong></span> <span class='ocrx_word' id='word_1_58' title='bbox 1220 787 1628 841; x_wconf 62' lang='lat' dir='ltr'><strong>constitutione</strong></span> <span class='ocrx_word' id='word_1_59' title='bbox 1703 788 1903 843; x_wconf 90' lang='lat' dir='ltr'><strong>mundi</strong></span> 
     </span>
    </p>
   </div>
   <div class='ocr_carea' id='block_1_7' title="bbox 194 872 1899 942">
    <p class='ocr_par' dir='ltr' id='par_1_7' title="bbox 194 872 1899 942">
     <span class='ocr_line' id='line_1_7' title="bbox 194 872 1899 942; baseline 0 -13"><span class='ocrx_word' id='word_1_60' title='bbox 194 873 422 938; x_wconf 33' lang='lat' dir='ltr'><strong>tidlatth.</strong></span> <span class='ocrx_word' id='word_1_61' title='bbox 450 889 619 938; x_wconf 78' lang='lat' dir='ltr'><strong>xxxv,</strong></span> <span class='ocrx_word' id='word_1_62' title='bbox 649 874 754 935; x_wconf 68' lang='grc'><strong>34).</strong></span> <span class='ocrx_word' id='word_1_63' title='bbox 786 894 813 919; x_wconf 87' lang='grc'><strong>››</strong></span> <span class='ocrx_word' id='word_1_64' title='bbox 850 872 1005 925; x_wconf 74' lang='lat' dir='ltr'><strong>Malis</strong></span> <span class='ocrx_word' id='word_1_65' title='bbox 1036 877 1223 926; x_wconf 86' lang='lat' dir='ltr'><strong>autem</strong></span> <span class='ocrx_word' id='word_1_66' title='bbox 1256 874 1508 927; x_wconf 91' lang='lat' dir='ltr'><strong>dicturus</strong></span> <span class='ocrx_word' id='word_1_67' title='bbox 1566 879 1649 927; x_wconf 91' lang='lat' dir='ltr'><strong>est</strong></span> <span class='ocrx_word' id='word_1_68' title='bbox 1680 891 1693 928; x_wconf 89' lang='lat'><strong>:</strong></span> <span class='ocrx_word' id='word_1_69' title='bbox 1739 898 1757 922; x_wconf 84' lang='grc' dir='ltr'>ι</span> <span class='ocrx_word' id='word_1_70' title='bbox 1798 878 1899 942; x_wconf 85' lang='lat' dir='ltr'><strong>Ite,</strong></span> 
     </span>
    </p>
   </div>
   <div class='ocr_carea' id='block_1_8' title="bbox 194 962 1903 1033">
    <p class='ocr_par' dir='ltr' id='par_1_8' title="bbox 194 962 1903 1033">
     <span class='ocr_line' id='line_1_8' title="bbox 194 962 1903 1033; baseline 0.004 -20"><span class='ocrx_word' id='word_1_71' title='bbox 194 962 513 1025; x_wconf 76' lang='lat' dir='ltr'><strong>maledicti,</strong></span> <span class='ocrx_word' id='word_1_72' title='bbox 562 962 620 1014; x_wconf 91' lang='lat' dir='ltr'><strong>in</strong></span> <span class='ocrx_word' id='word_1_73' title='bbox 676 962 869 1030; x_wconf 80' lang='lat' dir='ltr'><strong>ignem</strong></span> <span class='ocrx_word' id='word_1_74' title='bbox 920 967 1220 1025; x_wconf 62' lang='lat' dir='ltr'><strong>aeternum,</strong></span> <span class='ocrx_word' id='word_1_75' title='bbox 1275 964 1372 1033; x_wconf 88' lang='lat' dir='ltr'><strong>qui</strong></span> <span class='ocrx_word' id='word_1_76' title='bbox 1400 969 1629 1032; x_wconf 80' lang='lat' dir='ltr'><strong>paratus</strong></span> <span class='ocrx_word' id='word_1_77' title='bbox 1660 970 1746 1017; x_wconf 87' lang='lat' dir='ltr'><strong>est</strong></span> <span class='ocrx_word' id='word_1_78' title='bbox 1777 965 1903 1019; x_wconf 83' lang='lat' dir='ltr'><strong>dia-</strong></span> 
     </span>
    </p>
   </div>
   <div class='ocr_carea' id='block_1_9' title="bbox 190 1049 1897 1125">
    <p class='ocr_par' dir='ltr' id='par_1_9' title="bbox 190 1049 1897 1125">
     <span class='ocr_line' id='line_1_9' title="bbox 190 1049 1897 1125; baseline 0.003 -23"><span class='ocrx_word' id='word_1_79' title='bbox 190 1049 323 1102; x_wconf 84' lang='lat' dir='ltr'>bolo</span> <span class='ocrx_word' id='word_1_80' title='bbox 369 1056 430 1103; x_wconf 89' lang='lat' dir='ltr'><strong>et</strong></span> <span class='ocrx_word' id='word_1_81' title='bbox 490 1050 712 1119; x_wconf 81' lang='lat' dir='ltr'><strong>angelis</strong></span> <span class='ocrx_word' id='word_1_82' title='bbox 766 1051 889 1119; x_wconf 87' lang='lat' dir='ltr'><strong>ejus</strong></span> <span class='ocrx_word' id='word_1_83' title='bbox 936 1050 1131 1116; x_wconf 52' lang='lat' dir='ltr'><strong>(Ibid,</strong></span> <span class='ocrx_word' id='word_1_84' title='bbox 1194 1052 1302 1117; x_wconf 77' lang='grc'><strong>41).</strong></span> <span class='ocrx_word' id='word_1_85' title='bbox 1367 1074 1385 1099; x_wconf 74' lang='grc' dir='ltr'><strong><em>ι</em></strong></span> <span class='ocrx_word' id='word_1_86' title='bbox 1443 1053 1579 1105; x_wconf 86' lang='lat' dir='ltr'><strong>Ecce</strong></span> <span class='ocrx_word' id='word_1_87' title='bbox 1628 1054 1693 1106; x_wconf 91' lang='lat' dir='ltr'><strong>ad</strong></span> <span class='ocrx_word' id='word_1_88' title='bbox 1748 1055 1897 1125; x_wconf 86' lang='lat' dir='ltr'><strong>quod</strong></span> 
     </span>
    </p>
   </div>
   <div class='ocr_carea' id='block_1_10' title="bbox 196 1138 1897 1212">
    <p class='ocr_par' dir='ltr' id='par_1_10' title="bbox 196 1138 1897 1212">
     <span class='ocr_line' id='line_1_10' title="bbox 196 1138 1897 1212; baseline 0.002 -21"><span class='ocrx_word' id='word_1_89' title='bbox 196 1138 341 1191; x_wconf 84' lang='lat' dir='ltr'><strong>Deus</strong></span> <span class='ocrx_word' id='word_1_90' title='bbox 375 1138 616 1208; x_wconf 86' lang='lat' dir='ltr'><strong>iniquos</strong></span> <span class='ocrx_word' id='word_1_91' title='bbox 639 1144 694 1192; x_wconf 93' lang='lat' dir='ltr'><strong>et</strong></span> <span class='ocrx_word' id='word_1_92' title='bbox 721 1139 925 1209; x_wconf 89' lang='lat' dir='ltr'><strong>impios</strong></span> <span class='ocrx_word' id='word_1_93' title='bbox 973 1139 1422 1208; x_wconf 63' lang='lat' dir='ltr'><strong>praedestinavit,</strong></span> <span class='ocrx_word' id='word_1_94' title='bbox 1457 1140 1513 1193; x_wconf 91' lang='lat' dir='ltr'><strong>id</strong></span> <span class='ocrx_word' id='word_1_95' title='bbox 1545 1146 1629 1194; x_wconf 87' lang='lat' dir='ltr'><strong>est</strong></span> <span class='ocrx_word' id='word_1_96' title='bbox 1664 1142 1729 1195; x_wconf 87' lang='lat' dir='ltr'><strong>ad</strong></span> <span class='ocrx_word' id='word_1_97' title='bbox 1762 1158 1897 1212; x_wconf 85' lang='lat' dir='ltr'><strong>sup-</strong></span> 
     </span>
    </p>
   </div>
   <div class='ocr_carea' id='block_1_11' title="bbox 192 1227 1898 1299">
    <p class='ocr_par' dir='ltr' id='par_1_11' title="bbox 192 1227 1898 1299">
     <span class='ocr_line' id='line_1_11' title="bbox 192 1227 1898 1299; baseline 0.004 -21"><span class='ocrx_word' id='word_1_98' title='bbox 192 1227 692 1295; x_wconf 87' lang='lat' dir='ltr'><strong>pliciumjustum,</strong></span> <span class='ocrx_word' id='word_1_99' title='bbox 727 1243 843 1280; x_wconf 89' lang='lat' dir='ltr'><strong>non</strong></span> <span class='ocrx_word' id='word_1_100' title='bbox 876 1228 1108 1297; x_wconf 75' lang='lat' dir='ltr'><strong>aliquod</strong></span> <span class='ocrx_word' id='word_1_101' title='bbox 1138 1244 1281 1298; x_wconf 84' lang='lat' dir='ltr'><strong>Opus</strong></span> <span class='ocrx_word' id='word_1_102' title='bbox 1329 1228 1640 1297; x_wconf 87' lang='lat' dir='ltr'><strong>injustum;</strong></span> <span class='ocrx_word' id='word_1_103' title='bbox 1684 1230 1749 1283; x_wconf 90' lang='lat' dir='ltr'><strong>ad</strong></span> <span class='ocrx_word' id='word_1_104' title='bbox 1784 1247 1898 1299; x_wconf 72' lang='lat' dir='ltr'><strong>po:-</strong></span> 
     </span>
    </p>
   </div>
   <div class='ocr_carea' id='block_1_12' title="bbox 188 1315 1894 1386">
    <p class='ocr_par' dir='ltr' id='par_1_12' title="bbox 188 1315 1894 1386">
     <span class='ocr_line' id='line_1_12' title="bbox 188 1315 1894 1386; baseline 0.002 -19"><span class='ocrx_word' id='word_1_105' title='bbox 188 1331 341 1376; x_wconf 86' lang='lat' dir='ltr'><strong>nam,</strong></span> <span class='ocrx_word' id='word_1_106' title='bbox 391 1332 517 1369; x_wconf 89' lang='lat' dir='ltr'><strong>non</strong></span> <span class='ocrx_word' id='word_1_107' title='bbox 548 1315 618 1369; x_wconf 87' lang='lat' dir='ltr'><strong>ad</strong></span> <span class='ocrx_word' id='word_1_108' title='bbox 650 1317 906 1386; x_wconf 84' lang='lat' dir='ltr'><strong>culpam;</strong></span> <span class='ocrx_word' id='word_1_109' title='bbox 941 1318 1009 1369; x_wconf 88' lang='lat' dir='ltr'><strong>ad</strong></span> <span class='ocrx_word' id='word_1_110' title='bbox 1056 1316 1440 1386; x_wconf 82' lang='lat' dir='ltr'><strong>punitionem,</strong></span> <span class='ocrx_word' id='word_1_111' title='bbox 1472 1334 1584 1370; x_wconf 92' lang='lat' dir='ltr'><strong>non</strong></span> <span class='ocrx_word' id='word_1_112' title='bbox 1616 1318 1681 1371; x_wconf 86' lang='lat' dir='ltr'><strong>ad</strong></span> <span class='ocrx_word' id='word_1_113' title='bbox 1713 1323 1894 1371; x_wconf 85' lang='lat' dir='ltr'><strong>trans-</strong></span> 
     </span>
    </p>
   </div>
   <div class='ocr_carea' id='block_1_13' title="bbox 188 1405 1895 1476">
    <p class='ocr_par' dir='ltr' id='par_1_13' title="bbox 188 1405 1895 1476">
     <span class='ocr_line' id='line_1_13' title="bbox 188 1405 1895 1476; baseline 0.004 -20"><span class='ocrx_word' id='word_1_114' title='bbox 188 1406 590 1475; x_wconf 83' lang='lat' dir='ltr'><strong>gressionem;</strong></span> <span class='ocrx_word' id='word_1_115' title='bbox 647 1406 716 1459; x_wconf 89' lang='lat' dir='ltr'><strong>ad</strong></span> <span class='ocrx_word' id='word_1_116' title='bbox 770 1405 1090 1471; x_wconf 88' lang='lat' dir='ltr'><strong>interitum,</strong></span> <span class='ocrx_word' id='word_1_117' title='bbox 1145 1422 1317 1476; x_wconf 83' lang='lat' dir='ltr'><strong>quem</strong></span> <span class='ocrx_word' id='word_1_118' title='bbox 1370 1407 1453 1460; x_wconf 86' lang='lat' dir='ltr'><strong>ira</strong></span> <span class='ocrx_word' id='word_1_119' title='bbox 1494 1407 1632 1475; x_wconf 86' lang='lat' dir='ltr'><strong>justi</strong></span> <span class='ocrx_word' id='word_1_120' title='bbox 1681 1408 1895 1462; x_wconf 85' lang='lat' dir='ltr'><strong>Judicis</strong></span> 
     </span>
    </p>
   </div>
   <div class='ocr_carea' id='block_1_14' title="bbox 189 1494 1893 1566">
    <p class='ocr_par' dir='ltr' id='par_1_14' title="bbox 189 1494 1893 1566">
     <span class='ocr_line' id='line_1_14' title="bbox 189 1494 1893 1566; baseline 0.002 -19"><span class='ocrx_word' id='word_1_121' title='bbox 189 1496 568 1563; x_wconf 83' lang='lat' dir='ltr'><strong>peccantibus</strong></span> <span class='ocrx_word' id='word_1_122' title='bbox 619 1494 892 1561; x_wconf 73' lang='lat' dir='ltr'><strong>reddidit;</strong></span> <span class='ocrx_word' id='word_1_123' title='bbox 936 1511 1047 1548; x_wconf 90' lang='lat' dir='ltr'><strong>non</strong></span> <span class='ocrx_word' id='word_1_124' title='bbox 1098 1496 1165 1548; x_wconf 91' lang='lat' dir='ltr'><strong>ad</strong></span> <span class='ocrx_word' id='word_1_125' title='bbox 1200 1496 1517 1562; x_wconf 90' lang='lat' dir='ltr'><strong>interitum,</strong></span> <span class='ocrx_word' id='word_1_126' title='bbox 1568 1512 1681 1566; x_wconf 90' lang='lat' dir='ltr'><strong>quo</strong></span> <span class='ocrx_word' id='word_1_127' title='bbox 1725 1496 1781 1550; x_wconf 91' lang='lat' dir='ltr'><strong>in</strong></span> <span class='ocrx_word' id='word_1_128' title='bbox 1836 1513 1893 1550; x_wconf 86' lang='lat' dir='ltr'><strong>se</strong></span> 
     </span>
    </p>
   </div>
   <div class='ocr_carea' id='block_1_15' title="bbox 188 1582 1892 1653">
    <p class='ocr_par' dir='ltr' id='par_1_15' title="bbox 188 1582 1892 1653">
     <span class='ocr_line' id='line_1_15' title="bbox 188 1582 1892 1653; baseline 0.002 -18"><span class='ocrx_word' id='word_1_129' title='bbox 188 1583 330 1635; x_wconf 88' lang='lat' dir='ltr'><strong>iram</strong></span> <span class='ocrx_word' id='word_1_130' title='bbox 398 1583 505 1636; x_wconf 88' lang='lat' dir='ltr'><strong>Dei</strong></span> <span class='ocrx_word' id='word_1_131' title='bbox 560 1583 921 1652; x_wconf 83' lang='lat' dir='ltr'><strong>peccantium</strong></span> <span class='ocrx_word' id='word_1_132' title='bbox 978 1582 1251 1653; x_wconf 83' lang='lat' dir='ltr'><strong>iniquitas</strong></span> <span class='ocrx_word' id='word_1_133' title='bbox 1330 1584 1674 1652; x_wconf 80' lang='lat' dir='ltr'><strong>provocavit.</strong></span> <span class='ocrx_word' id='word_1_134' title='bbox 1731 1582 1892 1649; x_wconf 87' lang='lat' dir='ltr'><strong>Quod</strong></span> 
     </span>
    </p>
   </div>
   <div class='ocr_carea' id='block_1_16' title="bbox 185 1670 1890 1743">
    <p class='ocr_par' dir='ltr' id='par_1_16' title="bbox 185 1670 1890 1743">
     <span class='ocr_line' id='line_1_16' title="bbox 185 1670 1890 1743; baseline 0.001 -19"><span class='ocrx_word' id='word_1_135' title='bbox 185 1670 336 1725; x_wconf 85' lang='lat' dir='ltr'><strong>beati</strong></span> <span class='ocrx_word' id='word_1_136' title='bbox 364 1671 630 1741; x_wconf 81' lang='lat' dir='ltr'><strong>Apostoli</strong></span> <span class='ocrx_word' id='word_1_137' title='bbox 653 1671 983 1740; x_wconf 75' lang='lat' dir='ltr'><strong>praedicatio</strong></span> <span class='ocrx_word' id='word_1_138' title='bbox 1016 1672 1362 1736; x_wconf 82' lang='lat' dir='ltr'><strong>manifestat,</strong></span> <span class='ocrx_word' id='word_1_139' title='bbox 1397 1672 1495 1742; x_wconf 87' lang='lat' dir='ltr'><strong>qui</strong></span> <span class='ocrx_word' id='word_1_140' title='bbox 1521 1672 1720 1739; x_wconf 89' lang='lat' dir='ltr'><strong>malos,</strong></span> <span class='ocrx_word' id='word_1_141' title='bbox 1745 1689 1890 1743; x_wconf 87' lang='lat' dir='ltr'><strong>quos</strong></span> 
     </span>
    </p>
   </div>
   <div class='ocr_carea' id='block_1_17' title="bbox 2019 522 3715 598">
    <p class='ocr_par' dir='ltr' id='par_1_17' title="bbox 2019 522 3715 598">
     <span class='ocr_line' id='line_1_17' title="bbox 2019 522 3715 598; baseline 0.004 -23"><span class='ocrx_word' id='word_1_142' title='bbox 2019 528 2074 576; x_wconf 93' lang='lat' dir='ltr'><strong>et</strong></span> <span class='ocrx_word' id='word_1_143' title='bbox 2127 524 2333 576; x_wconf 86' lang='lat' dir='ltr'><strong>talibus</strong></span> <span class='ocrx_word' id='word_1_144' title='bbox 2380 523 2523 577; x_wconf 87' lang='lat' dir='ltr'><strong>bene</strong></span> <span class='ocrx_word' id='word_1_145' title='bbox 2575 522 2861 577; x_wconf 88' lang='lat' dir='ltr'><strong>redditum</strong></span> <span class='ocrx_word' id='word_1_146' title='bbox 2918 524 3059 593; x_wconf 84' lang='lat' dir='ltr'><strong>(cap.</strong></span> <span class='ocrx_word' id='word_1_147' title='bbox 3115 526 3227 593; x_wconf 84' lang='lat'><strong>&#39;27).</strong></span> <span class='ocrx_word' id='word_1_148' title='bbox 3289 528 3436 581; x_wconf 83' lang='lat' dir='ltr'><strong>Bene</strong></span> <span class='ocrx_word' id='word_1_149' title='bbox 3497 530 3715 598; x_wconf 86' lang='lat' dir='ltr'><strong>quippe</strong></span> 
     </span>
    </p>
   </div>
   <div class='ocr_carea' id='block_1_18' title="bbox 2017 611 3709 683">
    <p class='ocr_par' dir='ltr' id='par_1_18' title="bbox 2017 611 3709 683">
     <span class='ocr_line' id='line_1_18' title="bbox 2017 611 3709 683; baseline 0.005 -20"><span class='ocrx_word' id='word_1_150' title='bbox 2017 611 2181 664; x_wconf 87' lang='lat' dir='ltr'><strong>malis</strong></span> <span class='ocrx_word' id='word_1_151' title='bbox 2211 611 2476 665; x_wconf 87' lang='lat' dir='ltr'><strong>interitus</strong></span> <span class='ocrx_word' id='word_1_152' title='bbox 2506 629 2539 665; x_wconf 88' lang='lat' dir='ltr'><strong>a</strong></span> <span class='ocrx_word' id='word_1_153' title='bbox 2574 612 2683 665; x_wconf 90' lang='lat' dir='ltr'><strong>Deo</strong></span> <span class='ocrx_word' id='word_1_154' title='bbox 2716 612 2987 679; x_wconf 88' lang='lat' dir='ltr'><strong>redditur,</strong></span> <span class='ocrx_word' id='word_1_155' title='bbox 3013 614 3273 683; x_wconf 83' lang='lat' dir='ltr'><strong>quamvis</strong></span> <span class='ocrx_word' id='word_1_156' title='bbox 3306 615 3379 669; x_wconf 88' lang='lat' dir='ltr'><strong>sit</strong></span> <span class='ocrx_word' id='word_1_157' title='bbox 3406 617 3589 670; x_wconf 87' lang='lat' dir='ltr'><strong>malus</strong></span> <span class='ocrx_word' id='word_1_158' title='bbox 3621 617 3709 671; x_wconf 91' lang='lat' dir='ltr'><strong>in-</strong></span> 
     </span>
    </p>
   </div>
   <div class='ocr_carea' id='block_1_19' title="bbox 2014 699 3709 773">
    <p class='ocr_par' dir='ltr' id='par_1_19' title="bbox 2014 699 3709 773">
     <span class='ocr_line' id='line_1_19' title="bbox 2014 699 3709 773; baseline 0.005 -22"><span class='ocrx_word' id='word_1_159' title='bbox 2014 700 2219 753; x_wconf 90' lang='lat' dir='ltr'><strong>teritus</strong></span> <span class='ocrx_word' id='word_1_160' title='bbox 2248 700 2330 753; x_wconf 89' lang='lat' dir='ltr'><strong>eis</strong></span> <span class='ocrx_word' id='word_1_161' title='bbox 2362 699 2459 771; x_wconf 86' lang='lat' dir='ltr'><strong>qui</strong></span> <span class='ocrx_word' id='word_1_162' title='bbox 2492 716 2641 753; x_wconf 92' lang='lat' dir='ltr'><strong>nunc</strong></span> <span class='ocrx_word' id='word_1_163' title='bbox 2682 700 2837 768; x_wconf 88' lang='lat' dir='ltr'><strong>juste</strong></span> <span class='ocrx_word' id='word_1_164' title='bbox 2869 700 3208 755; x_wconf 88' lang='lat' dir='ltr'><strong>deseruntur</strong></span> <span class='ocrx_word' id='word_1_165' title='bbox 3251 709 3306 757; x_wconf 87' lang='lat' dir='ltr'><strong>et</strong></span> <span class='ocrx_word' id='word_1_166' title='bbox 3340 707 3709 773; x_wconf 88' lang='lat' dir='ltr'><strong>postmodum</strong></span> 
     </span>
    </p>
   </div>
   <div class='ocr_carea' id='block_1_20' title="bbox 2006 788 3707 861">
    <p class='ocr_par' dir='ltr' id='par_1_20' title="bbox 2006 788 3707 861">
     <span class='ocr_line' id='line_1_20' title="bbox 2006 788 3707 861; baseline 0.005 -21"><span class='ocrx_word' id='word_1_167' title='bbox 2006 788 2160 858; x_wconf 91' lang='lat' dir='ltr'><strong>juste</strong></span> <span class='ocrx_word' id='word_1_168' title='bbox 2192 790 2627 859; x_wconf 86' lang='lat' dir='ltr'><strong>torquebuutur.</strong></span> <span class='ocrx_word' id='word_1_169' title='bbox 2684 790 2746 842; x_wconf 87' lang='lat' dir='ltr'><strong>In</strong></span> <span class='ocrx_word' id='word_1_170' title='bbox 2778 789 2983 842; x_wconf 76' lang='lat' dir='ltr'><strong>talibus</strong></span> <span class='ocrx_word' id='word_1_171' title='bbox 3020 790 3171 843; x_wconf 87' lang='lat' dir='ltr'><strong>enim</strong></span> <span class='ocrx_word' id='word_1_172' title='bbox 3208 792 3489 861; x_wconf 86' lang='lat' dir='ltr'><strong>judicium</strong></span> <span class='ocrx_word' id='word_1_173' title='bbox 3540 811 3707 849; x_wconf 87' lang='lat' dir='ltr'><strong>suum</strong></span> 
     </span>
    </p>
   </div>
   <div class='ocr_carea' id='block_1_21' title="bbox 2012 878 3703 950">
    <p class='ocr_par' dir='ltr' id='par_1_21' title="bbox 2012 878 3703 950">
     <span class='ocr_line' id='line_1_21' title="bbox 2012 878 3703 950; baseline 0.004 -19"><span class='ocrx_word' id='word_1_174' title='bbox 2012 879 2162 931; x_wconf 88' lang='lat' dir='ltr'><strong>Deus</strong></span> <span class='ocrx_word' id='word_1_175' title='bbox 2207 878 2527 931; x_wconf 84' lang='lat' dir='ltr'><strong>desertione</strong></span> <span class='ocrx_word' id='word_1_176' title='bbox 2578 878 2825 944; x_wconf 83' lang='lat' dir='ltr'><strong>inchoat,</strong></span> <span class='ocrx_word' id='word_1_177' title='bbox 2894 879 3237 933; x_wconf 87' lang='lat' dir='ltr'><strong>cruciatione</strong></span> <span class='ocrx_word' id='word_1_178' title='bbox 3308 894 3703 950; x_wconf 88' lang='lat' dir='ltr'><strong>consummat;</strong></span> 
     </span>
    </p>
   </div>
   <div class='ocr_carea' id='block_1_22' title="bbox 2011 966 3704 1038">
    <p class='ocr_par' dir='ltr' id='par_1_22' title="bbox 2011 966 3704 1038">
     <span class='ocr_line' id='line_1_22' title="bbox 2011 966 3704 1038; baseline 0.004 -20"><span class='ocrx_word' id='word_1_179' title='bbox 2011 982 2144 1020; x_wconf 89' lang='lat' dir='ltr'><strong>nam</strong></span> <span class='ocrx_word' id='word_1_180' title='bbox 2176 972 2233 1019; x_wconf 89' lang='lat' dir='ltr'><strong>et</strong></span> <span class='ocrx_word' id='word_1_181' title='bbox 2272 966 2377 1019; x_wconf 90' lang='lat' dir='ltr'><strong>hoc</strong></span> <span class='ocrx_word' id='word_1_182' title='bbox 2406 971 2680 1036; x_wconf 90' lang='lat' dir='ltr'><strong>tempore,</strong></span> <span class='ocrx_word' id='word_1_183' title='bbox 2713 982 2826 1037; x_wconf 82' lang='lat' dir='ltr'><strong>quo</strong></span> <span class='ocrx_word' id='word_1_184' title='bbox 2866 967 3213 1021; x_wconf 80' lang='lat' dir='ltr'><strong>discedentes</strong></span> <span class='ocrx_word' id='word_1_185' title='bbox 3266 969 3441 1022; x_wconf 89' lang='lat' dir='ltr'><strong>malos</strong></span> <span class='ocrx_word' id='word_1_186' title='bbox 3473 971 3704 1038; x_wconf 87' lang='lat' dir='ltr'><strong>deserit,</strong></span> 
     </span>
    </p>
   </div>
   <div class='ocr_carea' id='block_1_23' title="bbox 2012 1054 3705 1130">
    <p class='ocr_par' dir='ltr' id='par_1_23' title="bbox 2012 1054 3705 1130">
     <span class='ocr_line' id='line_1_23' title="bbox 2012 1054 3705 1130; baseline 0.005 -23"><span class='ocrx_word' id='word_1_187' title='bbox 2012 1056 2160 1108; x_wconf 90' lang='lat' dir='ltr'><strong>Deus</strong></span> <span class='ocrx_word' id='word_1_188' title='bbox 2190 1072 2303 1107; x_wconf 93' lang='lat' dir='ltr'><strong>non</strong></span> <span class='ocrx_word' id='word_1_189' title='bbox 2337 1062 2608 1125; x_wconf 88' lang='lat' dir='ltr'><strong>operatur</strong></span> <span class='ocrx_word' id='word_1_190' title='bbox 2648 1054 2706 1108; x_wconf 90' lang='lat' dir='ltr'><strong>in</strong></span> <span class='ocrx_word' id='word_1_191' title='bbox 2737 1056 2818 1109; x_wconf 90' lang='lat' dir='ltr'><strong>eis</strong></span> <span class='ocrx_word' id='word_1_192' title='bbox 2856 1056 3005 1125; x_wconf 89' lang='lat' dir='ltr'><strong>quod</strong></span> <span class='ocrx_word' id='word_1_193' title='bbox 3050 1056 3101 1109; x_wconf 92' lang='lat' dir='ltr'><strong>ei</strong></span> <span class='ocrx_word' id='word_1_194' title='bbox 3131 1056 3409 1126; x_wconf 82' lang='lat' dir='ltr'><strong>displicet,</strong></span> <span class='ocrx_word' id='word_1_195' title='bbox 3448 1059 3547 1112; x_wconf 86' lang='lat' dir='ltr'><strong>sed</strong></span> <span class='ocrx_word' id='word_1_196' title='bbox 3576 1078 3705 1130; x_wconf 89' lang='lat' dir='ltr'><strong>ope-</strong></span> 
     </span>
    </p>
   </div>
   <div class='ocr_carea' id='block_1_24' title="bbox 2009 1144 3701 1215">
    <p class='ocr_par' dir='ltr' id='par_1_24' title="bbox 2009 1144 3701 1215">
     <span class='ocr_line' id='line_1_24' title="bbox 2009 1144 3701 1215; baseline 0.004 -19"><span class='ocrx_word' id='word_1_197' title='bbox 2009 1149 2165 1197; x_wconf 87' lang='lat' dir='ltr'><strong>ratur</strong></span> <span class='ocrx_word' id='word_1_198' title='bbox 2193 1160 2295 1214; x_wconf 89' lang='lat' dir='ltr'><strong>per</strong></span> <span class='ocrx_word' id='word_1_199' title='bbox 2325 1160 2420 1196; x_wconf 87' lang='lat' dir='ltr'><strong>eos</strong></span> <span class='ocrx_word' id='word_1_200' title='bbox 2451 1145 2600 1214; x_wconf 86' lang='lat' dir='ltr'><strong>quod</strong></span> <span class='ocrx_word' id='word_1_201' title='bbox 2648 1144 2700 1197; x_wconf 91' lang='lat' dir='ltr'><strong>ei</strong></span> <span class='ocrx_word' id='word_1_202' title='bbox 2752 1146 2953 1215; x_wconf 86' lang='lat' dir='ltr'><strong>placet,</strong></span> <span class='ocrx_word' id='word_1_203' title='bbox 2989 1147 3351 1214; x_wconf 85' lang='lat' dir='ltr'><strong>postmodum</strong></span> <span class='ocrx_word' id='word_1_204' title='bbox 3402 1147 3483 1199; x_wconf 90' lang='lat' dir='ltr'><strong>eis</strong></span> <span class='ocrx_word' id='word_1_205' title='bbox 3516 1150 3701 1203; x_wconf 85' lang='lat' dir='ltr'><strong>reddi-</strong></span> 
     </span>
    </p>
   </div>
   <div class='ocr_carea' id='block_1_25' title="bbox 2007 1232 3704 1304">
    <p class='ocr_par' dir='ltr' id='par_1_25' title="bbox 2007 1232 3704 1304">
     <span class='ocr_line' id='line_1_25' title="bbox 2007 1232 3704 1304; baseline 0.004 -19"><span class='ocrx_word' id='word_1_206' title='bbox 2007 1236 2169 1285; x_wconf 88' lang='lat' dir='ltr'><strong>turus</strong></span> <span class='ocrx_word' id='word_1_207' title='bbox 2244 1232 2397 1301; x_wconf 90' lang='lat' dir='ltr'><strong>quod</strong></span> <span class='ocrx_word' id='word_1_208' title='bbox 2447 1232 2515 1285; x_wconf 78' lang='lat' dir='ltr'><strong>ab</strong></span> <span class='ocrx_word' id='word_1_209' title='bbox 2570 1232 2693 1301; x_wconf 84' lang='lat' dir='ltr'><strong>ejus</strong></span> <span class='ocrx_word' id='word_1_210' title='bbox 2742 1232 2967 1301; x_wconf 88' lang='lat' dir='ltr'><strong>justitia</strong></span> <span class='ocrx_word' id='word_1_211' title='bbox 3029 1238 3341 1289; x_wconf 82' lang='lat' dir='ltr'><strong>merentur.</strong></span> <span class='ocrx_word' id='word_1_212' title='bbox 3406 1236 3704 1304; x_wconf 78' lang='lat' dir='ltr'><strong>ltecipient</strong></span> 
     </span>
    </p>
   </div>
   <div class='ocr_carea' id='block_1_26' title="bbox 2006 1320 3700 1391">
    <p class='ocr_par' dir='ltr' id='par_1_26' title="bbox 2006 1320 3700 1391">
     <span class='ocr_line' id='line_1_26' title="bbox 2006 1320 3700 1391; baseline 0.003 -18"><span class='ocrx_word' id='word_1_213' title='bbox 2006 1320 2180 1385; x_wconf 90' lang='lat' dir='ltr'><strong>enim,</strong></span> <span class='ocrx_word' id='word_1_214' title='bbox 2224 1336 2336 1373; x_wconf 92' lang='lat' dir='ltr'><strong>non</strong></span> <span class='ocrx_word' id='word_1_215' title='bbox 2372 1338 2476 1389; x_wconf 89' lang='lat' dir='ltr'><strong>pro</strong></span> <span class='ocrx_word' id='word_1_216' title='bbox 2516 1337 2583 1375; x_wconf 91' lang='lat' dir='ltr'><strong>eo</strong></span> <span class='ocrx_word' id='word_1_217' title='bbox 2629 1322 2779 1391; x_wconf 90' lang='lat' dir='ltr'><strong>quod</strong></span> <span class='ocrx_word' id='word_1_218' title='bbox 2814 1322 2959 1375; x_wconf 88' lang='lat' dir='ltr'><strong>Deus</strong></span> <span class='ocrx_word' id='word_1_219' title='bbox 3007 1322 3150 1375; x_wconf 87' lang='lat' dir='ltr'><strong>bene</strong></span> <span class='ocrx_word' id='word_1_220' title='bbox 3202 1340 3333 1375; x_wconf 88' lang='lat' dir='ltr'><strong>usus</strong></span> <span class='ocrx_word' id='word_1_221' title='bbox 3377 1329 3463 1377; x_wconf 89' lang='lat' dir='ltr'><strong>est</strong></span> <span class='ocrx_word' id='word_1_222' title='bbox 3502 1341 3700 1380; x_wconf 88' lang='lat' dir='ltr'><strong>eorum</strong></span> 
     </span>
    </p>
   </div>
   <div class='ocr_carea' id='block_1_27' title="bbox 2004 1409 3700 1480">
    <p class='ocr_par' dir='ltr' id='par_1_27' title="bbox 2004 1409 3700 1480">
     <span class='ocr_line' id='line_1_27' title="bbox 2004 1409 3700 1480; baseline 0.003 -18"><span class='ocrx_word' id='word_1_223' title='bbox 2004 1409 2271 1478; x_wconf 85' lang='lat' dir='ltr'><strong>operibus</strong></span> <span class='ocrx_word' id='word_1_224' title='bbox 2286 1409 2472 1475; x_wconf 89' lang='lat' dir='ltr'><strong>malis,</strong></span> <span class='ocrx_word' id='word_1_225' title='bbox 2493 1410 2584 1463; x_wconf 86' lang='lat' dir='ltr'><strong>sed</strong></span> <span class='ocrx_word' id='word_1_226' title='bbox 2604 1426 2705 1479; x_wconf 91' lang='lat' dir='ltr'><strong>pro</strong></span> <span class='ocrx_word' id='word_1_227' title='bbox 2722 1426 2787 1463; x_wconf 92' lang='lat' dir='ltr'><strong>eo</strong></span> <span class='ocrx_word' id='word_1_228' title='bbox 2804 1409 2957 1480; x_wconf 88' lang='lat' dir='ltr'><strong>quod</strong></span> <span class='ocrx_word' id='word_1_229' title='bbox 2972 1411 3078 1480; x_wconf 83' lang='lat' dir='ltr'><strong>ipsi</strong></span> <span class='ocrx_word' id='word_1_230' title='bbox 3104 1411 3433 1477; x_wconf 19' lang='lat' dir='ltr'><strong>malolabusi</strong></span> <span class='ocrx_word' id='word_1_231' title='bbox 3452 1418 3584 1466; x_wconf 91' lang='lat' dir='ltr'><strong>sunt</strong></span> <span class='ocrx_word' id='word_1_232' title='bbox 3602 1414 3700 1467; x_wconf 90' lang='lat' dir='ltr'><strong>Dei</strong></span> 
     </span>
    </p>
   </div>
   <div class='ocr_carea' id='block_1_28' title="bbox 2004 1496 3693 1569">
    <p class='ocr_par' dir='ltr' id='par_1_28' title="bbox 2004 1496 3693 1569">
     <span class='ocr_line' id='line_1_28' title="bbox 2004 1496 3693 1569; baseline 0.005 -22"><span class='ocrx_word' id='word_1_233' title='bbox 2004 1496 2273 1566; x_wconf 85' lang='lat' dir='ltr'><strong>Operihus</strong></span> <span class='ocrx_word' id='word_1_234' title='bbox 2304 1497 2480 1550; x_wconf 87' lang='lat' dir='ltr'><strong>bonis.</strong></span> <span class='ocrx_word' id='word_1_235' title='bbox 2528 1498 2689 1550; x_wconf 84' lang='lat' dir='ltr'><strong>Tales</strong></span> <span class='ocrx_word' id='word_1_236' title='bbox 2724 1498 2916 1567; x_wconf 88' lang='lat' dir='ltr'><strong>itaque</strong></span> <span class='ocrx_word' id='word_1_237' title='bbox 2962 1499 3109 1551; x_wconf 90' lang='lat' dir='ltr'><strong>Deus</strong></span> <span class='ocrx_word' id='word_1_238' title='bbox 3140 1500 3355 1569; x_wconf 79' lang='lat' dir='ltr'><strong>aptavit</strong></span> <span class='ocrx_word' id='word_1_239' title='bbox 3388 1500 3446 1553; x_wconf 91' lang='lat' dir='ltr'><strong>in</strong></span> <span class='ocrx_word' id='word_1_240' title='bbox 3495 1502 3693 1555; x_wconf 85' lang='lat' dir='ltr'><strong>interi-</strong></span> 
     </span>
    </p>
   </div>
   <div class='ocr_carea' id='block_1_29' title="bbox 2002 1586 3695 1660">
    <p class='ocr_par' dir='ltr' id='par_1_29' title="bbox 2002 1586 3695 1660">
     <span class='ocr_line' id='line_1_29' title="bbox 2002 1586 3695 1660; baseline 0.004 -23"><span class='ocrx_word' id='word_1_241' title='bbox 2002 1589 2121 1638; x_wconf 89' lang='lat' dir='ltr'><strong>tum</strong></span> <span class='ocrx_word' id='word_1_242' title='bbox 2155 1586 2492 1655; x_wconf 81' lang='lat' dir='ltr'><strong>punitionis,</strong></span> <span class='ocrx_word' id='word_1_243' title='bbox 2530 1602 2700 1655; x_wconf 90' lang='lat' dir='ltr'><strong>quem</strong></span> <span class='ocrx_word' id='word_1_244' title='bbox 2738 1587 3019 1657; x_wconf 89' lang='lat' dir='ltr'><strong>peccatori</strong></span> <span class='ocrx_word' id='word_1_245' title='bbox 3044 1588 3231 1655; x_wconf 89' lang='lat' dir='ltr'><strong>justus</strong></span> <span class='ocrx_word' id='word_1_246' title='bbox 3258 1589 3431 1658; x_wconf 82' lang='lat' dir='ltr'><strong>judex</strong></span> <span class='ocrx_word' id='word_1_247' title='bbox 3465 1590 3695 1660; x_wconf 67' lang='lat' dir='ltr'><strong>prinde-</strong></span> 
     </span>
    </p>
   </div>
   <div class='ocr_carea' id='block_1_30' title="bbox 2001 1674 3694 1748">
    <p class='ocr_par' dir='ltr' id='par_1_30' title="bbox 2001 1674 3694 1748">
     <span class='ocr_line' id='line_1_30' title="bbox 2001 1674 3694 1748; baseline 0.004 -23"><span class='ocrx_word' id='word_1_248' title='bbox 2001 1674 2309 1728; x_wconf 89' lang='lat' dir='ltr'><strong>stinatione</strong></span> <span class='ocrx_word' id='word_1_249' title='bbox 2352 1675 2505 1745; x_wconf 88' lang='lat' dir='ltr'><strong>justa</strong></span> <span class='ocrx_word' id='word_1_250' title='bbox 2561 1674 2827 1740; x_wconf 86' lang='lat' dir='ltr'><strong>decrevit,</strong></span> <span class='ocrx_word' id='word_1_251' title='bbox 2876 1692 2996 1729; x_wconf 90' lang='lat' dir='ltr'><strong>non</strong></span> <span class='ocrx_word' id='word_1_252' title='bbox 3049 1676 3108 1729; x_wconf 90' lang='lat' dir='ltr'><strong>in</strong></span> <span class='ocrx_word' id='word_1_253' title='bbox 3163 1683 3483 1747; x_wconf 89' lang='lat' dir='ltr'><strong>peccatum,</strong></span> <span class='ocrx_word' id='word_1_254' title='bbox 3540 1680 3694 1748; x_wconf 90' lang='lat' dir='ltr'><strong>quod</strong></span> 
     </span>
    </p>
   </div>
   <div class='ocr_carea' id='block_1_31' title="bbox 183 1735 3694 1832">
    <p class='ocr_par' dir='ltr' id='par_1_31' title="bbox 183 1735 3694 1832">
     <span class='ocr_line' id='line_1_31' title="bbox 183 1735 3694 1832; baseline 0.002 -19"><span class='ocrx_word' id='word_1_255' title='bbox 183 1762 239 1815; x_wconf 90' lang='lat' dir='ltr'><strong>in</strong></span> <span class='ocrx_word' id='word_1_256' title='bbox 291 1766 591 1814; x_wconf 81' lang='lat' dir='ltr'><strong>aeternum</strong></span> <span class='ocrx_word' id='word_1_257' title='bbox 642 1760 1014 1814; x_wconf 88' lang='lat' dir='ltr'><strong>damnaturus</strong></span> <span class='ocrx_word' id='word_1_258' title='bbox 1060 1766 1143 1814; x_wconf 91' lang='lat' dir='ltr'><strong>est</strong></span> <span class='ocrx_word' id='word_1_259' title='bbox 1180 1762 1344 1827; x_wconf 89' lang='lat' dir='ltr'><strong>Deus,</strong></span> <span class='ocrx_word' id='word_1_260' title='bbox 1378 1764 1427 1827; x_wconf 71' lang='grc' dir='ltr'><strong>ί‹‹</strong></span> <span class='ocrx_word' id='word_1_261' title='bbox 1480 1778 1611 1814; x_wconf 90' lang='lat' dir='ltr'><strong>vasa</strong></span> <span class='ocrx_word' id='word_1_262' title='bbox 1652 1784 1679 1809; x_wconf 85' lang='lat'>»</span> <span class='ocrx_word' id='word_1_263' title='bbox 1728 1768 1891 1815; x_wconf 86' lang='lat' dir='ltr'><strong>vocat</strong></span> <span class='ocrx_word' id='word_1_264' title='bbox 1924 1735 1962 1789; x_wconf 75' lang='grc' dir='ltr'>Β</span> <span class='ocrx_word' id='word_1_265' title='bbox 2004 1762 2174 1815; x_wconf 91' lang='lat' dir='ltr'><strong>homo</strong></span> <span class='ocrx_word' id='word_1_266' title='bbox 2210 1779 2320 1815; x_wconf 93' lang='lat' dir='ltr'><strong>non</strong></span> <span class='ocrx_word' id='word_1_267' title='bbox 2373 1779 2436 1816; x_wconf 83' lang='lat' dir='ltr'><strong>ex</strong></span> <span class='ocrx_word' id='word_1_268' title='bbox 2472 1763 2978 1832; x_wconf 74' lang='lat' dir='ltr'><strong>przedestinatione</strong></span> <span class='ocrx_word' id='word_1_269' title='bbox 3015 1764 3203 1818; x_wconf 82' lang='lat' dir='ltr'><strong>divina</strong></span> <span class='ocrx_word' id='word_1_270' title='bbox 3256 1767 3353 1819; x_wconf 90' lang='lat' dir='ltr'><strong>sed</strong></span> <span class='ocrx_word' id='word_1_271' title='bbox 3386 1784 3452 1820; x_wconf 82' lang='lat' dir='ltr'><strong>ex</strong></span> <span class='ocrx_word' id='word_1_272' title='bbox 3488 1767 3694 1820; x_wconf 85' lang='lat' dir='ltr'><strong>volun—</strong></span> 
     </span>
    </p>
   </div>
   <div class='ocr_carea' id='block_1_32' title="bbox 188 1848 1891 1918">
    <p class='ocr_par' dir='ltr' id='par_1_32' title="bbox 188 1848 1891 1918">
     <span class='ocr_line' id='line_1_32' title="bbox 188 1848 1891 1918; baseline 0 -16"><span class='ocrx_word' id='word_1_273' title='bbox 188 1872 211 1896; x_wconf 74' lang='grc' dir='ltr'><strong>τι</strong></span> <span class='ocrx_word' id='word_1_274' title='bbox 243 1849 369 1913; x_wconf 67' lang='lat' dir='ltr'><strong>iraa,</strong></span> <span class='ocrx_word' id='word_1_275' title='bbox 408 1870 436 1896; x_wconf 79' lang='grc'><strong>››</strong></span> <span class='ocrx_word' id='word_1_276' title='bbox 477 1865 596 1902; x_wconf 88' lang='lat' dir='ltr'><strong>non</strong></span> <span class='ocrx_word' id='word_1_277' title='bbox 615 1849 815 1918; x_wconf 71' lang='lat' dir='ltr'><strong>culpm.</strong></span> <span class='ocrx_word' id='word_1_278' title='bbox 840 1848 933 1901; x_wconf 82' lang='lat' dir='ltr'><strong>Ait</strong></span> <span class='ocrx_word' id='word_1_279' title='bbox 962 1848 1115 1901; x_wconf 91' lang='lat' dir='ltr'><strong>enim</strong></span> <span class='ocrx_word' id='word_1_280' title='bbox 1147 1865 1159 1902; x_wconf 87' lang='lat'><strong>:</strong></span> <span class='ocrx_word' id='word_1_281' title='bbox 1190 1869 1210 1897; x_wconf 79' lang='grc' dir='ltr'>ι</span> <span class='ocrx_word' id='word_1_282' title='bbox 1244 1848 1406 1912; x_wconf 88' lang='lat' dir='ltr'><strong>Quod</strong></span> <span class='ocrx_word' id='word_1_283' title='bbox 1439 1849 1485 1901; x_wconf 92' lang='lat' dir='ltr'><strong>si</strong></span> <span class='ocrx_word' id='word_1_284' title='bbox 1515 1848 1710 1902; x_wconf 85' lang='lat' dir='ltr'><strong>volens</strong></span> <span class='ocrx_word' id='word_1_285' title='bbox 1744 1851 1891 1902; x_wconf 82' lang='lat' dir='ltr'><strong>Deus</strong></span> 
     </span>
    </p>
   </div>
   <div class='ocr_carea' id='block_1_33' title="bbox 184 1937 1889 2006">
    <p class='ocr_par' dir='ltr' id='par_1_33' title="bbox 184 1937 1889 2006">
     <span class='ocr_line' id='line_1_33' title="bbox 184 1937 1889 2006; baseline 0.001 -16"><span class='ocrx_word' id='word_1_286' title='bbox 184 1937 492 1990; x_wconf 89' lang='lat' dir='ltr'><strong>ostendere</strong></span> <span class='ocrx_word' id='word_1_287' title='bbox 517 1937 684 1997; x_wconf 87' lang='lat' dir='ltr'><strong>iram,</strong></span> <span class='ocrx_word' id='word_1_288' title='bbox 711 1942 766 1989; x_wconf 88' lang='lat' dir='ltr'><strong>et</strong></span> <span class='ocrx_word' id='word_1_289' title='bbox 796 1941 987 1990; x_wconf 90' lang='lat' dir='ltr'><strong>notam</strong></span> <span class='ocrx_word' id='word_1_290' title='bbox 1009 1937 1194 1991; x_wconf 89' lang='lat' dir='ltr'><strong>facere</strong></span> <span class='ocrx_word' id='word_1_291' title='bbox 1216 1937 1534 2006; x_wconf 86' lang='lat' dir='ltr'><strong>potentiam</strong></span> <span class='ocrx_word' id='word_1_292' title='bbox 1559 1954 1741 2001; x_wconf 91' lang='lat' dir='ltr'><strong>suam,</strong></span> <span class='ocrx_word' id='word_1_293' title='bbox 1768 1955 1889 1991; x_wconf 85' lang='lat' dir='ltr'><strong>sus-</strong></span> 
     </span>
    </p>
   </div>
   <div class='ocr_carea' id='block_1_34' title="bbox 184 2026 1888 2096">
    <p class='ocr_par' dir='ltr' id='par_1_34' title="bbox 184 2026 1888 2096">
     <span class='ocr_line' id='line_1_34' title="bbox 184 2026 1888 2096; baseline 0.001 -18"><span class='ocrx_word' id='word_1_294' title='bbox 184 2027 359 2079; x_wconf 87' lang='lat' dir='ltr'><strong>tinuit</strong></span> <span class='ocrx_word' id='word_1_295' title='bbox 395 2026 455 2078; x_wconf 88' lang='lat' dir='ltr'><strong>in</strong></span> <span class='ocrx_word' id='word_1_296' title='bbox 496 2026 677 2078; x_wconf 88' lang='lat' dir='ltr'><strong>multa</strong></span> <span class='ocrx_word' id='word_1_297' title='bbox 708 2026 980 2095; x_wconf 88' lang='lat' dir='ltr'><strong>patientia</strong></span> <span class='ocrx_word' id='word_1_298' title='bbox 1002 2042 1129 2079; x_wconf 86' lang='lat' dir='ltr'><strong>vasa</strong></span> <span class='ocrx_word' id='word_1_299' title='bbox 1156 2026 1256 2078; x_wconf 64' lang='lat' dir='ltr'><strong>ira!</strong></span> <span class='ocrx_word' id='word_1_300' title='bbox 1284 2026 1554 2096; x_wconf 89' lang='lat' dir='ltr'><strong>aptatain</strong></span> <span class='ocrx_word' id='word_1_301' title='bbox 1592 2026 1888 2081; x_wconf 90' lang='lat' dir='ltr'><strong>interitum</strong></span> 
     </span>
    </p>
   </div>
   <div class='ocr_carea' id='block_1_35' title="bbox 184 2114 1889 2184">
    <p class='ocr_par' dir='ltr' id='par_1_35' title="bbox 184 2114 1889 2184">
     <span class='ocr_line' id='line_1_35' title="bbox 184 2114 1889 2184; baseline 0.001 -17"><span class='ocrx_word' id='word_1_302' title='bbox 184 2120 244 2167; x_wconf 94' lang='lat' dir='ltr'><strong>ut</strong></span> <span class='ocrx_word' id='word_1_303' title='bbox 274 2115 620 2167; x_wconf 83' lang='lat' dir='ltr'><strong>ostenderet</strong></span> <span class='ocrx_word' id='word_1_304' title='bbox 648 2114 874 2167; x_wconf 85' lang='lat' dir='ltr'><strong>divitias</strong></span> <span class='ocrx_word' id='word_1_305' title='bbox 904 2115 1102 2184; x_wconf 62' lang='lat' dir='ltr'><strong>gloriae</strong></span> <span class='ocrx_word' id='word_1_306' title='bbox 1142 2131 1259 2168; x_wconf 73' lang='lat' dir='ltr'><strong>sua:</strong></span> <span class='ocrx_word' id='word_1_307' title='bbox 1290 2114 1349 2168; x_wconf 88' lang='lat' dir='ltr'><strong>in</strong></span> <span class='ocrx_word' id='word_1_308' title='bbox 1379 2131 1511 2169; x_wconf 83' lang='lat' dir='ltr'><strong>vasa</strong></span> <span class='ocrx_word' id='word_1_309' title='bbox 1562 2116 1889 2169; x_wconf 89' lang='lat' dir='ltr'><strong>misericor-</strong></span> 
     </span>
    </p>
   </div>
   <div class='ocr_carea' id='block_1_36' title="bbox 184 2202 1888 2273">
    <p class='ocr_par' dir='ltr' id='par_1_36' title="bbox 184 2202 1888 2273">
     <span class='ocr_line' id='line_1_36' title="bbox 184 2202 1888 2273; baseline 0.001 -17"><span class='ocrx_word' id='word_1_310' title='bbox 184 2204 307 2265; x_wconf 64' lang='lat' dir='ltr'><strong>diae,</strong></span> <span class='ocrx_word' id='word_1_311' title='bbox 344 2219 483 2271; x_wconf 69' lang='lat' dir='ltr'><strong>qua:</strong></span> <span class='ocrx_word' id='word_1_312' title='bbox 518 2202 861 2271; x_wconf 64' lang='lat' dir='ltr'><strong>praeparavit</strong></span> <span class='ocrx_word' id='word_1_313' title='bbox 908 2202 967 2254; x_wconf 90' lang='lat' dir='ltr'><strong>in</strong></span> <span class='ocrx_word' id='word_1_314' title='bbox 999 2203 1243 2271; x_wconf 86' lang='lat' dir='ltr'><strong>gloriam</strong></span> <span class='ocrx_word' id='word_1_315' title='bbox 1274 2204 1454 2272; x_wconf 87' lang='lat' dir='ltr'><strong>(Rom.</strong></span> <span class='ocrx_word' id='word_1_316' title='bbox 1486 2221 1555 2270; x_wconf 81' lang='lat' dir='ltr'><strong>ix,</strong></span> <span class='ocrx_word' id='word_1_317' title='bbox 1589 2206 1678 2269; x_wconf 81' lang='lat'><strong>22,</strong></span> <span class='ocrx_word' id='word_1_318' title='bbox 1711 2206 1823 2273; x_wconf 77' lang='lat'><strong>23).</strong></span> <span class='ocrx_word' id='word_1_319' title='bbox 1862 2226 1888 2252; x_wconf 87' lang='lat'>»</span> 
     </span>
    </p>
   </div>
   <div class='ocr_carea' id='block_1_37' title="bbox 256 2291 1891 2362">
    <p class='ocr_par' dir='ltr' id='par_1_37' title="bbox 256 2291 1891 2362">
     <span class='ocr_line' id='line_1_37' title="bbox 256 2291 1891 2362; baseline 0 -17"><span class='ocrx_word' id='word_1_320' title='bbox 256 2292 320 2345; x_wconf 89' lang='lat' dir='ltr'><strong>In</strong></span> <span class='ocrx_word' id='word_1_321' title='bbox 347 2292 458 2344; x_wconf 86' lang='lat' dir='ltr'><strong>hac</strong></span> <span class='ocrx_word' id='word_1_322' title='bbox 489 2294 749 2343; x_wconf 80' lang='lat' dir='ltr'><strong>extrema</strong></span> <span class='ocrx_word' id='word_1_323' title='bbox 776 2291 1054 2343; x_wconf 85' lang='lat' dir='ltr'><strong>sententia</strong></span> <span class='ocrx_word' id='word_1_324' title='bbox 1086 2292 1403 2345; x_wconf 85' lang='lat' dir='ltr'><strong>notandum</strong></span> <span class='ocrx_word' id='word_1_325' title='bbox 1436 2293 1585 2362; x_wconf 90' lang='lat' dir='ltr'><strong>quod</strong></span> <span class='ocrx_word' id='word_1_326' title='bbox 1618 2293 1685 2346; x_wconf 92' lang='lat' dir='ltr'><strong>de</strong></span> <span class='ocrx_word' id='word_1_327' title='bbox 1716 2293 1891 2345; x_wconf 80' lang='lat' dir='ltr'><strong>Evan-</strong></span> 
     </span>
    </p>
   </div>
   <div class='ocr_carea' id='block_1_38' title="bbox 187 2378 1892 2449">
    <p class='ocr_par' dir='ltr' id='par_1_38' title="bbox 187 2378 1892 2449">
     <span class='ocr_line' id='line_1_38' title="bbox 187 2378 1892 2449; baseline 0.001 -17"><span class='ocrx_word' id='word_1_328' title='bbox 187 2380 340 2449; x_wconf 84' lang='lat' dir='ltr'><strong>gelio</strong></span> <span class='ocrx_word' id='word_1_329' title='bbox 374 2395 617 2431; x_wconf 86' lang='lat' dir='ltr'><strong>sumens</strong></span> <span class='ocrx_word' id='word_1_330' title='bbox 662 2378 1075 2446; x_wconf 86' lang='lat' dir='ltr'><strong>testimonium,</strong></span> <span class='ocrx_word' id='word_1_331' title='bbox 1106 2380 1187 2432; x_wconf 89' lang='lat' dir='ltr'><strong>ait</strong></span> <span class='ocrx_word' id='word_1_332' title='bbox 1236 2379 1679 2449; x_wconf 67' lang='lat' dir='ltr'><strong>prmdestinatos</strong></span> <span class='ocrx_word' id='word_1_333' title='bbox 1711 2382 1892 2434; x_wconf 86' lang='lat' dir='ltr'><strong>malos</strong></span> 
     </span>
    </p>
   </div>
   <div class='ocr_carea' id='block_1_39' title="bbox 190 2467 1889 2537">
    <p class='ocr_par' dir='ltr' id='par_1_39' title="bbox 190 2467 1889 2537">
     <span class='ocr_line' id='line_1_39' title="bbox 190 2467 1889 2537; baseline 0.001 -16"><span class='ocrx_word' id='word_1_334' title='bbox 190 2470 246 2521; x_wconf 90' lang='lat' dir='ltr'><strong>in</strong></span> <span class='ocrx_word' id='word_1_335' title='bbox 292 2469 500 2537; x_wconf 83' lang='lat' dir='ltr'><strong>ignem</strong></span> <span class='ocrx_word' id='word_1_336' title='bbox 566 2472 872 2532; x_wconf 72' lang='lat' dir='ltr'><strong>aeternum,</strong></span> <span class='ocrx_word' id='word_1_337' title='bbox 925 2483 989 2519; x_wconf 92' lang='lat' dir='ltr'><strong>eo</strong></span> <span class='ocrx_word' id='word_1_338' title='bbox 1046 2467 1196 2537; x_wconf 88' lang='lat' dir='ltr'><strong>quod</strong></span> <span class='ocrx_word' id='word_1_339' title='bbox 1249 2468 1506 2522; x_wconf 62' lang='lat' dir='ltr'><strong>dicturus</strong></span> <span class='ocrx_word' id='word_1_340' title='bbox 1562 2474 1646 2522; x_wconf 89' lang='lat' dir='ltr'><strong>est</strong></span> <span class='ocrx_word' id='word_1_341' title='bbox 1694 2470 1889 2523; x_wconf 89' lang='lat' dir='ltr'><strong>Domi-</strong></span> 
     </span>
    </p>
   </div>
   <div class='ocr_carea' id='block_1_40' title="bbox 187 2556 1888 2627">
    <p class='ocr_par' dir='ltr' id='par_1_40' title="bbox 187 2556 1888 2627">
     <span class='ocr_line' id='line_1_40' title="bbox 187 2556 1888 2627; baseline 0.001 -17"><span class='ocrx_word' id='word_1_342' title='bbox 187 2573 293 2610; x_wconf 90' lang='lat' dir='ltr'><strong>nus</strong></span> <span class='ocrx_word' id='word_1_343' title='bbox 338 2558 397 2609; x_wconf 90' lang='lat' dir='ltr'><strong>in</strong></span> <span class='ocrx_word' id='word_1_344' title='bbox 444 2556 689 2622; x_wconf 86' lang='lat' dir='ltr'><strong>judicio,</strong></span> <span class='ocrx_word' id='word_1_345' title='bbox 742 2572 853 2608; x_wconf 92' lang='lat' dir='ltr'><strong>non</strong></span> <span class='ocrx_word' id='word_1_346' title='bbox 892 2556 1073 2609; x_wconf 88' lang='lat' dir='ltr'><strong>solum</strong></span> <span class='ocrx_word' id='word_1_347' title='bbox 1129 2556 1311 2623; x_wconf 81' lang='lat' dir='ltr'><strong>bonis,</strong></span> <span class='ocrx_word' id='word_1_348' title='bbox 1366 2561 1426 2609; x_wconf 90' lang='lat' dir='ltr'><strong>ut</strong></span> <span class='ocrx_word' id='word_1_349' title='bbox 1457 2557 1888 2627; x_wconf 86' lang='lat' dir='ltr'><strong>percipiautre-</strong></span> 
     </span>
    </p>
   </div>
   <div class='ocr_carea' id='block_1_41' title="bbox 188 2643 1888 2715">
    <p class='ocr_par' dir='ltr' id='par_1_41' title="bbox 188 2643 1888 2715">
     <span class='ocr_line' id='line_1_41' title="bbox 188 2643 1888 2715; baseline 0.001 -17"><span class='ocrx_word' id='word_1_350' title='bbox 188 2662 365 2715; x_wconf 86' lang='lat' dir='ltr'><strong>gnum</strong></span> <span class='ocrx_word' id='word_1_351' title='bbox 418 2643 531 2697; x_wconf 89' lang='lat' dir='ltr'><strong>sibi</strong></span> <span class='ocrx_word' id='word_1_352' title='bbox 582 2649 847 2713; x_wconf 88' lang='lat' dir='ltr'><strong>paratum</strong></span> <span class='ocrx_word' id='word_1_353' title='bbox 896 2660 928 2696; x_wconf 89' lang='lat' dir='ltr'><strong>a</strong></span> <span class='ocrx_word' id='word_1_354' title='bbox 982 2644 1384 2697; x_wconf 87' lang='lat' dir='ltr'><strong>constitutione</strong></span> <span class='ocrx_word' id='word_1_355' title='bbox 1427 2645 1644 2715; x_wconf 86' lang='lat' dir='ltr'><strong>mundi,</strong></span> <span class='ocrx_word' id='word_1_356' title='bbox 1693 2663 1888 2701; x_wconf 85' lang='lat' dir='ltr'><strong>verum</strong></span> 
     </span>
    </p>
   </div>
   <div class='ocr_carea' id='block_1_42' title="bbox 186 2732 1888 2803">
    <p class='ocr_par' dir='ltr' id='par_1_42' title="bbox 186 2732 1888 2803">
     <span class='ocr_line' id='line_1_42' title="bbox 186 2732 1888 2803; baseline 0.001 -18"><span class='ocrx_word' id='word_1_357' title='bbox 186 2734 336 2803; x_wconf 87' lang='lat' dir='ltr'><strong>quod</strong></span> <span class='ocrx_word' id='word_1_358' title='bbox 372 2733 546 2785; x_wconf 87' lang='lat' dir='ltr'><strong>malis</strong></span> <span class='ocrx_word' id='word_1_359' title='bbox 576 2732 831 2785; x_wconf 89' lang='lat' dir='ltr'><strong>dicturus</strong></span> <span class='ocrx_word' id='word_1_360' title='bbox 861 2738 943 2785; x_wconf 88' lang='lat' dir='ltr'><strong>est</strong></span> <span class='ocrx_word' id='word_1_361' title='bbox 974 2748 987 2785; x_wconf 86' lang='lat'>:</span> <span class='ocrx_word' id='word_1_362' title='bbox 1034 2752 1059 2781; x_wconf 86' lang='grc'><strong>‹‹</strong></span> <span class='ocrx_word' id='word_1_363' title='bbox 1106 2734 1205 2797; x_wconf 90' lang='lat' dir='ltr'><strong>Ite,</strong></span> <span class='ocrx_word' id='word_1_364' title='bbox 1249 2734 1555 2799; x_wconf 78' lang='lat' dir='ltr'><strong>maledicti,</strong></span> <span class='ocrx_word' id='word_1_365' title='bbox 1593 2735 1650 2787; x_wconf 92' lang='lat' dir='ltr'><strong>in</strong></span> <span class='ocrx_word' id='word_1_366' title='bbox 1700 2734 1888 2803; x_wconf 89' lang='lat' dir='ltr'><strong>ignem</strong></span> 
     </span>
    </p>
   </div>
   <div class='ocr_carea' id='block_1_43' title="bbox 189 2821 1888 2892">
    <p class='ocr_par' dir='ltr' id='par_1_43' title="bbox 189 2821 1888 2892">
     <span class='ocr_line' id='line_1_43' title="bbox 189 2821 1888 2892; baseline -0.001 -17"><span class='ocrx_word' id='word_1_367' title='bbox 189 2830 502 2885; x_wconf 62' lang='lat' dir='ltr'><strong>aeternum,</strong></span> <span class='ocrx_word' id='word_1_368' title='bbox 539 2821 638 2892; x_wconf 88' lang='lat' dir='ltr'><strong>qui</strong></span> <span class='ocrx_word' id='word_1_369' title='bbox 675 2826 905 2890; x_wconf 89' lang='lat' dir='ltr'><strong>paratus</strong></span> <span class='ocrx_word' id='word_1_370' title='bbox 949 2826 1033 2873; x_wconf 88' lang='lat' dir='ltr'><strong>est</strong></span> <span class='ocrx_word' id='word_1_371' title='bbox 1067 2821 1293 2875; x_wconf 88' lang='lat' dir='ltr'><strong>diabolo</strong></span> <span class='ocrx_word' id='word_1_372' title='bbox 1327 2827 1382 2875; x_wconf 87' lang='lat' dir='ltr'><strong>ct</strong></span> <span class='ocrx_word' id='word_1_373' title='bbox 1430 2822 1649 2891; x_wconf 83' lang='lat' dir='ltr'><strong>angelis</strong></span> <span class='ocrx_word' id='word_1_374' title='bbox 1680 2824 1828 2892; x_wconf 66' lang='lat' dir='ltr'><strong>ejus:</strong></span> <span class='ocrx_word' id='word_1_375' title='bbox 1863 2844 1888 2873; x_wconf 76' lang='grc' dir='ltr'><strong>υ</strong></span> 
     </span>
    </p>
   </div>
   <div class='ocr_carea' id='block_1_44' title="bbox 187 2910 1893 2981">
    <p class='ocr_par' dir='ltr' id='par_1_44' title="bbox 187 2910 1893 2981">
     <span class='ocr_line' id='line_1_44' title="bbox 187 2910 1893 2981; baseline 0 -16"><span class='ocrx_word' id='word_1_376' title='bbox 187 2929 250 2965; x_wconf 78' lang='lat' dir='ltr'><strong>ex</strong></span> <span class='ocrx_word' id='word_1_377' title='bbox 284 2913 395 2965; x_wconf 89' lang='lat' dir='ltr'><strong>hoc</strong></span> <span class='ocrx_word' id='word_1_378' title='bbox 424 2911 586 2965; x_wconf 88' lang='lat' dir='ltr'><strong>enim</strong></span> <span class='ocrx_word' id='word_1_379' title='bbox 618 2910 895 2980; x_wconf 88' lang='lat' dir='ltr'><strong>approbat</strong></span> <span class='ocrx_word' id='word_1_380' title='bbox 929 2910 1077 2980; x_wconf 89' lang='lat' dir='ltr'><strong>quod</strong></span> <span class='ocrx_word' id='word_1_381' title='bbox 1114 2911 1343 2981; x_wconf 88' lang='lat' dir='ltr'><strong>iniquos</strong></span> <span class='ocrx_word' id='word_1_382' title='bbox 1374 2917 1429 2965; x_wconf 94' lang='lat' dir='ltr'><strong>et</strong></span> <span class='ocrx_word' id='word_1_383' title='bbox 1462 2912 1673 2981; x_wconf 91' lang='lat' dir='ltr'><strong>impios</strong></span> <span class='ocrx_word' id='word_1_384' title='bbox 1707 2912 1893 2966; x_wconf 88' lang='lat' dir='ltr'><strong>Domi-</strong></span> 
     </span>
    </p>
   </div>
   <div class='ocr_carea' id='block_1_45' title="bbox 188 2998 1961 3086">
    <p class='ocr_par' dir='ltr' id='par_1_45' title="bbox 188 2998 1961 3086">
     <span class='ocr_line' id='line_1_45' title="bbox 188 2998 1961 3086; baseline -0.001 -32"><span class='ocrx_word' id='word_1_385' title='bbox 188 3017 291 3054; x_wconf 89' lang='lat' dir='ltr'><strong>nus</strong></span> <span class='ocrx_word' id='word_1_386' title='bbox 322 2998 824 3070; x_wconf 80' lang='lat' dir='ltr'><strong>praedestinaverit</strong></span> <span class='ocrx_word' id='word_1_387' title='bbox 854 2998 923 3052; x_wconf 89' lang='lat' dir='ltr'><strong>ad</strong></span> <span class='ocrx_word' id='word_1_388' title='bbox 955 2998 1319 3068; x_wconf 87' lang='lat' dir='ltr'><strong>supplicium,</strong></span> <span class='ocrx_word' id='word_1_389' title='bbox 1353 3015 1419 3051; x_wconf 91' lang='lat' dir='ltr'><strong>eo</strong></span> <span class='ocrx_word' id='word_1_390' title='bbox 1456 3000 1606 3069; x_wconf 84' lang='lat' dir='ltr'><strong>quod</strong></span> <span class='ocrx_word' id='word_1_391' title='bbox 1656 3000 1767 3053; x_wconf 91' lang='lat' dir='ltr'><strong>illis</strong></span> <span class='ocrx_word' id='word_1_392' title='bbox 1799 3000 1891 3053; x_wconf 89' lang='lat' dir='ltr'><strong>di-</strong></span> <span class='ocrx_word' id='word_1_393' title='bbox 1923 3034 1961 3086; x_wconf 58' lang='grc' dir='ltr'><strong>Ο</strong></span> 
     </span>
    </p>
   </div>
   <div class='ocr_carea' id='block_1_46' title="bbox 189 3087 1892 3159">
    <p class='ocr_par' dir='ltr' id='par_1_46' title="bbox 189 3087 1892 3159">
     <span class='ocr_line' id='line_1_46' title="bbox 189 3087 1892 3159; baseline 0 -17"><span class='ocrx_word' id='word_1_394' title='bbox 189 3095 387 3142; x_wconf 86' lang='lat' dir='ltr'><strong>cturus</strong></span> <span class='ocrx_word' id='word_1_395' title='bbox 424 3094 515 3141; x_wconf 86' lang='lat' dir='ltr'><strong>est</strong></span> <span class='ocrx_word' id='word_1_396' title='bbox 544 3104 556 3141; x_wconf 93' lang='lat'><strong>:</strong></span> <span class='ocrx_word' id='word_1_397' title='bbox 584 3110 610 3135; x_wconf 84' lang='grc'><em>‹‹</em></span> <span class='ocrx_word' id='word_1_398' title='bbox 646 3088 727 3141; x_wconf 89' lang='lat' dir='ltr'><strong>Ite</strong></span> <span class='ocrx_word' id='word_1_399' title='bbox 754 3087 812 3139; x_wconf 90' lang='lat' dir='ltr'><strong>in</strong></span> <span class='ocrx_word' id='word_1_400' title='bbox 843 3087 1032 3156; x_wconf 81' lang='lat' dir='ltr'><strong>ignem</strong></span> <span class='ocrx_word' id='word_1_401' title='bbox 1055 3092 1353 3140; x_wconf 67' lang='lat' dir='ltr'><strong>internum.</strong></span> <span class='ocrx_word' id='word_1_402' title='bbox 1391 3106 1413 3138; x_wconf 74' lang='grc' dir='ltr'><strong>ι)</strong></span> <span class='ocrx_word' id='word_1_403' title='bbox 1434 3088 1591 3141; x_wconf 90' lang='lat' dir='ltr'><strong>Unde</strong></span> <span class='ocrx_word' id='word_1_404' title='bbox 1625 3102 1648 3131; x_wconf 73' lang='grc' dir='ltr'>ιι</span> <span class='ocrx_word' id='word_1_405' title='bbox 1671 3088 1767 3159; x_wconf 89' lang='lat' dir='ltr'><strong>qui</strong></span> <span class='ocrx_word' id='word_1_406' title='bbox 1799 3105 1892 3142; x_wconf 88' lang='lat' dir='ltr'><strong>vo-</strong></span> 
     </span>
    </p>
   </div>
   <div class='ocr_carea' id='block_1_47' title="bbox 191 3175 1890 3245">
    <p class='ocr_par' dir='ltr' id='par_1_47' title="bbox 191 3175 1890 3245">
     <span class='ocr_line' id='line_1_47' title="bbox 191 3175 1890 3245; baseline 0 -16"><span class='ocrx_word' id='word_1_407' title='bbox 191 3178 314 3229; x_wconf 88' lang='lat' dir='ltr'><strong>lunt</strong></span> <span class='ocrx_word' id='word_1_408' title='bbox 346 3178 543 3230; x_wconf 86' lang='lat' dir='ltr'><strong>dicere</strong></span> <span class='ocrx_word' id='word_1_409' title='bbox 573 3176 726 3245; x_wconf 90' lang='lat' dir='ltr'><strong>quod</strong></span> <span class='ocrx_word' id='word_1_410' title='bbox 758 3191 925 3245; x_wconf 79' lang='lat' dir='ltr'><strong>poena</strong></span> <span class='ocrx_word' id='word_1_411' title='bbox 957 3176 1360 3245; x_wconf 72' lang='lat' dir='ltr'><strong>pi‘mdestinata</strong></span> <span class='ocrx_word' id='word_1_412' title='bbox 1387 3176 1458 3229; x_wconf 86' lang='lat' dir='ltr'><strong>sit</strong></span> <span class='ocrx_word' id='word_1_413' title='bbox 1498 3175 1741 3244; x_wconf 82' lang='lat' dir='ltr'><strong>injustis,</strong></span> <span class='ocrx_word' id='word_1_414' title='bbox 1775 3192 1890 3229; x_wconf 91' lang='lat' dir='ltr'><strong>non</strong></span> 
     </span>
    </p>
   </div>
   <div class='ocr_carea' id='block_1_48' title="bbox 191 3263 1890 3335">
    <p class='ocr_par' dir='ltr' id='par_1_48' title="bbox 191 3263 1890 3335">
     <span class='ocr_line' id='line_1_48' title="bbox 191 3263 1890 3335; baseline -0.002 -16"><span class='ocrx_word' id='word_1_415' title='bbox 191 3266 390 3335; x_wconf 87' lang='lat' dir='ltr'><strong>injusti</strong></span> <span class='ocrx_word' id='word_1_416' title='bbox 426 3264 820 3335; x_wconf 68' lang='lat' dir='ltr'><strong>praedestinati</strong></span> <span class='ocrx_word' id='word_1_417' title='bbox 859 3270 989 3317; x_wconf 89' lang='lat' dir='ltr'><strong>sunt</strong></span> <span class='ocrx_word' id='word_1_418' title='bbox 1028 3265 1097 3318; x_wconf 88' lang='lat' dir='ltr'><strong>ad</strong></span> <span class='ocrx_word' id='word_1_419' title='bbox 1149 3280 1396 3333; x_wconf 67' lang='lat' dir='ltr'><strong>pmnam,</strong></span> <span class='ocrx_word' id='word_1_420' title='bbox 1433 3264 1677 3317; x_wconf 86' lang='lat' dir='ltr'><strong>viderint</strong></span> <span class='ocrx_word' id='word_1_421' title='bbox 1710 3263 1890 3333; x_wconf 89' lang='lat' dir='ltr'><strong>quali-</strong></span> 
     </span>
    </p>
   </div>
   <div class='ocr_carea' id='block_1_49' title="bbox 194 3353 1889 3424">
    <p class='ocr_par' dir='ltr' id='par_1_49' title="bbox 194 3353 1889 3424">
     <span class='ocr_line' id='line_1_49' title="bbox 194 3353 1889 3424; baseline -0.001 -17"><span class='ocrx_word' id='word_1_422' title='bbox 194 3359 278 3407; x_wconf 89' lang='lat' dir='ltr'><strong>ter</strong></span> <span class='ocrx_word' id='word_1_423' title='bbox 304 3355 477 3423; x_wconf 85' lang='lat' dir='ltr'><strong>hujus</strong></span> <span class='ocrx_word' id='word_1_424' title='bbox 517 3354 767 3407; x_wconf 80' lang='lat' dir='ltr'><strong>auctoris</strong></span> <span class='ocrx_word' id='word_1_425' title='bbox 799 3353 946 3407; x_wconf 89' lang='lat' dir='ltr'><strong>dicta</strong></span> <span class='ocrx_word' id='word_1_426' title='bbox 991 3353 1315 3422; x_wconf 84' lang='lat' dir='ltr'><strong>intelligant</strong></span> <span class='ocrx_word' id='word_1_427' title='bbox 1348 3370 1360 3407; x_wconf 93' lang='lat'>:</span> <span class='ocrx_word' id='word_1_428' title='bbox 1412 3354 1502 3405; x_wconf 88' lang='lat' dir='ltr'><strong>cui</strong></span> <span class='ocrx_word' id='word_1_429' title='bbox 1535 3353 1690 3407; x_wconf 91' lang='lat' dir='ltr'><strong>enim</strong></span> <span class='ocrx_word' id='word_1_430' title='bbox 1723 3368 1889 3424; x_wconf 83' lang='lat' dir='ltr'><strong>para-</strong></span> 
     </span>
    </p>
   </div>
   <div class='ocr_carea' id='block_1_50' title="bbox 191 3441 1887 3513">
    <p class='ocr_par' dir='ltr' id='par_1_50' title="bbox 191 3441 1887 3513">
     <span class='ocr_line' id='line_1_50' title="bbox 191 3441 1887 3513; baseline 0 -18"><span class='ocrx_word' id='word_1_431' title='bbox 191 3448 287 3495; x_wconf 85' lang='lat' dir='ltr'><strong>tur</strong></span> <span class='ocrx_word' id='word_1_432' title='bbox 326 3459 517 3513; x_wconf 72' lang='lat' dir='ltr'><strong>poena,</strong></span> <span class='ocrx_word' id='word_1_433' title='bbox 556 3442 603 3494; x_wconf 81' lang='lat' dir='ltr'><strong>is</strong></span> <span class='ocrx_word' id='word_1_434' title='bbox 643 3441 916 3494; x_wconf 90' lang='lat' dir='ltr'><strong>nimirum</strong></span> <span class='ocrx_word' id='word_1_435' title='bbox 961 3447 1315 3511; x_wconf 62' lang='lat' dir='ltr'><strong>praeparatur</strong></span> <span class='ocrx_word' id='word_1_436' title='bbox 1347 3442 1415 3495; x_wconf 91' lang='lat' dir='ltr'><strong>ad</strong></span> <span class='ocrx_word' id='word_1_437' title='bbox 1452 3458 1701 3511; x_wconf 83' lang='lat' dir='ltr'><strong>poenam.</strong></span> <span class='ocrx_word' id='word_1_438' title='bbox 1749 3442 1887 3495; x_wconf 84' lang='lat' dir='ltr'><strong>Item</strong></span> 
     </span>
    </p>
   </div>
   <div class='ocr_carea' id='block_1_51' title="bbox 193 3530 1892 3601">
    <p class='ocr_par' dir='ltr' id='par_1_51' title="bbox 193 3530 1892 3601">
     <span class='ocr_line' id='line_1_51' title="bbox 193 3530 1892 3601; baseline -0.001 -16"><span class='ocrx_word' id='word_1_439' title='bbox 193 3533 251 3585; x_wconf 90' lang='lat' dir='ltr'><strong>in</strong></span> <span class='ocrx_word' id='word_1_440' title='bbox 283 3533 493 3585; x_wconf 88' lang='lat' dir='ltr'><strong>eodem</strong></span> <span class='ocrx_word' id='word_1_441' title='bbox 542 3532 687 3599; x_wconf 82' lang='lat' dir='ltr'><strong>(cap.</strong></span> <span class='ocrx_word' id='word_1_442' title='bbox 721 3532 806 3595; x_wconf 77' lang='lat'><strong>26)</strong></span> <span class='ocrx_word' id='word_1_443' title='bbox 844 3547 856 3583; x_wconf 92' lang='lat'>:</span> <span class='ocrx_word' id='word_1_444' title='bbox 896 3531 1071 3600; x_wconf 75' lang='lat' dir='ltr'><strong>[Vasis</strong></span> <span class='ocrx_word' id='word_1_445' title='bbox 1103 3547 1235 3584; x_wconf 84' lang='lat' dir='ltr'><strong>vero</strong></span> <span class='ocrx_word' id='word_1_446' title='bbox 1267 3530 1365 3584; x_wconf 66' lang='lat' dir='ltr'><strong>ira:</strong></span> <span class='ocrx_word' id='word_1_447' title='bbox 1398 3546 1694 3601; x_wconf 89' lang='lat' dir='ltr'><strong>nunquam</strong></span> <span class='ocrx_word' id='word_1_448' title='bbox 1745 3532 1892 3584; x_wconf 87' lang='lat' dir='ltr'><strong>Deus</strong></span> 
     </span>
    </p>
   </div>
   <div class='ocr_carea' id='block_1_52' title="bbox 193 3618 1893 3689">
    <p class='ocr_par' dir='ltr' id='par_1_52' title="bbox 193 3618 1893 3689">
     <span class='ocr_line' id='line_1_52' title="bbox 193 3618 1893 3689; baseline -0.001 -16"><span class='ocrx_word' id='word_1_449' title='bbox 193 3620 467 3673; x_wconf 88' lang='lat' dir='ltr'><strong>redderet</strong></span> <span class='ocrx_word' id='word_1_450' title='bbox 512 3618 828 3685; x_wconf 88' lang='lat' dir='ltr'><strong>interitum,</strong></span> <span class='ocrx_word' id='word_1_451' title='bbox 872 3619 917 3671; x_wconf 90' lang='lat' dir='ltr'><strong>si</strong></span> <span class='ocrx_word' id='word_1_452' title='bbox 944 3620 1069 3685; x_wconf 51' lang='lat' dir='ltr'><strong>Inon</strong></span> <span class='ocrx_word' id='word_1_453' title='bbox 1102 3624 1484 3689; x_wconf 90' lang='lat' dir='ltr'><strong>spontaneum</strong></span> <span class='ocrx_word' id='word_1_454' title='bbox 1538 3620 1893 3674; x_wconf 86' lang='lat' dir='ltr'><strong>inveniretur</strong></span> 
     </span>
    </p>
   </div>
   <div class='ocr_carea' id='block_1_53' title="bbox 193 3706 1893 3778">
    <p class='ocr_par' dir='ltr' id='par_1_53' title="bbox 193 3706 1893 3778">
     <span class='ocr_line' id='line_1_53' title="bbox 193 3706 1893 3778; baseline 0.001 -16"><span class='ocrx_word' id='word_1_455' title='bbox 193 3710 372 3762; x_wconf 90' lang='lat' dir='ltr'><strong>homo</strong></span> <span class='ocrx_word' id='word_1_456' title='bbox 417 3706 631 3760; x_wconf 85' lang='lat' dir='ltr'><strong>habere</strong></span> <span class='ocrx_word' id='word_1_457' title='bbox 688 3711 1025 3776; x_wconf 89' lang='lat' dir='ltr'><strong>peccatum:</strong></span> <span class='ocrx_word' id='word_1_458' title='bbox 1078 3708 1215 3778; x_wconf 88' lang='lat' dir='ltr'><strong>quia</strong></span> <span class='ocrx_word' id='word_1_459' title='bbox 1274 3724 1374 3761; x_wconf 90' lang='lat' dir='ltr'><strong>nec</strong></span> <span class='ocrx_word' id='word_1_460' title='bbox 1432 3710 1579 3762; x_wconf 89' lang='lat' dir='ltr'><strong>Deus</strong></span> <span class='ocrx_word' id='word_1_461' title='bbox 1634 3709 1893 3778; x_wconf 82' lang='lat' dir='ltr'><strong>peccanti</strong></span> 
     </span>
    </p>
   </div>
   <div class='ocr_carea' id='block_1_54' title="bbox 192 3795 1894 3867">
    <p class='ocr_par' dir='ltr' id='par_1_54' title="bbox 192 3795 1894 3867">
     <span class='ocr_line' id='line_1_54' title="bbox 192 3795 1894 3867; baseline 0.001 -17"><span class='ocrx_word' id='word_1_462' title='bbox 192 3796 419 3850; x_wconf 80' lang='lat' dir='ltr'><strong>homini</strong></span> <span class='ocrx_word' id='word_1_463' title='bbox 444 3797 598 3866; x_wconf 86' lang='lat' dir='ltr'><strong>juste</strong></span> <span class='ocrx_word' id='word_1_464' title='bbox 630 3795 865 3849; x_wconf 82' lang='lat' dir='ltr'><strong>inferret</strong></span> <span class='ocrx_word' id='word_1_465' title='bbox 910 3795 1077 3865; x_wconf 90' lang='lat' dir='ltr'><strong>iram,</strong></span> <span class='ocrx_word' id='word_1_466' title='bbox 1124 3797 1170 3850; x_wconf 91' lang='lat' dir='ltr'><strong>si</strong></span> <span class='ocrx_word' id='word_1_467' title='bbox 1222 3798 1397 3851; x_wconf 88' lang='lat' dir='ltr'><strong>homo</strong></span> <span class='ocrx_word' id='word_1_468' title='bbox 1430 3813 1491 3850; x_wconf 79' lang='lat' dir='ltr'><strong>ex</strong></span> <span class='ocrx_word' id='word_1_469' title='bbox 1527 3798 1894 3867; x_wconf 69' lang='lat' dir='ltr'><strong>praedestina-</strong></span> 
     </span>
    </p>
   </div>
   <div class='ocr_carea' id='block_1_55' title="bbox 193 3885 1894 3957">
    <p class='ocr_par' dir='ltr' id='par_1_55' title="bbox 193 3885 1894 3957">
     <span class='ocr_line' id='line_1_55' title="bbox 193 3885 1894 3957; baseline 0.001 -18"><span class='ocrx_word' id='word_1_470' title='bbox 193 3887 355 3939; x_wconf 92' lang='lat' dir='ltr'><strong>tione</strong></span> <span class='ocrx_word' id='word_1_471' title='bbox 389 3886 494 3939; x_wconf 90' lang='lat' dir='ltr'><strong>Dei</strong></span> <span class='ocrx_word' id='word_1_472' title='bbox 524 3885 819 3938; x_wconf 80' lang='lat' dir='ltr'><strong>cecidis‘set</strong></span> <span class='ocrx_word' id='word_1_473' title='bbox 848 3886 904 3938; x_wconf 92' lang='lat' dir='ltr'><strong>in</strong></span> <span class='ocrx_word' id='word_1_474' title='bbox 940 3885 1168 3955; x_wconf 88' lang='lat' dir='ltr'><strong>culpam</strong></span> <span class='ocrx_word' id='word_1_475' title='bbox 1198 3902 1211 3939; x_wconf 88' lang='lat'>:</span> <span class='ocrx_word' id='word_1_476' title='bbox 1246 3887 1338 3940; x_wconf 91' lang='lat' dir='ltr'><strong>sed</strong></span> <span class='ocrx_word' id='word_1_477' title='bbox 1369 3886 1501 3957; x_wconf 88' lang='lat' dir='ltr'><strong>quia</strong></span> <span class='ocrx_word' id='word_1_478' title='bbox 1531 3902 1759 3939; x_wconf 81' lang='lat' dir='ltr'><strong>causam</strong></span> <span class='ocrx_word' id='word_1_479' title='bbox 1791 3887 1894 3940; x_wconf 87' lang='lat' dir='ltr'><strong>ini-</strong></span> 
     </span>
    </p>
   </div>
   <div class='ocr_carea' id='block_1_56' title="bbox 196 3974 1896 4045">
    <p class='ocr_par' dir='ltr' id='par_1_56' title="bbox 196 3974 1896 4045">
     <span class='ocr_line' id='line_1_56' title="bbox 196 3974 1896 4045; baseline 0.001 -17"><span class='ocrx_word' id='word_1_480' title='bbox 196 3974 438 4045; x_wconf 88' lang='lat' dir='ltr'><strong>quitatis</strong></span> <span class='ocrx_word' id='word_1_481' title='bbox 475 3990 593 4027; x_wconf 63' lang='lat' dir='ltr'><strong>sua:</strong></span> <span class='ocrx_word' id='word_1_482' title='bbox 620 3990 685 4027; x_wconf 82' lang='lat' dir='ltr'><strong>ex</strong></span> <span class='ocrx_word' id='word_1_483' title='bbox 717 3974 944 4043; x_wconf 89' lang='lat' dir='ltr'><strong>propria</strong></span> <span class='ocrx_word' id='word_1_484' title='bbox 974 3974 1149 4029; x_wconf 87' lang='lat' dir='ltr'><strong>homo</strong></span> <span class='ocrx_word' id='word_1_485' title='bbox 1191 3975 1390 4028; x_wconf 85' lang='lat' dir='ltr'><strong>habuit</strong></span> <span class='ocrx_word' id='word_1_486' title='bbox 1426 3974 1737 4041; x_wconf 89' lang='lat' dir='ltr'><strong>voluntate,</strong></span> <span class='ocrx_word' id='word_1_487' title='bbox 1770 3992 1896 4045; x_wconf 90' lang='lat' dir='ltr'><strong>pro-</strong></span> 
     </span>
    </p>
   </div>
   <div class='ocr_carea' id='block_1_57' title="bbox 196 4062 1892 4134">
    <p class='ocr_par' dir='ltr' id='par_1_57' title="bbox 196 4062 1892 4134">
     <span class='ocr_line' id='line_1_57' title="bbox 196 4062 1892 4134; baseline 0 -19"><span class='ocrx_word' id='word_1_488' title='bbox 196 4070 399 4134; x_wconf 84' lang='lat' dir='ltr'><strong>pterea</strong></span> <span class='ocrx_word' id='word_1_489' title='bbox 438 4063 640 4117; x_wconf 87' lang='lat' dir='ltr'><strong>beatus</strong></span> <span class='ocrx_word' id='word_1_490' title='bbox 697 4062 901 4116; x_wconf 83' lang='lat' dir='ltr'><strong>Paulus</strong></span> <span class='ocrx_word' id='word_1_491' title='bbox 936 4082 960 4111; x_wconf 72' lang='grc' dir='ltr'><strong>α</strong></span> <span class='ocrx_word' id='word_1_492' title='bbox 1017 4063 1352 4117; x_wconf 88' lang='lat' dir='ltr'><strong>sustinuisse</strong></span> <span class='ocrx_word' id='word_1_493' title='bbox 1385 4084 1408 4113; x_wconf 76' lang='grc' dir='ltr'>ι</span> <span class='ocrx_word' id='word_1_494' title='bbox 1456 4064 1655 4117; x_wconf 89' lang='lat' dir='ltr'><strong>asserit</strong></span> <span class='ocrx_word' id='word_1_495' title='bbox 1717 4064 1892 4116; x_wconf 88' lang='lat' dir='ltr'><strong>Deum</strong></span> 
     </span>
    </p>
   </div>
   <div class='ocr_carea' id='block_1_58' title="bbox 200 4150 1893 4223">
    <p class='ocr_par' dir='ltr' id='par_1_58' title="bbox 200 4150 1893 4223">
     <span class='ocr_line' id='line_1_58' title="bbox 200 4150 1893 4223; baseline 0.002 -23"><span class='ocrx_word' id='word_1_496' title='bbox 200 4174 225 4200; x_wconf 71' lang='grc' dir='ltr'>ι</span> <span class='ocrx_word' id='word_1_497' title='bbox 257 4153 320 4205; x_wconf 87' lang='lat' dir='ltr'><strong>in</strong></span> <span class='ocrx_word' id='word_1_498' title='bbox 362 4152 540 4204; x_wconf 89' lang='lat' dir='ltr'><strong>multa</strong></span> <span class='ocrx_word' id='word_1_499' title='bbox 599 4150 879 4221; x_wconf 88' lang='lat' dir='ltr'><strong>patientia</strong></span> <span class='ocrx_word' id='word_1_500' title='bbox 926 4166 1057 4204; x_wconf 89' lang='lat' dir='ltr'><strong>vasa</strong></span> <span class='ocrx_word' id='word_1_501' title='bbox 1104 4151 1205 4204; x_wconf 67' lang='lat' dir='ltr'><strong>irae</strong></span> <span class='ocrx_word' id='word_1_502' title='bbox 1250 4154 1441 4223; x_wconf 88' lang='lat' dir='ltr'><strong>aptata</strong></span> <span class='ocrx_word' id='word_1_503' title='bbox 1488 4150 1549 4204; x_wconf 92' lang='lat' dir='ltr'><strong>in</strong></span> <span class='ocrx_word' id='word_1_504' title='bbox 1595 4151 1893 4204; x_wconf 82' lang='lat' dir='ltr'><strong>interitum</strong></span> 
     </span>
    </p>
   </div>
   <div class='ocr_carea' id='block_1_59' title="bbox 202 4239 1896 4309">
    <p class='ocr_par' dir='ltr' id='par_1_59' title="bbox 202 4239 1896 4309">
     <span class='ocr_line' id='line_1_59' title="bbox 202 4239 1896 4309; baseline -0.002 -14"><span class='ocrx_word' id='word_1_505' title='bbox 202 4243 383 4306; x_wconf 83' lang='lat' dir='ltr'><strong>(Rom.</strong></span> <span class='ocrx_word' id='word_1_506' title='bbox 408 4256 485 4301; x_wconf 81' lang='lat' dir='ltr'><strong>ix,</strong></span> <span class='ocrx_word' id='word_1_507' title='bbox 519 4240 630 4308; x_wconf 84' lang='lat' dir='ltr'><strong>2t).</strong></span> <span class='ocrx_word' id='word_1_508' title='bbox 667 4260 693 4287; x_wconf 74' lang='lat' dir='ltr'><strong>n</strong></span> <span class='ocrx_word' id='word_1_509' title='bbox 728 4241 856 4293; x_wconf 69' lang='lat' dir='ltr'><strong>Haec</strong></span> <span class='ocrx_word' id='word_1_510' title='bbox 876 4239 1052 4309; x_wconf 90' lang='lat' dir='ltr'><strong>igitur</strong></span> <span class='ocrx_word' id='word_1_511' title='bbox 1075 4239 1160 4292; x_wconf 90' lang='lat' dir='ltr'><strong>ira</strong></span> <span class='ocrx_word' id='word_1_512' title='bbox 1182 4239 1308 4292; x_wconf 92' lang='lat' dir='ltr'><strong>ideo</strong></span> <span class='ocrx_word' id='word_1_513' title='bbox 1336 4239 1547 4293; x_wconf 91' lang='lat' dir='ltr'><strong>talibus</strong></span> <span class='ocrx_word' id='word_1_514' title='bbox 1580 4239 1896 4292; x_wconf 87' lang='lat' dir='ltr'><strong>vasisinte-</strong></span> 
     </span>
    </p>
   </div>
   <div class='ocr_carea' id='block_1_60' title="bbox 203 4326 1967 4398">
    <p class='ocr_par' dir='ltr' id='par_1_60' title="bbox 203 4326 1967 4398">
     <span class='ocr_line' id='line_1_60' title="bbox 203 4326 1967 4398; baseline -0.002 -15"><span class='ocrx_word' id='word_1_515' title='bbox 203 4332 383 4383; x_wconf 88' lang='lat' dir='ltr'><strong>ritum</strong></span> <span class='ocrx_word' id='word_1_516' title='bbox 410 4328 679 4394; x_wconf 82' lang='lat' dir='ltr'><strong>reddidit,</strong></span> <span class='ocrx_word' id='word_1_517' title='bbox 730 4328 863 4398; x_wconf 86' lang='lat' dir='ltr'><strong>quia</strong></span> <span class='ocrx_word' id='word_1_518' title='bbox 892 4328 1061 4381; x_wconf 81' lang='lat' dir='ltr'><strong>in&#39;eis</strong></span> <span class='ocrx_word' id='word_1_519' title='bbox 1101 4328 1367 4381; x_wconf 88' lang='lat' dir='ltr'><strong>meritum</strong></span> <span class='ocrx_word' id='word_1_520' title='bbox 1410 4327 1746 4380; x_wconf 72' lang='lat' dir='ltr'><strong>voluntaria:</strong></span> <span class='ocrx_word' id='word_1_521' title='bbox 1794 4326 1899 4380; x_wconf 88' lang='lat' dir='ltr'><strong>ini-</strong></span> <span class='ocrx_word' id='word_1_522' title='bbox 1928 4335 1967 4388; x_wconf 82' lang='grc' dir='ltr'>Ι)</span> 
     </span>
    </p>
   </div>
   <div class='ocr_carea' id='block_1_61' title="bbox 204 4416 1897 4489">
    <p class='ocr_par' dir='ltr' id='par_1_61' title="bbox 204 4416 1897 4489">
     <span class='ocr_line' id='line_1_61' title="bbox 204 4416 1897 4489; baseline -0.001 -18"><span class='ocrx_word' id='word_1_523' title='bbox 204 4418 443 4489; x_wconf 87' lang='lat' dir='ltr'><strong>quitatis</strong></span> <span class='ocrx_word' id='word_1_524' title='bbox 478 4416 709 4469; x_wconf 88' lang='lat' dir='ltr'><strong>invenit.</strong></span> <span class='ocrx_word' id='word_1_525' title='bbox 745 4416 1042 4479; x_wconf 87' lang='lat' dir='ltr'><strong>Quomodo</strong></span> <span class='ocrx_word' id='word_1_526' title='bbox 1082 4420 1271 4469; x_wconf 89' lang='lat' dir='ltr'><strong>autem</strong></span> <span class='ocrx_word' id='word_1_527' title='bbox 1308 4416 1522 4485; x_wconf 89' lang='lat' dir='ltr'><strong>peccati</strong></span> <span class='ocrx_word' id='word_1_528' title='bbox 1562 4432 1721 4469; x_wconf 88' lang='lat' dir='ltr'><strong>servo</strong></span> <span class='ocrx_word' id='word_1_529' title='bbox 1753 4416 1897 4469; x_wconf 87' lang='lat' dir='ltr'><strong>iram</strong></span> 
     </span>
    </p>
   </div>
   <div class='ocr_carea' id='block_1_62' title="bbox 198 4504 1897 4577">
    <p class='ocr_par' dir='ltr' id='par_1_62' title="bbox 198 4504 1897 4577">
     <span class='ocr_line' id='line_1_62' title="bbox 198 4504 1897 4577; baseline -0.001 -18"><span class='ocrx_word' id='word_1_530' title='bbox 198 4510 393 4577; x_wconf 89' lang='lat' dir='ltr'><strong>justus</strong></span> <span class='ocrx_word' id='word_1_531' title='bbox 434 4506 709 4560; x_wconf 89' lang='lat' dir='ltr'><strong>Dominus</strong></span> <span class='ocrx_word' id='word_1_532' title='bbox 756 4504 1060 4571; x_wconf 85' lang='lat' dir='ltr'><strong>intulisset,</strong></span> <span class='ocrx_word' id='word_1_533' title='bbox 1101 4505 1148 4558; x_wconf 91' lang='lat' dir='ltr'><strong>si</strong></span> <span class='ocrx_word' id='word_1_534' title='bbox 1198 4522 1391 4558; x_wconf 86' lang='lat' dir='ltr'><strong>servus</strong></span> <span class='ocrx_word' id='word_1_535' title='bbox 1425 4522 1489 4558; x_wconf 78' lang='lat' dir='ltr'><strong>ex</strong></span> <span class='ocrx_word' id='word_1_536' title='bbox 1522 4505 1897 4575; x_wconf 71' lang='lat' dir='ltr'><strong>przedestiua-</strong></span> 
     </span>
    </p>
   </div>
   <div class='ocr_carea' id='block_1_63' title="bbox 201 4594 1899 4664">
    <p class='ocr_par' dir='ltr' id='par_1_63' title="bbox 201 4594 1899 4664">
     <span class='ocr_line' id='line_1_63' title="bbox 201 4594 1899 4664; baseline -0.001 -16"><span class='ocrx_word' id='word_1_537' title='bbox 201 4598 367 4649; x_wconf 87' lang='lat' dir='ltr'><strong>tione</strong></span> <span class='ocrx_word' id='word_1_538' title='bbox 416 4594 642 4647; x_wconf 91' lang='lat' dir='ltr'><strong>Domini</strong></span> <span class='ocrx_word' id='word_1_539' title='bbox 692 4594 1010 4664; x_wconf 90' lang='lat' dir='ltr'><strong>peccasset?</strong></span> <span class='ocrx_word' id='word_1_540' title='bbox 1077 4594 1142 4647; x_wconf 89' lang='lat' dir='ltr'><strong>In</strong></span> <span class='ocrx_word' id='word_1_541' title='bbox 1203 4594 1312 4647; x_wconf 85' lang='lat' dir='ltr'><strong>hoc</strong></span> <span class='ocrx_word' id='word_1_542' title='bbox 1371 4594 1561 4664; x_wconf 88' lang='lat' dir='ltr'><strong>itaque</strong></span> <span class='ocrx_word' id='word_1_543' title='bbox 1619 4594 1725 4647; x_wconf 88' lang='lat' dir='ltr'><strong>ista</strong></span> <span class='ocrx_word' id='word_1_544' title='bbox 1768 4610 1899 4647; x_wconf 87' lang='lat' dir='ltr'><strong>vasa</strong></span> 
     </span>
    </p>
   </div>
   <div class='ocr_carea' id='block_1_64' title="bbox 204 4681 1899 4754">
    <p class='ocr_par' dir='ltr' id='par_1_64' title="bbox 204 4681 1899 4754">
     <span class='ocr_line' id='line_1_64' title="bbox 204 4681 1899 4754; baseline -0.002 -15"><span class='ocrx_word' id='word_1_545' title='bbox 204 4687 359 4739; x_wconf 85' lang='lat' dir='ltr'><strong>Deus</strong></span> <span class='ocrx_word' id='word_1_546' title='bbox 390 4683 623 4754; x_wconf 89' lang='lat' dir='ltr'><strong>aptavit,</strong></span> <span class='ocrx_word' id='word_1_547' title='bbox 659 4681 717 4734; x_wconf 90' lang='lat' dir='ltr'><strong>in</strong></span> <span class='ocrx_word' id='word_1_548' title='bbox 749 4698 863 4752; x_wconf 90' lang='lat' dir='ltr'><strong>quo</strong></span> <span class='ocrx_word' id='word_1_549' title='bbox 896 4681 1340 4751; x_wconf 59' lang='lat' dir='ltr'><strong>praedestinavit,</strong></span> <span class='ocrx_word' id='word_1_550' title='bbox 1389 4682 1494 4736; x_wconf 89' lang='lat' dir='ltr'><strong>hoc</strong></span> <span class='ocrx_word' id='word_1_551' title='bbox 1524 4687 1610 4735; x_wconf 90' lang='lat' dir='ltr'><strong>est</strong></span> <span class='ocrx_word' id='word_1_552' title='bbox 1638 4682 1697 4735; x_wconf 92' lang='lat' dir='ltr'><strong>in</strong></span> <span class='ocrx_word' id='word_1_553' title='bbox 1748 4683 1899 4736; x_wconf 89' lang='lat' dir='ltr'><strong>inte-</strong></span> 
     </span>
    </p>
   </div>
   <div class='ocr_carea' id='block_1_65' title="bbox 202 4770 1898 4841">
    <p class='ocr_par' dir='ltr' id='par_1_65' title="bbox 202 4770 1898 4841">
     <span class='ocr_line' id='line_1_65' title="bbox 202 4770 1898 4841; baseline -0.001 -14"><span class='ocrx_word' id='word_1_554' title='bbox 202 4775 382 4828; x_wconf 87' lang='lat' dir='ltr'><strong>ritum</strong></span> <span class='ocrx_word' id='word_1_555' title='bbox 421 4789 434 4825; x_wconf 92' lang='lat'>:</span> <span class='ocrx_word' id='word_1_556' title='bbox 462 4772 624 4825; x_wconf 91' lang='lat' dir='ltr'><strong>illum</strong></span> <span class='ocrx_word' id='word_1_557' title='bbox 651 4771 848 4840; x_wconf 87' lang='lat' dir='ltr'><strong>utique</strong></span> <span class='ocrx_word' id='word_1_558' title='bbox 876 4770 1169 4825; x_wconf 88' lang='lat' dir='ltr'><strong>interitum</strong></span> <span class='ocrx_word' id='word_1_559' title='bbox 1196 4787 1366 4841; x_wconf 88' lang='lat' dir='ltr'><strong>quem</strong></span> <span class='ocrx_word' id='word_1_560' title='bbox 1396 4772 1603 4825; x_wconf 87' lang='lat' dir='ltr'><strong>Paulus</strong></span> <span class='ocrx_word' id='word_1_561' title='bbox 1622 4772 1784 4825; x_wconf 88' lang='lat' dir='ltr'><strong>malis</strong></span> <span class='ocrx_word' id='word_1_562' title='bbox 1811 4788 1898 4825; x_wconf 89' lang='lat' dir='ltr'><strong>re-</strong></span> 
     </span>
    </p>
   </div>
   <div class='ocr_carea' id='block_1_66' title="bbox 202 4859 1899 4933">
    <p class='ocr_par' dir='ltr' id='par_1_66' title="bbox 202 4859 1899 4933">
     <span class='ocr_line' id='line_1_66' title="bbox 202 4859 1899 4933; baseline -0.001 -17"><span class='ocrx_word' id='word_1_563' title='bbox 202 4866 381 4933; x_wconf 86' lang='lat' dir='ltr'><strong>pente</strong></span> <span class='ocrx_word' id='word_1_564' title='bbox 406 4864 882 4930; x_wconf 86' lang='lat' dir='ltr'><strong>superventurum</strong></span> <span class='ocrx_word' id='word_1_565' title='bbox 918 4859 1221 4913; x_wconf 88' lang='lat' dir='ltr'><strong>denuntiat</strong></span> <span class='ocrx_word' id='word_1_566' title='bbox 1251 4860 1442 4913; x_wconf 90' lang='lat' dir='ltr'><strong>dicens</strong></span> <span class='ocrx_word' id='word_1_567' title='bbox 1474 4876 1486 4913; x_wconf 91' lang='lat'><strong>:</strong></span> <span class='ocrx_word' id='word_1_568' title='bbox 1523 4882 1548 4907; x_wconf 87' lang='grc'><strong>‹‹</strong></span> <span class='ocrx_word' id='word_1_569' title='bbox 1586 4862 1723 4915; x_wconf 88' lang='lat' dir='ltr'><strong>Cum</strong></span> <span class='ocrx_word' id='word_1_570' title='bbox 1747 4862 1899 4914; x_wconf 90' lang='lat' dir='ltr'><strong>enim</strong></span> 
     </span>
    </p>
   </div>
   <div class='ocr_carea' id='block_1_67' title="bbox 200 4949 1903 5019">
    <p class='ocr_par' dir='ltr' id='par_1_67' title="bbox 200 4949 1903 5019">
     <span class='ocr_line' id='line_1_67' title="bbox 200 4949 1903 5019; baseline -0.002 -13"><span class='ocrx_word' id='word_1_571' title='bbox 200 4950 476 5013; x_wconf 76' lang='lat' dir='ltr'><strong>dixerint,</strong></span> <span class='ocrx_word' id='word_1_572' title='bbox 534 4950 647 5003; x_wconf 81' lang='lat' dir='ltr'><strong>Pax</strong></span> <span class='ocrx_word' id='word_1_573' title='bbox 692 4953 747 5001; x_wconf 90' lang='lat' dir='ltr'><strong>et</strong></span> <span class='ocrx_word' id='word_1_574' title='bbox 804 4950 1095 5014; x_wconf 87' lang='lat' dir='ltr'><strong>securitas,</strong></span> <span class='ocrx_word' id='word_1_575' title='bbox 1129 4953 1266 5002; x_wconf 88' lang='lat' dir='ltr'><strong>tunc</strong></span> <span class='ocrx_word' id='word_1_576' title='bbox 1311 4949 1646 5019; x_wconf 83' lang='lat' dir='ltr'><strong>repentinus</strong></span> <span class='ocrx_word' id='word_1_577' title='bbox 1685 4949 1766 5003; x_wconf 88' lang='lat' dir='ltr'><strong>eis</strong></span> <span class='ocrx_word' id='word_1_578' title='bbox 1814 4967 1903 5003; x_wconf 88' lang='lat' dir='ltr'><strong>su-</strong></span> 
     </span>
    </p>
   </div>
   <div class='ocr_carea' id='block_1_68' title="bbox 201 5036 1901 5110">
    <p class='ocr_par' dir='ltr' id='par_1_68' title="bbox 201 5036 1901 5110">
     <span class='ocr_line' id='line_1_68' title="bbox 201 5036 1901 5110; baseline -0.002 -17"><span class='ocrx_word' id='word_1_579' title='bbox 201 5039 500 5110; x_wconf 83' lang='lat' dir='ltr'><strong>perveniet</strong></span> <span class='ocrx_word' id='word_1_580' title='bbox 530 5036 799 5090; x_wconf 87' lang='lat' dir='ltr'><strong>interitus</strong></span> <span class='ocrx_word' id='word_1_581' title='bbox 846 5037 893 5105; x_wconf 85' lang='grc' dir='ltr'><strong>(Ι</strong></span> <span class='ocrx_word' id='word_1_582' title='bbox 925 5038 1109 5091; x_wconf 81' lang='lat' dir='ltr'><strong>Thess.</strong></span> <span class='ocrx_word' id='word_1_583' title='bbox 1162 5053 1215 5102; x_wconf 82' lang='grc' dir='ltr'><strong>ν,</strong></span> <span class='ocrx_word' id='word_1_584' title='bbox 1268 5036 1339 5107; x_wconf 90' lang='grc'><strong>3).</strong></span> <span class='ocrx_word' id='word_1_585' title='bbox 1377 5058 1403 5085; x_wconf 88' lang='grc'><strong>››</strong></span> <span class='ocrx_word' id='word_1_586' title='bbox 1457 5038 1617 5101; x_wconf 89' lang='lat' dir='ltr'><strong>Quod</strong></span> <span class='ocrx_word' id='word_1_587' title='bbox 1655 5038 1700 5091; x_wconf 90' lang='lat' dir='ltr'><strong>si</strong></span> <span class='ocrx_word' id='word_1_588' title='bbox 1755 5039 1901 5091; x_wconf 91' lang='lat' dir='ltr'><strong>Deus</strong></span> 
     </span>
    </p>
   </div>
   <div class='ocr_carea' id='block_1_69' title="bbox 200 5125 1902 5196">
    <p class='ocr_par' dir='ltr' id='par_1_69' title="bbox 200 5125 1902 5196">
     <span class='ocr_line' id='line_1_69' title="bbox 200 5125 1902 5196; baseline -0.003 -14"><span class='ocrx_word' id='word_1_589' title='bbox 200 5130 346 5183; x_wconf 86' lang='lat' dir='ltr'><strong>tales</strong></span> <span class='ocrx_word' id='word_1_590' title='bbox 376 5127 436 5180; x_wconf 91' lang='lat' dir='ltr'><strong>in</strong></span> <span class='ocrx_word' id='word_1_591' title='bbox 470 5130 766 5195; x_wconf 90' lang='lat' dir='ltr'><strong>peccatum</strong></span> <span class='ocrx_word' id='word_1_592' title='bbox 818 5125 1254 5194; x_wconf 87' lang='lat' dir='ltr'><strong>predestinaret,</strong></span> <span class='ocrx_word' id='word_1_593' title='bbox 1306 5141 1420 5178; x_wconf 91' lang='lat' dir='ltr'><strong>non</strong></span> <span class='ocrx_word' id='word_1_594' title='bbox 1466 5142 1564 5179; x_wconf 90' lang='lat' dir='ltr'><strong>eos</strong></span> <span class='ocrx_word' id='word_1_595' title='bbox 1596 5126 1902 5196; x_wconf 80' lang='lat' dir='ltr'><strong>Apostolus</strong></span> 
     </span>
    </p>
   </div>
   <div class='ocr_carea' id='block_1_70' title="bbox 203 5211 1900 5282">
    <p class='ocr_par' dir='ltr' id='par_1_70' title="bbox 203 5211 1900 5282">
     <span class='ocr_line' id='line_1_70' title="bbox 203 5211 1900 5282; baseline -0.003 -14"><span class='ocrx_word' id='word_1_596' title='bbox 203 5239 231 5268; x_wconf 78' lang='grc' dir='ltr'>ι</span> <span class='ocrx_word' id='word_1_597' title='bbox 266 5233 398 5268; x_wconf 77' lang='lat' dir='ltr'><strong>vasa</strong></span> <span class='ocrx_word' id='word_1_598' title='bbox 445 5215 548 5267; x_wconf 60' lang='lat' dir='ltr'><strong>ira;</strong></span> <span class='ocrx_word' id='word_1_599' title='bbox 588 5236 615 5262; x_wconf 73' lang='grc' dir='ltr'><strong>»ι</strong></span> <span class='ocrx_word' id='word_1_600' title='bbox 655 5212 852 5265; x_wconf 89' lang='lat' dir='ltr'><strong>mallet</strong></span> <span class='ocrx_word' id='word_1_601' title='bbox 904 5212 1237 5279; x_wconf 91' lang='lat' dir='ltr'><strong>nominare,</strong></span> <span class='ocrx_word' id='word_1_602' title='bbox 1287 5212 1381 5265; x_wconf 92' lang='lat' dir='ltr'><strong>sed</strong></span> <span class='ocrx_word' id='word_1_603' title='bbox 1430 5213 1643 5282; x_wconf 66' lang='lat' dir='ltr'><strong>culpae;</strong></span> <span class='ocrx_word' id='word_1_604' title='bbox 1693 5227 1797 5264; x_wconf 91' lang='lat' dir='ltr'><strong>nec</strong></span> <span class='ocrx_word' id='word_1_605' title='bbox 1844 5211 1900 5263; x_wconf 91' lang='lat' dir='ltr'><strong>in</strong></span> 
     </span>
    </p>
   </div>
   <div class='ocr_carea' id='block_1_71' title="bbox 202 5300 1904 5371">
    <p class='ocr_par' dir='ltr' id='par_1_71' title="bbox 202 5300 1904 5371">
     <span class='ocr_line' id='line_1_71' title="bbox 202 5300 1904 5371; baseline -0.003 -14"><span class='ocrx_word' id='word_1_606' title='bbox 202 5304 505 5358; x_wconf 83' lang='lat' dir='ltr'><strong>interitum</strong></span> <span class='ocrx_word' id='word_1_607' title='bbox 553 5301 691 5355; x_wconf 88' lang='lat' dir='ltr'><strong>talia</strong></span> <span class='ocrx_word' id='word_1_608' title='bbox 748 5316 898 5363; x_wconf 85' lang='lat' dir='ltr'><strong>vasa,</strong></span> <span class='ocrx_word' id='word_1_609' title='bbox 948 5301 1046 5354; x_wconf 89' lang='lat' dir='ltr'><strong>sed</strong></span> <span class='ocrx_word' id='word_1_610' title='bbox 1108 5301 1168 5354; x_wconf 91' lang='lat' dir='ltr'><strong>in</strong></span> <span class='ocrx_word' id='word_1_611' title='bbox 1224 5304 1519 5371; x_wconf 86' lang='lat' dir='ltr'><strong>peccatum</strong></span> <span class='ocrx_word' id='word_1_612' title='bbox 1580 5300 1904 5353; x_wconf 89' lang='lat' dir='ltr'><strong>dicerentur</strong></span> 
     </span>
    </p>
   </div>
   <div class='ocr_carea' id='block_1_72' title="bbox 205 5388 1905 5463">
    <p class='ocr_par' dir='ltr' id='par_1_72' title="bbox 205 5388 1905 5463">
     <span class='ocr_line' id='line_1_72' title="bbox 205 5388 1905 5463; baseline -0.002 -18"><span class='ocrx_word' id='word_1_613' title='bbox 205 5398 417 5463; x_wconf 87' lang='lat' dir='ltr'><strong>aptata.</strong></span> <span class='ocrx_word' id='word_1_614' title='bbox 459 5392 620 5444; x_wconf 83' lang='lat' dir='ltr'><strong>Nunc</strong></span> <span class='ocrx_word' id='word_1_615' title='bbox 671 5392 865 5441; x_wconf 86' lang='lat' dir='ltr'><strong>autem</strong></span> <span class='ocrx_word' id='word_1_616' title='bbox 899 5388 1027 5442; x_wconf 91' lang='lat' dir='ltr'><strong>ideo</strong></span> <span class='ocrx_word' id='word_1_617' title='bbox 1070 5398 1095 5423; x_wconf 74' lang='grc' dir='ltr'><strong>ι</strong></span> <span class='ocrx_word' id='word_1_618' title='bbox 1134 5405 1265 5443; x_wconf 89' lang='lat' dir='ltr'><strong>vasa</strong></span> <span class='ocrx_word' id='word_1_619' title='bbox 1316 5388 1415 5442; x_wconf 59' lang='lat' dir='ltr'><strong>ira:</strong></span> <span class='ocrx_word' id='word_1_620' title='bbox 1452 5409 1473 5436; x_wconf 78' lang='grc' dir='ltr'>ι</span> <span class='ocrx_word' id='word_1_621' title='bbox 1518 5388 1803 5455; x_wconf 90' lang='lat' dir='ltr'><strong>dicuntur,</strong></span> <span class='ocrx_word' id='word_1_622' title='bbox 1843 5393 1905 5441; x_wconf 90' lang='lat' dir='ltr'><strong>ut</strong></span> 
     </span>
    </p>
   </div>
   <div class='ocr_carea' id='block_1_73' title="bbox 206 5475 1904 5547">
    <p class='ocr_par' dir='ltr' id='par_1_73' title="bbox 206 5475 1904 5547">
     <span class='ocr_line' id='line_1_73' title="bbox 206 5475 1904 5547; baseline -0.001 -13"><span class='ocrx_word' id='word_1_623' title='bbox 206 5480 547 5535; x_wconf 85' lang='lat' dir='ltr'><strong>ostendatur</strong></span> <span class='ocrx_word' id='word_1_624' title='bbox 610 5478 670 5531; x_wconf 90' lang='lat' dir='ltr'><strong>in</strong></span> <span class='ocrx_word' id='word_1_625' title='bbox 716 5475 927 5531; x_wconf 89' lang='lat' dir='ltr'><strong>talibus</strong></span> <span class='ocrx_word' id='word_1_626' title='bbox 980 5492 1043 5531; x_wconf 83' lang='lat' dir='ltr'><strong>ex</strong></span> <span class='ocrx_word' id='word_1_627' title='bbox 1103 5477 1201 5531; x_wconf 88' lang='lat' dir='ltr'><strong>Dei</strong></span> <span class='ocrx_word' id='word_1_628' title='bbox 1240 5477 1740 5547; x_wconf 65' lang='lat' dir='ltr'><strong>praedestinatione</strong></span> <span class='ocrx_word' id='word_1_629' title='bbox 1794 5476 1904 5532; x_wconf 87' lang='lat' dir='ltr'><strong>hoc</strong></span> 
     </span>
    </p>
   </div>
   <div class='ocr_carea' id='block_1_74' title="bbox 276 5618 1170 5678">
    <p class='ocr_par' dir='ltr' id='par_1_74' title="bbox 276 5618 1170 5678">
     <span class='ocr_line' id='line_1_74' title="bbox 276 5618 1170 5678; baseline -0.008 0"><span class='ocrx_word' id='word_1_630' title='bbox 276 5638 298 5666; x_wconf 75' lang='grc' dir='ltr'><strong><em>ι</em></strong></span> <span class='ocrx_word' id='word_1_631' title='bbox 332 5626 405 5678; x_wconf 85' lang='lat' dir='ltr'><strong>De</strong></span> <span class='ocrx_word' id='word_1_632' title='bbox 443 5621 757 5677; x_wconf 78' lang='lat' dir='ltr'><strong>Hincmaro</strong></span> <span class='ocrx_word' id='word_1_633' title='bbox 783 5622 840 5673; x_wconf 89' lang='lat' dir='ltr'><strong>et</strong></span> <span class='ocrx_word' id='word_1_634' title='bbox 870 5618 1170 5673; x_wconf 88' lang='lat' dir='ltr'><strong>similibus.</strong></span> 
     </span>
    </p>
   </div>
   <div class='ocr_carea' id='block_1_75' title="bbox 1999 1852 3692 1923">
    <p class='ocr_par' dir='ltr' id='par_1_75' title="bbox 1999 1852 3692 1923">
     <span class='ocr_line' id='line_1_75' title="bbox 1999 1852 3692 1923; baseline 0.004 -21"><span class='ocrx_word' id='word_1_635' title='bbox 1999 1854 2110 1903; x_wconf 88' lang='lat' dir='ltr'><strong>tate</strong></span> <span class='ocrx_word' id='word_1_636' title='bbox 2141 1868 2241 1903; x_wconf 85' lang='lat' dir='ltr'><strong>sua</strong></span> <span class='ocrx_word' id='word_1_637' title='bbox 2270 1852 2414 1905; x_wconf 82' lang='lat' dir='ltr'><strong>male</strong></span> <span class='ocrx_word' id='word_1_638' title='bbox 2446 1852 2902 1921; x_wconf 90' lang='lat' dir='ltr'><strong>concupiscendo</strong></span> <span class='ocrx_word' id='word_1_639' title='bbox 2927 1854 3100 1922; x_wconf 69' lang='lat' dir='ltr'><strong>coepit</strong></span> <span class='ocrx_word' id='word_1_640' title='bbox 3132 1860 3186 1907; x_wconf 89' lang='lat' dir='ltr'><strong>et</strong></span> <span class='ocrx_word' id='word_1_641' title='bbox 3222 1855 3368 1907; x_wconf 90' lang='lat' dir='ltr'><strong>male</strong></span> <span class='ocrx_word' id='word_1_642' title='bbox 3400 1856 3692 1923; x_wconf 88' lang='lat' dir='ltr'><strong>operando</strong></span> 
     </span>
    </p>
   </div>
   <div class='ocr_carea' id='block_1_76' title="bbox 1998 1938 3687 2013">
    <p class='ocr_par' dir='ltr' id='par_1_76' title="bbox 1998 1938 3687 2013">
     <span class='ocr_line' id='line_1_76' title="bbox 1998 1938 3687 2013; baseline 0.004 -22"><span class='ocrx_word' id='word_1_643' title='bbox 1998 1938 2253 2007; x_wconf 85' lang='lat' dir='ltr'><strong>perfecit.</strong></span> <span class='ocrx_word' id='word_1_644' title='bbox 2286 1962 2312 1987; x_wconf 89' lang='grc'><strong>‹‹</strong></span> <span class='ocrx_word' id='word_1_645' title='bbox 2364 1941 2882 2010; x_wconf 77' lang='lat' dir='ltr'><strong>Concupisceutia»</strong></span> <span class='ocrx_word' id='word_1_646' title='bbox 2941 1942 3095 1994; x_wconf 91' lang='lat' dir='ltr'><strong>enim</strong></span> <span class='ocrx_word' id='word_1_647' title='bbox 3158 1964 3183 1989; x_wconf 92' lang='grc'><strong>‹‹</strong></span> <span class='ocrx_word' id='word_1_648' title='bbox 3218 1944 3547 2012; x_wconf 89' lang='lat' dir='ltr'><strong>concipiens</strong></span> <span class='ocrx_word' id='word_1_649' title='bbox 3589 1961 3687 2013; x_wconf 85' lang='lat' dir='ltr'><strong>pe-</strong></span> 
     </span>
    </p>
   </div>
   <div class='ocr_carea' id='block_1_77' title="bbox 1998 2028 3689 2103">
    <p class='ocr_par' dir='ltr' id='par_1_77' title="bbox 1998 2028 3689 2103">
     <span class='ocr_line' id='line_1_77' title="bbox 1998 2028 3689 2103; baseline 0.003 -23"><span class='ocrx_word' id='word_1_650' title='bbox 1998 2028 2149 2098; x_wconf 90' lang='lat' dir='ltr'><strong>perit</strong></span> <span class='ocrx_word' id='word_1_651' title='bbox 2193 2034 2511 2098; x_wconf 89' lang='lat' dir='ltr'><strong>peccaturn,</strong></span> <span class='ocrx_word' id='word_1_652' title='bbox 2563 2036 2857 2099; x_wconf 88' lang='lat' dir='ltr'><strong>peccatum</strong></span> <span class='ocrx_word' id='word_1_653' title='bbox 2897 2047 3030 2082; x_wconf 79' lang='lat' dir='ltr'><strong>vero</strong></span> <span class='ocrx_word' id='word_1_654' title='bbox 3081 2037 3542 2085; x_wconf 84' lang='lat' dir='ltr'><strong>consummatum</strong></span> <span class='ocrx_word' id='word_1_655' title='bbox 3593 2048 3689 2103; x_wconf 89' lang='lat' dir='ltr'><strong>ge-</strong></span> 
     </span>
    </p>
   </div>
   <div class='ocr_carea' id='block_1_78' title="bbox 1998 2115 3691 2189">
    <p class='ocr_par' dir='ltr' id='par_1_78' title="bbox 1998 2115 3691 2189">
     <span class='ocr_line' id='line_1_78' title="bbox 1998 2115 3691 2189; baseline 0.002 -20"><span class='ocrx_word' id='word_1_656' title='bbox 1998 2115 2121 2169; x_wconf 88' lang='lat' dir='ltr'><strong>nuit</strong></span> <span class='ocrx_word' id='word_1_657' title='bbox 2144 2116 2261 2185; x_wconf 80' lang='lat' dir='ltr'><strong>[al.,</strong></span> <span class='ocrx_word' id='word_1_658' title='bbox 2283 2116 2539 2186; x_wconf 80' lang='lat' dir='ltr'><strong>generat]</strong></span> <span class='ocrx_word' id='word_1_659' title='bbox 2567 2121 2808 2169; x_wconf 91' lang='lat' dir='ltr'><strong>mortem</strong></span> <span class='ocrx_word' id='word_1_660' title='bbox 2831 2116 2962 2186; x_wconf 84' lang='lat' dir='ltr'><strong>(Jac.</strong></span> <span class='ocrx_word' id='word_1_661' title='bbox 2994 2134 3027 2178; x_wconf 95' lang='lat' dir='ltr'><strong>l,</strong></span> <span class='ocrx_word' id='word_1_662' title='bbox 3050 2119 3200 2185; x_wconf 71' lang='grc' dir='ltr'><strong>1Ξὶ).»</strong></span> <span class='ocrx_word' id='word_1_663' title='bbox 3222 2120 3489 2187; x_wconf 77' lang='lat' dir='ltr'><strong>Nonergo</strong></span> <span class='ocrx_word' id='word_1_664' title='bbox 3508 2118 3691 2189; x_wconf 83' lang='lat' dir='ltr'><strong>iniqui</strong></span> 
     </span>
    </p>
   </div>
   <div class='ocr_carea' id='block_1_79' title="bbox 1998 2204 3691 2277">
    <p class='ocr_par' dir='ltr' id='par_1_79' title="bbox 1998 2204 3691 2277">
     <span class='ocr_line' id='line_1_79' title="bbox 1998 2204 3691 2277; baseline 0.002 -21"><span class='ocrx_word' id='word_1_665' title='bbox 1998 2204 2385 2273; x_wconf 72' lang='lat' dir='ltr'><strong>prmdestinati</strong></span> <span class='ocrx_word' id='word_1_666' title='bbox 2407 2210 2538 2257; x_wconf 85' lang='lat' dir='ltr'><strong>sunt</strong></span> <span class='ocrx_word' id='word_1_667' title='bbox 2562 2205 2628 2257; x_wconf 90' lang='lat' dir='ltr'><strong>ad</strong></span> <span class='ocrx_word' id='word_1_668' title='bbox 2646 2210 2887 2257; x_wconf 90' lang='lat' dir='ltr'><strong>mortem</strong></span> <span class='ocrx_word' id='word_1_669' title='bbox 2904 2205 3109 2258; x_wconf 60' lang='lat' dir='ltr'><strong>animae</strong></span> <span class='ocrx_word' id='word_1_670' title='bbox 3134 2206 3398 2275; x_wconf 87' lang='lat' dir='ltr'><strong>primam,</strong></span> <span class='ocrx_word' id='word_1_671' title='bbox 3426 2208 3519 2260; x_wconf 90' lang='lat' dir='ltr'><strong>sed</strong></span> <span class='ocrx_word' id='word_1_672' title='bbox 3541 2223 3691 2277; x_wconf 87' lang='lat' dir='ltr'><strong>prae-</strong></span> 
     </span>
    </p>
   </div>
   <div class='ocr_carea' id='block_1_80' title="bbox 2000 2292 3692 2365">
    <p class='ocr_par' dir='ltr' id='par_1_80' title="bbox 2000 2292 3692 2365">
     <span class='ocr_line' id='line_1_80' title="bbox 2000 2292 3692 2365; baseline 0.001 -19"><span class='ocrx_word' id='word_1_673' title='bbox 2000 2292 2267 2346; x_wconf 89' lang='lat' dir='ltr'><strong>destinati</strong></span> <span class='ocrx_word' id='word_1_674' title='bbox 2298 2298 2431 2345; x_wconf 88' lang='lat' dir='ltr'><strong>sunt</strong></span> <span class='ocrx_word' id='word_1_675' title='bbox 2460 2293 2528 2346; x_wconf 88' lang='lat' dir='ltr'><strong>ad</strong></span> <span class='ocrx_word' id='word_1_676' title='bbox 2552 2294 2881 2353; x_wconf 82' lang='lat' dir='ltr'><strong>secundam,</strong></span> <span class='ocrx_word' id='word_1_677' title='bbox 2918 2294 2973 2345; x_wconf 89' lang='lat' dir='ltr'><strong>id</strong></span> <span class='ocrx_word' id='word_1_678' title='bbox 2996 2298 3079 2346; x_wconf 90' lang='lat' dir='ltr'><strong>est</strong></span> <span class='ocrx_word' id='word_1_679' title='bbox 3101 2316 3127 2342; x_wconf 75' lang='grc' dir='ltr'>α</span> <span class='ocrx_word' id='word_1_680' title='bbox 3162 2294 3229 2347; x_wconf 86' lang='lat' dir='ltr'><strong>ad</strong></span> <span class='ocrx_word' id='word_1_681' title='bbox 3258 2300 3523 2364; x_wconf 77' lang='lat' dir='ltr'><strong>stagnum</strong></span> <span class='ocrx_word' id='word_1_682' title='bbox 3545 2294 3692 2365; x_wconf 76' lang='lat' dir='ltr'><strong>ignis</strong></span> 
     </span>
    </p>
   </div>
   <div class='ocr_carea' id='block_1_81' title="bbox 2000 2381 3694 2451">
    <p class='ocr_par' dir='ltr' id='par_1_81' title="bbox 2000 2381 3694 2451">
     <span class='ocr_line' id='line_1_81' title="bbox 2000 2381 3694 2451; baseline 0.002 -18"><span class='ocrx_word' id='word_1_683' title='bbox 2000 2385 2056 2433; x_wconf 90' lang='lat' dir='ltr'><strong>et</strong></span> <span class='ocrx_word' id='word_1_684' title='bbox 2086 2381 2396 2451; x_wconf 89' lang='lat' dir='ltr'><strong>sulphuris,</strong></span> <span class='ocrx_word' id='word_1_685' title='bbox 2430 2404 2455 2429; x_wconf 86' lang='grc'><strong><em>››</em></strong></span> <span class='ocrx_word' id='word_1_686' title='bbox 2479 2382 2547 2435; x_wconf 90' lang='lat' dir='ltr'><strong>de</strong></span> <span class='ocrx_word' id='word_1_687' title='bbox 2581 2398 2695 2451; x_wconf 83' lang='lat' dir='ltr'><strong>quo</strong></span> <span class='ocrx_word' id='word_1_688' title='bbox 2720 2382 2919 2435; x_wconf 87' lang='lat' dir='ltr'><strong>beatus</strong></span> <span class='ocrx_word' id='word_1_689' title='bbox 2942 2383 3187 2436; x_wconf 84' lang='lat' dir='ltr'><strong>Joannes</strong></span> <span class='ocrx_word' id='word_1_690' title='bbox 3218 2383 3353 2437; x_wconf 59' lang='lat' dir='ltr'><strong>divit</strong></span> <span class='ocrx_word' id='word_1_691' title='bbox 3387 2401 3399 2437; x_wconf 90' lang='lat'>:</span> <span class='ocrx_word' id='word_1_692' title='bbox 3433 2406 3458 2432; x_wconf 76' lang='grc' dir='ltr'>α</span> <span class='ocrx_word' id='word_1_693' title='bbox 3490 2386 3551 2437; x_wconf 89' lang='lat' dir='ltr'><strong>Et</strong></span> <span class='ocrx_word' id='word_1_694' title='bbox 3578 2384 3694 2437; x_wconf 87' lang='lat' dir='ltr'><strong>dia-</strong></span> 
     </span>
    </p>
   </div>
   <div class='ocr_carea' id='block_1_82' title="bbox 2001 2469 3693 2543">
    <p class='ocr_par' dir='ltr' id='par_1_82' title="bbox 2001 2469 3693 2543">
     <span class='ocr_line' id='line_1_82' title="bbox 2001 2469 3693 2543; baseline 0.002 -20"><span class='ocrx_word' id='word_1_695' title='bbox 2001 2470 2166 2523; x_wconf 91' lang='lat' dir='ltr'><strong>bolus</strong></span> <span class='ocrx_word' id='word_1_696' title='bbox 2198 2469 2296 2539; x_wconf 89' lang='lat' dir='ltr'><strong>qui</strong></span> <span class='ocrx_word' id='word_1_697' title='bbox 2337 2470 2635 2523; x_wconf 84' lang='lat' dir='ltr'><strong>seducebat</strong></span> <span class='ocrx_word' id='word_1_698' title='bbox 2667 2487 2761 2522; x_wconf 90' lang='lat' dir='ltr'><strong>eos</strong></span> <span class='ocrx_word' id='word_1_699' title='bbox 2797 2471 2999 2524; x_wconf 86' lang='lat' dir='ltr'><strong>missus</strong></span> <span class='ocrx_word' id='word_1_700' title='bbox 3029 2472 3193 2524; x_wconf 88' lang='lat' dir='ltr'><strong>estin</strong></span> <span class='ocrx_word' id='word_1_701' title='bbox 3226 2479 3269 2525; x_wconf 90' lang='lat' dir='ltr'><strong>st</strong></span> <span class='ocrx_word' id='word_1_702' title='bbox 3298 2488 3490 2542; x_wconf 68' lang='lat' dir='ltr'><strong>«gnum</strong></span> <span class='ocrx_word' id='word_1_703' title='bbox 3541 2472 3693 2543; x_wconf 86' lang='lat' dir='ltr'><strong>ignis</strong></span> 
     </span>
    </p>
   </div>
   <div class='ocr_carea' id='block_1_83' title="bbox 2000 2557 3692 2627">
    <p class='ocr_par' dir='ltr' id='par_1_83' title="bbox 2000 2557 3692 2627">
     <span class='ocr_line' id='line_1_83' title="bbox 2000 2557 3692 2627; baseline 0.001 -16"><span class='ocrx_word' id='word_1_704' title='bbox 2000 2562 2055 2611; x_wconf 91' lang='lat' dir='ltr'><strong>et</strong></span> <span class='ocrx_word' id='word_1_705' title='bbox 2084 2557 2376 2627; x_wconf 88' lang='lat' dir='ltr'><strong>sulphuris</strong></span> <span class='ocrx_word' id='word_1_706' title='bbox 2408 2558 2599 2627; x_wconf 75' lang='lat' dir='ltr'><strong>(Apoc.</strong></span> <span class='ocrx_word' id='word_1_707' title='bbox 2635 2574 2722 2625; x_wconf 78' lang='lat' dir='ltr'><strong>xx,</strong></span> <span class='ocrx_word' id='word_1_708' title='bbox 2757 2560 2807 2627; x_wconf 58' lang='lat'><strong>9}</strong></span> <span class='ocrx_word' id='word_1_709' title='bbox 2837 2575 2849 2613; x_wconf 69' lang='grc' dir='ltr'><strong>ι</strong></span> <span class='ocrx_word' id='word_1_710' title='bbox 2884 2578 2910 2607; x_wconf 80' lang='grc' dir='ltr'><strong>ι)</strong></span> <span class='ocrx_word' id='word_1_711' title='bbox 2945 2564 2997 2614; x_wconf 87' lang='lat' dir='ltr'><strong>et</strong></span> <span class='ocrx_word' id='word_1_712' title='bbox 3021 2559 3133 2612; x_wconf 88' lang='lat' dir='ltr'><strong>alio</strong></span> <span class='ocrx_word' id='word_1_713' title='bbox 3163 2560 3287 2613; x_wconf 92' lang='lat' dir='ltr'><strong>loco</strong></span> <span class='ocrx_word' id='word_1_714' title='bbox 3315 2576 3326 2613; x_wconf 91' lang='lat'><strong>:</strong></span> <span class='ocrx_word' id='word_1_715' title='bbox 3378 2582 3404 2609; x_wconf 92' lang='grc'><strong>‹‹</strong></span> <span class='ocrx_word' id='word_1_716' title='bbox 3434 2562 3494 2614; x_wconf 83' lang='lat' dir='ltr'><strong>Et</strong></span> <span class='ocrx_word' id='word_1_717' title='bbox 3540 2577 3692 2613; x_wconf 91' lang='lat' dir='ltr'><strong>mors</strong></span> 
     </span>
    </p>
   </div>
   <div class='ocr_carea' id='block_1_84' title="bbox 2000 2646 3692 2718">
    <p class='ocr_par' dir='ltr' id='par_1_84' title="bbox 2000 2646 3692 2718">
     <span class='ocr_line' id='line_1_84' title="bbox 2000 2646 3692 2718; baseline 0.001 -18"><span class='ocrx_word' id='word_1_718' title='bbox 2000 2650 2055 2700; x_wconf 91' lang='lat' dir='ltr'><strong>et</strong></span> <span class='ocrx_word' id='word_1_719' title='bbox 2105 2646 2363 2699; x_wconf 88' lang='lat' dir='ltr'><strong>infernus</strong></span> <span class='ocrx_word' id='word_1_720' title='bbox 2435 2646 2593 2700; x_wconf 89' lang='lat' dir='ltr'><strong>missi</strong></span> <span class='ocrx_word' id='word_1_721' title='bbox 2649 2651 2780 2699; x_wconf 90' lang='lat' dir='ltr'><strong>sunt</strong></span> <span class='ocrx_word' id='word_1_722' title='bbox 2838 2647 2897 2700; x_wconf 92' lang='lat' dir='ltr'><strong>in</strong></span> <span class='ocrx_word' id='word_1_723' title='bbox 2952 2652 3219 2717; x_wconf 87' lang='lat' dir='ltr'><strong>stagnum</strong></span> <span class='ocrx_word' id='word_1_724' title='bbox 3280 2648 3427 2718; x_wconf 88' lang='lat' dir='ltr'><strong>ignis</strong></span> <span class='ocrx_word' id='word_1_725' title='bbox 3488 2650 3692 2716; x_wconf 71' lang='lat' dir='ltr'><strong>(Ibid.,</strong></span> 
     </span>
    </p>
   </div>
   <div class='ocr_carea' id='block_1_85' title="bbox 2004 2735 3693 2807">
    <p class='ocr_par' dir='ltr' id='par_1_85' title="bbox 2004 2735 3693 2807">
     <span class='ocr_line' id='line_1_85' title="bbox 2004 2735 3693 2807; baseline 0.001 -19"><span class='ocrx_word' id='word_1_726' title='bbox 2004 2735 2108 2805; x_wconf 78' lang='lat' dir='ltr'><strong>l5).</strong></span> <span class='ocrx_word' id='word_1_727' title='bbox 2141 2756 2168 2783; x_wconf 83' lang='grc'><strong>››</strong></span> <span class='ocrx_word' id='word_1_728' title='bbox 2208 2736 2335 2789; x_wconf 68' lang='grc' dir='ltr'><strong>Ηωο</strong></span> <span class='ocrx_word' id='word_1_729' title='bbox 2375 2750 2529 2788; x_wconf 90' lang='lat' dir='ltr'><strong>mors</strong></span> <span class='ocrx_word' id='word_1_730' title='bbox 2573 2736 2824 2789; x_wconf 89' lang='lat' dir='ltr'><strong>secunda</strong></span> <span class='ocrx_word' id='word_1_731' title='bbox 2867 2740 2950 2789; x_wconf 85' lang='lat' dir='ltr'><strong>est</strong></span> <span class='ocrx_word' id='word_1_732' title='bbox 2979 2758 3005 2785; x_wconf 91' lang='grc'><strong>‹‹</strong></span> <span class='ocrx_word' id='word_1_733' title='bbox 3039 2742 3306 2805; x_wconf 83' lang='lat' dir='ltr'><strong>stagnum</strong></span> <span class='ocrx_word' id='word_1_734' title='bbox 3356 2737 3537 2807; x_wconf 81' lang='lat' dir='ltr'><strong>ignis;</strong></span> <span class='ocrx_word' id='word_1_735' title='bbox 3578 2760 3603 2785; x_wconf 86' lang='grc'><strong>››</strong></span> <span class='ocrx_word' id='word_1_736' title='bbox 3638 2742 3693 2790; x_wconf 90' lang='lat' dir='ltr'><strong>et</strong></span> 
     </span>
    </p>
   </div>
   <div class='ocr_carea' id='block_1_86' title="bbox 2000 2822 3693 2895">
    <p class='ocr_par' dir='ltr' id='par_1_86' title="bbox 2000 2822 3693 2895">
     <span class='ocr_line' id='line_1_86' title="bbox 2000 2822 3693 2895; baseline 0.002 -21"><span class='ocrx_word' id='word_1_737' title='bbox 2000 2823 2099 2893; x_wconf 90' lang='lat' dir='ltr'><strong>qui</strong></span> <span class='ocrx_word' id='word_1_738' title='bbox 2133 2839 2245 2875; x_wconf 91' lang='lat' dir='ltr'><strong>non</strong></span> <span class='ocrx_word' id='word_1_739' title='bbox 2279 2827 2365 2876; x_wconf 91' lang='lat' dir='ltr'><strong>est</strong></span> <span class='ocrx_word' id='word_1_740' title='bbox 2393 2822 2657 2876; x_wconf 88' lang='lat' dir='ltr'><strong>inventus</strong></span> <span class='ocrx_word' id='word_1_741' title='bbox 2700 2825 2757 2876; x_wconf 91' lang='lat' dir='ltr'><strong>in</strong></span> <span class='ocrx_word' id='word_1_742' title='bbox 2792 2824 2935 2877; x_wconf 92' lang='lat' dir='ltr'><strong>libro</strong></span> <span class='ocrx_word' id='word_1_743' title='bbox 2970 2826 3093 2878; x_wconf 69' lang='lat' dir='ltr'><strong>vitae</strong></span> <span class='ocrx_word' id='word_1_744' title='bbox 3127 2826 3389 2895; x_wconf 78' lang='lat' dir='ltr'><strong>scriptus,</strong></span> <span class='ocrx_word' id='word_1_745' title='bbox 3427 2848 3452 2873; x_wconf 86' lang='grc'><strong>‹‹</strong></span> <span class='ocrx_word' id='word_1_746' title='bbox 3490 2827 3693 2878; x_wconf 88' lang='lat' dir='ltr'><strong>missus</strong></span> 
     </span>
    </p>
   </div>
   <div class='ocr_carea' id='block_1_87' title="bbox 1999 2910 3691 2981">
    <p class='ocr_par' dir='ltr' id='par_1_87' title="bbox 1999 2910 3691 2981">
     <span class='ocr_line' id='line_1_87' title="bbox 1999 2910 3691 2981; baseline 0.002 -18"><span class='ocrx_word' id='word_1_747' title='bbox 1999 2910 2161 2964; x_wconf 89' lang='lat' dir='ltr'><strong>estin</strong></span> <span class='ocrx_word' id='word_1_748' title='bbox 2195 2916 2461 2979; x_wconf 87' lang='lat' dir='ltr'><strong>stagnum</strong></span> <span class='ocrx_word' id='word_1_749' title='bbox 2498 2912 2663 2981; x_wconf 87' lang='lat' dir='ltr'><strong>ignis.</strong></span> <span class='ocrx_word' id='word_1_750' title='bbox 2700 2932 2726 2960; x_wconf 84' lang='grc'><strong>››</strong></span> <span class='ocrx_word' id='word_1_751' title='bbox 2753 2912 2966 2966; x_wconf 75' lang='lat' dir='ltr'><strong>Rursus</strong></span> <span class='ocrx_word' id='word_1_752' title='bbox 2989 2913 3124 2967; x_wconf 90' lang='lat' dir='ltr'><strong>dicit</strong></span> <span class='ocrx_word' id='word_1_753' title='bbox 3157 2931 3169 2967; x_wconf 89' lang='lat'><strong>:</strong></span> <span class='ocrx_word' id='word_1_754' title='bbox 3206 2933 3230 2963; x_wconf 88' lang='grc'><strong>‹‹</strong></span> <span class='ocrx_word' id='word_1_755' title='bbox 3269 2914 3463 2966; x_wconf 86' lang='lat' dir='ltr'><strong>Dubiis</strong></span> <span class='ocrx_word' id='word_1_756' title='bbox 3502 2919 3691 2966; x_wconf 88' lang='lat' dir='ltr'><strong>autem</strong></span> 
     </span>
    </p>
   </div>
   <div class='ocr_carea' id='block_1_88' title="bbox 2000 2999 3690 3071">
    <p class='ocr_par' dir='ltr' id='par_1_88' title="bbox 2000 2999 3690 3071">
     <span class='ocr_line' id='line_1_88' title="bbox 2000 2999 3690 3071; baseline 0.001 -18"><span class='ocrx_word' id='word_1_757' title='bbox 2000 3005 2055 3053; x_wconf 89' lang='lat' dir='ltr'><strong>et</strong></span> <span class='ocrx_word' id='word_1_758' title='bbox 2082 2999 2430 3065; x_wconf 76' lang='lat' dir='ltr'><strong>infidelibus,</strong></span> <span class='ocrx_word' id='word_1_759' title='bbox 2480 3000 2903 3070; x_wconf 83' lang='lat' dir='ltr'><strong>contaminatis,</strong></span> <span class='ocrx_word' id='word_1_760' title='bbox 2937 3006 2992 3053; x_wconf 91' lang='lat' dir='ltr'><strong>et</strong></span> <span class='ocrx_word' id='word_1_761' title='bbox 3046 3001 3370 3064; x_wconf 87' lang='lat' dir='ltr'><strong>homicidis,</strong></span> <span class='ocrx_word' id='word_1_762' title='bbox 3403 3007 3459 3055; x_wconf 91' lang='lat' dir='ltr'><strong>et</strong></span> <span class='ocrx_word' id='word_1_763' title='bbox 3500 3001 3690 3071; x_wconf 89' lang='lat' dir='ltr'><strong>impu-</strong></span> 
     </span>
    </p>
   </div>
   <div class='ocr_carea' id='block_1_89' title="bbox 1999 3088 3691 3155">
    <p class='ocr_par' dir='ltr' id='par_1_89' title="bbox 1999 3088 3691 3155">
     <span class='ocr_line' id='line_1_89' title="bbox 1999 3088 3691 3155; baseline 0.001 -13"><span class='ocrx_word' id='word_1_764' title='bbox 1999 3088 2160 3155; x_wconf 91' lang='lat' dir='ltr'><strong>dicis,</strong></span> <span class='ocrx_word' id='word_1_765' title='bbox 2193 3092 2248 3141; x_wconf 86' lang='lat' dir='ltr'><strong>et</strong></span> <span class='ocrx_word' id='word_1_766' title='bbox 2277 3089 2545 3142; x_wconf 75' lang='lat' dir='ltr'><strong>veneficis</strong></span> <span class='ocrx_word' id='word_1_767' title='bbox 2583 3094 2638 3141; x_wconf 87' lang='lat' dir='ltr'><strong>et</strong></span> <span class='ocrx_word' id='word_1_768' title='bbox 2674 3088 2838 3143; x_wconf 87' lang='lat' dir='ltr'><strong>idolis</strong></span> <span class='ocrx_word' id='word_1_769' title='bbox 2890 3090 3286 3155; x_wconf 80' lang='lat' dir='ltr'><strong>servientibus,</strong></span> <span class='ocrx_word' id='word_1_770' title='bbox 3323 3096 3378 3143; x_wconf 89' lang='lat' dir='ltr'><strong>et</strong></span> <span class='ocrx_word' id='word_1_771' title='bbox 3420 3092 3691 3144; x_wconf 88' lang='lat' dir='ltr'><strong>omnibus</strong></span> 
     </span>
    </p>
   </div>
   <div class='ocr_carea' id='block_1_90' title="bbox 1998 3175 3689 3245">
    <p class='ocr_par' dir='ltr' id='par_1_90' title="bbox 1998 3175 3689 3245">
     <span class='ocr_line' id='line_1_90' title="bbox 1998 3175 3689 3245; baseline 0.001 -17"><span class='ocrx_word' id='word_1_772' title='bbox 1998 3175 2385 3239; x_wconf 86' lang='lat' dir='ltr'><strong>mendacibus,</strong></span> <span class='ocrx_word' id='word_1_773' title='bbox 2440 3191 2571 3245; x_wconf 91' lang='lat' dir='ltr'><strong>pars</strong></span> <span class='ocrx_word' id='word_1_774' title='bbox 2601 3191 2799 3229; x_wconf 88' lang='lat' dir='ltr'><strong>eorum</strong></span> <span class='ocrx_word' id='word_1_775' title='bbox 2853 3176 2914 3228; x_wconf 89' lang='lat' dir='ltr'><strong>in</strong></span> <span class='ocrx_word' id='word_1_776' title='bbox 2962 3182 3164 3245; x_wconf 83' lang='lat' dir='ltr'><strong>stagno</strong></span> <span class='ocrx_word' id='word_1_777' title='bbox 3200 3178 3423 3229; x_wconf 87' lang='lat' dir='ltr'><strong>ardenti</strong></span> <span class='ocrx_word' id='word_1_778' title='bbox 3483 3184 3538 3230; x_wconf 86' lang='lat' dir='ltr'><strong>et</strong></span> <span class='ocrx_word' id='word_1_779' title='bbox 3575 3180 3689 3230; x_wconf 82' lang='lat' dir='ltr'><strong>sul-</strong></span> 
     </span>
    </p>
   </div>
   <div class='ocr_carea' id='block_1_91' title="bbox 1997 3263 3691 3335">
    <p class='ocr_par' dir='ltr' id='par_1_91' title="bbox 1997 3263 3691 3335">
     <span class='ocr_line' id='line_1_91' title="bbox 1997 3263 3691 3335; baseline 0 -18"><span class='ocrx_word' id='word_1_780' title='bbox 1997 3265 2202 3335; x_wconf 89' lang='lat' dir='ltr'><strong>phure,</strong></span> <span class='ocrx_word' id='word_1_781' title='bbox 2256 3263 2409 3333; x_wconf 90' lang='lat' dir='ltr'><strong>quod</strong></span> <span class='ocrx_word' id='word_1_782' title='bbox 2458 3269 2540 3316; x_wconf 88' lang='lat' dir='ltr'><strong>est</strong></span> <span class='ocrx_word' id='word_1_783' title='bbox 2570 3278 2721 3315; x_wconf 88' lang='lat' dir='ltr'><strong>mors</strong></span> <span class='ocrx_word' id='word_1_784' title='bbox 2768 3263 3015 3316; x_wconf 79' lang='lat' dir='ltr'><strong>secunda</strong></span> <span class='ocrx_word' id='word_1_785' title='bbox 3057 3264 3250 3332; x_wconf 75' lang='lat' dir='ltr'><strong>(Apoc.</strong></span> <span class='ocrx_word' id='word_1_786' title='bbox 3284 3280 3395 3329; x_wconf 70' lang='lat' dir='ltr'><strong>xxx,</strong></span> <span class='ocrx_word' id='word_1_787' title='bbox 3437 3266 3514 3327; x_wconf 87' lang='lat'><strong>8).</strong></span> <span class='ocrx_word' id='word_1_788' title='bbox 3550 3286 3577 3311; x_wconf 85' lang='grc'><strong>››</strong></span> <span class='ocrx_word' id='word_1_789' title='bbox 3616 3266 3691 3317; x_wconf 92' lang='lat' dir='ltr'><strong>ll-</strong></span> 
     </span>
    </p>
   </div>
   <div class='ocr_carea' id='block_1_92' title="bbox 2001 3352 3692 3422">
    <p class='ocr_par' dir='ltr' id='par_1_92' title="bbox 2001 3352 3692 3422">
     <span class='ocr_line' id='line_1_92' title="bbox 2001 3352 3692 3422; baseline -0.002 -15"><span class='ocrx_word' id='word_1_790' title='bbox 2001 3353 2112 3408; x_wconf 90' lang='lat' dir='ltr'><strong>lam</strong></span> <span class='ocrx_word' id='word_1_791' title='bbox 2167 3353 2474 3405; x_wconf 90' lang='lat' dir='ltr'><strong>secundam</strong></span> <span class='ocrx_word' id='word_1_792' title='bbox 2526 3357 2818 3421; x_wconf 87' lang='lat' dir='ltr'><strong>nuncupat</strong></span> <span class='ocrx_word' id='word_1_793' title='bbox 2851 3356 3093 3405; x_wconf 87' lang='lat' dir='ltr'><strong>mortem</strong></span> <span class='ocrx_word' id='word_1_794' title='bbox 3147 3368 3276 3422; x_wconf 68' lang='lat' dir='ltr'><strong>qua:</strong></span> <span class='ocrx_word' id='word_1_795' title='bbox 3317 3352 3575 3421; x_wconf 88' lang='lat' dir='ltr'><strong>sequitur</strong></span> <span class='ocrx_word' id='word_1_796' title='bbox 3624 3367 3692 3404; x_wconf 78' lang='lat' dir='ltr'><strong>ex</strong></span> 
     </span>
    </p>
   </div>
   <div class='ocr_carea' id='block_1_93' title="bbox 1999 3438 3693 3512">
    <p class='ocr_par' dir='ltr' id='par_1_93' title="bbox 1999 3438 3693 3512">
     <span class='ocr_line' id='line_1_93' title="bbox 1999 3438 3693 3512; baseline -0.002 -18"><span class='ocrx_word' id='word_1_797' title='bbox 1999 3441 2281 3494; x_wconf 88' lang='lat' dir='ltr'><strong>sententia</strong></span> <span class='ocrx_word' id='word_1_798' title='bbox 2324 3440 2552 3510; x_wconf 87' lang='lat' dir='ltr'><strong>judicis,</strong></span> <span class='ocrx_word' id='word_1_799' title='bbox 2589 3457 2702 3494; x_wconf 92' lang='lat' dir='ltr'><strong>non</strong></span> <span class='ocrx_word' id='word_1_800' title='bbox 2733 3441 2889 3493; x_wconf 89' lang='lat' dir='ltr'><strong>illam</strong></span> <span class='ocrx_word' id='word_1_801' title='bbox 2923 3458 3050 3512; x_wconf 71' lang='lat' dir='ltr'><strong>qua:</strong></span> <span class='ocrx_word' id='word_1_802' title='bbox 3105 3440 3394 3512; x_wconf 63' lang='lat' dir='ltr'><strong>praecessit</strong></span> <span class='ocrx_word' id='word_1_803' title='bbox 3424 3440 3483 3493; x_wconf 91' lang='lat' dir='ltr'><strong>in</strong></span> <span class='ocrx_word' id='word_1_804' title='bbox 3543 3438 3693 3492; x_wconf 89' lang='lat' dir='ltr'><strong>mala</strong></span> 
     </span>
    </p>
   </div>
   <div class='ocr_carea' id='block_1_94' title="bbox 1999 3530 2839 3600">
    <p class='ocr_par' dir='ltr' id='par_1_94' title="bbox 1999 3530 2839 3600">
     <span class='ocr_line' id='line_1_94' title="bbox 1999 3530 2839 3600; baseline -0.005 -15"><span class='ocrx_word' id='word_1_805' title='bbox 1999 3530 2459 3599; x_wconf 85' lang='lat' dir='ltr'><strong>concupiscentia</strong></span> <span class='ocrx_word' id='word_1_806' title='bbox 2486 3530 2839 3600; x_wconf 71' lang='lat' dir='ltr'><strong>peccatoris]</strong></span> 
     </span>
    </p>
   </div>
   <div class='ocr_carea' id='block_1_95' title="bbox 2071 3618 3693 3689">
    <p class='ocr_par' dir='ltr' id='par_1_95' title="bbox 2071 3618 3693 3689">
     <span class='ocr_line' id='line_1_95' title="bbox 2071 3618 3693 3689; baseline -0.001 -17"><span class='ocrx_word' id='word_1_807' title='bbox 2071 3620 2177 3672; x_wconf 91' lang='lat' dir='ltr'><strong>Per</strong></span> <span class='ocrx_word' id='word_1_808' title='bbox 2204 3618 2399 3672; x_wconf 88' lang='lat' dir='ltr'><strong>omnia</strong></span> <span class='ocrx_word' id='word_1_809' title='bbox 2440 3618 2637 3672; x_wconf 91' lang='lat' dir='ltr'><strong>doctor</strong></span> <span class='ocrx_word' id='word_1_810' title='bbox 2681 3618 2785 3672; x_wconf 90' lang='lat' dir='ltr'><strong>iste</strong></span> <span class='ocrx_word' id='word_1_811' title='bbox 2836 3618 3065 3689; x_wconf 89' lang='lat' dir='ltr'><strong>iniquos</strong></span> <span class='ocrx_word' id='word_1_812' title='bbox 3103 3618 3514 3689; x_wconf 78' lang='lat' dir='ltr'><strong>praeordinatos</strong></span> <span class='ocrx_word' id='word_1_813' title='bbox 3572 3632 3693 3671; x_wconf 88' lang='lat' dir='ltr'><strong>esse</strong></span> 
     </span>
    </p>
   </div>
   <div class='ocr_carea' id='block_1_96' title="bbox 2000 3706 3688 3777">
    <p class='ocr_par' dir='ltr' id='par_1_96' title="bbox 2000 3706 3688 3777">
     <span class='ocr_line' id='line_1_96' title="bbox 2000 3706 3688 3777; baseline -0.001 -17"><span class='ocrx_word' id='word_1_814' title='bbox 2000 3707 2071 3761; x_wconf 86' lang='lat' dir='ltr'><strong>ad</strong></span> <span class='ocrx_word' id='word_1_815' title='bbox 2118 3708 2402 3777; x_wconf 67' lang='lat' dir='ltr'><strong>poenalem</strong></span> <span class='ocrx_word' id='word_1_816' title='bbox 2460 3707 2631 3760; x_wconf 86' lang='lat' dir='ltr'><strong>vitam</strong></span> <span class='ocrx_word' id='word_1_817' title='bbox 2686 3706 3085 3777; x_wconf 89' lang='lat' dir='ltr'><strong>iniquitatibus</strong></span> <span class='ocrx_word' id='word_1_818' title='bbox 3116 3708 3232 3761; x_wconf 89' lang='lat' dir='ltr'><strong>suis</strong></span> <span class='ocrx_word' id='word_1_819' title='bbox 3288 3706 3636 3776; x_wconf 87' lang='lat' dir='ltr'><strong>dogmatizat</strong></span> <span class='ocrx_word' id='word_1_820' title='bbox 3676 3723 3688 3759; x_wconf 86' lang='lat'>:</span> 
     </span>
    </p>
   </div>
   <div class='ocr_carea' id='block_1_97' title="bbox 2001 3796 3692 3866">
    <p class='ocr_par' dir='ltr' id='par_1_97' title="bbox 2001 3796 3692 3866">
     <span class='ocr_line' id='line_1_97' title="bbox 2001 3796 3692 3866; baseline 0 -17"><span class='ocrx_word' id='word_1_821' title='bbox 2001 3796 2069 3849; x_wconf 90' lang='lat' dir='ltr'><strong>ad</strong></span> <span class='ocrx_word' id='word_1_822' title='bbox 2099 3800 2395 3864; x_wconf 87' lang='lat' dir='ltr'><strong>peccatum</strong></span> <span class='ocrx_word' id='word_1_823' title='bbox 2435 3811 2567 3847; x_wconf 87' lang='lat' dir='ltr'><strong>vero</strong></span> <span class='ocrx_word' id='word_1_824' title='bbox 2628 3811 2739 3848; x_wconf 94' lang='lat' dir='ltr'><strong>non</strong></span> <span class='ocrx_word' id='word_1_825' title='bbox 2772 3812 2892 3847; x_wconf 90' lang='lat' dir='ltr'><strong>esse</strong></span> <span class='ocrx_word' id='word_1_826' title='bbox 2933 3796 3365 3865; x_wconf 67' lang='lat' dir='ltr'><strong>praaordinatos,</strong></span> <span class='ocrx_word' id='word_1_827' title='bbox 3419 3796 3692 3866; x_wconf 89' lang='lat' dir='ltr'><strong>quoniam</strong></span> 
     </span>
    </p>
   </div>
   <div class='ocr_carea' id='block_1_98' title="bbox 2001 3883 3692 3955">
    <p class='ocr_par' dir='ltr' id='par_1_98' title="bbox 2001 3883 3692 3955">
     <span class='ocr_line' id='line_1_98' title="bbox 2001 3883 3692 3955; baseline 0.001 -18"><span class='ocrx_word' id='word_1_828' title='bbox 2001 3883 2272 3954; x_wconf 90' lang='lat' dir='ltr'><strong>iniquitas</strong></span> <span class='ocrx_word' id='word_1_829' title='bbox 2328 3884 2440 3937; x_wconf 92' lang='lat' dir='ltr'><strong>Deo</strong></span> <span class='ocrx_word' id='word_1_830' title='bbox 2492 3898 2603 3936; x_wconf 92' lang='lat' dir='ltr'><strong>non</strong></span> <span class='ocrx_word' id='word_1_831' title='bbox 2642 3883 2846 3953; x_wconf 89' lang='lat' dir='ltr'><strong>placet,</strong></span> <span class='ocrx_word' id='word_1_832' title='bbox 2888 3899 2991 3937; x_wconf 89' lang='lat' dir='ltr'><strong>nec</strong></span> <span class='ocrx_word' id='word_1_833' title='bbox 3036 3900 3233 3938; x_wconf 90' lang='lat' dir='ltr'><strong>eorum</strong></span> <span class='ocrx_word' id='word_1_834' title='bbox 3264 3889 3347 3938; x_wconf 91' lang='lat' dir='ltr'><strong>est</strong></span> <span class='ocrx_word' id='word_1_835' title='bbox 3399 3884 3692 3955; x_wconf 64' lang='lat' dir='ltr'><strong>praedesti-</strong></span> 
     </span>
    </p>
   </div>
   <div class='ocr_carea' id='block_1_99' title="bbox 2002 3972 3694 4042">
    <p class='ocr_par' dir='ltr' id='par_1_99' title="bbox 2002 3972 3694 4042">
     <span class='ocr_line' id='line_1_99' title="bbox 2002 3972 3694 4042; baseline 0.001 -17"><span class='ocrx_word' id='word_1_836' title='bbox 2002 3977 2191 4039; x_wconf 89' lang='lat' dir='ltr'><strong>nator,</strong></span> <span class='ocrx_word' id='word_1_837' title='bbox 2227 3988 2471 4042; x_wconf 91' lang='lat' dir='ltr'><strong>quorum</strong></span> <span class='ocrx_word' id='word_1_838' title='bbox 2514 3987 2631 4025; x_wconf 89' lang='lat' dir='ltr'><strong>non</strong></span> <span class='ocrx_word' id='word_1_839' title='bbox 2661 3977 2744 4025; x_wconf 91' lang='lat' dir='ltr'><strong>est</strong></span> <span class='ocrx_word' id='word_1_840' title='bbox 2784 3976 2999 4027; x_wconf 89' lang='lat' dir='ltr'><strong>auctor.</strong></span> <span class='ocrx_word' id='word_1_841' title='bbox 3038 3972 3143 4027; x_wconf 92' lang='lat' dir='ltr'><strong>Sed</strong></span> <span class='ocrx_word' id='word_1_842' title='bbox 3174 3989 3301 4027; x_wconf 87' lang='lat' dir='ltr'><strong>cum</strong></span> <span class='ocrx_word' id='word_1_843' title='bbox 3357 3973 3545 4027; x_wconf 86' lang='lat' dir='ltr'><strong>scierit</strong></span> <span class='ocrx_word' id='word_1_844' title='bbox 3590 3973 3694 4027; x_wconf 85' lang='lat' dir='ltr'><strong>ho-</strong></span> 
     </span>
    </p>
   </div>
   <div class='ocr_carea' id='block_1_100' title="bbox 2004 4060 3690 4131">
    <p class='ocr_par' dir='ltr' id='par_1_100' title="bbox 2004 4060 3690 4131">
     <span class='ocr_line' id='line_1_100' title="bbox 2004 4060 3690 4131; baseline 0.001 -17"><span class='ocrx_word' id='word_1_845' title='bbox 2004 4063 2217 4115; x_wconf 92' lang='lat' dir='ltr'><strong>minem</strong></span> <span class='ocrx_word' id='word_1_846' title='bbox 2262 4065 2654 4130; x_wconf 88' lang='lat' dir='ltr'><strong>peccaturum,</strong></span> <span class='ocrx_word' id='word_1_847' title='bbox 2714 4065 2770 4114; x_wconf 89' lang='lat' dir='ltr'><strong>et</strong></span> <span class='ocrx_word' id='word_1_848' title='bbox 2825 4060 2884 4113; x_wconf 89' lang='lat' dir='ltr'><strong>in</strong></span> <span class='ocrx_word' id='word_1_849' title='bbox 2932 4062 3175 4131; x_wconf 87' lang='lat' dir='ltr'><strong>peccatis</strong></span> <span class='ocrx_word' id='word_1_850' title='bbox 3228 4078 3690 4131; x_wconf 89' lang='lat' dir='ltr'><strong>permansurum,</strong></span> 
     </span>
    </p>
   </div>
   <div class='ocr_carea' id='block_1_101' title="bbox 2005 4149 3691 4221">
    <p class='ocr_par' dir='ltr' id='par_1_101' title="bbox 2005 4149 3691 4221">
     <span class='ocr_line' id='line_1_101' title="bbox 2005 4149 3691 4221; baseline -0.001 -19"><span class='ocrx_word' id='word_1_851' title='bbox 2005 4149 2426 4221; x_wconf 64' lang='lat' dir='ltr'><strong>praedestinavit</strong></span> <span class='ocrx_word' id='word_1_852' title='bbox 2456 4165 2589 4203; x_wconf 91' lang='lat' dir='ltr'><strong>eum</strong></span> <span class='ocrx_word' id='word_1_853' title='bbox 2626 4149 2695 4203; x_wconf 87' lang='lat' dir='ltr'><strong>ad</strong></span> <span class='ocrx_word' id='word_1_854' title='bbox 2727 4165 2923 4220; x_wconf 86' lang='lat' dir='ltr'><strong>poenas</strong></span> <span class='ocrx_word' id='word_1_855' title='bbox 2963 4166 3103 4221; x_wconf 86' lang='lat' dir='ltr'><strong>quas</strong></span> <span class='ocrx_word' id='word_1_856' title='bbox 3132 4150 3284 4219; x_wconf 91' lang='lat' dir='ltr'><strong>juste</strong></span> <span class='ocrx_word' id='word_1_857' title='bbox 3316 4156 3464 4205; x_wconf 90' lang='lat' dir='ltr'><strong>esset</strong></span> <span class='ocrx_word' id='word_1_858' title='bbox 3493 4166 3691 4221; x_wconf 87' lang='lat' dir='ltr'><strong>passu-</strong></span> 
     </span>
    </p>
   </div>
   <div class='ocr_carea' id='block_1_102' title="bbox 2007 4238 3697 4310">
    <p class='ocr_par' dir='ltr' id='par_1_102' title="bbox 2007 4238 3697 4310">
     <span class='ocr_line' id='line_1_102' title="bbox 2007 4238 3697 4310; baseline 0.001 -19"><span class='ocrx_word' id='word_1_859' title='bbox 2007 4254 2124 4306; x_wconf 91' lang='lat' dir='ltr'><strong>rus,</strong></span> <span class='ocrx_word' id='word_1_860' title='bbox 2154 4254 2258 4291; x_wconf 90' lang='lat' dir='ltr'><strong>nec</strong></span> <span class='ocrx_word' id='word_1_861' title='bbox 2291 4238 2411 4292; x_wconf 66' lang='lat' dir='ltr'><strong>lucc</strong></span> <span class='ocrx_word' id='word_1_862' title='bbox 2450 4238 2879 4309; x_wconf 70' lang='lat' dir='ltr'><strong>prmdestinatio</strong></span> <span class='ocrx_word' id='word_1_863' title='bbox 2910 4239 3187 4309; x_wconf 89' lang='lat' dir='ltr'><strong>compulit</strong></span> <span class='ocrx_word' id='word_1_864' title='bbox 3228 4256 3361 4293; x_wconf 90' lang='lat' dir='ltr'><strong>eum</strong></span> <span class='ocrx_word' id='word_1_865' title='bbox 3390 4240 3456 4294; x_wconf 91' lang='lat' dir='ltr'><strong>ad</strong></span> <span class='ocrx_word' id='word_1_866' title='bbox 3508 4255 3697 4310; x_wconf 87' lang='lat' dir='ltr'><strong>pecca-</strong></span> 
     </span>
    </p>
   </div>
   <div class='ocr_carea' id='block_1_103' title="bbox 2006 4329 3694 4400">
    <p class='ocr_par' dir='ltr' id='par_1_103' title="bbox 2006 4329 3694 4400">
     <span class='ocr_line' id='line_1_103' title="bbox 2006 4329 3694 4400; baseline 0 -20"><span class='ocrx_word' id='word_1_867' title='bbox 2006 4331 2152 4392; x_wconf 86' lang='lat' dir='ltr'><strong>tum,</strong></span> <span class='ocrx_word' id='word_1_868' title='bbox 2190 4333 2289 4381; x_wconf 87' lang='lat' dir='ltr'><strong>aut</strong></span> <span class='ocrx_word' id='word_1_869' title='bbox 2334 4333 2485 4381; x_wconf 88' lang='lat' dir='ltr'><strong>certe</strong></span> <span class='ocrx_word' id='word_1_870' title='bbox 2536 4344 2600 4381; x_wconf 80' lang='lat' dir='ltr'><strong>ex</strong></span> <span class='ocrx_word' id='word_1_871' title='bbox 2635 4329 2967 4383; x_wconf 89' lang='lat' dir='ltr'><strong>necessitate</strong></span> <span class='ocrx_word' id='word_1_872' title='bbox 3018 4329 3084 4383; x_wconf 89' lang='lat' dir='ltr'><strong>ad</strong></span> <span class='ocrx_word' id='word_1_873' title='bbox 3119 4345 3355 4398; x_wconf 64' lang='lat' dir='ltr'><strong>pcenas:</strong></span> <span class='ocrx_word' id='word_1_874' title='bbox 3395 4330 3694 4400; x_wconf 87' lang='lat' dir='ltr'><strong>quoniam,</strong></span> 
     </span>
    </p>
   </div>
   <div class='ocr_carea' id='block_1_104' title="bbox 2008 4415 3694 4487">
    <p class='ocr_par' dir='ltr' id='par_1_104' title="bbox 2008 4415 3694 4487">
     <span class='ocr_line' id='line_1_104' title="bbox 2008 4415 3694 4487; baseline 0.002 -20"><span class='ocrx_word' id='word_1_875' title='bbox 2008 4415 2152 4468; x_wconf 86' lang='lat' dir='ltr'><strong>sicut</strong></span> <span class='ocrx_word' id='word_1_876' title='bbox 2184 4416 2301 4486; x_wconf 88' lang='lat' dir='ltr'><strong>ipse</strong></span> <span class='ocrx_word' id='word_1_877' title='bbox 2344 4419 2585 4469; x_wconf 88' lang='lat' dir='ltr'><strong>testatur</strong></span> <span class='ocrx_word' id='word_1_878' title='bbox 2617 4436 2644 4464; x_wconf 78' lang='grc'><strong>«</strong></span> <span class='ocrx_word' id='word_1_879' title='bbox 2679 4416 2776 4487; x_wconf 91' lang='lat' dir='ltr'><strong>qui</strong></span> <span class='ocrx_word' id='word_1_880' title='bbox 2809 4417 3002 4470; x_wconf 90' lang='lat' dir='ltr'><strong>omnia</strong></span> <span class='ocrx_word' id='word_1_881' title='bbox 3042 4417 3219 4479; x_wconf 88' lang='lat' dir='ltr'><strong>novit,</strong></span> <span class='ocrx_word' id='word_1_882' title='bbox 3250 4438 3275 4463; x_wconf 81' lang='grc'><strong>››</strong></span> <span class='ocrx_word' id='word_1_883' title='bbox 3323 4417 3479 4470; x_wconf 90' lang='lat' dir='ltr'><strong>novit</strong></span> <span class='ocrx_word' id='word_1_884' title='bbox 3523 4417 3694 4470; x_wconf 88' lang='lat' dir='ltr'><strong>etiam</strong></span> 
     </span>
    </p>
   </div>
   <div class='ocr_carea' id='block_1_105' title="bbox 2008 4504 3698 4576">
    <p class='ocr_par' dir='ltr' id='par_1_105' title="bbox 2008 4504 3698 4576">
     <span class='ocr_line' id='line_1_105' title="bbox 2008 4504 3698 4576; baseline 0.001 -19"><span class='ocrx_word' id='word_1_885' title='bbox 2008 4508 2064 4557; x_wconf 88' lang='lat' dir='ltr'><strong>et</strong></span> <span class='ocrx_word' id='word_1_886' title='bbox 2094 4504 2454 4574; x_wconf 86' lang='lat' dir='ltr'><strong>singulorum</strong></span> <span class='ocrx_word' id='word_1_887' title='bbox 2508 4504 2676 4572; x_wconf 86' lang='lat' dir='ltr'><strong>facta,</strong></span> <span class='ocrx_word' id='word_1_888' title='bbox 2707 4505 2865 4557; x_wconf 88' lang='lat' dir='ltr'><strong>novit</strong></span> <span class='ocrx_word' id='word_1_889' title='bbox 2895 4509 2949 4559; x_wconf 90' lang='lat' dir='ltr'><strong>et</strong></span> <span class='ocrx_word' id='word_1_890' title='bbox 3005 4505 3148 4559; x_wconf 87' lang='lat' dir='ltr'><strong>lines</strong></span> <span class='ocrx_word' id='word_1_891' title='bbox 3201 4506 3584 4576; x_wconf 86' lang='lat' dir='ltr'><strong>singulorum,</strong></span> <span class='ocrx_word' id='word_1_892' title='bbox 3644 4510 3698 4558; x_wconf 86' lang='lat' dir='ltr'><strong>et</strong></span> 
     </span>
    </p>
   </div>
   <div class='ocr_carea' id='block_1_106' title="bbox 2007 4592 3701 4664">
    <p class='ocr_par' dir='ltr' id='par_1_106' title="bbox 2007 4592 3701 4664">
     <span class='ocr_line' id='line_1_106' title="bbox 2007 4592 3701 4664; baseline -0.001 -16"><span class='ocrx_word' id='word_1_893' title='bbox 2007 4610 2073 4648; x_wconf 84' lang='lat' dir='ltr'><strong>ex</strong></span> <span class='ocrx_word' id='word_1_894' title='bbox 2104 4610 2170 4648; x_wconf 91' lang='lat' dir='ltr'><strong>eo</strong></span> <span class='ocrx_word' id='word_1_895' title='bbox 2219 4593 2372 4664; x_wconf 83' lang='lat' dir='ltr'><strong>quod</strong></span> <span class='ocrx_word' id='word_1_896' title='bbox 2420 4593 2481 4646; x_wconf 91' lang='lat' dir='ltr'><strong>in</strong></span> <span class='ocrx_word' id='word_1_897' title='bbox 2524 4592 2605 4646; x_wconf 91' lang='lat' dir='ltr'><strong>eis</strong></span> <span class='ocrx_word' id='word_1_898' title='bbox 2635 4594 2777 4648; x_wconf 89' lang='lat' dir='ltr'><strong>vidit</strong></span> <span class='ocrx_word' id='word_1_899' title='bbox 2807 4598 2861 4648; x_wconf 89' lang='lat' dir='ltr'><strong>et</strong></span> <span class='ocrx_word' id='word_1_900' title='bbox 2898 4595 3181 4664; x_wconf 84' lang='lat' dir='ltr'><strong>cognovit,</strong></span> <span class='ocrx_word' id='word_1_901' title='bbox 3216 4611 3281 4648; x_wconf 80' lang='lat' dir='ltr'><strong>ex</strong></span> <span class='ocrx_word' id='word_1_902' title='bbox 3320 4611 3386 4648; x_wconf 81' lang='lat' dir='ltr'><strong>eo</strong></span> <span class='ocrx_word' id='word_1_903' title='bbox 3415 4593 3585 4647; x_wconf 85' lang='lat' dir='ltr'><strong>etiam</strong></span> <span class='ocrx_word' id='word_1_904' title='bbox 3646 4599 3701 4649; x_wconf 90' lang='lat' dir='ltr'><strong>et</strong></span> 
     </span>
    </p>
   </div>
   <div class='ocr_carea' id='block_1_107' title="bbox 2008 4681 3701 4753">
    <p class='ocr_par' dir='ltr' id='par_1_107' title="bbox 2008 4681 3701 4753">
     <span class='ocr_line' id='line_1_107' title="bbox 2008 4681 3701 4753; baseline -0.001 -17"><span class='ocrx_word' id='word_1_905' title='bbox 2008 4681 2429 4753; x_wconf 71' lang='lat' dir='ltr'><strong>prmdestinavit</strong></span> <span class='ocrx_word' id='word_1_906' title='bbox 2470 4682 2606 4753; x_wconf 86' lang='lat' dir='ltr'><strong>quid</strong></span> <span class='ocrx_word' id='word_1_907' title='bbox 2643 4683 2712 4737; x_wconf 93' lang='lat' dir='ltr'><strong>de</strong></span> <span class='ocrx_word' id='word_1_908' title='bbox 2758 4683 3000 4753; x_wconf 88' lang='lat' dir='ltr'><strong>singulis</strong></span> <span class='ocrx_word' id='word_1_909' title='bbox 3051 4688 3198 4737; x_wconf 89' lang='lat' dir='ltr'><strong>esset</strong></span> <span class='ocrx_word' id='word_1_910' title='bbox 3256 4688 3508 4737; x_wconf 87' lang='lat' dir='ltr'><strong>acturus.</strong></span> <span class='ocrx_word' id='word_1_911' title='bbox 3544 4683 3701 4737; x_wconf 91' lang='lat' dir='ltr'><strong>Sicut</strong></span> 
     </span>
    </p>
   </div>
   <div class='ocr_carea' id='block_1_108' title="bbox 2009 4770 3699 4842">
    <p class='ocr_par' dir='ltr' id='par_1_108' title="bbox 2009 4770 3699 4842">
     <span class='ocr_line' id='line_1_108' title="bbox 2009 4770 3699 4842; baseline 0 -17"><span class='ocrx_word' id='word_1_912' title='bbox 2009 4772 2164 4826; x_wconf 89' lang='lat' dir='ltr'><strong>enim</strong></span> <span class='ocrx_word' id='word_1_913' title='bbox 2195 4770 2554 4841; x_wconf 65' lang='lat' dir='ltr'><strong>praescientia</strong></span> <span class='ocrx_word' id='word_1_914' title='bbox 2586 4771 2707 4841; x_wconf 92' lang='lat' dir='ltr'><strong>ejus</strong></span> <span class='ocrx_word' id='word_1_915' title='bbox 2748 4772 3039 4825; x_wconf 90' lang='lat' dir='ltr'><strong>neminem</strong></span> <span class='ocrx_word' id='word_1_916' title='bbox 3072 4773 3363 4842; x_wconf 88' lang='lat' dir='ltr'><strong>compellit</strong></span> <span class='ocrx_word' id='word_1_917' title='bbox 3401 4772 3469 4826; x_wconf 88' lang='lat' dir='ltr'><strong>ad</strong></span> <span class='ocrx_word' id='word_1_918' title='bbox 3504 4788 3699 4842; x_wconf 86' lang='lat' dir='ltr'><strong>pecca-</strong></span> 
     </span>
    </p>
   </div>
   <div class='ocr_carea' id='block_1_109' title="bbox 2008 4860 3699 4931">
    <p class='ocr_par' dir='ltr' id='par_1_109' title="bbox 2008 4860 3699 4931">
     <span class='ocr_line' id='line_1_109' title="bbox 2008 4860 3699 4931; baseline -0.002 -18"><span class='ocrx_word' id='word_1_919' title='bbox 2008 4866 2152 4925; x_wconf 90' lang='lat' dir='ltr'><strong>tum,</strong></span> <span class='ocrx_word' id='word_1_920' title='bbox 2189 4877 2319 4914; x_wconf 92' lang='lat' dir='ltr'><strong>cum</strong></span> <span class='ocrx_word' id='word_1_921' title='bbox 2373 4860 2570 4931; x_wconf 89' lang='lat' dir='ltr'><strong>utique</strong></span> <span class='ocrx_word' id='word_1_922' title='bbox 2604 4861 2918 4931; x_wconf 64' lang='lat' dir='ltr'><strong>praescierit</strong></span> <span class='ocrx_word' id='word_1_923' title='bbox 2946 4862 3308 4930; x_wconf 86' lang='lat' dir='ltr'><strong>singulorum</strong></span> <span class='ocrx_word' id='word_1_924' title='bbox 3334 4865 3462 4915; x_wconf 89' lang='lat' dir='ltr'><strong>ante</strong></span> <span class='ocrx_word' id='word_1_925' title='bbox 3497 4860 3699 4914; x_wconf 64' lang='lat' dir='ltr'><strong>saecula</strong></span> 
     </span>
    </p>
   </div>
   <div class='ocr_carea' id='block_1_110' title="bbox 2009 4950 3698 5021">
    <p class='ocr_par' dir='ltr' id='par_1_110' title="bbox 2009 4950 3698 5021">
     <span class='ocr_line' id='line_1_110' title="bbox 2009 4950 3698 5021; baseline -0.003 -18"><span class='ocrx_word' id='word_1_926' title='bbox 2009 4952 2222 5003; x_wconf 64' lang='lat' dir='ltr'><strong>aeterna</strong></span> <span class='ocrx_word' id='word_1_927' title='bbox 2251 4954 2501 5020; x_wconf 88' lang='lat' dir='ltr'><strong>peccata,</strong></span> <span class='ocrx_word' id='word_1_928' title='bbox 2530 4950 2604 5002; x_wconf 90' lang='lat' dir='ltr'><strong>ita</strong></span> <span class='ocrx_word' id='word_1_929' title='bbox 2636 4966 2867 5021; x_wconf 87' lang='lat' dir='ltr'><strong>quoque</strong></span> <span class='ocrx_word' id='word_1_930' title='bbox 2900 4954 2955 5004; x_wconf 90' lang='lat' dir='ltr'><strong>et</strong></span> <span class='ocrx_word' id='word_1_931' title='bbox 2987 4950 3416 5019; x_wconf 68' lang='lat' dir='ltr'><strong>praedestinatio</strong></span> <span class='ocrx_word' id='word_1_932' title='bbox 3448 4950 3571 5018; x_wconf 86' lang='lat' dir='ltr'><strong>ejus</strong></span> <span class='ocrx_word' id='word_1_933' title='bbox 3604 4962 3698 4998; x_wconf 87' lang='lat' dir='ltr'><strong>ne-</strong></span> 
     </span>
    </p>
   </div>
   <div class='ocr_carea' id='block_1_111' title="bbox 2011 5038 3699 5110">
    <p class='ocr_par' dir='ltr' id='par_1_111' title="bbox 2011 5038 3699 5110">
     <span class='ocr_line' id='line_1_111' title="bbox 2011 5038 3699 5110; baseline -0.003 -19"><span class='ocrx_word' id='word_1_934' title='bbox 2011 5038 2225 5091; x_wconf 92' lang='lat' dir='ltr'><strong>miuem</strong></span> <span class='ocrx_word' id='word_1_935' title='bbox 2258 5038 2549 5109; x_wconf 88' lang='lat' dir='ltr'><strong>compellit</strong></span> <span class='ocrx_word' id='word_1_936' title='bbox 2588 5040 2654 5091; x_wconf 89' lang='lat' dir='ltr'><strong>ad</strong></span> <span class='ocrx_word' id='word_1_937' title='bbox 2693 5056 2941 5109; x_wconf 75' lang='lat' dir='ltr'><strong>pcenam,</strong></span> <span class='ocrx_word' id='word_1_938' title='bbox 2979 5039 3109 5093; x_wconf 91' lang='lat' dir='ltr'><strong>licet</strong></span> <span class='ocrx_word' id='word_1_939' title='bbox 3139 5045 3194 5093; x_wconf 90' lang='lat' dir='ltr'><strong>et</strong></span> <span class='ocrx_word' id='word_1_940' title='bbox 3224 5046 3530 5110; x_wconf 90' lang='lat' dir='ltr'><strong>antequam</strong></span> <span class='ocrx_word' id='word_1_941' title='bbox 3566 5052 3699 5088; x_wconf 88' lang='lat' dir='ltr'><strong>nas—</strong></span> 
     </span>
    </p>
   </div>
   <div class='ocr_carea' id='block_1_112' title="bbox 2009 5126 3702 5199">
    <p class='ocr_par' dir='ltr' id='par_1_112' title="bbox 2009 5126 3702 5199">
     <span class='ocr_line' id='line_1_112' title="bbox 2009 5126 3702 5199; baseline -0.003 -19"><span class='ocrx_word' id='word_1_942' title='bbox 2009 5132 2171 5180; x_wconf 87' lang='lat' dir='ltr'><strong>catur</strong></span> <span class='ocrx_word' id='word_1_943' title='bbox 2197 5127 2424 5197; x_wconf 90' lang='lat' dir='ltr'><strong>aliquis,</strong></span> <span class='ocrx_word' id='word_1_944' title='bbox 2473 5127 2909 5197; x_wconf 68' lang='lat' dir='ltr'><strong>prazdestinatus</strong></span> <span class='ocrx_word' id='word_1_945' title='bbox 2956 5128 3048 5195; x_wconf 88' lang='lat' dir='ltr'><strong>sit,</strong></span> <span class='ocrx_word' id='word_1_946' title='bbox 3084 5130 3129 5182; x_wconf 93' lang='lat' dir='ltr'><strong>si</strong></span> <span class='ocrx_word' id='word_1_947' title='bbox 3172 5140 3576 5199; x_wconf 84' lang='lat' dir='ltr'><strong>permansurus</strong></span> <span class='ocrx_word' id='word_1_948' title='bbox 3618 5126 3702 5176; x_wconf 90' lang='lat' dir='ltr'><strong>est</strong></span> 
     </span>
    </p>
   </div>
   <div class='ocr_carea' id='block_1_113' title="bbox 2010 5212 3702 5285">
    <p class='ocr_par' dir='ltr' id='par_1_113' title="bbox 2010 5212 3702 5285">
     <span class='ocr_line' id='line_1_113' title="bbox 2010 5212 3702 5285; baseline -0.002 -17"><span class='ocrx_word' id='word_1_949' title='bbox 2010 5215 2067 5268; x_wconf 92' lang='lat' dir='ltr'><strong>in</strong></span> <span class='ocrx_word' id='word_1_950' title='bbox 2098 5215 2420 5285; x_wconf 85' lang='lat' dir='ltr'><strong>iniquitate,</strong></span> <span class='ocrx_word' id='word_1_951' title='bbox 2452 5216 2519 5269; x_wconf 90' lang='lat' dir='ltr'><strong>ad</strong></span> <span class='ocrx_word' id='word_1_952' title='bbox 2556 5232 2803 5285; x_wconf 59' lang='lat' dir='ltr'><strong>pugnam.</strong></span> <span class='ocrx_word' id='word_1_953' title='bbox 2842 5218 2913 5270; x_wconf 86' lang='lat' dir='ltr'><strong>Ex</strong></span> <span class='ocrx_word' id='word_1_954' title='bbox 2947 5234 3014 5271; x_wconf 91' lang='lat' dir='ltr'><strong>eo</strong></span> <span class='ocrx_word' id='word_1_955' title='bbox 3045 5218 3197 5271; x_wconf 90' lang='lat' dir='ltr'><strong>enim</strong></span> <span class='ocrx_word' id='word_1_956' title='bbox 3229 5214 3378 5285; x_wconf 91' lang='lat' dir='ltr'><strong>quod</strong></span> <span class='ocrx_word' id='word_1_957' title='bbox 3420 5212 3702 5283; x_wconf 70' lang='lat' dir='ltr'><strong>prtescivit</strong></span> 
     </span>
    </p>
   </div>
   <div class='ocr_carea' id='block_1_114' title="bbox 2010 5302 3703 5375">
    <p class='ocr_par' dir='ltr' id='par_1_114' title="bbox 2010 5302 3703 5375">
     <span class='ocr_line' id='line_1_114' title="bbox 2010 5302 3703 5375; baseline -0.001 -18"><span class='ocrx_word' id='word_1_958' title='bbox 2010 5304 2264 5374; x_wconf 88' lang='lat' dir='ltr'><strong>singulos</strong></span> <span class='ocrx_word' id='word_1_959' title='bbox 2304 5304 2443 5375; x_wconf 88' lang='lat' dir='ltr'><strong>quid</strong></span> <span class='ocrx_word' id='word_1_960' title='bbox 2496 5310 2683 5358; x_wconf 89' lang='lat' dir='ltr'><strong>essent</strong></span> <span class='ocrx_word' id='word_1_961' title='bbox 2717 5305 2897 5359; x_wconf 86' lang='lat' dir='ltr'><strong>acturi</strong></span> <span class='ocrx_word' id='word_1_962' title='bbox 2954 5322 3019 5359; x_wconf 83' lang='lat' dir='ltr'><strong>ex</strong></span> <span class='ocrx_word' id='word_1_963' title='bbox 3071 5322 3137 5359; x_wconf 91' lang='lat' dir='ltr'><strong>eo</strong></span> <span class='ocrx_word' id='word_1_964' title='bbox 3191 5308 3245 5356; x_wconf 91' lang='lat' dir='ltr'><strong>et</strong></span> <span class='ocrx_word' id='word_1_965' title='bbox 3278 5302 3703 5373; x_wconf 69' lang='lat' dir='ltr'><strong>praedestinavit</strong></span> 
     </span>
    </p>
   </div>
   <div class='ocr_carea' id='block_1_115' title="bbox 2011 5390 3701 5464">
    <p class='ocr_par' dir='ltr' id='par_1_115' title="bbox 2011 5390 3701 5464">
     <span class='ocr_line' id='line_1_115' title="bbox 2011 5390 3701 5464; baseline 0 -18"><span class='ocrx_word' id='word_1_966' title='bbox 2011 5393 2326 5446; x_wconf 74' lang='lat' dir='ltr'><strong>teternitate</strong></span> <span class='ocrx_word' id='word_1_967' title='bbox 2348 5393 2574 5446; x_wconf 89' lang='lat' dir='ltr'><strong>consilii</strong></span> <span class='ocrx_word' id='word_1_968' title='bbox 2608 5393 2692 5447; x_wconf 91' lang='lat' dir='ltr'><strong>sui</strong></span> <span class='ocrx_word' id='word_1_969' title='bbox 2730 5392 2866 5464; x_wconf 89' lang='lat' dir='ltr'><strong>quid</strong></span> <span class='ocrx_word' id='word_1_970' title='bbox 2891 5398 3035 5445; x_wconf 85' lang='lat' dir='ltr'><strong>esset</strong></span> <span class='ocrx_word' id='word_1_971' title='bbox 3063 5392 3131 5445; x_wconf 90' lang='lat' dir='ltr'><strong>de</strong></span> <span class='ocrx_word' id='word_1_972' title='bbox 3154 5390 3394 5460; x_wconf 89' lang='lat' dir='ltr'><strong>singulis</strong></span> <span class='ocrx_word' id='word_1_973' title='bbox 3429 5390 3701 5446; x_wconf 84' lang='lat' dir='ltr'><strong>facturus.</strong></span> 
     </span>
    </p>
   </div>
   <div class='ocr_carea' id='block_1_116' title="bbox 2013 5480 3705 5553">
    <p class='ocr_par' dir='ltr' id='par_1_116' title="bbox 2013 5480 3705 5553">
     <span class='ocr_line' id='line_1_116' title="bbox 2013 5480 3705 5553; baseline 0.001 -17"><span class='ocrx_word' id='word_1_974' title='bbox 2013 5484 2155 5536; x_wconf 86' lang='lat' dir='ltr'><strong>ltem</strong></span> <span class='ocrx_word' id='word_1_975' title='bbox 2217 5482 2581 5537; x_wconf 86' lang='lat' dir='ltr'><strong>Cassiodorus</strong></span> <span class='ocrx_word' id='word_1_976' title='bbox 2628 5483 2684 5537; x_wconf 91' lang='lat' dir='ltr'><strong>in</strong></span> <span class='ocrx_word' id='word_1_977' title='bbox 2745 5482 3098 5553; x_wconf 82' lang='lat' dir='ltr'><strong>expositione</strong></span> <span class='ocrx_word' id='word_1_978' title='bbox 3155 5480 3358 5550; x_wconf 88' lang='lat' dir='ltr'><strong>psalmi</strong></span> <span class='ocrx_word' id='word_1_979' title='bbox 3391 5498 3541 5547; x_wconf 86' lang='lat' dir='ltr'><strong>cvm,</strong></span> <span class='ocrx_word' id='word_1_980' title='bbox 3577 5499 3705 5537; x_wconf 91' lang='lat' dir='ltr'><strong>cum</strong></span> 
     </span>
    </p>
   </div>
  </div>
