4138 6186
1579 278 1933 334 ΒΑἸἪΑΜΝΙ
1972 279 2131 334 LORI

2243 278 2432 333 ENSIS
2470 276 2777 333 MONACHI
3871 278 3941 329 56

440 419 708 468 tractaret
757 412 1093 465 versiculum
1147 425 1278 463 eum
1334 408 1433 479 qui
1490 408 1626 462 dicit
1658 427 1673 462 :
1734 429 1761 457 ‹‹
1798 409 1959 463 Fiant
2010 406 2129 463 nati
2158 410 2201 463 Α
2241 406 2333 461 hic
2356 407 2544 476 justus
2574 406 2820 477 amplius
2846 406 3213 476 justiticatur,
3246 406 3457 476 impius
3486 407 3732 477 amplius
3761 406 3942 461 sordi-

444 503 568 572 ejus
608 504 666 555 in
710 500 1027 565 interitum,
1071 498 1129 551 in
1169 497 1536 568 generatione
1568 514 1682 551 una
1714 498 1969 552 deleatur
2024 515 2135 552 no-

445 608 579 645 men
613 592 756 660 ejus,
792 610 818 637 ››
854 588 977 641 haec
1029 587 1322 657 subjunxit
1352 604 1363 641 :
1399 587 1776 657 [Eosdemque
1833 593 1999 641 natos
2044 587 2132 640 di-

450 678 549 741 cis,
605 692 745 746 quos
798 675 1057 744 superius
1114 675 1359 745 pupillos
1408 675 1504 726 ait.
1537 676 1600 728 Et
1637 673 1909 743 quoniam
1953 674 2137 728 solent

444 764 621 835 aliqui
694 768 1056 834 peccatorum
1122 779 1302 833 genus
1360 778 1681 833 propagare
1729 762 2132 832 longinquum,

444 854 629 923 ipsam
685 868 915 922 quoque
965 868 1122 922 spem
1174 852 1284 905 illis
1337 851 1732 922 prosperitatis
1772 852 2029 918 abscidit,
2066 869 2136 905 ne

444 957 559 1011 quo
614 957 671 993 se
732 940 882 994 bono
940 940 1202 1009 pessimae
1264 945 1487 993 mentes
1541 941 1969 993 consolarentur
2020 940 2136 994 sive

446 1029 629 1098 magis
657 1044 771 1081 una
800 1029 1097 1096 generatio
1144 1029 1243 1082 illa
1274 1028 1512 1082 dicenda
1539 1035 1641 1096 est,
1682 1029 1924 1099 jquando
1955 1029 2135 1083 nasci-

443 1134 576 1170 mur
608 1116 666 1169 in
721 1118 997 1185 peccatis;
1045 1122 1100 1172 et
1132 1118 1260 1171 ideo
1295 1118 1438 1187 petit
1476 1123 1537 1171 ut
1582 1118 1649 1171 ad
1696 1118 2025 1183 secundam,
2081 1117 2136 1171 id

446 1210 529 1257 est
559 1204 628 1257 ad
661 1205 1173 1272 regenerationem,
1226 1222 1338 1258 non
1381 1206 1718 1275 perveniant
1751 1223 1762 1261 :
1793 1206 1891 1277 qui
1945 1212 2135 1260 tamen

442 1293 501 1345 in
536 1292 1041 1362 prasdestinatione
1066 1294 1279 1363 repulsi
1304 1299 1435 1348 sunt
1456 1300 1520 1348 ut
1550 1296 1610 1347 in
1642 1295 1827 1365 prima
1877 1301 2139 1365 peccato-

445 1397 572 1434 rum
607 1397 843 1434 suorum
901 1382 1037 1435 faece
1086 1382 1430 1452 dispereant,
1495 1399 1566 1437 ne
1625 1384 1886 1437 secundas
1942 1384 2139 1437 nativi-

446 1469 576 1522 tatis
621 1469 900 1523 beneticio
952 1471 1220 1540 laqueum
1269 1472 1468 1525 mortis
1527 1473 1809 1541 evadant]
1866 1472 1970 1526 Sed
2015 1474 2138 1526 hinc

446 1561 501 1609 et
529 1556 639 1609 illis
690 1556 898 1610 similia
932 1558 1200 1612 dicuntur
1244 1559 1311 1613 de
1343 1560 1455 1613 illis
1504 1560 1603 1630 qui
1634 1561 1692 1613 in
1728 1561 1957 1614 Domini
1983 1561 2135 1629 judi-

444 1645 668 1699 catione
691 1646 1001 1699 damnandi
1034 1652 1184 1713 sunt,
1229 1654 1283 1702 et
1316 1648 1405 1701 hic
1437 1664 1536 1717 per
1576 1649 2133 1718 prasdestinationem

446 1734 708 1802 repulsos
748 1734 906 1799 dixit,
941 1751 1081 1805 quos
1121 1735 1178 1788 in
1212 1742 1484 1790 aeternam
1519 1737 1942 1792 damnationem
1970 1739 2134 1808 inju-

446 1822 592 1875 dicio
629 1822 934 1875 mittendos
966 1824 1302 1891 pronuntiat
1335 1841 1346 1877 :
1381 1825 1520 1878 vidit
1551 1826 1703 1878 enim
1740 1828 1916 1879 malos
1943 1843 2135 1896 perse-

446 1915 739 1962 veraturos
773 1911 919 1963 Deus
950 1910 1006 1963 in
1042 1912 1211 1978 malo,
1250 1916 1305 1965 et
1334 1911 1463 1966 ideo
1501 1914 1647 1983 apud
1682 1918 1955 1968 aeternam
1987 1931 2137 1985 prae-

446 1997 742 2052 scientiam
783 2015 944 2051 suam
992 2000 1202 2053 talibus
1250 2001 1677 2069 prcedestinavit
1719 2019 1968 2072 pcenam.
2014 2005 2135 2057 Non

446 2086 575 2140 ideo
606 2092 799 2139 tamen
851 2089 1277 2157 compelluntur
1307 2090 1372 2141 ad
1405 2105 1629 2159 poenam
1664 2089 1799 2161 quia
1826 2107 1939 2144 non
1970 2107 2035 2145 ex
2070 2108 2136 2145 eo

446 2174 597 2244 quod
647 2173 1036 2243 prmdestinati
1084 2181 1217 2228 sunt
1246 2177 1595 2245 judicantur,
1638 2178 1736 2233 sed
1774 2194 1840 2233 ex
1884 2196 1950 2233 eo
1986 2181 2135 2249 quod

446 2263 774 2329 peccatores
804 2261 1051 2330 praesciti
1092 2270 1242 2329 sunt,
1278 2264 1347 2317 ad
1387 2280 1581 2334 poenas
1630 2265 2019 2334 plzedestinati
2052 2281 2138 2319 co-

446 2353 805 2419 gnoscuntur
839 2365 850 2403 :
896 2350 1043 2404 sicut
1074 2352 1226 2405 enim
1271 2368 1441 2406 nemo
1490 2358 1678 2424 potest
1708 2354 1991 2424 imputare
2025 2357 2137 2409 Deo

445 2436 600 2507 quod
650 2442 865 2506 peccat.
902 2438 980 2491 ita
1023 2455 1249 2511 quoque
1280 2442 1431 2512 quod
1475 2459 1579 2512 pro
1620 2444 1859 2514 peccatis
1891 2445 2136 2515 punien-

445 2525 550 2578 dus
600 2526 693 2580 sit.
726 2528 923 2581 Peccat
955 2527 1110 2581 enim
1160 2530 1391 2599 propria
1442 2531 1733 2585 voluntate
1774 2532 2133 2602 delinquens,

450 2613 778 2682 puniendus
822 2619 1012 2669 autem
1039 2621 1123 2670 est
1160 2617 1317 2688 justo
1343 2618 1560 2689 judicio
1585 2620 1896 2688 judicantis
1932 2636 1945 2673 :
1975 2627 2030 2673 et
2068 2622 2139 2674 si-

443 2708 537 2756 cut
569 2704 783 2773 peccati
840 2721 1008 2758 causa
1040 2723 1150 2760 non
1194 2724 1256 2761 ex
1293 2708 1391 2761 Dei
1422 2710 1778 2779 praescicntia
1826 2710 2133 2778 descendit,

445 2793 577 2861 quia
609 2792 800 2846 nullus
820 2793 1025 2847 idcirco
1046 2802 1236 2864 peccat
1266 2797 1401 2866 quia
1431 2798 1577 2851 Deus
1607 2814 1738 2852 eum
1769 2803 2136 2868 peccaturum

444 2881 776 2950 praescierit,
812 2884 904 2935 sed
937 2882 1147 2937 idcirco
1184 2883 1316 2955 quia
1351 2886 1533 2956 magis
1586 2887 1835 2958 propriae
1866 2889 2135 2958 concupi-

444 2968 672 3023 scentia:
702 2970 895 3024 obedit
923 2988 1096 3041 quam
1128 2980 1409 3045 praecepto
1440 2975 1792 3046 prohibentis
1825 2977 1925 3030 Dei
1952 2993 1984 3030 a
2013 2994 2137 3048 poc-
2168 2987 2205 3040 C

443 3064 609 3113 cato:
664 3058 745 3112 ita
804 3076 1032 3131 quoque
1084 3063 1277 3116 nullus
1325 3064 1536 3118 idcirco
1570 3065 1640 3119 ad
1687 3082 1915 3136 pmnam
1957 3067 2131 3131 vadit,

444 3147 578 3216 quia
611 3147 718 3201 hoc
751 3148 808 3200 in
860 3149 959 3202 Dei
1012 3150 1513 3220 prmdestinatione
1546 3158 1675 3207 ante
1708 3155 1891 3209 fuerat
1923 3171 1936 3209 :
1968 3172 2032 3209 ex
2066 3172 2132 3209 eo

442 3234 595 3287 enim
638 3236 790 3305 quod
816 3238 1109 3306 prasscitus
1143 3243 1225 3293 est
1252 3240 1309 3293 in
1343 3242 1587 3311 peccatis
1617 3259 2044 3311 permansurus,
2079 3248 2135 3297 et

444 3322 567 3375 sine
599 3324 954 3392 poenitentia:
980 3325 1162 3379 fructu
1196 3327 1369 3379 vitam
1418 3334 1759 3398 praesentem
1792 3330 2133 3383 terminatu-

444 3425 561 3477 rus,
590 3426 656 3462 ex
707 3427 773 3463 eo
809 3412 1114 3479 deputatus
1146 3419 1229 3466 est
1279 3414 1348 3467 ad
1394 3431 1641 3484 poenam.
1678 3418 1743 3469 Et
1789 3416 1934 3470 sicut
1966 3434 2135 3471 causa

440 3496 659 3564 peccati
712 3499 1170 3568 concupiscentia
1221 3507 1323 3568 est,
1359 3519 1471 3571 qua
1502 3503 1682 3573 magis
1716 3504 1978 3559 obeditur
2032 3522 2132 3559 vo-

440 3583 646 3636 luntati
669 3584 855 3637 carnis
885 3602 1057 3655 quam
1089 3595 1375 3659 pne-cepto
1398 3589 1611 3659 divino,
1645 3593 1723 3646 ita
1751 3610 1935 3663 paenae
1962 3595 2136 3665 depu-

440 3669 669 3722 tationis
701 3686 871 3724 causa
928 3678 1011 3725 est
1044 3675 1255 3743 peccati
1288 3678 1656 3746 perpetratio,
1708 3684 1760 3734 et
1802 3688 1996 3750 postea
2027 3699 2131 3752 pro

440 3764 671 3827 peccato
712 3760 869 3813 nulla
908 3761 1082 3831 digna
1131 3764 1457 3819 satisfactio.
1507 3768 1647 3822 llinc
1681 3774 1904 3822 sanctus
1952 3772 2131 3824 Isido-

440 3862 537 3898 rus
578 3848 925 3918 Hispalensis
956 3849 1277 3922 episcopus,
1338 3854 1464 3907 vita:
1507 3857 1726 3910 meritis
1754 3863 1808 3911 et
1836 3859 2132 3929 sapientia:

440 3934 657 3990 lumine
713 3938 1040 4006 praeclarus,
1091 3941 1499 3996 catholicorum
1534 3961 1777 4015 sequens
1809 3947 2131 4002 doctrinam

437 4024 862 4094 magistrorum,
898 4026 958 4079 in
990 4027 1138 4081 libro
1170 4031 1418 4084 secundo
1455 4031 1880 4089 Sententiarum
1912 4036 2051 4107 (cap.
2078 4038 2129 4102 6)

437 4113 728 4182 geminam
759 4113 874 4167 fore
902 4115 1468 4183 praedestinationem
1501 4126 1616 4174 tam
1653 4139 1922 4177 sensuum
1956 4142 2127 4196 quam

442 4200 748 4253 verborum
804 4201 1164 4257 attestatione
1215 4205 1398 4273 docet,
1459 4207 1694 4264 dicens:
1733 4212 1989 4281 [Gemina
2045 4220 2131 4267 est

436 4287 880 4356 prasdestinatio,
954 4290 1069 4345 sive
1147 4292 1461 4349 electorum
1528 4298 1598 4351 ad
1661 4299 1943 4369 requiem,
2008 4283 2200 4355 siveD

434 4375 814 4444 reproborum
847 4377 916 4431 ad
946 4385 1213 4435 mortem.
1249 4384 1495 4455 Utraque
1535 4386 1727 4441 divino
1758 4389 1947 4458 agitur
1972 4390 2128 4457 judi-

435 4463 545 4529 cio,
577 4469 641 4518 ut
672 4481 901 4535 semper
933 4469 1139 4523 electos
1180 4488 1429 4542 superna
1459 4479 1515 4527 et
1542 4477 1815 4530 interiora
1844 4478 2007 4548 sequi
2036 4478 2128 4531 fa-

434 4552 565 4620 ciat,
591 4569 931 4624 semperque
964 4559 1254 4627 reprobos,
1312 4566 1372 4615 ut
1402 4562 1600 4616 intima
1621 4568 1675 4617 et
1706 4566 1985 4619 exteriora
2023 4566 2126 4619 de-

432 4640 661 4707 lectent,
719 4642 1030 4699 deserendo
1078 4650 1390 4717 permittat.
1453 4651 1608 4705 Sicut
1665 4653 1891 4722 ignorat
1952 4654 2123 4708 homo

431 4729 744 4783 terminum
768 4731 911 4785 lucis
936 4736 1402 4806 ettenebrarum,
1439 4740 1524 4793 vel
1547 4740 1851 4811 utriusque
1885 4741 1965 4794 rei
1998 4742 2124 4811 quis

431 4816 677 4886 tinis‘sit,
702 4818 779 4872 ita
809 4821 1035 4890 plenius
1066 4824 1246 4879 nescit
1276 4828 1403 4895 quis
1434 4832 1563 4881 ante
1597 4844 1765 4881 suum
1795 4829 1967 4882 ﬁnem
2002 4831 2125 4884 luce

423 4906 663 4975 justitim
704 4909 1105 4979 prasveniatur,
1149 4914 1233 4966 vel
1296 4916 1423 4984 quis
1471 4921 1834 4985 peccatorum
1874 4918 2125 4971 tenebris

431 5012 618 5066 usque
650 4996 709 5048 in
739 5014 904 5051 suum
947 5000 1255 5054 terminum
1290 5002 1643 5064 obscuretur,
1690 5011 1789 5058 aut
1838 5006 1966 5076 quis
1997 5012 2125 5076 post

432 5085 654 5153 lapsum
713 5084 1079 5141 tenebrarum
1138 5106 1444 5143 conversus
1475 5097 1737 5162 resurgat
1792 5094 1859 5148 ad
1915 5095 2119 5150 lucem.

432 5172 643 5226 Cuncta
666 5173 787 5227 hmo
822 5176 933 5228 Deo
959 5181 1173 5247 patent,
1201 5178 1492 5232 hominem
1517 5197 1648 5234 vero
1672 5183 1854 5236 latent
1888 5200 1899 5237 :
1926 5201 2120 5254 quam-

430 5258 513 5310 vis
542 5261 829 5328 justorum
874 5264 1229 5317 conversatio
1274 5265 1334 5318 in
1374 5267 1479 5321 hac
1527 5271 1643 5322 vita
1684 5271 1996 5339 probabilis
2052 5275 2125 5328 sit

431 5344 715 5403 incertum
748 5356 939 5404 tamen
968 5352 1297 5407 hominibus
1331 5371 1470 5425 esse,
1500 5357 1568 5411 ad
1599 5375 1771 5429 quem
1802 5359 1915 5413 sint
1947 5360 2123 5417 tinem

428 5436 838 5506 prmdcstinati,
892 5439 988 5493 sed
1045 5441 1239 5496 omnia
1288 5447 1563 5499 reservari
1611 5447 1805 5501 futuro
1849 5450 2118 5504 examini.

426 5522 563 5578 Mira
595 5525 891 5597 dispositio
922 5531 1006 5582 est
1034 5544 1299 5602 superna:
1330 5532 1769 5604 distributionis,
1816 5552 1919 5607 per
1948 5553 2123 5609 quam

2249 497 2434 551 datur.
2469 498 2643 551 Malus
2683 497 2748 550 ad
2775 498 2984 551 bonum
3011 496 3319 567 aliquando
3349 497 3719 564 convertitur,
3756 496 3939 549 bonus

2248 586 2315 640 ad
2350 585 2564 638 malum
2599 586 2902 655 aliquando
2936 585 3276 651 reﬂectitur;
3309 586 3428 637 vult
3458 585 3587 655 quis
3609 601 3727 638 esse
3758 585 3943 639 bonus

2249 680 2303 724 at
2342 688 2456 725 non
2489 674 2664 739 valet;
2709 675 2827 727 vult
2874 674 3015 726 alter
3058 689 3180 727 esse
3219 674 3428 738 malus,
3470 678 3526 726 et
3563 689 3679 726 non
3710 673 3947 743 permit-

2248 761 2386 813 titur
2415 761 2671 829 interire,
2717 762 2884 815 datur
2915 762 2965 815 ei
2998 762 3097 832 qui
3159 763 3297 827 vult,
3344 777 3462 815 esse
3510 761 3695 814 bonus
3735 778 3747 815 :
3799 762 3945 815 alius

2248 865 2352 902 nec
2388 849 2525 909 vult,
2556 866 2660 902 nec
2688 850 2854 903 datur
2885 851 2959 917 ei,
2991 855 3055 903 ut
3091 850 3165 902 sit
3193 850 3376 903 bonus
3411 866 3423 903 :
3465 850 3569 903 iste
3600 848 3851 903 nascitur
3883 850 3946 903 in

2247 952 2439 989 errore
2471 941 2526 989 et
2556 938 2829 1003 moritur;
2865 938 2960 991 illa
2998 938 3059 991 in
3109 938 3261 991 bono
3309 954 3421 1008 quo
3453 938 3624 1006 coepit
3656 954 3837 1008 usque
3884 938 3942 991 in

2246 1026 2419 1079 ﬁnem
2445 1026 2738 1095 perdurat.
2767 1027 2987 1079 Tandin
3019 1026 3123 1080 iste
3156 1030 3267 1080 stat
3293 1042 3595 1097 quousque
3627 1026 3816 1092 cadat;
3844 1027 3943 1080 ille

2247 1115 2394 1167 male
2452 1115 2550 1167 diu
2612 1115 2871 1182 vivendo,
2932 1116 2990 1168 in
3045 1116 3157 1169 ﬁne
3214 1116 3482 1181 salvatur,
3536 1120 3944 1185 respectusque

2247 1204 2625 1269 convertitur;
2669 1205 2787 1257 vult
2818 1204 3086 1273 prodesse
3137 1205 3197 1257 in
3228 1204 3381 1259 bono
3428 1206 3613 1273 justus
3660 1220 3762 1257 nec
3795 1220 3945 1273 prte-

2245 1293 2413 1354 valet,
2443 1293 2564 1345 vult
2593 1309 2799 1345 nocere
2835 1292 3016 1346 malus
3056 1298 3111 1346 et
3142 1294 3307 1346 valet.
3343 1294 3451 1347 lste
3483 1294 3603 1346 vult
3632 1294 3743 1346 Deo
3773 1310 3939 1346 vaca-

2246 1396 2329 1443 re,
2372 1384 2427 1433 ct
2476 1381 2678 1433 sarculo
2710 1381 3069 1450 impeditur:
3130 1381 3225 1433 ille
3256 1381 3314 1434 in
3356 1381 3603 1451 negotiis
3653 1380 3944 1450 implicari

2246 1467 2405 1537 cupit
2456 1484 2558 1522 nec
2616 1470 2858 1538 perlicit.
2918 1471 3256 1523 Dominatur
3292 1469 3475 1522 malus
3529 1469 3701 1535 bono,
3754 1469 3944 1523 bonus

2246 1556 2553 1611 dam-natur
2583 1574 2684 1628 pro
2711 1558 2911 1627 impio,
2946 1558 3157 1627 impius
3185 1558 3503 1611 honoratur
3539 1574 3643 1627 pro
3670 1557 3864 1627 justo;
3887 1563 3946 1611 et

2247 1644 2306 1697 in
2348 1645 2449 1699 hac
2497 1651 2652 1699 tanta
2702 1646 3042 1700 obscuritate
3072 1663 3185 1700 non
3245 1647 3393 1700 valet
3453 1647 3628 1700 homo
3688 1646 3943 1701 divinam

2248 1736 2585 1804 perscrutari
2648 1735 3084 1805 dispositionem
3135 1740 3192 1788 et
3244 1735 3531 1789 occultum
3562 1734 3942 1805 praedestina-

2246 1821 2417 1873 tionis
2446 1822 2802 1891 perpendere
2834 1821 3140 1891 ordinem.]
3772 1842 3775 1843 '

2317 1909 2534 1972 Quibus
2564 1910 2748 1963 verbis
2799 1926 2917 1963 non
2967 1910 3149 1963 solum
3185 1910 3334 1981 quod
3388 1910 3461 1965 sit
3490 1910 3797 1964 electorum
3830 1927 3942 1965 nu-

2246 2012 2437 2049 merus
2468 1998 2703 2068 praemio
2730 2000 3109 2066 coronandus,
3140 2004 3194 2052 et
3224 1998 3600 2069 reproborum
3626 1999 3938 2053 multitudo

2246 2101 2413 2155 pcena
2452 2086 2510 2139 in
2552 2086 2770 2156 judicio
2822 2086 3097 2153 ferienda,
3144 2087 3354 2141 divinas
3408 2086 3939 2155 praedestinationis

2247 2174 2446 2227 ordine
2477 2175 2818 2244 dispositum
2856 2175 2977 2229 fore
3000 2175 3310 2229 clarissime
3327 2176 3704 2239 demonstrat,
3736 2192 3939 2231 verum

2245 2262 2545 2333 utriusque
2575 2263 2810 2330 ordinis,
2840 2264 2893 2317 id
2924 2270 3008 2317 est
3033 2270 3147 2317 tam
3188 2264 3502 2318 electorum
3533 2280 3705 2335 quam
3737 2281 3937 2334 repro-

2245 2350 2473 2419 borum,
2506 2352 2617 2405 vita
2650 2369 2763 2423 quo
2790 2368 2956 2406 cursu
2986 2369 3167 2423 quove
3201 2352 3427 2407 tramite
3458 2354 3724 2407 volubilis
3768 2371 3939 2407 mun-

2246 2438 2303 2492 di
2333 2444 2591 2510 tempora
2626 2446 2998 2511 pertranseat,
3059 2442 3205 2495 sicut
3234 2441 3469 2511 superni
3526 2442 3941 2497 moderaminis

2251 2528 2433 2599 legem
2479 2545 2595 2582 non
2640 2529 2951 2599 egreditur,
3005 2529 3084 2582 ita
3143 2529 3385 2583 cmlcsus
3438 2530 3814 2600 dispositione
3850 2549 3942 2585 se-

2248 2618 2385 2670 creti
2417 2618 2580 2671 docat
2611 2633 2733 2672 esse
2760 2618 3246 2688 praedestinatum.
3288 2620 3670 2689 Utrorumque
3702 2620 3772 2673 de
3799 2620 3937 2677 ﬁne.

2246 2705 2506 2759 videlicet
2562 2707 2873 2760 electorum
2932 2722 3033 2761 seu
3086 2706 3487 2776 reproborum,
3524 2708 3762 2778 loquens
3810 2709 3940 2763 ait:

2248 2792 2507 2864 [Gemina
2556 2799 2637 2848 est
2679 2794 3126 2864 prmdestinatio,
3181 2796 3297 2849 sive
3347 2796 3662 2850 electorum
3717 2797 3785 2850 ad
3848 2814 3940 2851 re-

2248 2883 2465 2951 quiem,
2525 2882 2639 2935 sive
2689 2884 3064 2953 reproborum
3108 2885 3177 2938 ad
3244 2888 3527 2951 mortem]
3596 2886 3723 2939 Haec
3746 2890 3939 2939 autem

2249 2971 2677 3041 praedestinatio
2726 2973 3214 3042 quemadmodum
3288 2974 3346 3027 in
3388 2974 3628 3044 singulis
3668 2980 3941 3043 operetur

2245 3059 2504 3130 sequenti
2569 3060 2849 3113 sententia
2922 3065 3219 3114 monstrat.
3281 3062 3573 3131 [Utraque,
3640 3062 3937 3132 inquiens,

2246 3148 2438 3201 divino
2469 3149 2661 3219 agitur
2684 3148 2926 3218 judicio,
2980 3155 3038 3203 ut
3077 3166 3302 3220 semper
3349 3152 3558 3205 electos
3597 3168 3850 3220 superna
3882 3157 3937 3207 et

2244 3236 2518 3290 interiora
2547 3238 2707 3308 sequi
2738 3238 2927 3304 faciat,
2962 3254 3189 3309 semper
3220 3239 3515 3308 reprobos,
3538 3244 3597 3291 ut
3621 3240 3848 3293 infirma
3882 3246 3939 3295 et

2244 3326 2524 3380 exteriora
2596 3327 2900 3395 delectent,
2963 3328 3276 3381 deserendo
3348 3329 3685 3398 permittat.]
3761 3330 3939 3383 Docet

2244 3415 2397 3468 enim
2432 3415 2582 3486 quod
2611 3415 3128 3485 praadestiuationis
3159 3418 3297 3471 ordo
3326 3418 3567 3471 caelestis
3606 3418 3937 3474 discrimine

2237 3503 2440 3573 judicii
2480 3504 2771 3572 liberetur,
2816 3509 2871 3559 et
2913 3506 3119 3559 electos
3172 3506 3351 3560 divini
3407 3506 3621 3560 amoris
3680 3508 3937 3574 ﬂamma,

2243 3593 2606 3659 succendens,
2650 3592 2947 3662 interiora,
2974 3594 3029 3648 id
3065 3600 3150 3649 est
3180 3595 3460 3666 spiritalia
3491 3602 3547 3649 et
3577 3612 3846 3666 superna,
3880 3598 3941 3652 id

2242 3684 2325 3733 est
2353 3681 2622 3747 ccelestia,
2673 3683 3072 3753 concupiscere
3129 3700 3357 3754 semper
3406 3685 3573 3738 faciat
3620 3690 3678 3739 et
3731 3686 3934 3756 sequi:

2239 3772 2295 3821 at
2325 3769 2597 3838 reprobos
2624 3769 2778 3838 justo
2809 3772 3042 3841 quidem
3068 3772 3307 3841 judicio,
3372 3773 3712 3826 mortalibus
3742 3778 3943 3828 tamen

2240 3858 2482 3924 occulto,
2518 3858 2653 3911 dum
2684 3859 2969 3914 deside.io
2999 3877 3263 3930 supernae
3296 3861 3496 3930 patriae
3528 3878 3644 3914 non
3675 3861 3940 3929 irradiat,

2242 3951 2411 4017 atque
2434 3963 2530 3999 eos
2558 3947 2862 4001 invisibilis
2892 3949 2913 4001 l
2938 3948 3033 4001 nni
3062 3965 3257 4002 amore
3289 3954 3538 4002 extorres
3570 3948 3943 4019 derelinqnit,

2242 4052 2355 4089 non
2395 4035 2692 4103 interiora,
2734 4036 2830 4089 sed
2863 4037 3168 4104 exteriora,
3231 4054 3349 4091 non
3381 4053 3648 4108 superna,
3706 4037 3802 4091 sed
3856 4036 3949 4090 in-

2242 4126 2396 4191 tima,
2426 4124 2533 4177 hoc
2560 4129 2644 4178 est
2675 4140 2792 4179 non
2821 4124 3099 4194 spiritalia
3131 4127 3227 4180 sed
3286 4126 3624 4196 corporalia,
3682 4142 3795 4179 non
3827 4142 3946 4180 cae-

2240 4212 2402 4265 lestia
2433 4214 2525 4265 sed
2559 4218 2785 4266 terrena
2830 4214 2978 4267 bona
3029 4214 3273 4285 diligere
3303 4231 3360 4267 se
3398 4215 3613 4285 quique
3640 4214 3940 4284 permittit.

2238 4302 2362 4355 Non
2395 4301 2550 4355 enim
2583 4301 2834 4355 veritatis
2866 4302 3172 4373 quisquam
3203 4304 3417 4357 bonum
3445 4323 3459 4369 ;
3500 4305 3587 4357 vel
3616 4319 3808 4357 amare
3840 4320 3947 4373 po-

2236 4394 2367 4455 test,
2399 4389 2486 4442 vel
2517 4390 2761 4460 assequi,
2799 4391 2904 4444 nisi
2936 4391 3187 4445 veritatis
3221 4393 3344 4445 luce
3375 4392 3759 4446 commonitus
3797 4392 3925 4461 ipsa

2235 4482 2587 4547 protestante
2608 4479 2867 4533 veritate.
2904 4500 2931 4528 «
2955 4481 3131 4534 Nemo
3165 4480 3318 4533 venit
3349 4480 3418 4533 ad
3450 4496 3561 4545 me,
3609 4480 3718 4533 nisi
3760 4480 3931 4534 Pater

2234 4566 2527 4619 attraxerit
2556 4583 2689 4620 eum
2716 4570 2894 4636 (Joun.
2930 4584 2999 4633 v1,
3034 4568 3153 4634 lii);
3184 4588 3211 4619 »
3237 4574 3292 4622 et
3321 4568 3457 4623 alibi
3492 4585 3504 4622 :
3551 4590 3578 4617 «
3612 4570 3791 4622 Nemo
3824 4584 3935 4622 no-

2235 4654 2315 4707 vit
2342 4656 2567 4708 Patrem
2603 4655 2709 4708 nisi
2734 4657 2927 4723 Filius,
2955 4661 3009 4711 et
3058 4657 3150 4710 cui
3175 4657 3440 4722 voluerit,
3476 4657 3651 4711 Filius
3676 4657 3935 4711 revelare

2235 4744 2451 4811 (Matth.
2484 4760 2555 4809 χι,
2580 4746 2700 4813 2‘7);
2732 4764 2758 4795 n
2794 4745 3004 4798 attrahi
3036 4750 3229 4799 autem
3259 4746 3328 4799 ad
3359 4745 3645 4800 Christum
3677 4745 3812 4815 quid
3843 4752 3937 4799 est

2236 4831 2346 4884 nisi
2380 4833 2531 4887 utin
2572 4849 2704 4886 eum
2744 4834 3005 4887 credatur
3044 4838 3099 4886 et
3146 4834 3429 4888 credendo
3485 4840 3777 4904 sequatur.
3836 4834 3936 4889 Sic

2233 4936 2462 4991 quoque
2484 4937 2585 4991 per
2618 4921 2819 4975 Filium
2847 4922 3084 4975 revelari
3101 4923 3325 4976 Patrem
3359 4939 3477 4976 non
3508 4927 3592 4975 est
3619 4922 3776 4976 aliud
3814 4922 3934 4977 nisi

2234 5008 2368 5062 lidci
2421 5008 2603 5063 oculis
2648 5011 2872 5063 Patrem
2907 5010 3120 5076 videre,
3173 5016 3230 5064 et
3277 5010 3597 5065 dilectionis
3644 5010 3935 5080 obsequio

2233 5097 2519 5163 venerari;
2571 5114 2746 5168 quem
2777 5114 2907 5151 vero
2959 5100 3125 5152 Pater
3179 5099 3367 5152 trahat
3396 5099 3467 5153 ad
3496 5099 3806 5165 Christum,
3872 5106 3940 5154 et

2232 5186 2321 5239 cui
2358 5185 2529 5240 Filius
2574 5187 2785 5239 revelat
2833 5188 3078 5252 Patrem,
3133 5202 3251 5240 non
3276 5187 3549 5253 humano,
3602 5202 3797 5240 verum
3840 5186 3937 5241 di-

2231 5274 2363 5328 vino
2395 5278 2657 5328 censetur
2688 5274 2929 5343 judicio.
2959 5274 3021 5328 Et
3050 5274 3109 5328 in
3145 5276 3250 5328 hac
3272 5274 3503 5346 quidem
3544 5275 3937 5329 mortalitate-

2232 5362 2376 5415 nulli
2406 5363 2697 5432 cognitum
2721 5362 2847 5433 quis
2880 5361 2955 5416 ita
2982 5364 3243 5417 trahatur
3271 5364 3339 5418 ad
3369 5364 3681 5430 Christum,
3715 5365 3797 5417 vel
3832 5364 3935 5419 cui

2233 5450 2310 5504 sic
2369 5451 2544 5505 Filius
2597 5452 2809 5505 revelet
2840 5452 3086 5519 Patrem,
3135 5457 3196 5506 ut
3242 5452 3313 5505 sit
3340 5452 3409 5505 de
3450 5468 3691 5506 numero
3719 5453 3937 5507 electo-

2234 5555 2381 5593 rum.
2457 5540 2598 5594 Hinc
2661 5540 2860 5595 beatus
2938 5541 3186 5597 Isidorus
3237 5542 3624 5614 prosequitur,
3687 5541 3926 5599 dicens:
