4138 6194
224 303 299 355 57
1329 294 1416 349 DE
1456 294 2118 350 PR/EDESTINATIONE
2162 294 2295 349 DEI.
2325 325 2393 333 -—
2426 296 2551 349 LIB.
2595 298 2663 350 ll.

3679 305 3745 356 58

227 431 414 501 [Sicut
442 431 671 500 ignorat
702 428 877 482 homo
922 426 1236 480 terminum
1271 425 1410 479 lucis
1440 429 1497 479 et
1542 425 1928 491 tenebrarum,
1961 431 2004 485 Α
2046 425 2244 479 mortis
2274 424 2487 479 exitum
2519 442 2634 479 non
2670 426 3018 498 relinquent.
3056 430 3203 484 Bene
3235 436 3423 487 autem
3452 432 3553 500 ait,
3594 455 3615 482 ι
3642 450 3744 503 per

223 520 319 572 vel
354 519 658 587 utriusque
717 515 801 569 rei
858 515 987 586 quis
1020 514 1155 568 ﬁnis
1204 514 1318 568 sit:
1356 514 1433 569 ita
1491 515 1716 586 plenius
1754 514 1933 567 nescit

227 608 363 678 quis
425 611 559 661 ante
618 620 786 658 suum
838 604 1014 657 finem
1070 603 1193 657 luce
1245 603 1469 671 justitia
1527 604 1928 673 praeveniatur,

224 695 315 747 vel
350 694 480 764 quis
504 698 871 763 peccatorum
902 692 1151 745 tenebris
1201 708 1383 762 usque
1434 690 1491 743 in
1524 708 1691 745 suum
1734 691 1932 744 termi-

224 799 369 836 num
402 782 762 846 obscuretur,
799 786 899 833 aut
937 781 1066 851 quis
1089 785 1216 851 post
1261 781 1485 850 lapsum
1541 782 1931 847 tenebrarum,

222 887 538 924 conversus
597 873 862 939 resurgat
908 869 977 921 ad
1010 869 1239 938 lucem]
1303 868 1637 922 Terminum
1700 869 1840 921 lucis
1880 874 1934 922 et

222 961 602 1013 tenebrarum
648 960 881 1029 ignorat
936 958 1128 1019 homo,
1164 960 1439 1028 quoniam
1492 957 1674 1011 neseit
1729 958 1786 1010 in
1818 974 1932 1028 quo

213 1049 465 1118 justitiae
496 1050 594 1101 lux
618 1064 799 1117 usque
832 1047 900 1100 ad
934 1047 1246 1102 terminum
1276 1048 1425 1114 vitae,
1457 1046 1619 1117 quasi
1651 1063 1831 1117 usque
1864 1048 1932 1100 ad

223 1138 404 1191 tinem
436 1137 552 1191 diei
594 1135 1008 1207 perseverabit;
1044 1152 1229 1205 neque
1263 1136 1532 1206 cognovit
1583 1135 1641 1188 in
1673 1152 1787 1205 quo
1820 1135 1931 1188 ini-

222 1227 465 1295 quitatis
513 1226 761 1279 tenebrae
818 1229 1093 1293 tanquam
1154 1224 1333 1276 noctis
1389 1224 1600 1277 umbra:
1650 1229 1930 1294 perpetuo

223 1314 482 1368 debeant
514 1330 874 1384 permanere.
903 1313 1038 1377 Quis
1068 1313 1223 1366 enim
1255 1313 1327 1367 sit
1347 1313 1415 1366 de
1450 1330 1692 1366 numero
1726 1314 1931 1366 electo-

222 1420 379 1471 rum,
422 1409 525 1456 aut
571 1402 702 1473 quis
753 1403 1032 1456 habeatur
1072 1402 1140 1454 de
1185 1407 1337 1455 sorte
1384 1402 1760 1471 reproborum
1817 1403 1931 1469 Deo

224 1491 469 1562 quidem
500 1491 867 1545 manifestum
898 1490 1158 1556 habetur,
1192 1490 1459 1543 humanae
1492 1508 1624 1543 vero
1677 1490 1929 1544 scientiae

218 1581 458 1651 penitus
527 1584 614 1634 est
681 1580 1034 1633 absconsum.
1070 1579 1230 1642 Quod
1292 1578 1461 1647 hujus
1502 1579 1749 1633 auctoris
1801 1596 1930 1632 sen-

219 1668 408 1721 tentia
438 1668 692 1722 declarat
749 1684 878 1721 cum
908 1668 1003 1720 ait.
1069 1667 1303 1737 [Cuncta
1362 1666 1482 1721 hmc
1542 1669 1654 1721 Deo
1712 1672 1906 1739 patent

218 1757 528 1811 hominem
561 1774 695 1809 vero
718 1756 933 1825 latent]
965 1756 1179 1810 Deinde
1230 1773 1461 1827 quoque
1514 1756 1801 1811 inculcans
1836 1757 1926 1810 di-

219 1846 373 1898 vinae
408 1845 927 1915 prmdestinationis
950 1850 1231 1898 secretum
1269 1845 1457 1898 infert.
1509 1846 1800 1916 [Quamvis
1828 1846 1924 1915 ju-

222 1939 450 1987 storum
481 1933 838 1987 conversatio
866 1933 924 1986 in
959 1934 1061 1986 hac
1101 1932 1214 1985 vita
1248 1934 1560 2003 probabilis
1621 1934 1709 2001 sit,
1744 1935 1928 1988 incer-

223 2027 354 2076 tum
383 2029 471 2075 est
505 2029 696 2077 tamen
728 2021 1058 2075 hominibus
1088 2022 1157 2074 ad
1195 2038 1367 2092 quem
1418 2022 1592 2076 finem
1625 2022 1740 2075 sint
1787 2040 1931 2093 prte-

223 2110 523 2176 destinati,
555 2110 653 2164 sed
699 2110 895 2165 omnia
944 2111 1222 2164 reservari
1282 2111 1476 2164 futuro
1537 2111 1830 2181 examini]
1874 2112 1930 2166 Si

220 2200 466 2271 quidem
497 2215 832 2269 quanquam
878 2198 1190 2268 probabilis
1241 2199 1369 2253 vitae
1409 2216 1576 2252 cursu
1631 2200 1931 2254 videantur

216 2288 364 2359 justi
394 2288 770 2354 contendere,
823 2287 962 2357 quid
1018 2292 1211 2341 tamen
1271 2288 1465 2341 divino
1535 2288 1928 2358 dispositionis

220 2382 444 2430 secreto
474 2392 675 2429 eorum
714 2375 783 2428 de
832 2375 943 2429 tine
975 2375 1334 2441 decernatur,
1366 2376 1518 2429 illius
1560 2378 1925 2431 solummodo

222 2464 527 2535 sapientiae
553 2462 923 2516 manifestum
955 2468 1056 2529 est,
1087 2464 1249 2533 cujus
1276 2465 1721 2533 amplitudinem
1754 2467 1931 2519 scien-

220 2554 321 2607 tiae
353 2553 497 2606 nihil
530 2556 723 2621 potest
749 2551 947 2605 latere.
970 2554 1041 2605 At
1068 2568 1201 2605 vero
1234 2553 1598 2606 mortalitatis
1621 2554 1791 2624 hujus
1825 2556 1927 2608 bo-

226 2642 450 2695 miuem
484 2639 747 2694 tenebras
775 2638 1090 2711 patientem
1120 2646 1293 2694 tautae
1323 2642 1728 2710 profunditatis
1759 2644 1927 2714 abys-

222 2749 323 2785 sus
352 2745 725 2801 nequaquam
778 2729 1042 2795 illustrat,
1094 2745 1291 2782 verum
1337 2729 1689 2784 densissima:
1748 2732 1928 2786 noctis

220 2820 474 2891 caligine
508 2818 874 2871 involvuntur
902 2817 1114 2884 omnia,
1149 2817 1329 2871 donec
1359 2819 1805 2890 venturijlumen
1832 2820 1926 2890 ju-

220 2909 357 2962 dicii
394 2908 757 2977 singulorum
790 2906 937 2959 facta
960 2922 1072 2976 quo
1100 2904 1214 2959 tine
1241 2907 1570 2960 sudaverint
1590 2908 1925 2963 innotescat.

218 2999 498 3067 Tuncque
539 2999 863 3048 sanctorum
897 2994 1011 3047 vita
1049 3010 1177 3063 qua:
1225 2995 1508 3064 probabili
1556 3013 1723 3050 cursu
1753 2998 1923 3067 hujus
1953 3025 1990 3078 ρ

221 3086 285 3140 in
316 3084 521 3140 mundi
549 3083 900 3137 volubilitate
944 3082 1169 3136 videtur
1200 3082 1468 3153 dirigere,
1523 3085 1916 3139 manifestabi-

222 3180 323 3228 tur
353 3180 551 3227 utrum
585 3173 735 3243 quod
770 3172 949 3240 egisse
983 3171 1285 3225 videbatur
1314 3172 1550 3237 bonum,
1584 3189 1777 3227 amore
1813 3191 1925 3226 sa:-

223 3264 337 3317 culi
365 3280 437 3316 an
465 3277 661 3315 amore
688 3261 931 3314 cmlestis
983 3260 1184 3330 patriae
1215 3261 1500 3331 peregerit
1536 3278 1548 3315 :
1598 3261 1805 3316 divinae
1840 3267 1923 3315 ta-

224 3369 361 3406 men
394 3350 531 3405 dicit
548 3349 1071 3420 prtedestinationis
1086 3349 1347 3403 examine
1371 3350 1727 3420 dispositum,
1753 3367 1924 3421 quem

223 3441 341 3493 sint
373 3439 584 3509 singuli
614 3438 793 3491 ﬁnem
824 3438 1110 3504 sortituri;
1144 3438 1250 3491 hoc
1281 3442 1364 3491 est
1398 3438 1497 3509 qui
1541 3438 1782 3492 caelestis
1831 3456 1926 3509 pa-

223 3529 352 3583 triae
382 3527 798 3582 beatitudinem
828 3526 1175 3597 percepturi,
1207 3526 1423 3597 quique
1457 3528 1725 3597 perennis
1760 3528 1924 3581 mise-

224 3617 327 3671 ria:
362 3616 748 3670 calamitatem
776 3614 1020 3669 subituri
1052 3615 1183 3668 sint.
1222 3615 1383 3668 Unde
1417 3615 1663 3669 secundo
1703 3616 1762 3668 in
1796 3616 1920 3669 loco

222 3706 473 3777 gemina:
506 3703 1028 3776 praedestinationis
1073 3702 1303 3756 intimat
1350 3710 1630 3757 secretum
1663 3704 1799 3757 dum
1832 3705 1920 3758 di-

221 3795 301 3849 cit
331 3812 343 3848 :
372 3793 634 3866 [Sanctos
668 3792 929 3862 quamvis
970 3792 1028 3845 in
1062 3792 1167 3845 hac
1214 3791 1332 3845 vita
1379 3792 1754 3862 probabiliter
1785 3810 1917 3846 con-

222 3888 546 3948 versentur,
584 3882 866 3935 incertum
897 3885 1087 3935 tamen
1121 3897 1240 3934 esse
1269 3881 1339 3934 ad
1385 3897 1558 3951 quem
1590 3881 1705 3934 sint
1748 3882 1921 3935 tinem

220 3967 662 4040 praedestinati.]
726 3968 971 4021 Dicendo
1027 3984 1275 4038 namque
1333 3967 1616 4023 incertum
1679 3986 1797 4022 esse
1854 3971 1923 4024 ad

223 4074 397 4128 quem
426 4057 543 4111 sint
587 4056 764 4111 finem
810 4057 1226 4127 praedestinati,
1276 4057 1524 4110 ostendit
1569 4075 1683 4111 non
1724 4074 1923 4112 omnes

222 4146 487 4200 homines
538 4145 607 4199 ad
672 4161 852 4200 unum
897 4145 1407 4200 consummationis
1459 4146 1804 4201 contendere
1856 4148 1922 4200 ti-

220 4251 356 4290 nem
393 4252 407 4289 :
443 4251 643 4289 verum
692 4235 831 4288 alios
878 4235 966 4289 sui
1013 4235 1225 4289 laboris
1281 4235 1456 4288 tinem
1507 4240 1737 4289 aeternae
1781 4252 1920 4306 pra-

224 4325 403 4378 mium
438 4323 919 4378 remunerationis
952 4329 1327 4389 assecuturos,
1358 4323 1498 4376 alios
1548 4340 1680 4375 vero
1729 4340 1927 4394 perpe-
1955 4324 1994 4377 D

222 4418 339 4466 tua:
369 4411 760 4465 damnationis
810 4419 1096 4465 tormenta
1146 4412 1455 4482 adepturos
1487 4428 1500 4465 :
1537 4411 1635 4482 qui
1674 4427 1805 4465 vero
1850 4413 1927 4466 il-

222 4504 367 4567 lum,
404 4501 577 4572 quive
609 4501 678 4554 ad
711 4500 885 4554 istum
916 4501 1241 4571 pertineant
1273 4502 1469 4567 tinem,
1518 4500 1575 4553 in
1633 4501 1737 4553 hac
1764 4517 1923 4554 mor-

222 4590 466 4644 talitatis
496 4589 743 4660 caligine
775 4589 931 4643 nulla
961 4590 1212 4643 veritatis
1256 4590 1718 4643 manifestatione
1764 4606 1926 4643 com-

224 4678 637 4750 prehenditur;
670 4694 933 4747 superna:
964 4684 1157 4731 tamen
1176 4678 1618 4747 dispensationis
1643 4678 1921 4739 examine,

224 4768 697 4838 praedestinatum
730 4767 851 4821 fore
894 4768 1091 4821 doctor
1117 4767 1219 4820 iste
1272 4771 1531 4821 testatur.
1582 4768 1754 4837 Cujus
1795 4784 1925 4820 sen-

222 4858 420 4910 tentiae
458 4855 738 4909 Dominus
778 4856 847 4909 ad
899 4855 1005 4909 Job
1036 4855 1278 4925 loquens
1329 4855 1648 4908 consentire
1698 4855 1923 4909 videtur

219 4946 418 4999 dicens
456 4960 468 4997 :
506 4965 526 4991 ι
564 4944 660 4997 Dic
692 4943 832 4996 mihi
870 4943 917 4996 si
951 4944 1095 4996 nosti
1132 4943 1366 4996 omnia:
1421 4960 1524 5013 per
1557 4960 1728 5013 quam
1774 4944 1920 4998 viam

223 5034 516 5105 spargitur
548 5034 662 5099 lux,
697 5038 752 5085 et
800 5033 1169 5086 tenebrarum
1223 5032 1349 5102 quis
1382 5033 1539 5086 locus
1596 5032 1697 5100 sit;
1726 5037 1787 5085 ut
1816 5032 1922 5086 du-

220 5139 312 5177 cas
361 5121 823 5192 unumquodque
872 5120 944 5173 ad
996 5119 1273 5173 terminos
1322 5136 1451 5173 suos
1499 5121 1632 5189 (Job.
1694 5138 1921 5187 xxxvm,

224 5213 439 5278 17-20).
476 5234 505 5260 ››
545 5210 706 5265 Lucis
760 5210 994 5264 nomine
1024 5214 1351 5263 sanctorum
1412 5209 1606 5273 vitam,
1652 5209 1922 5262 tenebra-

222 5316 350 5354 rum
385 5315 519 5352 vero
558 5299 990 5368 nuncupatione
1038 5298 1421 5367 reproborum
1455 5296 1734 5366 designat,
1787 5296 1921 5366 quia

220 5390 487 5445 videlicet
524 5390 655 5454 Deo,
689 5387 782 5441 cui
833 5386 1139 5440 manifesta
1179 5392 1313 5440 sunt
1352 5385 1566 5451 omnia,
1602 5384 1920 5438 certissime

222 5479 401 5532 claret
470 5493 619 5548 quos
686 5477 781 5531 lux
844 5491 1108 5546 superna:
1161 5490 1343 5544 usque
1403 5473 1460 5527 in
1528 5473 1659 5526 vitae
1718 5473 1920 5526 termi—

222 5584 360 5624 num
390 5565 725 5635 illustrabit,
776 5569 834 5620 et
886 5580 1029 5637 quos
1086 5562 1444 5618 inﬁdelitatis
1492 5561 1739 5617 tenebrae
1786 5566 1920 5616 ante

1912 1708 1926 1734 ’
1962 1715 1999 1768 B

2044 531 2215 585 quam
2246 516 2395 568 viam
2430 515 2721 585 spargitur
2766 516 2882 583 lux,
2917 522 2974 571 et
3020 519 3389 573 tenebrarum
3418 520 3545 592 quis
3586 522 3743 576 locus

2044 604 2135 657 sit.
2170 624 2191 651 ι
2228 603 2344 657 Lux
2376 604 2531 657 enim
2584 604 2789 657 divina:
2822 605 3160 660 visitationis
3214 625 3330 661 non
3378 625 3514 673 uno,
3542 628 3739 664 verum

2043 692 2347 763 multiplici
2379 693 2549 746 modo
2582 692 2892 746 electorum
2926 696 3096 747 corda
3120 696 3429 764 perfundit,
3463 699 3603 752 alios
3635 700 3739 754 isto

2043 781 2182 834 alios
2223 781 2320 834 illo
2373 780 2688 834 clariticans
2739 798 2999 850 munere,
3050 789 3220 854 atque
3276 786 3413 839 istos
3470 786 3539 840 ab
3571 793 3737 841 utero

2044 870 2260 935 matris,
2298 869 2428 922 illos
2479 885 2512 922 a
2560 870 2823 939 pueritiae
2876 876 3152 941 tempore,
3211 872 3315 926 hos
3362 880 3554 928 autem
3586 878 3735 945 aju-

2038 958 2286 1011 ventutis
2320 961 2563 1023 fervore,
2613 960 2919 1012 nonnullos
2971 976 3105 1013 vero
3150 960 3208 1013 in
3269 965 3570 1016 senectutis
3600 981 3734 1034 pro-

2039 1063 2198 1100 cessu
2226 1046 2295 1099 de
2330 1052 2693 1116 peccatorum
2727 1047 2978 1101 tenebris
3007 1048 3075 1101 ad
3117 1049 3302 1102 lucem
3330 1050 3569 1118 justitize
3598 1068 3734 1106 con-

2040 1135 2225 1187 vertit.
2253 1135 2437 1203 Igitur
2470 1134 2744 1204 quoniam
2772 1135 2993 1187 diverso
3021 1136 3334 1205 gratiarum
3365 1154 3599 1190 munere
3642 1155 3733 1192 su-

2039 1240 2253 1293 pernus
2285 1224 2460 1277 Judex
2491 1227 2696 1276 electos
2754 1224 3104 1293 magniticat,
3156 1226 3507 1297 diversisque
3555 1228 3736 1281 aetatis

2040 1312 2394 1383 temporibus
2428 1312 2498 1365 ad
2532 1312 2783 1366 veritatis
2815 1314 2965 1366 viam
3006 1320 3215 1375 evocat,
3264 1316 3467 1368 merito
3507 1316 3734 1385 dicitur,

2042 1419 2068 1451 ‹‹
2098 1417 2201 1470 per
2222 1416 2394 1471 quam
2423 1400 2573 1453 viam
2606 1401 2897 1470 spargitur
2931 1401 3022 1455 lux
3062 1419 3074 1456 :
3114 1424 3133 1449 ι
3174 1402 3227 1455 id
3274 1408 3377 1469 est,
3432 1404 3523 1457 lux
3556 1405 3730 1458 ecete-

2041 1489 2140 1540 stis
2170 1489 2366 1557 gratia:
2429 1494 2647 1542 mentes
2693 1490 3005 1542 electorum
3054 1490 3407 1553 illuminans,
3462 1508 3575 1562 qua
3622 1494 3733 1557 via,

2039 1577 2097 1631 id
2130 1582 2214 1631 est
2244 1594 2355 1647 quo
2388 1594 2651 1646 superna)
2685 1578 3074 1647 dispositionis
3105 1580 3303 1633 ordine
3337 1580 3728 1650 dispertiatur,

2039 1683 2154 1720 non
2186 1667 2453 1719 humanae
2512 1666 2722 1719 mentis
2762 1667 3068 1721 infirmitas
3121 1668 3575 1738 comprehendit,
3636 1669 3736 1722 sed

2038 1755 2282 1809 caelestis
2315 1754 2519 1824 judicii
2570 1760 2788 1808 secreta
2835 1762 3137 1809 noverunt.
3176 1757 3451 1810 Similiter
3502 1775 3731 1829 quoque

2042 1844 2230 1914 «quis
2280 1844 2436 1897 locus
2493 1843 2564 1897 sit
2620 1844 3011 1909 tenebrarum,
3051 1867 3069 1893 ι
3101 1844 3156 1897 id
3220 1850 3321 1909 est,
3380 1845 3440 1897 in
3487 1862 3735 1917 quorum

2039 1935 2304 1989 cordibus
2350 1935 2434 1988 vel
2482 1934 2897 1988 incredulitatis
2947 1935 3165 1988 umbrae
3210 1936 3298 1989 vel
3342 1935 3581 1988 actionis
3612 1953 3737 2006 per-

2039 2040 2216 2077 versa}
2260 2023 2505 2077 debeant
2535 2039 2716 2093 usque
2748 2024 2804 2075 in
2839 2023 3012 2076 tinem
3059 2023 3307 2077 tenebrae
3347 2040 3733 2092 perseverare,

2038 2112 2308 2166 humanae
2340 2110 2574 2181 quidem
2615 2110 2867 2164 scientiae
2899 2127 3011 2163 non
3040 2116 3216 2181 patet,
3252 2112 3457 2164 divina:
3488 2128 3621 2165 vero
3655 2129 3739 2165 sa-

2038 2201 2268 2271 pientia:
2302 2204 2504 2253 notum
2547 2204 2649 2253 est.
2688 2200 2827 2253 Hinc
2859 2199 3034 2252 etiam
3072 2200 3360 2253 infertur:
3399 2220 3425 2249 (ι
3462 2205 3523 2254 ut
3563 2200 3735 2254 ducas

2038 2288 2496 2358 unumquodque
2529 2288 2596 2341 ad
2626 2289 2904 2342 terminos
2938 2305 3086 2342 suos.
3128 2310 3153 2337 ››
3184 2290 3269 2343 Ad
3302 2289 3576 2343 terminos
3606 2306 3739 2343 suos

2036 2378 2495 2447 unumquodque
2558 2376 2805 2442 ducitur,
2868 2378 3099 2447 quando
3154 2376 3253 2447 qui
3307 2378 3437 2431 ﬁnis
3495 2378 3738 2431 merito-

2040 2481 2169 2519 rum
2264 2466 2450 2535 gratia
2516 2481 2754 2518 suorum
2817 2465 3075 2534 singulos
3142 2470 3370 2519 maneat
3424 2465 3738 2537 unicuique

2037 2554 2348 2619 confertur,
2420 2559 2485 2606 ut
2552 2554 2726 2607 istum
2797 2570 2901 2623 pro
2973 2555 3115 2607 bene
3191 2561 3483 2623 gestorum
3555 2561 3738 2608 certa-

2042 2643 2198 2696 mine
2243 2643 2563 2696 studiorum
2615 2643 2802 2711 gloria
2850 2643 3215 2709 condecoret;
3252 2643 3413 2697 illum
3469 2659 3601 2696 vero
3631 2660 3734 2715 pro

2042 2733 2188 2785 male
2219 2732 2497 2785 factorum
2554 2731 2869 2784 intentione
2923 2731 3184 2785 laborum
3234 2748 3401 2802 pmna
3458 2736 3734 2799 coerceat,

2039 2826 2323 2892 quatenus
2354 2821 2517 2874 illum
2544 2820 2632 2873 sui
2666 2836 2865 2873 cursus
2896 2820 3069 2873 tinem
3102 2820 3361 2890 accipiat,
3396 2837 3567 2891 quem
3601 2837 3728 2874 cer-

2042 2904 2275 2959 taminis
2307 2905 2393 2957 sui
2444 2904 2738 2975 proposito
2795 2905 3047 2975 petebat,
3082 2910 3145 2957 ut
3188 2905 3455 2958 videlicet
3504 2906 3605 2974 qui
3632 2921 3736 2976 pro

2034 2994 2242 3047 laboris
2275 2994 2573 3048 suistudio
2631 2994 2873 3047 cmlestis
2926 2993 3125 3064 patria:
3185 2994 3448 3064 qumsivit
3487 2994 3731 3048 retribu-

2032 3082 2270 3147 tionem,
2307 3083 2547 3151 accipiat
2578 3082 2635 3135 in
2682 3098 2917 3135 munere
2977 3082 3131 3152 quod
3163 3083 3435 3152 expetivit
3464 3082 3739 3137 certami-

2037 3188 2108 3224 ne
2142 3187 2154 3224 :
2191 3171 2289 3241 qui
2320 3187 2456 3223 vero
2514 3177 2741 3223 terrena
2800 3186 2903 3239 pro
2958 3171 3304 3234 caelestibus,
3366 3171 3580 3224 caduca
3634 3188 3738 3241 pro

2035 3257 2401 3312 manentibus
2433 3257 2728 3326 appetivit,
2772 3272 2889 3308 non
2922 3262 3153 3309 aeternze
3184 3257 3559 3310 beatitudinis
3586 3274 3732 3326 prae-

2036 3347 2238 3413 mium,
2296 3344 2449 3415 quod
2507 3360 2621 3396 non
2681 3342 3028 3412 concupivit,
3090 3358 3287 3395 verum
3364 3342 3730 3412 sempiternae

2033 3433 2416 3491 damnationis
2442 3449 2667 3503 pceuam
2700 3431 2972 3496 inveniet,
2995 3448 3097 3502 pro
3120 3448 3233 3502 qua
3267 3430 3571 3494 laboravit;
3600 3448 3740 3501 quo-

2037 3525 2193 3578 niam
2225 3522 2485 3594 quamvis
2535 3521 2747 3575 invitus
2778 3520 2850 3573 ad
2911 3536 3035 3573 eam
3096 3520 3411 3590 perveniat,
3472 3535 3573 3573 nec
3605 3520 3736 3573 licet

2036 3614 2185 3667 male
2215 3628 2459 3682 operans
2510 3627 2705 3680 poenas
2738 3610 2796 3663 in
2847 3609 2982 3674 line,
3038 3609 3134 3663 sed
3182 3609 3423 3679 gloriam
3460 3608 3739 3679 concupi—

2033 3706 2167 3765 scat,
2204 3701 2429 3771 quando
2488 3704 2682 3753 tamen
2737 3704 2971 3753 aeterna:
3029 3698 3267 3767 prmmia
3298 3697 3427 3751 vita;
3489 3713 3602 3749 non
3652 3701 3740 3750 est

2034 3794 2388 3859 accepturus,
2438 3804 2539 3858 pro
2599 3804 2712 3858 qua
2770 3804 2887 3840 non
2944 3786 3238 3849 laboravit,
3304 3802 3501 3856 poenas
3545 3785 3733 3855 capiat

2034 3877 2418 3932 damnationis
2478 3881 2720 3930 aeternas
2790 3891 2802 3928 :
2853 3875 3114 3946 quisquis
3174 3874 3327 3928 enim
3389 3872 3733 3944 sempiterni

2033 3966 2170 4021 boni
2196 3966 2296 4020 tiet
2322 3980 2542 4035 expers,
2580 3964 2848 4033 perpetui
2882 3980 3115 4033 compos
3149 3961 3286 4015 mali
3321 3962 3584 4015 efficitur.
3628 3962 3736 4025 Qui

2034 4055 2149 4108 sint
2179 4058 2389 4120 autem,
2425 4054 2510 4106 vel
2552 4053 2673 4106 haec
2722 4051 2807 4104 vel
2844 4052 2941 4104 illa
2986 4050 3333 4121 percepturi,
3367 4050 3462 4103 ille
3513 4053 3736 4103 tantum

2035 4143 2209 4208 novit,
2246 4162 2273 4193 (ί
2308 4142 2407 4212 qui
2438 4141 2594 4194 ducit
2622 4139 3076 4211 unumquodque
3108 4140 3177 4193 ad
3210 4139 3487 4192 terminos
3519 4155 3668 4192 suos.
3708 4159 3734 4187 ››

2034 4233 2199 4287 Solus
2231 4231 2445 4285 etenim
2476 4230 2833 4300 singulorum
2881 4228 3157 4282 terminos
3188 4227 3363 4294 novit,
3398 4228 3498 4298 qui
3550 4227 3736 4281 cordis

2035 4320 2414 4374 intentionem
2446 4318 2897 4388 uniuscujusque
2926 4317 3213 4387 cognovit,
3244 4321 3413 4387 atque
3437 4333 3548 4387 quo
3579 4315 3650 4369 sit
3677 4316 3736 4369 in

2040 4409 2330 4480 proposito
2364 4406 2571 4461 mentis
2610 4412 3078 4477 perseveraturus
3122 4421 3237 4459 non
3282 4405 3530 4475 ignorat.
3567 4406 3736 4475 Isque

2041 4518 2067 4547 ‹‹
2099 4512 2576 4566 unumquemque
2604 4496 2675 4548 ad
2705 4494 2981 4548 terminos
3030 4510 3161 4546 suos
3191 4493 3454 4563 perducit
3485 4514 3511 4542 ››
3545 4509 3557 4547 :
3601 4493 3735 4564 quia

2036 4587 2199 4640 illum
2231 4584 2471 4654 singulis
2504 4582 2898 4639 retributionis
2924 4582 3158 4636 daturus
3190 4587 3274 4635 est
3304 4581 3639 4648 terminum,
3664 4582 3733 4636 ad

2037 4690 2209 4746 quem
2250 4673 2459 4727 mentis
2508 4672 2748 4727 intentio
2806 4688 2967 4724 suam
3027 4670 3233 4724 direxit
3285 4671 3589 4725 actionem.
3647 4671 3735 4739 Sic

2034 4780 2170 4833 ergo
2199 4779 2400 4817 verum
2422 4779 2543 4816 esse
2574 4760 2952 4826 convincitur,
3006 4760 3158 4831 quod
3208 4766 3436 4813 sanctus
3484 4760 3733 4813 Isidorus

2033 4853 2169 4907 dicit
2201 4852 2380 4924 quia:
2442 4850 2737 4925 [Quamvis
2787 4851 3077 4919 justorum
3122 4848 3478 4902 conversatio
3538 4849 3596 4901 in
3627 4848 3731 4901 hac

2034 4943 2148 4996 vita
2178 4941 2491 5014 probabilis
2540 4941 2631 5004 sit,
2668 4940 2949 4993 incertum
2983 4942 3175 4992 tamen
3228 4937 3559 4991 hominibus
3609 4950 3729 4988 esse

2033 5033 2102 5087 ad
2130 5048 2300 5103 quem
2331 5032 2447 5085 sint
2476 5030 2649 5085 ﬁnem
2692 5027 3105 5100 prmdestiuati,
3158 5028 3253 5081 sed
3303 5026 3494 5080 omnia
3543 5038 3726 5076 reser-

2031 5120 2151 5173 vari
2182 5120 2375 5174 futuro
2418 5116 2712 5189 examini]
2772 5116 2912 5171 Hinc
2954 5116 3128 5170 etiam
3186 5114 3563 5183 subjungens,
3598 5110 3722 5162 ait:

2034 5208 2194 5279 [Mira
2225 5207 2523 5278 dispositio
2555 5212 2639 5260 est
2670 5221 2935 5276 supernae
2956 5200 3394 5267 distributionis,
3424 5214 3525 5269 per
3551 5213 3725 5268 quam

2032 5297 2123 5350 hic
2147 5297 2335 5366 justus
2367 5296 2614 5367 amplius
2641 5295 3007 5366 justiticatur,
3053 5290 3264 5361 impius
3315 5287 3563 5356 amplius
3607 5302 3727 5339 sor-

2033 5382 2307 5456 didatur,]
2342 5390 2397 5439 et
2426 5400 2554 5455 qua:
2586 5391 2925 5455 sequuntur.
2963 5380 3236 5451 Superius
3277 5376 3343 5430 de
3375 5376 3489 5430 ﬁne
3536 5376 3729 5446 singu-

2029 5476 2213 5528 lorum
2250 5490 2498 5543 superna
2529 5472 3034 5544 prmdestinatione
3084 5464 3358 5536 disposito
3388 5463 3721 5536 disputavit,

2031 5562 2319 5639 nuncjam
2350 5563 2553 5617 docere
2578 5560 2797 5636 incipit,
2824 5558 2976 5635 quod
2999 5561 3191 5610 tamen
3220 5556 3531 5609 electorum
3554 5568 3725 5635 quam
