4138 6194
370 303 436 352 59
1533 295 1888 350 ΗΑΤΠΑΜΝΙ
1929 295 2061 350 COD

2174 294 2381 350 [ENSIS
2423 294 2727 349 MONACtlI
3365 369 3368 371 _
3805 298 3890 345 cn

368 436 752 506 reproborum
782 434 896 489 vita
925 420 1131 489 divinae
1175 430 1570 504 dispositionis
1620 431 1819 484 ordine
1847 429 2058 500 diriga-
2087 429 2134 484 Λ
2172 431 2362 500 coepit,
2397 447 2576 501 usque
2606 430 2663 484 in
2718 431 2849 485 vitae
2907 431 3220 484 terminum
3277 447 3390 484 non
3431 431 3738 501 relinquat,
3783 431 3884 484 vel

368 528 464 579 tur
491 525 551 578 in
578 525 750 595 hujus
797 524 1079 578 curriculo
1124 521 1410 592 temporis.
1467 522 1530 574 Et
1574 520 2058 590 quemadmodum

372 615 733 685 singulorum
765 613 1018 667 actiones
1055 612 1112 665 in
1161 611 1267 664 hac
1313 609 1428 662 vita
1477 609 1747 664 Conditor
1795 609 2062 680 disponat

369 704 714 775 sempiterno
745 700 1115 773 providentia:
1143 715 1260 752 suae
1290 698 1547 765 consilio,
1590 698 2058 768 praedestinatum

372 793 562 847 habet.
600 793 713 846 Etsi
759 792 912 845 enim
945 788 1193 842 actiones
1247 789 1514 842 humanae
1557 803 1716 841 novae
1761 793 1895 840 sunt
1925 787 2059 858 quia

369 882 734 952 temporales,
796 878 999 932 divinae
1061 881 1253 930 tamen
1318 877 1708 947 dispositionis
1757 877 2058 930 consilium

369 976 597 1025 nonest
626 983 856 1033 novum,
918 965 1051 1035 quia
1106 970 1404 1018 aeternum.
1445 965 1538 1020 Ait
1595 971 1836 1020 autem:
1899 966 2059 1037 [Mira

369 1063 452 1112 est
481 1058 672 1125 itaque
691 1054 983 1125 dispositio
1013 1071 1275 1124 supernae
1298 1055 1736 1123 distributionis,
1761 1071 1863 1125 per
1884 1071 2057 1125 quam

368 1146 458 1200 hic
516 1145 696 1213 justus
763 1144 1006 1213 amplius
1041 1143 1409 1213 justiticatur,
1453 1148 1508 1197 et
1547 1143 1760 1214 impius
1812 1143 2058 1212 amplius

367 1227 734 1296 sordidatur.)
773 1227 926 1282 Unde
965 1228 1232 1281 scribitur
1276 1227 1335 1282 in
1362 1228 1703 1298 Apocalypsi
1739 1245 1750 1282 :
1790 1250 1817 1277 (ι
1866 1229 2058 1282 Justus

360 1315 708 1387 justiﬁcetur
731 1316 936 1382 adhuc,
985 1322 1049 1370 et—
1085 1317 1184 1387 qui
1229 1317 1287 1370 in
1319 1317 1584 1371 sordibus
1635 1322 1738 1384 est,
1774 1317 2058 1372 sordescat

366 1405 550 1460 adhuc
583 1407 774 1474 (Apoc.
809 1422 941 1472 xxu,
971 1407 1072 1473 tl).
1106 1425 1132 1456 »
1172 1406 1349 1460 Malus
1383 1407 1450 1460 ad
1485 1407 1698 1461 bonum
1747 1405 2054 1476 aliquando

367 1493 737 1561 convertitur,
772 1493 954 1548 bonus
990 1495 1060 1548 ad
1101 1495 1315 1548 malum
1364 1495 1673 1565 aliquando
1722 1495 2051 1549 reﬂectitur.

368 1585 436 1637 Et
473 1582 776 1654 Apostolus
808 1600 820 1636 :
861 1605 887 1631 «
923 1584 1066 1654 Ergo
1097 1584 1258 1654 cujus
1291 1584 1409 1637 vult
1440 1586 1584 1638 Deus
1635 1583 1956 1649 miseretur,
2001 1589 2058 1637 et

368 1687 542 1742 quem
575 1671 696 1725 vult
750 1671 984 1725 indurat
1039 1672 1210 1742 (Rom.
1275 1689 1349 1742 IX,
1386 1675 1488 1740 l8).
1525 1694 1551 1721 ››
1587 1673 1737 1743 [Vult
1777 1673 1905 1744 quis
1935 1689 2056 1726 esse

367 1760 570 1824 bonus,
612 1765 670 1814 et
699 1775 815 1814 non
842 1761 993 1815 valet
1024 1775 1038 1815 :
1100 1761 1219 1814 vult
1247 1761 1393 1815 alter
1421 1777 1541 1814 esse
1567 1760 1813 1831 fmalus;
1850 1765 1904 1814 et
1947 1777 2059 1814 non

367 1848 722 1920 permittitur
773 1847 1053 1918 interire.)
1118 1849 1184 1902 Et
1243 1848 1536 1920 Scriptura
1611 1852 1804 1902 sancta
1878 1848 2054 1903 dicit:

369 1961 392 1985 (ς
429 1937 737 1992 Considera
767 1953 940 2006 opera
985 1935 1229 2000 Domini,
1282 1937 1418 2007 quia
1451 1952 1618 1990 nemo
1652 1939 1838 2004 potest
1883 1935 2056 1989 corri-

368 2041 500 2096 gere
530 2041 702 2096 quem
736 2025 830 2079 ille
861 2025 1180 2095 despexerit
1209 2026 1414 2093 (Eccle.
1436 2041 1533 2090 vn,
1563 2024 1666 2094 14).
1709 2048 1728 2072 ι
1768 2022 1971 2095 [Datur
2010 2024 2060 2077 ei

369 2114 468 2185 qui
499 2114 618 2168 vult
651 2130 772 2168 esse
803 2114 1015 2180 bonus;
1048 2113 1194 2167 alius
1235 2129 1336 2166 nec
1386 2113 1524 2179 vult,
1573 2128 1674 2166 nec
1715 2111 1769 2165 ei
1799 2112 1967 2165 datur
1997 2116 2062 2166 ut

370 2203 440 2256 sit
469 2200 696 2274 bonus.]
741 2201 1047 2271 Apostolus
1096 2215 1364 2270 quoque:
1406 2222 1426 2248 ε
1462 2203 1548 2253 An
1584 2215 1698 2253 non
1746 2199 1915 2253 habet
1957 2216 2058 2270 po-

367 2295 626 2345 testatem
655 2291 864 2361 ﬁgulus
920 2289 1026 2343 luti
1055 2305 1119 2342 ex
1166 2289 1364 2342 eadem
1421 2305 1610 2342 massa
1660 2289 1844 2341 facere
1903 2289 2057 2342 aliud

367 2379 601 2451 quidem
632 2396 726 2433 vas
774 2379 831 2432 in
884 2379 1187 2444 honorem,
1243 2377 1400 2431 aliud
1459 2393 1592 2431 vero
1646 2377 1706 2430 in
1749 2381 2055 2431 contume-

370 2471 502 2523 liam
535 2470 715 2539 (Rom.
749 2484 818 2534 IX,
853 2469 957 2536 2t).
993 2489 1021 2516 »
1059 2466 1194 2540 [Iste
1225 2466 1476 2520 nascitur
1502 2466 1560 2520 in
1601 2482 1794 2520 errore
1847 2470 1902 2520 et
1933 2482 2058 2520 mo-

368 2557 533 2623 ritur,
565 2558 662 2611 ille
694 2558 754 2610 in
782 2557 934 2610 bono
964 2572 1076 2626 quo
1108 2556 1277 2625 coepit
1305 2570 1488 2626 usque
1528 2554 1586 2608 in
1636 2555 1832 2626 ﬁnem}
1856 2555 2062 2625 perdu-

368 2646 499 2718 rat.]
533 2647 596 2700 Et
625 2647 694 2700 de
725 2645 1015 2716 Sapientia
1043 2645 1310 2715 psallitur
1341 2661 1354 2698 :
1392 2666 1419 2694 «
1447 2645 1583 2708 Quae
1613 2644 1819 2715 aperis,
1876 2649 1931 2698 et
1961 2660 2060 2698 ne-

368 2753 463 2790 mo
486 2735 673 2806 aperit
721 2736 912 2804 (Apoc.
964 2751 1043 2802 ιιι,
1075 2736 1150 2803 7).
1182 2757 1208 2783 ››
1274 2733 1521 2806 [Tandiu
1581 2739 1693 2787 stat
1747 2735 1872 2800 iste,
1925 2751 2063 2805 quo-

367 2837 549 2892 usque
583 2823 778 2890 cadat;
808 2823 904 2877 ille
932 2823 1028 2877 diu
1063 2823 1207 2876 male
1259 2822 1499 2876 vivendo
1533 2822 1592 2875 in
1618 2823 1731 2876 ﬁne
1787 2823 2056 2889 salvatur,

370 2914 773 2982 respectusque
806 2910 1201 2981 convertitur.)
1238 2911 1302 2964 Et
1332 2910 1608 2964 Dominus
1638 2927 1740 2982 per
1781 2913 2009 2983 Moysen
2042 2930 2054 2967 :

373 3020 399 3047 «
433 3000 547 3070 Ego
583 3001 835 3054 occidam
863 3005 918 3054 et
949 3000 1265 3066 viviﬁcabo,
1301 3001 1618 3070 percutiam
1650 3006 1706 3055 et
1737 3017 1840 3071 ego
1874 3002 2059 3055 salva-

369 3087 464 3153 bo,
493 3093 550 3142 et
580 3105 695 3142 non
727 3089 934 3159 estqui
964 3089 1032 3143 de
1066 3104 1241 3142 manu
1273 3105 1401 3142 mea
1431 3089 1611 3160 possit
1641 3106 1840 3144 eruere
1871 3092 2053 3163 (Deut.

367 3193 534 3244 xxxu,
569 3178 673 3246 39).
712 3197 738 3229 ››
770 3177 924 3251 [Vult
957 3178 1430 3249 prodessejustus
1466 3179 1525 3232 in
1555 3179 1728 3245 bono,
1774 3197 1879 3234 nec
1909 3197 2059 3252 pra).-

372 3265 540 3330 valet,
573 3266 695 3318 vult
744 3281 951 3319 nocere
1002 3267 1184 3320 malus
1209 3270 1267 3320 et
1287 3267 1435 3320 valet
1468 3283 1479 3319 :
1527 3266 1631 3320 iste
1679 3269 1798 3322 vult
1831 3269 1944 3323 Deo
1973 3285 2062 3322 va-

368 3369 496 3407 care
558 3357 613 3407 et
660 3356 868 3408 saeculo
926 3355 1268 3424 impeditur;
1322 3356 1416 3408 ille
1470 3355 1715 3424 negotiis
1777 3355 2062 3426 implicari

369 3441 548 3512 cupit,
591 3458 696 3496 nec
750 3442 992 3513 perﬁcit.
1054 3443 1396 3497 Dominatur
1425 3443 1608 3495 malus
1667 3443 1834 3509 bono,
1879 3445 2063 3498 bonus

371 3530 676 3584 damnatur
707 3547 808 3602 pro
855 3530 1057 3600 impio,
1111 3530 1321 3599 impius
1366 3531 1682 3584 honoratur
1729 3548 1834 3602 pro
1861 3533 2061 3604 justo.)

378 3620 738 3674 Ecclesiastes
779 3636 1056 3691 quoque:
1102 3642 1128 3668 «
1183 3620 1276 3674 Est
1316 3621 1551 3686 malum,
1595 3621 1748 3690 quod
1797 3621 1910 3676 vidi
1958 3623 2063 3676 sub

370 3710 486 3763 sole
519 3708 681 3780 quasi
715 3725 816 3779 per
845 3725 1096 3763 errorem
1145 3709 1443 3780 egrediens
1475 3725 1508 3762 a
1553 3710 1693 3764 facie
1739 3711 2014 3782 principis
2049 3729 2060 3766 :

371 3798 623 3869 positum
653 3799 888 3852 stultum
921 3797 980 3851 in
1020 3797 1301 3870 dignitate
1336 3797 1593 3865 sublimi,
1641 3803 1698 3853 et
1750 3799 1952 3854 divites
1982 3817 2064 3854 se-

373 3886 506 3941 dere
555 3887 851 3954 deorsum;
895 3887 1010 3942 vidi
1059 3904 1250 3942 servos
1308 3887 1367 3942 in
1422 3888 1605 3958 equis,
1663 3893 1717 3940 et
1777 3889 2065 3960 principes

374 3976 732 4030 ambulantes
771 3975 933 4047 quasi
981 3992 1169 4029 servos
1220 3992 1391 4046 super
1417 3981 1630 4029 terram
1689 3975 1886 4046 (Eccle.
1927 3994 1974 4041 x,
2006 3980 2063 4029 ὅ·

374 4066 448 4135 7).
484 4086 511 4113 »
545 4067 685 4120 Item
720 4081 731 4118 :
769 4086 794 4112 «
827 4065 953 4117 Vidi
984 4065 1088 4117 sub
1121 4065 1235 4116 sole
1277 4064 1337 4116 in
1385 4063 1508 4117 loco
1546 4064 1752 4133 judicii
1799 4064 2061 4134 impieta-

373 4158 511 4220 tem,
543 4153 677 4206 etin
709 4154 831 4206 loco
857 4151 1095 4223 justitiaa
1146 4151 1512 4222 iniquitatem
1547 4153 1738 4222 (Eccle.
1772 4170 1853 4217 ιιι,
1892 4157 1995 4222 16).
2039 4177 2060 4203 ι

376 4245 550 4297 Annae
583 4256 809 4311 quoque
849 4239 1154 4311 prophetia
1189 4256 1200 4293 :
1241 4262 1261 4288 ‹
1320 4241 1594 4294 Dominus
1650 4243 1958 4296 mortiﬁcat
2008 4249 2060 4299 et

2172 518 2300 589 quis
2331 535 2515 589 quove
2548 523 2803 589 tempore
2833 519 2902 572 de
2927 518 3075 572 malo
3102 517 3167 571 ad
3203 517 3419 572 bonum
3451 522 3826 572 convertatur
3858 536 3882 570 :

2171 623 2267 660 seu
2300 607 2427 678 quis
2456 608 2801 678 quandoque
2842 608 2910 661 de
2954 608 3107 661 bono
3140 607 3209 660 ad
3251 607 3465 660 malum
3514 607 3881 673 reflectatur,

2171 695 2376 749 divinae
2436 697 2572 750 dicit
2624 695 3137 766 praedestinationis
3189 695 3389 748 ordine
3440 694 3686 765 disponi.
3755 697 3884 750 Nec

2169 786 2352 838 solum
2403 786 2529 853 ista,
2576 801 2769 838 verum
2803 785 2975 838 etiam
3031 800 3260 838 cursum
3314 785 3449 837 vitae
3481 785 3751 838 humanae
3788 784 3883 838 di-

2169 873 2314 927 vinas
2372 874 2515 943 legis
2574 873 2964 927 moderatione
3018 876 3260 926 testatur
3315 872 3638 927 contineri:
3700 872 3882 942 cujus

2169 977 2397 1032 quoque
2447 961 2611 1016 dictis
2660 977 2949 1015 sacrarum
2994 961 3235 1032 paginas
3280 959 3705 1031 Scripturarum
3737 977 3869 1015 cer-

2168 1051 2358 1104 nimus
2383 1050 2656 1104 attestari.
2687 1051 2822 1115 Quae
2862 1066 2992 1104 cum
3026 1050 3102 1103 ita
3150 1049 3265 1103 sint
3313 1066 3525 1119 negare
3569 1049 3875 1120 geminam

2168 1139 2284 1193 fore
2311 1138 2871 1210 praedestinationem
2914 1138 3102 1192 nescio
3155 1154 3268 1209 qua
3311 1138 3496 1192 fronte
3549 1137 3868 1208 possimus.

2167 1229 2326 1293 Quod
2353 1228 2399 1281 si
2431 1228 2559 1298 quis
2587 1228 2831 1281 auctoris
2876 1227 3045 1297 hujus
3072 1227 3417 1280 sententiam
3463 1226 3751 1296 repudiat,
3787 1228 3875 1279 vi-

2167 1317 2296 1370 deat
2340 1315 2828 1387 quemadmodum
2877 1315 3181 1385 Scriptura:
3210 1318 3438 1368 sanctae
3484 1314 3868 1375 contradicat,

2167 1405 2327 1475 cujus
2373 1405 2698 1458 testimonia
2745 1403 3340 1484 condemnare_hujus
3389 1402 3639 1457 doctoris
3679 1402 3867 1456 sensi-

2151 1484 2274 1547 bus
2306 1493 2539 1547 omnino
2572 1493 2985 1563 cognoscimus.
3029 1492 3144 1547 Nisi
3189 1492 3332 1546 forte
3388 1492 3536 1545 dicat
3590 1490 3799 1562 aliquis
3833 1509 3869 1544 a

2170 1585 2283 1637 Deo
2312 1583 2592 1636 mundum
2622 1599 2737 1635 non
2773 1581 2912 1651 regi.
2947 1581 3107 1645 Quod
3152 1581 3286 1652 quia
3315 1580 3726 1633 catholicorum
3761 1596 3868 1632 ne-

2170 1686 2263 1725 mo
2296 1687 2506 1741 negare
2532 1671 2847 1742 praesumit,
2883 1670 3060 1724 claret
3091 1669 3223 1741 quia
3254 1669 3449 1724 divina
3479 1668 3866 1740 dispositione

2171 1775 2285 1814 non
2319 1760 2501 1813 solum
2532 1757 2854 1829 praesentia,
2889 1773 3086 1811 verum
3120 1757 3294 1811 etiam
3325 1757 3621 1826 praeterita
3651 1773 3873 1826 regun-

2169 1852 2285 1916 tur,
2315 1852 2370 1902 et
2398 1848 2608 1901 futura.
2641 1847 2802 1911 Quod
2836 1863 2965 1900 cum
2998 1846 3074 1899 ita
3101 1846 3174 1899 sit
3218 1847 3410 1900 nullus
3461 1846 3720 1899 ﬁdelium
3761 1845 3876 1899 du-

2170 1936 2313 1991 bitat
2341 1937 2402 1990 in
2438 1937 2547 1990 Deo
2579 1935 2720 1989 nihil
2752 1935 3046 2002 mutabile,
3090 1935 3351 2006 nihilque
3391 1935 3664 1989 variabile
3695 1933 3825 1988 ﬁeri
3855 1950 3868 1987 :

2171 2029 2326 2096 quod
2384 2040 2514 2078 cum
2566 2023 2876 2077 certissime
2934 2023 3216 2090 credatur,
3285 2024 3565 2094 sequitur,
3624 2022 3704 2075 uti
3759 2038 3874 2076 nec

2171 2130 2379 2167 novum
2410 2113 2709 2167 consilium
2738 2126 2841 2166 nec
2873 2128 3078 2165 novam
3122 2111 3580 2183 dispositionem,
3627 2128 3729 2165 nec
3757 2127 3870 2164 no-

2171 2218 2303 2256 vum
2353 2202 2505 2272 apud
2563 2203 2742 2255 Deum
2789 2201 3054 2254 ordinem
3105 2217 3226 2254 esse
3285 2201 3625 2254 sentiamus.
3678 2201 3872 2264 Quare

2169 2290 2449 2362 sequitur,
2478 2297 2540 2344 ut
2572 2291 2852 2359 universa,
2888 2306 3016 2361 quae
3043 2305 3146 2359 per
3180 2288 3335 2343 varia
3367 2296 3690 2359 temporum
3735 2305 3870 2342 cur-

2171 2379 2349 2434 ricula
2371 2379 2592 2450 judicat
2622 2380 2790 2445 Deus,
2825 2382 2924 2432 aut
2953 2377 3208 2448 disponit
3237 2382 3336 2432 aut
3365 2378 3592 2431 ordinat
3623 2378 3679 2430 in
3711 2394 3870 2432 crea-

2171 2475 2301 2523 tura
2321 2485 2444 2535 sua,
2473 2484 2701 2538 semper
2746 2468 2804 2521 in
2862 2468 3180 2522 aeternitate
3236 2466 3456 2520 consilii
3487 2468 3593 2534 sui,
3649 2466 3727 2520 sic
3768 2467 3869 2537 ju-

2172 2558 2378 2628 dicata,
2411 2558 2707 2628 disposita,
2750 2558 3012 2611 ordinata
3066 2557 3319 2621 fuerunt,
3367 2557 3865 2626 quemadmodum

2171 2646 2231 2700 in
2262 2646 2615 2717 temporibus
2651 2646 2719 2700 ab
2750 2646 2875 2716 ipso
2901 2645 3252 2716 judicantur,
3305 2645 3710 2715 disponuntur,
3764 2662 3871 2698 or-

2173 2735 2464 2790 dinantur.
2492 2735 2644 2788 Finis
2661 2736 2852 2788 autem
2876 2738 2993 2788 tam
3019 2734 3316 2798 malorum,
3344 2750 3518 2804 quam
3551 2734 3867 2800 bonorum,

2171 2823 2243 2877 ad
2273 2824 2521 2877 divinam
2555 2822 2785 2892 respicit
2814 2821 3281 2892 dispositionem;
3319 2822 3589 2876 humanae
3634 2839 3871 2893 quoque

2172 2928 2369 2967 cursus
2397 2912 2525 2966 vitae
2554 2912 2761 2966 divinae
2788 2910 3176 2982 dispositionis
3193 2911 3476 2980 judicium
3495 2927 3870 2982 nequaquam

2170 3001 2316 3073 fugit
2352 3017 2365 3055 :
2401 3007 2642 3073 utraque
2665 3000 2842 3072 igitur
2872 3000 3208 3070 sempiterni
3235 2999 3608 3071 dispositione
3638 3001 3872 3055 consilii

2175 3091 2578 3162 prazdestinata
2601 3094 2752 3144 sunt.
2791 3091 3047 3161 Cumque
3078 3105 3190 3143 non
3224 3089 3401 3157 idem,
3433 3106 3625 3143 verum
3658 3090 3872 3144 distin-

2174 3185 2296 3235 ctus
2317 3179 2389 3234 sit
2423 3179 2553 3234 ﬁnis
2610 3180 2941 3245 electorum,
3002 3195 3101 3233 seu
3147 3179 3544 3249 reproborum,
3597 3180 3874 3251 quemad-

2174 3270 2409 3324 modum
2439 3269 2612 3322 etiam
2651 3269 2782 3322 vitae
2840 3284 3037 3321 cursus
3093 3284 3311 3336 eorum,
3367 3269 3648 3339 sequitur,
3695 3272 3755 3321 ut
3785 3267 3875 3321 di-

2175 3358 2320 3410 vinas
2351 3356 2864 3428 praedestinationis
2897 3357 3060 3421 ordo,
3090 3373 3202 3427 quo
3250 3357 3381 3411 ﬁnis
3413 3358 3690 3412 bonorum
3742 3373 3872 3410 ma-

2173 3446 2478 3516 lorumque
2527 3444 2837 3511 dirimitur,
2899 3461 3017 3499 non
3081 3445 3230 3499 idem
3286 3447 3377 3512 sit,
3432 3446 3529 3500 sed
3587 3446 3868 3499 diversus.

2175 3533 2672 3598 Quemadmodum
2733 3533 2983 3588 doctoris
3034 3533 3202 3588 istius
3249 3535 3535 3588 sententia
3591 3535 3876 3589 docemur

2172 3623 2412 3677 dicentis
2445 3623 2721 3677 :Gemina
2751 3628 2836 3676 est
2865 3622 3312 3694 praedestinatio,
3347 3629 3454 3677 etc.
3501 3624 3644 3678 Satis
3690 3624 3874 3693 igitur

2175 3711 2475 3765 doctorum
2532 3711 2866 3765 auctoritate
2921 3712 3330 3765 catholicorum
3374 3710 3635 3766 instructi
3668 3728 3872 3764 sumus

2174 3799 2466 3870 geminam
2493 3815 2610 3853 esse
2641 3799 3223 3870 praadestinationem.
3255 3801 3464 3854 Verum
3498 3817 3568 3854 ne
3621 3801 3727 3854 ista
3757 3800 3875 3853 for-

2172 3888 2338 3942 tassis
2365 3888 2534 3941 alicui
2570 3887 2760 3942 minus
2789 3888 3095 3956 sufﬁciant,
3129 3888 3402 3942 addamus
3437 3889 3609 3943 etiam
3645 3887 3874 3958 aliquid

2174 3993 2241 4030 ex
2286 3976 2446 4030 libris
2495 3976 2659 4030 istius
2702 3977 2880 4046 ipsius
2920 3977 3190 4043 auctoris,
3233 3994 3376 4048 quos
3420 3993 3583 4031 nosse
3633 3977 3880 4046 cupien-

2173 4066 2325 4121 tibus
2358 4065 2614 4132 satisﬁat,
2644 4071 2700 4120 et
2728 4067 3086 4136 acquiescere
3117 4067 3378 4120 nolentes
3404 4066 3876 4122 testimoniorum

2174 4154 2339 4225 copia
2394 4159 2756 4224 superentur.
2816 4156 2877 4209 In
2939 4155 3082 4209 libro
3131 4155 3326 4226 itaque
3376 4155 3874 4223 Diﬁ'erentiarum,

2175 4244 2314 4298 dum
2360 4243 2572 4298 Divina:
2621 4243 2822 4314 gratia:
2868 4244 3216 4298 inlusionem
3250 4244 3320 4298 ab
3377 4243 3618 4298 humani
3679 4243 3880 4298 distin-

377 4327 640 4390 viviticat,
671 4328 902 4382 deducit
932 4328 1225 4382 adinferos
1256 4335 1313 4383 et
1343 4328 1583 4384 reducit.
1623 4331 1897 4384 Dominus
1918 4350 2056 4402 pau-
2088 4340 2126 4393 D
2166 4337 2366 4404 gueret
2419 4331 2644 4386 arbitrii
2710 4333 2994 4398 libertate,
3052 4333 3131 4386 sic
3191 4331 3273 4386 ait
3328 4332 3585 4404 (Isidor,
3642 4333 3739 4386 lib.
3805 4350 3873 4398 ιι,

375 4417 961 4488 peremfacitetditat,
989 4418 1254 4471 humiliat
1271 4418 1607 4473 etsublimat
1629 4419 1837 4488 (Ich.
1878 4424 2020 4487 11,6).
2043 4445 2062 4471 »

379 4507 632 4578 Cumque
661 4507 782 4560 haec
794 4507 986 4560 omnia
1002 4507 1192 4562 divino
1207 4507 1553 4578 ﬁerijudicio
1576 4523 1745 4562 nemo
1760 4510 2068 4566 catholico-

378 4611 503 4648 rum
544 4595 807 4650 dubitare
827 4595 1050 4663 debeat,
1081 4613 1252 4650 causa
1282 4613 1384 4650 cur
1409 4597 1489 4650 ita
1511 4601 1786 4666 gerantur
1817 4598 1923 4651 soli
1958 4600 2069 4654 Deo

377 4689 513 4737 nota
527 4689 627 4752 est,
648 4701 774 4756 quae
798 4690 987 4740 tamen
1002 4702 1118 4739 non
1136 4689 1324 4754 potest
1344 4703 1464 4740 esse
1479 4686 1588 4739 nisi
1604 4687 1781 4756 justa,
1817 4693 1901 4742 est
1917 4688 2068 4742 enim

379 4772 448 4827 ab
478 4773 596 4838 illo,
625 4773 786 4843 cujus
820 4773 1116 4845 dispositio
1166 4791 1282 4828 non
1332 4779 1521 4845 potest
1565 4791 1685 4829 esse
1730 4775 1962 4846 injusta.
2010 4778 2070 4832 Et

380 4861 649 4932 quoniam
684 4861 933 4916 humana
964 4863 1164 4933 nequit
1202 4863 1437 4916 scientia
1483 4863 1910 4934 comprehendi,
1956 4881 2073 4918 me-

379 4953 487 5004 rito
527 4949 605 5003 sic
636 4950 804 5019 hujus
835 4952 1131 5004 sententiae
1164 4952 1337 5005 linem
1370 4951 1570 5006 beatus
1595 4952 1844 5006 Isidorus
1874 4954 2069 5007 termi-

381 5044 478 5093 nat
508 5039 697 5092 dicens
731 5054 742 5092 ι
771 5040 859 5110 [Et
905 5039 964 5093 in
1013 5039 1117 5092 hac
1169 5044 1323 5094 tanta
1364 5040 1710 5094 obscuritate
1758 5057 1875 5094 non
1921 5042 2073 5096 valet

380 5128 550 5182 homo
582 5127 834 5181 divinam
888 5129 1236 5198 perscrutari
1285 5129 1742 5198 dispositionem,
1787 5135 1845 5183 et
1877 5131 2068 5184 occul-

381 5222 504 5270 tum
571 5216 1092 5286 praedestinationis
1144 5216 1504 5287 perpendere
1559 5217 1869 5288 ordinem]
1937 5219 2070 5271 Ecce

380 5305 650 5376 praefatus
679 5307 878 5361 doctor
908 5306 1205 5360 manifeste
1247 5323 1349 5359 nos
1377 5306 1571 5360 docuit
1624 5307 1768 5360 ﬁnes
1807 5311 1924 5361 tam
1954 5308 2072 5360 ele-

381 5399 622 5459 ctorum,
657 5412 829 5466 quam
871 5397 1244 5466 reproborum
1300 5395 1734 5466 praedestinatos
1765 5412 1798 5448 a
1850 5399 1983 5459 Deo,
2017 5401 2074 5449 et

383 5501 496 5538 non
523 5484 706 5538 solum
746 5486 906 5552 ﬁnes,
939 5503 1138 5539 verum
1165 5486 1337 5540 etiam
1369 5485 1496 5557 quis
1530 5487 1587 5539 in
1618 5487 1768 5540 bono
1801 5503 1929 5556 quae
1960 5502 2070 5540 cce-

385 5573 458 5639 pit
489 5589 669 5642 usque
705 5575 759 5624 in
796 5575 968 5626 tinem
999 5580 1338 5642 perseveret,
1373 5575 1616 5644 quisque
1651 5576 1888 5628 malum.
1917 5575 2068 5643 quod

2179 4421 2296 4476 diti.
2326 4438 2494 4488 xxxu,
2530 4423 2771 4483 115-119,
2808 4422 2930 4491 122)
2964 4437 2976 4474 :

2250 4510 2426 4581 [Inter
2451 4508 2648 4580 gratiae
2680 4508 2888 4562 divinae
2909 4508 3273 4575 inlusionem,
3299 4514 3356 4563 et
3386 4509 3622 4563 humani
3647 4507 3876 4564 arbitrii

2179 4599 2533 4653 voluntatem
2585 4597 2691 4651 hoc
2715 4597 2955 4652 interest
2988 4615 3000 4652 :
3060 4597 3364 4652 arbitrium
3405 4603 3490 4652 est
3520 4599 3780 4652 voluntas
3808 4597 3877 4651 li-

2180 4687 2330 4742 berae
2362 4685 2680 4756 potestatis,
2713 4702 2842 4756 quae
2871 4702 2973 4756 per
3000 4702 3057 4738 se
3079 4691 3283 4756 sponte
3317 4685 3402 4739 vel
3431 4685 3581 4739 bona
3612 4686 3698 4739 vel
3723 4685 3880 4741 mala

2179 4779 2447 4847 appetere
2479 4779 2685 4846 potest.
2721 4775 2911 4829 Gratia
2933 4779 3123 4828 autem
3162 4779 3246 4828 est
3288 4773 3494 4828 divinae
3543 4774 3878 4828 misericor-

2180 4865 2289 4919 diae
2321 4864 2639 4934 gratuitum
2669 4864 2905 4930 donum,
2933 4879 3035 4932 per
3067 4863 3221 4933 quod
3253 4868 3309 4917 et
3350 4863 3514 4918 bonae
3562 4863 3882 4918 voluntatis

2179 4953 2431 5020 initium,
2495 4957 2552 5006 et
2611 4951 2800 5023 operis
2850 4967 3250 5022 promeremur
3308 4950 3604 5006 eﬁectum.
3677 4951 3886 5006 Divina

2179 5043 2394 5114 quippe
2453 5040 2638 5111 gratia
2686 5040 3036 5110 praevenitur
3092 5040 3263 5094 homo
3315 5045 3375 5094 ut
3413 5040 3597 5094 bonus
3645 5041 3735 5106 sit,
3773 5057 3884 5094 nec

2178 5132 2496 5186 humanum
2529 5128 2832 5183 arbitrium
2863 5127 2962 5183 Dei
3001 5127 3248 5198 gratiam
3267 5129 3570 5194 antecedit,
3616 5130 3713 5184 sed
3747 5129 3880 5200 ipsa

2180 5219 2363 5291 gratia
2393 5219 2490 5272 Dei
2523 5219 2811 5272 nolentem
2844 5217 3140 5272 hominem
3173 5219 3472 5289 praevenit,
3497 5223 3558 5272 ut
3581 5219 3753 5272 etiam
3785 5218 3886 5271 be-

2180 5324 2252 5362 ne
2278 5308 2430 5362 velit.
2465 5309 2605 5362 Nam
2637 5307 2887 5377 pondere
2919 5306 3105 5362 carnis
3132 5308 3306 5363 homo
3360 5307 3440 5362 sic
3470 5307 3680 5378 agitur,
3715 5313 3776 5360 ut
3805 5308 3886 5365 sit

2180 5398 2247 5451 ad
2271 5402 2564 5468 peccatum
2596 5395 2796 5463 facilis,
2840 5397 2908 5450 ad
2955 5398 3353 5468 paenitendum
3406 5398 3621 5452 tardus.
3695 5398 3884 5452 Habet

2181 5485 2249 5540 de
2280 5503 2336 5540 se
2372 5486 2518 5540 unde
2549 5489 2796 5550 corruat,
2838 5491 2894 5540 et
2924 5502 3040 5540 non
3085 5487 3255 5541 habet
3300 5487 3454 5541 unde
3504 5489 3721 5557 surgat,
3767 5486 3881 5542 nisi

2183 5575 2363 5641 gratia
2395 5574 2737 5638 Conditoris,
2777 5580 2837 5628 ut
2868 5576 3138 5645 erigatur,
3173 5592 3404 5630 manum
3436 5575 3650 5644 jacenti
3676 5579 3876 5629 exten-
