4138 6194
307 298 376 350 61
1421 296 1506 349 DE
1553 292 2214 350 PltmilllﬁS'llNA'llONE
2259 294 2392 349 DEI.
2428 323 2493 333 -
2527 296 2650 348 LIB.
2698 296 2762 348 ll.
3758 304 3825 352 6:

312 433 434 487 dat.
470 432 733 504 Denique
757 431 978 487 homini
1014 447 1113 502 per
1146 429 1247 485 Dei
1276 430 1515 501 gratiam
1537 430 1777 484 liberum
1802 436 2017 485 restau-
2049 432 2094 487 A
2131 447 2372 502 sumque
2408 432 2783 503 perpendere,
2817 433 3099 488 fortasssis
3130 436 3199 490 ad
3241 437 3539 505 praesentis
3596 454 3824 492 causam

311 526 483 576 ratur
539 522 868 587 arbitrium,
927 520 1081 592 quod
1147 519 1369 592 primus
1426 520 1599 573 homo
1660 521 2018 592 perdiderat:

314 627 455 666 nam
488 610 589 664 ille
619 611 825 665 habuit
866 608 1174 664 inchoandi
1221 608 1360 663 boni
1400 609 1644 663 liberum
1695 610 2018 676 arbitrium,

316 699 475 770 quod
508 705 706 753 tamen
742 698 841 753 Dei
885 696 1175 767 adjutorio
1215 698 1605 768 perﬁceretur.
1642 699 1754 751 Nos
1785 715 1916 752 vero
1967 704 2023 752 et

316 772 748 842 inchoationem
784 787 952 841 liberi
984 786 1222 853 arbitrii,
1279 790 1337 840 et
1368 785 1774 856 perfectionem
1820 787 1888 840 de
1926 786 2023 841 Dei

314 878 607 931 sumimus
640 877 844 947 gratia,
873 875 1009 946 quia
1043 881 1100 929 et
1127 873 1380 944 incipere
1412 879 1467 928 et
1504 875 1777 944 perﬁcere
1808 875 2022 929 bonum

312 964 383 1019 de
416 966 548 1036 ipso
582 965 880 1032 habemus,
906 981 939 1017 a
982 979 1093 1035 quo
1125 968 1179 1017 et
1210 963 1408 1033 gratiae
1449 964 1668 1017 donum
1714 964 1933 1031 datum,
1970 970 2025 1018 et

314 1054 571 1108 liberum
598 1053 901 1108 arbitrium
927 1052 985 1106 in
1018 1052 1183 1106 nobis
1215 1056 1299 1106 est
1328 1056 1730 1105 restauratum.
1767 1052 1863 1105 Dei
1886 1069 2023 1123 ergo

316 1148 401 1197 est
445 1143 670 1197 bonum
723 1142 878 1213 quod
934 1141 1176 1211 agimus,
1234 1146 1472 1211 propter
1526 1141 1767 1211 gratiam
1812 1157 2023 1211 praeve-

318 1231 583 1285 nientem
616 1236 674 1284 et
720 1230 1212 1301 subsequentem:
1272 1234 1534 1283 nostrum
1589 1246 1742 1294 vero,
1792 1234 2026 1299 propter

318 1320 747 1391 obsequentem
779 1319 945 1373 liberi
983 1317 1204 1372 arbitrii
1242 1319 1618 1372 voluntatem.
1664 1320 1803 1373 Nam
1837 1318 1881 1371 si
1928 1318 2025 1371 Dei

321 1425 442 1463 non
474 1412 581 1474 est,
615 1424 716 1461 cur
743 1407 828 1461 illi
859 1406 1070 1477 gratias
1109 1406 1368 1476 agimus?
1419 1407 1485 1460 Et
1513 1405 1559 1459 si
1612 1412 1869 1460 nostrum
1910 1422 2025 1459 non

322 1504 431 1561 est,
480 1513 586 1550 cur
633 1497 1068 1550 retributionem
1119 1496 1406 1549 bonorum
1458 1511 1696 1566 operum
1758 1499 2024 1565 expecta-

324 1602 458 1639 mus
476 1585 502 1638 Ἰ
543 1586 788 1639 Proinde
822 1600 959 1655 ergo
988 1584 1047 1636 in
1095 1600 1162 1637 eo
1197 1583 1353 1654 quod
1385 1584 1569 1654 gratia
1618 1583 1714 1638 Dei
1746 1583 2022 1654 praeveni-

324 1690 479 1735 mur.
520 1675 620 1728 Dei
653 1678 738 1727 est
770 1690 782 1727 :
813 1672 872 1726 in
922 1690 988 1726 eo
1019 1688 1151 1725 vero
1186 1671 1341 1743 quod
1379 1673 1447 1725 ad
1496 1672 1640 1726 bene
1670 1673 2023 1742 operandum

324 1762 779 1835 praevenientem
809 1761 1054 1832 gratiam
1079 1760 1396 1831 sequimur,
1421 1764 1680 1815 nostrum
1705 1766 1807 1816 est.
1846 1762 2023 1815 Nemo

322 1857 526 1905 autem
578 1850 806 1905 Domini
843 1850 1086 1920 gratiam
1138 1849 1358 1904 meritis
1386 1849 1689 1917 antecedit,
1727 1856 1787 1903 ut
1831 1854 2024 1904 tenere

325 1956 463 1995 eum
494 1938 663 2009 quasi
709 1938 1027 1993 debitorem
1057 1937 1233 2007 possit
1264 1954 1276 1990 :
1312 1937 1409 1991 sed
1440 1937 1585 1991 miro
1616 1938 1788 1991 modo
1827 1954 2024 2009 aequus

325 2029 602 2082 omnibus
650 2028 947 2091 Conditor,
999 2027 1138 2080 alios
1188 2026 1650 2097 praedestinando
1708 2028 2021 2098 praeelegit,

324 2118 475 2171 alios
519 2133 651 2171 vero
681 2116 743 2169 in
785 2115 902 2169 suis
933 2115 1121 2186 pravis
1152 2116 1410 2169 moribus
1432 2116 1588 2185 justo
1613 2116 1831 2186 judicio
1862 2116 2024 2171 dere-

324 2206 520 2278 liquit.
580 2206 738 2260 Unde
786 2205 1145 2258 verissimum
1194 2208 1279 2257 est
1306 2204 1505 2274 gratiae
1544 2221 1751 2258 munus
1794 2222 1911 2259 non
1961 2223 2023 2260 ex

329 2297 591 2350 humana
624 2294 852 2357 virtute,
894 2294 983 2347 vel
1017 2309 1080 2346 ex
1114 2293 1319 2347 merito
1353 2293 1570 2346 arbitrii
1602 2295 1893 2364 consequi,
1928 2295 2023 2347 sed

329 2386 457 2439 sola
487 2383 695 2437 divinae
745 2382 972 2453 pietatis
1018 2381 1273 2435 bonitate
1306 2381 1526 2453 largiri.
1581 2381 1819 2447 Quidam
1869 2384 2023 2437 enim

332 2472 677 2543 gratissimae
702 2470 1106 2525 misericordiae
1138 2472 1258 2541 ejus
1288 2470 1692 2542 praevenientis
1712 2472 1882 2526 domo
1909 2473 2026 2526 sal-

330 2566 563 2625 vantur,
606 2560 786 2614 etlecti
826 2582 850 2607 ‹‹
885 2575 1015 2613 vasa
1060 2559 1498 2626 misericordiae;
1530 2581 1559 2611 »
1612 2561 1848 2631 quidam
1890 2578 2023 2616 vero

331 2648 649 2718 reprobati,
700 2649 768 2703 ad
833 2664 1174 2719 poenamque
1225 2648 1600 2718 predestinati
1657 2650 2021 2717 damnantur,

328 2737 516 2790 elfecti
552 2756 580 2783 ιι
612 2752 743 2790 vasa
782 2737 905 2789 irae.
938 2759 964 2784 ιι
991 2736 1150 2799 Quod
1192 2737 1456 2813 exemplo
1490 2737 1557 2790 de
1593 2760 1613 2784 ε
1653 2738 1796 2791 Esau
1824 2743 1879 2791 et
1931 2740 2023 2793 Ja-

334 2824 442 2878 cob
479 2846 501 2873 »
543 2825 789 2883 necdum
840 2826 989 2878 natis
1028 2824 1341 2894 colligitur,
1384 2825 1483 2896 qui
1525 2825 1659 2879 dum
1695 2830 1882 2881 essent
1910 2843 2026 2880 una

326 2914 706 2984 conceptione
757 2914 845 2967 vel
892 2921 1055 2984 partu
1092 2913 1247 2980 editi,
1281 2914 1519 2985 parique
1552 2930 1693 2968 nexu
1731 2914 2027 2985 originalis

326 3004 546 3073 peccati
579 3002 816 3067 astricti,
850 3003 1093 3055 alterum
1140 3006 1334 3055 tamen
1366 3018 1563 3056 eorum
1614 3004 1683 3056 ad
1718 3020 1775 3057 se
1809 3005 2023 3057 miseri-
2056 3040 2094 3095 Ο

326 3092 540 3145 cordia:
602 3090 808 3145 divinae
852 3090 1209 3161 praeveniens
1260 3091 1486 3144 bonitas
1545 3092 1794 3161 gratuita
1842 3094 2025 3162 gratia

322 3181 529 3245 traxit;
573 3178 820 3233 alterum
853 3179 1099 3250 quadam
1134 3179 1371 3249 justitiae
1405 3179 1702 3233 severitate
1736 3179 1866 3233 odio
1915 3181 2024 3233 ha—

326 3268 515 3322 bitum
550 3267 610 3321 in
650 3284 835 3322 massa
868 3268 1205 3339 perditionis
1238 3268 1500 3322 relictum
1533 3268 1842 3321 damnavit.
1873 3267 2026 3322 Sicut

326 3363 384 3411 et
413 3373 518 3428 per
560 3358 902 3427 prophetam
950 3357 1101 3411 idem
1154 3357 1428 3411 Dominus
1486 3358 1742 3426 loquitur
1783 3358 1974 3410 dicens
2008 3374 2020 3411 :

331 3469 357 3493 α
419 3446 593 3499 Jacob
652 3445 842 3512 dilexi,
900 3446 1039 3499 Esau
1100 3450 1292 3499 autem
1351 3445 1483 3499 odio
1532 3445 1706 3499 habui
1760 3447 1911 3515 (Μαι.
1976 3462 2021 3513 ι;

329 3538 490 3591 Rom.
535 3539 679 3601 Ix).»
724 3535 881 3589 Unde
912 3550 1267 3605 consequens
1315 3540 1399 3589 est
1443 3535 1616 3589 nullis
1671 3536 2025 3605 praevenien-

328 3625 483 3678 tibus
544 3624 767 3677 meritis
812 3623 1053 3677 conferri
1095 3623 1362 3692 gratiam,
1414 3624 1513 3678 sed
1561 3624 1683 3677 sola
1727 3625 2025 3679 vocatione

327 3712 566 3767 divina?
598 3712 791 3782 Neque
822 3728 1171 3783 quemquam
1205 3712 1408 3766 salvari
1435 3713 1548 3766 sive
1581 3713 1860 3781 damnari,
1893 3714 2028 3785 eligi

328 3802 415 3855 vel
448 3801 771 3871 reprobari,
825 3801 935 3854 nisi
969 3817 1033 3854 ex
1067 3801 1359 3872 proposito
1397 3802 1863 3873 praedestinantis
1905 3804 2027 3873 Dei,

328 3891 649 3962 quijustus
695 3893 779 3943 est
824 3889 883 3943 in
930 3890 1270 3959 reprobatis,
1322 3890 1642 3944 misericors
1671 3891 1732 3944 in
1791 3890 2023 3945 electis:

332 4002 360 4027 α
426 3980 716 4032 Universae
775 3978 878 4032 viae
954 3978 1182 4032 Domini
1255 3978 1648 4033 misericordia
1712 3984 1767 4033 et
1822 3981 2029 4033 veritas

334 4069 513 4136 (Psal.
550 4083 701 4129 xxiv,
739 4068 843 4137 t0).
882 4088 911 4116 η
948 4067 1128 4120 Omne
1173 4072 1362 4121 autem
1417 4068 1631 4121 donum
1680 4069 1878 4138 gratiae
1914 4086 2027 4123 non

326 4156 603 4210 omnibus
633 4156 704 4209 ad
749 4156 1035 4226 integrum
1082 4156 1268 4223 datur,
1304 4157 1399 4211 sed
1433 4156 1678 4227 singulis
1727 4158 1871 4212 dona
1905 4158 2024 4212 siu-

327 4246 462 4316 gula
495 4246 833 4300 dividuntur
861 4245 1096 4314 scilicet,
1152 4249 1217 4300 ut
1250 4246 1413 4316 quasi
1460 4246 1718 4316 corporis
1769 4248 2025 4301 membra

327 4334 558 4404 singula
590 4334 775 4387 ofﬁcia
806 4334 1075 4401 habeant,
1106 4338 1162 4387 et
1200 4334 1658 4405 altergindulgeat
1688 4335 1849 4389 alteri
1898 4335 2018 4407 [al.,
2058 4335 2096 4386 D

328 4422 591 4493 indigeat
649 4422 875 4492 altero],
926 4423 1080 4493 quod
1151 4438 1268 4477 non
1328 4424 1497 4479 habet
1552 4424 1712 4479 alter.
1777 4425 2022 4479 Proinde

330 4514 595 4564 omnium
628 4512 768 4564 ﬁant
795 4511 1126 4565 communia
1155 4512 1291 4566 dum
1321 4513 1469 4566 ﬁunt
1512 4513 1739 4567 sibimet
1768 4513 2025 4567 membra

330 4600 577 4654 invicem
616 4599 977 4669 necessaria]
1036 4600 1232 4654 Totins
1284 4600 1519 4671 capituli
1554 4607 1769 4656 textum
1810 4619 2023 4673 ponere

330 4689 517 4749 libuit,
553 4704 623 4740 ne
655 4688 784 4759 quis
815 4688 980 4742 nobis
1009 4688 1355 4743 calumniam
1380 4690 1754 4761 intorqueret,
1798 4691 1845 4743 si
1900 4708 2024 4761 par-

332 4782 443 4831 tem
487 4792 812 4847 excerpere,
867 4782 1089 4847 partem
1140 4794 1273 4831 vero
1317 4779 1696 4832 voluissemus
1736 4780 2022 4848 omittere,

327 4872 609 4935 tauquam
641 4865 1143 4933 corrumpentibus
1172 4870 1472 4919 auctorum
1505 4866 1837 4933 sententias,
1872 4872 1928 4920 et
1954 4868 2024 4921 ad

327 4958 541 5006 nostrae
588 4951 794 5006 seriem
828 4953 1248 5007 adinventionis
1303 4954 1799 5025 detorquentibus.
1852 4955 2024 5025 Cujus

325 5057 561 5113 quoque
602 5040 902 5094 calumniae
951 5040 1379 5096 denotationem
1409 5042 1587 5097 vitare
1616 5043 1869 5098 volentes
1924 5061 2024 5098 su-

324 5147 429 5201 pra
464 5130 785 5200 positorum
823 5130 1131 5184 sententias
1160 5136 1478 5198 auctorum,
1510 5132 1815 5203 Augustini
1868 5132 2021 5186 vide-

326 5220 460 5273 licet
490 5224 546 5273 et
575 5218 931 5289 reliquorum
982 5220 1227 5290 longiori
1264 5220 1493 5283 circulo,
1533 5237 1595 5274 ac
1626 5238 1771 5292 pene
1819 5239 2020 5292 super-

325 5312 442 5362 tluo
474 5308 750 5363 adnotare
779 5307 1117 5375 maluimus;
1154 5308 1469 5380 deligentes
1509 5309 1696 5380 potius
1747 5311 2023 5380 supertlui

326 5398 395 5452 de
428 5395 777 5468 loquacitate
833 5396 1032 5465 videri,
1071 5414 1244 5468 quam
1292 5398 1753 5469 reprehensionis
1804 5399 2021 5453 crimen

325 5487 392 5540 de
451 5486 866 5540 sententiarum
922 5485 1229 5539 violatione
1269 5487 1622 5541 contrahere.
1678 5487 1735 5541 Si
1783 5488 1909 5559 quis
1949 5496 2020 5541 ta-

331 5592 459 5629 men
493 5575 665 5643 hujus
698 5573 995 5627 sententiae
1032 5574 1271 5627 voluerit
1318 5574 1648 5645 diligentius
1679 5576 1845 5630 verba
1890 5593 2015 5629 sen-

2132 521 2352 590 negotii
2383 520 2526 575 nihil
2558 521 2615 574 in
2636 536 2700 574 ea
2728 522 3081 593 superfluum
3108 540 3207 577 nos
3241 525 3494 594 posuisse
3522 526 3820 597 judicabit.

2134 610 2578 665 Commendatur
2629 610 2782 664 enim
2840 611 2898 664 in
2952 628 3018 665 ea
3071 613 3203 682 quid
3257 614 3509 667 humano
3568 614 3820 681 arbitrio,

2134 700 2269 770 quid
2318 698 2523 753 divinae
2569 700 2768 769 gratim
2826 700 3136 753 debeamus
3185 701 3496 771 assignare,
3554 704 3822 773 quodque

2133 788 2388 859 ejusdem
2420 788 2612 859 gratiae
2649 788 2861 841 donum
2919 805 3033 841 non
3069 789 3318 842 hominis
3364 793 3586 857 merito,
3626 808 3821 845 verum

2133 877 2367 948 superni
2400 878 2655 930 muneris
2687 877 3041 943 benignitate
3082 876 3429 943 conferatur,
3464 879 3669 950 cuique
3711 880 3819 933 lar-

2134 967 2341 1036 giatur,
2377 967 2585 1035 cuique
2614 971 2877 1035 negetur,
2904 964 3081 1018 divini
3116 964 3523 1019 moderaminis
3552 967 3626 1021 sit
3656 968 3824 1038 aequi-

2134 1059 2247 1108 tate
2280 1054 2641 1124 dispositum.
2683 1053 2771 1107 Sic
2825 1070 2959 1123 ergo
2991 1054 3399 1107 commendans
3431 1071 3679 1122 causam,
3712 1073 3824 1125 qua

2133 1143 2217 1196 vel
2250 1142 2414 1196 electi
2445 1142 2855 1212 justiticantur,
2896 1142 2981 1195 vel
3014 1142 3240 1212 reprobi
3268 1142 3607 1196 deseruntur
3640 1159 3651 1196 :
3685 1159 3822 1213 prae-

2134 1231 2531 1285 destinationis
2563 1231 2819 1284 ordinem
2856 1231 3021 1285 docet
3055 1247 3176 1285 esse
3208 1232 3516 1299 diversum,
3551 1248 3662 1284 non
3696 1230 3824 1284 sim-

2133 1320 2338 1391 plicem
2362 1336 2374 1386 ;
2402 1326 2461 1373 ut
2493 1323 2682 1373 autem
2715 1336 2842 1390 quae
2876 1319 3122 1373 diximus
3156 1320 3517 1373 manifestata
3542 1320 3703 1386 ﬁant,
3739 1324 3823 1373 to-

2136 1409 2249 1462 tius
2280 1408 2417 1462 texti
2450 1408 2761 1479 capitulum
2796 1408 3042 1461 breviter
3069 1408 3475 1478 expendamus.

2212 1498 2384 1563 llnter
2428 1496 2649 1567 gratia},
2704 1495 2910 1568 inquit,
2971 1496 3177 1550 divinae
3225 1496 3592 1559 infusionem,
3625 1501 3682 1550 et
3720 1497 3823 1550 hu-

2137 1585 2293 1639 mani
2341 1585 2558 1639 arbitrii
2617 1584 2965 1638 voluntatem
3028 1586 3132 1639 hoc
3185 1585 3441 1639 interest.
3511 1585 3823 1639 Arbitrium

2137 1678 2221 1728 est
2260 1674 2520 1729 voluntas
2571 1674 2763 1727 liberae
2803 1673 3119 1743 potestatis,
3170 1690 3298 1745 quae
3347 1690 3449 1744 per
3498 1691 3557 1727 se
3600 1680 3825 1744 sponte,

2137 1764 2222 1816 vel
2248 1763 2399 1817 bona
2426 1764 2514 1817 vel
2554 1764 2702 1817 mala
2743 1768 3011 1833 appetere
3046 1766 3232 1832 potest
3267 1776 3279 1816 :
3310 1762 3492 1831 gratia
3523 1775 3712 1816 autem
3746 1767 3829 1816 est

2134 1851 2341 1906 divinae
2372 1851 2775 1906 misericordia:
2835 1850 3149 1921 gratuitum
3203 1850 3439 1915 donum,
3467 1866 3570 1920 per
3591 1851 3741 1921 quod
3774 1856 3829 1904 et

2133 1941 2299 1995 boum
2329 1941 2636 1995 voluntatis
2676 1939 2903 1993 initium
2936 1942 2991 1992 et
3022 1937 3212 2009 operis
3254 1954 3648 2008 promeremur
3693 1939 3829 1993 eﬁ'e-

2135 2029 2337 2101 ctum.]
2369 2030 2493 2083 llaec
2524 2028 2714 2082 dicens
2764 2027 3037 2092 insinuat,
3072 2025 3227 2097 quod
3276 2026 3440 2080 liberi
3477 2026 3548 2079 sit
3582 2026 3825 2092 arbitrii,

2134 2122 2200 2171 ut
2228 2117 2474 2188 propriae
2527 2115 2838 2170 voluntatis
2884 2115 3285 2181 intentionem,
3321 2115 3406 2168 vel
3438 2114 3507 2168 ad
3545 2114 3698 2168 bona
3727 2116 3827 2169 eli-

2134 2208 2343 2277 genda,
2377 2206 2461 2259 vel
2490 2206 2559 2259 ad
2590 2206 2739 2259 mala
2767 2204 3125 2275 reprobanda
3158 2203 3389 2274 dirigat,
3421 2207 3484 2257 ut
3523 2208 3712 2258 autem
3743 2205 3830 2258 vel

2135 2294 2296 2348 bonae
2353 2294 2660 2348 voluntatis
2717 2293 3037 2359 exordium,
3098 2293 3185 2346 vel
3255 2297 3420 2346 rectae
3480 2293 3830 2363 operationis

2136 2383 2391 2439 obtineat
2422 2382 2708 2448 etl’ectum,
2749 2398 2865 2435 non
2898 2380 3015 2435 suis
3062 2381 3302 2449 viribus,
3356 2397 3553 2434 verum
3587 2381 3830 2435 caelestis

2134 2472 2330 2541 gratiae
2361 2472 2509 2525 dono
2538 2475 2941 2542 consequatur.
2975 2471 3115 2523 Nam
3135 2471 3289 2540 quod
3324 2470 3487 2523 bonae
3520 2471 3830 2524 voluntatis

2138 2559 2567 2615 inchoationem
2599 2560 2808 2613 habere
2840 2575 3216 2630 nequeamus,
3241 2559 3350 2611 nisi
3382 2560 3616 2629 superni
3647 2561 3827 2631 gratia

2138 2649 2443 2720 largitoris,
2476 2649 2784 2719 Apostolus
2815 2648 2972 2702 testis
3003 2653 3109 2715 est,
3162 2647 3261 2719 qui
3308 2647 3385 2701 ait
3417 2664 3429 2702 :
3470 2667 3497 2698 ε(
3548 2649 3695 2712 Quid
3728 2649 3826 2702 ha-

2134 2738 2233 2792 bes
2259 2738 2411 2809 quod
2439 2754 2553 2792 non
2582 2738 2884 2808 accepisti?
2909 2758 2935 2785 ››
2962 2736 3007 2807 (1
3036 2739 3153 2793 Cor.
3182 2753 3254 2804 iv,
3290 2739 3368 2806 7.)
3399 2736 3456 2791 Si
3479 2752 3615 2807 ergo
3636 2737 3711 2790 nil
3735 2738 3829 2791 ha-

2134 2828 2334 2883 bemus
2356 2828 2463 2881 nisi
2484 2828 2635 2898 quod
2656 2842 2903 2896 superno
2919 2842 3250 2880 concessum
3268 2842 3505 2880 munere
3529 2827 3692 2880 nobis
3714 2827 3830 2880 fue-

2135 2917 2228 2983 rit,
2264 2933 2367 2970 nec
2409 2917 2575 2971 bonae
2609 2915 2912 2970 voluntatis
2952 2916 3526 2985 quantulumcunque
3579 2915 3830 2969 valemus

2138 3004 2613 3074 adipisciarbitrii
2641 3006 2858 3059 viribus
2880 3005 3137 3072 humani,
3170 3004 3213 3057 si
3239 3021 3353 3058 non
3376 3004 3553 3059 divini
3579 3005 3831 3058 muneris

2137 3094 2205 3147 de
2226 3095 2384 3146 fonte
2420 3093 2585 3146 nobis
2613 3094 2999 3147 emanavcrit:
3031 3094 3183 3163 quod
3217 3098 3408 3146 autem
3439 3092 3656 3163 aliquid
3697 3094 3832 3147 boui

2136 3182 2255 3234 sine
2285 3181 2477 3234 divina
2510 3182 2695 3250 gratia
2727 3197 3080 3251 nequeamus
3111 3180 3355 3247 efﬁcere,
3389 3181 3571 3250 ipsius
3599 3196 3695 3233 ore
3727 3182 3828 3233 Ve-

2135 3269 2317 3323 ritatis
2358 3269 2702 3322 instruimur
2732 3269 2810 3322 ita
2838 3268 3126 3339 loquentis
3160 3284 3172 3323 :
3210 3287 3237 3318 ι(
3268 3268 3399 3322 Sine
3432 3283 3522 3320 me
3553 3267 3693 3320 nihil
3726 3284 3828 3337 po-

2137 3357 2295 3411 testis
2334 3358 2518 3411 facere
2553 3356 2716 3425 (Joan
2749 3374 2837 3425 xv,
2889 3357 2961 3427 Si).
2996 3378 3023 3406 »
3057 3358 3181 3412 Jam
3233 3373 3386 3421 vero,
3436 3354 3589 3426 quod
3638 3355 3827 3409 divina

2136 3447 2321 3517 gratia
2369 3446 2812 3517 praeveniantur,
2859 3450 2913 3500 et
2966 3445 3036 3500 ad
3084 3445 3229 3499 bene
3278 3444 3608 3506 volendum,
3662 3449 3718 3498 et
3757 3446 3825 3497 ad

2136 3542 2288 3592 recte
2351 3536 2640 3606 agendum
2709 3535 2970 3607 sequenti
3042 3535 3241 3589 beatus
3294 3534 3541 3588 Isidorus
3591 3533 3829 3587 lectione

2136 3630 2375 3679 testatur
2402 3625 2634 3679 dicens:
2687 3624 2908 3692 {Divina
2965 3624 3177 3694 quippe
3234 3624 3417 3694 gratia
3480 3622 3831 3692 praevenitur

2135 3714 2327 3779 homo,
2377 3718 2440 3767 ut
2493 3714 2677 3767 bonus
2733 3713 2825 3779 sit,
2868 3729 2972 3766 nec
3035 3713 3353 3765 humanum
3384 3710 3686 3765 arbitrium
3728 3710 3828 3764 Dei

2136 3804 2381 3875 gratiam
2416 3802 2717 3862 antecedit,
2757 3802 2854 3856 sed
2885 3803 3006 3870 ipsa
3038 3801 3219 3871 gratia
3254 3800 3352 3854 Dei
3400 3800 3690 3853 nolentem
3722 3801 3825 3853 ho-

2139 3893 2351 3945 minem
2400 3890 2695 3962 praevenit,
2741 3895 2800 3943 ut
2845 3890 3015 3943 etiam
3067 3890 3210 3943 bene
3263 3888 3437 3959 velit]
3490 3890 3630 3942 Cum
3674 3889 3828 3942 enim

2138 3981 2322 4034 malus
2358 3984 2525 4046 esset,
2570 3978 2790 4032 arbitrii
2823 3977 2910 4031 sui
2940 3978 3293 4031 voluntatem
3329 3977 3395 4030 ad
3438 3977 3651 4030 malum
3682 3994 3830 4030 com-

2140 4068 2420 4122 mittendo
2460 4067 2651 4120 divina
2697 4067 3008 4120 clementer
3056 4081 3183 4119 cum
3216 4065 3400 4135 gratia
3455 4065 3721 4135 respexit,
3776 4071 3829 4119 et

2138 4157 2447 4211 voluntatis
2477 4157 2639 4210 bonae
2684 4154 3033 4226 principium
3077 4154 3437 4224 inspirando,
3488 4154 3829 4209 desiderium

2141 4245 2374 4299 malitiae
2397 4245 2465 4299 ad
2496 4244 2765 4298 bonitatis
2794 4259 3048 4298 amorem
3092 4243 3390 4310 convertit,
3428 4248 3487 4296 ut
3516 4240 3615 4314 qui
3648 4244 3830 4297 malus

2136 4334 2321 4389 fuerat
2368 4334 2680 4406 diligendo,
2734 4334 3073 4403 agendoque
3103 4333 3371 4402 gmalum,
3430 4331 3612 4385 bonus
3670 4332 3833 4386 ﬁeret

2137 4423 2401 4489 amando,
2435 4422 2799 4493 gerendoque
2832 4422 3067 4475 bonum.
3093 4422 3245 4475 lianc
3272 4420 3678 4491 praeventionis
3708 4436 3832 4489 gra-

2134 4511 2273 4565 tiam
2305 4512 2717 4565 commendans
2746 4510 3036 4578 Scriptura
3078 4509 3249 4563 dicit:
3288 4527 3315 4559 «
3357 4508 3494 4573 Quis
3534 4509 3691 4579 prior
3730 4509 3829 4562 de-

2136 4598 2219 4652 dit
2266 4599 2337 4662 ei,
2395 4604 2450 4653 et
2498 4600 2783 4651 tribuetur
2823 4598 2943 4651 illi?
2980 4598 3255 4668 quoniam
3309 4613 3378 4651 ex
3426 4597 3573 4667 ipso,
3635 4599 3690 4649 et
3728 4612 3831 4667 per

2135 4686 2346 4755 ipsum,
2396 4691 2447 4740 et
2500 4686 2557 4740 in
2607 4686 2726 4756 ipso
2761 4690 2894 4738 sunt
2923 4685 3116 4738 omnia
3165 4687 3334 4751 (Rom.
3380 4701 3455 4750 xx,
3519 4686 3605 4749 335,
3653 4686 3827 4752 36).»

2134 4775 2474 4828 Annectitur
2504 4778 2692 4827 autem
2725 4790 2916 4842 causa,
2948 4790 3074 4844 quae
3110 4772 3254 4826 vires
3283 4772 3530 4826 hominis
3571 4772 3640 4825 ad
3680 4773 3827 4825 bene

2136 4864 2421 4933 agendum
2447 4863 2619 4917 efﬁcit
2649 4862 2981 4929 imbecilles,
3016 4861 3126 4915 nisi
3167 4860 3345 4915 divini
3368 4861 3623 4915 muneris
3656 4860 3827 4912 fuerit

2134 4952 2343 5007 elixilio
2376 4954 2695 5018 roboratus;
2730 4951 2865 5006 dicit
2896 4951 3087 5021 itaque
3119 4967 3131 5004 :
3170 4950 3335 5021 [Nam
3358 4951 3611 5021 pondere
3642 4946 3827 5001 carnis

2131 5042 2304 5096 homo
2334 5043 2411 5096 sic
2443 5042 2653 5113 agitur,
2687 5045 2747 5094 ut
2774 5040 2844 5094 sit
2873 5040 2941 5094 ad
2984 5040 3333 5111 peccandum
3366 5039 3565 5101 facilis,
3601 5036 3668 5088 ad
3703 5050 3822 5104 pce-

2133 5131 2430 5185 nitendum
2459 5131 2677 5184 tardus.
2716 5130 2895 5184 Habet
2923 5129 2991 5183 de
3032 5146 3089 5183 se
3128 5129 3276 5182 unde
3323 5129 3569 5189 corruat,
3599 5127 3654 5176 et
3708 5139 3823 5176 nou

2132 5219 2301 5274 habet
2346 5220 2499 5273 unde
2530 5222 2743 5289 surgat,
2788 5218 2895 5271 nisi
2927 5218 3112 5288 gratia
3145 5215 3485 5275 Conditoris,
3520 5216 3580 5264 ut
3638 5212 3822 5281 eriga-

2133 5315 2243 5375 tur,
2294 5325 2527 5361 manum
2579 5307 2790 5377 jacenti
2830 5307 3130 5378 porrigat.)
3163 5309 3374 5360 Pontus
3421 5302 3611 5372 itaque
3642 5303 3825 5355 carnis

2132 5397 2268 5469 quid
2306 5402 2407 5464 est,
2443 5396 2549 5452 nisi
2599 5397 2925 5467 corruptela
2977 5394 3230 5467 peccati?
3281 5393 3433 5445 lianc
3466 5390 3658 5462 itaque
3707 5407 3826 5444 cor-

2132 5486 2416 5557 ruptelam
2467 5485 2686 5553 incidit,
2743 5486 2971 5557 quando
3019 5487 3151 5553 post
3204 5480 3349 5552 ligni
3388 5480 3546 5535 vetiti
3594 5485 3825 5553 gustum

2131 5575 2310 5645 ap.-rti
2370 5579 2499 5628 sunt.
2550 5575 2601 5628 ei
2655 5575 2822 5634 oculi.
2884 5578 2937 5625 et
2994 5570 3265 5624 nnditatis
3328 5587 3446 5625 suae
3497 5571 3822 5640 squalorem
