4138 6194
419 292 485 344 63
1578 280 1940 335 RATRAMNI
1978 279 2430 336 CORBEIENSIS
2470 279 2781 336 MONACHI
3851 282 3925 333 64

417 426 662 499 aspexit;
692 421 911 494 apertio
940 418 1186 490 denique
1226 417 1322 472 illa
1357 417 1678 484 oculorum,
1712 413 2114 485 concupiscen-
2141 419 2182 469 A
2223 419 2458 483 parente
2487 415 2675 485 primo
2706 413 3084 484 perdidimus,
3117 411 3296 467 divini
3316 411 3575 467 muneris
3606 411 3794 483 gratia
3826 428 3926 466 no-

416 516 496 569 tia
525 513 841 567 carnalium
875 508 1090 562 exstitit
1132 506 1485 577 passionum,
1531 510 1587 558 et
1641 505 1772 559 inde
1805 520 1863 557 se
1896 503 2116 557 nudum

422 600 739 671 obstupuit,
768 614 880 670 quo
910 614 968 651 se
1001 597 1269 650 virtutum
1312 598 1462 648 veste
1491 594 1796 664 spoliatum
1838 592 2068 646 erubuit
2101 608 2114 646 :

418 708 522 747 nec
545 691 664 760 jam
723 688 782 741 in
814 686 998 740 calore
1029 683 1259 754 superni
1292 682 1503 736 amoris
1551 682 1882 747 consistens,
1916 697 2116 734 verum

420 779 489 834 ad
551 775 795 830 carnalis
862 771 1335 843 concupiscentia:
1410 770 1751 825 desiderium
1821 786 2115 839 corruens,

419 865 628 921 divinae
658 861 997 917 visitationis
1049 860 1366 930 alloquium
1398 860 1469 913 ad
1521 876 1719 913 auram
1778 859 1937 913 audit
1990 863 2120 928 post

420 953 737 1008 meridiem.
803 951 920 1005 Hoc
979 949 1171 1019 itaque
1231 948 1483 1020 pondere
1545 947 1783 1018 peccati,
1854 947 2119 1001 videlicet

420 1037 875 1109 concupiscentia
904 1035 1219 1090 carnalium
1269 1036 1619 1105 passionum,
1674 1035 1862 1104 agitur
1918 1034 2113 1101 homo,

421 1135 484 1183 ut
513 1129 585 1182 sit
623 1128 692 1181 ad
727 1126 1081 1197 peccandum
1120 1125 1318 1188 facilis,
1354 1124 1426 1178 ad
1464 1123 1862 1193 paenitendum
1921 1127 2115 1176 autem

420 1217 617 1273 tardus
649 1233 660 1269 :
691 1215 826 1286 quia
856 1231 923 1267 ex
954 1231 1067 1284 quo
1115 1213 1303 1267 cordis
1351 1212 1546 1266 oculos
1578 1212 1644 1266 ad
1679 1212 2112 1267 delectationem

419 1304 634 1376 peccati
665 1304 907 1374 aperuit,
968 1319 1033 1355 ex
1083 1319 1150 1356 eo
1198 1303 1415 1355 clausos
1461 1301 1531 1355 ad
1565 1317 1816 1355 amorem
1875 1300 2115 1370 justitize

419 1393 623 1458 tenuit,
660 1397 717 1445 et
748 1396 1052 1462 postquam
1108 1390 1332 1444 virtutis
1365 1395 1572 1443 vestem
1603 1390 1814 1454 amisit,
1868 1389 2116 1442 infirmi-

422 1481 553 1535 tatis
586 1480 905 1534 nuditatem
943 1479 1174 1549 accepit.
1211 1478 1331 1543 Qua
1380 1478 1448 1531 de
1497 1493 1557 1531 re
1586 1493 1715 1531 cum
1772 1494 1873 1547 per
1928 1477 2116 1530 cordis

425 1570 735 1623 caecitatem
768 1567 971 1639 nequit
1000 1567 1215 1621 bonum
1248 1566 1597 1637 conspicere,
1632 1581 1732 1637 per
1762 1564 2115 1618 inﬁrmitatis

424 1663 616 1712 autem
647 1657 1019 1722 debilitatem,
1055 1672 1184 1725 quas
1208 1660 1357 1709 recta
1388 1658 1520 1708 sunt
1550 1671 1664 1708 non
1685 1654 1834 1707 valet
1863 1653 2107 1724 operari,

422 1750 642 1800 constat
702 1745 952 1816 profecto
1009 1721 1182 1814 [juxta
1264 1745 1444 1798 sancti
1510 1744 1679 1813 hujus
1732 1721 2110 1798 sententiam:
2149 1721 2188 1775 Β

423 1835 584 1900 Quod
643 1833 962 1887 mortalitas
1013 1838 1207 1886 nostra
1255 1833 1428 1886 habet
1461 1832 1530 1886 de
1578 1848 1636 1885 se
1672 1833 1820 1885 unde
1868 1837 2114 1897 corruat,

421 1930 478 1977 et
509 1937 627 1975 non
658 1921 830 1975 habet
861 1920 1015 1974 unde
1043 1925 1258 1991 surgat.
1306 1923 1370 1974 Et
1397 1921 1543 1975 bene
1574 1920 1642 1974 de
1679 1937 1737 1973 se
1768 1920 1920 1991 quod
1950 1920 2115 1973 inﬁr-

422 2010 637 2064 mitatis
675 2014 761 2064 est
789 2009 961 2062 homo
1002 2009 1212 2061 habere
1251 2009 1457 2062 dicitur
1484 2024 1496 2061 :
1525 2008 1797 2077 quoniam
1848 2012 1903 2060 et
1952 2008 2116 2061 caeci-

421 2098 555 2152 tatis
587 2097 883 2161 damnum,
914 2101 967 2148 et
1004 2096 1357 2148 infirmitatis
1388 2097 1690 2165 penuriam
1738 2095 1805 2148 de
1838 2112 1896 2147 se
1926 2111 2117 2149 susce-

421 2187 525 2256 pit,
560 2184 789 2253 quando
822 2183 1055 2253 superni
1088 2184 1320 2236 luminis
1342 2183 1699 2252 praesidium,
1732 2199 1845 2253 quo
1891 2184 2117 2254 sapien-

421 2273 515 2327 tiae
548 2273 765 2338 lumen,
817 2275 874 2324 et
924 2271 1121 2325 salutis
1168 2273 1435 2326 virtutem
1498 2272 1970 2342 consequebatur,
2016 2289 2117 2343 per

420 2359 868 2415 inobedientiam
915 2360 1195 2428 superbus
1244 2359 1482 2414 amisit:
1523 2376 1708 2430 neque
1744 2360 1861 2413 suis
1903 2360 2117 2414 viribus

421 2447 657 2517 adipisci
678 2448 799 2517 jam
841 2447 1005 2514 valet,
1050 2447 1199 2518 quod
1230 2449 1408 2518 culpae
1439 2464 1558 2501 sua:
1593 2448 1813 2501 meritis
1845 2447 2113 2518 perdidit,

430 2536 542 2590 nisi
590 2536 795 2607 gratia,
854 2536 1170 2589 Conditoris
1225 2536 1627 2590 misericordia!
1658 2554 1773 2591 sua:
1829 2553 2023 2598 manu.
2062 2542 2119 2590 ct

424 2627 608 2681 cordis
639 2626 947 2680 caecitatem
984 2631 1291 2695 removeat,
1324 2632 1379 2680 et
1408 2627 1634 2681 virtutis
1663 2627 2115 2683 incolumitatem

422 2715 652 2783 tribuat,
701 2718 980 2785 quatenus
1009 2714 1059 2768 ei
1094 2714 1332 2785 justitiaa
1382 2716 1577 2769 lumen
1625 2715 1926 2786 refulgeat,
1978 2720 2034 2769 et
2065 2714 2117 2768 ei

424 2820 596 2875 quam
632 2804 832 2869 cernit,
877 2803 1111 2874 justitiae
1140 2819 1244 2873 per
1290 2803 1514 2857 virtutis
1544 2820 1803 2874 gressum
1834 2804 2116 2857 inhaerere

422 2892 619 2963 possit.
662 2892 824 2957 Quod
858 2896 1049 2945 autem
1104 2893 1456 2962 protoplasto
1490 2892 1655 2946 liberi
1687 2892 1833 2946 vires
1894 2891 2116 2945 arbitrii

422 2981 798 3035 successerint
854 2984 982 3034 ante
1042 2980 1513 3051 transgressionis
1558 2980 1802 3043 ruinam,
1867 2980 2117 3034 insinuat

421 3086 549 3123 cum
578 3068 873 3140 subjungit
908 3084 920 3123 :
958 3068 1235 3140 [Denique
1281 3069 1503 3123 homini
1558 3086 1663 3140 per
1714 3069 1815 3125 Dei
1873 3070 2113 3140 gratiam

420 3158 665 3213 liberum
724 3162 1074 3212 restauratur
1121 3158 1439 3225 arbitrium,
1473 3160 1625 3230 quod
1658 3159 1880 3230 primus
1942 3159 2115 3213 homo

420 3247 765 3317 perdiderat.
812 3248 953 3301 Nam
995 3247 1091 3301 ille
1118 3247 1321 3301 habuit
1352 3247 1490 3302 boni
1532 3248 1841 3301 inchoandi
1869 3248 2116 3302 liberum

422 3336 749 3401 arbitrium,
809 3336 963 3407 quod
1023 3341 1217 3390 tamen
1270 3336 1658 3404 Deiadjutorio
1700 3336 2110 3406 perﬁceretur:

422 3441 523 3478 nos
554 3441 686 3478 vero
719 3430 773 3477 et
794 3425 1224 3478 inchoationem
1252 3424 1419 3477 liberi
1458 3423 1699 3492 arbitrii,
1728 3430 1785 3478 et
1812 3424 2116 3493 perfectio-

425 3529 557 3565 nem
611 3513 681 3566 de
738 3513 835 3565 Dei
879 3512 1159 3566 sumimus
1214 3511 1427 3582 gratia;
1462 3511 1594 3581 quia
1644 3517 1701 3565 et
1751 3512 2025 3582 incipere,
2061 3517 2118 3566 et

422 3602 699 3671 perlicere
750 3600 966 3653 bonum
999 3601 1069 3654 de
1119 3601 1243 3671 ipso
1287 3600 1584 3667 habemus,
1621 3618 1649 3653 a
1678 3617 1789 3672 quo
1821 3605 1876 3654 et
1914 3601 2116 3670 gratia:

424 3688 641 3743 donum
672 3689 893 3756 datum,
934 3692 991 3742 et
1037 3688 1283 3742 liberum
1337 3688 1639 3742 arbitrium
1694 3690 1753 3743 in
1810 3689 1974 3743 nobis
2034 3694 2118 3743 est

424 3777 847 3847 restauratum]
890 3778 1168 3831 Docemur
1220 3778 1415 3849 itaque
1465 3782 1595 3832 ante
1652 3778 1861 3833 divina:
1914 3778 2114 3849 gratiae

423 3865 851 3935 perceptionem
901 3866 1067 3936 longe
1097 3882 1199 3920 nos
1228 3867 1414 3937 jacere
1444 3866 1591 3920 infra
1640 3866 1813 3937 primi
1866 3866 2115 3921 hominis

423 3954 826 4008 conditionem.
882 3955 981 4009 llle
1022 3955 1269 4026 denique
1317 3956 1445 4009 talis
1492 3957 1755 4009 conditus
1798 3957 1999 4024 fuerat,
2055 3962 2117 4010 ut

426 4042 591 4096 liberi
659 4042 881 4096 arbitrii
933 4048 1216 4113 potestate
1268 4044 1507 4112 justitias
1564 4045 1802 4109 bonum,
1858 4050 1911 4098 et
1972 4046 2113 4099 velle

424 4136 634 4202 posset,
685 4137 740 4185 et
773 4132 1021 4201 Operari,
1056 4148 1160 4185 nos
1191 4147 1324 4185 vero
1359 4148 1620 4185 caremus
1670 4138 1917 4203 utroque
1951 4149 1964 4187 :
2010 4150 2112 4187 nec

425 4219 711 4274 enim'vel
762 4220 925 4288 velle,
976 4220 1061 4273 vel
1117 4221 1302 4274 facere
1358 4220 1574 4275 bonum
1648 4221 1869 4291 adjacet
1925 4222 2110 4289 nobis,

423 4308 533 4362 nisi
573 4308 749 4361 divini
786 4308 1036 4363 muneris
1065 4309 1327 4377 largitate
1376 4309 1547 4363 fuerit
1599 4310 1941 4380 praestitum.
2011 4312 2111 4365 Ma-
2143 4319 2184 4373 1)

422 4413 625 4451 nemus
692 4396 885 4467 itaque
958 4397 1019 4451 in
1086 4397 1343 4467 ejusdem
1401 4402 1552 4452 sorte
1628 4398 1992 4465 conditionis,
2055 4399 2113 4453 in

424 4502 598 4556 quam
666 4486 858 4556 lapsus
928 4484 1023 4539 ille
1081 4485 1286 4555 decidit
1349 4492 1477 4558 post
1553 4488 2107 4558 transgressionem:

422 4578 486 4627 ut
577 4574 730 4628 enim
806 4573 890 4627 illi
977 4574 1313 4645 priusquam
1394 4580 1697 4645 peccasset,
1768 4581 1825 4630 et
1883 4576 2112 4630 inchoa-

424 4662 519 4729 tio,
599 4667 656 4716 et
725 4662 1143 4716 consummatio
1219 4662 1359 4717 boni
1414 4680 1517 4733 per
1569 4663 1735 4717 liberi
1784 4664 2113 4719 facultatem

423 4750 651 4821 patebat
726 4750 975 4817 arbitrii;
1044 4751 1123 4804 ita
1218 4757 1348 4822 post
1422 4752 1614 4807 delicti
1687 4757 1929 4819 reatum,
2012 4771 2115 4807 nec

424 4838 676 4909 incipere
732 4855 835 4893 nec
888 4840 1158 4909 perficere
1207 4839 1424 4893 bonum
1478 4840 1561 4894 illi
1616 4840 1889 4911 possibile
1946 4858 2113 4896 man-

424 4926 513 4980 sit.
549 4926 900 4980 Inﬁrmitatis
946 4927 1228 4999 siquidem
1259 4928 1509 4999 propria:
1538 4930 1705 4999 culpa
1748 4931 2114 5001 premebatur

424 5016 491 5070 ad
535 5016 778 5086 lapsum,
839 5016 936 5086 qui
988 5017 1175 5071 noluit
1224 5018 1581 5072 rectitudinis
1638 5022 1848 5072 statum
1889 5035 2112 5074 servare

424 5109 553 5159 ante
584 5110 825 5159 reatum.
860 5106 1250 5175 Nosfquoque
1284 5106 1440 5161 illius
1487 5107 1557 5161 de
1596 5107 1783 5161 radice
1836 5096 2113 5178 germinis

421 5195 742 5265 propagati,
774 5210 903 5248 cum
927 5194 1118 5249 delicti
1161 5195 1425 5266 contagio
1454 5196 1731 5249 traximus
1761 5195 2112 5251 infirmitatis

423 5283 830 5348 conditionem,
864 5289 927 5337 ut
981 5299 1085 5337 nec
1112 5283 1329 5337 bonum
1364 5284 1631 5337 inchoare
1665 5301 1766 5353 per
1810 5285 2112 5339 voluntatis

422 5370 585 5423 bonas
616 5369 899 5440 possimus
949 5371 1316 5439 desiderium,
1372 5387 1476 5425 nec
1523 5372 1662 5425 illud
1724 5373 1958 5442 exsequi
2012 5388 2114 5443 per

423 5462 631 5510 sancta:
662 5456 975 5512 devotionis
989 5459 1349 5529 obsequium.
1384 5459 1505 5523 Qua
1532 5459 1602 5513 de
1634 5475 1694 5512 re
1718 5463 1778 5513 ut
1808 5462 1877 5513 ad
1896 5465 2113 5513 utrum-

423 5559 534 5621 que
568 5544 879 5602 reddemur
927 5545 1123 5603 idonei
1176 5546 1343 5603 liberi
1385 5547 1531 5603 vires
1559 5547 1802 5615 arbitrii,
1851 5563 1993 5621 quas
2049 5547 2111 5602 in

2227 502 2313 556 bis
2348 502 2748 567 restituuntur,
2781 508 2845 556 ut
2883 508 2936 555 et
2983 502 3256 572 incipere,
3299 506 3355 555 et
3396 501 3669 572 perﬁcere
3700 503 3925 555 bonum

2228 609 2331 663 per
2360 592 2458 645 Dei
2509 592 2749 661 gratiam]
2776 592 2894 662 jam
2926 592 3231 656 Valeamus,
3267 591 3363 661 qui
3398 590 3556 661 prius
3599 590 3927 645 inefﬁcaces

2227 697 2329 751 per
2387 680 2737 734 inﬁrmitatis
2785 680 3135 733 debilitatem
3195 679 3267 733 ad
3328 679 3433 733 ista
3491 680 3920 736 reddebamur:

2227 768 2379 822 unde
2408 769 2621 823 bonum
2643 768 2795 839 quod
2826 768 3049 838 agimus
3095 772 3351 821 nostrum
3383 768 3601 838 pariter
3630 768 3927 838 divinique

2228 857 2483 912 muneris
2516 873 2637 911 esse
2670 857 3082 928 subsequenter
3125 856 3441 910 erudimur.
3476 856 3622 910 Dicit
3676 856 3875 927 itaque
3909 873 3923 910 :

2228 947 2351 1017 [Dei
2383 962 2519 1016 ergo
2552 951 2636 1000 est
2674 946 2888 1000 bonum
2939 946 3090 1015 quod
3122 945 3366 1015 agimus,
3402 949 3639 1016 propter
3675 947 3925 1015 gratiam

2225 1034 2667 1105 praevenientem
2729 1038 2781 1086 et
2831 1033 3323 1102 subsequentem:
3376 1039 3635 1085 nostrum
3700 1036 3921 1099 autem,

2225 1130 2461 1194 propter
2489 1123 2901 1193 obsequentem
2937 1120 3102 1175 liberi
3153 1121 3377 1175 arbitrii
3433 1122 3763 1175 facultatem
3800 1121 3923 1189 [01,,

2224 1211 2618 1281 voluntatem].
2659 1212 2797 1264 Nam
2830 1209 2905 1276 si,
2956 1210 3054 1263 Dei
3104 1225 3218 1263 non
3272 1212 3376 1273 est,
3407 1225 3508 1263 cur
3564 1208 3646 1262 illi
3706 1211 3926 1279 gratias

2225 1300 2485 1372 agimus?
2536 1305 2591 1353 et
2623 1299 2669 1352 si
2701 1304 2959 1352 nostrum
3012 1315 3126 1352 non
3177 1302 3281 1361 est,
3331 1313 3431 1350 cur
3478 1298 3923 1351 retributionem

2226 1390 2510 1444 bonorum
2549 1404 2789 1458 operum
2844 1388 3266 1457 expectamus‘i]
3332 1387 3519 1441 Claret
3570 1386 3765 1456 itaque
3818 1385 3923 1439 bo-

2226 1494 2366 1531 num
2400 1476 2549 1548 quod
2581 1482 2763 1544 agunt
2790 1476 2987 1541 sancti,
3021 1491 3124 1529 nec
3156 1476 3234 1529 sic
3265 1474 3475 1529 divinae
3501 1475 3701 1545 gratiae
3734 1474 3921 1545 depu-

2227 1566 2356 1632 tari,
2390 1571 2452 1619 ut
2498 1564 2663 1618 liberi
2697 1564 2917 1617 arbitrii
2958 1564 3192 1618 facultas
3240 1564 3547 1630 auferatur,
3579 1568 3678 1617 aut
3720 1563 3800 1616 sic
3849 1562 3922 1615 li-

2225 1656 2360 1709 hero
2392 1654 2784 1724 deputandum
2807 1654 3063 1718 arbitrio,
3099 1658 3159 1706 ut
3190 1653 3399 1707 divinas
3450 1652 3650 1722 gratia:
3708 1668 3924 1705 munus

2226 1744 2576 1810 abdicemus,
2599 1759 2843 1813 quorum
2877 1743 3121 1795 alterum
3144 1741 3380 1795 humani
3403 1741 3614 1795 laboris
3643 1740 3923 1794 meritum

2226 1833 2391 1898 tollit,
2419 1832 2664 1885 alterum
2696 1837 2885 1884 autem
2911 1830 3111 1900 gratiae
3142 1830 3355 1883 donum
3381 1830 3627 1898 denegat
3659 1846 3671 1881 :
3696 1834 3924 1881 utrum-

2225 1937 2335 1992 que
2357 1920 2774 1989 blasphemum,
2816 1923 3125 1989 utrumque
3149 1918 3428 1972 catholico
3456 1917 3711 1989 dogmati
3740 1918 3923 1970 claret

2226 2026 2345 2063 esse
2390 2008 2760 2062 contrarium.
2815 2008 3173 2078 Quapropter
3231 2011 3293 2059 ut
3348 2012 3405 2060 et
3461 2006 3663 2060 divina
3712 2005 3917 2075 gratia).

2227 2114 2437 2151 munus
2466 2096 2864 2162 conﬁteamur,
2893 2101 2949 2149 et
2967 2095 3207 2149 humani
3242 2094 3431 2148 meriti
3462 2094 3768 2164 praemium
3800 2111 3919 2148 non

2224 2201 2502 2255 negemus
2536 2184 2843 2238 secundum
2883 2184 3132 2237 doctoris
3162 2183 3335 2251 hujus
3380 2182 3766 2236 eruditionem
3815 2181 3921 2236 bo-

2226 2290 2363 2327 num
2396 2275 2547 2343 quod
2576 2273 2848 2342 gerimus,
2882 2278 2939 2325 et
2971 2272 3067 2326 Dei
3089 2288 3210 2325 esse
3233 2272 3509 2337 dicamus,
3533 2276 3590 2324 et
3620 2276 3916 2325 nostrum:

2227 2363 2324 2416 Dei
2360 2369 2594 2432 propter
2620 2360 2863 2431 gratiam
2893 2360 3338 2430 praevenientem
3366 2364 3423 2413 et
3452 2360 3916 2430 subsequentem.

2228 2452 2489 2505 Nostrum
2546 2455 2782 2520 propter
2829 2449 3048 2501 arbitrii
3104 2449 3424 2502 libertatem
3482 2448 3915 2518 obsequentem.

2233 2541 2481 2595 Proinde
2522 2540 2696 2610 igitur
2720 2541 2864 2592 sicut
2897 2538 3048 2591 idem
3102 2539 3302 2591 doctor
3331 2538 3409 2590 ait
3442 2554 3455 2591 :
3508 2538 3611 2607 [In
3644 2555 3711 2591 eo
3762 2538 3919 2607 quod

2226 2630 2409 2700 gratia
2440 2627 2824 2698 praevenimur
2856 2628 2952 2681 Dei
2982 2632 3099 2680 est:
3134 2627 3193 2680 in
3221 2643 3286 2680 eo
3311 2643 3463 2692 vero,
3496 2627 3649 2697 quod
3674 2626 3744 2680 ad
3769 2626 3919 2680 bene

2228 2719 2588 2790 operandum
2640 2717 3086 2787 prmvenientem
3138 2714 3383 2785 gratiam
3445 2715 3762 2785 sequimur,
3812 2731 3919 2768 no-

2227 2814 2406 2862 strum
2440 2813 2561 2861 est:
2598 2822 2765 2859 nemo
2798 2798 2995 2858 autem
3027 2804 3123 2857 Dei
3162 2804 3406 2874 gratiam
3440 2803 3654 2858 meritis
3686 2808 3916 2856 antece-

2225 2898 2325 2962 dit,
2363 2900 2421 2949 ut
2452 2901 2647 2949 tenere
2681 2910 2811 2947 eum
2854 2893 3016 2963 quasi
3050 2894 3367 2947 debitorem
3407 2892 3627 2963 possit.]
3652 2892 3707 2946 Si
3750 2908 3921 2945 nemo

2228 2986 2454 3041 Domini
2490 2985 2731 3055 gratiam
2754 2983 3056 3048 antecedit,
3088 2999 3193 3037 nec
3222 2983 3281 3036 in
3311 2982 3506 3052 aliquo
3560 2982 3712 3035 bono
3761 2983 3920 3052 quis—

2227 3091 2398 3146 quam
2425 3088 2595 3143 opere
2641 3072 2955 3126 debitorem
2989 3087 3120 3124 eum
3171 3076 3365 3124 tenere
3406 3074 3608 3140 potest,
3661 3070 3923 3141 sequitur

2226 3169 2289 3218 ut
2336 3179 2505 3217 omne
2551 3178 2696 3231 opus
2741 3162 2955 3215 bonum
2986 3159 3251 3213 etomnis
3290 3164 3443 3213 recta
3490 3160 3746 3212 voluntas
3815 3160 3920 3213 Dei

2228 3254 2409 3322 gratia
2438 3250 2825 3322 praeveniente
2857 3250 3224 3304 conferantur
3250 3248 3475 3301 homini
3511 3265 3523 3302 :
3554 3263 3682 3318 qua:
3735 3248 3782 3300 si
3812 3248 3917 3302 Dei

2226 3342 2408 3411 gratia
2460 3340 2812 3403 tribuuntur,
2864 3342 3085 3391 constat
3125 3353 3323 3391 omnes
3358 3338 3539 3391 malos
3584 3353 3704 3390 esse
3755 3341 3919 3391 ante-

2227 3445 2399 3499 quam
2422 3427 2620 3496 gratiae
2649 3426 2797 3479 dono
2829 3425 3221 3494 corrigantur:
3256 3426 3303 3478 si
3334 3430 3526 3479 autem
3556 3441 3753 3478 omnes
3785 3431 3924 3479 sunt

2226 3517 2361 3570 mali
2412 3520 2718 3585 antequam
2774 3514 2959 3584 gratia
3011 3513 3396 3584 praeveniente
3451 3514 3520 3567 de
3569 3513 3732 3567 malis
3780 3512 3924 3567 boni

2218 3605 2565 3670 efﬁciantur,
2600 3605 2789 3657 nullus
2815 3609 2901 3657 est
2929 3603 3132 3669 bonus,
3171 3602 3279 3656 nisi
3312 3618 3482 3673 quem
3512 3602 3695 3672 gratia
3723 3600 3926 3655 fecerit

2224 3695 2465 3749 bonum.
2501 3691 2629 3746 Etsi
2664 3692 2852 3746 nullus
2883 3692 3066 3745 bonus
3092 3696 3193 3754 est,
3217 3690 3325 3743 nisi
3346 3706 3518 3760 quem
3547 3689 3760 3743 bonum
3788 3705 3925 3758 gra-

2224 3784 2303 3838 tia
2341 3786 2593 3853 praestat,
2623 3786 2685 3834 ut
2716 3780 2922 3851 aliquis
2953 3780 3135 3833 bonus
3167 3779 3258 3843 sit,
3292 3779 3477 3849 gratia
3508 3778 3862 3848 prmvenitur
3900 3795 3915 3831 :

2226 3878 2287 3926 ut
2316 3877 2509 3925 autem
2538 3870 2744 3939 aliquis
2784 3886 2900 3923 non
2951 3869 3136 3922 bonus
3167 3867 3469 3933 efﬁciatur,
3502 3867 3703 3921 eadem
3737 3866 3930 3936 gratia

2224 3960 2526 4023 deseritur,
2568 3957 2775 4028 quibus
2816 3962 3007 4009 autem
3055 3956 3268 4010 donum
3305 3955 3504 4025 gratias
3559 3954 3790 4018 tribuat,
3860 3960 3925 4008 et

2226 4048 2434 4119 quibus
2465 4046 2776 4101 abscondat
2814 4045 2873 4098 in
2904 4044 3078 4111 illius,
3115 4048 3198 4098 est
3230 4044 3471 4114 judicio,
3504 4045 3667 4114 cujus
3714 4047 3771 4096 et
3812 4042 3925 4095 do-

2225 4153 2383 4189 num.
2450 4135 2610 4189 Undc
2661 4138 2717 4187 et
2764 4132 3062 4203 sequitur:
3118 4132 3249 4201 [Sed
3296 4131 3444 4185 miro
3492 4132 3664 4185 modo
3716 4146 3927 4201 aequus

2225 4223 2492 4278 omnibus
2537 4221 2832 4287 Conditor,
2890 4221 3032 4274 alios
3080 4219 3544 4290 praedestinando
3597 4217 3922 4288 praeelegit,

2223 4312 2365 4365 alios
2394 4327 2527 4365 vero
2557 4311 2615 4364 in
2660 4309 2776 4362 suis
2810 4308 2996 4380 pravis
3031 4307 3288 4362 moribus
3312 4306 3469 4376 justo
3496 4306 3714 4376 judicio
3755 4306 3925 4360 dere-

2227 4400 2486 4471 1inquit.]
2515 4400 2643 4455 Haec
2676 4397 2956 4468 estigitur
2972 4396 3202 4467 gemina
3230 4395 3658 4466 praedestinatio
3682 4394 3925 4465 superni

2224 4488 2421 4560 judicii
2443 4488 2646 4541 librata
2675 4486 3024 4551 discrimine,
3066 4483 3335 4539 videlicet
3358 4488 3423 4537 ut
3448 4483 3529 4536 eis
3558 4483 3759 4553 gratia:
3791 4499 3922 4535 mu-

2228 4594 2337 4631 nus
2372 4576 2645 4630 divinitus
2666 4575 2962 4644 largiatur,
2996 4589 3138 4644 quos
3164 4570 3498 4626 aeternitatis
3517 4588 3635 4625 suae
3675 4570 3924 4625 concilio

2225 4665 2465 4720 caelestis
2508 4669 2703 4718 auctor
2728 4664 2796 4716 ad
2832 4664 2938 4716 hoc
2983 4661 3308 4732 disposuit:
3364 4660 3445 4714 eis
3476 4676 3608 4714 vero
3661 4658 3925 4713 muneris

2226 4754 2395 4823 hujus
2416 4753 2634 4807 donum
2663 4751 2993 4817 abscondat,
3028 4766 3171 4821 quos
3203 4748 3500 4819 dispositio
3531 4747 3766 4818 superni
3821 4747 3925 4816 ju-

2225 4842 2362 4897 dicis
2386 4841 2442 4895 in
2484 4840 2599 4895 suis
2630 4840 2953 4909 relinquere
2985 4837 3362 4908 pravitatibus
3387 4837 3655 4891 decrevit.
3691 4835 3926 4890 Etenim

2223 4931 2357 4984 dum
2392 4928 2787 4999 unusquisque
2828 4926 2995 4993 (sicut
3021 4926 3321 4995 superiora
3350 4926 3653 4988 testantur)
3679 4941 3796 4978 non
3831 4926 3927 4980 sui

2224 5018 2450 5083 merito,
2482 5018 2579 5072 sed
2612 5016 2802 5070 divina
2832 5016 3017 5085 gratia
3049 5014 3119 5068 ad
3142 5014 3360 5068 bonum
3386 5015 3455 5067 de
3504 5014 3654 5067 malo
3685 5029 3927 5067 conver-

2224 5108 2381 5171 titur,
2415 5106 2511 5160 ille
2544 5104 2942 5159 tantummodo
2973 5102 3157 5172 gratia
3196 5102 3564 5171 praevenitur,
3609 5117 3779 5173 quem
3810 5117 3925 5155 cte-

2222 5197 2361 5250 leste
2400 5194 2676 5266 judicium
2701 5193 2900 5246 statuit
2934 5187 3421 5261 praeveniendum.
3462 5192 3560 5244 Ille
3584 5207 3718 5244 vero
3746 5190 3928 5259 hujus

2224 5284 2461 5338 extorris
2491 5281 2688 5353 gratia:
2714 5280 3017 5346 deseritur,
3052 5296 3226 5351 quem
3269 5294 3553 5350 supernus
3586 5278 3796 5331 arbiter
3825 5278 3927 5332 de-

2223 5372 2398 5426 crevit
2426 5387 2542 5424 non
2565 5367 3049 5439 praeveniendum.
3078 5369 3216 5422 Hinc
3234 5383 3465 5438 quoque
3506 5366 3875 5437 subjungitur
3906 5383 3921 5422 :

2225 5459 2406 5529 [Unde
2437 5457 2800 5511 verissimum
2831 5462 2917 5510 est
2947 5458 3143 5526 gratia:
3183 5472 3392 5509 munus
3423 5471 3539 5509 non
3568 5471 3633 5508 ex
3665 5456 3926 5508 humana

2222 5548 2449 5616 virtute,
2509 5545 2596 5600 vel
2645 5561 2715 5599 ex
2772 5544 2975 5600 merito
3023 5542 3269 5608 arbitrii,
3322 5541 3418 5595 sed
3474 5542 3653 5595 solius
3714 5540 3924 5595 divinae
