4138 6194
209 290 278 339 65
398 293 411 299 ’
1318 287 1406 340 Ι)Ε
1451 287 1909 341 PBzEDESTlNA‘

2020 286 2119 341 ’ΝΕ
2162 289 2297 342 DEI.
2332 318 2399 327 —
2430 288 2558 342 LIB.
2608 292 2676 345 lI.

3653 302 3724 352 66

202 414 487 469 bonitatis
517 416 730 486 pietate
763 414 1000 487 largiri.]
1037 416 1258 469 Etenim
1291 433 1421 470 cum
1468 422 1686 471 constet
1747 433 1918 470 omne
1948 422 1991 473 A
2030 422 2215 472 terum
2260 435 2390 473 vero
2416 420 2654 490 justitiw
2704 422 3005 476 severitate
3036 422 3093 477 in
3144 440 3327 478 massa
3386 428 3722 497 perditionis

200 520 392 574 genus
422 506 747 558 humanum
782 506 839 558 in
871 506 1062 558 radice
1092 522 1209 558 sum
1242 506 1481 574 originis
1525 505 1699 559 fuisse
1747 506 1912 559 dam-

200 598 411 647 natum
466 594 615 647 sicut
673 610 872 647 omnes
918 594 988 647 ab
1023 610 1135 647 uno
1173 602 1408 663 parente
1458 595 1765 659 nascimur,
1834 594 1912 647 sic

201 698 409 736 omnes
437 683 501 736 in
534 699 649 735 uno
689 683 927 737 homine
973 682 1172 736 mortis
1218 683 1499 736 sententia
1554 685 1779 737 multati
1810 700 1912 737 su-

200 787 329 823 mus
368 787 382 823 :
419 771 523 841 qui
555 787 687 824 vero
726 771 798 825 ab
829 788 894 824 ea
942 772 1281 835 liberantur,
1317 772 1525 825 divinae
1560 773 1786 842 pietatis
1816 772 1911 825 bo-

196 859 383 912 nitate
414 861 763 925 liberantur;
800 860 897 930 qui
936 867 1130 913 autem
1181 861 1251 913 ab
1297 877 1363 914 ea
1398 876 1514 913 non
1562 861 1907 927 liberantur,

194 947 255 1000 in
286 964 358 1000 ea
390 964 508 1018 qua
540 947 798 1001 damnati
847 955 983 1001 sunt
1034 948 1318 1002 sententia
1366 948 1752 1002 dimittuntur.
1800 950 1910 1001 Nec

198 1035 422 1088 habent
494 1053 607 1089 non
684 1036 909 1089 liberati
986 1037 1137 1107 quod
1204 1038 1273 1089 de
1337 1037 1721 1090 damnationis
1791 1053 1907 1088 sure.

198 1140 378 1193 pcena
408 1131 769 1195 querantur:
805 1125 1081 1195 quoniam
1135 1127 1242 1179 hoc
1291 1126 1373 1178 eis
1420 1126 1698 1193 redditur,
1755 1129 1906 1196 quod

194 1213 355 1283 juste
388 1219 706 1267 merentur.
750 1214 970 1268 Habent
1023 1228 1156 1268 vero
1216 1214 1439 1267 liberati
1494 1214 1644 1267 unde
1700 1214 1909 1284 gratias

203 1301 461 1371 erepturi
492 1320 597 1355 suo
626 1302 872 1365 solvant,
926 1302 1199 1372 quoniam
1247 1303 1450 1356 similis
1482 1308 1536 1357 ct
1582 1304 1684 1356 hos
1739 1320 1910 1373 poena

202 1392 554 1459 contineret,
594 1391 638 1445 si
672 1391 884 1444 divinae
932 1392 1159 1461 pietatis
1192 1392 1414 1445 bonitas
1447 1393 1527 1444 eis
1558 1410 1673 1446 non
1718 1394 1910 1446 subve-

203 1479 405 1533 nisset.
452 1481 599 1549 Ergo
652 1480 744 1533 cui
793 1480 991 1546 gratiae
1041 1496 1249 1533 munus
1297 1480 1679 1551 impertiatur,
1731 1488 1786 1534 et
1819 1482 1907 1535 cui

202 1584 323 1621 non
357 1568 645 1621 tribuatur
678 1568 885 1622 divina:
924 1569 1318 1639 dispositionis
1348 1570 1559 1639 judicio
1621 1571 1907 1639 pondera-

199 1664 314 1710 tur.
352 1656 719 1727 Quapropter
760 1664 1000 1727 apparet
1056 1659 1303 1729 gemina:
1381 1659 1904 1729 prmdestiuationis

2024 507 2393 574 derelictum;
2448 509 2693 563 alterum
2729 512 2844 563 Deo
2907 511 3177 565 dilectum
3228 514 3419 581 fuisse,
3476 519 3719 573 alterum

2023 602 2213 650 autem
2257 616 2289 651 a
2346 597 2668 651 dilectionis
2732 599 2916 668 gratia
2972 603 3170 671 procul
3234 605 3549 671 repulsum.
3611 609 3720 661 Nec

2021 689 2212 738 tamen
2242 686 2456 757 aliquid
2491 692 2589 739 aut
2620 688 2789 752 hunc,
2824 693 2923 741 aut
2974 689 3135 742 illum
3188 692 3391 761 egisse,
3446 694 3597 748 unde
3632 698 3718 749 vel

2022 773 2115 827 ille
2147 774 2333 844 diligi,
2376 777 2460 828 vel
2526 776 2617 829 hic
2675 776 2808 829 odio
2856 776 3056 830 haberi
3116 780 3435 834 meruisset.
3497 781 3607 836 Sed
3659 784 3713 837 in

2025 868 2266 933 utroque
2294 864 2503 917 divinas
2544 864 2940 933 dispositionis
2965 866 3248 934 judicium
3276 868 3555 923 diversam
3590 888 3714 924 me-

2020 951 2263 1004 ritorum
2297 958 2510 1006 sortem
2540 954 2821 1018 exhibuit,
2859 960 2921 1007 ut
2950 955 3121 1007 Jacob
3153 956 3417 1009 videlicet
3459 958 3714 1028 eligeret,

2022 1040 2170 1091 Esau
2203 1056 2334 1091 vero
2369 1041 2720 1110 reprobaret.
2755 1042 2915 1104 Quod
2969 1042 3037 1094 de
3094 1043 3318 1096 duobus
3366 1046 3611 1114 geminis
3632 1049 3715 1101 di-

2020 1127 2151 1179 vina
2183 1129 2517 1182 auctoritate
2551 1130 2824 1183 docemur
2853 1131 3029 1183 Deum
3063 1131 3282 1198 fecisse,
3323 1133 3445 1199 ‘hoc
3489 1152 3717 1205 quoque

2020 1216 2089 1270 de
2123 1216 2385 1270 universo
2417 1218 2642 1287 generis
2683 1218 2921 1272 humani
2952 1236 3189 1290 corpore
3234 1222 3483 1275 divinam
3549 1240 3717 1292 agere

2018 1304 2452 1375 dispositionem
2485 1307 2747 1361 dubitare
2777 1324 3141 1377 nequaquam
3196 1310 3489 1363 debemus.
3524 1313 3717 1381 Neque

2019 1394 2172 1447 enim
2204 1394 2644 1465 dispensationis
2695 1414 2811 1449 suae
2862 1397 3357 1466 gubernationem,
3409 1416 3520 1468 qua
3556 1416 3719 1453 mun-

2020 1483 2156 1536 dum
2192 1485 2335 1553 regit
2367 1485 2714 1551 universum,
2749 1486 2895 1538 infra
2926 1488 3169 1539 duorum
3200 1486 3498 1540 hominum
3532 1504 3717 1557 angu-

2018 1571 2151 1623 stias
2187 1572 2510 1625 coarctavit.
2564 1574 2771 1626 Verum
2816 1574 2875 1626 in
2920 1574 3113 1643 paucis
3168 1591 3271 1627 nos
3321 1575 3546 1628 erudire
3586 1582 3716 1643 lece-

2022 1659 2171 1711 lestis
2210 1660 2516 1729 prudentia
2585 1662 2780 1726 voluit,
2840 1662 2979 1732 quid
3039 1663 3106 1715 de
3169 1664 3445 1715 universis
3505 1664 3718 1717 sentire

200 1762 324 1798 esse
355 1761 681 1810 censuram,
725 1747 996 1816 quoniam
1047 1748 1190 1799 alter
1216 1763 1416 1800 eorum
1466 1748 1608 1801 ordo
1662 1752 1764 1812 est,
1810 1748 1907 1817 qui
1941 1721 1979 1774 Β
2020 1746 2315 1801 debemus.
2373 1749 2526 1802 Unde
2576 1750 2799 1802 caeleste
2856 1750 3147 1803 oraculum
3214 1752 3380 1803 matri
3438 1752 3497 1804 in
3555 1757 3716 1805 utero

201 1850 308 1903 per
338 1834 587 1903 gratiam
622 1834 962 1900 liberantur,
994 1840 1048 1888 et
1079 1836 1222 1888 alter
1248 1852 1447 1888 eorum
1486 1835 1585 1905 qui
1613 1836 1718 1889 sub
1748 1837 1907 1889 dam-

204 1921 463 1973 nationis
495 1938 614 1975 snze
656 1924 936 1977 sententia
966 1925 1327 1977 deseruntur.
1370 1925 1643 1994 Sequitur
1670 1931 1861 1977 autem
1892 1939 1904 1978 :

205 2008 483 2080 [Quidam
515 2012 670 2064 enim
704 2012 1047 2081 gratissimae
1098 2013 1505 2067 misericordias
1538 2014 1665 2083 ejus
1697 2030 1909 2083 praeve-

205 2100 418 2151 nientis
450 2100 668 2153 auxilio
713 2102 1023 2163 salvantur,
1060 2102 1241 2155 effecti
1276 2119 1288 2155 :
1326 2122 1353 2149 ‹‹
1404 2119 1535 2155 vasa
1592 2102 1908 2154 misericor-

204 2187 312 2240 dia:
347 2205 359 2241 :
400 2211 421 2235 ι
458 2189 693 2257 quidam
726 2205 857 2241 γετί)
893 2189 1124 2258 reprobi
1153 2190 1222 2243 ad
1256 2206 1484 2259 penam
1514 2190 1908 2259 praedestinati

205 2275 580 2345 damnantur,
643 2276 827 2330 effecti
897 2295 923 2327 ‹‹
985 2294 1118 2331 vasa
1168 2279 1286 2331 περ.
1343 2276 1391 2349 ››]
1448 2278 1556 2342 Qui
1616 2279 1908 2331 salvantur

207 2365 412 2435 gratiae
449 2366 596 2419 dono
625 2368 944 2430 salvantur;
987 2366 1087 2436 qui
1119 2371 1307 2419 autem
1334 2384 1367 2419 a
1397 2368 1576 2419 salute
1609 2372 1910 2420 remanent

208 2454 406 2518 alieni,
442 2471 555 2507 non
583 2455 740 2508 fuere
771 2455 839 2508 de
876 2472 1119 2507 numero
1150 2456 1217 2508 ad
1253 2456 1492 2508 salutem
1525 2456 1906 2524 praedestina-

208 2548 421 2596 torum.
460 2543 548 2596 llli
594 2544 841 2613 denique
875 2544 1050 2596 divini
1087 2543 1342 2596 muneris
1402 2544 1737 2612 dignatione
1778 2550 1909 2597 sunt

202 2632 339 2684 facti
377 2654 398 2679 ι
436 2648 567 2684 vasa
601 2632 1043 2697 misericordias;
1084 2654 1103 2679 ι
1142 2632 1231 2685 isti
1265 2648 1396 2685 vero
1428 2633 1711 2686 sententia
1735 2634 1908 2702 justas

205 2720 596 2773 damnationis
629 2720 811 2773 effecti
848 2744 867 2768 ‹
894 2737 1023 2773 vasa
1056 2720 1188 2774 ires:
1224 2744 1243 2768 ι
1282 2720 1511 2791 utrique
1544 2722 1737 2791 itaque
1770 2738 1909 2791 pt‘tB-

205 2808 511 2874 destinati;
546 2808 680 2878 quia
714 2813 785 2871 et
839 2809 940 2873 illi,
975 2809 1072 2878 qui
1114 2810 1295 2862 salute
1339 2809 1499 2879 digni
1559 2811 1907 2878 efficiuntur,

205 2912 271 2948 ex
307 2897 832 2964 praedestinationis
860 2897 1155 2967 proposito
1190 2919 1215 2945 ‹‹
1250 2914 1379 2950 vasa
1438 2897 1843 2953 misericordia:
1877 2920 1904 2946 ››

207 2985 394 3037 effecti
424 2990 579 3051 sunt,
613 2991 670 3039 et
698 2985 813 3049 isti,
847 2986 945 3056 qui
974 2986 1156 3039 salute
1208 2986 1530 3040 redduntur
1561 2987 1803 3058 indigni,
1833 2988 1903 3041 si-
1935 3018 1974 3074 ο

209 3072 431 3126 militer
487 3089 553 3125 ex
601 3073 1123 3143 przedestinationis
1180 3074 1477 3144 proposito
1530 3075 1715 3129 effecti
1769 3082 1903 3131 sunt

214 3185 234 3211 ι
266 3179 402 3215 vasa
431 3164 553 3216 iras.
590 3181 617 3213 ››
662 3162 956 3233 Siquidem
1002 3164 1147 3217 sicut
1187 3165 1490 3233 proposuit
1537 3164 1727 3218 divina
1775 3182 1905 3219 cen-

208 3267 365 3313 sura,
398 3267 543 3321 quos
573 3252 769 3321 gratia:
816 3269 935 3305 sua:
968 3252 1118 3306 dono
1160 3253 1519 3323 justificaret,
1553 3253 1632 3306 sic
1678 3268 1906 3324 quoque

210 3341 511 3410 proposuit
538 3356 681 3411 quos
713 3342 780 3395 ab
804 3341 975 3411 hujus
994 3341 1192 3411 gratiae
1218 3358 1454 3395 munere
1488 3357 1698 3397 vacuos
1728 3342 1908 3395 relin-

212 3434 434 3499 queret.
470 3428 638 3498 Cujus
664 3430 1180 3500 prasdestinationis
1232 3431 1528 3501 geminum
1574 3431 1773 3484 doctor
1801 3432 1908 3486 iste

206 3516 623 3570 commendans
664 3518 1041 3589 propositum,
1094 3518 1163 3571 de
1223 3519 1533 3571 electorum
1596 3518 1775 3571 salute
1828 3516 1911 3570 sic

206 3606 408 3659 intulit
443 3622 456 3659 :
498 3603 757 3676 [Quidam
792 3606 946 3658 enim
981 3606 1304 3676 gratissimo
1347 3605 1757 3660 misericordiae
1788 3606 1910 3675 ejus

202 3694 613 3765 praevenientis
644 3693 855 3747 auxilio
890 3695 1203 3761 salvantur,
1238 3694 1422 3748 effecti
1454 3715 1480 3743 ‹‹
1524 3711 1654 3748 vasa
1682 3694 1908 3747 miseri-

207 3785 445 3837 cordia}.
485 3804 513 3833 ι
548 3784 683 3837 Ecce
739 3783 906 3837 unius
957 3783 1482 3854 praedestinationis
1524 3784 1907 3853 propositum,

206 3873 364 3943 quod
397 3873 807 3927 commendans
838 3876 1145 3943 Apostolus
1170 3875 1249 3927 ait
1278 3890 1290 3927 :
1346 3892 1373 3925 α
1405 3873 1555 3937 Quos
1603 3872 1907 3943 priescivit,

204 3963 400 4017 hoset
448 3962 877 4032 praedestinavit
911 3966 1084 4031 (Rom.
1123 3979 1240 4029 vni,
1294 3964 1403 4031 29).
1452 3982 1478 4011 υ
1538 3965 1610 4015 At
1666 3978 1798 4014 vero
1840 3962 1909 4015 de

205 4050 596 4120 reproborum
643 4051 1012 4105 damnatione
1060 4052 1254 4105 doctor
1317 4051 1563 4103 Isidorus
1616 4051 1694 4104 ita
1724 4050 1905 4105 dicit:

208 4139 459 4204 Quidam
492 4156 623 4194 vero
656 4140 943 4210 reprobati
977 4141 1046 4194 ad
1074 4156 1302 4210 pcenam
1336 4139 1725 4209 praedestinati
1757 4140 1911 4193 dam-

210 4233 451 4291 nantur,
485 4227 669 4282 effecti
705 4249 733 4276 «
758 4244 884 4281 vasa
921 4228 1042 4293 irae,
1069 4249 1095 4276 υ
1128 4227 1505 4280 nihilominus
1535 4227 1689 4280 aliud
1721 4232 1907 4281 osten-

2017 1835 2269 1902 habeuti,
2306 1842 2362 1889 et
2411 1852 2583 1905 super
2642 1837 2855 1891 eisdem
2912 1838 3165 1907 parvulis
3225 1839 3535 1892 sciscitanti
3594 1841 3709 1894 ait:

2024 1943 2043 1967 ι
2079 1923 2213 1974 Duce
2245 1927 2440 1991 gentes
2488 1922 2547 1975 in
2581 1926 2742 1975 utero
2802 1927 2899 1975 tuo
2957 1924 3090 1987 sint,
3148 1928 3204 1977 et
3263 1924 3376 1977 duo
3408 1926 3607 1994 populi
3648 1941 3715 1978 ex

2020 2014 2179 2063 utero
2208 2027 2310 2062 suo
2356 2010 2726 2079 egrediantur
2770 2011 2920 2077 (Gen.
2956 2026 3087 2077 xxv,
3119 2014 3230 2076 23),
3268 2033 3295 2059 ››
3319 2012 3375 2065 id
3418 2018 3503 2065 est
3532 2013 3715 2083 figura

2018 2098 2131 2151 sive
2163 2100 2467 2168 prophetia
2494 2098 2739 2151 duorum
2766 2100 3117 2168 populorum
3156 2116 3168 2153 :
3209 2116 3394 2170 neque
3445 2100 3599 2153 enim
3629 2102 3715 2154 illi

2019 2188 2132 2240 duo
2167 2188 2363 2257 populi
2396 2192 2661 2257 poterant
2693 2188 2988 2258 appellari,
3020 2188 3118 2241 sed
3149 2188 3419 2257 appellati
3450 2195 3583 2241 sunt
3614 2206 3716 2241 uo-

2018 2275 2194 2342 mine,
2224 2275 2373 2346 quod
2407 2277 2683 2345 gerebant
2741 2276 3036 2345 mysterio;
3077 2276 3337 2330 videlicet
3382 2277 3517 2330 dicti
3571 2276 3718 2346 {sunt

2017 2365 2129 2417 duo
2162 2364 2377 2433 populi,
2426 2364 2695 2433 quoniam
2744 2364 2919 2417 totius
2978 2364 3218 2417 humani
3279 2366 3508 2435 generis
3558 2365 3715 2436 figu-

2018 2469 2141 2506 ram
2173 2452 2467 2521 gerebant,
2503 2453 2560 2505 in
2593 2452 2733 2505 duas
2763 2457 2942 2505 sortes
2974 2459 3248 2522 tanquam
3274 2454 3329 2505 in
3358 2454 3499 2507 duos
3526 2470 3713 2524 popu-

2017 2541 2441 2609 los;distributi,
2499 2557 2671 2593 unam
2717 2541 2979 2594 videlicet
3041 2542 3377 2610 electorum,
3436 2559 3561 2613 qua:
3612 2543 3716 2596 sub

2015 2630 2207 2695 Jacob,
2250 2631 2488 2683 alteram
2532 2630 2911 2699 reproborum
2985 2646 3113 2699 quae
3165 2630 3270 2683 sub
3331 2631 3475 2683 Esau
3528 2632 3716 2701 specie

2016 2718 2387 2788 tigurabatur.
2420 2718 2528 2781 Qui
2566 2718 2679 2771 duo
2710 2718 2909 2787 populi
2959 2718 3181 2771 duabus
3234 2735 3463 2789 quoque
3517 2719 3713 2773 civita-

2017 2808 2167 2861 tibus
2212 2824 2313 2877 per
2368 2812 2692 2860 sanctarum
2754 2806 2992 2877 paginas
3045 2806 3488 2878 Scripturarum,
3552 2808 3715 2861 Jeru-

2016 2897 2193 2948 salem
2252 2894 2514 2948 videlicet
2588 2912 2651 2948 ac
2729 2894 3001 2964 Babylon,
3079 2894 3455 2965 significatur.
3536 2896 3719 2964 Igitur

2019 2983 2509 3054 quemadmodum
2559 2983 2804 3037 duorum
2856 2984 3218 3052 geminorum
3270 2983 3529 3037 videmus
3576 2984 3715 3036 alte-

2016 3089 2145 3126 rum
2180 3072 2413 3142 quidem
2446 3072 2738 3125 electionis
2772 3071 2958 3141 gratia
3011 3072 3283 3125 dilectum
3338 3073 3585 3125 alterum
3618 3088 3713 3125 ve-

2016 3176 2081 3213 ro
2144 3160 2443 3213 severitate
2502 3160 2741 3229 justitize
2798 3160 2929 3211 odio
3000 3158 3318 3212 habitum:
3397 3160 3477 3212 sic
3543 3159 3714 3213 nimi-

2017 3264 2146 3301 rum
2196 3247 2639 3315 intelligendum
2698 3250 2782 3298 est
2843 3244 3135 3297 electionis
3194 3246 3471 3314 populum
3532 3248 3717 3315 gratia

2019 3336 2215 3390 divina
2254 3336 2553 3397 salvatum,
2613 3333 2993 3405 reproborum
3042 3336 3236 3386 autem
3281 3334 3715 3387 multitudinem

2018 3425 2260 3480 cmlestis
2285 3423 2526 3495 justitia:
2559 3424 2861 3478 severitate
2902 3422 3258 3488 damnatam,
3300 3426 3471 3492 atque
3517 3422 3578 3476 in
3628 3422 3715 3477 di-

2019 3516 2162 3569 vinae
2220 3514 2608 3585 dispositionis
2659 3512 2879 3584 judicio
2934 3511 3236 3565 deﬁnitum
3297 3527 3467 3582 quem
3531 3512 3716 3582 gratia

2020 3607 2214 3669 salvet,
2246 3610 2346 3659 aut
2376 3619 2547 3675 quem
2574 3602 2799 3672 justitia
2839 3601 3089 3655 damnet.
3134 3599 3280 3653 Hinc
3329 3616 3555 3670 quoque
3588 3600 3716 3653 bea-

2020 3700 2109 3749 tus
2169 3694 2419 3749 Isidorus
2474 3692 2691 3747 infert:
2760 3689 2937 3762 [Unde
2994 3704 3351 3759 consequens
3400 3692 3484 3742 est
3542 3688 3716 3742 nullis

2020 3781 2501 3853 prmvenieutibus
2533 3779 2752 3834 meritis
2809 3778 3057 3832 conferri
3114 3777 3379 3847 gratiam,
3444 3777 3541 3831 sed
3597 3778 3716 3831 sola

2020 3871 2313 3925 vocatione
2347 3869 2559 3935 divina,
2638 3883 2823 3938 neque
2898 3881 3249 3937 quemquam
3327 3865 3530 3919 salvari
3596 3865 3714 3920 sive

2021 3958 2303 4024 damnari,
2340 3956 2448 4010 nisi
2480 3973 2544 4010 ex
2595 3956 2885 4026 proposito
2935 3953 3394 4024 praedestinantis
3428 3953 3548 4014 Dei,
3614 3954 3713 4025 qui

2014 4049 2205 4120 justus
2231 4051 2316 4100 est
2345 4046 2403 4099 in
2434 4044 2768 4114 reprobatis,
2804 4042 3126 4095 misericors
3158 4041 3217 4094 in
3249 4042 3442 4094 electis
3474 4057 3487 4095 :
3525 4065 3549 4087 α
3584 4043 3713 4095 uni-

2024 4152 2199 4190 versae
2249 4134 2354 4187 viae
2413 4132 2642 4187 Domini
2705 4129 3117 4195 misericordia,
3170 4133 3226 4183 et
3282 4128 3486 4182 veritas
3543 4130 3710 4196 (Psal.

2021 4242 2129 4291 xiv,
2164 4224 2267 4294 lO).
2298 4221 2318 4294 ]
2351 4243 2378 4271 ι)
2429 4222 2487 4276 Si
2522 4220 2676 4274 enim
2725 4220 2898 4274 Jacob
2937 4218 3285 4289 justiticatur
3314 4217 3547 4289 quidem
3609 4224 3710 4287 est,

212 4317 359 4371 dens
422 4316 945 4387 praedestinationis
1009 4316 1395 4386 propositum.
1467 4316 1719 4369 Doctoris
1771 4332 1907 4385 ergo
1939 4321 1982 4374 Ι)
2021 4312 2192 4366 nullis
2220 4317 2413 4366 tamen
2442 4308 2895 4382 praecedentibus
2943 4306 3176 4373 meritis,
3228 4306 3327 4361 sed
3373 4307 3493 4361 sola
3550 4323 3713 4361 voca-

213 4405 385 4459 istius
417 4405 784 4459 institutione
831 4405 1229 4475 cognoscimus
1269 4404 1569 4458 manifeste
1619 4403 1911 4474 geminam

212 4494 810 4565 praedestinationem,
846 4510 1019 4565 quam
1043 4493 1215 4547 etiam
1249 4494 1351 4547 sub
1379 4493 1643 4563 exemplo
1662 4493 1910 4547 duorum

214 4583 588 4654 geminorum
617 4583 961 4637 conﬁrmans
1000 4583 1305 4637 subintulit
1331 4599 1344 4636 :
1391 4583 1554 4646 Quod
1584 4582 1653 4636 de
1681 4583 1821 4635 Esau
1856 4586 1910 4636 et

214 4674 391 4728 Jacob
423 4674 668 4727 necdum
699 4673 846 4726 natis
878 4672 1191 4742 colligitur,
1256 4671 1353 4743 qui
1383 4673 1518 4726 dum
1560 4675 1749 4725 essent
1797 4687 1913 4725 una

216 4764 591 4834 conceptione
624 4769 681 4815 et
711 4768 877 4833 partu
908 4764 1064 4828 editi,
1099 4762 1340 4833 parique
1371 4778 1515 4815 nexu
1550 4760 1764 4832 peccati
1791 4760 1914 4813 ori-

216 4853 428 4924 ginalis
461 4852 697 4918 astricti,
740 4854 984 4905 alterum
1018 4857 1209 4905 tamen
1240 4867 1440 4905 eorum
1470 4851 1535 4904 ad
1596 4866 1653 4903 se
1691 4849 1912 4903 miseri-

215 4942 429 4996 cordia:
497 4940 705 4995 divina:
760 4941 1117 5011 prreveniens
1170 4940 1393 4994 bonitas
1426 4938 1677 5009 gratuita
1733 4938 1910 5009 gratia

216 5031 412 5096 traxit,
448 5032 691 5084 alterum
724 5031 972 5100 quadam
1002 5029 1242 5100 justitia;
1290 5029 1589 5083 severitate
1648 5028 1780 5082 odio
1813 5028 1910 5081 ba-

218 5122 404 5174 bitum
437 5119 495 5173 in
538 5134 723 5173 massa
778 5119 1111 5189 perditionis
1168 5118 1430 5173 relictum
1465 5118 1784 5183 damnavit;
1836 5117 1914 5170 sic

218 5217 275 5264 et
307 5226 413 5280 per
442 5209 784 5278 prophetam
836 5208 986 5261 idem
1043 5207 1318 5261 Dominus
1373 5206 1630 5277 loquitur
1676 5206 1909 5259 dicens:

220 5318 247 5349 α
278 5298 454 5352 Jacob
479 5296 676 5364 dilexi,
716 5298 859 5350 Esau
902 5303 1092 5350 autem
1125 5297 1257 5350 odio
1300 5295 1496 5349 habui.
1547 5293 1597 5366 n]
1658 5293 1915 5349 Ostendit

219 5387 416 5456 itaque
449 5386 650 5439 doctor
677 5385 992 5440 catholicus
1021 5391 1333 5455 utrumque
1372 5385 1607 5438 fratrem
1639 5382 1763 5454 pari
1788 5383 1914 5453 lege

220 5474 494 5529 nascendi
544 5474 718 5528 simili
769 5474 1091 5529 conditione
1142 5474 1357 5544 peccati
1403 5473 1573 5528 fuisse
1603 5472 1912 5537 devinctos,

222 5566 471 5619 alterum
500 5579 701 5619 eorum
727 5564 972 5619 ccelestis
1001 5562 1200 5634 gratia:
1230 5578 1469 5619 munere
1497 5562 1801 5630 salvatum,
1823 5559 1915 5614 al-

2024 4400 2177 4454 tione
2208 4400 2420 4467 divina,
2454 4413 2810 4469 consequens
2841 4400 2925 4449 est
2978 4399 3041 4449 ut
3068 4411 3269 4449 omnes
3325 4396 3491 4449 electi
3542 4396 3716 4449 nullis

2022 4488 2477 4559 praecedentibus
2536 4486 2775 4553 meritis,
2836 4485 2931 4539 sed
2992 4484 3111 4538 sola
3170 4483 3471 4538 vocatione
3524 4484 3717 4539 divina

2016 4578 2421 4649 justificentur,
2464 4581 2529 4629 ut
2560 4575 2714 4647 quod
2744 4574 2805 4628 in
2846 4589 2962 4627 uno
2991 4572 3316 4643 accepimus
3346 4573 3580 4638 factum,
3610 4573 3718 4627 hoc

2023 4668 2085 4722 in
2144 4667 2409 4720 universo
2468 4665 2777 4718 electorum
2837 4677 3076 4715 numero
3132 4676 3540 4730 cognoscamus
3600 4660 3713 4731 agi.

2028 4758 2289 4825 Dumque
2323 4753 2457 4808 dicit
2499 4767 2972 4824 unumquemque
3002 4750 3205 4804 salvari
3246 4750 3363 4803 sive
3396 4750 3713 4819 reprobari,

2027 4843 2163 4914 eligi
2197 4842 2283 4897 vel
2308 4841 2604 4912 reprobari
2631 4858 2699 4895 ex
2746 4839 3039 4911 proposito
3089 4838 3549 4910 prmdestinantis
3596 4838 3714 4903 Dei,

2026 4935 2192 4989 docet
2242 4932 2540 4985 manifeste
2591 4930 2838 5001 gemina;-
2869 4926 3389 4999 prtedestiuationis
3420 4940 3712 4980 arcanum.

2026 5024 2221 5094 Neque
2275 5022 2429 5075 enim
2496 5020 2627 5073 novi
2695 5017 3065 5088 conceptione
3121 5016 3359 5078 consilii,
3416 5019 3516 5067 aut
3562 5012 3715 5065 hunc

2026 5114 2226 5178 salvat,
2257 5110 2421 5163 illum
2454 5110 2706 5173 damnat,
2742 5111 2839 5161 aut
2867 5107 3019 5160 hunc
3064 5106 3246 5176 eligit,
3297 5104 3461 5157 illum
3514 5114 3703 5168 repro-

2025 5202 2159 5257 bat:
2188 5214 2389 5254 verum
2418 5199 2496 5251 ita
2544 5197 2614 5251 de
2647 5195 2890 5267 singulis
2934 5211 3036 5267 per
3065 5199 3391 5263 temporum
3422 5194 3715 5242 momenta

2026 5288 2303 5354 decrevit;
2341 5287 2486 5340 sicut
2503 5286 2561 5340 in
2579 5284 2916 5339 mteruitatis
2946 5300 3063 5338 sum
3101 5280 3335 5336 consilio
3356 5285 3487 5332 ante
3518 5277 3717 5331 omnia

2027 5388 2289 5450 tempora
2332 5374 2781 5447 praedestinavit,
2800 5374 2945 5427 sicut
2963 5378 3020 5426 et
3040 5372 3109 5425 de
3132 5385 3199 5423 eo
3220 5366 3509 5437 Scriptura
3529 5365 3668 5421 dicit
3699 5384 3714 5422 :

2036 5493 2053 5521 ι
2089 5468 2195 5534 Qui
2220 5468 2354 5523 fecit
2376 5482 2503 5537 qua:
2525 5465 2719 5520 futura
2742 5468 2875 5518 sunt
2906 5465 3035 5530 (Isa.
3066 5476 3190 5525 xcv,
3226 5460 3280 5512 ll
3318 5473 3418 5512 sec.
3455 5456 3611 5526 LXX)
3645 5472 3712 5510 ε»

2024 5558 2085 5614 id
2114 5562 2201 5615 est
2228 5556 2424 5613 omnia
2452 5570 2583 5627 quae
2608 5551 2934 5610 diversitate
2962 5547 3280 5605 labentium
3326 5550 3655 5619 temporum
3683 5560 3718 5598 a
