4138 6186
350 230 415 280 οῖ
1522 219 1871 274 ItATRAMNl
1913 217 2373 273 CORBltlENSlS
2415 218 2719 271 MONAClll
3782 222 3852 272 6³5

354 364 600 418 Domino
645 362 809 426 fiunt,
863 361 920 413 in
975 357 1479 429 praedestinatione
1535 354 1848 410 divinitatis
1898 354 2042 407 facta
2071 355 2113 408 A
2154 354 2327 419 navit,
2364 353 2419 407 id
2450 357 2535 407 est
2562 352 2992 422 praeordinavit,
3053 369 3150 407 eos
3195 353 3261 407 ad
3322 353 3693 424 supplicium,
3723 370 3853 424 qua».

354 469 580 523 semper
610 453 857 505 fuerunt.
898 448 1117 502 Habent
1150 447 1378 517 quidem
1406 461 1581 514 opera
1608 444 1706 498 Dei
1734 442 2049 497 secundum

354 546 533 593 status
566 540 652 593 sui
678 538 1024 592 creationem
1060 551 1201 589 nova
1243 533 1546 602 principia,
1591 549 1788 585 verum
1841 548 2046 586 secun-

355 630 491 682 dum
522 627 802 683 Creatoris
842 624 1276 694 dispositionem
1339 638 1637 692 nunquam
1687 638 1805 674 esse
1864 637 2045 675 cessa-

353 722 507 783 runt,
565 720 628 770 ut
683 731 1012 786 quanquam
1072 713 1131 765 in
1186 711 1515 765 substantiae
1574 726 1689 763 sua:
1738 709 1923 780 specie
1981 727 2041 762 ex

354 811 611 876 tempore
642 806 944 875 coepissent
994 801 1254 865 existere,
1300 815 1595 870 nunquam
1650 803 1838 851 tamen
1874 803 2043 852 aeter-

352 908 425 945 na
450 891 730 961 sapientia
767 890 1140 959 temporalem
1173 892 1547 958 sumpserunt
1594 886 2041 940 inchoationem.

355 982 419 1034 Et
448 980 583 1050 quia
613 980 894 1032 bonorum
920 976 1142 1040 electio,
1178 977 1580 1047 malorumque
1604 975 1951 1045 reprobatio,
1986 975 2043 1028 in

354 1068 561 1122 divinm
591 1065 845 1119 consistit
874 1065 1263 1135 dispositionis
1292 1064 1554 1132 consilio,
1596 1063 1741 1116 sicut
1780 1062 2045 1117 universa

353 1155 689 1225 priusquam
722 1154 865 1208 fiant
903 1154 1050 1207 facta
1087 1158 1220 1206 sunt
1275 1170 1306 1206 a
1342 1154 1476 1217 Deo,
1544 1152 1623 1205 sic
1669 1151 1943 1204 nimirum
1989 1154 2046 1203 ct

357 1244 476 1296 haec
505 1243 989 1314 quemadmodum
1021 1242 1080 1295 in
1127 1241 1435 1295 efﬁcientia
1466 1256 1570 1310 per
1618 1239 1874 1310 singulos
1904 1244 2046 1293 tem-

354 1333 625 1401 poraliter
654 1332 982 1397 actitautur,
1018 1331 1170 1401 apud
1214 1330 1523 1384 Dominum
1577 1346 1803 1399 semper
1847 1328 2045 1382 eil‘ecta

356 1425 706 1474 manserunt.
740 1421 875 1484 Quis
910 1436 1159 1489 namque
1205 1419 1272 1471 ad
1324 1419 1613 1472 electionis
1669 1417 1911 1486 gratiam
1980 1432 2042 1470 ex

354 1515 609 1579 tempore
660 1509 830 1562 fuerit
875 1507 1273 1571 assumendus,
1321 1522 1547 1574 semper
1597 1506 1655 1557 in
1710 1504 1917 1558 divina-2.
1958 1521 2044 1557 sa-

354 1593 585 1661 pientiae
616 1594 990 1665 dispositione
1026 1592 1233 1647 mansit
1263 1596 1608 1660 assumptus,
1635 1590 1877 1660 quisque
1912 1606 2042 1643 vero

353 1682 421 1735 ab
463 1683 567 1736 hac
600 1683 835 1737 salutari
868 1682 1049 1751 gratia
1084 1680 1364 1750 reprobus
1387 1680 1453 1731 ad
1487 1679 1867 1732 damnationis
1916 1695 2042 1748 per-

350 1771 495 1826 tinet
530 1777 765 1837 sortem,
801 1786 1026 1839 semper
1056 1769 1112 1822 in
1141 1769 1348 1822 divinze
1400 1768 1791 1837 dispositionis
1821 1767 2044 1836 {judicio

351 1861 628 1930 reprobus
670 1860 904 1922 exstitit,
954 1858 1033 1912 ita
1072 1857 1332 1928 quisquis
1381 1862 1609 1910 zeternzp
1677 1855 2045 1910 beatitudinis

351 1947 747 2001 limreditatem
797 1951 881 2000 est
911 1952 1269 2015 accepturus,
1292 1948 1547 2014 fysemper
1581 1960 1704 1997 eam
1747 1944 1807 1997 in
1840 1944 2045 1998 divina:

353 2034 874 2107 prmdcstinationis
905 2050 1109 2096 arcano
1142 2033 1396 2103 possedit
1429 2049 1440 2085 :
1482 2036 1552 2095 et
1582 2032 1842 2101 quisquis
1886 2038 2047 2085 mter-

349 2139 553 2177 narum
588 2139 781 2192 pmnas
813 2123 1176 2174 ﬂammarum
1206 2125 1288 2174 est
1332 2122 1655 2185 sortiturus,
1706 2120 1762 2172 in
1804 2121 2045 2174 caelestis

343 2211 545 2280 judicii
581 2210 1086 2280 praedestinatione
1119 2224 1348 2279 semper
1377 2208 1445 2261 ad
1479 2225 1572 2261 eas
1603 2208 1821 2261 exstitit
1865 2208 2047 2278 depu-

350 2303 502 2354 tatus
533 2304 589 2352 et
619 2299 782 2352 sicut
816 2298 1150 2351 aeternitatis
1200 2297 1504 2351 consilium
1555 2313 1850 2367 nunquam
1900 2298 2047 2351 valet

349 2387 631 2442 inﬁrmari
666 2405 677 2441 :
720 2387 798 2441 sic
829 2386 1017 2440 omnis
1050 2387 1359 2439 electorum
1402 2402 1676 2439 numerus
1697 2384 2042 2455 {salvebitun

351 2492 535 2547 neque
567 2491 764 2529 eorum
787 2475 994 2546 aliquis
1020 2475 1232 2546 poterit
1264 2475 1474 2545 perire.
1512 2474 1600 2529 Sic
1640 2490 1868 2546 quoque
1914 2473 2043 2527 uui-

351 2580 543 2618 versus
573 2565 945 2635 reproborum
986 2570 1164 2618 cretus
1193 2564 1581 2630 damnabitur,
1601 2579 1706 2617 nec
1736 2563 2043 2634 quisquam

351 2668 549 2707 eorum
579 2653 777 2708 salutis
829 2660 1055 2707 aeternae
1094 2654 1378 2723 particeps
1443 2652 1740 2707 efficietur.
1799 2653 1926 2706 Haac
1958 2656 2043 2705 est

350 2741 528 2811 igitur
592 2741 837 2811 geminae
914 2740 1431 2811 praedestinationis
1490 2740 1807 2810 dispositio,
1868 2756 2039 2809 quam

348 2829 551 2884 beatus
580 2829 831 2884 Isidorus
864 2829 1166 2883 manifesta
1199 2829 1333 2882 satis
1375 2828 1766 2898 catholicaque
1818 2828 2040 2882 ratione

2158 447 2348 495 tamen
2384 441 2806 512 praeordinatio,
2831 442 2945 495 sive
2978 442 3424 512 praedestinatio,
3461 458 3576 496 non
3620 460 3717 496 eos
3749 460 3857 496 ne-

2156 530 2414 584 cessitate
2447 530 2694 601 quadam
2723 530 3084 600 constringit,
3118 531 3203 583 vel
3237 530 3481 600 impellit
3506 531 3570 584 ad
3596 547 3851 600 poenam:

2157 619 2418 689 quamvis
2450 635 2674 673 necesse
2706 619 2779 673 sit
2808 619 2951 683 ﬁeri,
2992 619 3141 689 quod
3196 620 3342 673 Deus
3404 619 3853 689 prardestinavit,

2158 724 2258 761 nec
2289 710 2466 779 possit
2500 712 2727 774 mutari,
2758 708 2912 778 quod
2952 707 3256 777 disposuit,
3285 723 3387 761 nec
3421 708 3583 760 aliter
3627 708 3855 761 contin-

2155 802 2270 867 gat,
2306 814 2479 868 quam
2517 797 2826 852 ordinavit.
2891 797 3033 850 Cum
3086 796 3242 849 enim
3302 796 3500 850 omnia
3557 796 3731 857 novit,
3790 801 3850 849 et

2154 881 2297 935 nihil
2333 898 2463 936 eum
2494 883 2665 954 possit
2697 883 2894 947 latere,
2938 880 3187 950 disponit
3219 881 3287 935 de.
3322 881 3591 935 omnibus
3642 896 3849 935 secun-

2152 971 2287 1023 dum
2321 971 2627 1025 voluntatis
2652 987 2767 1025 sua:
2798 969 3101 1024 consilium
3135 970 3293 1039 justo
3322 969 3561 1039 judicio,
3589 970 3854 1040 quamvis

2154 1059 2490 1113 mortalibus
2522 1060 2800 1113 absconso
2838 1075 2850 1112 :
2886 1062 2940 1111 ut
2972 1063 3161 1112 autem
3195 1058 3589 1128 unusquisque
3620 1058 3687 1111 ad
3731 1074 3850 1127 poe-

2154 1163 2255 1200 nas
2286 1147 2591 1217 deputetur
2637 1147 3036 1216 sempiternas,
3090 1162 3206 1200 non
3255 1151 3339 1200 est
3396 1162 3463 1201 ex
3542 1146 3851 1217 iniquitate

2147 1236 2479 1307 judicantis,
2514 1236 2608 1289 sed
2658 1252 2724 1290 ex
2751 1236 2972 1305 justitia
3024 1235 3402 1289 decernentis.
3463 1235 3623 1290 Tales
3681 1235 3850 1288 'enim

2153 1325 2313 1379 novit
2343 1342 2435 1378 cos
2467 1341 2612 1395 quos
2636 1325 2705 1379 ad
2738 1341 2935 1394 poenas
2982 1323 3283 1394 disposuit,
3336 1329 3399 1378 ut
3430 1324 3591 1393 digni
3638 1328 3850 1391 essent,

2154 1415 2222 1468 de
2254 1414 2461 1484 quibus
2491 1413 2568 1467 sic
2606 1414 3007 1484 disponeretur
3040 1429 3052 1467 :
3086 1413 3319 1483 propria
3350 1412 3503 1465 enim
3560 1413 3851 1466 voluntate

2155 1503 2551 1573 deliquerunt;
2587 1509 2644 1556 et
2683 1506 3091 1571 cognoscentes
3133 1502 3280 1554 viam
3325 1501 3595 1564 veritatis,
3650 1502 3852 1554 nolue-

2154 1598 2289 1644 runt
2316 1592 2478 1661 sequi
2519 1606 2531 1645 :
2565 1590 3043 1662 elegeruut'enim
3076 1590 3460 1661 iniquitatem,
3494 1596 3550 1643 et
3583 1592 3729 1644 hanc
3769 1607 3853 1643 se-

2155 1680 2270 1733 cuti
2299 1686 2465 1747 sunt;
2496 1684 2551 1733 et
2581 1681 2713 1750 quia
2743 1680 3037 1733 veritatem
3084 1686 3449 1749 respuerunt,
3498 1678 3703 1732 merito
3755 1693 3855 1731 eos

2157 1767 2350 1821 debita
2379 1784 2547 1838 poena
2574 1768 3056 1838 comprehendet:
3087 1766 3367 1837 quoniam
3395 1782 3525 1819 vero
3571 1782 3687 1819 non
3722 1782 3853 1835 pos-

2157 1862 2291 1909 sunt
2317 1857 2491 1910 latere
2510 1858 2690 1911 Deum
2715 1856 2905 1911 omnia
2927 1855 3527 1926 comprehendentem,
3560 1853 3852 1923 praeterita

2157 1950 2212 1998 et
2241 1944 2451 2007 futura,
2496 1950 2770 2015 tanquam
2803 1945 3108 2015 praesentia
3138 1948 3528 2005 contuentem,
3559 1941 3657 2012 qui
3693 1942 3853 1994 novit

2157 2049 2328 2104 Opera
2388 2035 2669 2104 ipsorum,
2721 2033 2997 2105 disposuit
3055 2038 3110 2087 et
3159 2033 3413 2087 debitum
3467 2031 3747 2101 judicium
3780 2031 3851 2084 de

2154 2123 2424 2192 operibus
2453 2140 2652 2177 eorum
2691 2140 2702 2176 ε
2740 2139 2850 2176 non
2902 2128 3093 2176 tamen
3142 2139 3209 2175 ex
3270 2138 3336 2175 eo
3383 2121 3536 2192 quod
3588 2119 3739 2191 apud
3788 2135 3849 2173 se

2155 2213 2495 2283 dispositum
2530 2218 2632 2278 est,
2676 2213 2895 2283 judicat
2949 2213 3236 2283 aliquem;
3272 2211 3365 2266 sed
3435 2227 3499 2265 ex
3556 2227 3644 2278 eo,
3690 2208 3849 2280 quod

2156 2303 2550 2373 unusquisque
2593 2307 2882 2372 operatur.
2945 2302 3009 2355 Et
3057 2300 3317 2371 quamvis
3372 2300 3430 2353 in
3463 2297 3699 2352 occultis
3748 2297 3851 2351 Dei

2147 2392 2381 2462 judiciis
2412 2392 2769 2462 singulorum
2817 2391 2902 2445 vel
2952 2392 3153 2445 merita
3201 2391 3287 2443 vel
3334 2405 3501 2460 poena
3553 2394 3847 2451 maneant,

2154 2484 2288 2534 tunc
2322 2481 2612 2551 judicatur
2669 2480 3063 2550 unusquisque
3115 2478 3343 2550 quando
3394 2479 3479 2531 vel
3539 2494 3644 2547 pro
3692 2477 3851 2547 ibene

2152 2570 2328 2639 gestis
2358 2575 2690 2639 recepturus
2717 2574 2801 2621 est
2832 2568 3155 2639 prmmium,
3187 2568 3272 2620 vel
3304 2583 3406 2637 pro
3448 2566 3636 2637 pravis
3665 2566 3853 2637 operi-

2152 2658 2259 2712 bus
2289 2662 2662 2711 tormentum.
2692 2657 2846 2711 Sicut
2867 2656 3022 2710 enim
3052 2656 3151 2710 Dei
3167 2655 3525 2725 praescientia
3553 2655 3848 2708 neminem

2153 2746 2445 2816 compellit
2473 2746 2545 2799 ad
2579 2749 2895 2815 peccatum,
2927 2744 3005 2797 ita
3031 2748 3086 2798 et
3117 2744 3339 2797 occulta
3360 2748 3707 2797 secretorum
3725 2743 3849 2811 ejus

2155 2835 2231 2901 (in
2262 2834 2469 2905 quibus
2502 2848 2856 2904 quaecunque
2893 2832 3145 2885 facturus
3201 2834 3285 2885 est
3308 2831 3428 2901 jam
3482 2830 3850 2901 praedestina-

350 2919 733 2973 commendat.
768 2919 946 2972 Nemo
995 2922 1187 2972 tamen
1219 2917 1370 2971 dicat
1408 2916 1618 2971 idcirco
1670 2916 1944 2986 reprobos
1972 2916 2041 2970 ad
2072 2912 2109 2965 C
2150 2921 2250 2991 vit)
2296 2922 2587 2975 neminem
2633 2921 3042 2982 condemnant,
3102 2920 3393 2974 neminem
3444 2925 3843 2975 remunerant.

351 3011 644 3076 peccatum
672 3007 1125 3078 prmdestinatos,
1160 3006 1295 3077 quia
1342 3005 1737 3075 prmdestinati
1783 3008 1916 3058 sunt
1974 3004 2040 3059 ad

348 3109 563 3164 pinnas.
600 3094 673 3147 Ea
703 3110 953 3164 namque
983 3110 1111 3164 quae
1139 3093 1516 3162 facturuszest
1550 3094 1695 3145 Deus
1745 3092 2040 3162 prazdesti-

348 3182 523 3250 navit,
564 3198 679 3236 non
716 3182 816 3236 illa
842 3198 971 3252 quae
1003 3181 1330 3250 puniturus.
1372 3182 1644 3234 Facturus
1691 3180 1925 3250 quidem
1960 3184 2043 3233 est

340 3270 644 3342 judicium,
707 3270 899 3325 electis
957 3270 1155 3337 vitam,
1215 3270 1473 3341 reprobis
1528 3286 1662 3323 vero
1708 3285 1908 3338 poenas
1956 3274 2043 3324 est

345 3359 691 3414 redditurus.
728 3360 840 3412 Hac
872 3358 1357 3429 quemadmodum
1386 3357 1444 3411 in
1467 3358 1657 3428 operis
1688 3357 2040 3411 exhibitione

348 3447 607 3501 facienda
632 3452 785 3513 sunt,
837 3446 1053 3516 sicjam
1095 3446 1153 3498 in
1213 3450 1427 3499 aeterna
1475 3445 1849 3516 dispositione
1896 3446 2041 3500 facta

346 3543 478 3589 sunt
511 3551 525 3588 :
559 3550 830 3605 quoniam
864 3534 1017 3603 apud
1067 3535 1267 3601 Deum,
1308 3550 1414 3588 nec
1452 3550 1661 3588 novum
1714 3534 2036 3601 consilium,

346 3639 449 3676 nec
478 3639 627 3677 nova
685 3621 1006 3691 dispositio,
1041 3638 1141 3676 nec
1173 3622 1335 3692 nova}
1361 3622 1509 3676 ratio
1544 3628 1735 3694 potset
1763 3640 1904 3679 esse.
1943 3625 2040 3679 Ni-

345 3712 426 3766 liil
485 3712 639 3766 enim
691 3712 952 3767 accidens
1004 3713 1120 3766 Deo
1169 3717 1287 3767 est:
1319 3717 1376 3766 at
1431 3729 1564 3767 vero
1624 3714 1840 3784 peccati
1894 3715 2040 3770 sicut

348 3804 494 3857 Deus
524 3807 721 3857 auctor
751 3818 867 3856 non
898 3807 1003 3868 est,
1044 3803 1123 3856 sic
1150 3819 1379 3874 quoque
1419 3820 1524 3858 nec
1554 3805 1993 3874 praedestinator
2022 3822 2034 3861 :

347 3908 462 3945 non
528 3891 683 3946 enim
736 3892 890 3962 quod
940 3893 1158 3946 malum
1225 3898 1312 3947 est
1370 3893 1438 3947 ab
1498 3893 1596 3947 illo
1637 3898 1823 3963 potest
1876 3893 2033 3962 oriri,

346 3982 444 4052 qui
503 3997 795 4035 summum
861 3981 1077 4035 bonum
1167 3981 1375 4035 existit.
1462 3983 1759 4036 Peccatum
1844 3987 2035 4037 autem

348 4072 563 4125 malum
629 4086 749 4124 esse
828 4069 956 4140 quis
1018 4070 1275 4138 ignorat?
1365 4072 1489 4125 Non
1578 4071 1755 4141 igitur
1823 4089 1857 4125 a
1922 4073 2035 4126 Deo

346 4160 445 4229 qui
478 4174 701 4213 summe
756 4158 943 4247 bonus
996 4163 1079 4211 est
1128 4158 1448 4213 descendit.
1518 4160 1674 4214 Unde
1706 4160 1859 4231 quod
1917 4176 2106 4247 nonD

348 4248 597 4316 pertinet
653 4246 723 4300 ad
790 4246 912 4314 ejus
984 4246 1397 4316 operationem,
1472 4264 1586 4301 non
1672 4247 1899 4319 respicit
1965 4249 2036 4302 ad

268 4384 271 4385 ν
348 4336 502 4389 illius
540 4335 1128 4405 prmdcstinationem.
1192 4338 1371 4390 Homo
1425 4341 1613 4390 autem
1676 4337 1861 4390 bonus
1912 4352 2040 4391 ma-

350 4427 504 4479 lusve
581 4426 672 4489 sit,
742 4423 919 4477 divini
984 4429 1065 4478 est
1133 4425 1366 4495 operis:
1428 4442 1543 4479 non
1610 4426 1843 4496 quidem
1886 4425 2039 4495 quod

353 4516 533 4568 malus
601 4518 702 4580 est,
771 4512 985 4566 bonum
1054 4513 1207 4567 enim
1276 4514 1435 4568 illum
1508 4515 1654 4567 Deus
1721 4514 1872 4580 fecit,
1941 4514 2039 4568 sed

347 4603 500 4674 quod
549 4602 734 4656 omnis
796 4606 1058 4656 creatura
1121 4619 1265 4672 opus
1334 4607 1418 4656 est
1483 4604 1600 4656 Dei.
1680 4603 2041 4673 Quapropter

347 4693 530 4747 bonus
553 4692 643 4760 sit,
688 4693 870 4745 malus
900 4691 971 4744 sit
998 4691 1193 4757 homo,
1215 4691 1541 4761 disponitur
1569 4709 1600 4744 a
1626 4692 1760 4744 Deo.
1789 4692 1851 4745 Et
1900 4690 2039 4761 quid

347 4784 418 4838 de
448 4783 689 4855 singulis
711 4783 794 4835 vel
826 4782 883 4836 in
920 4782 1185 4853 prazsenti
1216 4781 1351 4849 vita,
1384 4782 1471 4835 vel
1502 4780 1561 4835 in
1596 4780 1787 4835 futuro
1821 4781 2037 4851 judicio

345 4873 463 4940 ﬁat,
498 4888 616 4926 sum
642 4869 1167 4941 praedestinationis
1211 4869 1450 4923 consilio
1502 4868 1802 4923 deﬁnitum
1856 4874 2033 4923 tenet.

346 4959 781 5016 Praedestinavit
810 4959 985 5029 igitur
1024 4961 1170 5013 Deus
1202 4958 1495 5012 hominem
1547 4957 1615 5010 ad
1661 4956 1825 5022 illud,
1886 4957 2035 5027 quod

344 5050 597 5105 facturus
628 5054 714 5105 est
777 5048 847 5103 de
879 5065 971 5116 eo,
1030 5064 1147 5102 non
1194 5047 1265 5101 ad
1297 5046 1460 5112 illud,
1519 5046 1673 5117 quod
1727 5045 2036 5115 puniturus

347 5139 531 5192 fuerat
561 5139 619 5192 in
651 5154 737 5192 eo.
772 5136 1137 5191 Estimamus
1168 5135 1319 5205 quod
1364 5150 1478 5189 non
1528 5134 1724 5205 paucis
1778 5134 2038 5189 ecclesia-

346 5228 616 5280 sticorum
647 5227 948 5280 doctorum
975 5224 1275 5279 sententiis
1327 5228 1701 5277 monstratum
1752 5223 1825 5277 sit
1857 5224 2038 5278 malos

348 5314 419 5367 ad
446 5330 673 5384 poenam
708 5315 1167 5385 praedestinatos,
1215 5328 1332 5365 non
1364 5316 1557 5366 tamen
1596 5312 1665 5366 ad
1719 5316 2032 5382 peccatum.

348 5403 642 5473 Siquidem
671 5420 735 5457 cx
768 5420 834 5456 eo
867 5402 1018 5473 quod
1057 5400 1339 5471 praescivit
1380 5401 1528 5455 Deus
1577 5417 1671 5455 eos
1715 5406 2036 5471 peccatores

351 5494 571 5547 futuros
592 5498 647 5545 et
676 5493 735 5546 in
765 5492 882 5545 suis
911 5490 1155 5560 peccatis
1198 5494 1677 5560 perseveraturos,
1738 5490 2031 5559 praedesti-

2147 3011 2257 3066 Sed
2289 3010 2683 3081 unusquisque
2715 3009 2952 3080 proprio
2987 3013 3134 3076 actu,
3167 3010 3254 3062 vel
3286 3012 3707 3076 remuneratur,
3758 3010 3844 3062 vel

2151 3099 2588 3154 condemnatur.
2633 3101 2696 3153 Et
2726 3099 2875 3163 licet
2904 3100 3025 3153 haec
3072 3098 3395 3169 supradicta
3439 3097 3573 3151 satis
3601 3097 3849 3151 doceant

2151 3176 2451 3242 doctorum
2480 3186 2825 3253 testimonia,
2860 3188 3084 3241 nullum
3115 3186 3185 3240 ad
3223 3189 3520 3256 peccatum
3548 3184 3846 3256 praedesti-

2151 3280 2371 3345 natum,
2407 3292 2535 3331 cum
2568 3281 2761 3330 tamen
2787 3281 3005 3330 constet
3034 3275 3311 3345 reprobos
3341 3275 3409 3329 ad
3433 3291 3662 3344 poenam
3694 3290 3843 3344 prce-

2152 3365 2484 3432 destinatos,
2515 3364 2850 3419 conabimus
2888 3369 3079 3419 tamen
3112 3364 3170 3419 id
3224 3363 3582 3418 manifestius
3627 3378 3844 3433 appro-

2151 3454 2320 3521 bare;
2353 3454 2614 3525 quamvis
2648 3470 2818 3523 supra
2850 3453 3023 3523 positi
3054 3452 3312 3506 doctores
3353 3452 3486 3506 satis
3540 3452 3846 3505 manifeste

2150 3543 2205 3597 id
2238 3544 2496 3607 doceant,
2538 3542 2637 3613 qui
2668 3543 2864 3596 dicunt
2897 3543 3076 3596 Deum
3111 3542 3175 3596 ad
3222 3546 3516 3612 peccatum
3552 3540 3848 3595 neminem

2150 3631 2604 3701 praidestinasse.
2650 3630 3127 3700 Quandoquidem
3181 3630 3278 3684 illa
3324 3628 3842 3700 prazdestinaverit,

2149 3736 2277 3791 quin
2300 3721 2372 3774 sit
2401 3720 2521 3790 ipse
2552 3718 2826 3787 facturus,
2862 3718 2920 3773 id
2943 3724 3029 3773 est
3063 3735 3238 3789 opera
3268 3735 3369 3772 sua
3408 3718 3468 3772 in
3511 3717 3848 3773 mternitatis

2148 3809 2385 3863 consilio
2404 3808 2770 3879 disposuerit,
2801 3809 2869 3862 de
2898 3824 3013 3878 quo
3035 3807 3321 3875 scribitur,
3346 3807 3497 3877 quod
3523 3829 3549 3857 ‹‹
3573 3806 3847 3860 feceritea

2148 3912 2276 3967 qua:
2306 3897 2557 3952 facturus
2591 3901 2674 3950 est
2700 3897 2824 3965 (Isa.
2860 3912 2981 3964 XLV,
3014 3900 3062 3949 Η
3102 3911 3204 3950 sec.
3248 3897 3424 3965 LXX),
3458 3915 3483 3948 »
3520 3895 3571 3949 id
3602 3899 3686 3949 est
3716 3911 3846 3965 qum

2147 4002 2249 4058 per
2278 3987 2578 4040 intervalla
2608 3988 2935 4055 temporum
2968 4002 2999 4038 a
3024 3986 3136 4038 Deo
3159 3985 3417 4038 iacienda
3440 3989 3592 4049 sunt,
3622 3984 3676 4038 in
3701 4000 3848 4055 pra:-

2149 4073 2548 4130 destinatiouis
2580 4073 2819 4126 consilio
2854 4072 2966 4143 jam
2998 4072 3141 4127 facta
3163 4076 3312 4125 sunt.
3345 4076 3416 4126 At
3442 4089 3573 4125 vero
3615 4076 3847 4141 peccata

2148 4165 2283 4236 quia
2313 4179 2430 4216 non
2450 4167 2584 4216 sunt
2612 4178 2641 4215 a
2674 4163 2787 4215 Deo
2818 4161 2872 4215 id
2905 4168 2988 4215 est
3019 4178 3131 4214 non
3153 4166 3285 4214 sunt
3314 4177 3458 4230 opus
3476 4161 3592 4227 Dei,
3618 4160 3716 4214 sed
3760 4176 3845 4213 ra-

2153 4250 2382 4305 tionalis
2405 4255 2679 4304 creaturae
2700 4267 2732 4304 a
2754 4251 2889 4315 Deo,
2916 4250 3307 4320 apostatantis,
3333 4266 3447 4303 non
3476 4253 3611 4304 sunt
3632 4249 3689 4302 in
3704 4265 3846 4320 pra:-

2151 4340 2530 4394 destinatione
2560 4340 2677 4393 Dei.
2716 4339 3025 4393 Damnator
3053 4344 3137 4393 cst
3167 4339 3321 4392 enim
3354 4355 3572 4405 eorum,
3602 4354 3720 4392 non
3740 4354 3843 4392 au-

2150 4435 2298 4493 ctor;
2324 4444 2569 4498 quorum
2594 4431 2784 4481 autem
2807 4432 3003 4481 auctor
3027 4443 3141 4480 non
3162 4431 3262 4490 est,
3285 4443 3389 4481 nec
3406 4426 3847 4496 prredestinator

2150 4522 2251 4572 est.
2289 4520 2459 4571 Porro
2489 4516 2761 4587 quoniam
2794 4516 3003 4569 electos
3033 4532 3163 4569 suos
3190 4516 3632 4569 immortalitatis
3663 4515 3847 4585 gloria

2149 4610 2233 4660 est
2260 4610 2684 4670 muneraturus,
2719 4608 2773 4658 et
2805 4603 3076 4674 reprobos
3100 4608 3314 4657 aeterna
3336 4620 3504 4673 poena
3536 4603 3846 4673 puniturus

2149 4693 2269 4746 hinc
2285 4690 2734 4761 praedestinavit,
2774 4690 2829 4743 id
2858 4693 2943 4743 est
2980 4689 3217 4758 prmmia
3240 4705 3366 4759 quae
3414 4690 3730 4743 donaturus
3762 4694 3850 4742 est

2147 4780 2370 4844 sanctis,
2408 4786 2462 4833 et
2494 4777 2775 4849 supplicia
2804 4793 2932 4848 qua:
2975 4794 3076 4847 pro
3125 4778 3311 4847 pravis
3343 4778 3611 4847 operibus
3645 4776 3849 4831 reddi-

2146 4873 2309 4922 turus
2335 4872 2417 4921 est
2440 4866 2650 4936 impiis.
2685 4866 2739 4920 Si
2769 4865 2999 4935 quidem
3024 4882 3232 4935 pmnze,
3259 4881 3401 4936 quas
3423 4866 3669 4920 subituri
3712 4870 3850 4919 sunt

2148 4955 2397 5027 reprobi,
2431 4954 2692 5026 quamvis
2720 4954 2834 5008 illis
2856 4954 3161 5007 videantur
3192 4956 3381 5021 malm,
3418 4954 3519 5025 qui
3564 4960 3844 5024 torquen-

2145 5048 2268 5111 tur;
2302 5044 2466 5098 bonze
2496 5048 2689 5097 tamen
2718 5045 2857 5096 sunt
2886 5042 3023 5112 quia
3043 5042 3240 5112 justas,
3285 5046 3340 5096 et
3368 5058 3538 5096 omne
3588 5042 3739 5113 quod
3763 5040 3851 5110 ju-

2147 5139 2299 5187 stum
2331 5137 2417 5186 est
2446 5132 2660 5186 bonum
2695 5134 2797 5184 est.

2220 5220 2571 5275 llincbeatus
2592 5218 2945 5288 Augustinus
2959 5217 3017 5271 in
3032 5217 3176 5272 libro
3193 5218 3680 5273 Rctractationum
3695 5218 3847 5288 (cap.

2147 5310 2205 5378 9)
2234 5327 2245 5363 :
2283 5308 2600 5381 [ltlalorum,
2632 5307 2842 5377 inquit,
2875 5322 3064 5375 pinna,
3097 5323 3225 5377 qua:
3258 5324 3289 5361 a
3322 5308 3435 5361 Deo
3481 5313 3583 5373 est,
3633 5307 3851 5361 malum

2147 5397 2489 5468 estquidem
2558 5396 2739 5459 malis,
2778 5394 2876 5447 sed
2946 5394 3005 5448 in
3043 5394 3207 5449 bonis
3248 5396 3348 5449 Dei
3395 5397 3669 5465 operibus
3734 5403 3850 5460 est;

2147 5485 2665 5557 quoniamjustum
2697 5488 2801 5550 est,
2855 5488 2919 5537 ut
2974 5484 3104 5537 mali
3158 5484 3494 5553 puniantur,
3542 5490 3597 5537 et
3651 5484 3855 5555 utique
