4138 6194
159 226 229 277 69
1278 228 1366 282 DE
1409 228 2070 286 PltsEDESTlNATlONE
2114 233 2251 287 DEI.
2287 263 2351 272 —
2383 236 2515 290 LIB.
2562 240 2624 291 11.
3605 243 3672 295 7H

160 354 403 445 bonum,
436 361 521 407 est
579 371 772 420 omne,
819 355 972 426 quod
1020 355 1241 425 justum
1302 355 1426 429 cst.]
1479 360 1623 413 Sunt
1696 360 1939 430 igiturA
1981 368 2179 435 tegens
2229 368 2298 421 de
2349 368 2533 422 medio
2586 368 2839 438 lapidum
2896 370 3211 440 ignitorum
3270 375 3465 443 (Ibid,
3500 379 3606 445 t6.)
3642 399 3668 429 ιο

160 444 446 513 supplicia
485 460 809 514 pmuarum,
835 460 960 514 quae
993 445 1126 497 mali
1162 446 1269 499 Deo
1298 446 1589 516 judicante
1623 451 1869 505 subeunt

162 548 340 601 opera
375 533 477 586 Dei
499 540 556 586 et
586 538 889 604 propterea
921 534 1343 603 praedestinata,
1369 552 1482 589 non
1513 544 1703 592 autem
1736 556 1866 609 pec-

158 625 284 673 cata
318 622 477 675 inter
508 638 683 691 opera
716 622 811 675 Dei
844 623 1181 692 reputanda,
1215 640 1279 677 ac
1311 641 1414 695 per
1444 626 1546 679 hoc
1580 644 1683 680 nec
1716 644 1867 698 prm-

159 710 453 763 destinata
483 715 615 763 sunt
641 727 673 763 a
707 711 843 773 Deo,
878 726 982 764 nec
1010 712 1107 781 qui
1139 719 1376 782 peccant
1406 730 1471 766 ex
1498 715 1868 784 praedestina-

160 798 319 850 tione
351 806 595 867 peccant
619 818 634 865 ;
660 798 756 852 sed
782 798 1017 869 propria
1042 800 1504 871 concupiscentia
1530 802 1793 857 abstracti
1815 808 1871 857 et

160 886 393 955 dejecti.
434 888 501 940 Et
534 887 770 957 quidem
802 887 937 940 mali
963 888 1030 941 ad
1057 905 1250 958 poenas
1272 906 1401 944 cum
1434 890 1547 944 sint
1578 892 1870 961 prazdesti-

161 975 281 1029 nati
311 992 434 1029 non
461 980 657 1029 tamen
694 976 1086 1045 przedestinati
1111 984 1242 1032 sunt
1264 981 1330 1033 ad
1352 986 1668 1049 peccatum,
1696 998 1868 1051 supra

162 1066 603 1118 nominatorum
656 1066 953 1119 doctorum
1008 1068 1303 1120 sententiis
1353 1070 1486 1121 satis
1519 1070 1867 1139 patefactum

162 1157 263 1206 est.
295 1154 364 1207 Ut
388 1170 529 1207 vero
554 1155 763 1207 clarius
784 1155 892 1208 hoc
912 1155 1241 1226 eliquescat,
1258 1158 1444 1227 placet
1474 1174 1535 1211 ex
1553 1159 1659 1212 hoc
1684 1159 1869 1214 adhuc

162 1242 382 1313 aliquid
433 1243 753 1314 disputare.
805 1244 909 1298 Sed
969 1246 1241 1317 quoniam
1301 1248 1566 1301 nonnulli
1618 1249 1870 1303 fortassis

161 1348 290 1385 cum
323 1332 579 1386 audiunt
610 1333 840 1403 iniquos
872 1334 938 1387 ad
963 1351 1189 1405 poenam
1230 1337 1687 1405 praedestinatos,
1720 1338 1867 1391 arbi-

162 1426 393 1474 trantur
452 1424 718 1492 quaedam
774 1424 1105 1477 necessitate
1156 1425 1223 1478 ad
1278 1442 1402 1478 eam
1447 1426 1617 1493 trahi,
1652 1442 1753 1479 nec
1799 1427 1868 1480 ab

162 1510 264 1562 hac
307 1511 657 1565 necassitate
691 1512 885 1581 aliquo
923 1513 1090 1566 modo
1124 1530 1285 1583 posse
1341 1515 1574 1582 mutari,
1618 1532 1731 1567 non
1780 1515 1866 1567 iu-

160 1598 516 1651 conveniens
550 1599 716 1652 nobis
748 1601 969 1653 videtur
1000 1602 1355 1654 manifestius
1394 1603 1449 1655 id
1488 1604 1763 1671 patefieri,
1805 1608 1864 1656 ut

160 1692 213 1739 et
243 1688 688 1756 prtedestiuatio
719 1689 1003 1742 malorum
1050 1690 1115 1743 ad
1155 1707 1383 1760 poenam
1435 1691 1725 1756 doceatur,
1767 1709 1869 1745 nec

160 1780 354 1829 tamen
400 1776 537 1829 ideo
573 1777 640 1830 ad
697 1794 822 1830 eam
874 1779 1226 1848 perveniant,
1289 1780 1423 1850 quia
1480 1781 1870 1851 praedestinati

160 1870 314 1930 sunt,
347 1865 453 1917 sed
486 1881 658 1918 causa
686 1866 1073 1935 pervenlionis
1105 1884 1169 1920 ex
1202 1869 1369 1937 culpa
1396 1870 1468 1921 sit
1518 1869 1868 1940 delinquen-

160 1953 251 2017 tis,
302 1970 425 2007 non
479 1970 545 2006 ex
601 1954 934 2008 necessitate
996 1956 1473 2024 praedestinantis.
1512 1958 1667 2013 Sicut
1714 1958 1869 2012 enim

160 2041 374 2113 iniqui,
422 2044 563 2113 quia
610 2043 1001 2113 prmdestinati
1048 2050 1179 2098 sunt
1229 2047 1293 2099 ad
1326 2062 1576 2116 poenam,
1611 2064 1725 2101 non
1781 2048 1867 2101 id-

160 2132 309 2184 circo
342 2131 742 2201 prcedestiuati
790 2138 921 2186 sunt
971 2133 1037 2187 ad
1086 2140 1418 2204 peccatum:
1475 2138 1871 2208 unusquisque

164 2220 317 2273 enim
354 2220 597 2290 propria
638 2221 1096 2292 concupiscentia
1145 2222 1321 2275 victus
1348 2226 1590 2278 trahitur
1632 2227 1700 2279 ad
1735 2243 1871 2295 pec-

164 2310 457 2371 candum;
491 2309 569 2362 ita
627 2314 682 2362 et
725 2310 823 2379 qui
857 2315 1111 2379 peccant,
1145 2316 1448 2382 propterea
1488 2314 1623 2384 quia
1666 2332 1867 2385 pecca-

163 2404 320 2451 tores
364 2398 617 2467 prcesciti
667 2404 819 2464 sunt,
868 2416 970 2452 nec
1021 2417 1125 2470 pro
1177 2402 1421 2469 peccatis
1472 2403 1866 2470 paenitentiam

163 2487 418 2556 gessuri,
451 2488 663 2540 idcirco
704 2488 772 2541 ad
820 2505 1044 2558 per-nam
1083 2490 1467 2560 praedestinati
1499 2498 1652 2545 sunt.
1710 2492 1870 2555 Quod

162 2592 230 2630 ex
291 2576 568 2645 subjectis
644 2577 901 2645 forsitan,
959 2579 1165 2631 clarius
1219 2580 1517 2633 elucescet.
1579 2580 1872 2651 Scriptura

162 2679 327 2716 sacra
360 2664 603 2716 docente
634 2666 1023 2733 cognovimus,
1061 2667 1211 2736 quod
1262 2666 1309 2719 is
1358 2666 1456 2737 qui
1488 2683 1641 2719 nunc
1680 2667 1872 2737 perdi-

165 2758 361 2804 torum
395 2751 663 2821 princeps
694 2759 777 2804 est
829 2753 1163 2823 angelorum
1209 2770 1241 2806 a
1270 2754 1556 2825 principio
1603 2755 1657 2810 in
1700 2771 1869 2825 para-

166 2839 291 2893 diso
331 2840 429 2893 Dei
481 2840 721 2909 positus,
758 2841 906 2894 inter
953 2844 1195 2895 cmlestis
1254 2844 1475 2897 militiae
1518 2844 1872 2915 principatus

1978 453 2160 507 Gausa
2190 471 2419 525 quoque
2451 456 2764 525 ejectionis,
2814 463 2869 510 et
2918 459 3257 528 perditionis
3286 462 3409 530 ejus
3457 465 3671 518 subne-

1978 543 2151 596 ctitur
2184 560 2195 597 :
2232 564 2257 590 τι
2294 544 2587 598 Elevatum
2621 550 2707 597 est
2751 560 2847 597 cor
2878 551 3037 599 tuum
3080 546 3136 600 in
3165 548 3366 603 decore
3399 556 3517 619 tuo,
3550 570 3672 623 pcr-

1978 632 2170 685 didisti
2212 633 2551 703 sapientiam
2583 638 2738 686 tuam
2780 634 2838 687 in
2872 634 3071 688 decore
3106 642 3203 690 tuo
3236 639 3430 706 (lbid.,
3492 642 3605 712 t7);
3641 665 3667 692 ››

1978 719 2035 773 id
2065 726 2168 788 est,
2202 737 2317 775 non
2342 737 2448 791 ego
2468 726 2520 775 te
2549 722 2615 775 ad
2651 721 3027 792 perditionem
3053 726 3325 795 cumpuli,
3356 728 3450 782 sed
3477 732 3537 781 tu
3569 730 3669 783 tibi

1979 824 2146 863 causa
2177 810 2513 879 perditionis
2563 810 2742 875 fuisti,
2795 808 2895 880 qui
2929 817 3163 880 propter
3208 816 3533 884 superbiam
3580 817 3673 871 ad-

1978 913 2172 951 versus
2198 903 2490 952 auctorem
2521 898 2863 965 intumuisti,
2897 904 2950 952 et
2980 900 3316 969 sapientiam
3346 920 3519 973 quam
3568 906 3672 960 tibi

1980 988 2152 1041 tribui
2186 988 2523 1057 perdidisti;
2562 988 2698 1041 dum
2730 1004 2834 1058 per
2864 1005 2989 1042 eam
3036 989 3272 1043 noluisti
3302 991 3505 1046 timore
3540 1010 3670 1047 san-

1978 1080 2067 1129 cto
2100 1076 2357 1129 subditus
2387 1076 2513 1129 fieri
2564 1077 2893 1130 Conditori:
2952 1078 3047 1131 sed
3081 1078 3448 1133 considerans
3504 1083 3672 1135 celsi-

1979 1162 2197 1216 tudinis
2230 1170 2339 1217 tuae
2364 1164 2628 1232 gloriam,
2666 1165 2812 1218 unde
2858 1165 3147 1235 subjectus
3176 1183 3296 1220 esse
3336 1168 3671 1238 despexisti,

1979 1250 2113 1305 inde
2160 1252 2557 1306 celsitudinem
2608 1253 2870 1321 amisisti,
2911 1259 3082 1323 atque
3134 1255 3366 1323 idcirco,
3404 1278 3425 1304 ι
3463 1257 3521 1310 in
3557 1262 3672 1311 tcr-

1978 1356 2102 1394 ram
2134 1342 2349 1411 projeci
2378 1346 2450 1408 te,
2495 1347 2623 1395 ante
2656 1342 2854 1395 faciem
2884 1358 3082 1411 regum
3116 1343 3245 1396 dedi
3277 1348 3354 1397 te.
3391 1346 3451 1398 In
3486 1345 3675 1398 multi-

1978 1430 2174 1484 tudine
2198 1430 2568 1500 iniquitatum
2592 1436 2841 1497 tuarum,
2866 1437 2920 1485 et
2943 1431 3245 1502 iniquitate
3264 1433 3673 1503 negotiationis

1980 1524 2093 1572 tua:
2135 1520 2389 1589 polluisti
2417 1521 2923 1573 sanetiticatiouem
2962 1526 3138 1574 tuam.
3175 1523 3494 1575 Producam
3538 1539 3673 1591 ergo

1899 1645 1940 1700 Β
1984 1607 2176 1677 ignem
2211 1608 2279 1660 de
2314 1608 2501 1661 medio
2534 1609 2635 1672 tui,
2686 1610 2785 1678 qui
2816 1611 3076 1664 comedat
3114 1616 3187 1675 te,
3225 1617 3281 1664 et
3326 1611 3471 1664 dabo
3530 1611 3675 1665 tein

1978 1698 2229 1751 cinerem
2265 1713 2437 1766 super
2485 1700 2693 1749 terram
2728 1698 2785 1750 in
2826 1704 3126 1768 conspectu
3172 1698 3431 1752 omnium
3485 1700 3675 1753 viden-

1978 1785 2123 1839 tium
2157 1789 2232 1839 te.
2265 1786 2473 1839 Omnes
2516 1784 2612 1854 qui
2644 1784 2909 1837 viderunt
2936 1790 2990 1838 te
3051 1784 3109 1837 in
3144 1786 3429 1854 gentibus,
3471 1786 3672 1840 obstu-

1977 1879 2211 1945 pescent
2237 1890 2406 1943 super
2437 1879 2509 1926 te.
2547 1873 2697 1926 Nihil
2729 1872 2908 1925 factus
2938 1890 3017 1939 es,
3052 1879 3106 1925 et
3134 1890 3246 1926 non
3295 1873 3404 1925 eris
3448 1874 3507 1927 in
3547 1889 3673 1943 per-

1978 1968 2215 2032 petuum
2262 1961 2449 2031 (lbz'd.,
2511 1964 2595 2026 18,
2664 1964 2769 2029 l9).
2812 1983 2830 2007 »
2888 1962 3021 2015 Ecce
3072 1977 3241 2031 poena
3290 1961 3672 2031 superbientis

1978 2052 2197 2121 angeli;
2228 2055 2291 2105 ut
2322 2052 2390 2104 de
2420 2050 2679 2121 paradiso
2705 2050 2762 2103 in
2794 2056 3002 2103 terram
3028 2051 3314 2119 projectus
3344 2049 3437 2115 sit,
3472 2054 3527 2103 et
3565 2064 3671 2118 pro

1980 2141 2431 2195 sanctificatione
2481 2138 2867 2209 pollutionem
2909 2138 3365 2205 commutaverit,
3420 2154 3525 2208 pro
3572 2139 3674 2191 de-

1978 2247 2108 2285 core
2147 2230 2418 2295 cinerem,
2480 2246 2584 2299 pro
2635 2227 2931 2298 sapientiae
2990 2228 3207 2281 lumine
3258 2227 3672 2281 combustionis

1980 2314 2190 2383 ignem,
2238 2319 2300 2367 ut
2345 2314 2413 2366 ad
2446 2314 2692 2367 nihilum
2744 2312 3004 2365 redactus
3060 2311 3201 2365 nihil
3238 2312 3311 2365 sit
3367 2313 3428 2365 in
3464 2328 3668 2382 perpe-

1981 2408 2164 2457 tuum.
2198 2402 2534 2456 Audivimus
2583 2402 2738 2455 enim
2798 2401 2932 2471 quia
2981 2407 3110 2471 post
3140 2401 3672 2471 praevaricationem

1981 2491 2364 2563 superbientis
2394 2490 2603 2561 angeli,
2650 2490 2779 2543 data
2826 2490 2897 2542 sit
2923 2489 3155 2545 ultionis
3212 2488 3515 2553 sententia,
3575 2489 3669 2542 sed

1979 2580 2243 2651 nunquid
2281 2585 2586 2651 postquam
2634 2580 2872 2649 angelus
2911 2578 3184 2649 peccavit,
3231 2584 3368 2631 tunc
3420 2579 3671 2648 primum

1981 2669 2255 2740 cogitavit
2286 2669 2664 2738 Omnipotens
2703 2684 2877 2738 quam
2928 2667 3163 2721 inferret
3194 2667 3245 2720 ei
3277 2683 3506 2737 poenam
3548 2682 3673 2737 pec-

1982 2757 2173 2812 canti?
2198 2758 2253 2812 Si
2286 2758 2392 2810 hoc
2424 2762 2527 2821 cst,
2566 2772 2681 2809 non
2728 2756 2838 2809 erit
2867 2771 3066 2818 verum
3097 2755 3247 2826 quod
3297 2755 3377 2808 ait
3429 2758 3671 2823 Aposto-

1982 2847 2090 2911 lus,
2136 2845 2289 2916 quod
2327 2866 2349 2894 ι
2380 2845 2532 2915 apud
2591 2846 2771 2898 Deum
2812 2844 2971 2897 nulla
3003 2843 3075 2897 sit
3120 2842 3512 2909 commutatio,
3569 2857 3673 2895 nec

166 2928 378 2997 plenus
427 2927 727 2998 sapientia,
789 2934 845 2983 et
926 2930 1210 2999 perfectus
1270 2931 1474 2985 decore
1532 2932 1867 2997 constiterit,
1901 2927 1941 2985 C
1982 2934 2389 2988 vicissitudinis
2420 2933 2786 2987 obumbratio
2818 2932 2958 3004 (Jac.
2996 2950 3034 3001 ι,
3070 2932 3175 3002 17).
3213 2951 3239 2983 η
3279 2931 3383 2985 Ubi
3423 2947 3673 3001 namque

162 3018 327 3085 juxta
378 3016 535 3085 quod
585 3017 864 3086 propheta
918 3018 986 3071 de
1049 3035 1115 3071 eo
1160 3018 1417 3089 loquitur
1465 3019 1694 3075 dicens:
1733 3042 1753 3069 ι
1788 3022 1871 3075 Tu

170 3104 537 3174 signaculum
573 3105 966 3159 similitudinis
1006 3107 1208 3176 plenus
1242 3107 1541 3178 sapientia,
1576 3113 1632 3162 et
1678 3109 1867 3178 perfe-

170 3200 293 3246 ctus
323 3194 549 3260 decore,
602 3194 661 3247 in
692 3194 905 3248 deliciis
932 3196 1179 3265 paradisi
1209 3197 1307 3251 Dei
1340 3196 1516 3263 fuisti,
1550 3198 1737 3251 omnis
1785 3199 1871 3251 la-

171 3282 256 3352 pis
291 3284 580 3352 pretiosus
616 3284 1040 3353 operimentum
1070 3292 1228 3338 tuum
1262 3286 1479 3352 μικρὴ.
1512 3302 1667 3353 xvnl,
1708 3284 1814 3355 12).
1841 3304 1867 3335 »

174 3371 444 3442 Nunquid
480 3388 611 3425 cum
657 3372 718 3426 in
759 3373 1100 3427 conditionis
1141 3390 1258 3427 suae
1309 3374 1591 3445 principio
1645 3374 1773 3428 talis
1814 3374 1871 3428 in

170 3459 441 3529 paradiso
474 3460 761 3527 manebat,
792 3462 1019 3531 qualem
1051 3462 1406 3532 prophetalis
1436 3478 1623 3516 sermo
1659 3462 1869 3517 descri-

170 3549 275 3616 bit,
312 3550 464 3603 Deus
487 3551 586 3620 qui
617 3550 810 3603 omnia
830 3552 990 3604 novit
1021 3552 1358 3621 priusquam
1381 3552 1541 3617 fiant,
1577 3569 1705 3605 eum
1736 3569 1870 3622 pro-

170 3644 298 3708 pter
327 3638 661 3709 superbiam
695 3640 766 3694 ab
796 3640 902 3694 hac
941 3640 1296 3694 beatitudine
1337 3656 1601 3694 casurum
1653 3642 1867 3695 nescie-

171 3727 309 3781 bat?
333 3732 445 3782 Aut
470 3728 708 3783 scicntia
739 3729 839 3782 Dei
869 3729 1144 3800 compulit
1177 3746 1307 3783 eum
1344 3730 1412 3783 ad
1448 3730 1713 3785 ruinam?
1748 3732 1872 3785 Non

170 3817 395 3887 utique,
428 3816 525 3870 sed
562 3833 687 3887 quae
721 3834 809 3871 res
843 3818 1137 3888 impulerit
1172 3834 1302 3871 eum
1338 3818 1406 3872 ad
1447 3819 1673 3872 ruinam
1716 3835 1872 3873 sacra

173 3906 338 3959 lectio
394 3922 512 3959 non
560 3910 729 3975 tacet,
780 3923 907 3978 qum
956 3908 1134 3962 dicit:
1189 3928 1216 3958 «
1251 3909 1313 3960 In
1370 3907 1557 3962 medio
1610 3908 1870 3979 lapidum

172 3994 493 4065 ignitorum
527 3995 835 4049 ambulasti
860 3996 1143 4066 perfectus
1183 3996 1241 4049 in
1273 3996 1375 4049 viis
1408 3996 1521 4050 tuis
1561 4014 1593 4050 a
1614 3997 1703 4051 die
1731 4013 1868 4050 con-

173 4084 409 4138 ditionis
444 4088 579 4148 tum,
622 4084 804 4138 donec
845 4085 1075 4138 inventa
1115 4090 1199 4139 est
1245 4085 1520 4156 iniquitas
1572 4086 1630 4139 in
1673 4091 1746 4139 te.
1808 4087 1871 4140 In

172 4172 556 4227 multitudine
580 4172 985 4242 negotiationis
1017 4177 1130 4227 tua:
1163 4174 1379 4244 repleta
1411 4179 1543 4228 sunt
1571 4174 1870 4228 interiora-

1978 3024 2271 3093 cogitatio,
2323 3040 2453 3093 quae
2508 3023 2667 3092 prius
2714 3039 2829 3076 non
2877 3027 2998 3075 erat
3047 3022 3250 3087 oritur,
3298 3022 3454 3092 prior
3512 3038 3669 3075 men-

1978 3112 2051 3163 tis
2123 3115 2319 3174 status,
2377 3115 2786 3163 commutatur.
2875 3111 2986 3162 Nec
3042 3114 3227 3179 potest
3295 3111 3363 3162 de
3441 3125 3557 3162 uno
3604 3110 3671 3163 ad

1980 3200 2224 3253 alterum
2287 3214 2403 3252 non
2472 3197 2767 3251 transferri
2827 3198 3073 3262 animus,
3138 3212 3308 3267 quem
3377 3198 3673 3264 cogitatio-

1980 3288 2071 3341 nis
2102 3287 2346 3341 varietas
2389 3286 2688 3340 confundit
2723 3301 2735 3338 :
2785 3285 2881 3338 sed
2917 3284 3043 3338 talis
3092 3284 3304 3338 sentire
3337 3284 3405 3337 de
3451 3284 3673 3339 incom-

1980 3377 2243 3432 mutabili
2321 3392 2547 3430 summa
2612 3375 2878 3445 impietas
2938 3378 3043 3427 est.
3122 3375 3484 3444 Quapropter
3539 3373 3675 3443 quia

1979 3466 2139 3519 nulla
2187 3464 2557 3519 commutatio
2603 3463 2755 3534 apud
2816 3464 2993 3516 Deum
3041 3468 3145 3530 est,
3202 3461 3361 3516 nulla
3400 3466 3485 3515 est
3531 3478 3675 3516 nova

1980 3554 2272 3624 cogitatio,
2308 3558 2365 3607 et
2393 3553 2439 3606 si
2466 3552 2625 3606 nulla
2674 3568 2819 3606 nova
2850 3551 3146 3621 cogitatio,
3184 3551 3408 3606 nullum
3461 3567 3673 3605 novum

1980 3642 2305 3708 consilium,
2361 3641 2408 3694 si
2454 3641 2677 3695 nullum
2709 3656 2920 3695 novum
2952 3640 3255 3695 consilium
3316 3640 3476 3693 nulla
3531 3655 3675 3693 nova

1980 3729 2265 3795 definitio,
2296 3730 2521 3782 nullum
2552 3727 3087 3799 novumjudicium.
3114 3729 3177 3781 Et
3198 3727 3431 3797 quidem
3457 3726 3675 3797 judicia

1982 3818 2083 3872 Dei
2114 3822 2250 3871 tunc
2279 3833 2428 3871 nova
2456 3816 2738 3880 videntur,
2777 3816 3008 3886 quando
3062 3817 3131 3869 ab
3179 3816 3391 3869 interni
3433 3815 3675 3884 disposi-

1981 3908 2134 3961 tione
2188 3906 2387 3961 secreti
2443 3905 2595 3959 foras
2651 3904 2995 3975 procedunt,
3070 3905 3166 3957 sed
3225 3904 3284 3957 in
3339 3903 3675 3957 aeternitatis

1981 3996 2220 4051 consilio
2253 4011 2552 4066 nunquam
2606 3998 2738 4047 sunt
2786 4009 2947 4061 nova,
2983 3992 3119 4063 quia
3173 4007 3532 4062 quaecunque
3573 4007 3676 4060 per

1980 4086 2279 4141 intervalla
2310 4090 2636 4155 temporum
2677 4101 2709 4137 a
2747 4085 2862 4137 Deo
2890 4082 3114 4137 noviter
3159 4082 3326 4147 fiunt,
3356 4081 3415 4134 in
3465 4080 3670 4135 divini-

1980 4175 2110 4229 tatis
2169 4175 2489 4229 aaternitate
2530 4189 2755 4243 semper
2799 4172 2948 4225 facta
3008 4171 3256 4224 fuerunt.
3317 4170 3675 4240 Quapropter

171 4268 272 4316 tua
318 4261 654 4332 iniquitate,
692 4268 747 4314 et
776 4262 1019 4332 peccasti
1057 4263 1257 4330 (Ibid.,
1292 4264 1375 4334 ti)
1455 4286 1480 4311 ››
1532 4265 1669 4317 Ecce
1717 4264 1870 4317 unde
1901 4274 1944 4329 Ι)
1982 4264 2085 4318 etsi
2117 4264 2343 4334 culpam
2378 4262 2763 4333 superbientis
2791 4261 2978 4331 angeli
3003 4264 3130 4332 post
3158 4258 3670 4329 transgressionem

168 4350 393 4404 cecidit.
439 4351 565 4403 Non
597 4350 750 4403 enim
783 4350 904 4404 ideo
944 4352 1205 4405 conditus
1256 4356 1339 4405 est
1382 4357 1445 4406 ut
1489 4353 1735 4419 caderet,
1770 4368 1872 4406 nec

166 4438 382 4493 idcirco
422 4438 748 4491 coelestibus
797 4440 1069 4508 praelatus
1116 4440 1459 4509 agminibus,
1516 4446 1575 4493 ut
1607 4441 1872 4510 superbi-

165 4532 287 4595 ret;
332 4544 438 4581 nec
489 4535 797 4597 propterea
854 4528 1140 4597 perfectus
1170 4529 1229 4582 in
1279 4529 1382 4582 viis
1426 4530 1540 4583 suis
1568 4534 1654 4583 est
1693 4545 1725 4582 a
1783 4530 1870 4584 die

165 4615 521 4671 conditionis
552 4632 688 4682 suae,
724 4620 785 4669 ut
823 4616 892 4670 ad
922 4617 1287 4687 iniquitatem
1320 4618 1652 4683 declinaret,
1687 4623 1743 4671 et
1772 4618 1869 4672 ad-

166 4722 368 4759 versus
396 4704 486 4757 sui
521 4704 844 4759 Conditoris
875 4705 1289 4775 benignitatem
1318 4706 1584 4776 superbia
1619 4706 1871 4760 tumidus

166 4796 564 4848 extolleretur.
610 4795 709 4846 Ille
738 4798 930 4847 tamen
962 4794 1059 4865 qui
1091 4794 1249 4848 novit
1279 4795 1495 4861 omnia,
1528 4800 1578 4847 et
1615 4794 1705 4847 cui
1731 4794 1868 4848 nihil

165 4889 247 4937 est
280 4882 669 4953 prmteritum,
699 4882 836 4935 nihil
858 4882 1262 4952 qucfuturum,
1296 4883 1394 4937 sed
1424 4883 1688 4936 universa
1719 4899 1872 4952 prm-

164 4973 312 5027 senti
358 4972 787 5042 contemplatur
825 4971 1035 5026 intuitu
1088 4976 1320 5026 noverat
1371 4972 1535 5025 illum
1590 4972 1666 5026 ita
1710 4988 1868 5025 casu-

165 5079 327 5128 rum;
381 5077 490 5114 nec
538 5065 675 5114 tunc
724 5064 948 5115 tantum
999 5060 1156 5115 novit
1215 5062 1448 5132 quando
1494 5061 1718 5127 cecidit,
1775 5066 1873 5115 aut

165 5152 402 5223 quando
435 5150 714 5204 interiora
761 5166 862 5203 sua
925 5151 1166 5221 replevit
1197 5150 1503 5221 iniquitate
1561 5150 1654 5205 sed
1706 5157 1873 5204 ante-

164 5258 337 5312 quam
394 5240 566 5294 illum
609 5244 844 5306 crearet,
902 5239 1023 5293 hinc
1071 5240 1482 5310 cognoscebat;
1537 5256 1640 5293 nec
1682 5245 1873 5294 tamen

165 5328 426 5401 cognitio
473 5328 576 5381 Dei
607 5328 1042 5397 compulitcum
1075 5328 1146 5382 ad
1179 5328 1429 5394 ruinam,
1463 5329 1557 5381 sed
1600 5328 1874 5399 iniquitas

166 5421 304 5489 ejus.
348 5417 573 5472 Deinde
623 5432 811 5471 sermo
854 5416 1208 5488 prophetalis
1255 5417 1669 5489 prosequitur:
1730 5439 1757 5467 «
1812 5419 1878 5472 Et

165 5509 303 5579 ejeci
335 5515 393 5562 te
430 5507 499 5561 de
534 5510 731 5560 monte
765 5507 884 5573 Dei,
915 5512 968 5561 et
998 5506 1222 5577 perdidi
1254 5511 1330 5575 te,
1364 5524 1396 5561 ο
1444 5507 1691 5576 Cherub,
1741 5523 1873 5577 pro-

1984 4352 2233 4407 vindicta
2294 4357 2485 4406 secuta
2538 4355 2642 4418 est,
2677 4351 2735 4403 in
2776 4349 3090 4404 divinitatis
3120 4353 3312 4402 tamen
3343 4348 3672 4417 cognitione

1983 4458 2209 4511 semper
2242 4441 2369 4507 fuit,
2405 4440 2679 4511 quoniam
2725 4438 2869 4492 sicut
2896 4442 3207 4507 antequam
3246 4441 3525 4506 peccaret,
3561 4438 3672 4490 sci—

1980 4528 2059 4582 vit
2093 4531 2239 4583 Deus
2271 4544 2402 4582 eum
2450 4532 2773 4598 peccatum,
2809 4527 2888 4580 ita
2934 4541 3161 4596 quoque
3194 4541 3444 4596 poenam,
3497 4542 3670 4595 quam

1980 4616 2238 4686 peccanti
2269 4616 2594 4669 redditurus
2645 4621 2785 4682 erat,
2839 4615 2900 4668 in
2931 4614 3269 4667 aeternitatis
3307 4613 3543 4667 consilio
3576 4615 3670 4668 de-

1980 4705 2201 4758 finitam
2255 4721 2481 4775 semper
2531 4704 2748 4758 habuit.
2801 4703 2906 4757 Sed
2957 4703 3102 4757 sicut
3149 4703 3515 4773 praescientia
3572 4703 3672 4757 Dei

1980 4812 2091 4848 non
2130 4793 2406 4864 compulit
2434 4794 2730 4847 diabolum
2766 4793 2834 4847 ad
2865 4792 3415 4863 praevaricationem,
3450 4792 3529 4846 sic
3569 4809 3675 4846 nec

1980 4882 2388 4954 praeordinatio
2420 4899 2606 4953 poenae
2664 4882 2835 4935 traxit
2886 4897 3017 4935 eum
3066 4881 3133 4935 ad
3185 4881 3430 4936 ruinam.
3485 4881 3673 4933 Bonus

1981 4975 2136 5026 enim
2171 4973 2455 5037 conditus,
2480 4988 2582 5025 suo
2615 4971 2750 5024 vitio
2782 4971 2965 5025 malus
2996 4971 3176 5024 factus
3207 4974 3309 5034 est,
3354 4974 3409 5022 et
3438 4967 3671 5021 malitim

1979 5067 2202 5117 reatum
2265 5061 2432 5114 ultrix
2487 5076 2657 5130 poma
2690 5059 3145 5130 comprehendit.
3205 5056 3382 5112 Primi
3439 5070 3671 5125 quoque

1982 5156 2247 5221 parentes
2278 5150 2515 5203 humani
2548 5148 2776 5219 generis
2825 5148 2944 5202 sine
2972 5147 3237 5215 contagio
3268 5144 3485 5216 peccati
3540 5148 3671 5196 ante

1982 5240 2262 5309 serpentis
2288 5240 2638 5309 colloquium
2674 5239 2731 5291 in
2766 5238 3029 5309 paradiso
3064 5236 3363 5306 degebant.
3400 5233 3671 5304 Nunquid

1982 5346 2116 5381 vero
2164 5329 2311 5382 Deus
2358 5333 2665 5400 antequam
2709 5332 3011 5398 peccarent
3064 5327 3396 5396 peccaturos
3454 5322 3672 5379 nescie—

1984 5417 2120 5473 bat?
2154 5418 2263 5471 Nec
2295 5422 2486 5471 tamen
2519 5419 2640 5472 htec
2681 5417 2782 5471 Dei
2829 5414 3184 5486 praescientia
3218 5413 3344 5466 illos
3395 5413 3677 5487 compulit

1988 5506 2055 5560 ad
2091 5510 2410 5576 peccatum,
2442 5507 2535 5560 sed
2570 5521 2738 5559 causa
2771 5504 2986 5574 peccati
3018 5502 3125 5555 fuit
3156 5501 3237 5555 eis
3265 5504 3437 5558 astuti
3494 5503 3675 5559 hostis
