4138 6186
396 291 460 343 7l
1565 279 1929 337 RATRAMNI
1967 280 2431 336 CORBEIENSIS
2463 279 2767 335 MONACHI
3832 278 3901 330 72

397 420 598 476 callida
645 416 955 491 persuasio,
1003 419 1058 469 et
1114 412 1292 467 divini
1347 411 1611 483 praecepti
1663 410 2075 480 przevaricatio.
2111 418 2155 471 Α
2194 410 2342 463 Deus
2370 409 2616 480 qualiter
2644 407 2857 478 impius
2878 407 3162 480 parricida
3183 408 3504 479 puniretur,
3548 412 3605 462 et
3632 410 3884 462 recenti-

400 513 519 565 Non
549 510 704 563 enim
743 508 872 560 ideo
898 505 1293 574 peccaverunt,
1323 502 1454 571 quia
1487 501 1770 570 praescivit
1817 501 1966 553 Deus
1998 516 2093 552 eos

398 603 749 670 peccaturos,
783 595 879 648 sed
914 594 1044 647 ideo
1088 593 1221 663 quia
1254 591 1368 645 dati
1419 590 1691 659 prmcepti
1722 590 2093 658 neglexerunt

400 704 519 742 esse
550 687 888 747 servatores,
933 686 988 736 et
1023 680 1511 751 prtnvaricationis
1561 684 1783 732 reatum
1844 693 2091 747 prazsens

397 792 581 847 poenae
630 774 932 827 subsecuta
973 776 1075 835 est,
1128 775 1189 822 ut
1230 768 1634 821 inobedieutize
1683 768 1850 836 culpa
1892 766 2091 818 mortis

397 863 679 918 sententia
731 862 1098 931 plecteretur.
1160 859 1282 911 Non
1349 863 1484 910 tunc
1551 862 1744 909 tamen
1810 855 2087 925 primum,

396 951 626 1023 quando
658 948 908 1020 peccavit
950 946 1146 1010 homo,
1192 944 1529 1013 excogitavit
1562 945 1729 1004 Deus,
1763 948 1874 1011 qua
1907 941 2089 995 delin-

397 1046 671 1110 quentem
717 1036 934 1089 ultione
980 1034 1197 1101 feriret,
1249 1050 1437 1102 neque
1486 1038 1623 1084 tunc
1669 1030 1900 1101 quando
1949 1031 2090 1084 dans

397 1125 739 1180 obedientize
766 1129 1140 1192 praeceptum,
1184 1122 1355 1173 simul
1382 1128 1437 1173 et
1461 1120 1738 1173 ultionem
1771 1119 2087 1172 commina-

397 1221 486 1269 tus
519 1220 603 1267 est
633 1214 827 1267 dicens
862 1229 875 1265 :
912 1233 939 1261 α
974 1213 1035 1264 ln
1082 1226 1423 1281 quacunque
1483 1210 1572 1262 die
1627 1208 1991 1262 comederitis
2022 1225 2091 1261 ex

397 1321 485 1369 eo,
511 1325 537 1351 ››
558 1303 615 1357 id
647 1308 732 1355 est
760 1302 827 1355 de
854 1301 1010 1369 ligno
1033 1299 1400 1369 experientia:
1423 1298 1557 1351 boni
1582 1304 1636 1351 et
1660 1297 1816 1363 mali,
1853 1317 1879 1348 α
1907 1302 2089 1350 morte

397 1391 729 1446 moriemini
762 1393 918 1455 (Gen.
946 1406 1003 1453 ιι,
1030 1388 1143 1459 17).
1172 1409 1197 1439 ››
1218 1388 1325 1443 Sed
1357 1388 1502 1441 sicut
1523 1387 1646 1457 ejus
1674 1388 1925 1439 scientiae
1944 1386 2089 1439 nihil

393 1481 527 1535 novi
555 1485 742 1551 potest
770 1481 1126 1548 contingere,
1164 1478 1244 1531 ita
1285 1494 1387 1530 nec
1416 1476 1653 1545 judicio.
1691 1477 1758 1529 Ut
1789 1476 1942 1528 enim
1987 1475 2089 1527 sci-

393 1570 468 1623 vit
510 1586 543 1623 a
568 1568 850 1639 principio
896 1567 1186 1620 hominem
1213 1570 1590 1635 ipeccaturum
1626 1581 1638 1617 :
1674 1564 1752 1617 sic
1782 1577 1837 1617 et.
1866 1581 1897 1616 a
1936 1564 2090 1634 prin-
2136 1584 2139 1586 ·

393 1658 541 1727 cipio
571 1656 726 1710 novit
760 1654 1241 1725 quemadmodum
1288 1658 1619 1723 peccantem
1654 1652 1905 1723 puniret,
1949 1668 2089 1722 quo-

393 1746 545 1798 niam
580 1745 738 1815 apud
785 1746 986 1807 Deum,
1022 1744 1167 1795 sicut
1219 1759 1333 1795 non
1380 1746 1464 1794 est
1494 1758 1638 1794 nova
1669 1740 1959 1811 cogitatio,
2010 1740 2089 1793 sic

390 1850 494 1887 nec
514 1849 725 1885 novum
750 1832 1074 1897 consilium,
1114 1838 1169 1884 et
1209 1832 1488 1883 sicutnon
1519 1847 1731 1883 novum
1763 1830 2087 1896 consilium,

390 1920 468 1974 ita
500 1937 603 1973 nec
632 1937 847 1973 novum
892 1921 1192 1989 judicium.
1228 1919 1393 1989 Apud
1427 1935 1599 1989 quem
1633 1917 1787 1971 enim
1819 1918 1975 1970 nulla
2007 1923 2090 1970 est

390 2007 784 2073 commutatio,
825 2009 983 2061 nulla
1014 2007 1363 2072 vicissitudo,
1400 2006 1707 2059 uniformis
1740 2011 1823 2058 est
1861 2004 2085 2073 sapien-

391 2096 490 2164 tia,
524 2104 581 2150 et
622 2097 975 2166 sempiterna
1009 2095 1344 2149 deliberatio
1379 2112 1390 2148 :
1427 2112 1540 2165 qua
1587 2096 1655 2148 de
1686 2112 1747 2148 re
1798 2096 1945 2147 sicut
1980 2111 2088 2147 an-

392 2191 624 2254 tequam
682 2188 943 2253 peccaret
990 2183 1189 2249 homo,
1224 2189 1459 2236 noverat
1497 2200 1629 2236 eum
1687 2188 2086 2253 peccaturum;

392 2271 471 2324 sic
493 2276 802 2340 antequam
833 2270 1067 2339 puniret
1098 2270 1281 2336 illum,
1315 2270 1643 2323 decreverat
1670 2286 1921 2340 pcenam,
1978 2287 2090 2340 qua

391 2358 576 2412 fuerat
610 2358 958 2429 puniendus.
1012 2359 1122 2412 Nec
1152 2364 1346 2412 tamen
1376 2364 1700 2428 propterea,
1758 2359 1891 2428 quia
1941 2360 2090 2412 Deus

394 2449 725 2502 decreverat
743 2448 1037 2501 hominem
1063 2446 1443 2516 puniendum,
1468 2447 1676 2500 idcirco
1704 2447 1960 2517 punitus,
1984 2453 2084 2512 est,

394 2537 489 2589 sed
523 2541 826 2606 propterea
861 2536 995 2606 quia
1040 2536 1313 2605 peccavit.
1362 2535 1518 2590 Sicut
1550 2553 1660 2590 non
1710 2536 1920 2589 idcirco
1955 2536 2091 2589 deli-

395 2625 539 2695 quit,
576 2626 712 2696 quia
743 2627 887 2679 Deus
911 2625 1075 2679 illum
1100 2631 1468 2694 peccaturum
1492 2625 1795 2695 praescivit,
1828 2627 1925 2679 sed
1954 2626 2089 2695 quia

395 2712 676 2782 serpentis
717 2712 1142 2782 persuasionem
1166 2713 1368 2783 magis,
1392 2729 1564 2784 quam
1594 2714 1694 2767 Dei
1735 2718 2088 2783 praeceptum

391 2801 628 2855 audivit.
666 2801 973 2870 Consurgit
1002 2801 1140 2855 Cain
1171 2802 1439 2854 adversus
1461 2802 1597 2854 Abel
1628 2802 1862 2855 fratrem
1895 2818 2084 2868 suum,

394 2896 452 2943 et
499 2889 728 2943 invidia:
779 2890 950 2942 livore
993 2896 1234 2943 czecatus
1278 2889 1646 2943 innocentem
1694 2891 2081 2960 persequitur,

394 2978 664 3033 fraternae
720 2978 891 3031 caedis
957 2994 1158 3031 cruore
1219 2983 1431 3031 terram
1485 2977 1877 3033 contaminat?
1922 2979 2086 3043 Quod

388 3067 569 3120 scelus
608 3083 975 3137 nequaquam
1014 3067 1195 3120 Deum
1220 3066 1407 3120 latuit.
1461 3066 1751 3120 Parricida
1796 3067 2087 3137 redargui-

388 3162 498 3219 tur,
554 3155 665 3209 fusi
735 3153 1033 3225 sanguinis
1101 3156 1318 3208 clamor
1388 3155 1668 3210 convincit
1726 3161 2080 3226 negantem:

387 3244 652 3314 Nunquid
685 3249 875 3297 autem
922 3244 1069 3297 Deus
1100 3249 1237 3297 tunc
1272 3243 1411 3296 Cain
1454 3244 1642 3313 primo
1696 3250 1932 3297 noverat
1961 3262 2086 3314 par-

384 3332 636 3396 ricidam,
691 3333 922 3402 quando
950 3331 1191 3385 fratrem
1224 3332 1525 3386 enecavit?
1574 3333 1633 3386 Si
1663 3333 1772 3386 hoc
1820 3333 2084 3387 concedi-

384 3427 499 3481 tur,
537 3420 798 3490 sequitur
825 3426 885 3473 ut
921 3420 1136 3489 aliquid
1166 3420 1393 3490 ignoret
1430 3422 1577 3474 Deus
1607 3422 1763 3491 quod
1806 3437 1911 3491 per
1940 3426 2082 3474 tem-

388 3509 547 3580 poris
568 3509 868 3562 intervalla
902 3508 1083 3562 discat
1114 3525 1126 3562 :
1164 3510 1263 3562 sed
1282 3509 1429 3562 nihil
1454 3514 1644 3579 potest
1666 3508 1882 3563 discere
1916 3510 2082 3575 Deus,

386 3598 541 3669 quod
580 3597 739 3667 prius
768 3596 1087 3667 ignorabat.
1127 3597 1329 3651 Omnia
1363 3612 1612 3668 namque
1647 3597 1805 3651 novit
1834 3614 2083 3668 praesen-

386 3686 485 3752 tia,
536 3683 845 3756 praeterita,
890 3690 948 3738 et
991 3684 1203 3738 futura.
1255 3685 1435 3755 [gitur
1482 3685 1623 3755 quid
1673 3689 1794 3739 erat
1827 3686 1962 3740 Cain
1994 3686 2086 3740 ad-

385 3790 583 3828 versus
657 3773 893 3826 fratrem
965 3777 1211 3839 acturus,
1279 3789 1577 3844 nunquam
1632 3774 1961 3844 ignoravit:
2038 3774 2085 3827 si

390 3878 690 3932 nunquam
721 3860 1019 3931 ignoravit.
1051 3879 1281 3932 semper
1309 3863 1486 3916 scivit.
1537 3863 1803 3931 Nunquid
1862 3868 2082 3929 autem,

389 3952 526 4023 quia
558 3951 712 4022 quod
740 3951 844 4004 scit
866 3953 1011 4006 Deus
1042 3951 1301 4004 futurum
1333 3968 1453 4005 esse
1486 3952 1609 4005 sine
1631 3951 1803 4005 dubio
1825 3951 2082 4006 futurum

386 4042 516 4107 erit,
554 4058 659 4094 nec
691 4040 868 4093 averti
907 4045 1007 4093 aut
1032 4039 1324 4093 immutari
1356 4044 1559 4111 potest,
1604 4040 1812 4093 idcirco
1847 4040 2085 4093 scientia

388 4130 487 4184 Dei
537 4129 813 4198 compulit
846 4128 985 4183 Cain
1013 4129 1083 4181 ad
1138 4145 1336 4181 necem
1391 4130 1746 4181 fraternam?
1791 4129 1927 4193 Quis
1976 4130 2085 4183 hoc

384 4219 598 4288 impius
648 4216 900 4271 dixerit?
949 4216 1085 4279 Quae
1138 4234 1228 4270 res
1286 4218 1441 4271 enim
1485 4216 1780 4287 impulerit
1832 4234 1962 4271 eum
2013 4218 2083 4272 ad

2203 498 2409 552 delicto
2451 498 2776 551 commissio
2809 498 3036 569 impulit
3093 514 3225 551 eum
3260 497 3319 550 in
3349 496 3482 550 novi
3531 497 3750 550 consilii
3784 514 3890 563 gme

2202 587 2533 641 ditationem
2567 592 2629 640 ut
2678 587 3167 658 quemadmodum
3217 588 3403 641 adhuc
3447 586 3893 656 inexcogitatum

2203 677 2386 729 scelus
2418 676 2679 729 confudit
2704 676 2918 739 orbem,
2952 676 3031 729 sic
3066 677 3247 729 Deum
3295 675 3697 745 inexcogitataa
3736 675 3896 745 prius

2200 782 2385 835 preme
2418 766 2751 819 deliberatio
2791 770 3181 836 permoveret;
3212 765 3369 835 quod
3415 765 3552 835 quia
3598 765 3896 834 prudentis

2200 872 2369 908 aures
2400 871 2515 908 non
2572 855 2856 925 recipiunt
2913 858 3133 907 constat
3188 854 3324 924 quia
3381 854 3526 908 sicut
3583 853 3897 924 prrescierit

2204 946 2351 997 Deus
2381 944 2661 997 malitiam
2721 944 2858 998 Cain
2905 945 3180 1012 futuram,
3230 943 3309 996 sic
3356 960 3587 1013 quoque
3627 944 3898 1013 quemad-

2200 1034 2437 1087 modum
2469 1034 2789 1102 puniretur,
2841 1033 2992 1103 apud
3053 1050 3111 1086 se
3166 1032 3468 1086 definitum
3518 1032 3736 1085 habuit.
3776 1034 3891 1085 Nec

2200 1129 2394 1176 tamen
2434 1122 2644 1175 ideirco
2675 1122 2768 1175 ille
2815 1122 3048 1192 punitus
3077 1129 3178 1187 est,
3210 1122 3344 1192 quia
3393 1120 3453 1174 in
3507 1121 3888 1191 praedestina-

2200 1212 2355 1264 tione
2415 1228 2516 1264 sua
2572 1213 2717 1264 Deus
2776 1228 2907 1264 eum
2961 1211 3289 1264 decreverat
3344 1210 3727 1280 puniendum,
3786 1210 3883 1263 sed

2200 1300 2335 1370 quia
2391 1300 2510 1371 ipse
2566 1300 2880 1364 admiserit,
2936 1305 2998 1352 ut
3054 1300 3370 1369 puniretur.
3422 1299 3549 1353 Non
3612 1299 3764 1352 enim
3827 1315 3893 1351 ex

2198 1389 2700 1459 praedestinatione
2745 1390 2890 1441 Deus
2922 1388 3172 1458 aliquem
3231 1389 3589 1452 condemnat,
3648 1387 3793 1440 sicut
3822 1404 3891 1441 ex

2204 1478 2559 1548 praeseientia
2596 1478 2886 1530 neminem
2913 1493 3145 1545 peccare
3190 1476 3511 1546 compellit;
3562 1476 3658 1529 sed
3694 1481 3891 1547 peccat

2202 1565 2595 1636 unusquisque
2631 1565 2859 1635 propria
2890 1565 3203 1635 cupiditate
3234 1565 3476 1632 illectus,
3505 1571 3559 1618 et
3591 1566 3726 1636 quia
3758 1581 3890 1635 pec-

2201 1655 2367 1715 cavit,
2402 1670 2666 1724 supernze
2698 1654 2933 1706 ultionis
2985 1653 3232 1707 vindicta
3282 1654 3502 1707 feritur.
3560 1655 3892 1724 Completur

2200 1742 2352 1797 orbis
2394 1743 2758 1796 multitudine
2786 1742 3108 1809 hominum,
3154 1746 3210 1795 et
3251 1759 3379 1794 cum
3429 1742 3651 1813 generis
3691 1741 3888 1795 multi-

2198 1833 2504 1901 plicatione
2532 1832 2730 1884 crescit
2760 1831 3134 1883 numerositas
3168 1830 3461 1898 vitiorum,
3496 1829 3693 1883 videns
3747 1830 3891 1882 Deus

2197 1920 2435 1973 humani
2468 1920 2652 1973 cordis
2684 1919 2958 1971 malitiam
3008 1918 3078 1971 ad
3110 1918 3326 1971 malum
3367 1919 3435 1972 de
3487 1918 3578 1972 die
3627 1918 3683 1970 in
3737 1918 3891 1971 diem

2198 2009 2451 2062 deterius
2480 2025 2670 2073 ruere,
2698 2009 2757 2060 in
2785 2006 3104 2077 iniquitatis
3135 2007 3430 2060 cumulum
3461 2008 3521 2060 in
3558 2008 3720 2078 pejus
3742 2022 3891 2059 sem-

2199 2112 2301 2164 per
2332 2112 2652 2165 assurgere,
2677 2102 2849 2165 atque
2871 2096 3056 2148 cordis
3090 2094 3327 2148 humani
3372 2094 3695 2147 intentione
3729 2093 3891 2147 omni

2196 2190 2454 2255 tempore
2504 2185 2572 2237 ad
2627 2183 2895 2236 vitiorum
2940 2184 3228 2253 profunda
3277 2182 3636 2247 descendere,
3688 2199 3792 2235 nec
3822 2182 3890 2235 ad

2197 2274 2337 2327 boni
2369 2272 2620 2343 aliquem
2652 2274 2737 2325 vel
2770 2271 3226 2339 meditationem,
3269 2271 3356 2324 vel
3388 2272 3640 2325 studium
3686 2287 3892 2324 manus

2197 2362 2522 2427 extendere,
2556 2362 2655 2414 sed
2686 2361 3113 2431 malignitatum
3145 2360 3434 2430 gurgitem
3462 2360 3893 2430 praecipitanter

2199 2455 2485 2519 expetere,
2522 2472 2542 2497 ι
2593 2450 2861 2519 pcenituit
2910 2465 3040 2502 eum
3081 2449 3326 2517 (dicente
3373 2449 3684 2519 Scriptura)
3734 2449 3891 2519 quod

2196 2538 2489 2591 hominem
2521 2538 2715 2592 fecerit
2746 2538 2897 2605 (Gen.
2922 2554 2996 2603 vi,
3019 2541 3072 2606 6)
3101 2554 3113 2591 :
3149 2560 3176 2586 ››
3205 2542 3383 2608 utque
3414 2543 3576 2592 tanta
3605 2537 3890 2590 malorum

2196 2627 2451 2695 pernicie
2486 2626 2763 2679 mundum
2805 2626 3081 2695 expiaret,
3113 2642 3325 2692 arcam,
3380 2626 3440 2679 in
3475 2642 3589 2695 qua
3635 2640 3884 2678 servare-

2196 2720 2291 2767 tur
2318 2713 2526 2768 saeculo
2561 2730 2777 2778 semen,
2808 2712 3071 2766 fabricari
3094 2713 3279 2783 jubet,
3334 2714 3550 2766 mundo
3613 2712 3892 2766 diluvium

2194 2803 2415 2868 indicit,
2459 2808 2671 2856 terram
2730 2803 3054 2855 universam
3102 2818 3383 2871 aquarum
3435 2802 3614 2856 moles
3674 2800 3888 2867 obruit,

2194 2892 2479 2945 montium
2513 2891 2809 2944 cacumina
2860 2890 3093 2944 vastitas
3141 2891 3324 2960 abyssi
3366 2890 3683 2960 cooperuit,
3719 2895 3892 2959 atque

2118 3016 2157 3070 C
2195 2996 2299 3050 per
2327 2985 2512 3033 totum
2544 2981 2738 3032 orbem
2772 2979 2969 3032 oceani
2993 2995 3203 3049 gurges
3217 2995 3340 3032 sese
3365 2978 3613 3046 diffudit,
3640 2983 3696 3032 et
3718 2978 3893 3048 quid-

2196 3069 2333 3139 quid
2397 3069 2499 3121 sub
2564 3069 2705 3121 cmlo
2762 3069 2970 3133 fuerat,
3029 3067 3265 3137 pelagus
3318 3067 3670 3137 superduxit.
3740 3066 3892 3129 Quid

2195 3158 2397 3228 plura?
2435 3178 2463 3206 ‹‹
2477 3161 2523 3210 Α
2542 3157 2733 3226 reptili
2759 3172 2939 3227 usque
2962 3156 3029 3210 ad
3051 3157 3336 3208 volucrem
3361 3157 3429 3208 ab
3444 3155 3676 3208 homine
3699 3170 3886 3224 usque

2197 3248 2268 3301 ad
2318 3247 2596 3316 pecudem
2649 3230 2912 3299 universa
2946 3264 2971 3295 ι)
3043 3244 3350 3298 delentur:
3405 3244 3560 3297 solus
3610 3244 3723 3296 Noe
3757 3258 3889 3295 cum

2196 3335 2369 3388 domo
2405 3350 2504 3387 sua
2527 3351 2670 3387 arere
2700 3333 2977 3387 beneficio
3010 3334 3279 3399 salvetur,
3314 3336 3371 3385 et
3401 3331 3468 3384 iis
3488 3336 3734 3393 tantum,
3757 3347 3888 3401 qua:

2196 3439 2340 3475 arca:
2371 3424 2528 3476 sinus
2560 3423 2942 3487 continuerat,
2970 3420 3219 3489 salvatis,
3253 3419 3532 3491 quidquid
3572 3420 3889 3474 viventium

2196 3516 2355 3564 extra
2382 3511 2568 3564 fuerat
2598 3527 2712 3564 uno
2762 3510 2975 3563 diluvio
3024 3510 3267 3563 deletur.
3301 3510 3415 3563 Hoc
3466 3508 3547 3562 ita
3586 3508 3759 3563 fuisse
3787 3525 3890 3579 ge-

2196 3605 2347 3652 stum
2372 3598 2680 3669 Scriptura;
2709 3598 2915 3652 veritas
2955 3604 3323 3668 protestetur.
3379 3597 3648 3669 Nunquid
3692 3600 3889 3651 tamen

2194 3688 2443 3757 cogitare
2476 3687 2773 3753 debemus,
2837 3687 2989 3758 quod
3042 3686 3352 3757 impiorum
3390 3686 3710 3757 profanatio
3749 3690 3890 3739 tunc

2195 3778 2446 3847 primum
2476 3778 2590 3830 Deo
2639 3782 2775 3830 nota
2823 3776 2970 3830 facta
3015 3776 3207 3843 fuerit,
3262 3775 3494 3847 quando
3539 3775 3648 3846 ipsi
3685 3791 3887 3844 pecca-

2194 3865 2362 3919 runt?
2395 3866 2534 3919 Cum
2569 3865 2637 3918 de
2669 3865 2765 3918 illo
2798 3866 3072 3935 scriptum
3104 3865 3196 3932 sit,
3250 3864 3406 3935 quod
3439 3885 3466 3913 «
3506 3864 3728 3918 noverit
3758 3880 3885 3917 om-

2196 3954 2289 4006 nia
2319 3953 2656 4023 priusquam
2697 3954 2838 4006 tiant
2889 3956 3055 4019 (Dan.
3086 3969 3204 4015 xm,
3254 3953 3364 4023 42),
3398 3973 3423 4003 υ
3478 3957 3532 4004 et.
3587 3952 3893 4006 Psalmista

2194 4042 2545 4112 proclamet:
2587 4065 2606 4089 ε
2660 4041 2994 4095 Intellexisti
3042 4042 3414 4111 cogitationes
3459 4056 3614 4094 meas
3641 4056 3686 4110 ,δ
3718 4042 3893 4111 longe

2197 4134 2303 4199 (Ps.
2338 4147 2598 4195 cxxxvm,
2628 4134 2716 4198 3)?
2744 4152 2762 4177 ι
2793 4132 2849 4185 Si
2878 4131 3253 4200 cogitationes
3280 4149 3309 4183 a
3341 4132 3511 4199 longe
3552 4146 3668 4183 non
3700 4129 3893 4183 solum

2194 4220 2503 4288 cognoscit,
2546 4235 2741 4271 verum
2793 4219 2966 4271 etiam
3016 4218 3318 4289 intelligit;
3374 4219 3759 4271 humanorum
3793 4232 3885 4270 ac—

386 4306 532 4361 tanti
566 4305 794 4359 sceleris
834 4305 1217 4375 patrationem
1250 4321 1263 4359 :
1319 4307 1602 4360 Geneseos
1636 4307 1804 4361 lectio
1857 4324 2080 4377 nequa—
2112 4305 2154 4359 D
2194 4312 2357 4361 tuum
2398 4307 2603 4360 seriem
2634 4312 2944 4377 antequam
2976 4306 3118 4360 fiant
3148 4306 3268 4359 sine
3293 4306 3514 4360 dubioa
3544 4306 3716 4377 longe
3747 4322 3891 4375 cog-

386 4411 562 4467 quam
627 4395 773 4461 silet,
852 4410 980 4464 quae
1037 4393 1201 4447 docet
1262 4394 1568 4448 Dominum
1632 4394 1945 4465 respexisse
2008 4395 2081 4449 ad

382 4484 544 4548 Abel,
573 4487 628 4535 et
654 4482 724 4535 ad
756 4498 998 4535 munera
1024 4481 1167 4551 ejus,
1202 4482 1268 4536 ad
1298 4482 1436 4537 Cain
1463 4499 1595 4536 vero
1624 4488 1680 4537 et
1709 4485 1780 4538 ad
1840 4500 2081 4539 munera

386 4571 510 4641 ejus
543 4586 658 4624 non
707 4569 1031 4642 rexpexisse
1088 4570 1240 4640 (Gen.
1284 4588 1354 4636 1v,
1410 4573 1487 4639 4).
1526 4572 1669 4627 Hinc
1722 4573 2081 4643 parricidalis

385 4660 714 4713 immanitas
746 4660 1013 4714 odiorum
1043 4659 1298 4714 fomenta
1348 4677 1704 4728 coacervans,
1738 4680 1841 4715 nec
1883 4661 2085 4715 divina

385 4750 757 4819 castigatione
802 4748 1201 4817 compescitur,
1259 4750 1358 4804 sed
1410 4750 1579 4821 coepti
1620 4751 1831 4804 furoris
1860 4750 2083 4803 insania

385 4838 638 4891 fraterna
667 4837 819 4890 caede
861 4838 1197 4908 completur.
1234 4839 1355 4892 Non
1387 4839 1564 4909 igitur
1591 4838 1690 4891 Dei
1724 4837 2084 4907 prmscientia

384 4925 713 4996 compulsus
770 4930 856 4979 est
921 4926 1058 4980 Cain
1115 4928 1186 4981 ad
1245 4928 1635 4997 parricidium,
1701 4927 1798 4980 sed
1855 4926 2084 4980 invidias

386 5014 765 5084 malignitate,
808 5020 905 5068 aut
947 5014 1157 5069 furoris
1210 5016 1453 5081 insania,
1488 5016 1587 5085 qui
1618 5015 1808 5069 fratris
1840 5015 2082 5085 gloriam

387 5104 575 5158 videre
605 5120 721 5157 non
756 5104 961 5174 potuit,
984 5104 1129 5157 ferre
1157 5105 1435 5174 nequivit,
1470 5103 1830 5173 exstinguere
1852 5104 2085 5157 molitus

386 5197 489 5245 est.
522 5197 593 5247 At
637 5193 879 5247 caalestis
910 5193 1053 5247 ultio
1086 5197 1202 5247 tam
1232 5194 1405 5247 ferale
1446 5194 1630 5246 scelus
1672 5208 1783 5245 non
1828 5192 2084 5262 impuni—

387 5284 510 5331 tum
536 5281 789 5351 reliquit,
819 5304 845 5331 «
880 5298 1056 5352 vagus
1084 5286 1141 5333 et
1162 5282 1438 5351 profugus
1470 5296 1644 5350 super
1673 5286 1886 5335 terram
1912 5301 1937 5332 »
1970 5281 2086 5350 agi-

389 5371 503 5434 tur,
529 5372 584 5420 et
614 5369 968 5437 patricidalis
1000 5368 1275 5438 iniquitas
1302 5368 1535 5422 ultionis
1564 5370 1904 5439 septenarius
1959 5386 2083 5423 ver-

388 5456 616 5510 beribus
642 5457 919 5528 expiatur.
965 5458 1114 5511 Num
1146 5472 1277 5511 vero
1308 5463 1618 5529 postquam
1642 5457 1787 5512 tanti
1818 5458 2084 5511 facinoris

388 5545 679 5617 piaculum
728 5551 811 5600 est
839 5545 1179 5615 admissum,
1241 5552 1375 5601 tunc
1419 5546 1674 5617 primum
1750 5547 2085 5601 deliberavit

2191 4397 2389 4459 noscit,
2426 4412 2539 4465 qua
2574 4395 2642 4449 de
2700 4410 2761 4448 re
2822 4411 3047 4460 eorum,
3107 4411 3251 4465 quos
3305 4400 3607 4465 spumante
3662 4393 3883 4448 diluvio

2190 4484 2459 4554 perdidit,
2489 4490 2619 4538 ante
2652 4483 2811 4538 novit
2865 4501 3056 4554 opera,
3120 4500 3294 4554 quam
3346 4484 3497 4537 facta
3554 4483 3715 4537 sint:
3769 4499 3895 4537 non

2190 4578 2384 4626 tamen
2415 4578 2653 4642 propter
2682 4573 2807 4643 ejus
2837 4572 3124 4637 notitiam,
3156 4588 3269 4642 qua
3302 4577 3561 4643 gesturos
3595 4572 3721 4625 illos
3754 4570 3897 4625 talia

2191 4660 2383 4732 qualia
2404 4670 2702 4732 gesserunt
2728 4678 2760 4714 a
2800 4662 2968 4732 longe
3004 4662 3288 4731 cognovit,
3342 4662 3440 4715 sed
3478 4665 3717 4731 propter
3768 4675 3896 4713 sua:

2192 4750 2564 4820 malignitatis
2619 4750 2690 4803 ad
2720 4750 3098 4817 inventiones,
3133 4766 3198 4802 ea
3252 4751 3509 4803 fecerunt
3539 4766 3641 4820 pro
3672 4748 3893 4819 quibus

2191 4838 2379 4909 perire
2411 4844 2766 4892 meruerunt.
2801 4839 2940 4892 Nam
2992 4839 3039 4891 si
3083 4838 3518 4893 considerentur
3576 4837 3723 4891 facta
3753 4836 3898 4889 illo—

2191 4943 2342 4987 rum.
2379 4932 2436 4980 et
2469 4927 2568 4980 Dei
2616 4926 2979 4996 praescientia
3014 4944 3026 4981 :
3064 4944 3176 4981 non
3226 4927 3374 4980 facta
3427 4943 3627 4980 eorum
3685 4942 3753 4979 ex
3787 4926 3902 4979 Dei

2192 5016 2552 5087 praescientia
2582 5016 3016 5076 descenderunt.
3053 5016 3147 5069 sed
3196 5015 3346 5068 infra
3398 5015 3648 5069 divinam
3705 5013 3901 5067 scicn-

2192 5105 2348 5169 tiam,
2386 5103 2795 5174 quaajuniversa
2827 5104 3287 5173 comprehendit,
3317 5104 3432 5157 ctia
3454 5104 3611 5157 milla
3631 5103 3901 5156 fuerunt.

2194 5194 2432 5247 Causam
2471 5210 2602 5247 vero
2649 5198 2704 5246 et
2734 5193 3016 5263 originem
3064 5209 3182 5247 non
3244 5209 3307 5246 ex
3338 5193 3435 5247 illa
3491 5195 3899 5257 sumpserunt,

2194 5282 2292 5336 sed
2316 5282 2553 5335 humani
2583 5282 2769 5334 cordis
2800 5282 3273 5351 praesumptione,
3305 5297 3423 5335 non
3454 5281 3609 5334 enim
3640 5281 3709 5335 de
3732 5278 3903 5334 fonte

2193 5370 2489 5436 bonitatis,
2533 5369 2643 5422 nisi
2682 5370 2924 5431 ,bonitas
2983 5386 3215 5423 manare
3249 5374 3464 5440 potest;
3523 5385 3627 5423 nec
3684 5367 3902 5423 vitium

2195 5458 2504 5529 aliquando
2537 5458 2607 5511 de
2637 5457 2841 5510 virtute
2873 5458 3117 5528 sumpsit
3145 5457 3445 5527 originem.
3502 5457 3698 5527 Itaque
3742 5455 3904 5511 sicut

2195 5546 2420 5614 delicta,
2452 5544 2661 5615 quibus
2683 5543 3047 5602 offenderunt
3080 5546 3232 5600 intra
3265 5546 3627 5602 latitudinem
3678 5543 3901 5599 divinae
