4138 6194
142 318 212 372 73
1219 319 1307 373 DE
1348 313 2020 373 PRIEDESTINATIONE
2055 314 2193 369 DEI.
2235 344 2299 353 —
2344 314 2475 369 LIB.
2516 314 2587 370 II.
3582 319 3650 373 74

142 447 401 503 scientiae
442 448 709 503 conclusa
737 448 973 503 fuerunt
1005 464 1018 503 :
1048 447 1127 503 sic
1159 464 1387 520 quoque
1422 453 1477 503 et
1509 464 1695 519 paena,
1729 462 1843 518 qua
1876 449 1915 501 A
1957 444 2187 507 fuerint,
2228 445 2377 498 Deus
2437 445 2797 515 cognoverit,
2850 451 2907 501 et
2960 446 3193 503 ultionis
3248 448 3557 506 vindictam
3589 452 3649 507 in

135 536 384 607 judicati
433 543 587 605 sunt,
636 554 754 592 non
804 542 1111 608 postquam
1166 554 1468 609 peccavere
1510 536 1845 591 aeternitatis

144 626 391 679 consilio
438 631 717 697 concepta
756 630 860 693 est,
910 627 1006 681 sed
1037 627 1184 681 sicut
1230 627 1327 681 Dei
1360 627 1654 680 scientiam
1691 641 1845 679 nun-

143 730 319 785 quam
354 732 557 768 eorum
588 715 736 769 facta
777 717 1090 783 latuerunt,
1138 716 1217 769 sic
1270 732 1374 770 nec
1404 732 1587 786 poenas
1620 714 1843 779 modus,

145 802 245 872 qui
298 802 440 855 talia
466 807 627 871 gesta
676 802 1111 870 damnarentur,
1156 801 1335 857 divini
1384 800 1846 872 praedestinatio-

144 905 279 943 nem
321 890 524 960 judicii
569 890 881 961 aliquando
926 890 1257 960 praeterivit.
1312 890 1520 943 Verum
1571 888 1844 960 quemad-

144 978 387 1032 modum
422 984 637 1032 aeterna
662 979 771 1032 fuit
820 978 1049 1032 illorum
1084 979 1361 1033 scelerum
1396 977 1653 1042 scientia,
1685 978 1761 1031 ita
1794 980 1851 1030 et

144 1066 387 1119 deﬁnita
436 1067 497 1121 in
560 1068 793 1121 secretis
839 1067 1163 1121 ccelestibus
1214 1084 1399 1138 paena:
1444 1065 1759 1120 sententia:
1796 1069 1851 1119 et

146 1155 292 1208 sicut
325 1155 695 1225 praescientia
725 1156 979 1210 veritatis
1009 1172 1124 1211 non
1154 1172 1253 1210 eos
1279 1155 1512 1227 impulit
1540 1155 1609 1209 ad
1641 1154 1848 1225 nequi-

146 1243 309 1310 tiam,
345 1243 425 1297 ita
457 1259 562 1297 nec
590 1244 1017 1315 praedestinatio
1051 1244 1240 1315 coegit
1269 1244 1337 1298 ad
1375 1258 1626 1313 poenam.
1682 1241 1850 1296 Deni-

148 1349 261 1403 que
326 1332 816 1403 concupiscentia:
845 1334 1063 1387 malum
1120 1332 1290 1387 traxit
1345 1348 1440 1386 eos
1497 1332 1567 1386 ad
1598 1332 1848 1401 culpam,

150 1422 318 1492 culpa
347 1421 506 1475 misit
540 1422 611 1475 ad
643 1438 891 1492 poenam.
941 1424 1118 1476 Porro
1151 1420 1426 1475 Divinitas
1475 1418 1853 1491 quemadmo-

149 1510 288 1563 dum
345 1510 509 1563 omni
558 1510 813 1564 scientias
860 1500 1145 1581 sapientia
1185 1528 1288 1565 sua
1337 1510 1495 1563 novit
1525 1509 1739 1575 omnia,
1776 1508 1853 1561 sic

152 1598 548 1652 universitatis
577 1600 819 1652 consilio
871 1599 1129 1670 disponit
1170 1599 1455 1665 universa,
1506 1602 1563 1651 et
1609 1614 1737 1668 quae
1769 1598 1852 1651 fa-

1958 532 2483 604 praedestinationis
2515 549 2627 586 suae
2652 533 2867 603 judicio
2907 541 3215 608 antequam
3266 555 3360 593 eos
3390 556 3649 613 compre-

1956 625 2254 690 henderet,
2288 623 2627 694 dispositam
2655 624 2958 679 habuerit?
2989 627 3083 681 sed
3121 628 3307 682 carnis
3356 630 3652 686 desideriis

1955 712 2327 767 inservientes
2376 712 2713 780 Sodomitas,
2759 712 2829 766 ad
2898 718 3054 768 tanta
3099 717 3312 771 scelera
3367 734 3650 791 prorupe-

1958 806 2112 869 runt,
2144 807 2205 855 ut
2243 818 2443 856 eorum
2494 802 2700 856 merito
2757 802 2970 856 caelesti
3023 803 3155 873 igne
3209 806 3649 878 conﬂagrarent.

1960 892 2110 945 Fons
2157 890 2333 962 igitur
2395 895 2449 945 et
2490 890 2652 962 origo
2707 896 3000 946 tantorum
3059 893 3334 948 scelerum
3392 897 3652 968 voluptas

1959 979 2145 1033 carnis
2197 978 2520 1046 exstitit;at
2550 996 2682 1034 vero
2736 986 3098 1051 peccatorum
3158 983 3337 1037 moles
3390 984 3653 1042 vindictae

1960 1068 2301 1122 sententiam
2324 1069 2578 1123 extorsit.
2630 1070 2740 1123 Nec
2771 1070 3260 1141 prazdestinationi
3307 1090 3444 1145 ergo
3475 1076 3653 1129 ascri-

1959 1156 2211 1211 bendum
2234 1164 2319 1212 est
2349 1159 2498 1229 quod
2518 1158 2761 1229 periere,
2792 1176 2894 1213 nec
2924 1160 3245 1231 prmscienti
3274 1163 3427 1233 quod
3458 1180 3653 1235 pecca-

1960 1261 2111 1299 vere.
2146 1248 2418 1317 ASgyptus
2452 1247 2551 1300 Dei
2594 1248 2876 1317 populum
2902 1248 3043 1319 jugo
3089 1249 3498 1305 dominationis
3528 1268 3654 1322 pre-

1963 1335 2088 1402 mit,
2123 1336 2315 1390 labore
2338 1336 2626 1391 servitutis
2663 1336 2885 1407 afﬂigit,
2913 1337 3226 1393 liberorum
3257 1340 3658 1397 interiectione

1962 1424 2220 1493 percellit
2254 1442 2265 1479 :
2302 1426 2520 1495 Moyses
2541 1425 2809 1491 mittitur,
2834 1429 2898 1479 ut
2927 1427 3176 1496 populus
3208 1428 3309 1482 Dei
3329 1429 3656 1483 dimittatur

1964 1513 2159 1582 (Exod.
2218 1530 2315 1567 vm
2364 1519 2411 1567 et
2463 1517 2620 1582 3011.).
2680 1515 2898 1568 Pharao
2958 1515 3282 1587 induratur,
3340 1523 3403 1572 ut
3460 1519 3656 1572 multis

1962 1601 2148 1671 plagis
2203 1601 2478 1671 {Egyptus
2546 1601 2812 1667 feriatur;
2896 1604 3198 1658 novissime
3272 1606 3659 1677 primogenita

150 1693 348 1741 cturus
380 1692 466 1740 est
497 1687 558 1741 in
607 1692 888 1757 tempore,
948 1688 1009 1741 in
1058 1686 1392 1742 aeternitatis
1444 1686 1682 1740 consilio
1732 1686 1853 1756 jam
1888 1756 1918 1760 _
1965 1689 2361 1760 rEgyptiorum
2394 1689 2747 1757 occiduntur,
2772 1695 2829 1744 et
2857 1691 3090 1745 tandem
3124 1694 3295 1747 Israel
3328 1695 3654 1749 dimittitur.

151 1774 548 1845 praedestinati
578 1756 909 1830 consistunt.
943 1776 1186 1831 Proinde
1218 1790 1446 1847 quoque
1480 1775 1849 1846 supplicium,
1888 1756 1927 1810 Β
1969 1756 2184 1833 Rursus
2241 1778 2532 1848 Egyptios
2582 1778 2917 1848 poenitentia
2963 1780 3195 1849 invadit,
3256 1783 3524 1837 Israelem
3567 1782 3659 1836 di-

154 1876 268 1930 quo
301 1864 440 1915 tunc
461 1860 547 1915 illi
570 1862 831 1916 mulctati
851 1868 1003 1928 sunt,
1028 1862 1086 1916 in
1114 1866 1329 1915 aeterna
1355 1860 1855 1932 praedestinatione

148 1950 269 2018 jam
319 1949 619 2004 decretum
668 1951 964 2018 manebat;
1020 1950 1104 2005 illi
1149 1967 1281 2005 vero
1320 1955 1454 2005 tunc
1502 1950 1678 2004 dediti
1727 1953 1859 2003 sunt

155 2056 362 2111 poenas,
396 2040 628 2112 quando
650 2041 1275 2097 scelerumimmanitas
1306 2056 1477 2112 poena
1502 2041 1709 2111 dignos
1738 2055 1858 2093 esse

156 2129 446 2199 patefecit.
484 2130 574 2184 Sic
592 2130 787 2201 itaque
819 2147 922 2185 nec
952 2129 1312 2201 praescientia
1343 2146 1440 2184 eos
1471 2128 1751 2199 compulit
1789 2128 1857 2182 ad

157 2224 410 2284 reatum,
440 2235 544 2273 nec
573 2219 1004 2289 praedestinatio
1034 2219 1207 2273 traxit
1236 2220 1304 2273 ad
1340 2235 1589 2290 pcenam.
1613 2222 1683 2273 At
1724 2223 1859 2272 tunc

162 2307 501 2377 Pentapolin
531 2308 854 2361 caelestibus
886 2308 1130 2362 ﬂammis
1153 2312 1491 2361 testuantem
1515 2307 1573 2360 in
1606 2306 1860 2361 medium

160 2396 536 2463 deducamus,
557 2401 612 2451 et
634 2413 861 2451 causam
877 2397 1239 2468 perditionis,
1263 2401 1319 2451 et
1344 2397 1604 2451 vindictae
1626 2394 1863 2467 qualita-

159 2490 275 2539 tem
302 2486 701 2555 inspiciamus.
738 2488 877 2541 Cum
906 2487 1059 2540 enim
1103 2486 1360 2540 omnium
1391 2484 1746 2556 turpitudine
1779 2484 1859 2537 vi-

159 2575 377 2628 tiorum
408 2574 824 2642 detinerentur,
854 2591 959 2629 nec
983 2579 1129 2629 esset
1156 2574 1375 2628 facinus
1409 2591 1523 2645 quo
1557 2590 1671 2627 non
1698 2590 1863 2627 vexa-

162 2669 361 2717 rentur
396 2679 410 2717 :
441 2668 604 2718 erant
627 2664 780 2718 enim
812 2663 1080 2735 superbia
1111 2663 1338 2729 tumidi,
1372 2662 1585 2716 ventris
1610 2660 1863 2731 ingluvie

162 2752 405 2823 turgidi,
464 2752 707 2807 luxurie:
762 2753 1009 2807 foeditate
1069 2752 1345 2822 corrupti,
1420 2750 1725 2806 otiositatis
1777 2766 1866 2803 vc-

164 2848 323 2896 terno
355 2842 600 2913 gravati,
652 2840 1091 2897 inhumanitatis
1138 2841 1365 2896 feritate
1413 2840 1564 2906 duri,
1609 2840 1862 2909 hospita-

164 2932 336 2986 litatis
369 2931 728 3002 benignitate
758 2931 949 2995 alieni,
984 2935 1274 2985 tantorum
1326 2932 1603 2984 scelerum
1649 2930 1864 2983 tumul-

1964 1866 2203 1921 missum
2236 1866 2575 1937 insequitur,
2610 1866 2863 1937 pristinas
2904 1868 3162 1922 servituti
3200 1870 3483 1940 subjicere
3514 1887 3656 1940 pro-

1965 1961 2161 2027 perat;
2215 1956 2447 2010 demum
2497 1955 2689 2009 divina
2738 1956 3028 2011 mirabilia
3080 1957 3447 2026 innovantur,
3500 1975 3658 2013 mare

1965 2044 2225 2099 Rubrum
2258 2044 2532 2098 dividitur
2561 2044 2621 2097 in
2668 2043 3046 2099 similitudine
3094 2062 3412 2113 murorum,
3459 2048 3657 2102 dextra

1965 2134 2223 2204 ltevaque
2255 2134 2492 2204 pelagus
2533 2132 2922 2203 suspenditur,
2956 2135 3207 2189 nudatur
3248 2135 3415 2189 tellus
3447 2135 3505 2189 in
3538 2152 3661 2189 me-

1967 2222 2077 2277 diis
2107 2221 2397 2287 ﬂuctibus,
2431 2226 2487 2275 et
2508 2221 2654 2275 sicco
2689 2221 2834 2291 pede
2875 2222 3195 2277 Israeliticae
3244 2222 3428 2293 plebis
3460 2222 3664 2278 multi-

1967 2311 2105 2367 tudo
2129 2328 2230 2382 per
2250 2314 2538 2382 patentem
2555 2310 2727 2363 maris
2748 2310 2972 2363 alveum
3006 2310 3247 2381 incedit;
3279 2312 3567 2383 Aigyptios
3587 2312 3670 2366 in-

1968 2402 2269 2470 sequentes
2303 2399 2589 2453 undarum
2619 2398 2856 2452 vortices
2890 2399 3162 2466 obruunt,
3194 2401 3397 2455 ﬂuctus
3427 2400 3666 2468 invadit,

1967 2490 2207 2561 pelagus
2238 2487 2519 2554 absorbet,
2576 2487 2639 2541 fit
2667 2487 2929 2541 mirabile
2958 2488 3110 2543 inter
3156 2488 3281 2560 pios
3342 2489 3664 2561 impiosque

1970 2577 2275 2633 discrimen
2309 2594 2322 2632 :
2357 2577 2494 2630 istos
2516 2576 2750 2648 abyssus
2779 2576 3001 2644 liberat,
3029 2578 3156 2631 illos
3182 2577 3461 2649 demergit
3491 2595 3504 2632 :
3534 2579 3668 2632 istos

1972 2667 2181 2739 placito
2214 2682 2412 2737 gressu
2445 2666 2502 2718 in
2537 2666 2699 2719 littus
2723 2665 2980 2735 exponit,
3015 2665 3141 2719 illos
3164 2684 3371 2738 vorago
3394 2666 3668 2737 profundi

1972 2774 2192 2811 mersos
2225 2758 2489 2809 retentat.
2525 2755 2613 2808 Sic
2658 2755 3081 2827 Omnipotentis
3114 2756 3505 2810 misericordia
3544 2757 3669 2827 pios

1974 2846 2193 2912 liberat,
2227 2849 2282 2898 et
2339 2860 2578 2898 censura
2629 2843 2840 2915 judicis
2885 2843 3094 2914 impios
3162 2846 3413 2899 damnat.
3462 2847 3590 2899 Haec
3623 2845 3668 2899 si

1973 2935 2147 2988 libeat
2185 2933 2519 3004 diligentius
2552 2932 2784 2998 intueri,
2818 2932 3140 2987 videbimus
3170 2939 3229 2988 et
3283 2934 3669 2988 Israelitarum

165 3026 249 3075 tus
280 3035 421 3075 aera
440 3036 616 3090 supra
646 3022 819 3088 volat,
850 3021 1031 3074 nubes
1064 3020 1289 3081 scindit,
1323 3020 1529 3073 coelum
1572 3015 1861 3085 irrumpit,
1894 3059 1933 3115 Ο
1977 3021 2343 3077 afﬂictionem
2373 3027 2431 3075 et
2460 3021 2875 3088 liberationem,
2911 3026 2966 3075 et
2996 3022 3392 3093 Aigyptiorum
3421 3022 3669 3077 crudeli-

168 3116 220 3163 et
251 3126 439 3180 usque
470 3108 539 3162 ad
573 3109 779 3162 solium
801 3108 1009 3163 divina:
1040 3109 1353 3179 majestatis
1379 3108 1664 3179 procurrit
1694 3122 1708 3160 :
1733 3105 1865 3158 hinc

170 3216 232 3253 ex
262 3214 519 3270 persona
574 3197 809 3269 superni
860 3198 1069 3267 judicis
1122 3198 1404 3252 Geneseos
1454 3196 1621 3249 lectio
1680 3194 1862 3247 dicit:

173 3311 196 3337 ς
241 3288 474 3343 Clamor
509 3287 894 3342 Sodomorum
935 3286 1092 3340 venit
1147 3286 1215 3340 ad
1255 3302 1365 3353 me,
1416 3283 1754 3339 descendam
1813 3286 1869 3335 et

172 3377 424 3431 videbo:
474 3380 670 3430 utrum
726 3375 1035 3429 clamorem
1091 3375 1190 3446 qui
1246 3373 1401 3428 venit
1452 3373 1521 3428 ad
1555 3388 1644 3425 me
1696 3385 1868 3441 opere

172 3464 615 3536 compleverint,
649 3480 721 3517 an
749 3480 865 3517 non
896 3471 981 3518 est
1010 3464 1111 3533 ita,
1140 3468 1202 3517 ut
1231 3463 1407 3517 sciam
1444 3484 1463 3511 ι
1520 3461 1671 3531 (Gen.
1714 3476 1866 3525 xvm,

173 3557 260 3624 20,
290 3554 409 3623 2t).
445 3553 716 3623 Nunquid
750 3553 797 3606 is
820 3568 989 3623 quem
1016 3552 1158 3606 nihil
1192 3553 1349 3618 latet,
1382 3554 1439 3604 et
1471 3550 1539 3604 de
1572 3566 1685 3620 quo
1728 3547 1868 3601 scri-

174 3644 325 3697 bitur
358 3642 519 3714 quod
550 3642 745 3696 omnia
775 3642 927 3696 nuda
956 3647 1012 3696 et
1036 3645 1234 3712 aperta
1280 3640 1393 3695 sint
1420 3640 1597 3693 oculis
1631 3638 1773 3709 ejus,
1817 3641 1870 3690 et

173 3748 288 3786 non
319 3736 409 3785 est
438 3731 599 3785 nulla
629 3734 891 3785 creatura
944 3730 1243 3785 invisibilis
1289 3730 1348 3783 in
1394 3732 1701 3799 conspectu
1749 3725 1873 3796 ejus

174 3821 354 3890 (Hebr.
404 3835 477 3887 1v,
546 3821 654 3889 t3),
717 3819 1009 3873 nesciebat
1065 3834 1238 3889 opera
1294 3814 1761 3873 Sodomitarum?
1819 3817 1875 3868 et

172 3924 494 3980 paucorum
518 3907 819 3961 hominum
845 3924 959 3961 non
991 3907 1219 3962 videbat
1260 3911 1438 3975 actus,
1489 3906 1651 3977 cujus
1678 3904 1873 3959 oculus

172 3996 601 4067 contemplatur
645 3995 829 4049 bonos
875 4000 931 4049 et
959 3996 1153 4049 malos.
1206 3995 1313 4050 Sed
1368 3994 1689 4049 dissimulat
1732 3992 1874 4046 scire

174 4086 326 4158 quod
386 4100 507 4138 non
567 4084 688 4138 vult
736 4083 948 4148 videre,
1023 4089 1080 4139 et
1124 4082 1342 4138 mavult
1406 4083 1671 4153 ignorare
1721 4081 1875 4152 quod

176 4179 337 4245 Optat
367 4190 488 4227 non
518 4172 747 4243 punire.
782 4172 961 4237 Quam
998 4173 1069 4226 sit
1095 4176 1285 4227 autem
1308 4189 1524 4244 pronus
1539 4172 1609 4226 ad
1630 4171 1875 4239 veniam,

176 4268 232 4317 et
257 4262 516 4317 difficilis
548 4261 935 4330 adfultionem
958 4262 1275 4316 ostenditur
1297 4302 1311 4328 ,
1346 4278 1472 4315 cum
1504 4264 1739 4331 propter
1780 4260 1877 4313 de-

1974 3116 2174 3175 tatem,
2209 3114 2263 3163 et
2293 3110 2851 3174 condemnationem,
2879 3114 2934 3163 et
2976 3110 3033 3163 in
3078 3112 3438 3180 praescientia
3477 3110 3672 3165 divina

1976 3199 2136 3262 olim,
2170 3198 2363 3263 fuisse,
2394 3202 2449 3249 et
2473 3196 2720 3266 qualiter
2750 3197 2819 3251 de
2866 3201 3107 3266 utroque
3141 3200 3353 3267 populo
3403 3202 3673 3267 ageretur

1976 3284 2453 3358 praedestinatum
2487 3300 2628 3337 esse.
2686 3283 2773 3338 Ad
2827 3284 3113 3339 Abraham
3171 3287 3319 3339 Deus
3368 3285 3668 3356 loquitur:

1983 3398 2003 3425 ι
2041 3375 2191 3430 Scito
2235 3389 2615 3445 prasnoscens,
2675 3374 2831 3444 quod
2883 3374 3255 3443 peregrinum
3305 3374 3561 3429 futurum
3601 3374 3674 3429 sit

1978 3480 2173 3518 semen
2204 3470 2368 3517 tuum
2398 3462 2459 3515 in
2491 3466 2639 3516 terra
2672 3478 2784 3515 non
2813 3478 2933 3528 sua,
2966 3468 3021 3516 et
3041 3462 3345 3534 subjicient
3389 3462 3669 3530 servituti,

1980 3558 2036 3608 et
2066 3552 2324 3623 afﬂigent
2369 3550 2808 3622 quadringentis
2839 3551 3004 3605 annis
3037 3567 3049 3606 :
3098 3557 3496 3607 verumtamen
3540 3567 3675 3621 gen-

1979 3645 2119 3709 tem,
2152 3641 2243 3694 cui
2303 3639 2605 3694 servierint
2634 3656 2739 3710 ego
2783 3640 3072 3709 judicabo,
3101 3645 3158 3694 et
3198 3645 3327 3711 post
3377 3642 3484 3694 hoc
3511 3643 3675 3710 {egre-

1982 3730 2215 3785 dientur
2243 3744 2373 3783 cum
2438 3744 2647 3798 magna
2704 3728 3022 3782 substantia
3074 3729 3220 3799 (Gen.
3280 3729 3389 3798 xv).
3434 3750 3460 3779 ››
3514 3730 3671 3783 Non-

1984 3820 2123 3874 dum
2153 3817 2271 3871 nati
2298 3820 2479 3885 erant,
2525 3821 2581 3870 et
2625 3816 2811 3870 adhuc
2845 3816 2903 3870 in
2954 3817 3166 3871 lumbis
3205 3816 3449 3871 Abrahae
3480 3816 3671 3871 consi-

1984 3907 2227 3973 stebant,
2279 3909 2334 3959 et
2382 3905 2502 3975 jam
2559 3904 2827 3958 servituri
2887 3905 3295 3975 praedicuntur,
3343 3906 3465 3976 jam
3531 3905 3673 3960 libe-

1984 3996 2148 4051 randi
2179 3994 2615 4066 promittuntur,
2642 3992 2763 4063 jam
2794 3995 3067 4064 Egyptus
3093 3992 3402 4063 judicanda
3434 3994 3674 4048 commi-

1986 4090 2173 4139 natur.
2207 4083 2289 4138 Ad
2322 4083 2548 4153 Moysen
2598 4097 2846 4152 quoque,
2892 4098 3021 4136 cum
3070 4082 3326 4137 mitteret
3367 4099 3498 4136 eum
3532 4084 3677 4137 Deus

1987 4176 2314 4244 Egyptum,
2340 4172 2419 4225 sic
2450 4171 2706 4242 loquitur
2742 4187 2755 4224 :
2791 4190 2818 4222 «
2850 4170 3193 4241 lngredieris
3219 4176 3303 4238 tu,
3325 4170 3395 4242 (et
3420 4172 3679 4227 seniores

1988 4262 2160 4316 Israel
2191 4261 2261 4315 ad
2296 4276 2489 4331 regem
2522 4259 2779 4331 Egypti;
2817 4264 2874 4314 et
2899 4259 3052 4315 dices
3081 4260 3149 4314 ad
3184 4276 3316 4315 eum
3346 4276 3359 4315 :
3402 4260 3679 4315 Dominus

177 4368 301 4407 cem
330 4352 519 4421 justos
541 4352 659 4404 vult
690 4350 885 4404 multis
933 4349 1189 4404 millibus
1230 4366 1463 4421 parcere
1513 4353 1878 4419 peccatorum
1909 4361 1952 4415 1)
1993 4352 2142 4405 Deus
2177 4349 2547 4403 Hebraaorum
2606 4348 2825 4402 vocavit
2854 4365 2976 4412 nos,
3031 4348 3241 4403 ibimus
3292 4349 3443 4404 viam
3503 4350 3679 4404 trium

179 4442 335 4509 (Gen.
369 4456 527 4507 xvm,
562 4441 667 4507 32),
720 4438 1119 4510 Quidlmulta?
1168 4439 1265 4493 ubi
1293 4439 1590 4493 universos
1622 4455 1735 4492 uno
1781 4437 1881 4490 im-

178 4535 318 4599 petu
349 4527 538 4581 cernit
566 4528 637 4581 ad
667 4527 905 4595 malum,
941 4544 1044 4581 nec
1070 4527 1128 4581 in
1158 4531 1314 4581 tanta
1365 4526 1733 4581 multitudine
1773 4526 1881 4579 ali-

179 4617 308 4688 quis
338 4616 660 4685 invenitur,
680 4616 779 4687 qui
807 4616 875 4670 de
900 4617 1050 4671 malo
1067 4620 1288 4688 quaerat
1310 4617 1377 4672 ad
1408 4616 1622 4671 bonum
1653 4614 1876 4682 reverti,

181 4704 431 4760 cmlestis
486 4704 745 4759 ﬂammas
807 4712 1040 4759 cunctos
1096 4706 1324 4773 inoluit,
1370 4710 1426 4759 et
1476 4705 1687 4759 scelere
1719 4720 1881 4775 pares

180 4812 285 4866 par
315 4794 573 4849 vindicta
601 4794 908 4848 consumit.
942 4795 1001 4849 Si
1053 4795 1197 4849 facta
1247 4811 1475 4849 reorum
1520 4793 1881 4847 consideren-

180 4893 291 4951 tur,
337 4883 480 4954 quid
502 4883 729 4954 justius,
754 4900 928 4954 quam
951 4885 1153 4938 talium
1184 4885 1398 4938 scelera
1428 4882 1623 4953 puniri
1652 4898 1666 4935 :
1699 4881 1744 4935 si
1769 4882 1879 4935 cle-

181 4974 465 5027 mentiam
524 4972 732 5041 judicis
789 4972 1179 5042 respiciamus,
1242 4972 1379 5043 quid
1440 4970 1881 5036 misericordius,

180 5078 358 5134 quam
420 5061 565 5115 tales
624 5061 773 5115 nolle
829 5060 1029 5116 feriri?
1088 5062 1167 5115 En
1223 5061 1482 5115 videmus
1520 5060 1884 5129 iniquitatem

181 5167 421 5206 reorum
472 5150 683 5204 scelere
742 5166 844 5203 suo
894 5151 1100 5204 coelum
1151 5150 1411 5219 fatigare,
1469 5149 1701 5220 superni
1734 5149 1886 5218 regis

182 5244 469 5294 secretum
500 5238 842 5307 irrumpere,
878 5243 935 5292 et
980 5244 1173 5292 tamen
1225 5238 1681 5292 misericordiam
1736 5237 1890 5307 judi-

182 5330 262 5383 cis
287 5328 599 5382 vindictam
632 5326 881 5393 ditferre,
913 5326 1267 5380 occasionem
1299 5342 1412 5397 qua
1463 5330 1657 5396 parcat
1697 5325 1887 5395 inqui-

184 5434 332 5472 rere.
365 5416 477 5472 Sed
537 5416 745 5470 mentis
796 5415 993 5469 oculos
1044 5414 1163 5485 jam
1213 5415 1282 5469 ad
1315 5414 1416 5468 Dei
1470 5413 1887 5485 praescientiam

183 5505 525 5571 referamus,
557 5508 612 5557 et
642 5503 937 5557 videamus
976 5504 1133 5574 quod
1190 5502 1616 5557 Sodomitarum
1652 5502 1887 5569 scelera,

185 5610 301 5649 non
327 5594 516 5648 solum
542 5596 844 5665 postquam
878 5591 1044 5660 facta,
1098 5606 1298 5644 verum
1347 5590 1683 5661 priusquam
1744 5590 1889 5643 facta

546 5691 824 5755 PATROL.
879 5690 1085 5753 CXXI.

1991 4438 2216 4492 dierum
2248 4452 2350 4506 per
2379 4436 2771 4503 solitudinem,
2807 4436 3266 4513 ut_immolemns
3296 4439 3538 4494 Domino
3570 4440 3680 4493 Deo

1989 4530 2204 4580 nostro.
2263 4524 2373 4577 Sed
2422 4539 2527 4594 ego
2584 4524 2697 4577 scin
2756 4524 2909 4595 quod
2962 4541 3076 4579 non
3130 4526 3379 4580 dimittet
3432 4543 3531 4580 vos
3583 4543 3682 4580 rex

1990 4612 2240 4686 Aigypli,
2272 4612 2383 4666 nisi
2414 4628 2517 4683 per
2547 4629 2785 4667 manum
2835 4613 3081 4669 validam
3116 4631 3128 4668 :
3175 4615 3478 4670 extendam
3528 4615 3683 4669 enim

1993 4718 2226 4757 manum
2276 4717 2485 4767 meam,
2537 4706 2594 4756 et
2623 4702 2938 4773 percutiam
2996 4705 3303 4775 Aigyptum
3358 4706 3416 4759 in
3467 4703 3685 4759 cunctis

1992 4790 2348 4846 mirabilibus
2400 4790 2565 4856 meis,
2624 4807 2754 4861 quae
2802 4792 3053 4845 facturus
3088 4807 3213 4846 sum
3239 4791 3298 4846 in
3350 4793 3542 4847 medio
3583 4810 3685 4847 eo-

1991 4896 2143 4945 rum,
2179 4883 2235 4933 et
2278 4884 2409 4949 post
2451 4879 2574 4933 haec
2620 4880 2873 4935 dimittet
2914 4897 3014 4935 vos
3046 4881 3254 4949 (Exod.
3296 4897 3348 4936 Ix
3388 4886 3437 4936 et
3461 4886 3618 4951 seq.).
3660 4903 3681 4929 ι

1996 4967 2193 5019 Nonne
2227 4964 2525 5019 manifeste
2575 4967 2851 5022 docemur
2908 4970 3158 5040 qualiter
3206 4971 3553 5041 punirentur
3591 4970 3687 5022 ίΕ-

1994 5054 2177 5125 gyptii
2209 5054 2573 5125 dispositum,
2607 5055 2663 5110 id
2696 5062 2781 5111 est
2828 5058 3300 5127 praedestinatum
3359 5058 3576 5113 fuisse?
3599 5060 3687 5111 An

1995 5143 2148 5197 aliud
2172 5147 2256 5196 est
2293 5142 2447 5213 quod
2478 5144 2594 5198 ait:
2634 5168 2655 5193 ι
2693 5146 3011 5201 Percutiam
3044 5147 3354 5219 Egyptum
3385 5147 3443 5199 in
3473 5145 3688 5198 cunctis

1996 5230 2359 5286 mirabilibus
2405 5232 2565 5298 meis,
2632 5250 2760 5304 qum
2813 5235 3065 5289 facturus
3096 5253 3220 5291 sum
3267 5237 3324 5289 in
3361 5234 3545 5289 medio
3606 5251 3691 5289 eo-

1998 5320 2170 5374 rum?
2201 5338 2225 5372 ι)
2272 5320 2606 5375 Ostenditur
2638 5323 2793 5377 enim
2846 5324 2905 5378 in
2955 5324 3454 5395 praedestinatione
3502 5322 3692 5378 divina

1997 5410 2192 5475 fuisse,
2225 5408 2433 5479 quibus
2468 5414 2525 5463 et
2574 5418 2714 5479 quot
2762 5414 2947 5483 plagis
2990 5413 3258 5467 feriretur
3312 5414 3605 5484 Egyptus,
3637 5418 3694 5467 et

1999 5496 2232 5570 quando
2289 5496 2604 5553 dimitteret
2670 5500 3127 5568 lsraelem;quid
3187 5505 3273 5555 est
3329 5502 3485 5557 enim
3539 5501 3694 5573 quod

2003 5589 2083 5642 ait
2115 5602 2128 5639 :
2167 5608 2188 5635 ι
2222 5586 2338 5655 Ego
2370 5586 2650 5642 indurabo
2678 5606 2774 5643 cor
2803 5589 3133 5653 Pharaonis,
3166 5593 3221 5642 et
3250 5589 3581 5644 induratum
3614 5593 3697 5640 est

3347 5695 3383 5752 3
