4138 6186
433 268 503 321 75
1588 252 1945 310 RATRAMNI
1976 250 2438 309 CORBEIENSIS
2478 251 2783 307 MONACHI
3864 258 3929 305 ’ῖϋ

438 414 536 453 cor
565 393 879 452 Pharaonis
910 409 922 446 :
960 410 987 442 π
1018 388 1129 443 nisi
1158 386 1312 459 quod
1342 402 1458 441 non
1488 384 1648 457 prius
1678 384 2036 439 emolliretur
2058 383 2127 438 ad
2157 389 2198 441 A
2240 390 2294 438 et
2326 401 2393 439 ex
2426 385 2695 439 omnibus
2726 383 3051 439 divinorum
3075 384 3426 455 judiciorum
3447 386 3618 457 gestis
3639 387 3932 457 prmscicn-

437 485 843 544 dimittendum
908 479 1005 534 Dei
1056 479 1359 550 populum,
1394 476 1573 530 donec
1629 473 1812 545 plagis
1858 474 2124 527 omnibus

438 578 704 633 feriretur
733 574 1027 640 Egyptus,
1061 567 1267 637 quibus
1324 565 1516 619 divina
1553 579 1793 618 censura
1842 562 2127 633 disposue-

437 672 524 721 rat
563 679 688 719 eam
720 658 1059 715 feriendam.
1097 656 1253 709 Unde
1285 670 1413 708 cum
1445 668 1649 707 novem
1704 651 1890 722 plagis
1927 651 2127 705 fuisset

437 757 708 823 Egyptus
738 747 951 813 attrita,
1004 761 1106 799 nec
1159 743 1343 797 adhuc
1397 758 1495 795 cor
1558 739 1868 795 Pharaonis
1910 738 2128 793 emolli-

436 848 581 910 tum,
612 840 690 894 ait
731 836 1001 892 Dominus
1050 833 1122 887 ad
1148 832 1373 903 Moysen
1408 846 1421 884 :
1455 852 1483 879 «
1528 831 1729 885 Adhuc
1785 844 1897 882 una
1957 828 2127 900 plaga

434 929 752 1003 percutian
780 926 1109 995 Egyptum,
1146 925 1201 975 et
1227 926 1362 975 tunc
1402 918 1652 973 dimittet
1696 934 1794 972 vos
1824 917 2063 971 Pharao.
2100 937 2121 964 ι

436 1020 582 1088 Ergo
613 1016 671 1069 in
701 1012 881 1068 divini
912 1009 1278 1081 dispositione
1298 1007 1500 1077 judicii
1531 1005 1966 1077 prcedestinatus
2010 1004 2127 1058 fue-

435 1112 524 1161 rat
555 1117 851 1169 numerus,
885 1105 942 1153 et
990 1090 1194 1152 modus
1226 1097 1527 1167 plagarum
1582 1093 1792 1165 quibus
1851 1094 2126 1163 A'Zgyptus

436 1192 628 1247 attrita
660 1195 763 1256 est,
789 1194 843 1242 et
876 1187 1178 1241 obduratio
1210 1185 1397 1239 cordis
1432 1183 1741 1239 Pharaonis
1788 1198 1920 1236 mox
1957 1181 2128 1235 emol-

440 1283 537 1338 lita
578 1285 680 1341 est,
716 1294 846 1333 cum
874 1278 1133 1331 decretus
1164 1274 1400 1328 ultionis
1434 1273 1637 1328 modus
1667 1271 1984 1341 completus
2022 1275 2123 1324 est.

442 1374 505 1428 Et
532 1369 686 1442 quod
717 1367 1023 1423 novissime
1054 1365 1111 1418 in
1142 1364 1285 1418 mari
1322 1364 1514 1418 Rubro
1549 1362 1763 1416 Pharao
1814 1376 1944 1414 cum
1978 1376 2130 1413 exer-

439 1462 555 1516 citu
588 1476 689 1513 suo
722 1456 980 1528 perierit,
1033 1460 1088 1509 et
1118 1454 1286 1509 Israel
1346 1454 1555 1506 illmsus
1613 1451 1922 1515 transierit,
1985 1450 2130 1503 sicut

440 1549 636 1620 magni
679 1546 929 1601 continet
964 1542 1298 1613 mysterium
1359 1538 1720 1603 sacramenti,
1779 1537 1852 1590 ita
1910 1541 2130 1590 constat

437 1638 645 1692 divinae
695 1630 1134 1703 dispensationis
1188 1632 1404 1682 secreto
1462 1631 1706 1697 gestum,
1760 1630 1820 1678 ut
1853 1624 1936 1677 illi
1996 1640 2125 1694 per-

2235 475 2402 536 tiam,
2434 479 2489 527 et
2516 473 3077 545 prwdestinationem
3110 473 3208 528 Dei
3253 475 3645 545 comprobare.
3683 477 3747 528 Et
3777 476 3927 546 quod

2235 578 2338 615 nec
2371 563 2729 633 praescientia
2756 564 3063 632 compellat
3084 564 3148 616 ad
3173 570 3490 633 peccatum,
3517 581 3621 618 nec
3645 564 3935 634 prazdesti-

2236 652 2390 704 natio
2415 652 2480 705 ad
2504 667 2751 721 pcenam.
2780 651 2847 703 Et
2866 651 3118 704 fortassis
3141 668 3257 705 non
3280 654 3777 719 sitnecessarium,
3802 670 3931 707 cum

2236 744 2292 793 et
2317 756 2443 810 quae
2470 756 2641 810 supra
2679 739 2930 793 diximus
2960 740 3102 793 forte
3134 740 3438 807 sufficiant,
3481 746 3535 794 et
3558 742 3741 811 pietas
3777 742 3932 803 ﬁdei.

2237 828 2381 882 sicut
2412 830 2590 882 Deum
2621 827 2763 881 nihil
2801 829 3065 898 ignorare
3084 829 3282 895 credit,
3305 830 3384 882 sic
3413 830 3535 899 ejus
3579 832 3935 901 praescientia

2236 918 2526 971 neminem
2548 917 2765 987 impelli
2786 917 2852 971 ad
2866 921 3182 987 peccatum.
3205 918 3461 989 Cumque
3477 918 3681 972 divina:
3699 919 3936 989 disposi-

2236 1006 2407 1059 tionis
2430 1007 2647 1076 judicio
2665 1006 3005 1060 confiteatur
3026 1006 3220 1060 omnia
3251 1008 3397 1077 regi,
3421 1008 3712 1061 neminem
3738 1012 3933 1062 tamen

2237 1111 2304 1148 ex
2362 1094 2865 1165 praedestinatione
2922 1094 3314 1149 damnandum
3359 1096 3613 1166 recipiat,
3672 1097 3935 1167 quamvis

2238 1182 2670 1254 praedestinatos
2717 1183 2899 1237 malos
2948 1183 3018 1237 ad
3052 1199 3280 1253 poenam
3334 1200 3451 1238 non
3495 1186 3739 1255 ignoret.
3775 1186 3933 1239 Prae-

2237 1270 2503 1325 destinati
2533 1270 2687 1325 enim
2721 1274 2853 1325 sunt
2881 1271 3017 1325 mali
3057 1271 3128 1325 ad
3173 1287 3434 1341 pmnam;
3467 1272 3740 1343 quoniam
3774 1288 3933 1343 qum-

2238 1375 2459 1430 cunque
2490 1359 2741 1413 facturus
2768 1364 2853 1413 est
2886 1361 3034 1413 Deus
3078 1359 3139 1413 in
3170 1360 3504 1414 aeternitatis
3532 1360 3931 1430 dispositione,

2231 1447 2352 1517 jam
2418 1448 2887 1518 praedestinatum
2955 1448 3169 1502 habet:
3227 1448 3589 1518 judicaturus
3642 1449 3794 1503 enim
3846 1458 3935 1504 est

2238 1536 2466 1607 impios,
2500 1541 2557 1590 et
2609 1552 2775 1607 poma
2829 1536 3178 1606 sempiterna
3227 1540 3622 1591 damnaturus.
3676 1540 3740 1592 Et
3796 1540 3934 1610 quia

2238 1626 2345 1678 hoc
2373 1625 2522 1679 inter
2552 1642 2724 1695 opera
2756 1625 2856 1679 Dei
2893 1630 3277 1695 computatur,
3328 1626 3525 1697 negari
3576 1643 3690 1680 non
3742 1633 3937 1697 potest

438 1690 610 1789 irent,
642 1724 723 1776 illi
753 1690 1126 1775 salvarentur.
1162 1718 1298 1771 Cum
1334 1690 1699 1785 ergovliquet,
1731 1712 1883 1783 quod
1915 1712 1970 1765 in
1993 1690 2130 1781 prm-
2160 1690 2198 1743 Β
2240 1690 2711 1784 praedestinatum
2744 1730 2757 1768 :
2801 1713 2911 1767 nisi
2943 1690 3088 1767 for-te
3108 1690 3565 1785 judiciumrquo
3587 1690 3935 1785 judicandus

438 1811 675 1867 scientia
712 1810 828 1875 Dei,
850 1808 994 1861 sicut
1015 1806 1242 1859 afllictio
1283 1805 1689 1869 lsraelitarum,
1733 1801 1799 1872 et]
1822 1801 2129 1854 crudelitas

438 1900 831 1971 Aigyptiorum
886 1893 1244 1948 constiterit:
1280 1893 1357 1945 ita
1405 1906 1633 1963 quoque
1671 1894 1726 1943 et
1778 1888 2016 1942 istorum
2059 1887 2127 1941 li-

436 1989 674 2053 beratio,
712 1992 769 2039 et
810 1986 1038 2039 illorum
1092 1980 1339 2053 perditio
1372 1980 1429 2034 in
1478 1977 1997 2050 prmdestinatiouis
2040 1977 2129 2046 ju-

436 2077 584 2131 dicio
616 2087 844 2143 semper
866 2072 1059 2126 fuerit.
1096 2071 1217 2124 Non
1249 2074 1441 2122 tamen
1489 2068 1793 2121 crudelitas
1842 2066 2130 2136 zEgyplio-

436 2181 564 2218 rum
621 2162 824 2217 divinm
876 2158 1248 2231 prmscientiaz
1302 2156 1608 2209 tribuenda
1663 2159 1766 2219 est,
1824 2154 1968 2207 sicut
2025 2169 2130 2206 nec

438 2251 841 2308 condemnatio
876 2245 1397 2320 prmdestinationis
1428 2244 1662 2297 occulta}
1698 2246 1933 2296 secreto.
1977 2243 2128 2296 Prte-

440 2342 601 2396 scivit
628 2342 779 2394 enim
810 2339 990 2392 Deum
1020 2335 1216 2406 quales
1246 2332 1423 2387 futuri
1455 2333 1640 2386 forent
1662 2330 1931 2403 AZgyptii,
1960 2329 2015 2383 id
2045 2335 2130 2384 est

438 2429 833 2485 credulitatem
890 2441 1088 2480 eorum
1134 2439 1360 2494 semper
1390 2426 1584 2475 nolam
1640 2420 1860 2487 habuit,
1899 2435 2012 2472 non
2056 2424 2130 2471 ta~

441 2536 571 2573 men
604 2517 862 2571 crudeles
901 2514 1105 2569 effecit.
1155 2511 1420 2576 Quamvis
1478 2508 1773 2564 Psalmista
1823 2508 1891 2561 de
1944 2508 2023 2560 eis
2051 2513 2129 2559 te-

437 2614 658 2663 stetur:
720 2605 869 2675 quod
936 2626 955 2649 ι
1019 2600 1375 2657 Converterit
1446 2615 1544 2653 cor
1626 2613 1825 2652 eorum
1907 2597 1989 2665 (id
2051 2601 2127 2650 est

439 2693 855 2768 Algyptiorum)
887 2692 1056 2752 Deus,
1086 2695 1149 2745 ut
1169 2689 1392 2744 odirent
1405 2687 1683 2758 populum
1707 2686 1841 2756 ejus,
1863 2683 2125 2738 etdolum

438 2788 687 2840 facerent
720 2783 779 2835 in
810 2798 999 2834 servos
1030 2778 1153 2849 ejus
1201 2778 1365 2848 (Psal.
1402 2792 1508 2842 ειν,
1542 2778 1652 2839 25).
1683 2794 1709 2826 ν
1762 2775 1887 2828 Non
1935 2779 2125 2827 tamen

437 2890 535 2927 eos
594 2874 741 2926 Deus
780 2876 878 2923 aut
924 2868 1149 2922 dolosos
1200 2865 1350 2928 fecit,
1411 2869 1510 2918 aut
1566 2862 1938 2933 malignitatis
1994 2860 2126 2914 odio

2238 1808 2323 1855 est
2351 1802 2622 1869 mundus,
2653 1802 2862 1873 aliquis
2892 1803 3040 1857 dicat
3087 1820 3231 1873 opus
3261 1804 3357 1857 Dei
3414 1820 3533 1857 non
3565 1821 3703 1858 esse.
3765 1806 3929 1869 Quod

2238 1905 2368 1943 cum
2398 1906 2569 1944 nemo
2592 1890 2851 1945 fidelium
2875 1891 3109 1956 abnuat,
3140 1891 3334 1961 negari
3357 1908 3586 1963 quoque
3608 1908 3722 1946 non
3748 1897 3937 1963 potest

2237 1993 2271 2031 a
2297 1978 2410 2032 Deo
2438 1978 2496 2031 in
2524 1978 3026 2049 przedestinatione
3051 1980 3413 2050 dispositum,
3439 1981 3933 2052 quemadmodum

2238 2066 2308 2120 de
2359 2066 2599 2137 singulis
2638 2066 2859 2137 judicet
2889 2084 2900 2121 :
2935 2073 2999 2121 ut
3045 2068 3200 2122 enim
3249 2085 3365 2123 non
3397 2070 3569 2123 estin
3628 2071 3741 2123 Deo
3786 2087 3935 2125 nova

2238 2154 2495 2221 scientia,
2544 2155 2622 2208 sic
2678 2172 2909 2227 quoque
2969 2172 3073 2210 nec
3128 2173 3272 2210 nova
3304 2156 3622 2228 dispositio.
3681 2157 3933 2228 Simplex

2237 2243 2449 2297 etenim
2472 2249 2677 2297 natura
2723 2243 3061 2310 divinitatis,
3112 2245 3256 2298 sicut
3306 2246 3453 2299 nihil
3498 2246 3700 2317 recipit
3739 2252 3930 2301 muta-

2236 2331 2369 2400 bile,
2398 2330 2475 2385 sic
2507 2331 2651 2385 nihil
2678 2332 3084 2401 compositum.
3122 2332 3279 2387 Unde
3329 2333 3389 2386 iu
3448 2335 3561 2388 Deo
3610 2334 3843 2388 scientia
3876 2339 3936 2389 et

2236 2419 2534 2489 dispositio
2564 2436 2680 2473 non
2711 2420 3023 2486 variantur,
3058 2426 3122 2474 ut
3162 2421 3274 2475 alio
3303 2426 3560 2490 tempore
3590 2422 3737 2475 Deus
3767 2422 3928 2490 sciat,

2236 2511 2291 2560 et
2318 2507 2430 2561 alio
2460 2508 2762 2577 disponat;
2822 2508 2917 2561 sed
2952 2509 3119 2561 simul
3160 2509 3283 2577 scil,
3317 2509 3485 2563 simul
3536 2510 3704 2563 etiam
3733 2511 3930 2581 dispo-

2235 2598 2339 2662 nit,
2374 2612 2706 2667 quanquam
2756 2598 3031 2651 nonnulla
3069 2597 3228 2665 sciat,
3286 2614 3414 2668 qua:
3466 2614 3583 2652 non
3635 2599 3927 2669 disponat,

2235 2685 2379 2739 sicut
2423 2690 2557 2739 sunt
2604 2690 2882 2754 peccata:
2935 2700 3124 2755 neque
3166 2684 3319 2739 enim
3371 2687 3439 2741 ad
3493 2687 3929 2757 dispositionem

2233 2773 2389 2827 illius
2419 2774 2721 2845 pertinent,
2748 2790 2877 2844 quae
2908 2774 3028 2844 ipse
3062 2791 3177 2827 non
3204 2774 3355 2839 facit,
3380 2776 3639 2845 quamvis
3668 2777 3767 2847 qui
3797 2794 3934 2848 pec-

2234 2866 2382 2926 cant,
2425 2861 2630 2916 divinas
2685 2862 2981 2932 potestatis
3041 2862 3326 2933 judicium
3386 2880 3500 2917 non
3554 2864 3813 2931 evadant,
3874 2873 3937 2921 et

436 2959 814 3016 inﬂammavit
848 2976 860 3012 :
893 2957 987 3011 sed
1019 2972 1147 3010 cum
1179 2955 1318 3008 tales
1350 2957 1539 3008 essent
1572 2952 1670 3023 qui
1702 2956 1759 3005 et
1805 2951 1934 3005 odio
1964 2950 2125 3003 smvi-
2155 2986 2197 3042 Ο
2238 2950 2388 3004 unde
2420 2949 2712 3021 pravitatis
2747 2967 2863 3004 suae
2885 2951 3201 3022 nequitiam
3231 2957 3512 3018 exercent,
3544 2951 3676 3006 inde
3708 2953 3933 3007 occulto

435 3055 583 3118 rent,
616 3054 673 3104 et
714 3049 846 3102 dolo
901 3045 1252 3115 deciperent,
1323 3059 1425 3114 per
1476 3058 1572 3095 eos
1628 3041 1905 3117 populum
1959 3056 2125 3092 suum

434 3140 724 3211 ﬂagellare
756 3135 1057 3206 disposuit,
1091 3139 1153 3187 ut
1181 3132 1279 3204 qui
1311 3148 1415 3203 per
1459 3146 1730 3202 prospera
1764 3124 1942 3183 Deum
1993 3128 2125 3181 reli-

433 3232 656 3301 querat,
726 3223 968 3295 ﬂagellis
1023 3223 1349 3277 admonitus
1404 3220 1472 3274 ad
1536 3220 1715 3273 Deum
1772 3218 2121 3288 confugeret.

432 3315 720 3371 Praescivit
748 3314 924 3383 igitur
944 3313 1092 3366 Deus
1130 3309 1523 3381 [Egyptiorum
1550 3307 1968 3372 crudelitatem,
2009 3322 2124 3359 non

430 3422 557 3459 eam
592 3402 748 3467 fecit;
780 3418 886 3455 nec
913 3400 1064 3465 {ideo
1095 3399 1236 3452 tales
1287 3397 1469 3450 ell‘ecti
1500 3400 1651 3461 sunt,
1694 3394 1828 3465 quia
1860 3395 1998 3447 tales
2027 3392 2124 3447 fu—

432 3493 545 3545 turi
578 3506 697 3545 esse
735 3487 985 3559 prmsciti
1017 3491 1182 3551 sunt;
1242 3500 1343 3538 sua
1393 3482 1640 3554 denique
1692 3481 1973 3552 nequitia,
2007 3497 2121 3534 non

434 3581 532 3635 Dei
560 3577 915 3649 prmscientia
963 3574 1098 3628 mali
1131 3572 1315 3627 effecti
1348 3575 1499 3639 sunt,
1546 3577 1603 3626 et
1653 3571 1778 3625 ideo
1824 3570 2122 3642 praedesti-

432 3670 551 3724 nati
592 3667 811 3722 occulta
842 3663 1210 3735 dispositione
1238 3661 1441 3732 judicii
1468 3661 1537 3715 ad
1587 3677 1814 3731 poenam
1864 3676 1979 3730 qua
2007 3676 2121 3730 pu-

431 3757 535 3812 niti
564 3759 717 3809 sunt.
735 3756 873 3809 Nam
897 3752 1202 3837 quod’non
1227 3767 1287 3804 ex
1316 3748 1819 3821 prmdestinatione
1844 3749 2121 3803 damnan-

429 3852 525 3901 tur
556 3843 740 3914 impii,
775 3843 870 3897 sed
902 3858 968 3895 ex
1000 3857 1101 3895 sua
1154 3839 1457 3909 iniquitate
1488 3842 1730 3892 testatur
1778 3853 1936 3891 sacra
1979 3837 2122 3892 Scri-

429 3939 618 4004 ptura,
651 3947 779 4003 quae
813 3929 882 3984 de
912 3926 1259 3983 Amorrhaais
1293 3926 1362 3979 ad
1393 3926 1680 3980 Abraham
1720 3924 1937 3978 dictum
1967 3925 2117 3995 quod

432 4045 458 4073 ‹‹
494 4037 690 4075 semen
722 4020 845 4089 ejus
901 4015 1277 4088 peregrinum
1336 4014 1593 4068 futurum
1652 4018 1796 4067 esset
1852 4013 1911 4066 in
1967 4018 2121 4066 terra

430 4112 619 4165 aliena
648 4105 1085 4180 quadringentis
1107 4104 1293 4171 annis,
1326 4108 1459 4174 post
1497 4104 1618 4157 lucc
1652 4103 1882 4155 intulit:
1934 4102 2118 4156 Gene-

425 4200 645 4253 ratione
687 4202 877 4249 autem
900 4198 1102 4265 quarta
1134 4196 1490 4246 revertentur
1512 4191 1622 4245 huc
1648 4208 1659 4245 :
1687 4191 1927 4244 necdum
1962 4188 2114 4242 enim

2239 3039 2336 3093 Dei
2359 3039 2573 3110 judicio
2600 3038 2942 3093 deserviant.
2976 3040 3175 3110 Itaque
3206 3056 3321 3094 non
3353 3039 3517 3094 estin
3545 3040 3659 3094 Deo
3692 3039 3934 3094 scientia

2235 3127 2358 3182 sine
2392 3127 2786 3197 dispositione,
2824 3144 2927 3181 nec
2959 3127 3258 3199 dispositio
3291 3128 3411 3182 sine
3468 3129 3722 3183 scientia.
3771 3128 3935 3183 Alio-

2235 3216 2371 3287 quin
2405 3216 2450 3270 si
2481 3218 2718 3271 scientia
2762 3217 2907 3271 inest
2960 3218 3012 3270 ei
3073 3218 3195 3273 sine
3253 3218 3653 3289 dispositione,
3690 3223 3752 3271 ut
3811 3218 3933 3271 alio

2234 3311 2489 3376 tempore
2520 3305 2658 3359 sciat
2684 3310 2740 3359 et
2764 3306 2874 3359 alio
2907 3305 3190 3377 disponat,
3220 3306 3338 3377 jam
3369 3324 3484 3360 non
3516 3307 3622 3361 erit
3652 3306 3933 3377 simplicis

2234 3396 2449 3446 natura;
2516 3393 2682 3459 Deus,
2741 3393 2857 3462 jam
2912 3409 3031 3446 non
3087 3393 3195 3447 erit
3246 3393 3766 3459 incommutabilis;
3822 3394 3931 3447 ubi

2232 3495 2479 3550 namque
2510 3478 2807 3534 intervalla
2840 3484 3166 3551 temporum
3198 3481 3528 3549 succedunt,
3559 3481 3932 3553 lmutabilitas

2231 3569 2511 3639 temporis
2568 3569 2677 3623 erit
2730 3568 3094 3623 intervallum
3145 3570 3192 3623 si
3254 3586 3368 3624 non
3400 3570 3574 3636 inest;
3609 3574 3666 3624 et
3716 3570 3776 3623 in
3807 3571 3932 3625 Deo

2229 3658 2399 3712 simul
2431 3658 2554 3725 scit,
2589 3658 2758 3712 simul
2792 3659 2966 3713 etiam
2990 3658 3259 3729 disponit,
3304 3664 3369 3714 ut
3414 3659 3710 3713 antecedat
3754 3658 3934 3715 scien-

2230 3747 2328 3813 tia,
2364 3752 2419 3801 et
2471 3752 2670 3817 postea
2721 3752 2996 3817 sequatur
3042 3747 3359 3818 dispositio.
3415 3747 3573 3812 Quod
3623 3764 3752 3801 cum
3786 3747 3934 3803 sim-

2230 3836 2393 3907 plicis
2424 3840 2641 3890 naturaa
2682 3836 2827 3890 ratio
2874 3852 2988 3890 non
3044 3836 3326 3905 admittat,
3357 3836 3638 3908 sequitur,
3684 3842 3748 3891 ut
3790 3854 3935 3892 cum

2229 3924 2465 3979 scientia
2501 3924 2621 3990 Dei,
2651 3924 2862 3995 pariter
2922 3924 2994 3978 sit
3052 3930 3108 3979 et
3165 3924 3513 3996 dispositio:
3573 3942 3687 3997 qua
3741 3924 3810 3979 de
3866 3943 3938 3982 re

2229 4029 2371 4083 quos
2390 4012 2492 4065 scit
2513 4013 2571 4066 in
2594 4014 2767 4066 finem
2806 4012 2866 4066 in
2888 4013 3040 4066 malo
3071 4019 3556 4083 perseveraturos,
3582 4014 3937 4084 dispositum

2228 4099 2399 4154 habet
2422 4100 2560 4172 quid
2621 4100 2693 4154 sit
2724 4101 2792 4155 de
2848 4100 2929 4154 eis
2977 4106 3226 4155 acturus.
3286 4103 3408 4156 Non
3470 4107 3659 4157 tamen
3718 4102 3940 4158 idcirco

2228 4188 2504 4258 puniendi
2551 4193 2684 4242 sunt
2741 4189 2877 4260 quia
2938 4188 3017 4243 sic
3063 4190 3323 4260 dispositi
3374 4195 3526 4259 sunt,
3560 4192 3657 4245 sed
3712 4191 3937 4246 idcirco

426 4286 722 4357 completa:
754 4288 884 4337 sunt
930 4281 1258 4353 iniquitates
1308 4281 1768 4335 Amorrhreorum
1816 4295 1996 4350 usque
2046 4277 2113 4331 ad
2144 4289 2191 4343 1)
2230 4278 2382 4348 quod
2414 4277 2472 4331 in
2512 4279 2663 4331 malo
2710 4279 3122 4349 pcrseveraturi
3155 4285 3308 4333 sunt.
3360 4279 3463 4334 Sed
3509 4278 3937 4335 Antichristum

424 4390 677 4448 prmsens
701 4376 926 4442 tempus
958 4370 1109 4437 (Gen.
1162 4385 1253 4435 xv,
1293 4369 1397 4438 16).
1458 4369 1672 4433 Quibus
1716 4366 1902 4420 verbis
1933 4371 2118 4420 osten-

422 4466 579 4519 ditur
605 4467 739 4516 tunc
766 4458 1099 4531 iniquitates
1133 4474 1331 4512 eorum
1355 4457 1425 4510 ad
1466 4472 1754 4510 summum
1789 4454 2114 4525 malignita-

422 4554 493 4608 tis
524 4554 918 4623 perventuras,
962 4546 1193 4618 quando
1249 4561 1445 4599 semen
1492 4544 1780 4598 Abraham
1811 4543 1879 4597 de
1932 4543 2114 4597 servi-

420 4641 559 4697 tutis
580 4640 723 4710 jugo
757 4636 1008 4704 liberari,
1049 4640 1107 4689 et
1132 4634 1200 4689 ad
1244 4639 1457 4688 terram
1515 4632 1773 4703 perduci,
1830 4637 1886 4685 et
1915 4637 2113 4702 gentes

416 4727 884 4784 Amorrbmorum
916 4722 1095 4777 deleri
1126 4727 1505 4776 mererentur.
1544 4721 1613 4775 Ut
1643 4719 1797 4790 quod
1852 4719 2114 4773 nationes

415 4818 551 4882 illae,
587 4832 715 4887 qua:
755 4813 915 4885 prius
945 4817 1157 4866 terram
1211 4808 1675 4881 repromissionis
1721 4807 2110 4874 obtinuerant,

416 4907 619 4963 deletae
639 4906 797 4971 sunt,
849 4917 968 4955 non
1000 4899 1210 4954 divinae
1264 4897 1800 4969 praedestinationis,
1862 4896 1961 4949 sed
1994 4913 2110 4949 suae

415 4991 791 5065 malignitatis
822 4990 994 5044 fuisse
1044 4992 1413 5041 monstretur.
1467 4986 1662 5054 Itaque
1694 4999 1862 5037 nemo
1919 4999 1984 5037 ex
2019 4984 2111 5038 di-

411 5086 557 5138 vina:
591 5076 1119 5153 prmdestinationis
1146 5090 1389 5127 censura
1429 5073 1868 5137 condemnatur,
1911 5088 2112 5142 quam-

411 5174 493 5226 vis
535 5171 999 5241 perseveraturos
1029 5163 1089 5217 in
1129 5161 1377 5232 peccatis
1412 5160 1635 5229 justitia
1667 5159 1875 5229 judicis
1907 5160 2108 5213 decre-

408 5261 555 5313 verit
577 5254 932 5312 damnandos
968 5271 978 5306 :
1014 5252 1111 5305 sed
1150 5249 1543 5320 unusquisque
1574 5254 1709 5301 tunc
1756 5248 2104 5301 condemna-

410 5354 525 5413 tur,
559 5344 791 5415 quando
823 5339 1086 5397 damnari
1142 5343 1504 5409 peccatorum
1559 5337 1762 5389 merito
1819 5342 2101 5391 censetur.

412 5435 670 5505 Longum
704 5432 829 5496 erit,
864 5435 919 5483 et
962 5429 1193 5483 modum
1237 5426 1532 5480 brevitatis
1567 5424 1881 5492 excederet,
1930 5425 1973 5479 si
2015 5442 2107 5477 vo-

408 5525 685 5579 luerimus
717 5520 919 5574 seriem
953 5518 1274 5571 divinarum
1304 5513 1721 5585 Scripturarum
1748 5529 2101 5584 percurrere,

2224 4366 2285 4419 in
2317 4366 2572 4421 medium
2604 4367 2962 4435 devocemus,
3002 4367 3071 4421 de
3124 4383 3238 4438 quo
3296 4383 3464 4422 nemo
3524 4368 3779 4422 ﬁdelium
3813 4368 3934 4423 du-

2224 4453 2383 4520 bitat,
2417 4454 2569 4525 quod
2606 4460 2660 4508 et
2692 4455 2985 4525 praescitus
3016 4459 3099 4509 est
3130 4457 3312 4510 malus
3344 4456 3592 4521 futurus,
3626 4461 3683 4510 et
3725 4456 3935 4511 divino

2219 4543 2434 4613 judicio
2464 4544 2903 4613 praedestinatus
2962 4544 3027 4598 ad
3060 4560 3310 4615 poenam,
3348 4550 3407 4598 et
3456 4561 3519 4598 ex
3570 4560 3636 4598 eo
3696 4559 3923 4614 cogno-

2222 4646 2463 4697 scamus,
2490 4633 2640 4702 quod
2675 4648 2778 4686 nec
2805 4632 3163 4702 prmscientia
3196 4632 3295 4686 Dei
3335 4634 3645 4701 compellat
3682 4632 3752 4686 ad
3798 4635 3934 4687 cul-

2220 4735 2376 4789 pam,
2412 4736 2515 4773 nec
2548 4720 2977 4790 prmdestinatio
3020 4720 3208 4773 trahat
3257 4721 3325 4774 ad
3373 4736 3625 4791 poenam,
3674 4727 3730 4774 et
3761 4723 3934 4791 quod

2222 4806 2291 4858 de
2321 4806 2505 4877 capite
2538 4808 2870 4872 dixerimus,
2906 4811 2976 4872 de
3008 4825 3246 4878 corpore
3287 4810 3443 4862 illius
3501 4811 3935 4880 intelligamus.

2219 4895 2374 4949 Sicut
2428 4896 2580 4948 enim
2616 4901 2788 4967 caput
2835 4897 3146 4951 electorum
3191 4898 3471 4967 Christus,
3504 4898 3583 4951 sic
3619 4898 3940 4953 Antichri-

2220 4988 2336 5036 stus
2369 4988 2538 5054 caput
2576 4990 2661 5038 est
2718 4985 3142 5056 reproborum:
3190 4992 3241 5041 et
3297 4986 3375 5039 sic
3433 5003 3642 5056 corpus
3706 4986 3941 5044 Christi

2219 5088 2417 5125 omnes
2442 5072 2644 5143 sancti,
2684 5073 2764 5127 ita
2788 5090 2996 5143 corpus
3052 5074 3386 5128 Antichristi
3443 5091 3643 5129 omnes
3701 5075 3848 5146 iniqt
3889 5078 3936 5134 i.

2222 5162 2317 5213 Ille
2348 5167 2500 5215 certe
2524 5162 2698 5215 homo
2726 5162 3068 5232 perditionis
3116 5164 3375 5216 nondum
3428 5169 3594 5216 natus
3632 5167 3688 5215 et
3720 5167 3945 5219 tamen

2209 5249 2328 5317 jam
2364 5250 2486 5318 ejus
2519 5250 2737 5304 malitia
2764 5250 2832 5303 ab
2851 5251 3118 5304 omnibus
3135 5253 3461 5322 pra’scitur,
3489 5252 3610 5321 jam
3643 5250 3708 5304 ad
3740 5251 3946 5307 inter-

2218 5338 2363 5391 itum
2421 5338 2859 5407 pruedestinatus
2913 5355 3035 5392 esse
3093 5357 3207 5393 non
3281 5340 3603 5410 ignoratur,
3669 5340 3739 5393 de
3800 5357 3945 5410 quo

2216 5426 2524 5495 Apostolus
2550 5426 2616 5479 ad
2639 5426 3172 5481 Thessalonicenses
3204 5428 3459 5481 scribi-ns
3499 5428 3578 5481 ait
3623 5428 3695 5497 (Il
3728 5429 3943 5487 Thess.

2216 5515 2268 5569 ιιῖ
2298 5530 2311 5566 :
2348 5537 2371 5557 ‹‹
2410 5514 2485 5567 Ne
2518 5514 2648 5584 quis
2683 5530 2777 5567 vos
2825 5515 3053 5571 seducat
3084 5517 3200 5569 ullo
3236 5516 3426 5583 modo,
3476 5516 3753 5587 quoniam
3802 5518 3943 5574 nisi
