4138 6194
1237 290 1325 344 DE
1370 290 2029 351 PRAEDESTINATIONE
2076 294 2208 350 DEI.
2252 326 2319 335 ——
2359 296 2484 351 LIB.
2530 298 2597 352 ll.
3561 312 3627 362 78

118 419 347 474 venerit
373 419 646 475 discessio
678 419 953 491 primum,
995 424 1050 475 et
1088 421 1371 476 revelatus
1418 423 1592 478 fuerit
1648 425 1821 479 homo
1852 427 1893 479 A
1934 442 2174 496 operum
2232 428 2355 497 ejus
2408 443 2760 498 nequeamus
2807 432 3057 486 rationes
3113 434 3623 505 comprehendere,

119 510 365 579 peccati,
397 508 553 563 ﬁlius
583 510 923 579 perditionis
958 526 972 562 :
1006 510 1105 580 qui
1151 511 1505 579 adversatur,
1541 518 1597 566 et
1645 514 1825 567 extol-

1934 516 2143 568 scimus
2175 516 2330 586 quod
2374 532 2490 569 non
2532 516 2742 586 injuste
2775 520 2992 589 aliquid
3027 520 3177 588 facit,
3213 524 3311 592 qui
3352 529 3438 577 est
3496 524 3627 580 fons

119 598 261 651 litur
288 614 465 668 supra
496 615 664 652 omne
702 600 853 669 quod
890 599 1101 652 dicitur
1135 600 1310 665 Deus;
1345 606 1445 654 aut
1476 602 1705 669 colitur,
1746 602 1824 656 ita
1927 603 2187 673 justitiaz.
2224 605 2543 658 Redeamus
2593 605 2772 674 igitur
2801 608 2869 659 ad
2916 610 3233 678 superiora.
3296 612 3437 667 Cum
3488 630 3624 685 ergo

118 689 182 737 ut
214 684 274 737 in
326 685 547 753 templo
595 684 691 738 Dei
740 685 952 753 sedeat,
996 686 1302 739 ostendens
1333 703 1390 740 se
1438 692 1711 758 tanquam
1754 689 1827 741 sit

119 775 293 827 Deus.
336 794 363 823 ι)
400 775 466 827 Et
502 774 677 844 paulo
711 780 842 844 post
873 790 887 827 :
938 793 964 823 α
1001 774 1180 839 Quem
1215 775 1488 830 Dominus
1530 778 1690 831 Jesus
1738 776 1825 831 in-

117 862 370 916 terﬁciet
432 863 643 933 spiritu
701 863 815 917 oris
872 864 981 930 sui,
1038 868 1093 916 et
1151 864 1406 919 destruet
1445 865 1825 919 illustratione

118 952 407 1006 adventus
462 952 551 1006 sui
601 968 781 1006 eum:
832 953 995 1022 cujus
1049 956 1135 1006 est
1185 953 1464 1007 adventus
1514 954 1826 1008 secundum

119 1041 528 1111 operationem
557 1041 781 1096 Satanzr.
814 1042 872 1095 in
899 1042 1055 1096 omni
1088 1040 1315 1110 virtute,
1350 1041 1551 1112 signis,
1603 1048 1659 1097 et
1706 1060 1828 1113 pro-

120 1130 294 1199 digiis
328 1130 723 1196 mendacibus,
765 1135 822 1184 et
850 1129 910 1183 in
941 1130 1099 1184 omni
1132 1130 1458 1185 seductione
1485 1130 1824 1202 iniquitatis,

120 1219 210 1272 his
242 1218 348 1289 qui
396 1223 663 1289 pereunt,
709 1235 776 1272 eo
817 1219 973 1290 quod
1022 1218 1359 1273 charitatem
1412 1219 1665 1273 veritatis
1714 1237 1829 1274 non

122 1312 496 1378 receperunt,
529 1313 591 1361 ut
621 1308 760 1361 salvi
792 1307 1041 1362 ﬁerent?
1072 1313 1128 1362 et
1157 1308 1286 1362 ideo
1326 1308 1514 1363 mittet
1543 1309 1654 1363 illis
1681 1310 1829 1363 Deus

124 1397 530 1468 operationem
560 1396 787 1460 erroris,
825 1403 890 1451 ut
920 1398 1156 1451 credant
1208 1397 1537 1452 mendacio:
1572 1403 1635 1452 ut
1672 1398 1829 1468 judi-

123 1492 330 1539 centur
361 1503 565 1539 omnes
596 1486 696 1556 qui
727 1503 844 1540 non
875 1486 1242 1539 crediderunt
1284 1487 1525 1555 veritati,
1570 1488 1666 1541 sed
1700 1504 1831 1541 con-

123 1580 438 1628 senserunt
468 1574 780 1644 iniquitati.
818 1596 843 1621 ››
891 1575 986 1628 llis
1040 1576 1295 1644 Apostoli
1345 1576 1550 1643 verbis,
1603 1580 1661 1629 et
1710 1592 1829 1630 ma-

125 1664 251 1718 litia
303 1662 737 1717 demonstratur
793 1663 1148 1729 Antichristi,
1198 1668 1250 1717 ct
1296 1664 1563 1734 perditio,
1622 1668 1677 1718 et
1714 1681 1829 1718 non

126 1753 319 1806 solum
354 1752 501 1821 ejus,
536 1768 733 1806 verum
784 1752 955 1806 etiam
990 1753 1223 1807 illorum
1264 1752 1362 1823 qui
1395 1753 1463 1807 de
1496 1758 1647 1807 sorte
1678 1753 1829 1807 illius

126 1848 319 1896 erunt.
357 1841 504 1895 Cum
536 1840 690 1894 enim
723 1841 1046 1911 appellatur
1077 1842 1247 1895 homo
1287 1842 1524 1912 peccati,
1575 1846 1631 1897 et
1677 1842 1829 1896 ﬁlius

126 1930 493 2002 perditionis,
545 1947 676 1984 cum
722 1930 1053 1983 extollentia
1111 1930 1233 1999 ejus
1265 1936 1423 1985 tanta
1454 1946 1575 1985 esse
1604 1932 1830 1985 denun-

126 2022 325 2086 tiatur,
358 2026 424 2073 ut
456 2036 630 2090 supra
664 2020 841 2073 Deum
875 2020 1144 2086 elevetur,
1197 2024 1254 2073 et
1299 2036 1355 2073 se
1386 2036 1490 2090 pro
1545 2022 1661 2074 Deo
1720 2021 1829 2075 coli

126 2110 282 2176 velit,
303 2109 608 2163 manifeste
631 2108 1001 2178 malignitatis
1022 2110 1141 2178 ejus
1175 2109 1431 2180 nequitia
1467 2110 1825 2164 describitur.

129 2200 271 2252 Cum
304 2214 443 2251 vero
468 2197 716 2251 adventu
750 2197 1058 2251 Salvatoris
1087 2214 1219 2251 eum
1252 2198 1713 2254 interﬁciendum
1745 2205 1828 2254 at-

130 2304 240 2358 que
269 2286 684 2341 destruendum
714 2286 1005 2355 praedicat,
1040 2286 1466 2342 damnationem
1508 2288 1665 2343 illius
1717 2305 1831 2343 ma-

131 2375 338 2428 nifeste
371 2375 659 2444 designat.
717 2376 964 2430 Rursum
1014 2392 1142 2430 cum
1193 2376 1393 2447 signis,
1440 2381 1497 2431 et
1553 2378 1829 2449 prodigiis

131 2464 256 2533 ejus
288 2463 666 2517 mendacibus
695 2464 907 2517 multos
937 2464 1249 2519 credituros
1302 2464 1579 2533 insinuat,
1632 2470 1686 2519 et
1734 2483 1830 2521 eos

126 2552 473 2622 judicandos
514 2569 636 2605 esse
683 2552 1002 2619 denuntiat,
1044 2558 1102 2607 et
1151 2558 1468 2623 peccatum,
1502 2559 1557 2608 et
1602 2571 1829 2624 pinnam

132 2657 334 2693 eorum
368 2641 733 2706 manifestat;
790 2657 905 2712 qua
952 2642 1021 2695 de
1080 2658 1137 2695 re
1167 2658 1297 2695 cum
1356 2643 1424 2696 de
1482 2643 1829 2697 Antichristo

135 2728 268 2783 talia
305 2729 463 2784 dicat
485 2730 809 2801 Apostolus,
862 2745 1053 2783 nonne
1108 2730 1467 2797 demonstrat
1519 2731 1671 2801 quod
1720 2730 1827 2785 ini-

133 2819 319 2889 quitas
359 2819 487 2889 ejus
538 2819 660 2888 jam
691 2816 948 2889 praescita
993 2818 1083 2885 sit,
1118 2822 1173 2872 et
1228 2818 1659 2889 praedestinatus
1708 2819 1832 2890 ipse

132 2907 199 2961 ad
230 2923 469 2977 poenam
501 2907 606 2961 sit?
636 2908 811 2963 homo
853 2907 1099 2979 denique
1150 2907 1260 2961 erit
1298 2907 1492 2961 anima
1541 2908 1829 2975 rationali,

1934 693 2107 747 homo
2136 694 2231 746 ille
2266 693 2719 763 iniquitatisjam
2752 697 3045 765 prmscitus
3070 698 3141 751 sit
3167 700 3347 753 malus
3378 701 3624 769 futurus,

1933 788 1989 835 et
2020 781 2456 851 prmdestinatus
2486 782 2764 837 habeatur
2794 784 2866 837 ad
2898 801 3148 855 poenam,
3188 790 3452 860 nunquid
3488 808 3627 861 pro-

1931 874 2059 940 pter
2081 870 2225 923 hanc
2254 870 2669 939 praescientiam
2731 875 2914 927 malus
2973 874 3098 939 erit,
3160 881 3261 930 aut
3326 886 3629 950 propterea

1932 958 2165 1028 peribit,
2193 958 2327 1028 quia
2357 960 2663 1027 perditioni
2683 960 2990 1031 deputatus
3013 968 3098 1017 est
3120 962 3147 1019 ἵν
3172 963 3331 1028 Quod
3354 966 3401 1020 si
3424 968 3502 1021 ita
3522 974 3626 1037 est,

1934 1061 2050 1099 non
2077 1046 2187 1100 erit
2215 1048 2339 1117 ejus
2370 1048 2554 1117 culpae
2587 1049 2918 1119 malignitas
2950 1051 3123 1115 illius,
3164 1052 3313 1107 unde
3359 1070 3465 1109 nec
3508 1072 3631 1111 me-

1935 1132 2045 1187 rito
2076 1133 2447 1189 damnabitur
2480 1151 2491 1188 :
2526 1136 2624 1189 sed
2666 1136 2815 1190 absit
2860 1143 2921 1191 ut
2956 1138 3102 1191 Deus
3123 1138 3295 1193 alicui
3342 1140 3417 1195 sit
3463 1159 3632 1197 causa

1934 1238 2049 1293 quo
2076 1224 2260 1277 malus
2291 1223 2410 1290 ﬁat,
2446 1229 2545 1278 aut
2573 1224 2828 1295 aliquem
2859 1226 3093 1282 damnet
3141 1228 3241 1298 qui
3294 1245 3409 1283 non
3470 1231 3629 1285 dam-

1937 1309 2063 1363 nari
2096 1315 2413 1379 mereatur;
2456 1328 2586 1367 cum
2619 1314 2895 1385 scriptum
2929 1314 3001 1369 sit
3032 1331 3045 1370 :
3084 1336 3110 1367 α
3136 1317 3407 1372 Universa
3457 1336 3634 1391 opera

1938 1398 2170 1453 Domini
2209 1399 2621 1467 misericordia,
2663 1409 2720 1457 et
2778 1404 2984 1458 veritas
3034 1405 3201 1475 (Psal.
3248 1423 3399 1461 xxxv.
3456 1411 3562 1477 10).
3603 1429 3630 1462 ν

1937 1488 2049 1543 Sua
2074 1488 2250 1559 igitur
2301 1490 2467 1559 culpa
2495 1491 2821 1559 damnatur,
2867 1493 3129 1564 quisquis
3185 1496 3445 1552 aJudice
3485 1499 3636 1553 veri-

1938 1578 2069 1631 tatis
2098 1578 2425 1631 damnatur.
2459 1578 2818 1650 Quapropter
2844 1581 3020 1635 homo
3040 1581 3479 1654 illeiniquitatis
3516 1601 3634 1639 non

1940 1665 2151 1721 idcirco
2182 1666 2418 1737 iniquus
2450 1668 2579 1733 erit,
2615 1668 2751 1739 quia
2774 1670 2901 1723 talis
2931 1670 3159 1724 futurus
3178 1687 3300 1726 esse
3342 1674 3633 1743 praescitus

1940 1759 2045 1821 est,
2117 1756 2217 1809 sed
2273 1772 2375 1810 sua
2434 1756 2726 1810 voluntate
2784 1757 3125 1829 delinquens
3184 1761 3630 1831 malignabitur:

1939 1844 2085 1898 sicut
2112 1860 2230 1899 non
2257 1845 2385 1899 ideo
2424 1845 2609 1915 poenis
2654 1845 2934 1915 gehennae
2974 1848 3219 1902 traditur
3265 1850 3627 1917 cruciandus,

1939 1930 2038 2001 qui
2062 1932 2183 2001 jam
2233 1932 2675 2002 praedestinatus
2715 1933 2789 1987 ad
2826 1950 3025 2003 pinnas
3081 1940 3184 2002 est,
3246 1936 3340 1990 sed
3400 1940 3637 2007 propter

1938 2035 2173 2074 suarum
2252 2021 2480 2090 pondus
2534 2021 2933 2093 iuiquitatum,
2966 2028 3203 2093 propter
3273 2042 3415 2095 quas
3459 2025 3633 2080 etiam

1940 2123 2091 2162 nunc
2119 2109 2556 2179 praedestinatus
2586 2114 2670 2164 est
2699 2110 2767 2163 ad
2811 2116 3059 2164 mortem
3092 2127 3106 2165 :
3142 2111 3252 2164 nisi
3284 2112 3432 2166 forte
3481 2113 3635 2167 dicat

1940 2197 2147 2268 aliquis
2176 2214 2310 2253 eum
2342 2215 2456 2253 non
2494 2198 2968 2270 praedestinatum
2999 2200 3069 2254 ad
3117 2199 3437 2254 interitum.
3490 2202 3633 2255 Cum

1940 2285 2093 2341 dicat
2121 2287 2430 2357 Apostolus
2461 2306 2489 2339 ι
2520 2304 2649 2342 cum
2684 2288 2892 2359 spiritu
2926 2289 3039 2343 oris
3084 2290 3172 2343 sui
3205 2290 3513 2344 Dominum
3543 2292 3635 2345 Je-

1941 2375 2540 2444 suminterfecturum,
2575 2382 2631 2431 et
2660 2378 2936 2433 adventus
2960 2378 3048 2432 sui
3079 2380 3382 2449 praesentia
3409 2379 3633 2433 destru-

1939 2470 2168 2519 cturum
2200 2467 2281 2532 (ll
2319 2467 2473 2520 Thes.
2509 2482 2568 2532 ιι,
2602 2468 2678 2535 8).
2719 2488 2738 2513 ι
2795 2468 2859 2521 Et
2892 2467 3140 2522 Joannes
3178 2467 3236 2522 in
3295 2468 3635 2538 Apocalypsi

1940 2569 2043 2607 sua
2087 2553 2191 2608 sub
2224 2554 2410 2623 ﬁgura
2454 2554 2652 2609 bestiae
2698 2555 2767 2609 de
2817 2555 2917 2609 illo
2966 2556 3252 2627 loquens:
3300 2576 3327 2607 ι(
3363 2557 3567 2623 Bestia,
3607 2578 3630 2603 ιι

1939 2642 2151 2713 inquit,
2187 2664 2215 2693 «
2246 2659 2420 2714 quam
2443 2644 2683 2711 vidistis,
2715 2644 2825 2698 fuit
2854 2649 2911 2698 et
2943 2660 3059 2699 non
3091 2650 3197 2714 est,
3229 2649 3285 2699 et
3335 2661 3637 2699 ascensura

1940 2734 2025 2783 est
2053 2730 2122 2785 de
2161 2730 2386 2801 abysso,
2446 2736 2502 2785 et
2555 2731 2616 2785 in
2663 2730 2965 2786 interitum
3006 2733 3129 2799 ibit,
3175 2739 3232 2788 et
3271 2734 3637 2789 mirabuntur

1940 2818 2329 2874 inhabitantes
2349 2824 2581 2887 terram,
2609 2836 2854 2891 quorum
2874 2837 2991 2875 non
3012 2827 3143 2877 sunt
3163 2822 3401 2877 nomina
3424 2822 3637 2893 scripta

1941 2907 2001 2961 in
2034 2907 2181 2962 libro
2213 2908 2343 2963 vitae
2375 2925 2404 2962 a
2432 2909 2839 2964 constitutione
2881 2910 3083 2965 mundi
3114 2912 3307 2981 (Apoc.
3339 2927 3473 2975 xvn,
3504 2914 3578 2980 8).
3606 2931 3633 2964 ››

131 3001 185 3048 et
223 3012 400 3049 carne
431 2995 765 3062 consistens,
788 2995 857 3049 de
880 2995 1346 3065 prima'parente,
1376 2995 1528 3049 unde
1559 3000 1615 3050 et
1635 3012 1831 3051 omnes
1863 3033 1903 3087 Ο
1946 2996 2051 3051 Ubi
2082 2996 2401 3050 notandum
2433 2997 2569 3068 quia
2597 3014 2712 3052 non
2744 2999 2926 3053 solum
2985 2999 3045 3052 in
3070 2999 3365 3054 interitum
3398 3000 3636 3056 bestiam

134 3084 400 3138 homines
433 3084 646 3138 ducens
685 3083 965 3155 originem
1003 3100 1015 3137 :
1048 3084 1243 3155 itaque
1281 3086 1585 3155 Apostolus
1616 3101 1747 3139 eum
1778 3090 1833 3139 et

138 3173 462 3238 hominem,
494 3178 552 3226 et
598 3172 784 3226 ﬁlium
815 3172 1153 3243 perditionis
1184 3173 1500 3244 appellans,
1534 3176 1695 3243 cujus
1726 3175 1835 3227 erit

133 3260 483 3316 conditionis
514 3260 785 3315 insinuat.
823 3261 886 3315 Et
916 3276 1245 3333 quanquam
1280 3278 1374 3315 vas
1419 3261 1631 3316 diaboli
1672 3260 1834 3315 futu-

133 3367 261 3405 rum
288 3351 382 3417 sit,
420 3354 612 3404 tamen
641 3349 749 3403 hoc
782 3349 912 3417 erit,
966 3350 1115 3421 quod
1148 3356 1281 3404 sunt
1306 3351 1518 3417 caeteri,
1551 3350 1621 3405 de
1651 3348 1831 3405 Adam

133 3439 453 3494 nativitatis
513 3438 812 3492 exordium
863 3440 1175 3493 trahentes.
1227 3440 1369 3494 Cum
1409 3438 1489 3492 ita
1533 3439 1622 3503 sit,
1689 3438 1836 3492 sicut

134 3528 399 3583 nondum
435 3533 605 3582 natus
635 3528 864 3583 existit:
908 3528 985 3582 ita
1014 3528 1259 3583 necdum
1293 3528 1506 3599 aliquid
1539 3528 1623 3581 vel
1672 3527 1830 3587 boni.

132 3620 217 3672 vel
272 3617 421 3672 mali
451 3618 618 3685 fecit;
655 3617 778 3687 jam
826 3623 1019 3672 tamen
1074 3617 1548 3689 praedestinatum
1599 3632 1731 3670 eum
1764 3618 1835 3670 ad

134 3723 365 3779 pcenam
400 3723 523 3760 esse
572 3706 879 3778 Apostolus
933 3706 1090 3761 testis
1144 3710 1246 3760 est.
1308 3705 1576 3777 Nunquid
1640 3709 1835 3759 tamen

134 3801 442 3867 propterea
490 3795 631 3866 quia
686 3796 982 3866 praescitus
1028 3800 1113 3850 est
1160 3794 1342 3849 malus
1406 3795 1655 3862 futurus,
1710 3793 1836 3847 ideo

136 3887 319 3938 malus
351 3885 465 3939 erit
495 3901 507 3938 :
543 3890 645 3939 aut
682 3885 818 3957 quia
851 3884 1294 3955 praadestinatus
1343 3884 1407 3938 ad
1438 3899 1670 3955 poenam
1716 3882 1834 3953 jam

136 3990 289 4028 nunc
319 3978 428 4041 est,
473 3974 683 4029 idcirco
711 3974 1071 4030 damnandus
1103 3973 1255 4027 erit?
1284 3974 1433 4044 quod
1465 3973 1513 4027 si
1540 3973 1689 4029 dicat
1734 3972 1836 4026 ali-

138 4063 267 4134 quis
300 4064 443 4135 quia
474 4081 572 4117 vas
601 4064 956 4131 diabolierit,
984 4069 1041 4118 et
1055 4079 1160 4134 per
1185 4079 1316 4117 eum
1346 4063 1581 4117 Satanas
1605 4061 1839 4116 malitiae

141 4169 253 4206 sua:
286 4169 523 4224 poenam
555 4154 859 4220 exercebit,
907 4153 1116 4207 idcirco
1158 4168 1286 4207 cum
1333 4168 1399 4206 eo
1447 4152 1569 4221 jam
1600 4151 1835 4205 damna-

140 4241 279 4295 tioni
301 4241 612 4312 deputatus
634 4241 902 4307 habetur;
936 4240 981 4295 si
1004 4241 1175 4294 homo
1198 4240 1295 4294 ille
1313 4255 1344 4293 a
1366 4238 1596 4293 diabolo
1618 4242 1839 4292 creatus

1945 3085 2026 3137 ire
2058 3083 2360 3153 signiﬁcat,
2411 3100 2607 3138 verum
2641 3086 2812 3138 etiam
2864 3085 2993 3139 illos
3026 3102 3273 3155 quorum
3327 3102 3444 3140 non
3503 3092 3640 3140 sunt

1941 3171 2177 3226 nomina
2209 3171 2418 3241 scripta
2446 3171 2504 3224 in
2556 3171 2700 3225 libro
2732 3171 2863 3224 vita:
2896 3172 3363 3225 aconstitutione
3414 3174 3634 3227 mundi.

1946 3260 2018 3312 Ex
2051 3275 2165 3327 quo
2201 3263 2441 3330 apparet
2474 3260 2546 3314 ad
2592 3260 2889 3314 interitum
2941 3259 3047 3325 ire,
3096 3259 3197 3331 qui
3230 3276 3347 3314 non
3390 3266 3523 3315 sunt
3568 3262 3637 3316 de

1942 3362 2186 3401 numero
2225 3348 2558 3402 electorum.
2597 3350 2673 3403 De
2704 3364 2947 3403 numero
2988 3348 3301 3403 electorum
3338 3366 3453 3404 non
3484 3354 3637 3416 sunt,

1943 3437 2044 3507 qui
2072 3453 2189 3491 non
2217 3443 2345 3491 sant
2376 3437 2571 3507 scripti
2611 3438 2671 3492 in
2716 3438 2862 3492 libro
2913 3438 3075 3503 vitae;
3106 3437 3192 3493 illi
3243 3439 3399 3493 enim
3452 3439 3640 3510 perire

1945 3542 2059 3580 non
2092 3530 2351 3596 possunt.
2408 3526 2683 3582 Peribunt
2738 3532 2955 3589 autem,
3007 3528 3108 3598 qui
3166 3544 3285 3583 non
3339 3533 3470 3582 sunt
3525 3528 3641 3583 illic

1946 3613 2140 3684 scripti
2181 3613 2251 3667 ab
2305 3614 2470 3668 initio
2524 3616 2739 3670 saeculi.
2794 3616 2956 3680 Quod
3004 3616 3051 3670 si
3103 3617 3174 3671 ab
3213 3616 3377 3671 initio
3447 3617 3641 3671 seaculi

1946 3702 2140 3773 scripti
2172 3718 2287 3756 non
2338 3710 2471 3757 sunt
2509 3706 2569 3758 in
2622 3705 2765 3759 libro
2796 3704 2949 3772 vitae,
2998 3704 3067 3759 ad
3118 3706 3291 3759 vitam
3325 3721 3439 3760 non
3471 3706 3643 3777 perti-

1947 3795 2124 3845 nent:
2180 3796 2235 3845 et
2275 3790 2483 3845 idcirco
2528 3793 2598 3846 ad
2645 3793 2850 3848 mortis
2899 3809 3128 3863 poenam
3179 3794 3435 3865 deputati
3484 3799 3637 3851 sunt.

1948 3881 2092 3933 Item
2120 3879 2188 3933 de
2239 3880 2436 3934 eadem
2472 3880 2653 3934 bestia
2696 3881 2756 3934 in
2805 3882 3005 3935 eodem
3039 3882 3188 3936 libro
3221 3899 3233 3936 :
3293 3903 3320 3933 (ι
3352 3885 3416 3937 Et
3461 3883 3642 3937 bestia

1948 3984 2077 4039 quae
2098 3974 2240 4037 erat,
2275 3974 2331 4023 et
2362 3985 2476 4023 non
2502 3973 2604 4034 est,
2638 3975 2693 4023 et
2714 3969 2838 4040 ipsa
2868 3975 3063 4024 octava
3094 3976 3198 4038 est,
3231 3978 3288 4025 et
3325 3972 3393 4027 de
3423 3977 3641 4041 septem

1948 4061 2052 4123 est,
2095 4061 2151 4111 et
2182 4057 2263 4131 in
2294 4058 2591 4112 interitum
2622 4059 2777 4113 vadit
2823 4059 3020 4125 (Ibid,
3068 4063 3174 4129 lt).
3212 4083 3238 4109 υ
3293 4060 3406 4115 Sub
3455 4060 3642 4130 specie

1948 4146 2141 4201 bestiae
2172 4146 2580 4201 Antichristum
2613 4148 2940 4218 designans,
2972 4154 3028 4202 et
3057 4164 3188 4204 eum
3224 4150 3294 4203 ad
3347 4150 3639 4203 interitum

1947 4235 2419 4306 praedestinatum
2452 4236 2775 4293 insinuans.
2815 4238 2998 4307 Igitur
3045 4254 3173 4293 cum
3207 4238 3643 4309 praedestinatus

142 4334 306 4394 esset,
334 4329 425 4382 vel
458 4329 579 4398 ipse
609 4329 868 4383 diabolus
897 4334 1065 4396 esset,
1092 4328 1222 4399 jure
1254 4328 1362 4382 hoc
1412 4327 1724 4394 diceretur;
1778 4330 1835 4380 at
1867 4338 1908 4391 1)
1948 4324 2019 4377 sit
2049 4324 2117 4378 ad
2166 4323 2484 4391 interitum,
2534 4341 2647 4379 non
2688 4331 2991 4396 propterea
3030 4327 3289 4381 interibit
3319 4327 3453 4398 quia
3497 4344 3643 4399 pras-

145 4434 274 4471 vero
308 4432 443 4470 cum
480 4416 581 4470 Dei
610 4421 870 4471 creatura
906 4416 1014 4471 erit
1043 4433 1172 4470 cum
1205 4416 1275 4471 de
1335 4415 1537 4470 eodem
1576 4421 1835 4486 parente,

146 4520 255 4574 quo
286 4504 479 4557 cuncti
515 4510 831 4559 nascuntur
866 4504 1149 4563 homines.
1211 4508 1496 4570 nascetur,
1554 4518 1685 4557 cum
1739 4502 1839 4556 Dei

146 4593 435 4658 manibus,
463 4596 519 4646 et
562 4594 897 4663 plasmatus,
931 4599 988 4647 et
1046 4593 1226 4647 factus
1275 4594 1404 4660 erit,
1464 4608 1591 4645 cum
1662 4592 1837 4645 homo

145 4699 322 4752 purus
344 4681 457 4735 erit
486 4682 679 4735 anima
717 4682 980 4735 rationali
1006 4685 1063 4735 et
1120 4697 1289 4736 carne
1342 4681 1679 4750 subsistens,
1741 4695 1842 4733 cur

148 4770 373 4825 diabolo
406 4775 564 4825 tanta
591 4776 840 4842 potestas
870 4771 939 4825 de
966 4787 1032 4825 eo
1056 4771 1303 4836 dabitur,
1345 4775 1407 4823 ut
1434 4786 1530 4823 vas
1571 4769 1695 4839 ejus
1743 4785 1840 4823 ac—

148 4860 541 4932 ceptissimum
594 4858 914 4914 habeatur?
959 4861 1160 4914 Nonne
1206 4858 1297 4913 hic
1376 4873 1506 4911 cum
1566 4856 1840 4927 Apostolo

148 4949 451 5003 dicendum
483 4952 570 5003 est
603 4965 616 5000 :
654 4970 676 4998 ι
712 4949 754 5004 Ο
786 4948 979 5015 homo,
1012 4952 1071 5002 tu
1108 4947 1236 5019 quis
1267 4963 1342 5011 es,
1375 4946 1474 5017 qui
1497 4945 1843 5016 respondeas

151 5040 293 5092 Deo?
321 5042 535 5093 Annon
569 5036 741 5091 habet
771 5042 1112 5107 potestatem
1162 5036 1372 5107 ﬁgulus
1403 5034 1510 5089 luti
1538 5035 1609 5089 de
1640 5033 1842 5088 eodem

143 5127 255 5181 luto
281 5126 437 5181 aliud
473 5125 706 5197 quidem
738 5142 834 5179 vas
856 5127 1073 5196 tingere
1104 5126 1161 5179 in
1186 5127 1465 5179 honorem
1491 5128 1547 5177 et
1576 5122 1731 5177 aliud
1784 5124 1843 5177 in

147 5215 550 5269 contumeliam
603 5216 770 5279 (Rom.
803 5231 875 5281 ις,
912 5214 1044 5281 20)?
1086 5236 1113 5263 ››
1146 5216 1214 5268 Et
1247 5230 1259 5268 :
1291 5232 1319 5264 α
1347 5213 1390 5267 Ο
1424 5212 1663 5266 altitudo
1694 5211 1841 5266 divi-

154 5304 347 5359 tiarum
370 5303 679 5374 sapientia:
709 5308 766 5356 et
794 5302 1045 5356 scientia:
1079 5300 1205 5355 Dei!
1239 5301 1419 5364 Quam
1450 5299 1844 5353 inscrutabilia

153 5393 521 5463 suntjudicia
568 5392 713 5462 ejus,
770 5396 826 5445 et
874 5390 1303 5461 investigabiles
1332 5389 1438 5443 vim
1488 5388 1655 5458 ejus:
1714 5388 1843 5458 quis

156 5483 406 5551 cognovit
437 5496 674 5535 sensum
711 5479 956 5547 Domini,
1012 5482 1109 5533 aut
1139 5478 1267 5549 quis
1310 5478 1469 5548 prior
1497 5476 1654 5531 dedit
1683 5476 1755 5542 ei,
1790 5480 1847 5530 et

156 5571 486 5626 retribuetur
516 5567 614 5623 ei?
639 5568 830 5638 (Rom.
853 5584 927 5634 ιι,
958 5569 1047 5633 33,
1080 5566 1188 5638 34).
1222 5587 1250 5615 ››
1282 5564 1552 5630 Quamvis
1582 5564 1845 5619 omnium

1950 4412 2267 4468 destinatus
2288 4417 2373 4467 est
2400 4414 2470 4468 ad
2500 4414 2628 4480 hoc,
2674 4415 2774 4468 sed
2817 4420 3054 4486 propter
3086 4416 3401 4486 nequitiam
3456 4432 3639 4483 suam,

1947 4507 2186 4573 propter
2214 4517 2386 4573 quam
2438 4502 2879 4571 praedestinatus
2931 4520 3053 4557 esse
3092 4504 3454 4574 cognoscitur
3506 4521 3644 4575 per-

1950 4588 2179 4643 ditioni.
2216 4589 2371 4643 Sicut
2396 4589 2572 4659 igitur
2602 4590 2697 4643 ille
2729 4592 3025 4660 praescitus
3048 4596 3134 4645 est
3163 4592 3451 4661 malignus
3483 4592 3643 4646 futu-

1951 4694 2070 4746 rus,
2097 4682 2153 4732 et
2180 4677 2613 4749 praedestinatus
2656 4679 2726 4733 ad
2761 4679 3083 4746 interitum,
3132 4696 3236 4734 nec
3268 4685 3459 4734 tamen
3510 4698 3643 4751 pro-

1949 4772 2081 4836 pter
2120 4766 2219 4821 Dei
2254 4766 2694 4838 praescientiam,
2728 4768 2843 4822 sive
2902 4768 3497 4840 prazdestinationem;
3555 4772 3642 4826 vel

1952 4856 2239 4927 mallgnus
2288 4856 2418 4924 erit,
2452 4857 2537 4909 vel
2597 4856 2878 4924 interibit,
2921 4858 3016 4912 scd
3065 4858 3303 4929 propria
3354 4859 3644 4913 voluntate

1951 4944 2049 4997 ﬁet
2108 4944 2311 5009 malus,
2370 4948 2425 4997 et
2456 4950 2694 5016 propter
2730 4945 3160 5001 multitudinem
3214 4948 3643 5018 malignitatum

1953 5048 2186 5085 suarum
2258 5031 2502 5102 peribit;
2601 5033 2679 5087 sic
2756 5033 3034 5088 nimirum
3118 5051 3319 5089 omnes
3392 5033 3642 5104 reprobi,

1952 5136 2083 5174 cum
2105 5122 2218 5175 sint
2265 5120 2512 5192 praesciti
2549 5123 2708 5189 mali,
2750 5128 2806 5177 et
2851 5123 3242 5193 praedestinati
3283 5124 3350 5177 ad
3392 5137 3641 5193 pcenam,

1956 5226 2069 5263 non
2112 5215 2307 5264 tamen
2346 5215 2580 5281 propter
2634 5211 2733 5265 Dei
2779 5212 3199 5281 praescientiam
3255 5211 3390 5265 mali
3459 5209 3644 5265 effecti

1954 5302 2103 5365 sunt,
2164 5303 2259 5353 aut
2313 5298 2638 5353 efﬁcientur
2670 5316 2684 5366 ;
2718 5300 2815 5353 sed
2848 5304 3083 5371 propter
3138 5299 3288 5371 quod
3343 5299 3523 5353 libero
3554 5317 3648 5354 vo-

1953 5386 2186 5441 luntatis
2217 5386 2453 5442 arbitrio
2486 5388 2905 5459 malignitatem
2937 5387 3157 5458 operati
3186 5392 3338 5442 sunt.
3378 5389 3463 5443 Ita
3501 5405 3648 5460 quo-

1956 5490 2065 5545 que
2098 5491 2215 5529 non
2250 5475 2484 5545 idcirco,
2531 5476 2668 5547 quia
2717 5476 3104 5547 praedestinati
3131 5480 3265 5531 sunt
3294 5477 3361 5532 ad
3418 5494 3646 5549 poenam

1954 5562 2408 5634 torquebantur;
2466 5564 2562 5618 sed
2622 5564 2759 5634 quia
2809 5566 3063 5618 fecerunt
3093 5564 3248 5630 talia,
3298 5582 3403 5636 pro
3442 5567 3651 5639 quibus
