4138 6186
447 332 520 385 79

1606 314 1963 375 RATRAMNI
2000 312 2461 371 CORBEIENSIS
2494 311 2806 369 MON.\CHI

3893 316 3956 369 80

451 475 685 531 poenam
716 456 905 512 subire
938 453 1329 510 merebantur.
1367 452 1509 507 Nam
1553 450 1622 505 de
1653 450 1864 522 quibus
1893 448 1970 503 ait
2002 451 2148 518 Apo-
2174 448 2215 499 A
2256 462 2384 501 sum
2416 451 2502 501 est
2531 446 2601 500 de
2634 447 2748 501 Deo
2780 445 2989 499 sentire
3022 444 3171 516 quod
3198 466 3225 495 «
3257 444 3391 500 fecit
3419 461 3548 517 qua:
3577 444 3774 501 futura
3829 451 3958 501 sunt

454 549 637 602 stolus
686 544 838 616 quod
892 563 919 595 α
974 542 1113 613 quia
1173 541 1475 597 veritatem
1519 555 1634 593 non
1688 541 2048 609 receperunt,
2101 541 2165 589 ut

454 635 598 690 salvi
630 634 859 699 ﬁerent,
893 632 1020 686 ideo
1051 631 1243 685 mittet
1282 629 1395 683 illis
1432 630 1580 684 Deus
1611 628 2001 699 operationem
2044 642 2161 679 er--

457 724 633 793 roris,
688 730 754 776 ut
803 722 1040 776 credant
1088 718 1425 785 mendacio;
1462 722 1521 771 ut
1547 717 1879 788 judicentur
1934 731 2155 793 omnes,

457 812 557 884 qui
589 827 704 865 non
748 810 1116 864 crediderunt
1164 807 1422 873 veritati;
1454 806 1551 860 sed
1596 808 2009 860 consenserunt
2046 803 2156 856 ini-

453 899 663 972 quitati
695 901 768 966 (II
804 899 983 952 Thess.
1018 896 1099 967 ιι).
1127 915 1155 947 »
1188 896 1384 949 Nonne
1418 895 1523 949 hos
1556 909 1754 949 omnes
1783 898 1840 947 et
1870 892 2159 963 prmscitos

456 1004 579 1042 esse
645 989 869 1040 constat
914 985 1098 1038 malos
1132 984 1376 1051 futuros,
1410 988 1467 1036 et
1514 998 1627 1036 non
1684 979 1958 1051 ignorari,
2001 977 2156 1051 quod

460 1077 529 1131 ad
567 1080 775 1129 sortem
809 1074 1136 1144 pertineant
1167 1070 1616 1126 damnatorum?
1646 1069 1810 1134 Quod
1841 1068 1885 1122 si
1905 1069 1972 1122 ad
2001 1068 2156 1122 dam-

457 1170 725 1220 natorum
764 1170 975 1217 sortem
1007 1161 1318 1233 pertinent,
1361 1177 1551 1215 nonne
1609 1159 1679 1214 ad
1721 1174 1845 1213 eam
1895 1156 2155 1228 deputati

456 1253 627 1309 sunt?
657 1258 714 1308 et
742 1252 789 1306 si
819 1252 889 1306 ad
914 1250 1073 1306 illam
1101 1250 1359 1321 deputati
1385 1254 1538 1316 sunt,
1580 1264 1773 1303 nonne
1805 1246 1974 1301 etiam
2001 1263 2153 1317 pras—

454 1342 727 1400 destinati
747 1340 921 1395 sunt?
958 1341 1084 1395 Non
1134 1344 1328 1395 tamen
1356 1339 1563 1394 idcirco
1597 1337 1732 1409 quia
1760 1336 2153 1408 prmdestinati

454 1436 764 1503 propterea
796 1429 1129 1499 damnandi,
1184 1429 1329 1483 sicut
1384 1444 1501 1483 non
1534 1433 1839 1499 propterea
1879 1424 2015 1480 mali
2061 1424 2148 1479 fu-

454 1520 569 1575 turi
613 1524 767 1587 sunt,
827 1519 963 1590 quia
1020 1520 1130 1573 hoc
1186 1536 1282 1573 eos
1328 1518 1548 1573 futuros
1592 1515 2011 1587 prescientiam
2052 1513 2149 1569 Dei

455 1624 574 1662 non
642 1608 800 1661 latet.
867 1606 1302 1661 Damnabuntur
1357 1605 1511 1659 enim
1570 1608 1806 1674 propter
1866 1602 2147 1655 malitiam

457 1713 641 1763 suam,
676 1712 793 1750 non
820 1701 1057 1766 propter
1102 1695 1201 1749 Dei
1231 1693 1817 1765 prmdestiuationem.
1859 1690 2149 1756 Quemad-

457 1782 692 1836 modum
740 1780 879 1833 mali
928 1780 1107 1833 futuri
1154 1784 1287 1833 sunt
1343 1783 1649 1850 propterea
1682 1777 1834 1849 quod
1893 1777 1997 1830 hoc
2028 1790 2149 1829 esse
2180 1768 2221 1822 Β

455 1868 708 1940 pr0pria2
760 1867 1071 1921 voluntatis
1114 1866 1350 1921 arbitrio
1380 1867 1714 1937 elegerant:
1750 1881 1866 1918 non
1913 1868 2151 1935 propter

457 1958 711 2012 divinam
741 1956 1182 2027 praescientiam.
1212 1956 1372 2020 Quod
1406 1956 1451 2008 si
1500 1954 1921 2026 praescientiam
1966 1954 2151 2008 malo-

458 2062 610 2115 rum,
651 2061 765 2099 non
819 2049 1011 2099 autem
1044 2044 1614 2114 praedestinationem
1670 2044 1975 2115 quisquam
2030 2059 2151 2097 esse

457 2134 837 2199 contenderit,
883 2150 949 2187 eo
990 2134 1143 2203 quod
1196 2132 1480 2204 quidquid
1533 2132 2002 2203 praedestinatum
2045 2135 2151 2201 est,

458 2236 687 2276 necesse
714 2224 801 2275 est
829 2225 891 2274 ut
931 2220 1069 2287 fiat;
1110 2220 1215 2273 hoc
1247 2219 1418 2273 etiam
1446 2223 1502 2273 et
1540 2219 1608 2273 de
1634 2219 1993 2290 prmscientia
2023 2234 2151 2273 sen-

457 2310 719 2365 tiendum
758 2313 861 2364 est.
909 2308 1200 2379 Quidquid
1236 2308 1387 2362 enim
1430 2309 1657 2378 praescit
1695 2308 1864 2376 Deus,
1896 2308 2154 2363 futurum

458 2400 582 2453 sine
613 2399 789 2454 dubio
818 2398 945 2465 erit,
988 2414 1092 2452 nec
1125 2399 1295 2453 aliter
1327 2398 1437 2452 erit
1470 2398 1964 2469 quemadmodum
2003 2414 2153 2468 prte-

458 2490 662 2543 scitum
693 2493 800 2557 est,
835 2487 1112 2560 quoniam
1144 2486 1191 2540 si
1222 2503 1356 2541 vera
1412 2491 1517 2553 est,
1548 2486 1909 2557 praescientia
1957 2490 2059 2554 est,
2110 2486 2153 2540 si

460 2594 593 2633 vero
625 2593 738 2631 non
766 2583 853 2633 est
880 2592 1164 2646 vera,non
1194 2576 1672 2647 estpraescientia.
1698 2577 1817 2641 Qua
1830 2576 1897 2631 de
1913 2592 1973 2630 re
1994 2575 2157 2647 quid-

461 2667 601 2738 quid
634 2668 786 2721 Deus
818 2666 1045 2738 prmscit
1073 2666 1399 2720 faciendum
1441 2666 1552 2721 erit
1597 2666 1719 2720 sine
1765 2666 1961 2732 dubio,
1996 2670 2053 2719 et
2078 2665 2158 2719 sic

461 2757 569 2811 erit
598 2755 1089 2827 quemadmodum
1139 2755 1460 2826 praescitur.
1497 2757 1676 2820 Quem
1707 2769 1957 2824 namque
2004 2770 2159 2824 prae-

461 2845 567 2899 scit
616 2845 687 2899 de
718 2860 959 2899 numero
987 2845 1301 2899 electorum
1352 2860 1494 2911 esse,
1556 2842 1605 2896 is
1645 2843 1753 2897 erit
1799 2842 1923 2897 sine
1983 2842 2157 2897 dubio

461 2935 671 2988 electus
701 2950 714 2988 :
748 2950 918 3006 quem
952 2949 1086 2987 vero
1116 2933 1341 3003 praescit
1366 2933 1435 2988 de
1482 2947 1722 2986 numero
1759 2930 2158 3002 reproborum,

461 3024 571 3078 erit
617 3023 739 3078 sine
771 3023 950 3077 dubio
1011 3023 1312 3094 reprobus.
1368 3023 1735 3092 Quapropter
1773 3020 2045 3092 quoniam
2102 3026 2160 3075 et

459 3112 563 3167 hos
602 3117 657 3167 et
694 3112 824 3167 illos
866 3112 982 3182 jam
1019 3112 1143 3178 scit,
1193 3115 1249 3165 et
1289 3111 1360 3166 ab
1408 3110 1575 3165 iuitio
1619 3110 1811 3165 saeculi
1850 3110 2153 3181 praescivit,

458 3201 546 3256 illi
581 3207 753 3256 erunt
792 3202 981 3270 electi,
1021 3217 1167 3273 quos
1214 3202 1423 3255 electos
1477 3216 1598 3254 esse
1636 3199 1941 3271 praescivit,
1978 3203 2033 3254 et
2075 3199 2159 3253 illi

460 3291 715 3362 reprobi.
749 3307 893 3362 quos
924 3290 1189 3344 similiter
1240 3290 1519 3360 reprobos
1563 3304 1684 3342 esse
1740 3288 2046 3359 praescii/it,
2104 3292 2162 3341 et

464 3381 583 3435 noti
616 3384 750 3433 sunt
781 3380 918 3445 Deo,
941 3384 997 3432 et
1026 3377 1084 3431 hi
1104 3382 1160 3431 et
1188 3376 1294 3431 illi.
1324 3378 1445 3442 Qua
1467 3378 1536 3432 de
1568 3393 1629 3431 re
1663 3376 1707 3429 si
1731 3375 2157 3447 prmdestinatio

461 3472 767 3540 propterea
794 3466 1130 3536 refugienda
1161 3470 1266 3533 est,
1297 3466 1433 3536 quia
1462 3465 1745 3537 quidquid
1783 3464 2159 3536 praedestina-

461 3563 587 3611 tum
617 3560 705 3609 est
730 3553 1091 3609 immutabile
1115 3554 1235 3625 (est,
1270 3552 1610 3625 refugienda
1639 3553 1997 3624 praescientia
2052 3556 2155 3619 est,

462 3645 596 3716 quia
625 3642 907 3715 quidquid
952 3643 1281 3713 prmscitum
1322 3647 1407 3697 est
1450 3642 1808 3696 immutabile
1840 3646 1945 3696 est.
1994 3641 2157 3706 Quod

463 3733 510 3788 si
554 3731 915 3804 prtescientia
957 3730 1395 3785 omniscientcm
1439 3731 1539 3786 Dei
1588 3731 1975 3803 cognitionem
2019 3731 2158 3786 insi-

462 3827 622 3887 nuat,
679 3836 797 3875 non
858 3825 1049 3875 autem
1110 3820 1363 3892 aliquem
1407 3820 1475 3875 ad
1525 3826 1823 3891 peccatum
1879 3820 2054 3891 cogit,
2104 3825 2160 3874 et

462 3910 895 3982 prtedestinatio
940 3925 1181 3980 operum
1240 3909 1568 3964 divinorum
1613 3910 2158 3980 praeordinationem

462 4003 519 4053 et
546 4000 1029 4070 praeparationem
1055 3998 1359 4069 signiﬁcat,
1392 3999 1616 4054 nullum
1649 4004 1840 4053 autem
1871 4002 1939 4054 ad
1963 4015 2160 4071 poenas

462 4088 727 4159 impellit,
761 4104 875 4142 non
905 4094 989 4140 est
1012 4103 1113 4141 cur
1141 4087 1498 4158 prmscientia
1538 4087 1869 4158 recipiatur,
1912 4094 1967 4143 et
2004 4104 2157 4159 pras-

464 4176 775 4231 destinatio
810 4176 1122 4230 abdicetur.
1171 4176 1327 4231 Sicut
1374 4176 1529 4231 enim
1578 4176 1743 4247 pium
1795 4183 1968 4249 atque
2022 4178 2158 4232 reli-

466 4264 694 4335 giosum
723 4270 808 4319 est
834 4266 905 4319 de
940 4265 1053 4319 Deo
1084 4265 1261 4332 credi,
1305 4266 1459 4337 quod
1499 4287 1519 4315 ι
1554 4266 1713 4320 novit
1739 4266 1935 4320 omnia
1967 4267 2157 4338 prius-

467 4368 643 4424 quam
689 4352 831 4409 ﬁant
861 4356 1024 4423 (Dan.
1065 4370 1183 4422 xui,
1214 4355 1307 4425 42)
1343 4370 1356 4410 :
1412 4376 1435 4406 ι
1476 4355 1558 4410 sic
1602 4355 1765 4427 pium
1805 4361 1861 4411 et
1916 4356 2159 4428 religio-

2187 3072 2225 3127 C

2273 538 2405 603 (Isa.
2438 552 2557 602 XLV,
2609 535 2693 606 lt)
2728 552 2740 590 :
2768 558 2794 584 υ
2828 540 2885 590 et
2916 552 2929 590 :
2969 557 2990 585 ι
3019 535 3218 606 Magna
3246 552 3422 606 opera
3473 536 3721 604 Domini,
3758 536 3958 608 exqui-

2270 626 2374 678 sita
2407 624 2466 678 in
2486 640 2687 678 omnes
2719 625 3038 678 voluntates
3072 624 3193 694 ejus
3231 646 3251 672 -
3289 624 3463 694 (Psal.
3495 641 3577 693 cx,
3609 624 3697 693 2);
3730 629 3785 679 et
3816 626 3959 679 Psal-

2269 714 2438 767 mista
2473 729 2485 767 :
2547 733 2572 763 α
2609 714 2795 768 Semel
2848 713 3070 767 locutus
3101 717 3185 767 est
3224 714 3392 781 Deus,
3448 713 3611 783 (Psal.
3664 731 3770 779 LXI,
3816 716 3898 769 42.
3930 736 3954 762 ››

2266 802 2333 855 Et
2364 802 2567 857 beatus
2594 804 2701 857 Job
2735 818 2749 856 :
2805 824 2833 851 ‹‹
2863 802 3050 857 Semel
3104 802 3360 873 loquitur
3408 804 3576 870 Deus,
3610 808 3669 857 et
3710 803 3955 857 secundo

2265 890 2323 945 id
2375 890 2565 962 ipsum
2618 907 2732 945 non
2776 891 2983 962 repetit
3046 891 3161 961 (Job
3212 908 3406 959 χχχιιι,
3467 892 3634 963 14).»
3691 894 3758 947 At
3819 909 3953 946 san-

2264 983 2489 1034 ctorum
2549 980 2829 1034 sententia
2879 985 2965 1034 est
3020 980 3461 1046 catholicorum,
3499 980 3954 1051 praedestinatio-

2264 1084 2397 1122 nem
2423 1085 2542 1122 esse
2588 1085 2827 1139 operum
2878 1068 2977 1124 Dei
3009 1072 3281 1124 aeternam
3313 1068 3767 1140 dispositionem,
3802 1069 3953 1123 unde

2263 1158 2398 1228 quia
2428 1174 2787 1229 qua-cunque
2816 1158 3069 1212 facturus
3107 1163 3193 1212 est.
3233 1159 3402 1224 Deus,
3427 1158 3485 1212 iu
3514 1162 3726 1212 aeterno
3756 1158 3955 1229 judicii

2261 1246 2351 1300 sui
2414 1246 2651 1301 consilio
2707 1248 2827 1317 jam
2906 1247 3249 1318 dispositum
3298 1247 3519 1302 habet:
3583 1247 3844 1318 sequitur
3895 1251 3957 1300 ut

2262 1351 2436 1405 opera
2493 1335 2594 1389 Dei
2641 1335 2905 1389 universa
2952 1335 3067 1389 sint
3116 1335 3541 1406 praedestinata.
3600 1337 3960 1407 Quapropter

2260 1439 2390 1478 cum
2424 1424 2635 1479 dicitur
2681 1424 2749 1478 de
2782 1424 2967 1491 malis,
3019 1424 3154 1496 quia
3205 1425 3276 1479 ad
3325 1441 3523 1497 poenas
3565 1424 3959 1496 prmdestinati

2259 1517 2423 1579 sunt;
2472 1513 2581 1566 hoc
2633 1512 2889 1567 dicitur:
2944 1513 3080 1583 quia
3143 1514 3290 1567 Deus
3349 1518 3565 1568 secreto
3603 1513 3955 1584 judiciorum

2257 1617 2494 1654 suorum
2536 1606 2892 1655 sacramento
2951 1601 3296 1670 dispositum
3346 1602 3536 1669 habet,
3579 1602 3718 1673 quid
3753 1602 3822 1656 de
3870 1602 3961 1656 his

2256 1690 2511 1744 facturus
2542 1689 2633 1744 sit.
2675 1691 2798 1744 Non
2830 1697 2917 1744 est
2947 1689 3123 1761 igitur
3150 1690 3363 1744 divina:
3404 1690 3815 1762 dispensationi
3864 1707 3961 1745 re-

2260 1795 2547 1850 pugnans,
2582 1778 2629 1832 si
2671 1779 2809 1832 mali
2840 1779 3111 1833 dicuntur
3141 1795 3262 1833 esse
3294 1779 3690 1850 prmdestinati
3724 1780 3794 1834 ad
3838 1796 3962 1850 po:-

2259 1883 2414 1936 nam,
2444 1867 2715 1938 quoniam
2746 1867 3182 1938 prmdcstinatio
3226 1872 3311 1922 est
3332 1884 3573 1938 operum
3607 1868 3725 1934 Dci,
3752 1868 3809 1922 in
3843 1868 3965 1939 qui-

2261 1957 2367 2011 bus
2392 1955 2661 2027 operibus
2691 1955 2789 2009 Dei
2822 1955 2991 2009 etiam
3015 1956 3297 2027 judicium
3324 1956 3666 2027 dispositum
3714 1972 3826 2026 quo
3862 1957 3962 2026 ju-

2262 2044 2488 2099 dicandi
2520 2049 2653 2099 sunt
2691 2045 2938 2115 reprobi.
2987 2045 3223 2114 Egimus
3268 2044 3467 2115 igitur,
3519 2048 3581 2098 ut
3628 2044 3958 2115 potuimus;

2263 2133 2751 2204 quemadmodum
2782 2133 3211 2204 praedestinatio
3252 2150 3366 2205 qua
3397 2134 3664 2188 dicuntur
3684 2134 3868 2205 iniqui
3889 2134 3964 2188 ad

2261 2238 2459 2294 poenas
2506 2221 2765 2292 deputati
2818 2238 2935 2275 non
2992 2222 3324 2276 necessitate
3369 2223 3557 2294 aliqua
3608 2222 3971 2293 constringat

2263 2328 2358 2366 eos
2389 2312 2457 2365 ad
2485 2327 2714 2381 pcenam
2749 2328 2760 2365 :
2798 2312 2895 2365 sed
2927 2311 3024 2365 tali
3052 2311 3338 2366 locutione
3370 2312 3613 2382 exprimi
3634 2312 3968 2366 divinorum

2265 2417 2506 2471 operum
2534 2399 2974 2455 ordinationem.
3012 2402 3079 2454 Et
3102 2400 3237 2471 quia
3287 2400 3553 2470 superius
3610 2400 3973 2455 ostendimus

2265 2494 2591 2544 sanctorum
2623 2488 2793 2553 dicta,
2826 2488 3036 2559 quibus
3068 2488 3208 2542 mali
3248 2488 3637 2559 praedestinati
3695 2488 3975 2543 dicuntur

2265 2579 2337 2633 ad
2368 2595 2584 2649 pcenas,
2621 2577 2881 2648 quisquis
2919 2576 3490 2648 prmdestinationem
3542 2578 3827 2645 malorum
3861 2580 3973 2632 ab-

2266 2673 2459 2738 negat,
2502 2683 2615 2721 non
2657 2667 2842 2735 nobis,
2875 2668 2969 2721 sed
2992 2667 3103 2720 illis
3152 2682 3400 2737 quorum
3433 2666 3733 2736 sequimur
3763 2673 3971 2722 aucto-

2268 2757 2495 2811 ritatem
2556 2755 2905 2809 contradicit.
2951 2755 3029 2808 Ne
3074 2771 3179 2809 nos
3210 2755 3269 2809 in
3325 2756 3552 2825 culpam
3593 2754 3723 2809 ideo
3771 2755 3976 2810 traha-

2268 2862 2419 2910 mur,
2460 2844 2506 2898 si
2546 2849 2875 2898 sanctorum
2925 2844 3317 2898 auctoritatem
3368 2844 3684 2915 sequimur.
3716 2844 3773 2899 Si
3805 2844 3974 2899 enim

2269 2935 2423 3006 quod
2444 2934 2530 2987 illi
2559 2934 2757 2988 dicunt
2783 2933 3128 2987 catholicum
3161 2938 3263 3001 est,
3305 2950 3409 2988 nec
3442 2949 3771 3004 repugnans
3794 2940 3979 2989 rectas

2269 3021 2403 3077 fidei
2435 3039 2447 3076 :
2491 3038 2597 3076 nos
2628 3037 2859 3093 quoque
2890 3037 3006 3075 non
3036 3038 3067 3075 a
3096 3021 3388 3076 catholica
3433 3021 3568 3076 ﬁdei
3617 3021 3978 3076 rectitudine

2266 3112 2585 3182 discrepare
2626 3110 2973 3181 judicemur,
3032 3110 3078 3164 si
3118 3111 3226 3165 hoc
3254 3110 3497 3165 dicimus
3540 3116 3597 3165 et
3625 3111 3977 3177 sentiamus,

2270 3200 2427 3271 quod
2458 3200 2543 3253 illi
2600 3199 2868 3254 dixerunt
2910 3204 2965 3253 et
3008 3204 3343 3268 senserunt;
3389 3200 3623 3254 illorum
3662 3200 3814 3254 enim
3851 3200 3979 3255 do-

2268 3290 2449 3344 ctrina
2479 3288 2619 3343 ﬁdes
2657 3287 3036 3343 ecclesiastica
3061 3290 3350 3355 munitur;
3394 3292 3451 3344 et
3479 3305 3602 3355 nos,
3657 3288 3757 3358 qui
3810 3288 3975 3343 intra

2267 3378 2455 3433 sinum
2488 3377 2751 3432 Ecclesiae
2798 3378 3180 3447 continemur,
3213 3379 3283 3433 de
3311 3378 3542 3433 illorum
3601 3377 3976 3432 institutione

2266 3466 2604 3529 imbuimur,
2639 3483 2741 3521 nec
2768 3466 2922 3521 aliud
2950 3467 3161 3522 sentire
3192 3466 3618 3539 praesumimus,
3649 3466 3762 3521 nisi
3805 3467 3975 3538 quod

2269 3556 2354 3611 illi
2388 3572 2489 3610 nos
2522 3556 2917 3623 instituerunt,
2951 3572 3054 3611 nec
3110 3556 3223 3611 alio
3272 3556 3376 3623 ire,
3414 3557 3526 3611 nisi
3559 3573 3671 3627 quo
3718 3555 3977 3619 ducunt,

2269 3662 2373 3700 nec
2418 3646 2607 3701 dicere
2650 3646 2825 3715 aliud,
2861 3646 2973 3701 nisi
3005 3647 3159 3718 quod
3204 3646 3290 3701 illi
3314 3647 3529 3702 dicunt.
3560 3646 3659 3701 His
3689 3646 3768 3700 ita
3794 3646 3980 3701 obse-

2267 3752 2493 3790 cramus
2512 3735 2928 3806 magnitudinis
2953 3739 3150 3791 vestrae
3174 3735 3469 3806 pietatem,
3500 3740 3565 3789 ut
3582 3735 3703 3789 haec
3724 3734 3980 3805 scripta,

2266 3824 2312 3878 si
2344 3823 2635 3894 sapientiae
2665 3829 2865 3879 vestrae
2905 3840 3021 3879 non
3061 3824 3479 3895 displicuerint,
3520 3839 3696 3895 penes
3728 3839 3829 3877 vos
3856 3822 3986 3878 ha-

2266 3911 2529 3978 beantur,
2571 3928 2677 3965 nec
2722 3911 2780 3966 in
2824 3910 3117 3982 publicum
3149 3911 3530 3982 proferantur,
3571 3910 3751 3965 donec
3792 3910 3988 3982 hujus

2268 4000 2603 4072 quaestionis
2632 4000 3016 4054 controversia
3050 4000 3360 4070 diligenter
3390 3999 3462 4054 ab
3493 3998 3761 4053 omnibus
3790 3999 3991 4054 fuerit

2268 4090 2595 4157 eventilata,
2639 4094 2695 4143 et
2731 4090 2868 4161 quid
2901 4089 3215 4143 tenendum
3249 4088 3319 4143 ab
3350 4088 3642 4157 omnibus,
3701 4087 3776 4141 sit
3804 4104 3983 4142 com-

2266 4178 2593 4249 probatum.
2629 4177 2794 4243 Quod
2825 4176 2872 4230 si
2902 4176 3258 4247 displicuerit
3308 4177 3535 4231 libellus
3567 4176 3694 4243 iste,
3724 4191 3830 4247 per
3874 4193 3988 4231 vos

2267 4268 2631 4322 obsecramus
2677 4270 2739 4320 ut
2784 4266 3128 4336 corrigatur,
3173 4268 3231 4320 et
3283 4264 3449 4321 nobis
3513 4280 3644 4337 quas
3710 4270 3992 4321 correcta

2264 4356 2478 4412 fuerint
2506 4372 2624 4411 non
2654 4355 3098 4411 abscondantur.
