4138 6194
169 326 219 378 81
1306 326 1517 383 LIBER
1566 327 1656 384 DE
1704 328 2116 385 NATIVITATE
2165 327 2470 385 CHRISTI.
3575 334 3645 386 82

1408 704 2354 809 BATBAMNI

1514 926 1919 971 CORBEIENSIS
1966 928 2253 972 MONACHI

415 1094 564 1229 DE
651 1092 796 1230 ΕΟ
884 1092 1179 1237 QUOD
1267 1094 1807 1231 CHRISTUS
1900 1094 2049 1231 EX
2129 1096 2597 1235 VIBGINE
2684 1098 3055 1236 NATUS
3137 1099 3344 1236 EST

1610 1341 2157 1466 LIBER.

1155 1552 1338 1623 (Apud
1380 1551 1707 1620 Acherium,
1738 1552 2029 1624 Spicilegii
2059 1557 2215 1607 tomo
2248 1555 2289 1621 Ι,
2324 1571 2456 1627 pag.
2491 1559 2557 1610 52
2586 1558 2605 1626 )

1415 1844 1869 1919 MONITUM
1924 1844 2345 1919 ACHERII.

216 2159 282 2214 De
308 2160 617 2215 Ratramno
652 2158 775 2213 haec
813 2161 1010 2213 monet
1043 2156 1317 2212 Acberius
1360 2158 1419 2212 in
1466 2173 1569 2213 sua
1599 2158 1815 2213 Praefa-
1842 2167 1883 2220 Α
1926 2159 2205 2222 Ecclesize,
2278 2159 2383 2214 col.
2446 2160 2548 2215 243
2597 2177 2613 2213 :
2656 2162 3004 2215 Bertramnus
3031 2202 3045 2229 ,
3114 2160 3207 2215 lib.
3271 2160 3337 2215 de
3390 2161 3625 2232 Corpore

163 2247 293 2302 tione
322 2268 337 2302 :
368 2270 393 2298 (ι
423 2247 747 2313 Ratramni,
783 2247 906 2301 aliis
936 2246 1275 2315 Bertramni,
1311 2246 1667 2301 Corbeiensis
1699 2263 1821 2301 mo-

160 2337 302 2390 nachi
354 2336 691 2409 presbyteri,
748 2336 1119 2406 Opusculum,
1178 2339 1251 2391 De
1306 2352 1363 2391 eo
1429 2337 1573 2405 quod
1637 2338 1822 2394 Chris-

159 2428 229 2477 tus
252 2423 310 2477 de
335 2426 550 2491 Virgine
580 2427 747 2477 natus
777 2428 875 2492 est,
902 2426 989 2477 tot
1041 2423 1265 2476 saeculis
1294 2422 1355 2476 in
1402 2424 1609 2495 Anglia
1656 2428 1821 2478 tene-

155 2511 254 2564 bris
282 2513 541 2577 obsitum,
585 2511 650 2567 in
682 2511 920 2567 Galliam
947 2511 1179 2566 demum
1230 2528 1348 2566 non
1379 2511 1594 2584 absque
1622 2512 1819 2567 indus-

156 2600 246 2654 tria
273 2602 439 2657 redux
470 2601 657 2657 effeci.
692 2605 901 2657 Ansam
932 2600 1176 2672 praebuit
1208 2601 1467 2656 Usserius
1507 2603 1819 2656 Armacha-

156 2705 263 2755 nus,
300 2691 389 2761 qui
419 2708 535 2745 suae
568 2692 950 2746 Ratramnum
983 2690 1111 2744 labe
1143 2690 1428 2744 haereseos
1456 2695 1520 2745 ut
1548 2708 1818 2764 asperge-

157 2782 243 2846 ret,
270 2778 534 2845 insibilat,
580 2781 775 2851 ipsum
817 2779 981 2850 panis
1029 2778 1405 2834 substantiam
1454 2781 1820 2836 Eucharisliae

157 2872 478 2922 sacramento
508 2868 571 2921 in
608 2882 818 2938 corpus
850 2866 977 2921 Filii
1018 2867 1119 2922 Dei
1157 2867 1554 2935 transmutari,
1596 2867 1821 2922 duobus

158 2970 278 3025 quos
320 2956 384 3009 de
430 2973 497 3010 eo
574 2960 930 3010 sacramento
976 2956 1140 3011 libris
1188 2956 1547 3029 conscripsit,
1593 2972 1820 3028 nequa-

155 3058 301 3113 quam
328 3044 632 3098 admittere
666 3061 679 3098 :
731 3060 1152 3116 perperamque
1182 3044 1242 3099 id
1274 3044 1531 3099 Usserius
1579 3044 1820 3098 suadere

156 3138 376 3201 conatur,
407 3134 464 3188 in
496 3134 837 3189 Gottescalci
868 3133 1011 3189 Hist.
1049 3150 1174 3204 cap.
1211 3151 1269 3200 ιι,
1294 3134 1448 3187 hunc
1477 3133 1536 3187 in
1560 3134 1815 3188 modum:

157 3222 284 3275 Inter
337 3223 610 3292 Opuscula
669 3224 785 3292 ejus
840 3222 1173 3290 (Ratramni)
1222 3238 1341 3292 qua:
1396 3222 1470 3277 ad
1536 3222 1821 3276 Trithemii

156 3312 376 3364 notitiam
419 3328 526 3367 non
593 3316 974 3380 pervenerunt,
1043 3326 1209 3366 unum
1265 3315 1343 3367 est
1398 3310 1463 3365 de
1515 3311 1820 3366 Nativitate

155 3398 345 3466 Christi,
378 3403 431 3455 in
463 3416 572 3469 quo
630 3400 868 3455 eamdem
922 3416 1087 3469 quam
1135 3403 1194 3454 in
1245 3400 1383 3456 libro
1412 3400 1477 3454 de
1506 3400 1736 3469 Corpore
1769 3403 1819 3452 et

1933 2253 1984 2301 et
2039 2250 2316 2316 Sanguine
2369 2250 2605 2304 ostendit
2670 2265 2862 2317 corpus
2922 2251 3139 2304 Domini
3196 2252 3247 2303 et
3308 2253 3629 2318 sanguinem

1930 2352 2095 2406 super
2140 2340 2314 2393 altare
2360 2353 2454 2393 seu
2498 2353 2735 2393 mensam
2760 2341 2913 2408 poni,
2946 2344 2996 2393 et
3051 2338 3179 2393 inde
3204 2340 3404 2408 populo
3431 2340 3626 2395 distri-

1934 2426 2046 2494 bui,
2072 2431 2177 2481 etc.

2004 2534 2031 2565 «
2062 2516 2440 2571 Ratramnum
2470 2516 2633 2572 docte
2669 2516 3104 2588 luculenterque
3154 2518 3224 2572 ab
3257 2518 3414 2572 omni
3459 2534 3623 2573 nmvo

1930 2620 2224 2659 asseruere
2257 2605 2456 2660 Sextus
2484 2604 2769 2672 Senensis,
2802 2606 2961 2677 praef.
2994 2606 3360 2662 bibliothecae
3391 2612 3621 2674 sancite,

1930 2692 2233 2748 cardinalis
2261 2694 2553 2761 Peronius,
2587 2711 2649 2748 ac
2676 2710 2889 2764 praeses
2912 2694 3253 2765 Mauguinus
3280 2712 3293 2750 :
3321 2695 3417 2749 ille
3438 2695 3535 2750 lib.
3562 2713 3620 2750 ιι.

1931 2781 2129 2848 Euch.,
2165 2797 2327 2853 capp.
2365 2784 2398 2835 2
2437 2786 2495 2835 et
2538 2784 2600 2847 2;
2631 2780 2733 2834 iste
2792 2797 2924 2836 vero
2980 2781 3269 2836 historicas
3337 2787 3396 2836 et
3453 2783 3622 2837 chro-

1928 2870 2072 2925 nica:
2109 2870 2536 2925 Dissertationis
2587 2887 2709 2940 cap.
2772 2874 2859 2937 37,
2921 2871 3127 2926 litteris
3191 2887 3257 2926 ac
3313 2871 3464 2926 fama
3512 2874 3625 2927 ﬂo-

1930 2959 2110 3014 ruisse
2175 2961 2548 3015 Batramnum
2618 2960 2885 3014 Ludovici
2951 2960 3037 3014 Pii
3103 2964 3161 3015 et
3220 2960 3408 3016 Caroli
3466 2960 3624 3017 Calvi

1928 3052 2291 3119 tempestate,
2340 3047 2510 3101 ﬁdem
2547 3046 2765 3101 faciunt
2821 3063 2962 3118 quas
3019 3048 3261 3119 protulit
3319 3049 3622 3103 elucubra-

1928 3136 2130 3190 tiones.
2167 3156 2195 3183 »

1999 3224 2286 3279 Hactenus
2313 3222 2621 3276 Acherium
2664 3221 3083 3293 exscripsimus.
3138 3225 3299 3277 Nunc
3345 3223 3619 3279 lectorem

1926 3328 2248 3374 monemus,
2281 3312 2357 3366 ita
2387 3311 2663 3382 scriptum
2705 3326 2825 3366 esse
2858 3312 2927 3366 de
2949 3316 3120 3381 partu
3150 3310 3403 3381 Virginis
3435 3329 3465 3365 a
3503 3314 3613 3367 Ra-

1927 3408 2154 3457 tramno
2186 3405 2243 3457 et
2266 3402 2337 3456 ab
2364 3402 2487 3472 ejus
2510 3401 2714 3455 abbate
2745 3400 3044 3469 Ratberto,
3066 3404 3131 3454 ut
3153 3404 3357 3454 neuter
3386 3400 3620 3454 alterius

156 3488 394 3556 Sanguine
451 3491 681 3544 Domini
736 3490 928 3558 tradit,
981 3489 1287 3544 doctrinam
1338 3493 1672 3559 propugnat.
1744 3492 1817 3543 De
1849 3487 1887 3541 Β
1926 3491 2267 3563 opusculum
2319 3490 2527 3563 legisse
2586 3491 2872 3559 videatur;
2931 3506 3035 3545 nec
3090 3490 3243 3545 enim
3304 3489 3618 3544 verisimile

154 3578 310 3631 anima
336 3580 588 3645 alterum,
624 3582 731 3632 etc.

213 3685 235 3715 α
265 3667 434 3730 Quam
463 3684 646 3738 porro
679 3685 711 3722 a
738 3683 873 3722 vero
913 3667 1141 3721 aberret
1169 3667 1291 3721 haec
1326 3666 1583 3734 assertio,
1616 3666 1820 3737 probat

152 3751 431 3823 ipsummet
460 3756 829 3828 opusculum,
872 3756 962 3810 cui
994 3755 1201 3810 erroris
1245 3756 1477 3826 hujusce
1508 3771 1578 3809 ne
1598 3756 1820 3810 verbuli

152 3844 355 3912 quidem
399 3851 497 3899 aut
562 3844 741 3914 apicis
800 3844 1107 3916 vestigium
1152 3844 1318 3899 inest.
1375 3844 1495 3898 Imo
1547 3860 1681 3899 vero
1732 3844 1818 3898 illi

154 3929 246 4000 ipsi
271 3933 655 4003 perduellium
688 3933 1051 4004 antesignani
1081 3933 1592 4004 Magdeburgenses
1627 3938 1820 3988 centu-

151 4017 220 4071 ria
248 4036 312 4085 1x,
342 4036 465 4091 cap.
497 4020 569 4075 de
625 4022 904 4088 Doctrina,
946 4022 1053 4074 col.
1109 4023 1236 4090 2l2,
1270 4020 1470 4091 paucis
1526 4022 1814 4075 Usserium

153 4106 387 4162 refellunt
414 4127 427 4163 :
487 4109 1145 4164 Transsubstantiationis
1168 4109 1326 4163 habet
1355 4112 1562 4164 semina
1588 4113 1817 4165 Bertra-

153 4210 299 4263 mnus,
327 4201 501 4252 utitur
531 4201 678 4252 enim
724 4197 1004 4252 vocabulis
1049 4198 1537 4268 commutatiouis,
1582 4204 1634 4253 et
1682 4215 1817 4253 con-

152 4284 413 4341 versionis.
471 4289 539 4341 Et
605 4304 733 4358 cap.
806 4290 837 4341 6
904 4288 973 4342 de
1038 4287 1407 4343 Cmremoniis
1472 4292 1528 4342 et
1593 4286 1820 4342 Ritibus

1929 3585 2033 3648 est,
2058 3581 2105 3635 si
2131 3580 2427 3651 legissent,
2452 3584 2763 3651 utrumque
2785 3579 2982 3634 eadem
3010 3578 3337 3633 testimonia
3359 3579 3615 3649 prolatu-

1926 3686 2056 3724 rum
2085 3669 2281 3736 fuisse,
2318 3686 2479 3724 suam
2515 3674 2576 3723 ut
2632 3669 2878 3741 quisque
2935 3668 3280 3722 sententiam
3328 3667 3617 3738 probaret,

1926 3775 2033 3814 nec
2061 3760 2234 3813 ullam
2267 3774 2461 3812 curam
2492 3758 2887 3812 adhibiturum
2918 3757 3112 3824 fuisse,
3161 3762 3223 3811 nt
3251 3773 3318 3811 ea
3360 3756 3620 3810 testimo-

1928 3849 2025 3903 nia
2054 3864 2386 3919 perversum
2414 3848 2474 3901 in
2505 3848 2859 3902 intellectum
2889 3847 3115 3902 detorta
3144 3862 3267 3901 esse
3311 3846 3380 3900 ab
3414 3846 3621 3900 adver-

1929 3934 2077 3990 sario
2107 3936 2541 3989 demonstraret.
2578 3936 2692 3988 Hoc
2719 3936 2892 3989 etiam
2935 3950 3051 3988 non
3096 3933 3480 3989 omittendum
3513 3939 3616 3999 est,

1927 4025 2181 4097 priorem
2216 4024 2525 4078 editionem
2562 4024 2829 4078 collatam
2863 4039 2985 4078 esse
3032 4038 3164 4077 cum
3213 4023 3393 4076 veteri
3425 4022 3621 4076 codice

1928 4113 2107 4169 Dallei
2138 4130 2168 4166 a
2203 4115 2263 4167 D.
2298 4113 2462 4168 Edm.
2496 4113 2768 4183 Martene,
2804 4113 2903 4185 qui
2934 4112 3118 4167 varias
3148 4110 3422 4167 lectiones
3454 4111 3617 4165 nobis

1930 4202 2392 4258 communicavit.

1339 4607 1816 4681 AUCTORIS
1882 4607 2413 4681 PR/EFATIO.

206 4800 256 4855 Si
308 4818 419 4856 uno
480 4800 590 4856 sub
646 4800 921 4871 magistro
974 4799 1198 4856 Christo
1260 4815 1461 4854 omnes
1515 4798 1820 4855 Christiani
1850 4802 1888 4857 C
1928 4800 2094 4853 uerat
2120 4798 2476 4854 charitatem.
2512 4798 2756 4854 Perinde
2804 4802 2987 4854 cesset
3037 4798 3131 4853 hic
3187 4799 3275 4854 vel
3305 4798 3476 4855 facies
3532 4800 3623 4854 in-

149 4903 441 4957 censemur,
499 4890 549 4945 si
607 4906 724 4944 uno
793 4890 1010 4944 coelesti
1069 4891 1232 4944 Patre
1291 4888 1543 4944 universi
1592 4888 1825 4942 creden-

150 4981 220 5032 tes
244 4980 581 5050 gloriamur,
644 4979 691 5033 si
749 4978 920 5032 unius
965 4977 1214 5049 Spiritus
1272 4978 1484 5033 foedere
1536 4978 1595 5032 in
1650 4978 1824 5032 unius

149 5066 413 5123 charitatis
451 5083 737 5139 compage
803 5066 1139 5133 solidamur,
1202 5082 1315 5120 non
1374 5071 1459 5121 est
1508 5066 1666 5137 quod
1732 5082 1825 5121 me

150 5160 280 5210 atua
314 5156 657 5228 dignatione
711 5156 1034 5227 sejunctum
1084 5171 1302 5223 verear,
1364 5156 1677 5226 quominus
1730 5171 1824 5208 re-

151 5241 328 5316 ligioni
356 5252 475 5301 tua;
517 5245 828 5301 familiaria
869 5244 1077 5316 scripta
1108 5244 1442 5316 procudam.
1494 5245 1616 5299 Non
1669 5243 1825 5297 enim

151 5335 221 5387 vel
247 5334 546 5406 sanguinis
577 5333 979 5406 propinquitas
1010 5337 1168 5388 tanta
1197 5337 1281 5388 est
1304 5338 1521 5404 quanta
1548 5332 1817 5402 Spiritus.

152 5420 371 5477 Terrena
395 5423 614 5479 scilicet
652 5437 914 5494 propago
938 5421 1176 5477 inferior
1208 5424 1391 5477 multo
1422 5426 1506 5477 est
1534 5437 1708 5494 quam
1741 5421 1839 5482 dia

152 5509 281 5579 vina,
318 5529 424 5568 nec
475 5510 669 5567 ofﬁcia
714 5511 1052 5583 temporalis
1105 5510 1433 5584 obsequelze
1476 5515 1695 5566 tantam
1723 5526 1826 5583 pa-

154 5598 292 5656 riunt
317 5602 570 5674 gratiam
599 5600 920 5657 dilectionis
965 5604 1241 5674 quantam
1290 5600 1497 5657 divinis
1533 5600 1684 5674 ignis
1727 5616 1827 5673 ge-

1933 4887 2071 4955 visa,
2103 4888 2189 4941 vel
2220 4904 2433 4943 nomen
2492 4887 2777 4959 ignotum,
2808 4890 2894 4943 vel
2952 4887 3359 4943 familiaritatis
3388 4904 3619 4960 compa-

1937 4978 2084 5032 ratio
2142 4978 2319 5047 nulla,
2377 4977 2476 5032 ubi
2533 4977 2593 5031 in
2641 4979 2862 5048 copulae
2926 4978 3153 5034 socialis
3206 4979 3623 5034 devinctionem

1940 5071 2116 5134 tanta,
2150 5070 2267 5120 tam
2301 5082 2509 5136 magna
2537 5070 2770 5137 tamque
2790 5067 3106 5121 necessaria
3125 5067 3475 5122 conveniunt
3493 5066 3627 5136 jura

1938 5155 2291 5210 societatum.
2326 5156 2452 5210 Non
2481 5154 2658 5225 igitur
2683 5156 2840 5209 velut
2877 5156 3130 5210 alienum
3162 5156 3394 5221 refutes,
3452 5169 3624 5223 quem

1936 5260 2181 5315 superna
2249 5244 2638 5310 conditio_,tibi
2704 5245 2940 5299 fratrem
3006 5242 3327 5298 conciliavit
3382 5242 3625 5313 propin-

1939 5350 2138 5405 quum.
2172 5335 2313 5389 Cum
2374 5335 2490 5388 haec
2520 5334 2601 5388 ita
2630 5350 2689 5388 se
2746 5333 3014 5401 habeant,
3074 5333 3313 5386 obsecro
3360 5347 3626 5387 reveren-

1936 5424 2077 5479 tiam
2099 5428 2256 5478 tuam
2290 5426 2351 5478 ut
2378 5424 2451 5478 ad
2480 5423 2910 5494 suggestionem
2950 5419 3247 5492 parvitatis
3296 5425 3509 5477 nostrae
3538 5438 3628 5477 re-

1939 5512 2221 5586 spondere
2251 5528 2369 5568 non
2397 5511 2670 5583 graveris.

2651 5611 2915 5629 μ
