4138 6194
490 338 558 390 83
1627 339 1988 395 RATRAMNI
2030 339 2496 398 CORBEIENSIS
2536 343 2844 399 MONAClll
3928 344 4001 395 εἰ

1062 472 1288 529 CAPUT
1321 472 1610 529 PRIMUM.
2211 481 2253 533 Α
2293 478 2481 533 rinam
2515 480 2787 534 maternis
2832 478 3126 534 exitiosam
3167 477 3540 549 conceptibus
3568 477 3856 541 concedis,
3897 484 4005 530 aut

491 583 566 635 De
588 581 806 635 Christi
831 582 1121 636 nativitate
1150 583 1206 635 in
1241 582 1538 635 Germania
1560 598 1783 637 errores.
1821 585 2071 639 Rationes
2100 587 2188 651 af-

2298 568 2662 622 mustelinam
2693 568 2970 624 fabulosis
3029 568 3272 622 efﬁctam
3315 565 3679 621 commentis.
3747 567 3816 621 Ut
3869 582 3999 620 ma-

562 670 675 735 fert
702 675 890 723 auctor
915 685 1083 737 quare
1112 670 1267 723 nasci
1294 674 1353 721 ut
1392 672 1571 723 cwtcri
1623 671 1810 724 debuit
1838 672 2112 727 Christus.

2298 656 2466 712 luerit
2500 658 2693 728 potius
2738 657 3041 712 hominum
3096 657 3447 726 Redemptor
3496 656 3566 709 de
3600 655 3832 727 Virgine
3863 672 3999 709 con-

2295 750 2513 815 ceptus,
2547 747 2634 800 vel
2670 746 3064 818 serpentinam
3092 750 3311 799 natura:
3341 744 3709 811 contrariam,
3770 745 3866 801 vel
3897 761 4002 814 pe-

2297 835 2514 888 cualem
2551 835 2851 889 conﬁctam
2893 834 3252 888 nativitatem
3279 832 3567 902 suscipere
3594 849 3769 904 quam
3799 833 4005 886 huma-

2300 938 2451 977 nam.
2497 924 2607 978 Isto
2636 923 2832 995 itaque
2867 924 3192 994 modo,jam
3217 922 3498 994 quidquid
3521 922 3755 977 libuerit
3785 923 4005 993 poterit

2299 1012 2628 1083 excogitari,
2662 1014 2749 1067 vel
2785 1013 3186 1083 undecunque,
3210 1012 3298 1065 vel
3327 1028 3431 1082 per
3461 1011 3851 1082 quodcunque
3872 1014 4000 1082 pla-

2298 1100 2478 1155 cuerit
2508 1106 2705 1156 natum
2744 1100 2918 1157 fuisse
2964 1099 3253 1155 Christum
3309 1099 3719 1171 blasphemari,
3775 1105 3841 1154 ut
3883 1117 4001 1154 non

2301 1190 2372 1244 sit
2398 1190 2690 1261 virgineus
2719 1194 2920 1261 partus
2962 1190 3210 1244 Verbum
3265 1205 3396 1243 caro
3452 1190 3687 1256 factum,
3730 1189 3828 1243 sed
3863 1206 4004 1259 pro-

2302 1278 2355 1333 di
2364 1278 2531 1349 gialis
2561 1294 2843 1350 egressus.

536 792 739 848 "Fama
769 798 872 862 est,
920 800 976 847 et
1030 792 1400 863 quorundam
1454 810 1569 847 non
1628 797 2055 850 contemnenda
2094 813 2189 850 co-

495 883 799 952 gnovimus
838 881 1130 936 relatione.
1168 881 1321 952 quod
1357 896 1462 952 per
1500 883 1816 937 Germania:
1850 888 2041 954 partes
2072 900 2189 937 ser-

497 988 638 1043 pens
668 971 941 1040 antiquus
969 969 1229 1040 perﬁdia:
1260 986 1424 1023 novae
1455 986 1674 1024 venena
1697 970 1997 1035 diffundat,
2022 977 2079 1027 et
2108 989 2193 1025 ca-

497 1061 769 1115 tholicam
802 1074 975 1130 super
1022 1058 1322 1113 nativitate
1383 1058 1689 1113 Salvatoris
1746 1060 1940 1128 ﬁdem,
2000 1061 2191 1115 nescio

498 1165 611 1219 qua
640 1147 857 1202 fraudis
888 1147 1204 1202 subtilitate
1254 1147 1584 1203 subvertere
1630 1149 1866 1203 molitur
1900 1167 1913 1204 :
1955 1150 2192 1221 dogma-

502 1237 685 1291 tizans
717 1236 925 1292 Christi
955 1236 1257 1290 infantiam
1296 1252 1400 1307 per
1425 1236 1720 1306 virginalis
1744 1238 1982 1307 januam
2013 1240 2193 1293 vulvae

501 1327 770 1381 humana:
798 1326 1110 1380 nativitatis
1139 1341 1334 1380 verum
1367 1342 1480 1380 non
1527 1326 1792 1381 habuisse
1841 1332 2054 1395 ortum,
2094 1328 2191 1382 sed

501 1420 863 1469 monstruose
892 1415 961 1469 de
992 1419 1209 1469 secreto
1239 1414 1450 1468 ventris
1501 1414 1717 1469 incerto
1764 1416 1993 1470 tramite
2022 1417 2191 1471 lumi-
2224 1424 2227 1429 ‘
2985 1401 3212 1457 CAPUT
3250 1401 3319 1455 Π·

496 1504 585 1558 nis
621 1505 679 1557 in
707 1521 873 1558 auras
907 1503 1106 1571 exisse,
1138 1503 1289 1574 quod
1322 1519 1438 1557 non
1471 1509 1557 1558 est
1594 1505 1771 1571 nasci,
1812 1506 1907 1560 sed
1943 1505 2191 1576 erumpi.

500 1594 665 1658 Quod
695 1593 849 1648 enim
882 1593 999 1646 vias
1050 1592 1199 1647 uteri
1256 1592 1540 1646 nascendo
1600 1608 1713 1645 non
1770 1597 1855 1647 est
1912 1600 2192 1661 secutum,

500 1683 597 1737 sed
622 1697 965 1753 quacunque
995 1696 1224 1735 versum
1257 1685 1529 1751 tanquam
1565 1696 1667 1750 per
1688 1680 1965 1750 parietem
1990 1682 2197 1736 domus

498 1771 709 1840 erupit,
744 1787 859 1823 non
883 1772 1015 1840 jure
1049 1774 1245 1823 natum
1277 1784 1421 1835 esse,
1445 1768 1542 1822 sed
1573 1769 1855 1823 violenter
1875 1786 2188 1841 egressum.
2224 1784 2264 1837 Β
2373 1756 2501 1820 sedo
2536 1773 2751 1828 (Ιυεὲεον
2797 1772 2899 1811 0111‘
2926 1755 3141 1826 refugis
3174 1754 3454 1810 ascribere
3495 1755 3718 1810 Christo
3767 1761 4007 1812 namra‘

497 1861 622 1915 Jam
655 1875 791 1929 ergo
821 1874 925 1913 nec
966 1874 1097 1911 vere
1130 1862 1293 1912 natus
1345 1857 1624 1925 Christus,
1675 1874 1780 1912 nec
1812 1874 1941 1912 vere
1999 1860 2198 1930 genuit
2303 1846 2417 1900 18m
2446 1846 2739 1917 virginalis
2771 1848 2949 1915 PO“tua
2980 1844 3393 1914 ρτοετεδευωῖ
3422 1846 3755 1916 Propterea,
3782 1846 4006 1917 inquis,

502 1949 694 2003 Maria.
728 1952 796 2002 At
831 1964 961 2002 vero
1013 1948 1152 2002 ﬁdes
1210 1947 1385 2002 habet
1424 1947 1701 2002 catholica
1751 1948 1945 2003 Iesum
1997 1953 2193 2004 natum

2305 1935 2576 2007 quoniam
2610 1935 2657 1988 si
2686 1934 2836 1988 uteri
2858 1939 3082 2005 portam
3114 1933 3302 2000 exivit,
3339 1949 3454 1988 non
3486 1938 3571 1988 est
3619 1934 3885 2005 Virginis
3911 1936 4007 1989 in-

501 2055 565 2092 ex
601 2037 775 2091 Maria
805 2038 1053 2108 Virgine.
1085 2037 1247 2101 Quod
1278 2036 1529 2106 Angelus
1585 2036 1655 2090 ad
1706 2053 1830 2090 eam
1883 2038 2090 2091 missus
2120 2038 2193 2091 si-

2304 2025 2541 2096 tegritas
2572 2024 2926 2078 intemerata.
2962 2022 3243 2093 Equidem
3294 2038 3398 2091 per
3439 2037 3850 2093 quemcunque
3880 2023 4007 2077 fue-

501 2126 690 2197 gnatis
738 2125 998 2179 enuntiat
1027 2125 1214 2179 verbis
1248 2141 1260 2178 :
1297 2145 1324 2173 «
1382 2126 1546 2194 Ecce,
1580 2124 1869 2195 inquiens,
1910 2126 2199 2197 concipies
2305 2113 2381 2167 fit
2439 2114 2628 2166 locum
2686 2127 2968 2182 θετθεευε,
3021 2115 3440 2181 consequenter
3490 2109 3810 2164 secundum
3845 2115 4010 2165 tuam

503 2215 559 2266 ίιι
595 2218 772 2275 utero,
804 2218 862 2266 et
910 2213 1096 2283 paries
1127 2212 1311 2265 ﬁlium
1353 2213 1505 2282 (Luc,
1557 2230 1595 2275 ι,
1633 2216 1742 2280 31),
1777 2233 1804 2263 ))
1852 2213 1989 2268 Vide
2024 2231 2196 2285 quam
2307 2202 2652 2255 sententiam
2679 2200 2978 2270 integritas
3011 2204 3089 2253 est
3121 2199 3343 2252 violata.
3379 2198 3437 2253 Si
3481 2197 3638 2252 enim
3695 2199 4009 2254 Salvatoris

503 2300 799 2353 evidenter
829 2305 1036 2352 sectam
1092 2299 1314 2368 depulit
1342 2299 1671 2354 nefandam.
1727 2301 1849 2355 Non
1898 2301 1975 2355 ait
2007 2317 2019 2355 ε
2050 2302 2198 2356 Con-
2306 2295 2464 2344 ortus
2498 2291 2648 2343 viam
2681 2294 2901 2343 natura:
2929 2286 3249 2342 necessario
3273 2288 3461 2341 fuerat
3480 2292 3887 2357 corrupturus,
3912 2304 4008 2342 ne-

506 2388 684 2457 cipies
735 2386 939 2454 tilium,
976 2391 1032 2439 et
1080 2384 1408 2457 egredietur
1431 2389 1529 2441 tuo
1560 2386 1629 2441 de
1657 2391 1839 2455 utero,
1866 2389 1981 2457 sed,
2015 2406 2199 2444 «con-
2307 2378 2549 2433 cessario
2580 2394 2809 2449 quoque
2830 2393 3171 2449 quacunque
3202 2376 3394 2443 exivit,
3423 2376 3540 2430 sive
3562 2392 3664 2448 per
3688 2377 3864 2442 latus,
3890 2378 4008 2432 sive

502 2476 679 2547 cipies
737 2478 795 2529 et
848 2475 1055 2544 paries,
1115 2478 1428 2545 utrumque
1489 2474 1741 2529 referens
1801 2476 1873 2529 ad
1942 2477 2199 2547 Mariam,
2308 2484 2409 2539 per
2437 2465 4015 2537 ventrem,fsiveperrenes,sivepersuperioresinferio-

506 2568 568 2617 ut
603 2562 931 2633 virginitate
960 2571 984 2595 α
1032 2562 1304 2616 inviolata
1336 2568 1392 2616 et
1419 2562 1746 2633 conciperet
1805 2567 2078 2634 tanquam
2117 2565 2202 2619 fe-
2308 2573 2466 2611 resve
2498 2557 2752 2625 corporis
2780 2559 2989 2625 partes,
3023 2570 3139 2608 non
3181 2555 3395 2625 absque
3418 2554 3765 2624 integritatis
3795 2555 4011 2609 damno

508 2650 686 2716 mina,
722 2654 779 2705 et
809 2656 1035 2721 pareret
1092 2654 1371 2721 tanquam
1412 2656 1614 2719 mater,
1671 2668 1739 2705 ne
1780 2653 2031 2721 genitrix
2055 2653 2200 2708 divi-
2306 2645 2603 2716 processit.
2637 2643 2799 2699 Absit
2844 2660 2977 2698 vero
3013 2644 3306 2698 catholicis
3351 2643 3631 2703 sensibus,
3683 2648 3747 2697 ut
3788 2644 4013 2698 'nativi-

506 2741 703 2795 nitatis
730 2741 799 2795 de
832 2744 1111 2811 conceptu
1143 2740 1305 2794 ﬁeret
1354 2739 1625 2811 gloriosa,
1661 2746 1717 2795 et
1747 2741 1814 2795 de
1857 2748 2023 2813 partu
2067 2744 2193 2797 red-

2308 2738 2541 2803 tas,per
2586 2748 2758 2803 quam
2787 2736 3107 2787 restaurata
3161 2732 3393 2786 fuerunt
3430 2731 3451 2765 ¹³
3504 2737 3797 2801 corrupta,
3835 2733 4015 2804 :quod

507 2829 738 2883 daretur
767 2829 1067 2882 inhonora.
1103 2828 1362 2883 Alterum
1407 2830 1561 2883 velut
1592 2831 1663 2884 ad
1709 2846 1875 2884 suum
1926 2832 2193 2900 penderet

2309 2819 2626 2889 corruperit
2652 2819 2878 2890 integra
2921 2819 3204 2873 credatur.
3241 2819 3503 2891 Intelligo
3550 2820 3783 2875 tandem
3813 2837 4015 2875 vecors

506 2918 781 2981 ofﬁcium,
813 2919 1058 2972 alterum
1112 2918 1185 2971 ad
1234 2917 1389 2972 illius
1448 2918 1546 2989 qui
1594 2918 2027 2989 concipiebatur
2066 2921 2193 2975 effc-

2310 2908 2706 2979 praasumptio,
2755 2908 3028 2979 quoniam
3065 2909 3113 2962 si
3162 2925 3263 2980 per
3307 2925 3714 2980 quamcunque
3760 2909 4014 2980 virginei

505 3011 660 3061 οιυιη
694 3023 706 3061 ;
738 3007 816 3060 ita
848 3022 951 3060 nec
982 3006 1107 3077 ipsa
1140 3011 1324 3060 mater
1354 3006 1640 3061 diceretur
1672 3007 1915 3078 integra,
1955 3025 2058 3063 nec
2083 3009 2199 3063 sal-
2309 2998 2566 3068 corporis
2631 3002 2857 3067 partem
2910 3001 3068 3051 ortus
3125 2998 3431 3053 Salvatoris
3489 2998 3674 3069 potuit
3726 2997 3858 3052 ﬁeri
3890 2999 4014 3053 sine

503 3095 713 3149 vatoris
743 3095 1007 3149 nativitas
1037 3112 1104 3149 ex
1155 3100 1337 3149 matre
1386 3094 1658 3165 perfecta.
1697 3096 1969 3161 Quamvis
2032 3097 2204 3152 etiam
2235 3085 2273 3140 (ἶ
2315 3087 2526 3141 ἀδωΠο
2558 3085 2924 3154 integritatis.
2976 3092 3390 3158 consequenter
3432 3092 3487 3141 et
3535 3087 3641 3141 1100
3673 3088 3867 3158 Ροῐιιίῑ
3908 3105 4013 3158 per

506 3185 578 3239 ad
611 3185 844 3240 Mariam
877 3184 1123 3239 directus
1155 3185 1397 3255 angelus
1430 3184 1475 3238 si
1506 3184 1586 3239 sic
1611 3185 1762 3240 foret
1808 3185 2055 3257 locutus,
2090 3203 2193 3241 nor

2305 3173 2546 3243 januam
2575 3174 2775 3227 vulvae.
2837 3173 2995 3239 Quod
3027 3174 3073 3228 si
3115 3175 3263 3228 hanc
3305 3174 3492 3229 fuerat
3522 3175 3855 3239 violaturus,
3912 3178 4003 3231 ui-

508 3279 813 3346 propterea
844 3274 1167 3329 necessario
1198 3277 1430 3344 cogeret
1474 3274 1851 3343 intellectum,
1907 3292 2022 3346 quo
2057 3275 2193 3329 nati-

2312 3261 2626 3316 hilominus
2655 3278 3001 3334 quacunque
3033 3267 3117 3317 est
3166 3279 3452 3334 egressus,
3484 3264 3733 3318 violavit.
3796 3270 3873 3319 At
3911 3282 4015 3320 ca-

508 3364 651 3417 vitas
708 3364 777 3418 de
838 3370 1017 3417 matre
1071 3362 1277 3418 Christi
1336 3362 1794 3415 extraordinaria
1854 3365 2202 3417 crederetur.
2312 3350 2528 3404 ίῘιοῙίοδ
2572 3351 2707 3405 ﬁdes
2768 3350 2837 3405 de
2896 3351 3125 3422 Virgine
3177 3352 3484 3407 salvatoris
3540 3359 3722 3407 malm
3772 3356 4019 3409 θοηίίῑθ·

514 3453 623 3515 Qui
654 3452 807 3505 enim
838 3453 907 3505 de
937 3450 1148 3504 femina
1178 3450 1401 3519 virgine
1431 3448 1652 3519 concipi
1695 3450 1925 3519 delegit,
1976 3450 2193 3504 nonnisi

2313 3442 2427 3505 tur,
2461 3439 2607 3509 quod
2645 3438 2805 3508 virgo
2832 3438 3003 3493 fuerit
3030 3444 3163 3493 ante
3202 3444 3452 3509 partum,
3486 3439 3648 3509 virgo
3696 3439 3759 3493 in
3808 3446 4015 3511 pnrtu,

512 3537 668 3592 nasci
700 3539 769 3591 de
817 3537 1033 3591 femina
1082 3536 1302 3606 virgine
1333 3536 1489 3590 credi
1540 3536 1705 3591 facile
1739 3537 2026 3607 quivisset,
2061 3555 2208 3610 quo-
2314 3527 2477 3598 Virgo
2511 3533 2639 3597 post
2677 3532 2926 3597 partum.
2992 3529 3305 3599 Utrumque
3354 3528 3514 3583 vides
3558 3528 3735 3594 credi.
3784 3536 4017 3585 utrum-

511 3626 667 3679 niam
700 3626 769 3680 de
802 3640 940 3677 sexu
971 3624 1250 3693 fragiliori
1275 3623 1649 3678 humanitatis
1682 3625 1782 3696 qui
1811 3626 2013 3697 deligit
2043 3643 2203 3682 exor-
2315 3631 2427 3687 que
2473 3616 2753 3684 conﬁteri,
2814 3621 2870 3671 et
2927 3617 3128 3671 matris
3181 3616 3595 3688 νὶτείηίῐτιιεω,
3654 3622 3713 3671 εἴ
3772 3618 4021 3672 infamis

508 3718 654 3779 tum,
695 3728 1061 3784 nequaquam
1106 3713 1375 3768 humana).
1407 3713 1718 3769 nativitatis
1765 3716 2021 3777 modum,
2055 3717 2208 3771 salva
2316 3711 2601 3761 εΧοΓῑιιω·

510 3801 859 3874 virginitatis
878 3801 1227 3872 integritate,
1257 3808 1671 3858 contemneret.
2388 3804 2624 3874 Propter
2654 3819 2903 3874 namque
2932 3802 3267 3856 inviolatam
3301 3802 3535 3872 pudoris
3566 3803 3781 3869 aulam,
3831 3801 4022 3874 virgi-

582 3891 995 3947 Inconveniens
1025 3908 1233 3962 nempe
1269 3891 1593 3946 Divinitatis
1623 3896 1744 3947 erat
1761 3893 2018 3961 οοηδίιὶο,
2055 3899 2119 3948 ut
2147 3895 2205 3949 in
2316 3891 2554 3947 nitatem
2583 3893 2853 3963 praedicat
2882 3895 2937 3945 et
2969 3898 3099 3945 ante
3128 3898 3377 3963 partum,
3412 3896 3468 3945 et
3496 3891 3557 3945 in
3584 3894 3775 3962 partu,
3807 3896 3869 3945 et
3888 3897 4024 3961 post

510 3980 768 4052 virgineo
829 3997 1065 4052 corpore
1120 3985 1370 4049 uterum,
1424 3999 1538 4053 quo
1614 3984 2032 4053 conciperetur,
2094 4001 2207 4054 quo
2316 3986 2546 4052 partum
2581 3997 2593 4035 :
2624 3987 2681 4035 et
2708 3985 2942 4052 propter
2976 3997 3120 4035 verae
3151 3981 3459 4035 nativitatis
3492 3980 4017 4047 exortumﬁverum

510 4071 878 4136 formaretur,
929 4086 1041 4141 quo
1086 4086 1294 4125 novem
1351 4070 1637 4125 mensium
1690 4072 1964 4126 dilatione
2012 4078 2203 4142 porta-
2316 4070 2591 4140 parientis
2623 4076 2852 4141 partum
2894 4070 3218 4124 conﬁtetur.
3270 4070 3417 4135 Quid
3462 4069 3618 4123 enim
3667 4068 3827 4139 virgo
3881 4075 4021 4124 ante

512 4165 672 4212 retur
703 4159 959 4228 eligeret,
991 4162 1048 4212 et
1095 4158 1245 4211 uteri
1277 4157 1446 4225 viam,
1504 4175 1617 4230 qua
1675 4159 1744 4212 de
1777 4159 2034 4229 virginea
2071 4176 2205 4230 pro-
2318 4163 2565 4229 partum,
2601 4160 2657 4212 ni
2708 4160 3086 4230 impraagnata
3142 4159 3479 4229 virginitas?
3526 4158 3672 4223 Quid
3728 4162 3816 4211 est
3842 4158 4021 4229 ,virgo

511 4246 738 4300 cederet
795 4246 948 4311 aula,
1006 4245 1354 4316 repudiaret.
1421 4249 1532 4300 Aut
1585 4246 1753 4301 aliam
1818 4247 1995 4317 igitur
2033 4248 2205 4315 viam,
2317 4248 2374 4301 in
2402 4252 2590 4318 partu,
2622 4247 2681 4301 ni
2714 4248 2943 4318 pariens
2977 4249 3175 4318 virgo?
3206 4249 3272 4302 Et
3313 4247 3455 4316 quid
3498 4247 3658 4317 virgo
3707 4249 3839 4316 post
3880 4262 4015 4316 par-

511 4346 625 4401 qua
655 4332 885 4386 feminae
917 4333 1204 4403 parientes
1233 4338 1431 4405 partus
1458 4339 1605 4399 fsuos
1637 4336 1901 4390 emittant
1942 4336 2073 4407 jure
2103 4352 2203 4390 na-
2238 4383 2280 4435 Β
2316 4341 2462 4403 tum,
2496 4336 2607 4391 nisi
2637 4336 2796 4408 virgo
2827 4352 3195 4407 perseverans
3238 4341 3368 4407 post
3414 4335 3686 4405 partum?
3738 4335 3843 4390 Ubi
3876 4350 4023 4407 ergo

508 4420 746 4475 tivitatis
771 4426 980 4492 praeter
1023 4422 1343 4476 solemnem
1390 4423 1795 4493 parturitiouis
1830 4424 2025 4492 viam,
2070 4424 2206 4479 talia
2238 4420 2278 4435 ν
2316 4425 2477 4497 virgo
2508 4426 2760 4496 pariens,
2793 4425 2840 4479 si
2890 4431 3086 4495 partus
3144 4425 3433 4495 negatur?
3495 4421 3789 4497 [Negatur]
3841 4439 4023 4493 porro

509 4509 840 4581 quicunque
907 4510 1188 4580 garriunt,
1250 4511 1547 4580 edoceant,
1605 4516 1704 4566 aut
1757 4527 1887 4567 eum
1941 4513 2207 4567 habuisse
2316 4530 2442 4567 cum
2492 4513 2832 4585 praedicatur
2889 4512 3189 4583 virginitas
3244 4528 3360 4566 non
3409 4512 3721 4583 peperisse,
3772 4528 3891 4566 non
3924 4529 4024 4583 pe-

511 4600 580 4653 de
616 4604 778 4653 utero
812 4600 1050 4670 virginis
1081 4600 1317 4669 exitum,
1355 4602 1665 4667 Christum,
1699 4617 1870 4673 quem
1920 4603 2007 4656 lex
2040 4618 2207 4656 mon-
2316 4603 2468 4673 perit
2489 4603 2693 4657 autem
2721 4602 2769 4656 si
2825 4607 3020 4672 partus
3051 4601 3219 4656 aliter
3273 4617 3444 4672 quam
3506 4616 3609 4672 per
3664 4604 3889 4655 naturte
3944 4602 4026 4671 ja-

511 4692 652 4741 strat
681 4695 923 4754 naturze,
953 4695 1163 4759 praeter
1191 4690 1543 4759 integritatis
1575 4690 1849 4744 violatum
1901 4690 2206 4761 pudorem,
2317 4707 2491 4745 nuam
2522 4691 2811 4761 processit.
2844 4689 3141 4761 Siquidem
3167 4690 3288 4760 jam
3346 4687 3478 4742 talis
3536 4694 3695 4743 ortus
3750 4704 3868 4743 non
3910 4690 4024 4743 vir-

508 4790 740 4830 necesse
770 4792 893 4831 esse
932 4778 1329 4832 conﬁteantur.
1363 4780 1585 4849 Viperae
1623 4780 1962 4850 priusquam
2011 4784 2203 4849 partu-
2316 4780 2438 4851 gini
2464 4784 2547 4833 est
2575 4784 2792 4850 partus,
2823 4779 2922 4833 sed
2953 4778 3225 4849 proprius
3250 4776 3515 4832 videlicet
3549 4777 3729 4848 ipsius
3778 4777 4025 4832 infantis

514 4864 743 4937 ritionis
773 4866 843 4920 ad
874 4871 1101 4937 tempus
1142 4868 1483 4937 perveniant
1533 4868 1727 4933 catuli,
1761 4869 2009 4923 traditur
2054 4870 2207 4940 quod
2315 4882 2600 4937 egressus.
2664 4867 3033 4923 Obmutescat
3091 4866 3270 4936 igitur
3320 4866 3559 4937 hujusce
3619 4872 4023 4921 commentum

513 4958 795 5008 maturam
836 4959 1058 5008 natura:
1117 4957 1559 5026 completionem
1617 4973 1734 5010 non
1793 4961 2206 5027 exspectantes,
2316 4955 2595 5022 falsitatis,
2628 4961 2686 5011 et
2714 4955 2995 5011 catholica
3014 4954 3162 5008 'ﬁdes
3191 4954 3532 5009 inconcussa
3562 4960 3844 5022 teneatur,
3880 4971 4020 5025 qua:

509 5042 754 5097 corrosis
780 5042 977 5096 matris
1004 5043 1300 5111 lateribus,
1332 5050 1543 5099 exeunt
1592 5061 1721 5099 cum
1770 5046 2065 5116 genitricis
2112 5046 2207 5100 in-
2314 5052 2371 5099 et
2400 5060 2530 5099 vere
2560 5049 2757 5098 natum
2791 5046 2860 5099 de
2883 5050 3064 5097 matre
3096 5043 3403 5097 conﬁtetur
3433 5043 3744 5110 Christum,
3784 5049 3841 5097 et
3878 5060 4019 5099 vere

510 5130 702 5186 teritu.
736 5132 832 5185 Est
857 5147 1087 5202 quoque
1118 5132 1369 5201 vulgaris
1398 5132 1594 5201 opinio
1616 5134 1919 5189 mustelam
1950 5150 2048 5188 ore
2071 5150 2203 5187 con-
2318 5133 2604 5204 Virginem
2636 5133 2865 5188 Mariam
2897 5131 3244 5202 concepisse,
3271 5131 3582 5202 peperisse,
3619 5138 3678 5186 et
3707 5136 3839 5202 post
3878 5148 4021 5203 par-

510 5220 723 5291 cipere,
776 5235 915 5274 aure
974 5225 1206 5290 partum
1261 5219 1575 5275 effundere.
1629 5222 1889 5277 Forsitan
1944 5221 2205 5293 quisquis
2310 5225 2457 5287 tum,
2491 5221 2547 5276 id
2576 5226 2661 5276 est
2684 5226 2811 5292 post
2867 5220 3088 5275 editum
3142 5220 3349 5287 tilium,
3397 5220 3595 5288 credit,
3639 5219 3918 5291 praedicat
3962 5226 4019 5275 et

510 5308 781 5363 humanae
813 5308 960 5363 viam
992 5307 1302 5362 nativitatis
1332 5308 1582 5377 denegas
1624 5308 1867 5377 Christo,
1901 5315 1999 5364 aut
2048 5310 2207 5381 vipe-
2312 5313 2618 5364 veneratur
2650 5308 3034 5380 permansisse
3058 5308 3366 5380 virginem.

2302 1544 2860 1614 Objiciturviolatam
2908 1545 3101 1598 matris
3151 1545 3550 1611 integritatem.
3604 1542 4005 1613 Respondetur,

2585 1634 2765 1688 Maria
2794 1647 3001 1701 semper
3037 1633 3304 1700 virginem
3330 1633 3710 1700 permansisse.

458 5524 467 5531 λ
581 5482 604 5509 τι
643 5471 707 5522 Ut
737 5471 1075 5542 virginitate.
1126 5468 1214 5523 Sic
1245 5468 1695 5535 cmendavimus,
1750 5485 1878 5523 cum
1920 5469 2208 5542 legeretur
2314 5470 2440 5542 dem
2474 5485 2598 5541 cap.
2651 5468 2746 5525 ubi
2785 5474 3018 5538 negatur
3063 5484 3244 5540 porro,
3294 5468 3547 5539 priorem
3593 5483 3792 5523 vocem
3838 5467 4016 5524 addi-

512 5545 569 5594 ut
597 5541 911 5603 virginitas.
1991 5541 1996 5542 ⁷
2314 5541 2524 5596 dimus.

584 5609 604 5643 δ
652 5612 882 5663 l’wrunt
926 5614 1201 5680 corriqita.
1254 5609 1317 5663 in
1349 5609 1515 5663 editis
1544 5611 1654 5675 fuit
1684 5616 1940 5679 corrupta
1974 5629 1986 5666 :
2026 5611 2085 5666 in
2116 5629 2208 5667 eo-
