4138 6186
220 356 289 407 85
1416 356 1629 412 LIBER
1668 357 1759 412 DE
1801 354 2212 412 NATIVITATE
2254 356 2552 413 CHRISTI.
3663 364 3729 415 86

895 504 1122 559 CAPUT
1162 503 1253 558 III.

219 630 324 683 Per
360 628 579 682 vulvam
626 629 803 683 exisse
861 628 1132 684 Christum
1184 629 1382 698 probat
1402 633 1609 684 auctor.
1668 658 1736 670 —
1788 632 1920 684 Par-

296 722 372 771 tes
398 718 641 784 corporis
668 718 890 769 minime
921 721 1123 786 turpes.
1169 717 1278 780 Qui
1307 722 1493 785 partes
1545 719 1787 787 corporis
1826 718 1916 771 de-

294 808 607 871 turpantur.
638 833 711 845 —
739 804 982 873 Spiritus
1024 809 1243 858 sanctus
1273 804 1483 859 beatam
1540 806 1818 873 Virginem
1850 807 1918 859 ab

289 895 439 945 omni
466 895 714 960 contagio
766 895 1142 961 sanctiﬁcavit.
1176 923 1245 932 —
1295 895 1483 948 Partes
1516 894 1764 963 quaedam
1801 910 1919 950 cor-

284 983 442 1049 poris
474 996 645 1049 quare
675 982 985 1036 inhoneste.

289 1102 442 1156 Dicis
472 1108 639 1173 turpe
699 1103 873 1158 fuisse
918 1103 1018 1157 Dei
1068 1103 1205 1159 Filio
1261 1120 1364 1174 per
1402 1105 1631 1159 vulvam
1687 1121 1915 1175 proces-

213 1191 374 1247 sisse.
408 1194 597 1262 Turpe
628 1193 735 1246 hoc
761 1197 859 1247 aut
888 1193 956 1247 de
1002 1198 1208 1247 natura
1255 1197 1353 1246 aut
1392 1194 1460 1247 de
1504 1198 1753 1264 peccato.
1806 1193 1916 1249 Sed

216 1298 319 1351 per
357 1288 629 1336 naturam
687 1281 832 1336 nihil
880 1286 1076 1352 turpe;
1127 1286 1369 1337 testatur
1422 1283 1573 1337 enim
1638 1284 1916 1339 Geneseos

212 1371 380 1424 lectio
416 1370 575 1441 quod
609 1371 799 1425 omnis
851 1375 1111 1424 creatura
1154 1371 1319 1425 bona.
1377 1371 1536 1435 Quod
1586 1371 1825 1438 bonum,
1861 1376 1917 1425 et

213 1460 523 1513 honestum
579 1465 695 1525 est;
748 1460 1015 1531 quodque
1069 1461 1375 1514 honestum
1420 1465 1526 1529 est,
1576 1476 1691 1514 non
1722 1465 1908 1531 turpe.

212 1549 397 1620 Igitur
446 1549 634 1603 omnis
686 1554 947 1603 creatura
1000 1549 1316 1603 secundum
1359 1550 1514 1621 quod
1560 1555 1748 1603 creata
1805 1553 1910 1615 est,

213 1654 581 1709 nequaquam
623 1638 828 1709 turpis.
863 1638 1044 1708 Igitur
1074 1643 1131 1692 et
1163 1638 1418 1692 mulieris
1458 1638 1624 1692 vulva
1654 1654 1768 1692 non
1796 1641 1913 1692 tur-

211 1725 319 1795 pis,
362 1725 464 1780 sed
494 1726 764 1794 honesta;
817 1725 1102 1797 siquidem
1164 1731 1351 1797 partes
1384 1743 1585 1781 omnes
1634 1732 1911 1781 creaturas

212 1814 490 1868 honestae.
525 1815 651 1868 Non
681 1830 818 1885 ergo
869 1814 1158 1869 nascituro
1194 1815 1418 1869 Christo
1476 1814 1679 1869 semita
1730 1816 1913 1869 vulvae
1946 1798 1986 1854 Β

208 1902 577 1969 declinanda,
601 1904 754 1957 velut
785 1908 951 1973 turpe
976 1902 1231 1974 aliquod,
1256 1903 1373 1956 imo
1396 1903 1761 1973 suscipienda
1788 1908 1914 1957 tan-

216 2009 391 2063 quam
428 1992 742 2046 nativitatis
772 1992 1052 2046 ministra.
1086 1992 1384 2056 Quomodo
1433 2008 1684 2063 namque
1716 1993 1913 2047 matri-

216 2098 364 2147 cem,
397 2097 515 2152 qua
547 2086 854 2151 conceptus
887 2080 1247 2149 formaretur,
1283 2097 1402 2135 non
1438 2081 1804 2152 contempsit,
1837 2081 1917 2135 ita

214 2187 321 2227 nec
379 2170 635 2235 vulvam,
672 2186 787 2240 qua
830 2170 1110 2223 formatus
1160 2169 1536 2239 exciperetur,
1569 2170 1914 2241 repudiavit.

288 2260 468 2313 Porro
503 2264 560 2311 tu
612 2275 810 2311 sensus
840 2258 1092 2329 corporis
1130 2258 1517 2329 interrogans,
1549 2259 1793 2313 aestimas
1821 2276 1916 2312 eas

214 2346 366 2401 uteri
399 2353 593 2416 partes
640 2346 959 2400 indecoras.
1011 2346 1137 2400 Noli
1172 2346 1432 2401 sensibus
1477 2347 1824 2415 fallentibus,
1859 2347 1927 2402 id

212 2443 297 2489 est
341 2436 658 2506 corporeis,
721 2437 791 2490 de
848 2451 1038 2489 rerum
1074 2435 1311 2489 veritate
1367 2436 1649 2503 assentiri,
1704 2435 1915 2491 mentis

208 2525 500 2595 judicium
534 2523 812 2595 disquire,
847 2528 901 2577 et
932 2523 1323 2593 deprehendes
1353 2524 1474 2578 fore
1504 2525 1747 2594 pulchra
1782 2540 1913 2596 qua:

210 2614 485 2667 videntur
528 2612 738 2683 turpia.
788 2614 953 2667 Nulla
1000 2613 1250 2683 denique
1293 2618 1569 2666 creaturas
1616 2630 1765 2684 pars,
1816 2618 1909 2666 aut

212 2703 563 2763 membrum,
616 2702 673 2755 ni
714 2701 1017 2771 pulchrum
1050 2707 1135 2755 est
1167 2718 1180 2756 :
1233 2701 1491 2756 redditur
1519 2707 1711 2756 autem
1745 2702 1912 2757 inde-

213 2807 369 2854 cens,
394 2807 526 2844 cum
560 2789 926 2844 inordinatus
976 2795 1033 2844 et
1061 2789 1292 2843 illicitus
1323 2804 1454 2843 eum
1495 2794 1684 2843 motus
1713 2791 1910 2845 detur-

210 2878 461 2950 paverit.
506 2879 722 2932 Etenim
757 2884 889 2931 ante
921 2877 1452 2947 praevaricationem
1499 2879 1678 2933 Adam
1716 2883 1770 2932 et
1805 2881 1911 2933 Eva

210 2985 330 3022 non
375 2968 813 3032 erubescebant,
870 2972 1065 3037 utpote
1098 2971 1321 3021 motum
1362 2967 1736 3022 inorditatum
1793 2968 1912 3021 suis

211 3056 273 3110 in
331 3056 607 3111 membris
664 3056 888 3109 nullum
923 3055 1265 3122 sentientes;
1299 3059 1385 3110 ast
1432 3055 1528 3109 ubi
1560 3056 1910 3127 praevaricati

212 3156 369 3209 sunt,
415 3145 752 3199 erubescere
785 3150 1098 3215 coeperunt.
1161 3145 1284 3198 Non
1318 3144 1548 3215 quidem
1606 3150 1909 3215 propterea

210 3235 496 3300 membra,
529 3250 659 3305 quae
690 3249 843 3287 nunc
874 3232 1091 3303 peccati
1122 3233 1291 3303 culpa
1320 3232 1589 3302 pudenda
1619 3247 1907 3297 vocamus;

212 3324 501 3395 siquidem
560 3328 617 3376 et
646 3322 981 3393 priusquam
1030 3321 1398 3393 deliquerint,
1432 3337 1604 3391 super
1656 3321 1736 3374 eis
1794 3337 1906 3374 non

214 3411 741 3465 confundebantur.
779 3412 882 3465 Ubi
926 3428 1058 3465 vero
1091 3410 1424 3465 inhonestus
1454 3410 1684 3464 accessit
1722 3414 1911 3463 motus

216 3500 569 3567 genitalibus
591 3505 723 3553 ante
754 3499 997 3570 pudicis,
1030 3500 1125 3553 sed
1160 3500 1230 3554 de
1261 3504 1492 3570 peccato
1514 3500 1635 3569 jam
1668 3515 1781 3552 non
1801 3515 1909 3570 pu-

209 3588 368 3655 dicis,
414 3594 609 3641 secuta
663 3588 920 3642 confusio
952 3592 1040 3642 est
1081 3604 1196 3641 non
1226 3592 1464 3658 propter
1493 3586 1907 3658 turpitudinem

208 3676 587 3729 honestarum
629 3676 884 3747 corporis
912 3676 1183 3746 partium,
1218 3675 1314 3729 sed
1345 3680 1584 3747 propter
1604 3681 1802 3746 turpes
1829 3674 1907 3728 ir-

208 3765 574 3819 rationabilis
607 3770 793 3818 motus
826 3765 1127 3835 passionis.
1171 3766 1231 3818 In
1266 3782 1380 3835 quo
1403 3770 1592 3819 autem
1640 3781 1741 3835 per
1775 3781 1908 3818 san-

210 3855 283 3907 cti
310 3854 561 3925 Spiritus
587 3854 804 3924 ignem.
836 3854 918 3907 vel
946 3854 1004 3908 in
1034 3854 1142 3907 hoc
1173 3870 1410 3923 corpore
1442 3854 1673 3917 caduco,
1719 3854 1805 3907 vel
1849 3853 1905 3906 in

208 3944 401 3998 futura
448 3944 565 3997 vita
605 3943 727 4013 jam
767 3960 868 4013 per
923 3944 1400 3997 resurrectionem
1465 3942 1907 4013 incorruptibili,

210 4032 383 4085 fuerit
412 4032 522 4085 iste
573 4032 859 4101 passibilis
916 4038 1106 4085 motus
1137 4032 1206 4086 ad
1256 4036 1477 4086 natura:
1511 4030 1909 4102 dignissimam

212 4120 477 4173 redactus
518 4120 815 4187 musicam,
865 4120 1196 4174 infirmitate
1252 4121 1510 4190 depulsa,
1542 4120 1687 4173 nihil
1732 4119 1908 4173 habeo

212 4209 357 4262 bunt
380 4208 643 4262 membra
672 4215 893 4262 natura:
926 4209 1077 4279 quod
1105 4208 1178 4262 sit
1203 4207 1570 4278 confusionis,
1601 4208 1755 4279 quod
1788 4213 1908 4262 tur-

212 4296 516 4367 pitudinis,
554 4296 706 4367 quod
748 4297 1055 4351 inhonesti.

286 4388 511 4440 Interea
541 4402 673 4439 vero
732 4386 819 4438 lex
875 4401 1001 4456 quae
1033 4392 1120 4440 est
1172 4385 1227 4439 in
1261 4385 1533 4439 membris
1565 4384 1776 4439 nostris
1810 4385 1909 4439 do-

216 4490 321 4527 nec
354 4478 636 4544 repugnat
674 4475 786 4543 legi
838 4474 1066 4541 mentis,
1101 4478 1155 4527 et
1185 4474 1430 4544 captivat
1477 4490 1579 4527 nos
1632 4474 1691 4527 in
1722 4473 1911 4543 legem

217 4564 457 4632 peccati,
508 4570 563 4615 et
608 4563 999 4617 erubescimus
1053 4566 1109 4617 et
1159 4563 1588 4616 confundimur.
1640 4561 1748 4616 Sed
1798 4578 1911 4614 non

218 4654 455 4721 propter
482 4651 625 4705 hanc
657 4653 843 4721 legem
880 4651 1095 4721 peccati
1128 4652 1521 4705 dominantem
1560 4650 1621 4704 in
1643 4650 1914 4704 membris

216 4739 431 4792 nostris
462 4756 605 4809 opus
634 4740 744 4793 fuit
768 4739 1047 4795 Salvatori
1078 4740 1365 4795 declinare
1405 4739 1554 4792 viam
1605 4738 1915 4793 nativitatis

220 4830 346 4897 lege
408 4828 803 4882 constitutam?
867 4828 1339 4899 quandoquidem
1389 4829 1635 4899 Spiritus
1664 4831 1911 4891 sanctus,

215 4918 319 4987 qui
350 4917 593 4987 Virginis
626 4922 874 4984 uterum,
910 4935 1023 4988 quo
1064 4920 1161 4971 Dei
1198 4917 1371 4972 Filius
1400 4918 1815 4983 incarnaretur,
1846 4916 1915 4969 ab

212 5003 381 5058 omni
425 5005 685 5074 contagio
729 5005 1128 5070 sanctiﬁcavit,
1182 5006 1301 5075 ipse
1338 5020 1571 5075 quoque
1602 5009 1660 5057 et
1686 5005 1912 5057 vulvam

215 5108 331 5163 qua
389 5099 713 5146 nasceretur
740 5094 1029 5164 purgavit.
1085 5093 1197 5147 Nisi
1235 5094 1381 5147 forte
1411 5093 1680 5147 credibile
1728 5092 1916 5146 videa-

200 5188 332 5246 tur,
370 5180 525 5251 quod
551 5197 684 5235 eum
717 5182 904 5235 locum
935 5180 1126 5236 divino
1175 5186 1449 5250 conceptu
1484 5180 1804 5234 reddiderit
1834 5180 1917 5233 di-

212 5270 545 5339 gnum,qui
578 5270 758 5339 magis
790 5269 1047 5323 libidinis
1068 5274 1236 5323 aestus
1256 5268 1643 5331 succenditur,
1669 5274 1725 5322 et
1744 5285 1914 5339 quem

213 5358 459 5411 minoris
482 5358 727 5411 flammae
755 5362 1277 5428 temperamentum
1304 5362 1609 5426 pertentat.
1634 5357 1916 5411 mundare

215 5445 559 5517 nequiverit.
593 5446 751 5510 Quod
794 5447 948 5500 enim
996 5445 1334 5499 mulieribus
1365 5446 1425 5500 in
1477 5446 1771 5513 umbilico,
1827 5446 1916 5498 cui

217 5534 430 5589 motrix
463 5535 736 5604 subjacet,
781 5535 957 5589 libido
989 5535 1342 5598 dominetur,
1380 5534 1566 5588 verbis
1610 5534 1918 5604 Scripturse

218 5626 432 5672 sanctae
463 5621 788 5674 didicimus.
820 5621 938 5675 Tibi
965 5626 1283 5675 auteman
1304 5626 1538 5691 propter
1571 5622 1751 5685 legem
1790 5638 1909 5689 pec-

1957 492 1994 543 A
2035 487 2162 552 cati,
2224 488 2319 541 sed
2384 493 2621 559 propter
2685 489 3101 545 deformitatem
3172 497 3411 560 naturas,
3474 493 3723 564 genitale

2032 575 2352 630 membrum
2386 577 2608 631 videtur
2650 577 3037 633 inhonestum.
3074 581 3186 634 Cur
3232 580 3376 637 hoc?
3442 582 3721 647 Quoniam

2030 681 2261 718 sensum
2305 665 2490 719 carnis
2521 666 2576 718 in
2628 666 2798 720 rebus
2847 670 3252 738 cognoscendis
3310 674 3720 741 percunctaris,

2030 770 2200 825 quem
2235 770 2403 807 nemo
2425 755 2649 825 sapiens
2679 756 2749 809 de
2782 757 2897 809 veri
2948 760 3313 829 perceptione
3358 766 3585 814 secutus
3615 767 3718 816 est.

2030 843 2152 896 Non
2195 842 2403 896 mirum
2435 843 2480 896 si
2535 843 2765 911 falleris,
2798 844 2898 916 qui
2930 846 3189 899 falsitatis
3235 855 3461 902 auctore
3510 851 3718 920 perdo-

2029 930 2191 985 ceris.
2237 933 2375 985 Eum
2404 932 2651 1003 denique
2676 941 2997 1004 sequuntur
3025 950 3243 1002 omnes,
3279 937 3377 1006 qui
3432 938 3719 992 verisimi-

2026 1019 2102 1073 lia
2136 1037 2237 1089 pro
2287 1021 2450 1085 veris,
2496 1021 2554 1075 id
2586 1026 2687 1088 cst,
2726 1023 3122 1093 corruptibilia
3168 1039 3270 1093 pro
3320 1025 3547 1078 {BlBI‘OIS
3597 1043 3719 1080 am~

2025 1109 2367 1179 plectuntur.
2404 1110 2620 1163 Revoca
2656 1110 2834 1181 magis
2853 1112 3047 1163 oculos
3078 1112 3561 1182 atemporalibus,
3587 1131 3716 1184 quae.

2025 1197 2188 1252 docet
2228 1199 2588 1253 Ecclesiastes
2627 1215 2742 1253 non
2774 1204 2998 1254 tantum
3036 1201 3366 1266 vanitatem,
3401 1218 3599 1256 verum
3632 1218 3719 1256 va-

2026 1286 2230 1341 nitates
2291 1288 2637 1355 vanitatum;
2699 1294 2755 1341 et
2804 1288 2954 1343 disce
3005 1290 3124 1343 veri
3175 1290 3596 1362 perceptionem
3651 1291 3720 1344 de

2024 1373 2286 1428 sensibus
2317 1375 2434 1429 veri
2477 1375 2974 1447 participantibus.
3011 1379 3170 1443 Quod
3218 1395 3349 1433 cum
3378 1379 3600 1444 feceris,
3640 1378 3721 1433 ni-

2023 1462 2103 1516 hil
2134 1462 2195 1516 in
2226 1465 2442 1518 naturis
2474 1470 2639 1536 turpe
2690 1470 2898 1537 praeter
2924 1467 3283 1522 inordinatos
3343 1473 3532 1522 motus
3565 1468 3718 1522 vide-

2023 1550 2129 1616 bis,
2162 1567 2306 1622 quos
2340 1568 2455 1606 non
2496 1554 2564 1605 de
2596 1554 2838 1608 creantis
2887 1555 3189 1626 sapientia,
3249 1556 3347 1610 sed
3383 1557 3450 1609 de
3500 1556 3717 1626 peccati

2021 1640 2189 1710 culpa
2217 1645 2565 1709 contraxere,
2600 1647 2657 1696 et
2694 1642 2963 1714 deinceps
2994 1661 3111 1698 non
3157 1644 3454 1715 indignam
3489 1644 3715 1714 judica-

2020 1727 2108 1782 bis
2170 1729 2568 1784 Incaruatioue
2631 1730 2799 1785 Verbi
2862 1731 2931 1786 ad
2988 1733 3339 1787 nascendum
3399 1732 3716 1804 virgineam

2025 1816 2269 1871 vulvam.
2306 1818 2582 1889 Equidem
2612 1819 2935 1890 pervidebis
2990 1820 3133 1874 nihil
3173 1821 3404 1892 dignius
3437 1821 3719 1875 Creatoris

2025 1904 2402 1973 humanitate,
2437 1924 2610 1978 quam
2653 1925 2771 1962 suae
2808 1908 3244 1979 dispositionem
3292 1909 3519 1965 fabrica:
3559 1925 3718 1963 com-

2025 1995 2285 2065 probare.
2322 1996 2391 2050 Ut
2421 1996 2563 2050 sicut
2588 1998 2929 2067 approbavit
2960 2003 3189 2052 uterum
3222 2015 3336 2069 quo
3387 1997 3715 2069 concipere-

2024 2085 2139 2149 tur,
2199 2082 2278 2138 ita
2327 2100 2443 2138 non
2496 2085 2827 2156 approbarit
2876 2086 3026 2140 uteri
3076 2087 3318 2158 januam
3367 2086 3455 2140 sui
3511 2086 3716 2140 natalis

2024 2170 2426 2242 abrogationc;
2462 2189 2531 2227 ne
2558 2190 2732 2245 quam
2763 2174 3056 2229 constituit
3084 2174 3353 2229 nascendi
3381 2174 3553 2241 viam,
3592 2190 3710 2228 suae

2025 2259 2297 2314 refutaret
2326 2261 2759 2317 humanationis
2788 2279 3070 2334 egresssu.

2094 2349 2203 2402 Ista
2230 2350 2403 2403 ducas
2450 2367 2579 2405 cum
2613 2351 2810 2421 impia,
2871 2368 3085 2405 novum
3140 2351 3414 2423 quiddam
3476 2352 3714 2419 moliris,

2025 2440 2086 2490 ut
2132 2437 2408 2493 Salvatori
2466 2456 2579 2511 quo
2636 2445 2963 2494 nasceretur
3017 2440 3163 2494 nihil
3218 2440 3394 2495 fuisse
3449 2441 3710 2494 clausum

2022 2528 2255 2593 clames,
2306 2528 2458 2597 quod
2505 2528 2802 2584 Conditori
2832 2528 2913 2583 nil
2945 2534 3338 2583 creaturarum
3365 2532 3537 2600 queat
3565 2527 3711 2582 obsi-

2023 2618 2169 2668 stere
2204 2631 2439 2670 :verum
2498 2617 2773 2688 quidquid
2810 2617 3086 2686 subsistit,
3131 2616 3204 2670 sit
3259 2616 3311 2671 ei
3364 2620 3626 2687 apertum
3658 2620 3715 2670 et

2020 2705 2389 2774 permeabile.
2447 2707 2526 2760 Ita
2578 2707 2751 2776 plane
2788 2706 2835 2759 si
2866 2707 3058 2772 sentis,
3096 2705 3539 2777 prudentissime
3583 2722 3712 2759 sen-

2021 2792 2111 2847 tis.
2148 2794 2259 2848 Hac
2290 2810 2421 2848 vero
2465 2796 2658 2865 regula
2685 2811 2813 2849 cum
2871 2794 3181 2849 nativitatis
3227 2794 3432 2850 Christi
3462 2793 3712 2864 primor-

2020 2878 2113 2932 dia
2141 2880 2467 2949 mancipare
2498 2880 2773 2951 disponis,
2806 2882 2960 2952 quod
3000 2882 3069 2936 ad
3102 2881 3424 2951 potentiam
3474 2884 3710 2951 spectat,

2019 2966 2334 3021 clarissime
2367 2967 2739 3039 dogmatizas.
2783 2969 2943 3034 Quod
2977 2974 3168 3023 autem
3198 2970 3266 3023 ad
3289 2969 3547 3040 corporis
3579 2985 3711 3040 pro-

2020 3056 2323 3126 prietatem
2384 3057 2650 3127 suscepti,
2709 3062 2763 3111 et
2817 3058 3129 3111 nativitatis
3202 3058 3448 3128 pertinet
3503 3057 3711 3111 huma-

2019 3160 2128 3201 nas.
2169 3160 2201 3196 a
2230 3143 2484 3197 veritatis
2534 3144 2674 3197 calle
2735 3145 3061 3213 longissime
3109 3145 3342 3199 recedis.
3398 3145 3604 3198 Virtuti
3636 3144 3712 3197 si-

2019 3231 2254 3303 quidem
2298 3232 2605 3284 voluntatis
2656 3232 2863 3285 Christi
2905 3232 3045 3285 nihil
3106 3238 3190 3286 est
3227 3234 3507 3297 clausum,
3565 3232 3711 3285 nihil

2018 3336 2131 3374 non
2164 3319 2537 3391 penetrabile.
2567 3320 2898 3374 Humanitas
2931 3326 3117 3374 autem
3151 3336 3279 3391 quae
3314 3323 3574 3388 suscepta
3605 3322 3710 3385 est,

2018 3410 2163 3463 sicut
2211 3409 2362 3463 intra
2411 3410 2567 3463 sinus
2610 3409 2862 3465 metricis
2910 3410 3144 3463 collecta
3175 3414 3278 3474 est,
3331 3409 3407 3461 ita
3454 3406 3709 3478 quandiu

2019 3498 2230 3552 mansit
2253 3498 2388 3565 illic,
2423 3498 2634 3552 ventris
2688 3498 2973 3552 exteriora
3013 3515 3124 3551 non
3173 3502 3407 3568 experta
3465 3496 3608 3570 [est].
3643 3498 3714 3550 At

2018 3602 2152 3640 vero
2214 3602 2346 3639 mox
2402 3586 2647 3657 virginei
2695 3586 3012 3641 thalamum
3070 3586 3300 3657 reliquit
3369 3585 3593 3651 secreti,
3655 3590 3712 3638 et

2016 3675 2156 3729 foris
2207 3674 2439 3741 exstitit,
2479 3679 2535 3728 et
2580 3676 2735 3729 intus
2784 3692 2903 3729 esse
2933 3676 3187 3731 cessavit.
3245 3678 3354 3730 llac
3401 3675 3509 3729 lori
3575 3673 3708 3745 quid

2018 3764 2396 3818 alternatione
2432 3764 2786 3826 monstravit,
2824 3764 2931 3816 nisi
2962 3766 3114 3834 quod
3170 3765 3431 3835 quamvis
3506 3779 3708 3817 secun-

2016 3852 2155 3906 dum
2189 3851 2502 3906 divinitatis
2519 3850 2927 3922 proprietatem
2961 3852 3033 3904 sit
3056 3853 3289 3922 ubique,
3312 3854 3468 3922 juxta
3503 3867 3710 3922 corpo-

2016 3940 2095 3994 ris
2152 3938 2718 4009 circonscriptionem
2772 3940 2965 3993 locatis
3013 3939 3271 3993 exstitit?
3326 3939 3507 4009 Igitur
3556 3938 3706 4009 quod

2016 4027 2195 4081 locale
2229 4030 2329 4094 est,
2360 4027 2506 4081 sicut
2540 4027 2753 4099 ubique
2784 4044 2899 4080 non
2952 4033 3038 4081 est
3069 4043 3312 4097 semper,
3349 4026 3447 4080 sed
3475 4032 3609 4079 tunc
3641 4026 3708 4079 ad

2018 4116 2192 4169 alium
2249 4116 2477 4185 migrat,
2557 4133 2686 4170 cum
2736 4117 2922 4171 locum
2982 4116 3234 4171 deseruit
3293 4116 3575 4186 primum;
3632 4113 3708 4167 ita

2018 4206 2188 4259 etiam
2221 4221 2349 4258 cum
2382 4204 2683 4258 transitum
2733 4204 2885 4271 facit,
2919 4221 3037 4269 non
3082 4204 3251 4257 simul
3307 4203 3567 4257 dextrum
3619 4218 3710 4255 ac-

2017 4294 2311 4346 sinistrum
2362 4297 2536 4355 tenet,
2582 4292 3069 4364 quemadmodum
3101 4292 3269 4346 simul
3304 4298 3433 4346 ante
3464 4296 3519 4345 et
3564 4296 3713 4345 retro

2022 4399 2136 4436 non
2167 4382 2445 4452 graditur,
2481 4398 2583 4435 nec
2613 4398 2785 4451 supra
2838 4383 3050 4452 pariter
3081 4387 3135 4435 et
3188 4381 3477 4435 deorsum.
3531 4382 3712 4448 Certe,

2021 4477 2077 4526 et
2118 4471 2374 4525 Salvator
2403 4470 2549 4524 sicut
2588 4471 2698 4523 alio
2746 4476 3003 4541 tempore
3044 4468 3243 4523 fuitin
3302 4475 3465 4523 utero
3520 4486 3715 4522 secun~

2023 4560 2159 4613 dum
2193 4575 2418 4630 corpus,
2451 4566 2507 4613 et
2556 4560 2664 4613 alio
2694 4559 2852 4625 foris,
2889 4560 2968 4612 ita
3017 4558 3078 4611 in
3107 4558 3453 4629 egrediendo
3510 4573 3714 4627 quam-

2022 4649 2104 4701 vis
2133 4646 2472 4717 egressionis
2504 4647 2784 4700 voluntati
2834 4648 2914 4700 nil
2972 4646 3146 4700 fuerit
3201 4646 3478 4711 clausum,
3541 4662 3714 4699 unam

2023 4740 2216 4789 tamen
2247 4735 2430 4788 tenuit
2450 4735 2787 4805 egressionis
2827 4735 2996 4802 viam,
3023 4752 3133 4789 non
3195 4751 3298 4806 per
3338 4751 3538 4790 omnes
3591 4751 3714 4789 cor-

2025 4823 2195 4894 poris,
2228 4823 2284 4875 in
2312 4840 2431 4893 quo
2462 4824 2743 4877 formatus
2774 4823 2977 4887 fuerat,
3008 4828 3196 4893 partes
3225 4823 3418 4877 exivit.

2094 4913 2385 4966 Constitue
2426 4916 2576 4965 certe
2609 4928 2779 4983 quam
2813 4912 3053 4966 voluerit
3083 4911 3341 4983 corporis
3370 4917 3587 4982 partem
3622 4926 3713 4962 or-

2023 5000 2108 5054 tui
2140 5000 2468 5055 Salvatoris.
2506 5001 2631 5055 Non
2663 5000 2815 5055 enim
2875 5016 2977 5072 per
3004 5017 3175 5056 omne
3206 5016 3412 5070 corpus
3456 5012 3717 5069 egressus

2022 5093 2128 5154 est,
2162 5090 2422 5159 quamvis
2462 5090 2739 5144 voluntati
2773 5091 2895 5159 ejus
2927 5090 2994 5145 ad
3031 5105 3323 5161 egressum
3374 5087 3528 5140 nulla
3592 5098 3713 5137 cor-

2026 5178 2181 5248 poris
2225 5194 2355 5248 pars
2409 5178 2580 5232 fuerit
2627 5180 2837 5233 clausa.
2912 5181 3025 5233 Nec
3083 5177 3381 5232 illocaliter
3450 5189 3711 5244 egressus

2030 5267 2134 5321 hoc
2182 5270 2267 5319 est
2304 5266 2459 5321 enim
2510 5267 2864 5337 incorporeae
2907 5268 3199 5338 proprium
3259 5268 3497 5329 natura»,
3552 5263 3718 5332 longe

2025 5370 2157 5407 vero
2198 5370 2230 5407 a
2284 5371 2560 5425 corporea
2614 5361 2917 5409 remotum.
2980 5353 3273 5408 Constitue
3327 5356 3478 5404 certe
3547 5367 3719 5422 quam

2028 5443 2311 5513 delegeris
2369 5450 2610 5513 partem.
2660 5446 2896 5499 Vulvam
2948 5442 3164 5506 renuis,
3223 5438 3558 5495 umbilicum
3637 5446 3719 5494 at-

2030 5533 2249 5599 tribue;
2286 5534 2394 5601 vel,
2425 5533 2470 5586 si
2502 5534 2790 5597 malueris,
2845 5530 3135 5585 honestius
3175 5529 3563 5601 quodcunque
3596 5546 3711 5584 cor-

2029 5622 2185 5692 poris
2206 5623 2415 5676 ostium
2448 5638 2461 5674 :
2496 5638 2560 5675 ac
2580 5622 2624 5675 si
2654 5622 2798 5675 ostia
2821 5636 2950 5690 quae
2973 5619 3133 5675 dedit
3161 5623 3364 5674 natura
3392 5619 3721 5692 displicent,
