4138 6186
407 282 473 335 87
1560 270 1922 328 RATRAMNI
1963 270 2422 329 CORBEIENSIS
2454 269 2768 327 MONACHI
3844 270 3910 322 88

410 415 616 470 dissice
643 420 669 448 ⁸
714 415 997 476 ventrem,
1026 408 1184 463 nuda
1226 411 1432 476 costas,
1481 406 1706 477 spinam
1742 422 1967 479 rumpe,
2022 407 2108 460 vel
2140 410 2186 461 A
2224 407 2336 462 trio
2374 408 2733 479 singulorum
2784 406 2917 462 licet
2949 406 3269 463 intellectus
3319 409 3622 464 verborum
3682 407 3912 475 variari,

410 500 902 576 quemadmodum
934 498 1125 553 nescio
1154 496 1252 568 qui
1284 496 1607 551 stultissimi
1636 496 1905 563 delirant,
1946 495 2106 567 aperi

406 592 697 656 ascellam,
739 595 795 642 et
841 588 919 642 ita
951 588 1019 642 de
1053 592 1245 641 monte
1277 586 1545 640 umbroso
1579 590 1637 639 et
1667 585 1954 639 condenso
2000 601 2105 639 na-

409 682 685 735 tivitatem
739 680 1057 730 contestare
1101 674 1427 729 Salvatoris.
1480 674 1623 728 Num
1658 674 1836 743 igitur
1864 673 1993 727 talis
2018 675 2106 743 ja-

412 783 530 823 nua
555 765 935 821 dominatoris
977 769 1102 817 ortu
1136 763 1311 834 digna
1338 762 1701 833 probabitur,
1754 779 1923 833 quam
1971 762 2112 816 stul-

417 861 612 909 torum
663 852 857 923 opinio
918 850 1249 909 ementitur.
1285 854 1341 904 et
1361 865 1537 920 quam
1565 849 1849 904 Creatoris
1882 849 2113 919 sapien—

416 943 493 998 tia
518 947 739 996 natura:
790 940 946 994 dedit
989 938 1375 1009 conceptibili,
1424 936 1789 1009 disputetur?
1820 940 1907 992 An
1963 942 2116 992 certe

423 1033 871 1101 Bragmanorum
926 1042 1237 1098 sequemur
1304 1026 1658 1096 opinionem,
1713 1030 1779 1080 ut
1833 1027 2115 1097 quemad-

420 1118 656 1171 modum
689 1116 773 1169 illi
800 1120 967 1169 sectze
1016 1132 1134 1169 suae
1185 1120 1475 1170 auctorem
1525 1117 1781 1171 Bubdam
1820 1132 1926 1186 per
1955 1114 2121 1186 virgi-

422 1206 512 1260 nis
553 1206 702 1259 latus
743 1209 978 1258 narrant
1018 1209 1302 1271 exortum,
1337 1205 1416 1258 ita
1466 1222 1572 1259 nos
1627 1204 1910 1260 Christum
1947 1202 2121 1257 fuisse

423 1293 846 1365 prazdiccmus?
888 1294 981 1347 Vel
1032 1293 1215 1363 magis
1264 1294 1343 1347 sic
1393 1295 1644 1347 nascitur
1695 1293 1796 1348 Dei
1843 1289 2125 1362 sapientia

427 1384 497 1437 de
529 1381 774 1452 Virginis
796 1382 1049 1448 cerebro,
1083 1382 1369 1451 quomodo
1407 1382 1654 1436 Minerva
1701 1382 1767 1435 de
1797 1380 1949 1434 Iovis
2006 1394 2119 1431 ver-

427 1471 556 1534 tice,
590 1475 863 1541 tanquam
896 1470 1058 1524 Liber
1086 1475 1251 1540 pater
1288 1470 1357 1524 de
1402 1469 1663 1524 femore?
1713 1471 1783 1523 Ut
1832 1467 2128 1522 Christico-

434 1560 547 1613 lam
580 1561 649 1613 de
680 1558 930 1628 Virginis
959 1564 1128 1629 partu
1160 1575 1279 1612 non
1328 1559 1600 1612 solemnis
1634 1562 1858 1623 natura,
1894 1557 1981 1609 vel
2020 1572 2127 1609 au—

434 1648 664 1702 ctoritas
724 1663 899 1701 sacrae
930 1647 1211 1713 lectionis,
1266 1647 1362 1702 sed
1423 1647 1757 1718 superstitio
1815 1644 2044 1717 gentilis
2075 1647 2133 1699 et

432 1740 759 1791 commenta
780 1736 1126 1806 perdoceant
1155 1735 1433 1790 fabulosa.

1100 1824 1325 1879 CAPUT
1373 1826 1461 1878 IV.

427 1914 634 1970 Auctor
686 1914 898 1982 profert
974 1915 1279 1968 testimonia
1325 1930 1391 1967 em
1447 1915 1630 1969 Veteri
1684 1914 2017 1967 Testamento
2068 1913 2131 1964 ut

568 2002 795 2058 suadeat
816 2003 1090 2058 Christum
1118 2018 1215 2071 per
1230 2003 1449 2056 vulvam
1496 2003 1745 2068 Virginis
1774 2002 1987 2055 exiisse.

501 2091 609 2146 Sed
653 2090 775 2158 jam
811 2107 967 2144 nunc
1018 2090 1348 2144 testimonia
1386 2090 1699 2160 procedant
1755 2090 1815 2143 in
1873 2086 2130 2141 medium

439 2178 653 2241 divina,
684 2182 740 2231 et
772 2194 836 2231 ex
867 2177 947 2230 eis
970 2182 1164 2231 ortum
1215 2178 1500 2231 discamus
1556 2177 1886 2243 Salvatoris,
1920 2191 1990 2230 ne
2046 2175 2129 2228 fa-

434 2266 586 2322 bulis
627 2265 981 2336 decipiamur
1022 2265 1183 2319 vanis
1214 2270 1269 2319 et
1313 2265 1470 2319 falsis
1531 2265 1901 2335 opinionibus
1932 2263 2133 2317 eluda-

438 2371 587 2410 mur.
645 2354 817 2410 Isaias
868 2359 1044 2424 vates,
1103 2360 1260 2408 ortus
1316 2355 1488 2425 hujus
1535 2370 1808 2408 arcanum
1850 2358 2128 2414 retexens,

443 2462 472 2495 (ι
510 2444 678 2499 Dabit
728 2442 1026 2510 Dominus,
1071 2442 1265 2512 inquit
1320 2442 1442 2513 ipse
1496 2442 1654 2496 vobis
1708 2443 1960 2512 signum.
1999 2441 2133 2494 Ecce

440 2532 601 2602 virgo
658 2531 943 2600 concipiet
997 2536 1053 2585 et
1101 2531 1289 2601 pariet
1338 2531 1522 2585 tilium
1582 2530 1718 2600 (Isa.
1778 2547 1872 2596 vn,
1934 2530 2041 2597 14).
2104 2547 2131 2575 ››

443 2620 735 2690 Virginem
794 2618 1104 2673 conﬁtetur
1163 2625 1592 2690 concepturam,
1654 2619 1947 2689 Virginem
1987 2616 2138 2688 pari-

444 2713 659 2774 turam,
727 2711 783 2761 et
837 2709 946 2762 hoc
994 2725 1025 2761 a
1088 2707 1331 2762 Domino
1389 2708 1615 2779 signum
1673 2707 1795 2761 fore
1860 2706 2135 2772 dandum,

447 2798 598 2869 quod
648 2803 960 2867 utrumque
999 2796 1339 2850 mirabiliter
1395 2796 1467 2851 sit
1514 2797 1729 2851 factura
1786 2796 1970 2866 virgo,
2021 2810 2136 2847 non

448 2885 601 2956 quod
627 2890 837 2956 praeter
869 2885 1017 2938 viam
1062 2889 1280 2938 natura:
1326 2890 1523 2957 partus
1567 2884 1637 2938 sit
1666 2885 1939 2938 exiturus.
1974 2882 2134 2947 Quod

2218 502 2389 551 erunt
2416 497 2685 551 universa
2735 496 2994 562 confusa,
3027 502 3085 550 et
3130 514 3331 568 parere
3380 498 3794 569 concipereque
3845 496 3916 550 de

2218 585 2358 640 viris
2389 586 2561 640 etiam
2594 585 2953 655 suscipietur.
2987 585 3100 641 Cur
3138 602 3255 640 non
3285 590 3437 642 certe
3467 587 3588 641 haec
3612 587 3918 641 verborum

2222 674 2409 730 ofﬁcia
2438 675 2508 729 de
2550 675 2684 729 viris
2711 674 3120 745 prmdicentur,
3165 676 3211 728 si
3240 682 3440 747 partus
3472 676 3775 731 Salvatoris
3804 691 3920 729 non

2223 765 2375 818 viam
2403 763 2589 819 tenuit
2627 764 2799 829 uteri,
2834 764 2927 816 scd
2980 764 3151 817 exivit
3188 780 3559 836 quacunque.
3602 764 3809 831 Habes,
3866 768 3922 818 et

2225 854 2510 925 superbis,
2580 853 2963 924 patrocinium
3021 857 3322 923 poetarum
3352 853 3713 925 ﬁgmentum,
3756 856 3821 907 ut
3867 857 3924 907 et

2226 943 2489 1013 concepit
2535 942 2619 996 vir
2650 945 2705 996 et
2734 941 2972 1013 peperit.
3008 941 3192 1006 Quod.
3225 942 3361 1013 quia
3419 942 3777 997 Christianus
3838 958 3919 1008 es,

2227 1037 2284 1087 et
2314 1031 2556 1103 eloquiis
2587 1032 2897 1085 instructus
2935 1031 3209 1098 veritatis,
3244 1047 3361 1085 non
3402 1031 3623 1100 dubito,
3671 1030 3921 1103 repellis.

2231 1123 2352 1187 Qua
2381 1122 2447 1175 de
2471 1137 2532 1175 re
2558 1120 2880 1191 legitimum
2912 1122 3133 1173 natura:
3163 1136 3394 1174 cursum
3428 1120 3658 1174 vocibus
3707 1120 3922 1190 praedi-

2232 1214 2420 1264 catum
2460 1208 2763 1271 consuetis,
2814 1224 2928 1263 non
2979 1208 3250 1279 Opinione
3282 1225 3426 1263 nova
3473 1213 3784 1279 pervertas,
3823 1209 3926 1263 sed

2231 1315 2366 1353 vera
2383 1298 2657 1367 etusitata
2680 1303 2934 1367 receptes
2955 1297 3448 1367 interpretatione.
3474 1300 3678 1352 Etcum
3698 1297 3924 1367 legeris,

2235 1387 2509 1455 audieris,
2567 1387 3050 1458 pronuntiaveris,
3106 1388 3195 1440 vel
3260 1386 3554 1457 Virginem
3623 1387 3918 1457 peperisse

2238 1475 2545 1543 Christum,
2579 1476 2666 1529 vel
2700 1480 2898 1530 natum
2929 1476 2999 1529 de
3028 1475 3259 1545 Virgine
3292 1476 3604 1545 Christum,
3636 1476 3787 1530 illico
3820 1475 3924 1529 tibi

2239 1565 2441 1621 semita
2473 1570 2689 1619 natura:
2714 1564 2893 1635 janua
2930 1566 3114 1618 vulvae
3163 1570 3441 1619 occurrat.
3484 1564 3687 1636 Sicque
3719 1570 3772 1619 te
3812 1580 3929 1618 non

2240 1671 2400 1710 error
2428 1670 2531 1725 per
2562 1654 2723 1708 devia
2743 1655 2932 1720 ducet,
2967 1654 3063 1708 sed
3081 1670 3245 1707 verus
3268 1654 3589 1708 intellectus
3621 1654 3679 1707 in
3704 1653 3933 1708 tramite

2241 1747 2394 1799 recto
2425 1742 2661 1796 tenebit.
2724 1743 2802 1796 Ne
2835 1746 3026 1796 autem
3062 1741 3419 1813 argumentis
3458 1741 3578 1796 haec
3635 1741 3937 1795 videamur

2239 1837 2465 1886 tantum
2492 1830 2887 1900 comprobare,
2922 1831 3265 1884 testimoniis
3318 1831 3505 1885 dicere
3539 1847 3669 1885 vera
3703 1831 3771 1885 de
3802 1835 3935 1885 ortu

2240 1920 2542 1977 Salvatoris
2568 1935 2697 1990 quae
2730 1920 3038 1973 asserimus
3077 1936 3226 1973 esse.

2312 2009 2465 2063 Idem
2506 2008 2785 2079 propheta
2842 2008 3013 2061 Isaias
3048 2027 3059 2061 :
3101 2028 3129 2059 α
3173 2009 3236 2061 Et
3268 2007 3473 2061 accessi
3503 2008 3573 2062 ad
3612 2006 3938 2078 prophetis-

2241 2115 2384 2159 sam.
2418 2105 2472 2154 et
2500 2097 2764 2167 concepit
2793 2101 2847 2151 et
2877 2096 3101 2167 peperit
3139 2096 3320 2151 ﬁlium
3353 2114 3365 2151 :
3400 2102 3458 2151 et
3482 2096 3628 2151 dixit
3660 2096 3940 2151 Dominus

2243 2185 2309 2238 ad
2346 2201 2436 2239 me
2467 2203 2482 2238 :
2518 2185 2665 2238 Voca
2692 2200 2901 2238 nomen
2925 2185 3046 2254 ejus
3079 2201 3091 2238 :
3116 2186 3381 2239 Accelera
3411 2186 3591 2255 spolia
3612 2184 3938 2249 detrahere,

2242 2272 2446 2327 festina
2502 2274 2748 2344 praedari
2780 2275 2909 2338 (lsa.
2964 2290 3081 2336 VIII,
3158 2272 3262 2344 3)”
3332 2294 3360 2322 »
3419 2272 3661 2327 Adverte
3707 2276 3941 2343 partum

2243 2360 2479 2431 virginis
2531 2361 2858 2432 prophetali
2905 2360 3193 2432 signatum
3245 2360 3584 2414 ministerio.
3655 2360 3946 2430 Propheta

2244 2448 2477 2503 accessit
2503 2449 2575 2503 ad
2613 2449 3057 2520 prophetissam,
3093 2448 3227 2519 quia
3253 2448 3496 2518 Spiritus
3526 2452 3755 2503 sanctus
3787 2449 3947 2502 venit

2245 2538 2315 2592 ad
2366 2538 2598 2593 Mariam
2628 2553 2641 2591 :
2676 2537 2938 2608 concepit
2978 2538 3096 2604 illa,
3128 2542 3180 2591 et
3212 2537 3438 2608 peperit
3488 2536 3692 2603 lilium,
3759 2538 3948 2607 magis

2248 2626 2491 2698 Spiritus
2540 2627 2718 2680 sancti
2773 2627 2945 2693 dono,
2999 2642 3172 2696 quam
3220 2626 3531 2680 sementivo
3565 2626 3737 2680 virili.
3794 2626 3949 2690 Que-

2246 2716 2623 2770 madmodum
2670 2716 2808 2772 Sara
2856 2720 2911 2770 et
2970 2715 3268 2769 sterilitate
3300 2715 3627 2781 infecunda,
3672 2718 3728 2769 et
3784 2715 3951 2769 senio

2242 2804 2363 2875 jam
2392 2805 2621 2875 frigida,
2653 2809 2716 2858 ut
2736 2809 2920 2858 mater
2949 2804 3108 2875 virgo
3140 2804 3209 2859 de
3265 2803 3476 2875 Spiritu
3507 2808 3702 2858 sancto
3732 2808 3789 2858 et
3842 2803 3952 2859 im-

2246 2894 2598 2965 praagnanda
2627 2898 2681 2947 et
2719 2898 2992 2964 generata
3025 2893 3481 2964 prophetaretur.
3522 2894 3588 2948 Et
3633 2897 3951 2962 conceptus

451 2975 498 3028 Si
531 2978 680 3066 9559i
702 2973 981 3037 fumium:
1015 2977 1349 3066 (ξΡοΓξυθιἮί
1385 2972 1493 3066 ξ]οέ
1520 2969 2139 3066 ΡῙὊΡῘιθῖίοο-ημοιίθνξ
2173 3016 2211 3066 ρ
2249 2998 2385 3053 ergo
2441 2987 2498 3037 et
2548 2988 2745 3053 partus
2792 2982 2851 3036 in
2892 2982 3249 3053 prophetissa
3274 2982 3552 3053 processit
3608 2985 3671 3036 ut
3709 2982 3951 3036 haeresis

451 3062 742 3133 mysterio,
803 3061 1290 3133 quemadmodum
1353 3061 1645 3132 virgineus
1715 3059 2012 3114 nuntiatus
2060 3063 2139 3112 est

2252 3072 2445 3126 futura
2468 3071 2859 3137 damnaretur,
2900 3088 3157 3125 asserens
3186 3070 3417 3125 Mariam
3450 3070 3800 3141 concepisse,
3840 3085 3952 3123 nec

451 3155 764 3220 conceptus
795 3155 849 3203 et
894 3154 1108 3220 partus.
1157 3151 1267 3204 Nec
1299 3149 1452 3203 enim
1484 3149 1610 3203 talis
1642 3149 1814 3203 editio
1846 3148 2036 3202 minus
2064 3147 2145 3201 di-

451 3239 599 3292 vina
630 3237 981 3309 operationis
1013 3238 1298 3309 proferret
1348 3238 1592 3309 insigne,
1645 3237 1875 3309 quando
1923 3241 2143 3290 naturas

454 3327 602 3381 viam
625 3327 684 3380 in
712 3327 853 3381 alios
886 3327 1330 3397 transposuisset
1374 3327 1535 3380 ﬁnes.
1570 3327 1728 3380 Nunc
1758 3330 1952 3379 autem
2008 3324 2144 3378 viri-

453 3416 565 3469 lem
606 3430 913 3485 segregans
943 3430 1198 3485 operam,
1249 3418 1307 3468 et
1352 3412 1699 3483 integritatis
1727 3412 2023 3466 insinuans
2052 3412 2149 3466 do-

454 3520 619 3569 num,
656 3503 763 3557 hoc
795 3504 959 3557 docet
997 3518 1029 3554 a
1064 3501 1304 3555 Domino
1338 3501 1592 3570 signum,
1626 3501 1782 3572 quod
1823 3500 2047 3554 editura
2075 3500 2149 3553 sit

453 3593 614 3662 virgo
667 3592 1037 3646 Salvatorem.
1098 3591 1221 3645 Non
1268 3590 1421 3643 enim
1478 3594 1687 3660 praeter
1732 3594 1995 3643 naturam
2043 3604 2146 3642 no-

458 3696 589 3733 vum
620 3678 981 3749 parturiendi
1028 3678 1293 3749 designat
1343 3677 1454 3731 iter
1482 3676 1695 3747 virgini
1728 3676 1920 3743 matri,
1978 3677 2072 3730 sed
2118 3691 2152 3729 a

455 3774 662 3823 natura
691 3769 888 3823 datum
939 3782 1071 3821 cum
1114 3766 1563 3837 incorruptionis
1596 3767 1788 3837 palma
1840 3765 2152 3819 nativitatis

458 3857 683 3912 dedicat
712 3856 1086 3911 sublimitate.

532 3947 656 4001 Non
706 3950 850 4016 puto
898 3944 1302 4009 necessarium,
1334 3959 1438 3997 nec
1498 3943 1742 3997 brevitas
1771 3941 2050 4011 concedit,
2091 3946 2156 3996 ut

462 4034 532 4090 de
589 4038 709 4088 toto
764 4033 1187 4104 Scripturarnm
1218 4047 1454 4101 corpore
1478 4031 1856 4102 subjiciantnr
1894 4030 2158 4101 exempla

462 4122 672 4193 quibus
719 4122 817 4176 ﬁat
856 4121 1222 4175 manifestum
1254 4136 1455 4190 parere
1501 4124 1558 4174 et
1588 4136 1861 4190 generare
1897 4118 2153 4173 mulieri-

464 4211 567 4264 bus
600 4225 716 4262 non
764 4208 873 4263 nisi
922 4208 1180 4280 legitimo
1236 4208 1452 4262 ventris
1500 4207 1716 4262 oriﬁcio
1770 4207 2041 4275 concedi;
2094 4211 2157 4261 ut

460 4297 606 4352 illud
640 4312 655 4351 :
690 4316 717 4348 (ι
743 4296 942 4351 Mulier
972 4312 1102 4368 qum
1134 4300 1412 4367 concepto
1441 4296 1658 4350 semine
1684 4297 1909 4368 peperit
1939 4312 2154 4350 mascu-
2184 4316 2225 4368 ι)

461 4386 645 4441 linum
678 4386 823 4455 (Lev.
867 4402 966 4453 xu,
998 4386 1072 4457 2).
1099 4408 1126 4435 ››
1163 4387 1303 4440 Item
1339 4402 1351 4440 :
1390 4404 1418 4436 ι(
1449 4384 1750 4440 Sanctiﬁca
1797 4385 1939 4439 mihi
1983 4400 2157 4439 omne

363 4502 372 4511 -
463 4474 916 4547 primogenitum
966 4476 1121 4547 quod
1171 4476 1360 4546 aperit
1407 4475 1635 4528 vulvam
1686 4474 1746 4529 in
1797 4474 1932 4529 ﬁliis
1984 4474 2157 4527 Israel

466 4564 673 4635 (Exod.
704 4581 821 4631 x1”,
880 4566 951 4635 l).
982 4584 1010 4616 ν
1071 4564 1128 4618 Si
1167 4564 1323 4617 enim
1380 4563 1590 4617 mulier
1620 4562 1782 4618 aliter
1838 4579 2010 4634 quam
2057 4578 2159 4633 per

467 4654 715 4718 vulvam,
750 4652 807 4707 id
839 4658 921 4707 est
952 4670 1013 4707 os
1044 4652 1211 4717 uteri,
1249 4656 1505 4723 generat,
1533 4652 1653 4723 jam
1682 4667 1799 4707 non
1831 4667 2000 4730 omne
2035 4651 2156 4722 pri-

469 4741 833 4811 mogenitum
878 4740 1266 4795 sanctificatur
1299 4741 1569 4806 Domino;
1597 4740 1693 4795 sed
1726 4739 1999 4811 quoniam
2051 4740 2161 4793 hoc

468 4831 707 4886 stultum
737 4830 946 4895 dicere,
980 4846 1095 4883 non
1128 4830 1288 4899 virgo
1320 4829 1538 4900 genuit,
1590 4828 1702 4882 nisi
1758 4844 1861 4898 per
1904 4829 2157 4899 vulvam;

466 4924 525 4975 et
553 4919 730 4991 ipsius
758 4919 916 4973 verbi
935 4919 1019 4973 vis
1057 4918 1509 4989 signiﬁcatioque
1538 4916 1838 4971 manifeste
1870 4916 1967 4970 dat
1991 4916 2161 4970 intel-

470 5009 722 5080 ligentiae
744 5012 1150 5079 argumentum
1180 5025 1193 5062 :
1227 5012 1290 5062 ut
1309 5006 1463 5061 enim
1494 5006 1685 5060 videre
1716 5006 1783 5060 ad
1810 5007 2026 5071 oculos,
2068 5022 2163 5061 au-

468 5098 591 5152 dire
621 5098 690 5153 ad
722 5113 907 5162 aures,
959 5097 1202 5152 olfacere
1249 5096 1318 5151 ad
1359 5112 1544 5163 nares,
1579 5100 1807 5166 gustare
1830 5094 1899 5148 ad
1950 5094 2159 5161 fauces,

469 5185 549 5240 ita
574 5202 776 5257 parere
808 5186 1056 5241 refertur
1093 5185 1165 5239 ad
1212 5184 1459 5238 vulvam.
1494 5182 1763 5255 Alioquin
1791 5182 1839 5237 si
1867 5199 1971 5253 pro
2010 5182 2162 5236 arbi-

544 5352 569 5379 ι
618 5347 819 5402 Dissice
860 5352 1117 5401 ventrem.
1178 5343 1452 5400 Acherius
1503 5342 1563 5396 in
1620 5341 1880 5411 margine
1940 5340 2166 5396 monuit

477 5415 786 5485 legendum
838 5417 1072 5472 fortasse
1121 5413 1522 5485 disseca.fSub
1579 5413 1810 5467 initium
1842 5413 2045 5482 capitis
2075 5427 2164 5466 se-

474 5486 703 5610 quetntis
732 5502 797 5540 ex
840 5488 963 5542 cod.
1005 5488 1148 5543 Dall.
1205 5484 1518 5557 adjecimus
1564 5487 1842 5552 conﬁtetur
1887 5488 2019 5540 ante
2048 5498 2167 5539 con-

477 5571 569 5610 ceu
597 5570 773 5610 uram.

477 5570 773 5626 cepturam.

2253 3166 2318 3216 ut
2342 3161 2614 3215 feminam
2636 3176 2957 3229 generasse.
2992 3160 3100 3215 Sed
3128 3158 3489 3230 prophetissa
3514 3174 3627 3212 non
3658 3158 3717 3211 in
3764 3158 3951 3212 altero

2256 3251 2419 3317 fallit,
2454 3251 2515 3305 in
2547 3252 2725 3305 altero
2748 3266 2945 3303 verum
2969 3250 3342 3320 praeﬁgurat;
3392 3247 3665 3319 quoniam
3698 3247 3948 3317 genitrix

2254 3339 2555 3394 Salvatoris
2584 3343 2643 3393 et
2670 3338 2830 3407 virgo
2856 3338 2925 3392 de
2947 3338 3161 3407 Spiritu
3186 3342 3382 3391 sancto
3409 3336 3692 3407 concepit,
3727 3340 3783 3391 et
3802 3334 3957 3389 sicut

2256 3428 2470 3483 femina
2501 3428 2652 3480 salvo
2680 3427 2896 3497 pudore
2927 3426 3241 3496 generavit.

2328 3517 2471 3572 Item
2497 3514 2633 3570 alibi
2665 3531 2677 3568 :
2714 3535 2741 3564 «
2768 3516 2992 3582 Borate,
3017 3514 3165 3582 coali,
3188 3514 3452 3585 desuper,
3472 3518 3529 3569 et
3548 3514 3727 3568 nubes
3748 3513 3961 3585 pluant

2252 3606 2505 3677 justum;
2563 3604 2856 3675 aperiatur
2904 3608 3076 3667 terra,
3137 3607 3194 3657 et
3254 3603 3541 3674 germinet
3596 3603 3959 3657 Salvatorem

2262 3696 2387 3765 (Isa.
2439 3710 2527 3761 x7,
2560 3694 2634 3764 8).
2666 3714 2693 3741 »
2716 3691 3055 3747 Admirabili
3084 3708 3221 3747 sane
3275 3691 3549 3745 brevitate
3580 3690 3961 3763 propheticus

2260 3799 2468 3850 sermo,
2504 3781 3067 3837 etannuntiationem
3100 3780 3291 3851 angeli
3320 3785 3377 3834 et
3408 3780 3828 3851 prophetarum
3864 3797 3962 3835 va-

2262 3872 2478 3940 ticinia,
2503 3874 2561 3925 et
2590 3873 2927 3941 conceptum
2961 3869 3217 3940 virginis,
3251 3873 3305 3922 et
3336 3869 3569 3923 modum
3622 3869 3961 3939 generatio-

2265 3961 2355 4015 nis
2378 3959 2657 4031 exposuit.
2693 3960 2895 4014 Ortum
2927 3958 3178 4029 denique
3209 3957 3418 4013 Christi
3451 3962 3508 4012 et
3537 3958 3774 4027 angelus
3823 3958 3966 4012 insi-

2267 4054 2425 4115 nuat,
2459 4064 2561 4103 nec
2586 4048 2882 4119 prophetae
2904 4051 3114 4114 tacent,
3136 4051 3192 4101 et
3214 4051 3412 4101 uterus
3432 4046 3671 4117 virginis
3702 4047 3966 4118 aperitur

2266 4139 2337 4193 ad
2369 4138 2651 4206 sobolem,
2682 4141 2738 4191 et
2784 4136 3017 4208 pudoris
3050 4137 3360 4190 claustrum
3390 4136 3680 4207 germinat
3710 4136 3967 4191 Salvato-

2270 4245 2413 4297 rem,
2443 4232 2508 4282 ut
2546 4227 2603 4280 in
2635 4226 2928 4297 apertione
2958 4225 3149 4281 videas
3201 4230 3543 4296 conceptum
3572 4225 3837 4295 virginis,
3905 4226 3967 4279 in

2264 4316 2521 4389 germine
2552 4316 2840 4387 intelligas
2879 4319 3109 4385 partum
3140 4314 3408 4385 pudoris;
3443 4319 3505 4368 ut
3535 4314 3689 4369 enim
3720 4331 3969 4385 germen

2264 4422 2470 4462 venam
2501 4410 2687 4460 servat
2741 4404 3011 4471 natalem,
3053 4420 3159 4458 nec
3212 4404 3402 4459 alieno
3450 4404 3669 4458 semine
3726 4420 3970 4459 concre-

2267 4501 2411 4561 tum,
2454 4496 2551 4550 sed
2592 4493 2882 4566 genitricis
2925 4498 3009 4547 est
3040 4493 3291 4564 propriae
3336 4492 3739 4560 sementivum,
3796 4492 3974 4562 juxta

2268 4584 2423 4658 quod
2454 4584 2687 4640 Genesis
2708 4586 2947 4637 testatur
2967 4582 3036 4637 de
3068 4581 3366 4636 arboribus
3389 4586 3445 4635 et
3465 4580 3659 4636 herbis
3681 4580 3929 4650 loquens
3953 4596 3967 4635 :

2272 4697 2292 4723 ι
2331 4675 2504 4745 Cujus
2534 4689 2730 4727 semen
2781 4672 2870 4740 sit,
2921 4671 3209 4742 inquiens.
3257 4670 3316 4725 in
3347 4670 3651 4740 semetipso
3709 4670 3873 4740 (Gen.
3926 4686 3967 4735 ι,

2274 4764 2359 4834 ll)
2392 4780 2404 4818 :
2443 4785 2462 4812 ι
2500 4763 2579 4817 sic
2607 4762 2767 4832 virgo
2819 4761 2992 4816 Maria
3016 4776 3131 4814 non
3157 4759 3228 4814 de
3260 4759 3432 4825 virili,
3475 4759 3570 4813 sed
3601 4758 3671 4813 de
3720 4758 3971 4829 proprio

2271 4851 2486 4905 semine
2512 4849 2791 4920 concepit,
2829 4853 2886 4903 et
2910 4848 3143 4919 genitali
3169 4848 3290 4901 rivo
3332 4847 3593 4919 exposuit
3621 4851 3973 4916 conceptum

2273 4942 2577 5010 Propterea
2606 4939 2765 5009 virga
2792 4940 2980 4993 Aaron
3039 4936 3295 5006 aperitur
3328 4936 3386 4989 in
3418 4952 3674 5007 germen,
3709 4936 3975 5006 erumpit

2273 5028 2331 5083 in
2364 5028 2553 5097 ﬂores,
2582 5027 2681 5098 qui
2712 5026 2862 5081 foliis
2893 5025 3140 5079 dilatatis
3161 5024 3481 5078 formantur
3507 5024 3567 5077 in
3597 5021 3971 5093 amygdalae,

2273 5121 2336 5171 ut
2382 5115 2707 5170 insinuetur
2758 5113 3061 5184 coagulum
3103 5111 3362 5178 seminis,
3418 5111 3703 5165 concretio
3753 5126 3969 5165 conce-

2272 5209 2425 5277 ptus,
2486 5203 2766 5276 expositio
2832 5206 3046 5274 partus.
3114 5202 3183 5255 Et
3240 5198 3730 5271 quemadmodum
3805 5198 3979 5271 virga

2280 5432 2321 5485 D
2343 5356 2637 5483 “uitatum-te
2667 5359 2911 5427 partum.
2945 5353 3158 5410 Ultima
3184 5370 3288 5409 vox
3346 5351 3539 5408 addita
3579 5354 3664 5406 cst
3686 5366 3716 5405 e
3773 5350 3979 5407 codice

2328 5448 2356 5483 a
2406 5446 2496 5483 aet.

2328 5446 2496 5483 aurei.
