4138 6186
225 318 296 372 89
1423 312 1631 369 LIBER
1673 312 1764 368 DE
1801 310 2211 367 NATIVITATE
2253 309 2551 365 CHRISTI.
3671 316 3739 369 90

226 452 419 505 Aaron
464 447 707 522 protulit
759 447 982 503 telluris
1020 446 1234 518 absque
1291 447 1818 503 subministratione
1874 451 1930 503 et
1956 450 2004 502 A
2041 446 2463 501 difﬁcilioribus
2485 450 2542 501 et
2570 444 2823 517 mysticis
2848 445 2989 501 locis
3008 445 3427 503 immoramur?
3447 448 3517 505 ad
3540 455 3738 521 aperta

226 540 495 594 humoris
582 537 942 609 irrigatione,
996 537 1215 592 nativas
1268 542 1460 592 tamen
1514 554 1618 609 per
1680 537 1929 605 semitas,

226 642 491 696 germen,
524 626 693 680 ﬂores
742 631 798 681 et
849 628 1129 693 fructum;
1163 626 1242 680 sic
1296 631 1479 681 mater
1524 628 1684 699 virgo
1715 643 1830 682 non
1864 627 1931 682 de

229 716 540 785 voluptatis
601 715 743 782 rivo,
805 732 910 769 nec
968 716 1037 770 de
1095 714 1345 769 maritali
1403 716 1768 783 commercio,
1827 732 1934 786 ge-

229 804 468 858 nitalem
501 808 696 858 tamen
740 820 843 875 per
872 804 1133 857 semitam
1179 803 1383 875 genuit
1412 820 1643 859 carnem
1684 805 1932 860 Verbum

235 892 475 947 factum.

921 1000 1144 1057 CAPUT
1183 1000 1245 1054 V.

837 1125 1166 1179 Tcstimom'a
1203 1125 1338 1179 alia.

295 1245 599 1311 Jeremias,
630 1262 859 1317 quoque
913 1247 1066 1301 hunc
1123 1263 1351 1301 sacrum
1411 1246 1659 1319 Virginis
1703 1250 1933 1317 partum

229 1334 606 1405 praesagiens,
640 1335 764 1389 ait:
820 1357 847 1384 ‹‹
884 1336 1108 1390 Creabit
1162 1335 1443 1391 Dominus
1498 1352 1710 1391 novum
1764 1352 1936 1407 super

227 1428 447 1476 terram
492 1438 507 1475 :
536 1422 753 1477 femina
784 1422 1161 1478 circumdabit
1192 1424 1375 1478 virum
1417 1426 1547 1491 (Jer.
1581 1441 1735 1491 XXXI,
1769 1424 1878 1494 2‘2).
1905 1444 1931 1475 ι)

234 1512 511 1566 Discerne
570 1510 709 1581 quid
758 1528 972 1566 novum
1018 1512 1226 1567 dixerit
1270 1517 1525 1567 creatum
1571 1513 1665 1582 iri,
1723 1513 1936 1567 scilicet

228 1600 385 1669 quod
425 1599 674 1652 femineo
702 1604 925 1653 tantum
959 1600 1176 1654 semine
1209 1601 1392 1655 sancti
1423 1602 1665 1672 Spiritus
1687 1618 1790 1673 per
1820 1601 1934 1655 mi-

227 1687 563 1753 nisterium,
611 1688 863 1742 matricis
897 1689 957 1744 in
990 1690 1211 1760 gremio
1265 1690 1493 1745 habitus
1544 1690 1936 1762 conﬁguretur

2038 536 2356 603 veniamus,
2388 541 2446 591 et
2491 535 2560 590 de
2592 535 2898 590 domorum
2929 536 3208 605 claustris,
3244 537 3301 592 id
3351 542 3437 592 est
3497 544 3736 593 secreto.

2040 632 2169 680 rum
2227 624 2429 695 ﬁguris
2480 624 2548 679 ad
2610 628 2905 695 portarum
2962 626 3326 680 latitudinem
3396 627 3735 698 migremns,

2040 718 2320 785 quatenus
2344 713 2581 783 vestigia
2609 712 2825 784 sponsi,
2862 717 2919 767 et
2963 713 3298 769 emissiones
3328 731 3574 785 sponsae,
3628 716 3735 771 sub

2040 803 2167 857 divo
2199 802 2676 872 contemplemur.

2111 890 2175 944 In
2222 890 2347 959 lege
2398 906 2568 943 omne
2625 888 3083 959 primogenitum
3134 890 3549 945 sanctiﬁcatum
3611 896 3735 945 erat

2043 977 2310 1044 Domino,
2363 978 2695 1048 signiﬁcans
2734 994 2865 1032 eum
2897 978 2998 1048 qui
3052 978 3207 1031 solus
3251 984 3477 1033 sanctus
3526 984 3582 1034 et
3613 980 3736 1033 sine

2040 1071 2271 1136 peccato
2298 1071 2468 1121 natus
2505 1071 2608 1120 est.
2641 1066 2730 1121 Sic
2777 1066 2932 1120 enim
2985 1082 3156 1136 super
3202 1067 3312 1121 hoc
3367 1067 3544 1121 habes
3598 1067 3735 1121 scri-

2040 1160 2202 1227 ptum
2236 1172 2247 1210 :
2285 1174 2309 1208 α
2343 1156 2697 1211 Sanctiticate
2729 1155 2871 1210 mihi
2903 1172 3074 1209 omne
3098 1156 3553 1227 primogenitum
3584 1157 3737 1227 quod

2041 1245 2223 1316 aperit
2252 1245 2481 1299 vulvam
2546 1245 2608 1299 in
2674 1245 2844 1298 Israel
2915 1244 3122 1315 (Exod.
3187 1260 3304 1313 xm,
3358 1245 3426 1315 1).
3457 1268 3484 1293 ››
3546 1247 3738 1299 Item:

2045 1335 2355 1405 «Cumque
2383 1334 2765 1388 introduxerit
2794 1338 2850 1388 te
2897 1334 3176 1388 Dominus
3219 1334 3279 1388 in
3332 1338 3546 1388 terram
3598 1334 3740 1388 Cha-

2043 1423 2252 1491 nanmi,
2280 1422 2425 1477 sicut
2448 1422 2667 1493 juravit
2698 1422 2803 1477 tibi
2830 1426 2887 1476 et
2932 1423 3188 1493 patribus
3218 1422 3360 1490 tuis;
3408 1428 3465 1477 et
3520 1421 3743 1477 dederit

2043 1527 2168 1565 eam
2239 1511 2363 1579 tibi,
2432 1512 2720 1583 separabis
2786 1528 2956 1566 omne
3022 1514 3178 1583 quod
3241 1512 3429 1582 aperit
3507 1512 3733 1566 vulvam

2042 1600 2288 1654 Domino
2336 1600 2524 1670 (Ibid,
2580 1604 2663 1667 11,
2730 1600 2835 1671 12).
2881 1601 3118 1671 »ζῐιθωε
3164 1622 3192 1650 ‹‹
3222 1602 3377 1668 Nam:
3408 1616 3539 1654 cum
3572 1600 3738 1655 indu-

2040 1692 2197 1742 ratus
2218 1692 2364 1742 esset
2414 1689 2653 1753 Pharao,
2685 1693 2742 1743 et
2774 1690 2953 1743 nollet
3004 1706 3106 1744 nos
3159 1689 3471 1758 dimittere,
3536 1689 3743 1743 occidit

228 1776 435 1829 virilis.
470 1777 538 1830 Et
585 1778 859 1848 quoniam
911 1757 1195 1833 nascendo
1245 1780 1374 1833 talis
1426 1757 1734 1851 conceptus
1785 1779 1931 1834 uteri
1965 1757 2004 1811 Β
2045 1777 2323 1832 Dominus
2354 1793 2525 1832 omne
2556 1778 3002 1848 primogenitum
3034 1777 3095 1832 in
3125 1782 3278 1832 terra
3294 1778 3539 1848 .£gypti.
3563 1777 3740 1832 Idcir-

229 1866 467 1918 semitas
500 1880 617 1919 nou
658 1866 999 1936 praeteriret,
1054 1867 1154 1938 qui
1200 1883 1399 1923 cursus
1442 1868 1757 1923 nativitatis
1786 1884 1930 1922 cun-

231 1953 338 2008 ctis
397 1954 566 2008 datus
623 1955 984 2022 mortalibus,
1037 1957 1243 2010 merito
1298 1956 1438 2011 illud
1470 1956 1647 2026 siluit,
1700 1957 1761 2010 in
1819 1973 1933 2028 quo

229 2048 450 2113 praeter
480 2042 825 2097 inviolatum
855 2044 1140 2113 pudorem
1184 2045 1290 2099 sub
1322 2046 1597 2100 nascendi
1626 2046 1752 2116 lege
1785 2045 1930 2100 nihil

230 2132 467 2185 afferret
500 2131 652 2185 novi.

304 2220 571 2275 Ezechiel
603 2237 837 2293 quoque
867 2238 879 2276 :
916 2244 941 2271 ‹‹
975 2223 1041 2277 Et
1072 2222 1323 2277 converti
1352 2238 1443 2277 me
1473 2223 1542 2278 ad
1576 2224 1722 2277 viam
1754 2230 1934 2295 portae

233 2310 548 2365 sanctuarii
578 2310 899 2380 exterioris,
951 2329 1082 2383 qua:
1127 2312 1469 2382 respiciebat
1500 2313 1569 2366 ad
1615 2314 1929 2379 orientem;

234 2406 292 2454 et
322 2405 448 2453 erat
479 2400 669 2453 clausa
699 2416 712 2454 :
749 2404 804 2454 et
830 2400 972 2455 dixit
1002 2401 1279 2455 Dominus
1310 2402 1379 2457 ad
1423 2418 1515 2456 me
1544 2419 1556 2456 :
1607 2404 1773 2457 Porta
1814 2404 1935 2458 haec

232 2488 433 2542 clausa
462 2488 594 2555 erit,
628 2504 746 2542 non
800 2489 1109 2559 aperietur,
1149 2494 1204 2544 et
1252 2489 1340 2543 vir
1369 2506 1484 2543 non
1541 2490 1780 2544 transiet
1832 2506 1936 2561 per

232 2591 385 2643 eam,
419 2578 695 2647 quoniam
732 2578 1005 2631 Dominus
1041 2579 1186 2631 Deus
1212 2579 1380 2631 Israel
1411 2578 1701 2648 ingressus
1724 2584 1808 2633 est
1834 2595 1936 2649 per

232 2681 405 2732 eam;
441 2666 664 2737 eritque
728 2666 919 2719 clausa
972 2666 1244 2737 principi.
1306 2668 1412 2721 Per
1468 2668 1619 2721 viam
1671 2667 1935 2722 vestibuli

232 2760 419 2825 porta:
451 2754 831 2824 ingredietur,
861 2760 915 2809 et
934 2772 1039 2826 per
1058 2756 1207 2809 viam
1235 2756 1357 2826 ejus
1374 2756 1699 2826 egredietur
1716 2758 1932 2827 (Ezech.

233 2860 428 2908 xxxiv,
461 2845 541 2913 3).
590 2865 619 2892 ››
679 2844 915 2897 ΑΞδίίωο
952 2844 1105 2914 quod
1153 2844 1242 2898 hic
1286 2846 1445 2899 locus
1475 2860 1705 2900 omnem
1760 2846 1938 2900 solvat

232 2932 410 3001 hujus
464 2932 682 2986 nodum
716 2932 1069 3003 quaastionis.
1107 2933 1326 2988 Etenim
1360 2938 1584 3004 portam
1614 2950 1788 3005 quam
1832 2935 1933 2989 de-

233 3021 437 3075 scribit
465 3023 750 3092 propheta
782 3023 1028 3092 majores
1070 3022 1470 3077 intellexerunt
1502 3024 1791 3095 Virginem
1822 3025 1934 3079 Ma-
1966 3058 2006 3113 Ο

231 3110 405 3178 riam,
440 3126 573 3179 quae
602 3111 749 3165 bene
782 3116 1129 3166 monstratur
1171 3113 1381 3180 clausa,
1409 3113 1544 3184 quia
1572 3112 1734 3185 virgo
1785 3130 1932 3168 sem-

232 3204 569 3271 permanet
624 3200 856 3269 intacta,
906 3204 963 3255 et
1016 3200 1099 3254 vir
1155 3217 1275 3255 non
1336 3202 1575 3256 transiet
1630 3218 1734 3273 per
1785 3217 1931 3256 eam.

244 3290 487 3343 Intende
520 3287 829 3360 diligenter
866 3288 958 3343 cui
987 3294 1229 3361 negatur
1259 3291 1552 3357 transitus,
1585 3296 1642 3344 et
1687 3306 1802 3361 qua
1842 3306 1940 3346 ne-

234 3381 429 3446 gatur.
468 3378 721 3447 Negatur
751 3393 984 3448 prorsus
1033 3378 1174 3445 viro,
1208 3380 1307 3450 qui
1335 3384 1559 3449 poterat
1604 3378 1838 3445 violare,
1883 3383 1939 3433 et

235 3466 308 3519 ab
338 3482 407 3519 eo
438 3471 786 3533 removetur,
823 3466 978 3538 quod
1010 3472 1233 3538 poterat
1258 3484 1361 3538 per
1389 3467 1603 3521 coitum
1624 3468 1935 3539 corrumpi.

236 3555 418 3609 Nemo
452 3555 604 3609 enim
636 3560 892 3610 removet
944 3556 1290 3627 ingressum,
1344 3556 1481 3627 quia
1508 3556 1653 3611 ratio
1719 3562 1939 3611 naturae

235 3659 342 3697 nec
375 3644 527 3698 viam
562 3644 831 3712 admittit,
864 3662 971 3699 nec
1000 3646 1330 3709 transitum.
1362 3662 1475 3718 qua
1504 3647 1576 3701 de
1606 3662 1667 3701 re
1708 3646 1939 3717 quando

234 3732 450 3786 dicitur
479 3750 491 3787 ε
535 3755 557 3781 ι
591 3734 685 3787 Vir
712 3750 830 3788 non
859 3735 1099 3789 transiet
1127 3751 1230 3805 per
1260 3751 1407 3802 eam,
1441 3756 1464 3784 ι
1496 3752 1612 3790 non
1642 3736 1709 3790 de
1741 3737 1935 3803 latere,

235 3837 344 3875 nec
388 3821 460 3876 de
518 3822 776 3890 cerebro,
834 3839 938 3878 nec
983 3823 1053 3877 de
1113 3823 1328 3877 femore
1380 3824 1612 3891 dicitur,
1665 3824 1937 3895 quoniam

238 3909 517 3964 transitus
550 3911 865 3982 conjugalis
895 3912 966 3967 ad
996 3912 1137 3967 alias
1166 3911 1412 3967 refertur
1442 3914 1698 3984 corporis
1729 3918 1938 3984 partes,

237 4000 454 4069 quibus
485 4004 694 4054 natura
724 4001 793 4055 ad
819 4002 1032 4055 coitum
1064 4001 1215 4055 viam
1247 4002 1497 4072 praebuit
1527 4008 1584 4057 et
1614 4003 1935 4057 transitum.

236 4088 527 4153 Quoniam
566 4105 697 4143 vero
723 4106 834 4161 qua
882 4090 1063 4144 virilis
1110 4096 1440 4145 removetur
1481 4090 1778 4160 transitus,
1812 4091 1942 4145 illac

239 4177 525 4230 Dominus
557 4177 706 4231 Deus
736 4177 909 4231 Israel
940 4184 1026 4232 est
1059 4177 1374 4246 ingressus,
1433 4178 1791 4249 subsequens
1817 4194 1941 4232 ser-

240 4280 338 4319 mo
368 4266 746 4333 demonstrat,
778 4266 1020 4321 dicendo
1056 4283 1070 4321 :
1105 4288 1131 4316 «
1162 4267 1438 4321 Dominus
1471 4268 1619 4321 Deus
1650 4268 1820 4321 Israel
1846 4267 1940 4320 in-

2022 1881 2108 1920 'co
2139 1865 2664 1934 immolaDomino
2704 1883 2870 1921 omne
2923 1867 3079 1938 quod
3125 1868 3308 1937 aperit
3356 1869 3580 1921 vulvam
3613 1882 3741 1921 ma-

2044 1954 2247 2009 sculini
2270 1971 2453 2021 sexus,
2482 1958 2539 2009 et
2568 1955 2761 2009 omnia
2786 1955 3173 2025 primogenita
3193 1955 3442 2009 ﬁliorum
3461 1954 3739 2025 [meorum

2044 2042 2264 2098 redime
2324 2044 2513 2110 (Ibid,
2579 2044 2778 2114 13-15).
2843 2066 2870 2093 ››
2929 2045 3074 2098 Nota
3142 2044 3295 2115 quod
3364 2043 3739 2115 primogeniti

2045 2136 2177 2186 sunt
2201 2132 2300 2203 qui
2330 2134 2557 2187 vulvam
2588 2132 2871 2186 nascendo
2899 2132 3074 2203 primi
3105 2132 3393 2202 aperiunt,
3431 2137 3492 2185 ut
3539 2147 3737 2185 conse-

2044 2226 2287 2292 quenter
2315 2222 2559 2293 accipias
2598 2221 2705 2274 hoc
2733 2237 2854 2274 esse
2884 2221 3038 2275 nasci
3066 2222 3135 2276 de
3181 2221 3417 2286 femina,
3468 2220 3621 2290 quod
3651 2224 3738 2274 est

2042 2310 2279 2365 oriendo
2313 2312 2542 2365 vulvam
2599 2310 2774 2365 exire.
2822 2311 2886 2365 In
2939 2311 3198 2381 catalogo
3268 2314 3736 2381 praeceptorum:

2049 2399 2560 2469 «Primogenitum
2618 2399 2869 2453 ﬁliorum
2930 2398 3092 2453 dabis
3140 2398 3282 2452 mihi
3338 2398 3540 2469 (Exod.
3602 2414 3738 2466 xxii,

2044 2486 2154 2557 29).
2199 2508 2226 2536 »
2258 2486 2406 2542 Alibi
2450 2504 2462 2541 :
2515 2506 2542 2537 «
2599 2487 2779 2542 Omne
2832 2486 2987 2557 quod
3019 2485 3203 2555 aperit
3252 2486 3477 2539 vulvam
3512 2486 3740 2555 generis

2045 2580 2348 2633 masculini
2382 2595 2577 2633 meum
2604 2580 2733 2645 {erit
2767 2578 2963 2649 (Emod.
2994 2595 3114 2645 xm,
3147 2581 3221 2647 2).
3256 2598 3283 2625 ››
3326 2580 3389 2633 In
3447 2578 3689 2631 Levitico
3723 2594 3735 2631 :

2048 2691 2074 2720 «
2102 2669 2303 2725 Mulier
2334 2670 2379 2724 si
2409 2675 2672 2741 suscepto
2703 2670 2921 2724 semine
2971 2668 3199 2740 peperit
3245 2667 3584 2729 masculum,
3615 2686 3643 2718 ι)
3685 2672 3741 2721 et

2045 2759 2268 2830 reliqua
2292 2760 2438 2828 (Leu.
2474 2777 2568 2827 xu,
2623 2759 2692 2827 1).
2748 2760 2938 2813 Item:
2997 2780 3017 2806 «ι
3072 2757 3172 2813 Sin
3216 2760 3407 2810 autem
3465 2755 3739 2810 feminam

2046 2848 2265 2919 peperit
2298 2848 2561 2917 (Ibid.,v.
2615 2847 2689 2917 5),
2725 2867 2747 2896 ι
2816 2852 2945 2914 etc.,
3011 2852 3069 2900 et
3125 2861 3399 2916 generare
3454 2849 3510 2899 et
3540 2860 3741 2915 parere

2047 2937 2211 2992 docet
2242 2938 2504 3003 feminas,
2560 2953 2678 2991 non
2736 2936 2893 2991 aliud
2947 2952 3069 2990 esse
3124 2951 3298 3007 quam
3356 2950 3459 3004 per
3514 2935 3740 2988 vulvam

2047 3026 2309 3080 emittere
2362 3030 2611 3097 partum.
2663 3026 2728 3079 In
2784 3024 3143 3079 numeris:«
3198 3023 3382 3077 Meum
3417 3028 3503 3077 est
3558 3038 3729 3076 omne

2042 3115 2494 3185 primogenitum
2526 3130 2591 3167 ex
2622 3129 2735 3184 quo
2765 3113 3021 3183 percussi
3042 3110 3461 3182 primogenitos
3504 3110 3566 3164 in
3592 3116 3743 3165 terra

2044 3203 2290 3274 rEgypti.
2319 3201 2619 3257 Sanctiﬁca
2666 3202 2808 3255 mihi
2833 3200 3128 3272 {quidquid
3176 3200 3431 3269 primum
3485 3199 3744 3253 nascitur

2044 3292 2105 3346 in
2138 3291 2307 3347 Israel
2339 3293 2523 3363 (Num.
2574 3306 2655 3357 ιιι,
2694 3289 2793 3359 13).
2845 3310 2873 3337 ››
2939 3290 3003 3342 Et
3059 3287 3321 3357 superius
3354 3303 3366 3341 :
3404 3307 3431 3335 «
3489 3288 3605 3357 Ego
3637 3286 3741 3340 tuli

2048 3381 2266 3436 Levitas
2295 3397 2328 3435 a
2366 3380 2499 3434 ﬁliis
2545 3378 2718 3433 Israel
2774 3394 2878 3449 pro
2941 3376 3347 3448 primogenito,
3408 3375 3509 3447 qui
3559 3374 3743 3446 aperit

2047 3472 2272 3525 vulvam
2307 3470 2368 3524 in
2417 3468 2551 3523 ﬁliis
2608 3468 2779 3523 Israel
2809 3467 3003 3535 (Ibid.,
3042 3467 3146 3534 t2).
3212 3486 3239 3514 »
3283 3466 3351 3519 Et
3382 3464 3442 3518 in
3491 3480 3742 3535 sequen-

2046 3559 2200 3614 tibus
2231 3576 2248 3612 :
2276 3577 2303 3610 ‹‹
2348 3559 2599 3613 Numera
2646 3555 3066 3628 primogenitos
3096 3570 3261 3607 sexus
3317 3554 3622 3607 masculini
3673 3553 3743 3606 de

2046 3648 2183 3702 ﬁliis
2212 3648 2386 3702 Israel
2417 3663 2450 3701 a
2493 3662 2687 3700 mense
2744 3662 2861 3700 uno
2924 3644 3123 3715 (Ibid.,
3182 3644 3296 3712 40).
3334 3664 3361 3691 ››
3424 3644 3489 3696 Et
3520 3658 3695 3712 supra
3728 3658 3740 3695 :

2052 3756 2079 3788 α
2105 3738 2405 3807 Tollesque
2445 3736 2667 3790 Levitas
2698 3734 2842 3788 mihi
2881 3750 2985 3804 pro
3032 3731 3421 3803 primogenito
3494 3732 3742 3786 ﬁliorum

2047 3825 2218 3879 Israel
2276 3824 2474 3895 (Ibid.,
2521 3825 2608 3878 41.
2642 3843 2669 3871 ››
2704 3824 2767 3877 Et
2827 3821 3024 3875 infra:
3090 3843 3111 3869 ι
3166 3822 3275 3875 Pro
3337 3819 3741 3890 primogenitis

2049 3930 2178 3985 quae
2210 3912 2480 3984 aperiunt
2525 3926 2759 3965 omnem
2818 3911 3046 3963 vulvam
3078 3909 3139 3962 in
3197 3908 3366 3962 Israel
3426 3908 3614 3977 accepi
3647 3923 3744 3960 eos

2050 4004 2227 4075 (Num.
2254 4018 2370 4069 VIII,
2412 4000 2527 4072 t6);
2569 4021 2597 4049 »
2634 3998 2913 4054 nimirum
2948 3998 3185 4051 Levitas.
3240 3997 3357 4050 Mea
3389 4000 3523 4048 sunt
3552 3995 3746 4048 omnia

2048 4090 2436 4163 primogenita
2467 4089 2721 4143 ﬁliorum
2752 4087 2946 4141 Israel.
2988 4085 3139 4140 Alibi
3169 4100 3182 4138 :
3222 4106 3241 4131 α
3296 4082 3585 4152 Quidquid
3617 4080 3744 4153 pri-

2051 4194 2213 4233 mum
2243 4176 2495 4247 erumpit
2525 4192 2555 4229 e
2588 4175 2752 4229 vulva
2795 4178 3012 4227 cuuctze
3043 4171 3229 4225 carnis
3273 4185 3444 4241 quam
3497 4168 3748 4223 offerunt

2052 4267 2317 4333 Domino,
2346 4266 2461 4320 sive
2501 4265 2570 4319 de
2626 4262 2979 4324 hominibus,
3012 4261 3129 4314 sive
3159 4260 3229 4314 de
3287 4258 3592 4330 pecoribus
3621 4257 3744 4312 fue-

238 4370 471 4425 gressus
502 4359 588 4408 est
611 4371 715 4425 per
745 4356 1148 4427 eam.»thue
1166 4372 1337 4410 omne
1364 4356 1555 4410 demat
1574 4356 1932 4427 ambiguum,
1970 4362 2009 4416 ι)
2048 4356 2143 4422 rit,
2174 4356 2259 4409 tui
2298 4354 2447 4425 juris
2504 4352 2614 4407 erit
2667 4352 2864 4423 (Nam.
2907 4366 3069 4417 xv.n,
3118 4349 3221 4419 15).
3270 4368 3297 4400 ι)
3358 4349 3504 4417 Ergo
3557 4345 3747 4400 omnis

239 4442 476 4512 subjicit
508 4460 521 4497 :
559 4462 587 4495 σι
623 4445 728 4498 Per
761 4445 909 4499 viam
943 4444 1208 4500 vestibuli
1252 4450 1433 4516 porta:
1476 4444 1851 4516 ingredietur,
1886 4450 1944 4500 et

241 4547 349 4603 per
379 4531 529 4585 viam
561 4532 685 4602 ejus
717 4534 1063 4603 egredietur.
1103 4556 1124 4584 ι
1162 4534 1289 4589 Noli
1316 4536 1438 4605 jam
1463 4533 1532 4588 de
1572 4534 1663 4587 via
1696 4532 1943 4589 Salvato-

242 4622 348 4684 ris,
398 4636 572 4692 quam
624 4624 911 4679 nascendo
963 4628 1189 4679 secutus
1217 4629 1320 4687 est,
1368 4622 1600 4677 haeresis
1631 4639 1778 4677 nova
1835 4624 1941 4679 du-

244 4710 454 4764 bitare.
488 4711 568 4765 En
602 4712 706 4766 tibi
764 4713 1048 4783 propheta
1096 4719 1369 4784 tanquam
1425 4711 1529 4766 sub
1591 4713 1788 4767 oculos
1823 4728 1942 4767 me-

246 4801 546 4870 taphorice
587 4802 937 4856 mulieribris
966 4803 1145 4858 vulvae
1203 4806 1260 4855 et
1310 4800 1655 4856 vestibulum
1686 4805 1743 4854 et
1794 4801 1942 4855 viam

246 4891 429 4961 ponit.
464 4912 491 4939 ‹‹
551 4892 846 4961 Ingressus
894 4896 980 4946 est
1029 4911 1057 4943 ιι
1112 4891 1363 4962 denique
1398 4913 1420 4940 ι
1486 4890 1760 4945 Dominus
1794 4892 1944 4945 Deus

248 4980 427 5034 Israel
456 4996 561 5050 per
589 4980 737 5035 viam
766 4980 1027 5035 vestibuli
1059 4980 1235 5050 hujus
1266 4984 1469 5051 portae.
1503 5001 1530 5029 ››
1563 4980 1697 5051 quia
1728 4980 1944 5051 perin-

247 5069 600 5123 carnationis
629 5068 967 5140 mysterium
997 5068 1275 5140 virginale
1323 5069 1579 5124 introivit
1626 5069 1943 5139 gremium;

248 5163 305 5211 et
332 5173 439 5227 per
468 5157 615 5211 viam
643 5157 814 5226 hujus
853 5161 1034 5227 portae
1078 5173 1337 5228 egressus
1369 5163 1472 5220 est,
1530 5157 1805 5228 quoniam
1843 5158 1947 5211 hu-

247 5244 527 5299 manitate
557 5249 819 5317 suscepta
862 5244 923 5298 in
964 5245 1199 5300 domum
1234 5244 1434 5298 mundi
1471 5260 1574 5315 per
1604 5242 1945 5297 incontami-

247 5336 444 5386 natam
493 5332 633 5386 exiit
681 5334 929 5387 vulvam.
982 5334 1106 5388 Non
1152 5334 1328 5403 igitur
1372 5333 1564 5387 nescio
1613 5348 1786 5403 quem
1849 5330 1946 5386 Dei

249 5420 391 5475 Filio
421 5420 494 5475 de
553 5426 715 5475 utero
758 5422 963 5477 mortis
1010 5422 1304 5494 conﬁugas
1344 5437 1658 5493 egressum.
1704 5421 1949 5491 Spiritus

249 5514 484 5563 sanctus
522 5515 575 5564 te
618 5510 821 5565 doceat
854 5511 1171 5577 veritatem,
1203 5511 1305 5583 qui
1331 5516 1388 5566 et
1428 5512 1746 5566 thalamum
1790 5513 1948 5564 tanto

248 5598 496 5669 dignum
527 5615 741 5670 sponso
772 5600 1147 5659 sanctiﬁcavit
1174 5605 1232 5657 et
1266 5604 1509 5673 portam.
1556 5599 1666 5655 Sed
1719 5598 1860 5670 quid
1889 5598 1950 5654 in

2049 4449 2265 4515 partus,
2289 4448 2408 4497 tam
2432 4440 2734 4496 hominum
2758 4454 2930 4511 quam
2948 4438 3373 4509 jumentorum,
3392 4451 3496 4505 per
3521 4435 3747 4488 vulvam

2050 4532 2326 4603 erumpit.
2360 4532 2480 4596 Qua
2532 4530 2601 4584 de
2628 4544 2689 4582 re
2745 4527 2933 4582 omnis
2994 4526 3064 4581 de
3104 4525 3323 4580 femina
3379 4538 3619 4578 nascens
3644 4538 3748 4593 per

2049 4622 2273 4677 vulvam
2296 4619 2620 4691 egreditur.
2648 4618 2771 4672 Non
2796 4631 2935 4686 ergo
2966 4613 3133 4669 nobis
3159 4614 3439 4668 incertam
3472 4615 3751 4683 genereut

2051 4710 2430 4783 quaestionem
2478 4706 2652 4761 verba
2709 4721 2838 4777 quae
2896 4702 3314 4758 consuetudine
3372 4718 3473 4757 sua
3525 4708 3581 4755 et
3640 4716 3749 4754 usu

2050 4798 2476 4866 Scripturarum
2528 4797 2740 4848 certam
2795 4807 2915 4845 suae
2964 4788 3405 4860 signiﬁcationis
3462 4787 3744 4843 submini-

2050 4891 2233 4941 strant
2258 4884 2585 4951 notionem;
2620 4886 2683 4935 ut
2712 4880 2866 4934 enim
2900 4878 3197 4933 ambulare
3228 4878 3299 4933 de
3333 4877 3492 4948 pedis
3537 4876 3745 4939 ofﬁcio,

2052 4973 2100 5027 si
2128 4989 2328 5044 parere.
2360 4972 2430 5027 de
2461 4971 2642 5025 vulva
2670 4969 2995 5024 ministerio
3024 4967 3423 5037 praedicamus.
3482 4966 3607 5020 Non
3639 4962 3747 5032 igi-

2054 5065 2148 5116 tur
2199 5061 2513 5116 coufundat
2572 5059 2835 5114 dubietas
2888 5057 3043 5129 quod
3088 5056 3413 5111 intellectus
3461 5046 3747 5105 manifesti

2051 5151 2398 5223 signiﬁcatio
2430 5150 2703 5205 declarat.
2742 5150 2811 5203 Ut
2862 5152 3055 5202 autem
3086 5146 3208 5200 sine
3264 5144 3371 5197 via:
3433 5137 3747 5195 directione

2052 5257 2168 5295 non
2198 5239 2532 5311 pervenitur
2584 5238 2655 5293 ad
2690 5237 2937 5293 limitem
2971 5235 3341 5297 destinatum,
3373 5228 3452 5283 sic
3504 5226 3616 5281 nisi
3646 5242 3751 5297 per

2053 5329 2361 5385 verborum
2397 5326 2845 5398 signiﬁcantium
2894 5339 3107 5390 verum,
3172 5316 3484 5375 locutionis
3539 5316 3749 5371 veritas

2055 5436 2173 5475 non
2199 5419 2472 5492 aperitur.
2517 5420 2750 5473 Partum
2782 5416 2958 5488 igitur
3008 5417 3110 5467 aut
3160 5413 3359 5465 natum
3418 5408 3505 5463 vel
3556 5407 3604 5462 si
3635 5423 3750 5481 quo

2056 5509 2168 5565 alio
2200 5507 2439 5563 nomine
2470 5507 2601 5562 talis
2625 5506 2772 5561 actio
2800 5502 3146 5567 nominatur,
3196 5498 3566 5565 feminarum,
3602 5497 3753 5553 docti

2056 5604 2116 5655 et
2150 5602 2373 5654 naturai
2426 5596 2687 5662 veritate,
2746 5598 2805 5648 et
2860 5588 3277 5655 consuetudine
3336 5586 3627 5654 nascendi,
3666 5588 3756 5643 'et
