4138 6186
403 313 460 364 ‘Jl
1523 306 1874 363 RATBMINI
1915 306 2362 362 CORBEIENSIS
2396 306 2723 362 MONACIII.
3838 316 3905 365 9'2

402 444 739 499 auctoritate
786 443 1231 513 Scripturarum,
1290 457 1408 496 non
1470 440 1623 495 aliud
1663 445 1875 511 praeter
1918 440 2090 495 verba
2124 442 2175 495 A
2208 443 2328 494 tum
2380 440 2589 508 vocari,
2645 444 2701 495 et
2755 440 3208 513 primogenitum
3268 443 3366 513 qui
3431 442 3617 511 aperit
3675 441 3900 498 vulvam

403 532 856 603 signiﬁcatarum
887 546 1081 585 rerum
1112 530 1179 585 de
1214 529 1384 584 rebus
1432 528 1765 600 signiﬁcatis
1804 528 2095 598 intelliga-

404 637 550 686 mus,
586 637 657 674 ne
692 619 891 690 procul
925 636 956 672 a
1006 619 1241 672 veritate
1289 634 1619 689 evagemur,
1653 618 1799 673 dum
1840 617 2097 671 veritatis

402 710 566 779 signa
590 708 673 761 vel
706 724 817 763 non
849 707 1391 778 cognoscimtiszel
1412 724 1589 778 prava
1606 706 2096 777 [interpretatione

402 800 724 867 pervertere
752 796 1046 850 molimur.
1073 796 1397 850 Secundum
1419 796 1611 850 datam
1636 797 1891 865 regulam
1916 796 2096 850 Evan-

403 884 686 955 geliorum
730 900 903 954 super
952 884 1257 938 Salvatoris
1308 884 1599 939 nativitate
1642 884 1791 939 dicta
1846 888 2100 937 contem-

402 973 652 1042 plemur.

476 1061 540 1113 In
568 1059 831 1114 Matthan
864 1058 944 1112 sic
971 1058 1249 1129 scriptum
1304 1058 1548 1130 legimus
1582 1075 1595 1114 :
1632 1081 1659 1110 «
1708 1059 1960 1131 Angelus
1993 1061 2099 1113 Do-

404 1148 548 1201 mini
581 1147 849 1218 apparuit
884 1148 1096 1219 Joseph
1128 1147 1186 1201 in
1224 1148 1453 1221 somnis
1484 1148 1679 1203 dicens
1714 1166 1726 1203 :
1775 1148 1987 1220 Joseph
2018 1149 2099 1204 ﬁli
2150 1184 2155 1185 κ

404 1237 589 1292 David
619 1255 631 1291 ε
661 1238 777 1291 noli
811 1236 1012 1290 timere
1046 1236 1300 1305 accipere
1330 1236 1558 1290 Mariam
1586 1237 1891 1307 conjugem
1915 1243 2098 1307 tuam,

405 1325 557 1394 quod
589 1325 743 1379 enim
774 1325 833 1378 in
879 1342 945 1378 ea
1003 1330 1200 1378 natum
1254 1330 1358 1390 est,
1394 1325 1462 1379 de
1522 1325 1737 1397 Spiritu
1769 1331 1961 1381 sancto
1993 1331 2094 1382 est.

406 1413 597 1468 Pariet
631 1420 821 1467 autem
862 1412 1069 1480 lilium,
1100 1417 1156 1467 et
1201 1414 1427 1468 vocabis
1473 1415 1596 1485 ejus
1639 1431 1851 1469 nomen
1882 1417 2094 1469 Iesum.

402 1501 530 1571 Ipse
558 1502 712 1555 enim
745 1502 961 1555 salvum
1007 1500 1175 1555 faciet
1220 1503 1499 1572 populum
1554 1518 1720 1556 suum
1768 1520 1798 1556 a
1856 1504 2099 1574 peccatis

404 1606 603 1645 eorum
639 1606 652 1644 :
684 1590 789 1643 hoc
818 1596 1010 1644 autem
1042 1594 1220 1645 totum
1270 1592 1482 1646 factum
1514 1597 1613 1657 est,
1650 1596 1713 1645 ut
1754 1591 2096 1663 adimplere-

404 1683 497 1732 tur
528 1678 684 1748 quod
714 1678 927 1732 dictum
957 1683 1041 1731 est
1075 1694 1177 1749 per
1207 1678 1541 1748 prophetam
1586 1678 1869 1733 dicentem
1903 1694 1915 1732 :
1954 1679 2093 1732 Ecce

402 1766 462 1820 in
496 1771 655 1820 utero
688 1766 921 1820 habebit
952 1766 1214 1836 etjpariet
1234 1767 1439 1830 ﬁlium,
1475 1772 1530 1821 et
1569 1767 1861 1821 vocabitur
1882 1783 2094 1821 nomen
2130 1748 2167 1802 Β

403 1855 530 1925 ejus
564 1856 919 1923 Emmanuel,
971 1857 1126 1926 quod
1158 1856 1567 1927 interpretatur
1618 1856 1892 1910 nobiscum
1936 1858 2092 1910 Deus.

405 1946 726 2014 Exsurgens
779 1947 971 1998 autem
1027 1945 1238 2016 Joseph
1296 1963 1328 1999 a
1381 1961 1603 2012 somno,
1662 1945 1795 1999 fecit
1849 1945 1996 1999 sicut
2043 1944 2097 1998 ei

402 2032 677 2102 praecepit
712 2033 947 2103 angelus
982 2033 1210 2086 Domini
1247 2050 1260 2088 :
1298 2038 1352 2087 et
1385 2050 1502 2087 non
1552 2034 1931 2103 cognoscebat
1970 2049 2096 2086 eam

403 2122 585 2177 donec
613 2121 838 2191 peperit
871 2120 1054 2175 tilium
1088 2137 1257 2174 suum
1287 2121 1765 2192 primogenitum,
1796 2126 1851 2175 et
1881 2121 2099 2174 vocavit

404 2224 616 2263 nomen
649 2209 773 2277 ejus
802 2210 991 2263 Jesnm
1019 2208 1233 2278 (Matth.
1269 2227 1309 2277 ι,
1343 2212 1411 2263 2O
1440 2216 1491 2264 et
1518 2209 1675 2280 seq.).
1714 2230 1741 2258 ››
1772 2209 1912 2264 Cum
1960 2222 2096 2275 ergo

404 2301 571 2350 natus
604 2302 750 2350 esset
776 2298 935 2351 Jesus
965 2297 1023 2351 in
1059 2299 1387 2355 Bethlehem
1415 2298 1599 2364 Iudae,
1633 2299 1802 2353 toties
1832 2296 2098 2351 nativitas

406 2386 717 2457 praedicata
746 2386 1076 2455 Salvatoris,
1109 2388 1281 2444 toties
1312 2393 1572 2443 narratus
1604 2387 1851 2459 Virginis
1876 2391 2097 2458 partus,

408 2474 705 2545 virginitas
744 2475 1106 2545 perdocetur,
1157 2477 1338 2531 virilis
1394 2482 1725 2531 removetur
1778 2476 2097 2546 amplexus,

408 2579 525 2617 non
573 2568 767 2618 tamen
833 2565 1013 2619 vulva:
1066 2565 1337 2620 transitus
1389 2565 1724 2636 abnegatur.
1781 2566 1987 2618 Verum
2043 2569 2101 2618 et

407 2652 771 2722 evangelista:
812 2652 998 2720 dictis,
1029 2658 1084 2707 et
1124 2656 1421 2725 propheta:
1474 2653 1740 2707 vaticinio
1793 2654 2098 2708 Salvatoris

407 2744 567 2793 ortus
596 2755 697 2810 per
757 2740 985 2793 vulvam
1042 2740 1324 2795 exstitisse
1384 2745 1765 2808 monstratur;
1824 2741 2097 2812 quoniam

410 2844 525 2882 non
548 2827 700 2898 parit
731 2827 967 2893 femina,
1018 2828 1126 2882 nisi
1158 2844 1262 2898 per
1291 2829 1539 2898 vulvam,
1575 2846 1690 2883 nun
1739 2829 1858 2884 exit
1886 2829 2095 2895 infans,

408 2916 517 2970 nisi
547 2932 652 2986 per
679 2916 1103 2987 uterijanuam.

482 3004 655 3057 Lucas
688 3005 876 3057 taliter
906 3020 1079 3074 super
1110 3005 1215 3059 hac
1246 3004 1505 3076 loquitur
1551 3004 1845 3059 nativitate
1883 3020 1896 3060 :
1935 3025 1961 3053 «
1994 3006 2097 3057 In-

407 3107 634 3160 gressus
667 3093 906 3161 angelus
936 3093 1005 3145 ad
1036 3092 1267 3146 Mariam
1299 3092 1441 3147 dixit
1473 3110 1485 3147 :
1522 3096 1653 3157 Ave,
1686 3094 1870 3163 gratia
1901 3093 2099 3163 plena,

411 3178 688 3233 Dominus
720 3185 933 3249 tecum,
982 3180 1277 3235 benedicta
1307 3186 1367 3235 tu
1430 3181 1579 3235 inter
1624 3183 1914 3236 mulieres.
1966 3182 2102 3246 Qum

407 3283 538 3322 cum
566 3269 819 3323 audisset
850 3269 1078 3323 turbata
1135 3273 1239 3337 est,
1293 3274 1351 3324 et
1381 3270 1667 3339 cogitabat
1714 3270 1897 3339 qualis
1955 3273 2104 3323 esset

407 3356 511 3411 ista
539 3357 824 3423 salutatio,
859 3363 917 3411 et
966 3357 1044 3411 ait
1092 3357 1333 3426 angelus
1362 3357 1454 3409 ei:
1515 3358 1593 3409 Ne
1639 3356 1862 3422 timeas,
1903 3356 2099 3422 Maria,

407 3446 677 3499 invenisti
710 3446 953 3515 gratiam
996 3445 1146 3515 apud
1177 3443 1507 3498 Dominum.
1545 3445 1678 3497 Ecce
1726 3444 2012 3514 concipies
2046 3450 2105 3499 et

408 3532 598 3600 paries
631 3532 836 3596 tilium,
898 3537 954 3585 et
1008 3532 1235 3586 vocabis
1286 3547 1497 3586 nomen
1553 3531 1674 3600 ejus
1729 3532 1938 3586 Jesum.
1981 3552 2000 3580 ι
2041 3533 2104 3585 Et

410 3617 560 3672 infra
592 3635 605 3673 :
643 3640 671 3667 «
706 3618 860 3672 Dixit
889 3622 1079 3673 autem
1125 3620 1297 3674 Maria
1342 3620 1413 3674 ad
1462 3620 1772 3689 angelum:
1807 3620 2102 3685 Quomodo

409 3706 508 3760 ﬁet
538 3707 708 3773 istud,
742 3708 1015 3778 quoniam
1050 3707 1235 3762 virum
1266 3724 1381 3762 non
1411 3708 1735 3779 cognosco?
1768 3710 1831 3763 Et
1870 3725 2102 3781 respon-

411 3794 550 3848 dens
582 3796 822 3866 angelus
852 3796 994 3850 dixit
1042 3796 1130 3851 ei:
1164 3797 1407 3868 Spiritus
1463 3803 1689 3851 sanctus
1738 3797 2104 3869 superveniet

410 3883 471 3937 in
502 3890 578 3952 te,
611 3890 668 3939 et
696 3886 874 3939 virtus
902 3886 1181 3941 Altissimi
1216 3886 1586 3941 obumbrabit
1612 3887 1736 3942 tibi.
1774 3888 2024 3960 Ideoque
2046 3891 2102 3942 et

411 3973 565 4043 quod
600 3980 866 4029 nascetur
913 3991 978 4029 ex
1026 3980 1079 4029 te
1126 3980 1407 4045 sanctum,
1467 3977 1761 4031 vocabitur
1792 3977 1966 4031 Filius
2003 3977 2102 4031 Dei

412 4062 563 4132 (Luc.
598 4080 633 4131 ι,
662 4067 731 4119 28
766 4069 815 4118 et
849 4067 1002 4133 seq.).
1038 4086 1066 4114 »
1108 4064 1165 4119 Si
1197 4066 1456 4119 nondum
1487 4067 1573 4119 vel
1624 4071 1843 4120 natura
1892 4066 2100 4121 solem-

410 4150 608 4215 nitate,
642 4153 727 4206 vel
764 4154 1028 4223 exemplo
1079 4154 1437 4208 nascentium
1468 4155 1605 4226 quid
1662 4154 1735 4209 sit
1764 4171 1966 4225 parere
2009 4172 2101 4209 ac-

410 4238 677 4307 quiescis,
730 4242 931 4294 saltem
988 4241 1193 4295 missus
1241 4243 1312 4297 ad
1367 4244 1696 4298 Zachariam
1747 4244 1988 4315 angelus
2035 4261 2101 4298 ex

408 4326 537 4396 ipso
568 4328 871 4399 Evangelio
923 4334 978 4383 te
1010 4330 1277 4385 instruat.
1333 4332 1425 4386 Ait
1472 4337 1668 4388 autem
1699 4333 1783 4387 illi
1815 4333 2051 4403 angelus
2086 4349 2098 4386 :

414 4434 437 4462 ι
475 4414 554 4468 Ne
595 4414 816 4482 timeas,
841 4415 1128 4482 Zacharia,
1164 4419 1434 4489 quoniam
1468 4419 1665 4474 audita
1697 4424 1783 4473 est
1807 4418 2105 4491 {depreca-

408 4502 490 4555 tio
523 4507 650 4569 tua;
684 4508 739 4557 et
772 4520 914 4559 uxor
941 4509 1037 4560 tua
1068 4506 1354 4561 Elisabeth
1381 4508 1561 4579 pariet
1593 4508 1698 4562 tibi
1736 4509 1921 4562 tilium
1947 4511 2101 4578 (Luc.

412 4608 449 4657 ι,
486 4593 590 4660 l3).
628 4614 649 4641 ι
705 4594 890 4648 Unum
938 4596 1175 4649 verbum
1230 4612 1408 4666 super
1456 4601 1699 4668 utroque
1748 4596 2105 4667 promittitur

410 4684 601 4749 partu,
631 4686 686 4735 et
716 4683 1007 4753 quomodo
1041 4700 1156 4738 non
1184 4684 1337 4738 idem
1369 4685 1583 4739 ventris
1626 4686 1835 4741 ostium
1888 4685 2107 4756 signiﬁ-

412 4770 610 4822 catur?
644 4769 847 4842 Dispar
892 4772 1276 4842 conceptionis
1304 4773 1465 4839 ordo,
1495 4790 1612 4828 non
1661 4775 1858 4845 dispar
1900 4780 1985 4829 est
2018 4776 2106 4829 lex

412 4860 703 4925 nascendi,
739 4862 1014 4931 quoniam
1046 4864 1291 4916 Joannes
1317 4863 1386 4917 de
1417 4863 1634 4918 semine
1667 4863 1795 4931 viri,
1828 4865 1989 4917 Jesus
2037 4864 2106 4918 de

411 4948 628 5018 Spiritu
660 4956 854 5003 sancto
910 4951 1262 5021 concipitur;
1306 4955 1362 5004 et
1418 4951 1514 5005 ille
1573 4968 1677 5022 per
1730 4957 1957 5022 portam
2006 4967 2108 5021 per

411 5050 585 5104 quam
619 5035 880 5089 transivit
911 5036 1017 5101 vir,
1051 5037 1375 5106 exponitur,
1427 5037 1533 5090 iste
1565 5053 1667 5107 per
1705 5036 2105 5091 intemeratam

414 5123 648 5192 pudoris
689 5124 878 5177 aulam
926 5129 1237 5194 generatur
1268 5140 1280 5178 :
1314 5124 1483 5178 ambo
1539 5130 1733 5179 tamen
1782 5125 2103 5196 pariuntur,

413 5210 687 5279 quoniam
719 5217 961 5282 uterque
992 5228 1092 5283 per
1124 5214 1302 5267 vulvae
1335 5213 1573 5283 januam
1616 5213 1912 5284 excipitur.
1948 5216 2105 5267 Atte-

412 5302 593 5351 statur
627 5300 798 5354 etiam
857 5306 1067 5355 nostra:
1128 5301 1376 5356 orationi
1436 5303 1805 5373 evangelista,
1877 5303 2105 5373 quando

413 5385 493 5440 ait
523 5402 536 5441 :
573 5409 601 5435 «
626 5388 754 5443 ldeo
784 5390 937 5459 quod
963 5394 1224 5445 nascetur
1252 5407 1321 5445 ex
1352 5397 1405 5445 te
1436 5396 1719 5446 sanctum.
1752 5411 1779 5443 ››
1825 5393 2107 5447 Memento

414 5473 553 5545 quid
574 5476 642 5530 de
675 5477 1098 5550 primogenitis,
1132 5479 1187 5535 id
1236 5485 1324 5534 est
1378 5480 1480 5552 qui
1538 5480 1803 5552 aperiunt
1853 5483 2102 5546 vulvam,

416 5560 622 5632 legifer
649 5563 1027 5634 mandaverit,
1052 5571 1110 5622 et
1127 5566 1429 5639 intelligas
1458 5572 1720 5623 sanctum
1761 5567 2110 5640 primogeni-

2206 544 2383 599 quare
2416 532 2473 582 et
2500 530 2658 583 Jesus
2688 546 2816 583 cum
2860 535 3120 584 sanctum
3172 530 3414 584 Domino
3447 530 3669 593 dicitur,
3705 538 3761 585 et
3795 532 3907 602 pri-

2207 617 2535 688 mogenitus
2586 619 2927 688 appellatur.
2991 618 3129 673 Etsi
3192 619 3632 690 primogenitus,
3685 621 3905 690 {utique

2207 706 2430 758 vulvam
2464 706 2710 775 aperuit,
2738 722 2855 760 non
2888 711 2949 760 ut
2981 707 3233 760 clausam
3265 711 3678 777 corrumperet,
3714 709 3808 760 sed
3846 713 3908 761 ut

2206 810 2311 865 per
2339 810 2466 848 eam
2498 811 2614 848 suae
2654 795 2967 849 nativitatis
3013 795 3225 847 ostium
3265 795 3535 864 aperiret,
3571 794 3715 847 sicut
3759 800 3816 847 et
3847 795 3902 849 iu

2208 882 2462 936 Ezechiel
2485 886 2647 953 porta
2672 887 2726 936 et
2751 883 2941 936 clausa
2966 881 3332 947 describitur,
3358 886 3412 935 et
3432 885 3622 934 tamen
3652 882 3900 935 Domino

2208 970 2956 1042 IsraelinarraturEaperta,
2992 987 3111 1025 non
3142 972 3295 1042 quod
3348 971 3562 1025 liminis
3611 972 3695 1024 sui
3746 971 3899 1025 fores

2210 1060 2511 1114 dimoverit
2540 1062 2611 1114 ad
2643 1061 2766 1131 ejus
2783 1077 3098 1132 egressum,
3156 1062 3257 1115 sed
3279 1061 3436 1132 quod
3462 1061 3542 1115 sic
3574 1062 3764 1116 clausa
3795 1077 3898 1131 pa-

2206 1148 2381 1201 tuerit
2410 1148 2749 1202 dominanti.

2281 1235 2435 1289 ldem
2467 1236 2815 1307 evangelista
2845 1252 3042 1290 rursus
3076 1252 3088 1290 :
3128 1260 3156 1285 ‹‹
3188 1238 3419 1291 Factum
3451 1241 3535 1290 est
3556 1241 3749 1290 autem
3768 1254 3898 1290 cum

2208 1330 2395 1378 essent
2429 1324 2529 1393 ibi,
2562 1325 2786 1396 impleti
2835 1330 2969 1379 sunt
3026 1325 3147 1379 dies
3201 1330 3263 1379 ut
3290 1332 3541 1396 pareret,
3592 1332 3647 1378 et
3679 1325 3905 1395 peperit

2208 1412 2388 1467 tilium
2422 1429 2591 1467 suum
2622 1413 3077 1483 primogenitum
3107 1414 3258 1483 (Luc,
3290 1430 3347 1480 ll,
3373 1417 3447 1482 6).
3483 1434 3509 1466 ι»
3546 1416 3609 1469 Et
3634 1415 3702 1467 de
3732 1414 3903 1466 Elisa—

2207 1500 2341 1554 betli
2371 1500 2487 1553 fere
2515 1500 2711 1553 eadem
2744 1501 3076 1554 scribuntur
3106 1517 3118 1554 :
3156 1522 3182 1549 α
3219 1501 3501 1555 Elisabeth
3548 1507 3739 1555 autem
3792 1500 3901 1553 im-

2208 1588 2428 1659 pletum
2458 1595 2539 1643 est
2570 1596 2795 1659 tempus
2826 1588 3106 1659 pariendi,
3140 1594 3197 1643 et
3232 1589 3467 1660 'peperit
3512 1589 3695 1644 lilium
3746 1591 3899 1661 (Luc.

2207 1676 2360 1747 1,57).
2398 1698 2424 1725 »
2457 1677 2611 1733 Sicut
2660 1677 2960 1747 utriusque
2993 1678 3221 1732 feminas
3280 1683 3508 1748 tempus
3568 1683 3631 1731 ut
3670 1682 3905 1748 pareret

2207 1765 2547 1835 assignatur,
2579 1766 2658 1818 sic
2686 1764 2963 1819 ambobus
3021 1765 3387 1819 nascentibus
3444 1766 3759 1820 infantibus
3799 1782 3902 1819 co-

2206 1853 2333 1907 dem
2369 1854 2539 1908 verbo
2571 1853 2724 1907 idem
2753 1852 2968 1906 ventris
3001 1853 3213 1908 ostium
3238 1858 3606 1908 monstratur.
3647 1856 3708 1908 Et
3741 1853 3904 1907 dein-

2206 1958 2382 2013 ceps:
2444 1960 2473 1996 α
2534 1944 2843 2014 Postquam
2891 1942 3116 2012 impleti
3173 1948 3304 1996 sunt
3358 1941 3478 1995 dies
3532 1942 3904 2013 purgationis

2206 2032 2394 2086 Maria:
2426 2032 2740 2087 secundum
2802 2033 2988 2101 legem
3048 2031 3246 2102 Moysi,
3303 2031 3559 2085 tulerunt
3613 2033 3805 2085 Jcsum
3844 2031 3904 2085 in

2204 2121 2517 2175 Jerusalem
2545 2125 2608 2174 ut
2637 2120 2899 2174 sisterent
2932 2134 3064 2172 eum
3117 2118 3380 2185 Domino,
3432 2119 3577 2172 sicut
3623 2120 3903 2189 scriptum

2206 2208 2265 2262 in
2298 2209 2422 2279 lege
2452 2208 2716 2263 Domini:
2752 2209 2897 2273 Quia
2928 2224 3097 2261 omne
3138 2209 3517 2261 masculinum
3564 2208 3905 2278 adaperiens

2208 2297 2453 2365 vulvam,
2484 2302 2746 2350 sanctum
2797 2294 3037 2349 Domino
3069 2294 3370 2348 vocabitur
3429 2295 3573 2363 (Luc.
3629 2312 3687 2357 ιι,
3720 2294 3832 2363 2‘2).
3872 2313 3902 2347 ι)

2206 2384 2263 2438 Si
2303 2384 2407 2439 tibi
2448 2384 2640 2439 minus
2696 2383 3081 2438 satisfecerant
3140 2383 3311 2437 verba
3369 2383 3580 2452 quibus
3632 2384 3905 2453 genuisse

2206 2472 2377 2527 Maria
2409 2472 2770 2542 perdocetur,
2833 2476 2898 2525 ut
2946 2475 3249 2542 propterea
3293 2471 3521 2525 aliunde
3578 2488 3750 2542 quam
3801 2488 3907 2541 per

2206 2562 2431 2615 vulvam
2465 2561 2534 2615 de
2562 2560 2808 2631 Virginis
2849 2561 2981 2614 aula
3007 2560 3349 2630 processisse
3405 2560 3599 2613 Jesum
3655 2560 3899 2629 garrias,

2207 2650 2479 2721 quoniam
2546 2649 2864 2703 honestiori
2913 2664 3176 2702 sermone
3242 2648 3575 2719 pudendum
3645 2648 3907 2703 mulieris

2207 2740 2395 2795 fuerat
2423 2739 2825 2803 obvelandum,
2878 2738 3110 2793 tandem
3157 2737 3345 2792 verbis
3393 2737 3760 2808 evangelista:
3806 2754 3909 2792 ac-

2209 2828 2528 2898 quiescens,
2565 2827 2716 2880 disce
2748 2843 2862 2881 non
2897 2827 3189 2891 translato,
3224 2826 3322 2879 sed
3354 2843 3456 2879 suo
3486 2827 3720 2897 proprio
3747 2842 3910 2880 voca-

2206 2916 2342 2970 bulo
2376 2932 2438 2969 os
2467 2914 2701 2969 feminei
2739 2915 2948 2969 ventris
2975 2914 3351 2980 insinuatum,
3384 2919 3554 2985 atque
3602 2930 3706 2985 per
3747 2913 3908 2986 [illud

2208 3004 2559 3059 Salvatorem
2616 3003 2885 3058 nascendi
2943 3004 3161 3057 subisse
3217 3019 3603 3074 progressum.
3666 3004 3809 3057 Nam
3861 3003 3907 3056 si

2209 3093 2312 3148 fuit
2346 3093 2499 3149 aliud
2533 3094 2765 3147 Mariam
2793 3094 3084 3164 peperisse
3134 3109 3308 3163 quam
3357 3091 3738 3146 masculinum
3782 3092 3907 3161 ejus

2211 3184 2435 3237 vulvam
2469 3183 2781 3254 aperuisse,
2834 3199 2951 3236 non
2984 3183 3299 3237 secundum
3356 3183 3496 3251 legis
3553 3186 3908 3252 praeceptum

2210 3274 2333 3327 sisti
2365 3272 2621 3336 Domino,
2659 3288 2762 3325 nec
2796 3277 3054 3325 sanctum
3089 3271 3331 3325 Domino
3353 3271 3631 3325 debuerat
3668 3270 3857 3323 vocari
3892 3287 3905 3324 :

2212 3362 2555 3426 «Quoniam
2602 3376 2773 3413 omne
2822 3360 3198 3413 masculinum
3259 3358 3600 3427 adapericns
3652 3360 3907 3425 vulvam,

2210 3454 2471 3502 sanctum
2500 3447 2741 3501 Domino
2790 3446 3083 3501 vocabitur
3110 3446 3299 3515 (lbid.,
3332 3448 3449 3513 23).
3486 3468 3511 3494 ››
3570 3448 3727 3500 Nunc
3771 3463 3910 3501 vero

2211 3541 2266 3590 et
2294 3536 2521 3607 peperit
2557 3551 2687 3589 eum
2748 3534 2920 3589 Maria
2977 3534 3161 3603 virgo,
3223 3538 3277 3587 et
3336 3549 3440 3603 per
3497 3534 3724 3587 vulvam
3783 3534 3913 3603 ejus

2210 3640 2473 3695 egressus
2505 3629 2591 3679 est
2617 3624 2892 3688 Salvator,
2926 3627 2985 3677 et
3020 3627 3293 3692 tanquam
3325 3622 3750 3693 primogenitus
3799 3622 3914 3675 ad-

2210 3711 2438 3783 aperuit
2466 3728 2616 3780 eam,
2638 3727 2752 3765 non
2780 3727 2895 3782 quo
2931 3711 3169 3765 violaret
3198 3710 3589 3781 integritatem
3614 3710 3782 3778 uteri,
3808 3711 3914 3764 sed

2211 3818 2325 3873 quo
2358 3801 2570 3855 ventris
2592 3800 2871 3871 palatium
2892 3803 3186 3867 vacuaret;
3225 3800 3377 3852 unde
3400 3804 3457 3852 ct
3490 3803 3689 3860 mater,
3725 3814 3915 3868 quan-

2210 3907 2384 3963 quam
2418 3906 2536 3944 non
2565 3893 2827 3958 suscepto
2882 3887 3103 3941 semine
3132 3887 3418 3956 genuerit,
3473 3886 3609 3956 quia
3664 3902 3794 3939 vero
3827 3886 3915 3940 illi

2211 3977 2500 4031 masculus
2532 3974 2899 4045 adaperuerit
2947 3974 3195 4041 vulvam,
3251 3974 3565 4027 secundum
3629 3974 3814 4043 legem
3858 3979 3919 4027 et

2210 4062 2568 4134 purgationis
2600 4062 2721 4115 dies
2746 4061 2966 4131 implet,
2993 4065 3050 4115 et
3080 4060 3330 4115 hostiam
3361 4061 3430 4115 ad
3461 4061 3742 4132 templum
3774 4076 3914 4114 cum

2210 4167 2390 4223 puero
2425 4150 2665 4205 Domino
2694 4149 2966 4215 sistendo,
3005 4149 3207 4203 defert.

2877 4274 3101 4330 CAPUT
3154 4274 3239 4327 VI.

2479 4383 2566 4436 EI.
2600 4381 2858 4435 Patribus
2888 4395 3043 4435 suam
3074 4382 3271 4435 asserit
3298 4381 3637 4435 sententiam.

2284 4506 2491 4559 Verum
2520 4504 2795 4575 quoniam
2847 4503 3097 4558 breviter
3126 4504 3234 4558 ista
3291 4504 3360 4558 de
3391 4504 3601 4559 divinae
3655 4504 3920 4557 auctori-

2213 4594 2345 4648 tatis
2410 4593 2750 4663 collegimus
2818 4592 2997 4657 libris,
3063 4594 3275 4664 quibus
3331 4593 3639 4649 Salvatoris
3714 4596 3917 4645 ortum

2214 4698 2318 4753 per
2365 4682 2721 4736 intemeratae
2778 4682 3003 4736 vulvam
3067 4681 3313 4753 Virginis
3374 4682 3735 4746 doceremus,
3770 4680 3923 4735 libet

2215 4772 2388 4826 etiam
2458 4771 2747 4841 majorum
2804 4770 3213 4825 traditionibus
3269 4770 3500 4825 ﬁrmare
3561 4769 3924 4824 sententiam

2214 4866 2494 4928 nostram,
2540 4864 2826 4930 quatenus
2882 4859 3253 4914 multitudine
3311 4859 3546 4914 testium
3600 4863 3656 4913 et
3710 4859 3923 4913 adver-

2214 4950 2398 5003 sarius
2436 4950 2783 5015 confutatur,
2814 4952 2869 5003 et
2897 4948 3095 5003 fideles
3124 4948 3358 5003 uberius
3385 4948 3764 5002 instruantur.
3803 4947 3925 5002 Lo-

2215 5054 2309 5093 cos
2343 5038 2625 5092 tamenin
2667 5037 2921 5092 medium
2951 5038 3317 5103 deducemus,
3382 5043 3441 5093 et
3484 5050 3682 5091 eorum
3750 5035 3921 5105 ipso-

2213 5143 2344 5181 rum
2374 5126 2704 5181 testimonia
2737 5141 2938 5196 pauca,
2975 5130 3039 5179 ut
3085 5125 3393 5197 propositae
3447 5125 3684 5179 modum
3714 5123 3928 5178 brevi-

2213 5215 2348 5269 tatis
2415 5212 2819 5267 custodiamus.
2889 5212 3157 5282 Alioquin
3224 5213 3269 5265 si
3328 5211 3500 5266 unius
3557 5226 3782 5276 eorum,
3846 5228 3931 5267 ne

2217 5303 2401 5358 dicam
2448 5301 2731 5367 omnium,
2763 5317 2934 5371 super
2963 5300 3069 5355 hoc
3098 5300 3249 5355 dicta
3296 5302 3353 5354 in
3402 5302 3598 5372 lunum
3654 5300 3930 5354 conferre

2214 5390 2579 5455 voluerimus,
2610 5389 2923 5443 multorum
2976 5406 3181 5462 corpus
3225 5389 3584 5443 voluminum
3648 5387 3928 5441 conﬁcie-

2216 5496 2361 5534 mus.
2421 5477 2754 5534 Ambrosius
2818 5477 3061 5533 caelestis
3118 5477 3276 5543 tuba,
3349 5478 3642 5548 specimen
3710 5478 3930 5530 sancti-

2214 5567 2368 5632 tatis,
2398 5567 2532 5623 tidei
2563 5566 2740 5622 robur
2766 5565 3230 5639 inexpugnabile,
3264 5566 3401 5622 dum
3432 5565 3502 5621 de
3528 5565 3787 5621 humano
3808 5564 3931 5621 Sal-
