4138 6194
239 329 307 379 93
1426 322 1633 378 LIBER
1686 322 1774 378 DE
1819 321 2227 378 NATlt'lTATE
2275 321 2573 379 CHRISTI.
3680 329 3747 379 υἱ

241 454 454 510 vatoris
486 460 688 510 exortu
713 458 983 510 tractaret
1012 456 1091 523 (in
1118 455 1246 510 Luc.
1280 454 1317 508 l.
1374 470 1448 520 xi,
1481 469 1527 507 e.
1563 454 1638 524 2),
1674 453 1751 507 ita
1788 454 1939 508 fatus
1974 458 2014 511 A
2052 455 2391 527 virginalem
2424 458 2648 511 vulvam
2692 458 2998 527 nascendo,
3033 463 3095 514 ut
3142 464 3333 515 tamen
3386 476 3510 516 eam
3567 460 3743 515 relin-

243 548 373 598 est:
415 567 435 593 ι
473 546 560 599 An
594 543 979 598 mediocribus
1028 543 1207 613 signis
1242 545 1393 597 Deus
1451 543 1752 614 probatur,
1795 543 1947 615 quod

245 634 435 704 angeli
470 634 820 707 ministrant,
846 633 999 704 quod
1030 632 1183 703 magi
1204 633 1467 698 adorant,
1494 632 1646 704 quod
1671 636 1947 703 martyres

245 724 631 777 conﬁtentur?
663 724 741 777 Ex
776 728 941 778 utero
963 722 1245 791 funditur,
1278 722 1376 776 sed
1402 726 1661 775 coruscat
1693 738 1722 777 e
1758 723 1896 776 coelo
1929 737 1942 775 :

246 818 474 867 terreno
503 812 567 866 in
597 812 1103 881 diversoriojacet,
1131 810 1229 865 sed
1283 810 1496 864 crelesti
1527 810 1743 864 lumine
1773 810 1943 881 viget.

246 901 433 972 Nupta
468 901 715 972 peperit,
762 900 857 954 sed
890 900 1048 969 virgo
1098 899 1380 969 concepit.
1422 900 1608 969 Nupta
1665 898 1943 969 concepit,

242 990 340 1044 sed
370 990 538 1059 virgo
571 989 885 1059 generavit.
921 1007 948 1039 ››
980 988 1161 1052 Quam
1212 987 1498 1041 subtiliter
1528 986 1783 1041 inviolati
1839 1003 1945 1058 pu-

241 1081 395 1135 doris
444 1080 651 1134 edocet
710 1083 1013 1143 secretum,
1074 1094 1249 1148 quam
1304 1076 1606 1147 magniﬁce
1664 1077 1947 1147 virginem

238 1169 535 1234 describit,
565 1173 621 1223 et
648 1172 889 1223 matrem
937 1173 1177 1238 nuptam
1228 1166 1504 1237 pradicat
1552 1171 1607 1219 et
1636 1166 1937 1219 intactam!

240 1260 457 1314 Fusum
490 1262 688 1311 narrat
709 1273 775 1311 ex
807 1262 970 1311 utero
995 1256 1306 1322 Christum,
1351 1260 1413 1310 ut
1436 1271 1567 1309 eum
1591 1271 1693 1326 per
1725 1260 1947 1309 natura

235 1349 388 1401 viam
444 1347 663 1401 sentias
718 1345 1083 1417 processisse,
1144 1361 1248 1399 nec
1299 1343 1551 1399 astimes
1613 1343 1946 1415 peregrinos

236 1443 400 1491 ortus
433 1435 527 1489 sui
559 1434 746 1489 exitus
777 1433 1102 1506 requisisse,
1137 1449 1308 1505 quem
1338 1449 1481 1487 vena
1512 1432 1661 1487 uteri
1698 1432 1944 1486 naturali

235 1525 394 1580 ﬂuxu
432 1524 626 1578 emisit
648 1524 706 1577 in
730 1523 931 1577 lucem.
967 1523 1125 1587 Quod
1159 1528 1220 1576 ut
1250 1522 1459 1576 clarius
1484 1522 1939 1585 commendaret,

235 1613 472 1685 adjecit,
512 1618 757 1684 nuptam
801 1612 1111 1683 peperisse,
1146 1611 1243 1665 sed
1304 1611 1585 1681 virginem
1619 1610 1947 1681 concepisse

237 1709 293 1757 et
326 1708 577 1774 nuptam
620 1701 969 1771 concepisse,
1030 1700 1128 1755 sed
1188 1698 1470 1770 virginem
1531 1699 1849 1770 peperisse;
1884 1703 1948 1752 ut

237 1797 525 1864 conceptu
552 1789 792 1861 virginis
842 1795 897 1844 et
946 1794 1113 1860 partu
1173 1806 1467 1843 removeas
1498 1788 1656 1842 virile
1715 1803 1943 1841 consor-

239 1882 410 1935 tium.
447 1879 877 1935 Auimadvertis
936 1884 1126 1933 autem
1186 1878 1442 1933 membra
1501 1878 1617 1931 suis
1668 1895 1699 1931 a
1740 1883 1946 1931 natura

240 1969 586 2024 ministeriis
618 1969 909 2038 deputata,
945 1971 1008 2022 ut
1036 1972 1342 2039 conceptus
1378 1968 1449 2021 ad
1469 1966 1782 2033 matricem,
1816 1982 1946 2037 par-

243 2064 335 2113 tus
365 2059 438 2113 ad
470 2058 761 2112 oriﬁcium
792 2057 1091 2111 referatur.
1126 2057 1342 2121 Quibus
1374 2056 1623 2126 denique
1675 2054 1948 2109 membris

243 2146 460 2202 mulier
488 2152 674 2217 nupta
705 2146 953 2216 concipit
997 2150 1053 2199 et
1107 2145 1281 2216 parit,
1312 2144 1529 2198 eisdem
1581 2144 1861 2213 virginem
1894 2148 1949 2197 et

244 2236 615 2291 fecundatam
646 2235 841 2289 credas
871 2240 928 2289 et
955 2234 1201 2289 enixam.

320 2327 546 2381 Rursus
569 2324 628 2378 in
656 2323 1047 2394 sequentibus.
1087 2340 1114 2373 «
1140 2323 1321 2376 Omne
1344 2321 1723 2375 masculinum
1747 2320 1951 2392 adape-

248 2414 406 2468 riens
436 2414 687 2477 vulvam,
718 2417 976 2465 sanctum
1012 2410 1252 2465 Domino
1284 2410 1597 2464 vocabitur.
1634 2432 1659 2457 ››
1700 2431 1719 2456 ι
1754 2409 1950 2462 Verbis

249 2503 408 2557 enim
443 2501 586 2573 legis
619 2502 1062 2571 promittebatur
1120 2500 1365 2569 Virginis
1425 2503 1639 2569 partus.
1703 2499 1765 2551 Et
1814 2514 1944 2551 vere

251 2598 503 2659 sanctus,
540 2592 675 2662 quia
708 2592 1132 2644 immaculatus.
1188 2590 1442 2661 Denique
1478 2589 1666 2659 ipsum
1701 2604 1820 2643 esse
1852 2589 1950 2659 qui

249 2683 377 2750 lege
412 2682 694 2751 signetur,
727 2680 787 2733 in
819 2680 1087 2733 eumdem
1122 2680 1353 2733 modum
1377 2678 1448 2732 ab
1479 2679 1684 2749 angelo
1708 2678 1951 2748 repetita

252 2770 425 2823 verba
453 2770 770 2840 ideclarant
806 2786 817 2822 :
856 2788 882 2819 ‹(
922 2768 1065 2833 Quia
1122 2768 1271 2839 quod
1332 2772 1619 2835 nascetur,
1651 2788 1678 2815 »
1739 2767 1947 2837 inquit,

255 2880 282 2907 ‹‹
316 2862 607 2922 sanctum,
640 2856 936 2911 vocabitur
966 2856 1141 2911 Filius
1172 2856 1291 2910 Dei.
1338 2876 1365 2903 »
1400 2856 1523 2909 Non
1564 2854 1717 2908 enim
1775 2854 1952 2908 virilis

253 2947 437 3001 coitus
470 2947 653 2999 vulva
681 2944 971 3015 virginalis
1002 2949 1218 2998 secreta
1258 2944 1549 3009 reseravit,
1584 2944 1679 2996 sed
1741 2943 1953 2996 imma-

255 3036 515 3089 culatum
572 3050 767 3087 semen
826 3032 1142 3087 inviolabili
1202 3036 1366 3086 utero
1422 3031 1669 3102 Spiritus
1726 3038 1954 3085 sanctus

259 3124 482 3178 eﬁ'udit.
517 3123 680 3177 Solus
718 3122 870 3176 enim
914 3138 1018 3193 per
1048 3121 1242 3175 omnia
1297 3138 1361 3174 ex
1422 3122 1568 3175 natis
1626 3121 1694 3175 de
1745 3120 1958 3173 femina

259 3216 493 3265 sanctus
527 3210 805 3264 Dominus
830 3211 1012 3275 Jesus,
1042 3210 1140 3281 qui
1170 3213 1413 3264 terrena
1446 3210 1716 3279 contagia
1765 3224 1959 3261 corru-

259 3301 433 3371 ptela
467 3299 821 3353 immaculati
854 3305 1052 3369 partus
1104 3299 1397 3353 nativitate
1430 3315 1545 3352 non
1600 3296 1863 3362 senserit,
1904 3300 1962 3350 et

260 3389 477 3445 calesti
514 3390 805 3456 maiestate
836 3388 1141 3459 depulerit.
1194 3389 1335 3442 Nam
1368 3387 1413 3441 si
1467 3388 1715 3441 litteram
1748 3402 1960 3457 sequa-

262 3495 415 3543 mur,
450 3477 740 3549 quomodo
771 3483 999 3531 sanctus
1029 3476 1215 3530 omnis
1245 3476 1553 3541 masculus,
1585 3491 1714 3529 cum
1751 3476 1962 3529 multos

264 3565 732 3621 sceleratissimos
774 3565 949 3619 fuisse
996 3580 1108 3618 non
1160 3564 1376 3618 lateat?
1430 3564 1702 3635 Nunquid
1736 3568 1961 3618 sanctus

262 3653 505 3709 Achab?
555 3653 823 3724 Nunquid
874 3653 1051 3707 sancti
1101 3653 1641 3724 pseudopropheta,
1694 3652 1848 3724 quod
1890 3652 1961 3706 ad

263 3742 400 3797 Elia
432 3757 630 3812 preces
662 3741 815 3795 ultor
839 3741 1081 3795 calestis
1111 3741 1341 3811 injuria
1371 3741 1546 3811 .ignis
1600 3740 1961 3811 absumpsit?

266 3830 375 3886 Sed
402 3830 502 3883 ille
530 3834 779 3894 sanctus,
830 3845 935 3900 per
983 3845 1155 3899 quem
1206 3829 1447 3899 ﬁguram
1480 3837 1505 3862 ³
1556 3828 1811 3898 mysterii
1871 3827 1964 3899 pia

266 3919 407 3989 legis
439 3916 676 3989 divina]
709 3917 1043 3988 praescripta
1105 3916 1428 3987 signabant.
1481 3918 1545 3970 Et
1600 3917 1752 3988 quod
1811 3917 1963 3971 solus

270 4012 479 4062 sancta
509 4007 773 4061 Ecclesia
802 4006 1041 4077 virginis
1090 4006 1159 4060 ad
1191 4006 1547 4075 generandos
1588 4005 1831 4077 populos
1864 4006 1966 4059 Dei

270 4096 655 4150 immaculata
685 4095 1047 4149 fecunditatis
1098 4095 1348 4165 aperiret
1379 4096 1627 4164 genitale
1659 4099 1961 4148 secretum.

274 4185 368 4239 llic
398 4200 541 4255 ergo
588 4185 743 4239 solus
799 4184 1024 4255 aperuit
1062 4184 1169 4238 sibi
1225 4184 1472 4238 vulvam.
1535 4184 1647 4237 Nec
1703 4181 1963 4236 mirum:

273 4274 368 4344 qui
400 4274 558 4327 enim
612 4271 834 4327 dixerat
872 4288 976 4343 per
1018 4272 1356 4343 prophetam
1390 4287 1403 4326 :
1459 4290 1486 4321 (ι
1538 4270 1877 4340 Priusquam
1913 4272 1965 4323 te

272 4362 583 4416 formarem
614 4360 674 4414 in
704 4365 891 4428 utero,
929 4360 1061 4413 novi
1088 4364 1163 4427 te,
1196 4366 1252 4414 et
1289 4360 1347 4413 in
1392 4360 1565 4413 vulva
1598 4358 1798 4412 matris
1828 4374 1959 4411 san-

272 4450 514 4504 ctiﬁcavi
544 4454 600 4503 te
652 4448 873 4519 (Jer.1).
904 4470 925 4496 ι
983 4448 1090 4512 Qui
1140 4464 1277 4519 ergo
1335 4448 1559 4501 vulvam
1594 4446 1970 4501 sanctiﬁcavit

273 4539 542 4603 alienam,
576 4542 636 4591 ut
667 4544 999 4591 nasceretur
1029 4537 1331 4607 propheta,
1381 4536 1471 4589 hic
1497 4541 1583 4589 est
1611 4536 1710 4606 qui
1743 4534 1969 4605 aperuit

273 4629 474 4683 matris
522 4644 639 4682 sua
704 4628 955 4694 vulvam,
1025 4632 1085 4681 ut
1152 4627 1555 4680 immaculatus
1622 4625 1816 4679 exiret.
1887 4625 1964 4693 (S.

271 4718 562 4783 Ambros.,
592 4718 629 4771 1.
666 4734 704 4771 ιι
734 4719 793 4771 in
831 4718 985 4781 Luc.,
1014 4732 1063 4770 c.
1096 4719 1159 4783 2;
1206 4716 1260 4770 S.
1295 4718 1461 4785 Aug.,
1498 4715 1536 4768 l.
1572 4730 1609 4768 ιι
1644 4714 1710 4768 de
1758 4716 1967 4768 Peccat.

273 4809 439 4875 orig.,
479 4822 527 4860 c.
560 4806 650 4872 40,
685 4810 742 4859 et
774 4805 871 4859 lib.
903 4823 917 4859 ι
950 4811 1089 4860 cont.
1122 4806 1256 4873 Jul.,
1298 4820 1346 4858 c.
1379 4804 1457 4874 2.)

342 4896 547 4951 Orator
577 4895 817 4965 insignis
855 4894 959 4949 hac
998 4895 1258 4948 oratione
1286 4893 1477 4966 primo
1527 4891 1781 4965 antiqua
1826 4891 1972 4963 legis

273 4985 587 5056 explanans
620 4984 888 5050 edictum,
922 4983 1270 5053 dogmatizat
1299 4986 1556 5036 sanctum
1592 4981 1774 5051 legale
1800 4981 1972 5035 unius

274 5074 391 5127 veri
422 5073 603 5128 sancti
635 5073 970 5143 mysterium
1020 5072 1298 5142 signasse,
1348 5070 1449 5141 qui
1480 5071 1672 5125 saculi
1723 5069 1827 5123 sub
1859 5069 1972 5123 ﬁne

275 5165 443 5214 natus
472 5161 545 5217 de
578 5161 829 5232 Virgine,
890 5165 1132 5214 terrena
1183 5159 1449 5229 contagia
1480 5158 1823 5229 corruptela
1858 5158 1973 5212 im-

277 5249 546 5306 maculati
579 5253 778 5321 partus
820 5248 1067 5303 novitate
1102 5264 1218 5303 non
1263 5247 1527 5315 senserit,
1584 5247 1663 5301 sic
1713 5247 1973 5319 aperiens

347 5466 504 5518 ‘Per
555 5477 712 5531 quem
776 5464 1029 5531 ﬁguram.
1088 5459 1364 5531 Eumdem
1421 5458 1610 5511 locum
1680 5457 1976 5528 exscripsit

282 5529 627 5610 Radbertus,
660 5529 1265 5610 apudquemlegitur
1298 5545 1462 5610 quem.
1485 5532 1543 5609 in
1577 5532 1779 5608 ﬁgura.
1826 5532 1973 5581 Ante

285 5607 400 5659 lia-c
433 5600 719 5659 Ambrosii
750 5608 805 5655 et
835 5600 1137 5673 Augustini
1168 5602 1373 5670 elogia,
1410 5600 1505 5653 ubi
1548 5600 1877 5670 scripsimus
1908 5616 1970 5652 ex

2056 550 2259 617 queret
2287 547 2538 601 clausam
2567 563 2679 600 non
2712 547 3003 604 violando.
3034 548 3305 621 Alioquin
3349 550 3397 603 si
3440 566 3549 604 non
3582 550 3746 604 illum

2054 636 2348 707 Scriptura
2382 636 2743 707 signiﬁcavit,
2803 653 2932 707 qua
2961 638 3029 691 de
3089 639 3357 692 masculis
3411 640 3654 694 sancivit
3684 645 3747 693 nt

2055 727 2375 782 habeantur
2407 726 2607 791 sancti,
2642 726 2885 780 ostendit
2913 742 3107 781 verum
3138 744 3250 781 non
3300 744 3419 782 esse
3450 728 3745 782 decretum

2056 818 2372 870 multorum
2405 815 2651 887 pravitas
2682 816 3085 869 masculorum.
3119 817 3225 871 Sed
3258 819 3339 871 lex
3370 818 3597 872 Domini
3636 818 3744 871 im-

2057 905 2342 960 maculata
2372 909 2428 959 et
2472 904 2870 959 testimonium
2903 904 3087 959 ﬁdele.
3122 904 3244 969 Qua
3273 906 3341 959 de
3373 922 3432 959 re
3481 922 3744 977 quaren-

2056 995 2163 1049 dus
2189 998 2272 1048 est
2301 993 2622 1048 intellectus
2652 993 2752 1065 qui
2794 994 2973 1065 possit
3003 992 3184 1064 aptari
3242 993 3443 1047 merito
3483 994 3741 1061 veritati;

2056 1083 2156 1138 ubi
2186 1089 2411 1137 sanctus
2442 1083 2537 1137 ille
2570 1084 2721 1136 solus
2752 1084 3046 1153 repetitur,
3085 1082 3183 1153 qui
3216 1082 3591 1151 sinefpeccato
3618 1099 3747 1137 con-

2055 1174 2270 1239 ceptus,
2304 1169 2425 1223 sine
2449 1170 2650 1223 delicto
2682 1170 2928 1240 genitus,
2966 1175 3175 1222 sancta
3210 1167 3466 1223 Ecclesia
3498 1169 3747 1238 ,virginis

2057 1257 2125 1311 ad
2153 1256 2513 1327 generandos
2546 1258 2791 1328 populos
2826 1256 2920 1311 Dei
2958 1257 3340 1311 immaculata
3385 1256 3746 1311 fccunditatis

2058 1344 2281 1416 aperuit
2308 1345 2555 1415 genitale
2603 1350 2902 1401 secretum.
2937 1344 2980 1417 [δ
3019 1346 3140 1410 Quo
3201 1345 3437 1418 mystico
3486 1345 3638 1399 dicto
3665 1350 3747 1399 te-

2058 1440 2257 1502 statur,
2290 1436 2489 1489 matris
2524 1435 2762 1505 virginis
2790 1435 2943 1506 quod
2978 1436 3359 1488 immaculata
3385 1432 3750 1487 fecunditatis

2058 1525 2281 1594 aperuit
2308 1524 2555 1595 genitale
2591 1523 2919 1597 secretum]
2955 1525 3077 1577 Non
3098 1524 3249 1577 enim
3284 1524 3389 1577 hoc
3412 1538 3593 1593 genus
3620 1539 3746 1575 nar-

2058 1614 2291 1667 rationis
2320 1614 2389 1667 ad
2446 1614 2747 1667 Ecclesiam
2774 1630 2879 1684 per
2910 1614 3242 1683 mysterium
3297 1617 3605 1684 coaptaret,
3641 1612 3748 1666 nisi

2059 1702 2140 1757 rei
2194 1702 2429 1757 veritate
2459 1702 2527 1757 de
2556 1701 2852 1773 virginalis
2902 1703 3086 1756 vulva
3120 1703 3470 1756 reseratione
3535 1701 3747 1756 factum

2056 1792 2229 1846 fuisse
2264 1792 2469 1846 docere
2500 1791 2791 1845 voluisset.
2828 1791 3008 1855 Quem
3040 1791 3333 1862 sequentia
3368 1790 3751 1861 comprobant

2058 1880 2447 1948 intellectum;
2497 1881 2574 1934 ait
2604 1880 2757 1935 enim
2793 1896 2805 1935 :
2860 1881 2957 1935 Hic
2988 1897 3122 1951 ergo
3174 1880 3327 1933 solus
3382 1879 3609 1951 aperuit
3639 1878 3747 1933 sibi

2057 1971 2305 2024 vulvam.
2339 1970 2487 2034 Quid
2519 1969 2764 2040 amplius
2812 1968 3077 2040 requiris,
3115 1968 3344 2038 quando
3397 1968 3632 2039 signatis
3664 1971 3747 2020 at-

2058 2063 2297 2114 testatur
2328 2059 2481 2129 quod
2521 2057 2765 2113 dicimus
2813 2057 3037 2111 verbis?
3088 2058 3153 2111 Et
3203 2056 3429 2127 aperuit
3483 2056 3660 2121 enim,
3695 2060 3752 2109 et

2059 2150 2279 2202 vulvam
2316 2148 2473 2215 dixit,
2507 2165 2621 2220 quo
2651 2146 2794 2202 nihil
2830 2162 2932 2217 per
2964 2145 3209 2216 ﬁguram
3243 2150 3474 2216 reputes
3512 2144 3747 2198 dictum.

2058 2238 2239 2308 Igitur
2271 2238 2569 2292 manifesta
2598 2237 2899 2291 conﬁrmat
2930 2234 3231 2302 sententia,
3256 2234 3409 2305 quod
3434 2233 3753 2299 olimZvetns

2060 2327 2350 2398 Scriptura
2381 2326 2725 2398 loquebatur
2758 2342 2770 2379 :
2810 2346 2836 2376 ‹‹
2880 2326 3059 2380 Omne
3110 2325 3320 2378 scilicet
3371 2323 3752 2377 masculinum

2060 2418 2213 2488 quod
2251 2417 2501 2487 aperiret
2526 2417 2773 2481 vulvam,
2804 2420 3064 2469 sanctum
3098 2413 3340 2468 Domino
3385 2412 3594 2479 vocari,
3632 2434 3652 2460 ι
3687 2416 3751 2465 ut

2062 2523 2178 2560 non
2210 2506 2487 2559 moderno
2518 2505 2616 2559 sed
2646 2503 3047 2575 antiquissimo
3074 2503 3255 2556 discas
3285 2507 3545 2571 tempore
3572 2501 3757 2570 signa-

2061 2602 2183 2649 tum
2213 2594 2406 2656 fuisse,
2434 2594 2569 2662 [non
2614 2594 2799 2646 solum
2834 2593 2989 2663 quod
3021 2592 3089 2645 de
3149 2590 3376 2661 Virgine
3428 2594 3757 2643 nasceretur

2060 2686 2240 2749 Jesus,
2280 2698 2477 2736 verum
2524 2681 2674 2754 quod
2708 2697 2813 2753 per
2860 2680 3189 2735 intemerati
3240 2680 3479 2751 pudoris
3525 2679 3752 2732 vulvam

2061 2776 2407 2827 nasceretur.

2138 2862 2320 2930 thue
2366 2860 2632 2915 nativitas
2678 2860 2785 2914 ista
2836 2858 3138 2929 impolluta
3168 2856 3236 2911 de
3287 2855 3577 2923 inviolato,
3641 2870 3755 2909 non

2064 2951 2436 3023 coinquinata
2482 2950 2551 3005 de
2596 2952 2863 3020 corrupto
2922 2962 3149 3018 egressu
3194 2951 3527 3017 putaretur,
3595 2945 3759 2999 docet

1988 3060 2027 3115 ο
2065 3041 2169 3095 sub
2201 3039 2461 3109 exemplo
2503 3039 2690 3093 adhuc
2739 3038 2796 3091 in
2847 3037 3014 3091 vulva
3052 3034 3391 3090 sanctiﬁcati
3438 3034 3755 3105 propheta.

2065 3128 2374 3199 Subjungit
2403 3133 2593 3181 autem
2628 3146 2643 3180 :
2678 3126 2785 3191 Qui
2816 3125 2970 3179 enim
3004 3124 3225 3178 dixerat
3251 3124 3342 3192 {ad
3374 3124 3709 3194 prophetam
3742 3137 3754 3175 :

2069 3241 2095 3267 ‹‹
2129 3218 2473 3288 Priusquam
2529 3220 2580 3269 te
2612 3214 2923 3268 formarem
2953 3212 3011 3266 in
3074 3218 3258 3281 utero,
3292 3211 3425 3264 novi
3485 3217 3559 3276 te,
3617 3216 3672 3263 et
3699 3210 3759 3262 in

2066 3308 2236 3362 vulva
2266 3304 2462 3360 matris
2493 3303 2834 3358 sanctiticavi
2862 3307 2947 3368 te;
2982 3320 3009 3351 »
3046 3301 3144 3371 qui
3175 3316 3310 3370 ergo
3341 3300 3587 3365 {vulvam
3622 3314 3759 3351 san-

2069 3394 2333 3451 ctiﬁcavit
2362 3394 2631 3459 alienam,
2680 3394 2742 3444 ut
2795 3393 3124 3444 nasceretur
3182 3388 3482 3457 propheta,
3545 3385 3637 3439 hic
3677 3388 3761 3438 est

2069 3485 2168 3558 qui
2216 3482 2444 3556 aperuit
2504 3480 2705 3535 matris
2762 3496 2878 3534 sua
2932 3478 3178 3541 vulvam,
3234 3480 3295 3529 ut
3354 3475 3761 3529 immaculatus

2071 3574 2266 3630 exiret.
2306 3571 2681 3641 Cessentjam
2730 3568 2901 3623 verba
2931 3576 3141 3633 nostra,
3180 3565 3276 3619 ubi
3324 3564 3467 3619 tanti
3513 3562 3763 3618 doctoris

2069 3662 2258 3718 verbis
2316 3660 2657 3715 instruimur
2711 3657 2849 3729 quid
2903 3657 2974 3711 de
3026 3654 3329 3710 Salvatoris
3384 3658 3513 3706 ortu
3552 3651 3763 3705 sentire

2071 3753 2401 3807 debeamus.
2437 3750 2563 3804 Non
2607 3746 2761 3801 enim
2794 3746 3074 3816 explicare
3131 3743 3404 3797 debemus
3435 3740 3569 3812 quid
3604 3739 3763 3793 dixe-

2072 3842 2165 3907 rit,
2200 3855 2331 3893 cum
2374 3837 2567 3911 potius
2600 3836 2887 3890 involvere
2933 3849 3106 3904 quam
3140 3831 3496 3885 manifestius
3542 3828 3765 3899 aperire

2075 3946 2353 4003 queamus
2383 3946 2395 3982 :
2426 3926 2537 3982 nisi
2567 3927 2709 3981 forte
2753 3924 2882 3996 quis
2938 3924 3080 3976 adeo
3138 3920 3294 3975 rudis
3343 3918 3639 3984 exstiterit,
3701 3922 3767 3971 ut

2073 4021 2301 4077 vulvam
2330 4019 2449 4074 fore
2481 4014 2814 4089 pudendum
2850 4011 3110 4066 mulieris
3140 4009 3388 4079 ignoret.

2731 4137 2952 4193 CAPUT
2992 4135 3106 4189 Vll.

2364 4245 2694 4300 Testimonia
2723 4258 2790 4297 ea:
2815 4243 3124 4311 Augustino
3156 4244 3207 4295 et
3233 4238 3483 4293 Hilario.

2140 4353 2415 4410 Procedat
2444 4352 2541 4406 sed
2594 4350 2652 4404 in
2707 4353 3077 4420 conspectum
3134 4345 3508 4417 Augustinus,
3562 4343 3767 4399 tlnvius

2078 4441 2443 4515 eloquentia,
2514 4443 2906 4510 perscrutator
2976 4442 3353 4500 secretorum,
3414 4435 3768 4488 occultorum

2078 4533 2362 4587 revelator
2391 4532 2788 4602 propugnator
2810 4526 3092 4590 Ecclesia,
3133 4524 3534 4579 hareticorum
3577 4522 3770 4576 debel-

2078 4622 2252 4687 iator;
2285 4624 2343 4674 et
2370 4618 2509 4691 quid
2542 4631 2712 4688 super
2742 4613 3048 4671 Salvatoris
3078 4613 3282 4666 sentiat
3328 4615 3533 4665 exortu
3577 4610 3768 4681 palam

2078 4712 2434 4783 proﬁteatur.
2469 4709 2531 4762 In
2563 4720 2827 4761 sermone
2882 4704 2950 4759 de
2982 4702 3166 4758 Natali
3224 4700 3470 4767 Domini,
3535 4700 3672 4754 dum
3702 4700 3771 4753 de

2081 4799 2360 4855 modestia
2412 4796 2680 4867 Virginis.
2740 4799 2796 4849 et
2827 4792 3076 4848 mirabili
3128 4790 3434 4847 Salvatoris
3491 4792 3769 4857 conceptu

2080 4891 2445 4956 declamaret,
2476 4886 2555 4939 sic
2582 4885 2662 4939 ait
2691 4900 2704 4939 :
2743 4905 2769 4933 «
2803 4882 3177 4939 Pronuntiato
3196 4896 3300 4953 per
3316 4879 3584 4949 angelum
3604 4879 3770 4946 partu

2081 4979 2252 5050 capit
2286 4977 2531 5031 Verbum
2563 4972 2822 5042 formari,
2854 4971 3221 5041 conceptione
3250 4967 3540 5036 colligitur
3571 4964 3629 5016 in
3661 4962 3771 5014 ho—

2084 5069 2238 5123 mine
2270 5067 2435 5133 Deus,
2469 5070 2523 5119 et
2558 5080 2688 5118 eum
2720 5061 2966 5117 sustinet
2992 5064 3189 5114 venter
3217 5058 3308 5112 cui
3340 5069 3547 5126 parvus
3588 5052 3775 5105 fuerat

2082 5155 2353 5220 mundus,
2386 5158 2443 5208 et
2477 5152 2623 5205 intra
2681 5149 2854 5204 breve
2909 5146 3155 5219 virginei
3211 5141 3466 5212 corporis
3524 5138 3773 5209 spatium

2082 5263 2188 5318 pro
2220 5242 2386 5299 nobis
2429 5248 2513 5296 est
2573 5240 2869 5294 incarnata
2922 5238 3216 5308 majestas;
3277 5230 3520 5286 fecunda
3559 5228 3776 5283 viscera

2084 5455 2210 5510 cod.
2246 5454 2387 5509 Dall.
2428 5454 2704 5520 Virginem
2732 5454 2781 5505 et
2801 5445 3170 5516 fecundatam,
3204 5441 3424 5496 editum
3457 5446 3625 5496 antea
3657 5445 3781 5495 erat

2083 5528 2351 5592 virginem
2390 5524 2798 5590 fecunditatem.

2155 5581 2325 5661 l’"Quo
2356 5581 2600 5661 mystico.
2634 5594 2838 5648 Totum
2869 5589 2977 5642 hoc
3009 5587 3265 5641 additum
3300 5588 3388 5639 est
3417 5600 3448 5638 e
3478 5582 3602 5637 cod.
3634 5581 3777 5634 Dall.
