4138 6194
388 308 456 361 95
1539 300 1902 357 RATRAMNI
1942 300 2069 357 (ΖοΕ

2180 300 2397 357 [ENSIS
2438 300 2749 358 MONACHI

3829 304 3898 356 96

389 436 573 493 Verbo
600 440 831 493 auctore
861 434 1206 503 tenduntur;
1242 433 1662 507 completisque
1695 450 1901 490 novem
1925 452 2085 490 men-
2116 440 2157 493 A
2197 436 2261 490 In
2294 435 2534 490 homilia
2562 438 2647 501 26,
2681 435 2819 490 dum
2848 435 3203 507 propositam
3235 435 3482 492 solveret
3512 438 3893 509 quaestionem

390 526 546 580 sibus
576 532 775 581 venter
806 525 1094 580 caelestem
1122 525 1418 580 hominem
1444 524 1592 579 fudit
1624 540 1636 579 :
1671 530 1870 579 uatum
1893 525 2083 579 Domi-

389 632 531 669 num
585 614 840 685 publicat
891 614 1183 684 angelicus
1214 630 1423 668 sermo.
1463 630 1488 665 ιο
1555 613 1830 684 Diligenti
1862 614 2081 669 descri-

388 704 582 773 ptione
612 718 783 775 quam
814 702 1147 756 brevissime
1177 706 1512 773 prosecutus
1543 707 1647 769 est,
1701 706 1757 755 et
1796 702 2077 773 principia

385 796 709 863 conceptus,
734 796 790 845 et
819 791 1309 845 constructionem
1340 790 1667 858 soliditatis,
1700 795 1757 844 et
1794 807 2079 862 augmen-

384 886 508 933 tum
537 879 809 951 corporis.
869 869 1146 934 Mensium
1176 894 1405 951 quoque
1462 878 1715 949 spatium
1771 896 1885 950 quo
1926 879 2078 934 intra

382 974 597 1023 secreta
620 968 832 1023 ventris
861 967 1141 1022 infantilis
1176 967 1391 1022 coaluit
1422 983 1734 1035 successus,
1779 967 1910 1021 inde
1940 982 2077 1036 pro-

381 1073 608 1127 gressus
636 1058 697 1110 in
724 1073 909 1123 auras,
943 1061 999 1111 et
1032 1057 1091 1111 in
1116 1056 1477 1111 nativitatem
1510 1056 1611 1111 Dei
1643 1055 1903 1127 angelica
1934 1072 2071 1109 con-

381 1146 662 1199 clamatio.
696 1146 832 1199 Vide
865 1145 1115 1217 profecto
1144 1145 1421 1217 quoniam
1448 1149 1505 1199 et
1563 1149 1903 1215 conceptum
1933 1143 2071 1198 dici-

379 1238 493 1300 tur,
526 1239 584 1288 et
621 1238 973 1303 concretum,
1024 1239 1080 1288 et
1110 1234 1322 1297 fusum,
1354 1233 1411 1288 id
1435 1237 1653 1289 estnon
1689 1250 1791 1304 per
1817 1232 2073 1304 peregri-

381 1338 512 1376 nam
538 1323 921 1394 irruptionem
953 1340 1269 1394 egressum,
1306 1324 1405 1378 sed
1436 1339 1539 1395 per
1565 1323 1915 1377 vestibulum
1944 1339 2074 1378 ven-

379 1411 483 1465 tris
513 1412 808 1483 virginalis
845 1411 1058 1466 fusum.

450 1501 590 1554 Item
648 1501 707 1554 in
764 1500 875 1555 alio
937 1516 1201 1555 sermone
1241 1517 1413 1572 Super
1470 1500 1669 1555 eadem
1727 1499 2068 1556 nativitate:

379 1607 407 1640 α
440 1589 612 1643 Natus
643 1606 780 1661 ergo
823 1590 1099 1644 Dominus
1134 1594 1328 1645 noster
1369 1607 1435 1645 ex
1466 1604 1636 1644 carne
1682 1590 1938 1660 quidem,
1972 1591 2069 1645 sed

376 1693 493 1732 non
525 1694 591 1732 ex
613 1679 980 1749 corruptione
1010 1679 1225 1734 carnali
1260 1684 1464 1733 :natus
1496 1683 1558 1733 ut
1587 1679 1782 1746 homo,
1816 1679 1914 1733 sed
1953 1695 2070 1733 non

375 1768 600 1837 genitus
635 1772 696 1821 ut
726 1768 919 1821 homo.
951 1769 1055 1834 zlta
1112 1769 1361 1838 suscepit
1413 1784 1666 1828 carnem.
1702 1772 1769 1822 ut
1821 1773 2071 1823 servaret

373 1856 687 1925 majestatis
735 1856 1053 1924 honorem;
1111 1861 1168 1911 et
1230 1857 1309 1911 sic
1381 1856 1706 1928 segregavit
1759 1856 2071 1927 puritatem

372 1943 685 1998 nativitatis
711 1960 828 1999 suae
878 1962 909 1999 a
958 1946 1279 2001 colluvione
1337 1946 1715 2000 coucretionis
1778 1945 2069 2000 humanae.

374 2033 601 2101 Peregit
627 2033 860 2103 quidem
889 2033 949 2087 in
980 2039 1105 2088 ortu
1138 2052 1239 2089 suo
1276 2035 1510 2104 plenam
1550 2033 1802 2088 hominis
1833 2033 2073 2103 dispen-

375 2120 676 2185 sationem,
711 2121 807 2174 sed
841 2122 941 2174 Dei
969 2126 1163 2175 tamen
1196 2138 1313 2175 non
1341 2121 1593 2175 deseruit
1647 2122 2006 2192 dignitatem.
2046 2143 2067 2170 ι

375 2208 542 2262 Vides
573 2226 603 2260 a
631 2208 796 2262 docto
829 2208 949 2263 viro
1009 2215 1066 2263 et
1123 2210 1481 2264 divinitatem
1539 2210 1665 2265 Filii
1712 2210 1830 2276 Dei,
1866 2215 1923 2264 et
1958 2211 2064 2264 hu-

377 2311 561 2349 manae
593 2295 904 2351 nativitatis
935 2297 1198 2352 ordinem
1232 2297 1544 2368 designari.
1580 2298 1718 2353 Dicit
1749 2297 1903 2352 enim
1938 2315 2070 2353 eum

378 2388 678 2440 uatum~cx
698 2402 888 2453 carne,
936 2386 1151 2441 scilicet
1180 2387 1251 2441 de
1292 2387 1566 2441 membris
1600 2392 1656 2442 et
1709 2388 2071 2442 humanitate

378 2473 633 2544 virginis,
666 2474 791 2545 lege
822 2474 1057 2545 quidem
1112 2476 1320 2543 carnis,
1366 2476 1462 2530 sed
1493 2481 1703 2547 praeter
1753 2476 2071 2547 corruptio-

376 2578 511 2616 nem
564 2563 778 2629 carnis;
839 2569 1020 2634 utque
1077 2564 1435 2618 manifestius
1471 2565 1621 2636 ﬁquid
1673 2565 1882 2619 dicitur
1932 2565 2069 2634 lani-

374 2651 715 2715 madvertas,
754 2652 871 2706 ait:
907 2674 928 2701 ι
968 2654 1143 2707 Natus
1180 2658 1242 2707 ut
1271 2654 1466 2721 homo,
1520 2654 1619 2707 sed
1664 2669 1781 2708 non
1839 2654 2071 2722 genitus

374 2744 438 2794 ut
481 2739 677 2796 homo.
716 2741 944 2809 u;Cerne
971 2757 1143 2812 quam
1193 2742 1528 2813 plenissime
1565 2743 1875 2797 nativitatis
1908 2744 2068 2799 Chri-

375 2828 449 2882 sti
502 2829 841 2901 mysterium
898 2831 1173 2885 reseravit
1206 2847 1219 2884 z
1248 2831 1345 2885 Ait
1389 2847 1640 2903 namque
1674 2849 1686 2887 :
1724 2850 1752 2884 α
1783 2833 1960 2887 Natus
2007 2838 2072 2886 ut

374 2915 571 2982 homo,
605 2917 702 2971 sed
738 2934 849 2972 non
890 2919 1120 2988 genitus
1170 2924 1231 2972 ut
1273 2920 1467 2974 homo.
1509 2942 1530 2968 ι
1565 2920 1709 2985 Quid
1740 2924 1841 2988 est,
1902 2926 2070 2975 natus

375 3008 442 3057 ut
466 3005 663 3059 homo.
703 3006 846 3070 Quia
879 3023 983 3077 per
1008 3008 1252 3074 vulvam,
1278 3024 1383 3078 per
1401 3025 1575 3079 quam
1603 3011 1855 3064 nascitur
1884 3010 2070 3064 omnis

373 3091 568 3161 homo,
599 3094 668 3149 de
694 3095 931 3166 virginis
962 3101 1125 3151 utero
1161 3113 1423 3169 egressus
1453 3102 1550 3153 est.
1583 3100 1647 3153 Et
1663 3099 1801 3170 quid
1831 3104 1914 3153 est
1954 3116 2071 3154 non

375 3182 604 3253 genitus
627 3187 687 3237 ut
716 3183 932 3241 homo?
965 3186 1248 3251 Quoniam
1279 3203 1394 3241 nou
1427 3187 1496 3241 de
1535 3188 1753 3243 semine
1812 3188 1941 3256 viri,
1972 3189 2071 3245 sed

373 3270 443 3325 de
470 3270 688 3342 Spiritu
710 3277 904 3327 sancto
949 3279 1034 3328 est
1068 3274 1421 3329 incarnatus.
1486 3277 1592 3329 Fac
1650 3280 1715 3329 ut
1756 3292 1871 3330 non
1899 3275 2073 3329 fuerit

375 3374 638 3431 egressus
668 3377 772 3430 per
817 3362 1027 3415 ostium
1074 3363 1307 3430 ventris,
1341 3379 1458 3416 non
1515 3364 1624 3417 erit
1679 3379 1877 3417 verum
1918 3363 2071 3433 quod

375 3452 544 3501 natus
568 3448 743 3502 fuerit
765 3453 830 3502 ut
858 3449 1033 3503 homo
1064 3466 1076 3503 :
1111 3451 1210 3503 sed
1238 3454 1406 3503 natus
1436 3455 1521 3503 est
1551 3456 1615 3504 ut
1652 3451 1847 3520 homo,
1897 3451 2073 3521 igitur

374 3550 477 3603 per
506 3534 719 3588 ventris
742 3536 974 3603 ostium,
1002 3536 1058 3590 id
1089 3546 1173 3592 est
1205 3539 1452 3605 vulvam,
1485 3543 1654 3592 natus
1684 3544 1786 3593 est.

446 3621 713 3687 Hilarius,
747 3623 834 3675 vir
873 3624 1149 3678 virtutum
1196 3625 1455 3679 omnium
1484 3630 1654 3697 atque
1702 3631 2070 3681 ornamento-

372 3723 524 3775 rum,
556 3715 611 3763 et
639 3711 783 3765 sicut
812 3710 926 3765 vita
976 3711 1057 3767 ita
1096 3713 1268 3768 etiam
1336 3713 1667 3785 eloquentia
1715 3716 1981 3785 insignis,
2008 3716 2066 3769 in

372 3796 519 3853 libro
548 3799 702 3854 Fidei
732 3801 981 3855 secundo
1017 3802 1104 3873 (de
1153 3803 1427 3859 Trinitate
1453 3804 1549 3859 lib.
1579 3822 1637 3872 ιι,
1699 3805 1804 3860 sub
1842 3806 2015 3876 med.)
2052 3822 2065 3859 :

379 3909 400 3936 ι
440 3888 594 3943 Unus
626 3889 960 3961 unigenitus
1001 3892 1148 3946 Deus
1200 3892 1260 3947 in
1302 3894 1625 3965 corpusculi
1671 3894 1911 3948 humani
1958 3894 2067 3948 for-

372 3992 526 4031 mam
553 3984 763 4033 sanctaa
821 3980 1071 4052 Virginis
1130 3985 1289 4034 utero
1346 3981 1593 4037 insertus
1642 3983 1929 4037 accrescit.
1961 3983 2068 4048 Qui

373 4065 569 4119 omnia
594 4067 872 4135 continet,
908 4073 964 4122 et
1010 4070 1160 4122 intra
1190 4086 1361 4141 quem
1394 4076 1448 4124 et
1480 4087 1582 4139 per
1639 4087 1809 4141 quem
1866 4077 2069 4126 cuncta

373 4159 508 4207 sunt
536 4154 775 4209 humani
823 4162 1021 4227 partus
1053 4159 1179 4228 lege
1227 4158 1532 4228 profertur.
1566 4179 1593 4209 »
1644 4160 1818 4215 Docet
1847 4176 1978 4215 eum
2013 4165 2069 4215 et

372 4242 625 4311 corporis
656 4243 916 4298 habitum
961 4261 1029 4299 ex
1079 4246 1310 4316 Virgine
1340 4251 1395 4300 et
1427 4246 1581 4302 intra.
1640 4248 1928 4319 Virginem
1976 4248 2067 4303 in-

2188 524 2344 596 quod
2373 541 2581 595 corpus
2627 524 2994 579 Dominicum
3056 529 3111 579 et
3142 541 3342 580 verum
3372 525 3503 593 fuit,
3569 532 3626 581 et
3676 528 3889 583 clausis

2181 614 2375 683 januis
2404 614 2475 667 ad
2506 613 2819 676 discipulos
2850 613 3135 682 introivit,
3167 614 3267 668 tali
3299 614 3404 669 sub
3437 616 3697 687 exemplo
3731 632 3890 671 com-

2188 702 2471 773 probavit.
2510 724 2531 751 ι
2568 702 2713 757 Illud
2771 702 2926 757 enim
2981 719 3189 773 corpus
3243 703 3469 758 Domini
3524 705 3784 759 introivit
3820 706 3889 761 ad

2188 790 2494 862 discipulos
2524 791 2719 861 januis
2749 791 2976 860 clausis,
3012 791 3167 863 quod
3201 791 3464 848 videlicet
3495 793 3567 847 ad
3596 794 3886 849 humanos

2188 880 2382 934 oculos
2414 896 2516 950 per
2562 880 2915 934 nativitatem
2973 896 3136 935 suam
3194 881 3386 934 clauso
3438 881 3573 935 exiit
3629 886 3818 936 utero.
3854 902 3881 935 ι)

2188 967 2408 1023 Dicitur
2432 968 2589 1040 quod
2629 966 3120 1040 quemadmodum
3171 970 3448 1024 Dominus
3495 971 3659 1025 Jesus
3714 970 3885 1026 Chri-

2186 1060 2305 1111 stus
2334 1064 2463 1128 post
2480 1057 2911 1112 resurrectionis
2938 1058 3186 1128 gloriam
3214 1074 3344 1113 cum
3363 1060 3620 1130 corporis
3645 1060 3885 1114 veritate

2185 1145 2561 1200 diversorium
2609 1146 3043 1216 discipulorum,
3105 1163 3223 1201 non
3277 1164 3380 1218 per
3429 1148 3736 1218 parietem,
3778 1164 3886 1203 nec

2182 1249 2285 1304 per
2316 1233 2553 1304 postica,
2583 1234 2680 1289 sed
2710 1250 2813 1305 per
2835 1236 3095 1305 januam,
3130 1252 3252 1290 non
3304 1241 3499 1291 tamen
3547 1242 3883 1305 reseratam,

2180 1321 2470 1393 ingressus
2499 1328 2604 1390 est,
2659 1324 2738 1378 ita
2785 1324 2854 1378 de
2921 1324 3122 1378 matris
3181 1324 3306 1379 alvo
3357 1326 3689 1396 procedens,
3765 1343 3887 1382 non

2182 1411 2435 1481 aliunde,
2465 1412 2564 1466 sed
2583 1428 2687 1483 per
2719 1413 2962 1481 vulvam,
2988 1413 3239 1469 clausam
3269 1417 3485 1484 tamen,
3518 1415 3707 1470 exivit.
3737 1416 3886 1471 Dicis

2179 1499 2325 1555 forte
2355 1500 2561 1555 clausis
2589 1501 2658 1555 ad
2684 1501 2993 1572 discipulos
3011 1502 3205 1571 januis
3238 1502 3551 1557 Dominum
3579 1503 3881 1575 liutroisse,

2181 1605 2295 1643 non
2320 1593 2515 1643 tamen
2554 1605 2658 1659 per
2690 1590 2875 1643 locum
2914 1590 3250 1661 jauuarum,
3302 1592 3400 1646 sed
3430 1608 3534 1662 per
3564 1608 3885 1663 quamcun-

2179 1693 2289 1749 que
2321 1683 2652 1749 penetrasse
2680 1683 2923 1749 partem.
2962 1679 3155 1734 Primo
3183 1679 3318 1752 quid
3362 1681 3432 1736 ad
3464 1681 3728 1736 divinum
3772 1683 3883 1737 mi-

2180 1767 2440 1821 raculum
2487 1772 2703 1838 spectat
2748 1768 2956 1821 clausis
3011 1768 3169 1822 ostiis
3217 1769 3451 1823 aliunde
3505 1768 3884 1841 ingressum?

2180 1858 2293 1911 Aut
2323 1856 2462 1927 quid
2488 1857 2728 1927 dignum
2763 1856 3129 1928 evangelista:
3175 1858 3703 1927 commendatione,
3746 1862 3882 1916 inde

2181 1944 2447 1999 introisse
2474 1945 2919 2013 Dominatorem,
2948 1961 3051 2016 per
3075 1946 3226 2016 quod
3244 1946 3514 2018 quislibet
3555 1946 3884 2019 ingressum

2181 2034 2289 2088 sibi
2329 2038 2554 2105 poterat
2603 2035 2855 2106 reperire
2905 2034 3279 2089 mortalium?
3307 2038 3425 2089 Aut
3481 2036 3881 2108 Omnipoteuti

2182 2122 2229 2176 si
2244 2122 2385 2177 nihil
2409 2139 2530 2178 esse
2547 2124 2804 2178 clausum
2819 2124 3012 2195 quiret
3031 2124 3103 2178 ad
3117 2123 3444 2191 introitum,
3467 2141 3568 2180 cur
3580 2142 3702 2182 non
3726 2127 3881 2182 idem

2180 2228 2354 2282 super
2366 2213 2679 2283 januarum
2721 2213 2881 2267 aditu
2912 2212 3279 2283 suscipiatur,
3320 2217 3385 2268 ut
3410 2218 3466 2268 et
3508 2214 3620 2269 illis
3648 2215 3880 2285 clausis,

2182 2305 2434 2355 attamen
2464 2318 2565 2356 suo
2594 2302 2866 2357 adventui
2888 2302 3153 2356 reseratis
3182 2302 3252 2356 ad
3286 2302 3597 2373 discipulos
3627 2304 3880 2360 forctiu-

2181 2405 2408 2461 gressus
2431 2390 2458 2444 ?
2490 2390 2597 2445 Sed
2627 2390 2763 2461 quid
2792 2390 3167 2462 respondebis
3206 2391 3274 2445 de
3304 2393 3586 2462 sepulcro,
3619 2394 3879 2463 quando-

2181 2478 2413 2548 quidem
2429 2495 2545 2532 nou
2566 2480 2748 2533 solum
2771 2479 2986 2544 clauso,
3004 2494 3205 2533 verum
3228 2479 3402 2533 etiam
3431 2481 3734 2551 obsignato
3753 2481 3870 2546 illo,

2178 2584 2386 2638 corpus
2408 2568 2726 2622 redivivum
2755 2567 3013 2638 reposuit
3043 2569 3148 2623 sub
3173 2568 3375 2621 auras?
3408 2572 3493 2622 An
3520 2569 3671 2623 dices
3718 2570 3878 2641 quod

2179 2661 2355 2711 tanta;
2400 2657 2728 2711 subtilitatis
2783 2673 2992 2729 corpus
3044 2657 3189 2711 illud
3245 2657 3563 2712 substiterit
3610 2660 3764 2725 Jesu,
3820 2664 3881 2713 ut

2175 2745 2405 2800 tenuius
2434 2746 2638 2807 ventis,
2680 2746 2882 2800 exilius
2914 2762 3044 2800 aere
3074 2745 3411 2817 nequiverit
3438 2748 3647 2801 tumuli
3687 2748 3878 2818 parie-

2178 2833 2330 2887 tibus
2359 2833 2650 2887 coerceri?
2680 2834 2783 2888 Sed
2834 2849 3166 2904 quanquam
3198 2834 3271 2888 sit
3299 2834 3548 2905 impium
3600 2835 3709 2889 ista
3740 2852 3879 2890 seu-

2176 2922 2286 2975 tire
2316 2922 2386 2975 de
2426 2921 2728 2976 Salvatoris
2758 2937 3013 2991 corpore,
3059 2938 3190 2977 cum
3220 2928 3351 2994 post
3394 2924 3878 2979 resurrectionem

2101 3042 2141 3098 ρ
2180 3010 2386 3064 dixerit
2447 3010 2515 3064 ad
2575 3010 2883 3081 discipulos
2916 3026 3020 3089 χε
3072 3011 3305 3082 Palpate
3329 3017 3385 3066 et
3440 3013 3630 3067 videte
3696 3014 3870 3085 spiri-

2184 3104 2274 3153 tus
2305 3114 2533 3153 carnem
2567 3103 2623 3152 et
2652 3115 2779 3153 ossa
2807 3116 2926 3153 non
2954 3078 3169 3167 'habet,
3202 3100 3351 3154 sicut
3399 3116 3489 3155 me
3536 3102 3745 3156 videtis
3774 3103 3876 3157 ha-

2180 3188 2315 3243 bere
2351 3204 2363 3241 :
2406 3209 2426 3236 ι
2462 3192 2518 3242 et
2548 3193 2756 3242 natura
2786 3203 2903 3242 non
2927 3188 3144 3259 patitur
3172 3193 3232 3241 ut
3262 3193 3317 3241 et
3347 3189 3562 3244 ossium
3595 3195 3653 3245 et
3682 3190 3873 3245 carnis

2182 3277 2466 3331 soliditate
2497 3277 2766 3331 duratum
2808 3276 2881 3330 sit
2910 3292 3192 3344 crassum;
3243 3282 3301 3331 et
3328 3278 3663 3333 subtilitatis
3709 3280 3877 3335 exili-

2181 3369 2295 3419 tate
2328 3366 2633 3418 deductum
2661 3365 2736 3417 sit
2768 3369 2938 3419 tenue
2968 3381 2980 3418 :
3016 3381 3120 3418 nec
3159 3366 3434 3420 catholica
3481 3367 3622 3421 ﬁdes
3654 3374 3875 3423 natura:

2181 3455 2435 3525 corporis
2464 3459 2562 3508 aut
2586 3455 2848 3525 qualitati
2878 3455 3113 3509 ascribit
3157 3456 3310 3526 quod
3366 3457 3625 3511 clausum
3672 3460 3879 3514 exierit

2180 3544 2526 3613 sepulcrum,
2579 3544 2731 3613 quod
2788 3544 3063 3598 obseratis
3109 3543 3327 3598 foribus
3374 3548 3762 3616 penetraverit
3801 3550 3875 3603 ad

2179 3631 2507 3700 discipulos,
2542 3632 2638 3686 sed
2684 3631 3005 3686 Divinitatis
3036 3634 3310 3703 potentia:
3354 3640 3409 3688 et
3435 3636 3876 3691 resurrectionis

2179 3721 2399 3790 glorim.
2456 3720 2728 3792 Alioquin
2759 3736 2878 3774 non
2936 3721 3046 3775 erit
3083 3722 3205 3790 jam
3263 3722 3603 3778 miraculum
3639 3724 3876 3779 Deitatis

2178 3810 2587 3864 commendans
2619 3810 2861 3880 insigne,
2897 3810 3052 3880 quod
3080 3814 3298 3865 natura:
3329 3812 3550 3867 ratione
3584 3813 3877 3867 tenebitur

2179 3898 2490 3953 astrictum.
2558 3900 2824 3952 Attamen
2892 3898 3259 3952 concedimus
3297 3900 3540 3970 etiista,
3601 3901 3876 3972 [quamvis

2177 3986 2375 4056 impia,
2410 3986 2668 4057 quamvis
2698 3991 2897 4040 contra
2927 3986 3120 4042 ﬁdem.
3160 3988 3431 4059 Nunquid
3459 4005 3577 4043 non
3612 3990 3767 4045 idem
3799 3991 3870 4044 de

2170 4075 2361 4146 januis
2389 4074 2749 4129 conﬁteberis
2797 4074 3041 4128 clausis?
3074 4076 3240 4138 Velis,
3278 4078 3447 4144 nolis,
3488 4079 3618 4143 glioc
3666 4080 3875 4149 laqueo

2176 4164 2509 4234 illigaberis.
2566 4165 2715 4232 Ergo
2747 4162 2921 4217 exivit
2965 4164 3157 4218 clauso
3216 4167 3501 4236 sepulcro,
3561 4172 3619 4221 et
3647 4168 3871 4239 ingres-

2177 4268 2271 4305 sus
2299 4252 2515 4306 foribus
2540 4252 2834 4307 obseratis.
2861 4254 3239 4308 Tautumdem
3272 4255 3449 4324 igitur
3471 4255 3603 4310 licet
3634 4256 3869 4324 invitus,

374 4328 587 4398 duisse,
622 4332 795 4399 etide
846 4349 1005 4388 more
1059 4335 1374 4389 nativitatis
1430 4336 1715 4404 humanm,
1772 4336 2064 4409 virginalis
2096 4343 2138 4397 D
2175 4340 2309 4395 licet
2336 4342 2636 4407 resultans,
2683 4341 2949 4396 concedis
3004 4342 3271 4413 virginali
3318 4344 3518 4410 vulvas,
3571 4360 3675 4399 nec
3705 4344 3871 4401 intir-

373 4417 554 4471 vulvae
586 4425 915 4488 penetrasse
943 4428 1175 4477 secreta.
1210 4424 1588 4481 Commutatis
1618 4425 1904 4497 siquidem
1938 4443 2065 4481 ver-

372 4504 459 4559 bis
487 4506 642 4561 idem
675 4509 825 4579 quod
897 4512 1065 4565 Pater
1115 4514 1474 4583 Augustinus
1512 4518 1863 4585 protestetur
1896 4532 1908 4570 :
1968 4516 2065 4570 ille

373 4610 622 4665 namque
655 4598 807 4666 quod
832 4604 1000 4652 natus
1034 4599 1106 4653 sit
1148 4605 1215 4653 ut
1240 4600 1416 4655 homo
1467 4602 1837 4670 testiﬁcatur;
1870 4606 1927 4656 at
1956 4602 2065 4658 iste

373 4680 528 4750 quod
557 4681 797 4738 humani
826 4690 1021 4755 partus
1052 4687 1177 4757 lege
1202 4689 1462 4758 prolatus
1489 4694 1592 4759 est,
1618 4689 1888 4744 intonuit.
1921 4691 2066 4756 Qua-

370 4771 540 4823 tenus
570 4776 812 4842 uterque
838 4773 977 4829 dum
1011 4776 1319 4831 Salvatoris
1356 4793 1691 4848 processum
1729 4779 1798 4834 de
1832 4778 2065 4851 Virgine

372 4871 622 4912 consona
651 4858 957 4929 Scripturis
989 4862 1163 4916 sacris
1198 4880 1331 4918 voce
1372 4865 1735 4935 proﬁtentur,
1770 4872 1826 4921 et
1859 4868 2065 4923 veritas

373 4945 666 5013 doceatur,
695 4952 750 5001 et
780 4947 998 5003 falsitas
1026 4951 1358 5007 subruatur.

1006 5074 1232 5130 CAPUT
1280 5077 1422 5132 VIII.

584 5178 711 5232 Item
732 5193 799 5232 ea:
830 5179 1090 5248 Gregorio
1114 5196 1267 5251 papa
1292 5185 1342 5236 et
1362 5184 1659 5239 venerabili
1683 5186 1847 5241 Beda.

443 5302 513 5355 Ut
543 5307 733 5356 autem
768 5304 958 5358 nullus
982 5305 1306 5360 adversario
1329 5307 1488 5361 locus
1529 5310 1889 5381 relinquatur
1922 5328 2065 5367 con—

372 5390 746 5456 tradictionis,
799 5393 1065 5463 procedat
1123 5395 1183 5449 in
1232 5396 1489 5451 medium
1547 5399 1873 5469 Gregorius,
1936 5418 2062 5472 spe-

373 5478 562 5532 culum
594 5480 931 5548 sanctitatis,
963 5482 1256 5554 eloquium
1286 5486 1551 5554 lacteum,
1589 5487 1788 5558 regula
1813 5505 2061 5555 morum,

373 5571 431 5621 et
460 5568 741 5623 Dominici
773 5575 971 5642 partus
1002 5574 1329 5645 genituram
1356 5574 1544 5631 verbis
1574 5577 1776 5632 doceat
1792 5579 2065 5633 veritatis.

2174 4430 2342 4497 mior,
2376 4446 2480 4484 nec
2506 4430 2881 4485 inhumanior
2906 4432 3140 4502 superni
3166 4432 3419 4486 numinis
3438 4434 3631 4502 proles
3653 4436 3873 4489 exstitit

2173 4518 2321 4572 circa
2352 4523 2625 4573 maternm
2656 4520 2905 4574 claustra
2944 4521 3151 4586 vulvae,
3186 4525 3250 4574 ut
3301 4526 3359 4575 et
3410 4522 3659 4576 clausam
3692 4524 3873 4577 relin-

2174 4613 2398 4679 queret,
2431 4614 2489 4663 et
2514 4625 2617 4680 per
2647 4625 2775 4664 eam
2816 4611 3105 4679 transiret,
3137 4611 3628 4682 quemadmodum
3662 4614 3872 4666 tumuli

2174 4696 2261 4750 sui
2288 4696 2471 4767 signa,
2503 4702 2559 4751 et
2602 4697 3018 4768 discipulorum
3050 4699 3256 4753 domus
3300 4700 3509 4753 ostium
3541 4701 3629 4754 vel
3673 4701 3870 4768 exivit,

2173 4788 2259 4841 vel
2292 4785 2570 4853 introivit,
2603 4803 2706 4840 nec
2736 4788 3082 4842 transeundo
3121 4788 3405 4859 patefecit.

2246 4873 2415 4941 Beda,
2463 4876 2756 4946 presbyter
2784 4877 3151 4947 Angelorum,
3185 4876 3392 4930 Christi
3411 4876 3735 4933 membrum
3755 4895 3872 4933 non

2172 4961 2502 5033 reprobum,
2534 4962 2603 5016 de
2631 4962 2736 5016 hac
2766 4964 3085 5034 quaestione
3130 4980 3249 5017 non
3298 4964 3636 5020 dissimilem
3699 4984 3871 5038 supe—

2172 5050 2418 5106 rioribus
2449 5050 2665 5121 profert
2716 5053 3059 5108 sententiam
3114 5054 3175 5108 in
3227 5054 3653 5110 Commentario
3706 5057 3871 5111 Luca:

2173 5137 2253 5207 (in
2291 5154 2412 5208 cap.
2447 5138 2529 5209 ιι),
2591 5139 2729 5194 dum
2778 5141 2848 5195 de
2905 5139 3212 5195 Salvatoris
3271 5140 3566 5197 nativitate
3620 5148 3676 5196 et
3702 5152 3867 5214 partu

2171 5227 2409 5298 virginis
2435 5228 2792 5299 loqueretur,
2846 5228 2925 5282 sic
2956 5229 3080 5284 ait:
3115 5251 3137 5279 α
3191 5230 3352 5294 Quod
3403 5235 3595 5285 autem
3662 5233 3867 5288 Filium

2173 5332 2339 5371 suum
2364 5316 2815 5387 primogenitum
2848 5317 3018 5371 Maria
3043 5320 3328 5389 peperisse
3357 5319 3716 5384 describitur,
3751 5339 3867 5376 non

2164 5406 2326 5476 juxta
2358 5405 2681 5460 Helvidium
2709 5405 2875 5459 nobis
2905 5406 3302 5478 accipiendum
3325 5412 3429 5477 est,
3463 5409 3604 5463 alios
3636 5427 3868 5482 quoque

2172 5491 2320 5546 ﬁlios
2351 5507 2476 5545 eam
2532 5507 2881 5561 procreasse,
2916 5494 3080 5564 quasi
3136 5500 3389 5567 nequeat
3435 5497 3869 5570 primogenitus

2171 5580 2304 5647 dici,
2334 5580 2444 5634 nisi
2485 5579 2587 5652 qui
2638 5580 2847 5637 habeat
2887 5582 3112 5652 fratres,
3150 5585 3298 5641 sicut
3344 5602 3459 5641 non
3509 5587 3869 5659 unigenitus,
