4138 6186
256 277 322 330 97

1453 274 1656 332 LIBER
1695 276 1786 332 DE
1828 274 2244 334 NATIVITATE
2285 277 2581 333 CHRISTI.

3698 283 3765 335 98

254 407 371 462 nisi
404 407 504 479 qui
540 412 691 462 caret
730 406 1023 474 fratribus,
1063 406 1204 462 solet
1237 406 1516 476 appellari
1550 424 1562 460 :
1599 407 1734 478 quia
1778 409 1834 461 et
1872 410 1955 461 te-
1986 410 2030 463 Α
2071 424 2201 462 nem
2228 407 2346 462 viro
2378 425 2479 462 suo
2510 407 2769 479 nupsisse
2800 412 2931 479 post
2968 413 3217 479 partum.
3252 429 3279 460 »
3331 410 3614 465 Hactenus
3638 411 3755 466 haz-

255 495 600 550 stimonium
633 496 791 566 legis,
824 500 881 549 et
910 499 1104 566 aperta
1132 495 1276 549 ratio
1309 495 1558 550 declarat
1596 511 1793 548 omnes
1822 495 1953 548 uui-

254 585 506 656 genitos,
539 585 711 639 etiam
740 584 1173 655 primogenitos,
1206 601 1319 638 non
1367 589 1557 638 autem
1588 600 1788 637 omnes
1829 584 1954 654 pri-

253 676 580 745 mogenitos
630 674 801 728 etiam
852 673 1177 744 uuigenitos
1231 690 1394 744 posse
1444 674 1650 728 vocari.
1708 674 1823 727 Hoc
1869 676 1955 727 est

252 779 371 816 non
406 764 594 817 solum
625 762 1075 833 primogenitum
1110 767 1237 833 post
1266 779 1439 834 quem
1473 762 1589 831 alii,
1624 762 1724 816 sed
1754 778 1953 817 omnes

250 857 569 924 antequam
610 852 802 906 nullus
830 868 859 907 e
892 852 1059 905 vulva
1090 852 1450 922 processerit.
1508 852 1765 923 Denique
1818 853 1952 923 quia

246 957 420 995 omne
454 941 837 996 masculinum
870 942 1022 1012 quod
1055 942 1239 1011 aperit
1263 943 1510 1009 vulvam,
1548 946 1807 996 sanctum
1840 942 1950 995 Do-

244 1030 408 1084 mino
439 1031 632 1085 vocari
675 1031 1033 1102 praecipitur,
1066 1030 1183 1085 sive
1213 1030 1417 1085 fratres
1466 1035 1802 1102 sequantur,
1835 1030 1951 1085 sive

244 1135 365 1173 non
392 1126 730 1191 sequantur,
764 1120 916 1191 quod
943 1121 1197 1191 primum
1238 1121 1308 1175 de
1329 1122 1496 1174 vulva
1522 1121 1793 1187 nascitur,
1829 1120 1948 1190 pri-

242 1209 527 1280 mogeniti
594 1214 675 1264 est
716 1209 849 1280 jure
910 1209 1377 1263 consecrandum.
1432 1228 1460 1260 »
1512 1209 1608 1263 His
1660 1208 1847 1263 verbis
1895 1214 1951 1263 et

242 1298 640 1368 virginitatem
672 1298 927 1353 defendit
970 1298 1178 1365 Mariae,
1208 1303 1264 1353 et
1293 1298 1534 1353 humani
1586 1302 1783 1368 partus
1822 1298 1949 1370 lege

243 1386 556 1443 Salvatoris
586 1387 845 1441 insinuat
874 1391 1084 1440 ortum.
1127 1387 1268 1440 Nam
1330 1387 1468 1441 dum
1526 1385 1948 1456 primogenitus

242 1482 300 1530 et
354 1475 693 1545 unigenitus
743 1474 1104 1546 perdocetur,
1142 1474 1346 1529 fratres
1385 1490 1518 1529 eum
1578 1474 1791 1529 habere
1840 1491 1947 1545 po-

241 1564 423 1619 tuisse
475 1570 853 1630 monstratur,
921 1565 1071 1634 quod
1124 1578 1493 1635 nequaquam
1551 1567 1777 1634 poterat
1826 1579 1947 1617 esse

241 1669 467 1719 verum,
501 1656 549 1706 si
597 1652 855 1707 Christus
908 1654 1163 1707 humana
1203 1658 1372 1706 natus
1425 1668 1543 1705 non
1574 1651 1748 1705 fuerit
1798 1652 1942 1723 lege.

242 1744 355 1797 Nec
386 1743 546 1796 enim
578 1742 783 1796 merito
814 1746 948 1795 tunc
978 1742 1064 1796 vel
1096 1741 1532 1812 primogenitus,
1566 1742 1653 1795 vel
1680 1741 1944 1811 unigeni-

241 1836 336 1885 tus
366 1831 679 1897 diceretur,
732 1830 867 1901 quia
897 1847 1012 1884 non
1070 1830 1318 1900 genitus,
1357 1830 1584 1899 genitus
1613 1834 1825 1895 autem,
1863 1834 1948 1884 est

242 1920 562 1974 nativitatis
593 1920 861 1974 humanae
885 1920 1011 1989 lege
1040 1920 1319 1989 prolatus,
1352 1919 1473 1983 Qua
1503 1919 1571 1972 de
1597 1934 1658 1971 re
1688 1918 1948 1974 Christus

243 2026 364 2063 non
416 2014 503 2064 est
551 2014 721 2062 natus
772 2011 917 2063 sicut
946 2009 1144 2076 homo,
1194 2024 1300 2062 nec
1347 2008 1394 2061 si
1432 2007 1725 2078 genuisset
1776 2007 1948 2061 Maria

243 2102 457 2168 praeter
514 2097 828 2159 Christum,
893 2097 1148 2166 potuisse
1214 2095 1471 2151 Christus
1526 2096 1947 2166 primogenitus

244 2187 469 2253 vocari;
515 2185 795 2257 quoniam
852 2202 973 2240 non
1028 2190 1171 2240 esset
1222 2184 1473 2254 genitus,
1525 2185 1621 2239 sed
1680 2185 1947 2239 adversus

236 2276 376 2345 jura
416 2282 641 2330 natura:
670 2275 759 2329 vel
793 2274 1025 2346 ejectus,
1068 2275 1155 2328 vel
1185 2290 1466 2344 egressus.
1512 2274 1673 2327 Nunc
1702 2289 1836 2328 vero
1891 2278 1949 2328 et

244 2364 391 2436 legis
425 2365 782 2430 auctoritate,
814 2368 867 2418 et
904 2363 1197 2433 Evangelii
1230 2362 1468 2417 veritate
1499 2362 1589 2416 hic
1626 2362 1826 2416 doctor
1850 2362 1947 2416 in-

242 2458 471 2508 tructus
500 2452 851 2523 dogmatizat
877 2453 1069 2506 Iesum
1116 2450 1575 2522 primogenitum
1628 2466 1801 2505 sacrm
1832 2452 1949 2505 Vir-

240 2543 415 2613 ginis,
446 2542 723 2613 quoniam
750 2546 807 2595 et
837 2541 1056 2611 primus
1095 2545 1151 2594 et
1177 2540 1331 2594 solus
1361 2546 1530 2594 natus
1560 2544 1643 2594 est
1664 2556 1728 2594 ex
1754 2556 1822 2595 ea
1845 2540 1948 2594 hu-

241 2632 402 2686 mani
443 2636 643 2701 partus
668 2632 827 2701 jure;
872 2628 1149 2701 quoniam
1198 2629 1480 2683 nascendo
1539 2630 1765 2700 aperuit
1824 2630 1947 2685 vul-

239 2737 392 2787 vam,
427 2736 549 2775 non
597 2725 660 2773 ut
715 2719 1011 2773 violaverit
1067 2718 1216 2772 uteri
1245 2718 1549 2788 pudorem,
1585 2734 1785 2773 verum
1835 2735 1947 2789 quo

239 2826 346 2881 per
374 2809 665 2879 signatam
691 2813 750 2862 et
776 2808 1176 2861 intemeratam
1209 2806 1547 2877 procederet
1571 2804 1833 2877 januam,
1878 2808 1947 2862 de

240 2903 461 2953 secreto
488 2898 705 2951 ventris
736 2898 806 2951 ad
846 2897 1129 2950 humanos
1160 2896 1376 2950 oculos.
1411 2897 1476 2950 Et
1525 2896 1736 2952 idcirco
1794 2898 1949 2969 quod

242 2989 469 3059 primus
508 2987 581 3041 de
619 2987 786 3041 vulva
816 2990 981 3040 natus
1028 2990 1133 3054 est,
1179 2985 1555 3057 primogeniti
1579 2986 1710 3056 jure
1748 3003 1944 3041 conse-

242 3079 458 3127 cratur.
507 3073 709 3128 Nescio
752 3074 888 3145 quid
945 3074 1194 3145 amplius
1253 3076 1325 3129 ad
1386 3075 1559 3146 hujus
1613 3076 1946 3147 quaestionis

242 3162 783 3234 comprobationem
843 3180 1150 3234 congerere
1198 3165 1273 3219 sit
1302 3165 1688 3220 necessarium
1741 3170 1936 3220 testes.

241 3253 347 3306 Tot
371 3252 530 3306 enim
561 3257 615 3305 et
644 3256 762 3306 tam
790 3268 1015 3323 magnae
1045 3253 1401 3307 auctoritatis
1440 3253 1568 3317 viri,
1614 3269 1727 3308 non
1759 3254 1944 3308 solum

243 3341 486 3396 cuilibet
515 3340 778 3395 sufﬁcere
817 3341 1094 3396 catholico
1142 3346 1399 3412 possunt,
1431 3358 1629 3396 verum
1687 3343 1945 3413 quemvis

242 3431 605 3497 hereticum,
639 3435 697 3485 et
744 3429 879 3485 ﬁdei
936 3430 1236 3501 gravitate,
1278 3435 1334 3486 et
1376 3431 1677 3503 sapientiae
1726 3432 1944 3487 lumine

241 3525 407 3575 conte
415 3535 541 3575 rere
571 3524 808 3591 queunt.

923 3644 1150 3699 CAPUT
1189 3644 1275 3699 IX.

785 3751 927 3805 Item
961 3767 1028 3805 ea:
1058 3751 1409 3819 Hieronymo.

318 3875 400 3929 Ne
448 3878 645 3928 autem
693 3874 800 3929 sibi
843 3873 1164 3946 quidquam
1220 3876 1612 3929 commentum
1671 3872 1945 3928 novitatis

241 3962 446 4017 deesse
506 3968 801 4034 queratur,
829 3964 947 4033 jam
991 3979 1146 4018 nunc
1192 3963 1317 4033 ipsa
1374 3961 1628 4034 Virginis
1676 3961 1945 4033 pudenda

242 4051 403 4106 nudo
440 4051 678 4105 nomine
707 4052 874 4113 dicta,
921 4058 979 4106 et
1007 4068 1110 4123 per
1161 4068 1228 4106 ea
1279 4052 1541 4123 genitum
1591 4051 1941 4106 Salvatorem

243 4142 307 4195 in
340 4140 599 4194 medium
641 4142 1076 4197 constituamus.
1130 4142 1533 4211 Hieronymus,
1574 4156 1747 4194 sacra:
1802 4140 1945 4210 legis

240 4230 557 4300 interpres,
588 4229 843 4284 omnium
878 4229 1261 4300 peritissimus
1298 4228 1752 4299 disciplinarum,
1810 4227 1947 4281 fidei

1977 1718 2017 1771 Β

1976 3018 2018 3074 C

2064 495 2272 550 reticus
2303 496 2373 551 de
2413 502 2595 568 nuptu
2629 496 2874 567 Virginis
2906 503 3032 568 post
3063 505 3291 569 partum
3347 500 3759 555 nefandissima

2062 584 2251 640 latrat.
2312 585 2422 640 Sed
2476 585 2545 641 de
2603 587 2969 656 generatione
2998 588 3124 641 Filii
3164 589 3261 641 Dei
3318 605 3421 659 per
3459 590 3755 645 hominem

2065 674 2355 728 verissima
2386 678 2598 740 narrat,
2652 674 2806 745 quod
2840 690 3082 746 sequens
3116 678 3297 731 oratio
3344 678 3593 732 doctoris
3644 695 3754 733 no-

2063 762 2167 817 stri
2208 763 2457 819 declarat
2502 764 2822 818 manifeste.
2858 764 3007 818 Talis
3057 766 3210 819 enim
3244 770 3328 820 est
3361 783 3372 819 :
3408 787 3436 815 ‹‹
3467 768 3672 837 Junge,
3708 768 3756 821 si

2062 852 2205 907 libet
2254 852 2392 907 alias
2446 859 2669 907 naturae
2734 853 3130 921 contumelias,
3203 871 3405 909 novem
3462 856 3755 910 mensibus

2062 947 2291 997 uterum
2322 942 2781 1010 insolescentem,
2828 944 3072 1010 fastidia,
3108 949 3355 1015 partum,
3389 947 3752 1017 sanguinem,

2059 1048 2298 1103 pannos.
2338 1034 2459 1103 Ipse
2510 1032 2615 1087 tibi
2658 1033 3013 1087 describatur
3046 1033 3235 1087 infans
3290 1034 3543 1104 tegmine
3572 1051 3754 1089 mem-

2058 1119 2366 1174 branarum
2405 1121 2571 1174 solito
2617 1123 2949 1175 convolutus
2983 1138 2995 1174 :
3029 1121 3367 1191 ingerantur
3417 1122 3560 1176 dura
3600 1140 3754 1191 prse-

2060 1209 2236 1280 sepia,
2270 1209 2495 1280 vagitus
2524 1209 2773 1279 parvuli,
2808 1209 2991 1263 octavi
3030 1208 3145 1263 diei
3175 1210 3554 1277 circumcisio,
3607 1216 3753 1265 tem-

2058 1314 2164 1367 pus
2198 1298 2580 1369 purgationis,
2614 1303 2678 1353 ut
2701 1298 2977 1368 probetur
3005 1298 3360 1366 immundus,
3396 1315 3509 1353 non
3542 1300 3752 1354 erube-

2059 1385 2291 1453 scimus,
2347 1404 2461 1441 non
2508 1387 2765 1441 silemus.
2809 1388 3032 1451 Quanto
3082 1393 3215 1441 sunt
3270 1388 3579 1441 humiliora
3626 1404 3756 1459 quas

2058 1491 2160 1545 pro
2214 1491 2303 1529 me
2344 1491 2545 1546 passus
2601 1481 2705 1541 est,
2758 1480 2917 1530 tanto
2951 1476 3034 1530 illi
3083 1478 3213 1546 plus
3265 1477 3466 1532 debeo.
3532 1479 3754 1531 Etcum

2058 1564 2251 1617 omnia
2290 1564 2673 1634 replicaveris,
2709 1563 2849 1617 nihil
2893 1580 3057 1617 cruce
3090 1565 3566 1619 contumeliosius
3616 1583 3753 1637 pro-

2057 1652 2221 1716 feres,
2255 1669 2428 1723 quam
2483 1652 2841 1723 proﬁtemur,
2885 1658 2941 1706 et
2979 1654 3290 1721 credimus,
3321 1659 3376 1707 et
3418 1654 3477 1707 in
3523 1670 3639 1725 qua
3685 1655 3755 1709 de

2055 1742 2315 1795 hostibus
2372 1741 2818 1812 triumphamus.
2878 1741 2986 1795 Sed
3050 1747 3115 1796 ut
3179 1743 3301 1796 haec
3357 1759 3487 1812 quas
3544 1744 3755 1814 scripta

2056 1833 2209 1895 sunt,
2263 1845 2381 1882 non
2430 1846 2726 1899 negamus,
2786 1828 2863 1882 ita
2896 1846 2962 1882 ea
3015 1845 3143 1899 quas
3182 1845 3301 1883 non
3356 1834 3490 1884 sunt
3520 1830 3749 1900 scripta,

2056 1917 2390 1972 renuimus:
2426 1923 2624 1972 natum
2676 1920 2855 1971 Deum
2888 1933 3010 1971 esse
3055 1918 3123 1971 de
3170 1917 3403 1988 Virgine
3444 1917 3751 1985 credimus,

2057 2007 2192 2079 quia
2240 2006 2530 2077 legimus:
2588 2007 2824 2061 Mariam
2875 2006 3135 2077 nupsisse
3191 2012 3319 2077 post
3371 2011 3604 2078 partum
3635 2023 3751 2062 non

2055 2096 2363 2161 credimus,
2396 2095 2534 2167 quia
2556 2111 2673 2150 non
2710 2094 2974 2166 legimus.
3013 2116 3039 2144 ››

2126 2184 2500 2239 Distinctione
2521 2184 2791 2256 prudenti
2826 2184 2913 2238 vir
2938 2184 3331 2240 docetissimus
3363 2201 3491 2256 quae
3518 2184 3749 2240 fuerant

2056 2274 2126 2328 ab
2156 2273 2478 2329 adversario
2507 2274 2655 2328 male
2686 2273 2909 2346 ingesta
2938 2274 3205 2341 removit,
3232 2278 3289 2328 et
3317 2290 3447 2345 quae
3478 2274 3753 2329 eatholice

2058 2363 2277 2434 prolata
2324 2363 2603 2433 suscepit;
2683 2380 2811 2434 quin
2864 2379 2993 2417 vere
3053 2363 3203 2417 dicta
3266 2363 3643 2431 conﬁrmavit,
3698 2368 3754 2419 et

2056 2468 2183 2523 quae
2207 2468 2305 2505 ore
2342 2452 2679 2522 blaspheme
2705 2452 2953 2522 jaculata
2984 2452 3295 2522 redarguit.
3342 2453 3450 2506 Per
3478 2452 3753 2523 genitalia

2058 2541 2306 2611 Virginis
2336 2546 2534 2595 natum
2576 2556 2697 2595 esse
2748 2542 2927 2595 Deum
2960 2540 3251 2595 confessus
3283 2545 3368 2595 est
3397 2557 3410 2596 :
3458 2547 3586 2612 post
3615 2557 3750 2612 par-

2054 2634 2177 2684 tum
2210 2630 2469 2701 nupsisse
2504 2630 2736 2686 Mariam
2791 2630 3119 2698 reprobavit
3148 2646 3160 2683 :
3196 2630 3352 2701 quod
3392 2630 3667 2701 genitalia
3696 2635 3753 2685 et

2055 2720 2327 2791 pudenda
2397 2719 2456 2774 in
2527 2719 2796 2790 injuriam
2856 2719 3001 2773 sacri
3053 2723 3252 2789 partus
3307 2719 3747 2790 deprompserit,

2056 2813 2373 2863 exsecratus
2404 2813 2518 2875 est;
2555 2808 2704 2879 quod
2738 2808 2987 2861 Verbum
3026 2823 3158 2861 caro
3190 2808 3399 2861 factum
3434 2823 3535 2877 per
3566 2822 3747 2861 secre-

2054 2902 2172 2952 tam
2203 2898 2416 2952 ventris
2438 2897 2679 2968 januam
2728 2895 2882 2950 exire
2936 2912 3053 2950 non
3093 2894 3499 2966 repudiaverit,
3544 2910 3750 2965 appro-

2055 2985 2227 3040 bavit.
2262 2986 2399 3040 Inde
2432 2991 2517 3039 est
2571 2984 2724 3056 quod
2784 2990 2841 3039 et
2891 2985 3030 3038 alias
3089 2988 3309 3039 naturm
3366 2983 3752 3053 depositiones

2056 3075 2343 3139 annexuit,
2390 3090 2597 3127 novem
2654 3073 2947 3128 mensibus
3005 3078 3231 3127 uterum
3286 3073 3747 3138 insolescentem,

2054 3162 2560 3232 fastidia,partum,
2585 3161 2949 3231 sanguinem,
2982 3176 3221 3231 pannos,
3252 3161 3527 3215 infantem
3549 3160 3751 3231 tegmi-

2052 3267 2124 3304 ne
2156 3251 2622 3305 membranarum
2662 3249 2830 3303 solito
2863 3248 3403 3314 convolutum,dura
3443 3248 3747 3318 praesepia,

2052 3339 2296 3411 vagitus,
2329 3339 2842 3408 circumcisiouem,
2883 3343 3110 3408 tempus
3143 3336 3524 3407 purgationis,
3555 3335 3742 3389 novis-

2053 3428 2195 3482 sime
2233 3428 2415 3483 crucis
2459 3426 2907 3492 contumeliam;
2965 3425 3090 3479 haec
3145 3424 3414 3480 universa
3472 3430 3749 3495 tanquam

2052 3517 2365 3571 catholicus
2405 3517 2781 3588 amplexatur,
2838 3515 3096 3586 suscipit,
3151 3517 3476 3567 veneratur.
3522 3512 3748 3577 Quanto

2054 3622 2305 3678 namque
2360 3605 2672 3660 humiliora
2710 3620 2816 3675 pro
2869 3603 3063 3658 electis
3110 3619 3311 3673 passus
3355 3607 3441 3656 est
3493 3603 3746 3661 Creator,

2053 3698 2215 3748 tanto
2245 3694 2376 3765 plus
2430 3694 2517 3748 illi
2553 3693 2764 3748 debent
2809 3693 2914 3747 hac
2953 3691 3213 3746 oratione
3246 3690 3496 3746 doctoris
3530 3690 3750 3761 egregii

2053 3781 2435 3848 considerare,
2470 3781 2606 3852 quia
2635 3796 2752 3834 non
2790 3796 2972 3850 pauca
2992 3779 3341 3844 dinumerat,
3373 3794 3502 3849 qua:
3540 3794 3747 3849 parvu-

2053 3869 2141 3923 lus
2165 3869 2484 3940 nequiverit
2515 3868 2818 3934 sustinere,
2860 3868 2907 3921 si
2954 3882 3071 3920 non
3123 3866 3363 3920 humani
3393 3871 3592 3936 partus
3624 3868 3747 3937 lege

2055 3962 2223 4012 natus
2255 3962 2359 4025 est,
2389 3961 2452 4011 ut
2479 3961 2730 4028 partum,
2766 3955 3128 4026 sanguinem,
3163 3970 3405 4024 pannos,
3468 3954 3749 4008 membra-

2054 4063 2257 4101 narum
2285 4045 2768 4112 convolutionem,
2792 4044 3032 4115 vagitus.
3068 4043 3335 4098 Universa
3368 4042 3489 4095 haec
3520 4048 3575 4096 et
3594 4042 3750 4112 geni-

2055 4135 2184 4189 talis
2215 4136 2459 4206 virginei
2488 4141 2791 4203 secretum,
2825 4139 2882 4190 et
2910 4134 3179 4189 humanae
3214 4130 3524 4186 nativitatis
3559 4132 3749 4203 legem

2055 4228 2463 4294 protestantur.

238 4319 425 4372 turris
453 4319 810 4385 inconcussa,
835 4318 1129 4388 sapientia:
1161 4319 1423 4389 lampade
1451 4316 1949 4388 splendidissimus
1979 4328 2021 4382 Ι)
2134 4312 2353 4367 Pariter
2379 4329 2610 4384 quoque
2643 4312 2793 4367 disce
2845 4311 3119 4382 Spiritum
3170 4313 3432 4365 sanctum
3483 4310 3633 4364 hanc
3662 4327 3749 4364 sa-

239 4406 483 4477 eloquio
511 4408 978 4472 facundissimus,
1014 4407 1219 4472 Latini,
1254 4407 1433 4463 Graeci
1464 4406 1805 4475 Hebraeique
1832 4422 1950 4459 ser-

238 4495 438 4550 monis
488 4495 871 4561 doctissimus,
931 4495 990 4549 in
1037 4495 1233 4549 libello
1277 4496 1545 4550 adversus
1604 4493 1948 4562 Helvidium,

238 4584 601 4638 constituens
626 4585 817 4654 primo
851 4583 1030 4654 ipsius
1062 4582 1309 4640 Helvidii
1339 4598 1512 4653 super
1548 4583 1655 4636 hac
1685 4598 1745 4636 re
1778 4581 1946 4649 dicta,

237 4678 450 4743 postea
482 4689 645 4727 suam
672 4672 1018 4728 sententiam
1058 4671 1298 4743 profert,
1333 4687 1447 4743 qua
1477 4671 1624 4726 bene
1664 4670 1734 4725 ab
1764 4669 1948 4725 haere-

237 4763 365 4816 tico
414 4761 697 4817 insinuata
747 4761 1068 4816 conﬁrmat.
1101 4760 1191 4817 Sic
1221 4760 1375 4815 enim
1431 4760 1642 4831 legitur
1675 4776 1687 4813 :
1737 4780 1765 4810 «
1798 4761 1950 4815 Nun-

237 4850 388 4923 quid
422 4866 540 4905 nou
572 4851 831 4922 quotidie
866 4850 962 4905 Dei
996 4850 1261 4904 manibus
1290 4849 1514 4919 parvuli
1549 4848 1849 4919 tinguntur
1888 4848 1949 4903 in

236 4940 564 5006 ventribus,
600 4944 661 4993 ut
688 4939 894 4993 merito
947 4937 1277 4993 erubescere
1336 4937 1649 4992 debeamus
1713 4937 1949 4992 Mariam

236 5029 512 5099 nupsisse
540 5032 672 5100 post
717 5028 989 5099 partum?
1012 5027 1173 5091 Quod
1204 5025 1253 5081 si
1303 5025 1413 5081 hoc
1441 5026 1554 5082 illis
1596 5030 1762 5096 turpe
1792 5025 1947 5080 vide-

238 5124 367 5185 tur,
411 5122 676 5188 superest
714 5121 779 5171 ut
826 5131 947 5171 non
994 5116 1296 5170 credamus
1323 5125 1347 5152 ³
1396 5115 1570 5170 etiam
1610 5115 1788 5169 Deum
1845 5129 1949 5184 per

239 5206 523 5280 genitalia
545 5205 795 5278 Virginis
828 5209 1049 5260 natum.
1080 5204 1326 5276 Turpius
1355 5207 1438 5259 est
1468 5204 1622 5259 enim
1648 5204 1812 5273 juxta
1848 5218 1948 5257 eos

245 5298 401 5351 Deus
441 5310 546 5367 per
601 5294 842 5366 Virginis
880 5293 1149 5365 pudenda
1206 5291 1486 5364 genitum,
1534 5306 1706 5362 quam
1756 5289 1949 5361 Virgi-

312 5447 343 5472 ⁸
405 5437 480 5491 Ut
536 5450 645 5490 non
698 5435 1000 5490 credamus.
1056 5434 1232 5504 Alias,
1270 5430 1949 5504 credant,aitiAcherius

239 5510 302 5563 in
334 5507 631 5579 margine;
673 5510 846 5578 atque
905 5522 971 5562 ea
998 5506 1166 5561 lectio
1214 5503 1573 5579 mihi‘magis
1606 5503 1812 5579 placet.
1869 5503 1948 5557 Ex

240 5582 356 5634 hoc
385 5574 510 5633 loci)
556 5574 772 5649 liquet;
821 5595 949 5633 eam
980 5579 1051 5633 de
1108 5582 1277 5648 partu
1333 5574 1582 5647 Virginis
1612 5574 1949 5644 opinionem

2056 4406 2413 4456 crosanctum
2456 4401 2557 4472 qui
2615 4405 2966 4470 protestatus
3024 4404 3109 4454 est
3164 4403 3378 4465 ortum,
3434 4404 3491 4453 et
3527 4403 3751 4455 sanctos

2057 4489 2369 4561 doctosque
2388 4489 2670 4557 homines,
2695 4489 2795 4560 qui
2816 4505 2949 4543 eum
2976 4494 3174 4558 postea
3192 4488 3378 4541 verbis
3409 4488 3749 4560 scriptisque

2057 4578 2172 4631 suis
2212 4577 2685 4632 commendavere
2734 4577 2983 4648 populis,
3044 4576 3226 4645 magis
3280 4576 3446 4631 illum
3502 4578 3751 4633 voluisse

2056 4666 2337 4721 sermonis
2365 4665 2711 4721 honestioris
2752 4666 3045 4720 insinuare
3098 4663 3360 4734 circuitu,
3393 4681 3571 4736 quam
3613 4666 3750 4722 sim-

2057 4754 2215 4825 plicis
2248 4753 2463 4825 eloquii
2511 4753 2786 4808 servando
2843 4753 3280 4824 proprietatem,
3314 4754 3536 4826 aliquid
3596 4756 3750 4826 qhod

2055 4842 2372 4897 offenderet
2410 4842 2728 4909 audientes,
2770 4842 2832 4896 in
2880 4842 3138 4897 medium
3168 4843 3429 4912 proferre
3472 4859 3485 4897 :
3520 4844 3753 4899 decebat

2056 4931 2212 4986 enim
2242 4934 2460 4986 tantam
2495 4946 2616 4985 rem
2642 4946 2759 4984 non
2812 4931 3150 4998 humilibus,
3204 4933 3304 4987 sed
3355 4932 3601 5003 magnis,
3633 4947 3748 4985 non

2054 5019 2321 5086 sordidis,
2380 5020 2478 5074 sed
2533 5019 2786 5074 honestis
2818 5035 3104 5091 exponere
3155 5020 3364 5087 verbis,
3427 5024 3489 5073 ut
3555 5019 3744 5073 illud:

2058 5128 2083 5156 ‹‹
2116 5107 2345 5162 Orietur
2391 5107 2555 5162 stella
2609 5124 2681 5163 ex
2736 5108 2931 5177 Jacob,
2983 5112 3039 5162 et
3075 5111 3386 5177 consurget
3448 5107 3623 5160 homo
3681 5106 3750 5161 de

2057 5196 2249 5262 Israel,
2282 5200 2340 5250 et
2368 5194 2515 5251 exiet
2545 5196 2705 5267 virga
2732 5197 2801 5252 de
2840 5197 3030 5252 radice
3062 5198 3235 5263 Jesse,
3281 5199 3337 5249 et
3386 5194 3491 5248 flos
3549 5194 3619 5248 de
3658 5211 3753 5250 ra-

2056 5284 2180 5339 dice
2210 5284 2335 5355 ejus
2377 5285 2700 5341 descendet.
2743 5286 2973 5355 Rorate,
3004 5285 3151 5355 coeli,
3184 5284 3449 5353 desuper,
3483 5289 3540 5338 et
3568 5285 3751 5339 nubes

2057 5441 2233 5499 quam
2260 5426 2605 5499 Ratramnus
2634 5432 2982 5499 propugnat,
3027 5426 3108 5481 ita
3145 5439 3513 5481 communem
3554 5425 3749 5495 fuisse,

2059 5503 2121 5552 ut
2159 5497 2229 5553 de
2262 5498 2441 5554 altera
2470 5497 2653 5554 nemo
2674 5497 2969 5569 cogitaret.
