4138 6186
362 231 430 283 99
1504 223 1863 281 RATBAMNI
1901 221 2358 280 CORBElENSlS
2406 222 2717 280 MONACHI

3766 228 3863 281 lOO

364 360 569 430 pluant
600 357 854 429 justum;
901 356 1194 429 aperiatur
1239 360 1413 424 terra,
1454 359 1510 410 et
1548 356 1829 427 germinet
1866 355 2057 410 Salva-
2089 357 2136 409 Α
2174 354 2578 425 perveniemus
2610 355 2732 425 jam
2771 354 2842 409 ad
2882 352 3153 424 genitalia
3181 353 3450 425 Virginis,
3492 355 3860 410 transivimus

363 454 549 503 torem
592 448 774 518 (Num.
807 462 949 514 xxxv,
981 450 1076 512 l7;
1126 447 1236 500 Isa.
1271 463 1288 500 ι
1319 462 1441 514 xav,
1477 445 1548 515 8).
1599 468 1625 495 ››
1662 446 1857 517 Neque
1899 444 2053 499 enim

364 538 598 592 defuere
631 535 867 607 Spiritui
898 541 1089 589 sancto
1121 535 1312 603 verba,
1347 535 1558 606 quibus
1589 534 1838 606 genitale
1877 533 2053 603 virgi-

365 644 534 682 neum
578 625 823 679 valuerit
874 625 1116 695 aperire,
1176 625 1274 679 sed
1328 642 1449 679 rem
1505 625 1839 696 praeclaram
1882 629 2055 693 atque

364 715 729 785 magniticam
783 714 1074 785 prmclaris
1104 714 1539 785 magnificisque
1590 713 1801 782 delegit
1854 711 2055 782 figuris

364 804 620 857 edocere.
652 802 903 856 Accessit
932 808 1125 856 tamen
1156 807 1211 856 et
1240 802 1497 873 propius,
1529 806 1586 855 et
1620 800 1889 871 legitimis
1920 815 2056 870 pro-

362 892 614 963 priisque
663 891 883 946 decoris
933 892 1229 962 adaperuit
1289 890 1693 945 sermonibus:
1749 893 2057 960 propterea

362 981 648 1051 Propheta
680 998 692 1035 :
721 1002 749 1031 ‹‹
782 982 917 1035 Ecce
948 981 1106 1051 virgo
1146 979 1429 1050 concipiet
1458 979 1517 1032 in
1548 982 1731 1045 utero,
1767 982 1822 1032 et
1872 978 2058 1048 pariet

361 1069 545 1124 filium
579 1068 721 1138 (Isa.
772 1086 869 1135 vu,
908 1068 1012 1139 14).
1049 1090 1074 1117 ››
1114 1070 1220 1122 Et:
1258 1090 1284 1117 ‹‹
1329 1070 1477 1122 Puer
1523 1072 1694 1123 natus
1725 1072 1811 1120 est
1857 1066 2055 1134 nobis;

361 1160 513 1214 filius
571 1158 734 1213 datus
793 1163 879 1212 est
917 1157 1103 1212 nobis.
1158 1177 1185 1210 »
1247 1158 1313 1210 Et
1365 1157 1603 1227 angelus
1654 1156 1724 1211 ad
1772 1153 2051 1210 Mariam:

364 1270 392 1297 ‹‹
452 1250 590 1302 Ecce
649 1248 932 1319 concipies
987 1251 1042 1300 et
1090 1247 1279 1317 paries
1323 1247 1507 1300 tilium
1571 1244 1719 1315 (Luc.
1778 1261 1814 1311 ι,
1869 1245 1980 1311 31),
2023 1263 2051 1292 ››

362 1342 420 1392 et
449 1338 629 1391 multa
651 1338 862 1392 horum
893 1335 1103 1390 similia
1138 1352 1152 1390 :
1195 1335 1254 1389 in
1314 1334 1583 1389 omnibus
1614 1334 1738 1388 istis
1795 1338 1851 1387 et
1888 1337 2057 1386 natu-

363 1427 578 1480 ralibus
602 1433 658 1480 et
710 1426 1039 1481 docentibus
1074 1424 1283 1479 Christi
1325 1424 1588 1477 nativitas
1622 1421 2058 1477 commendatur

362 1515 566 1569 verbis.

434 1604 654 1657 Vitatur
697 1606 889 1656 tamen
935 1618 1036 1655 suo
1068 1602 1341 1655 vocabulo
1370 1616 1502 1671 pars
1534 1599 1631 1653 illa
1662 1597 2055 1653 membrorum

364 1709 477 1764 qua
501 1697 698 1763 partus
729 1692 1040 1762 egreditur,
1077 1690 1541 1757 commemorari,
1573 1694 1773 1759 utpote
1804 1704 1910 1741 nec
1946 1687 2054 1741 lio-

363 1786 610 1846 nestum,
653 1798 754 1835 nec
794 1780 1199 1835 necessarium.
1243 1779 1513 1849 Alioquin
1533 1778 1790 1848 {quando
1821 1776 2055 1831 nomina

362 1876 657 1941 ponuntur
688 1870 1007 1924 ofﬁciorum
1041 1874 1097 1924 et
1126 1868 1317 1930 verba,
1364 1868 1493 1938 quis
1522 1884 1639 1921 non
1680 1871 1737 1921 et
1768 1883 1833 1920 ea
1867 1882 2055 1919 mem-

362 1959 465 2013 bra
496 1962 705 2030 quibus
734 1960 830 2013 illa
878 1964 1233 2029 peragantur
1255 1957 1463 2022 officia,
1521 1956 1709 2010 statim
1745 1954 2056 2025 intelligit?

361 2048 420 2103 Si
452 2049 686 2118 quidem
718 2053 773 2101 et
812 2048 1005 2101 videre
1048 2063 1149 2117 per
1178 2046 1393 2110 oculos,
1428 2050 1483 2099 et
1514 2045 1711 2099 audire
1744 2060 1847 2114 per
1866 2060 2054 2108 aures,

364 2142 419 2191 et
448 2137 743 2190 ambulare
771 2152 869 2206 per
908 2135 1082 2205 pedes
1114 2134 1512 2203 intelligimus,
1570 2149 1676 2187 nec
1711 2132 1938 2204 quando
1986 2132 2056 2187 de

365 2224 558 2294 aliquo
584 2225 953 2294 praedicatur,
981 2229 1046 2278 ut
1078 2224 1234 2290 vidit,
1278 2223 1518 2289 audivit,
1569 2221 1904 2288 ambulavit,
1951 2238 2058 2292 po-

362 2319 583 2368 nuntur
614 2314 831 2384 pariter
860 2314 1031 2380 oculi,
1067 2329 1254 2380 aures,
1284 2312 1479 2383 pedes,
1522 2311 1635 2365 nisi
1675 2311 2057 2365 distinctionis

367 2408 422 2457 et
450 2402 848 2473 intelligentia:
905 2402 1105 2472 gratia,
1151 2418 1255 2456 nec
1286 2401 1363 2455 sic
1411 2417 1515 2455 nos
1567 2400 1888 2472 signiﬁcata
1931 2416 2056 2454 ver-

365 2492 572 2547 borum
598 2491 967 2556 advertimus,
1004 2495 1088 2557 ut,
1130 2507 1246 2544 non
1293 2493 1536 2561 partem,
1577 2489 1751 2544 etiam
1798 2489 2058 2544 membra

364 2580 462 2635 illa
516 2580 635 2635 sine
693 2581 903 2651 quibus
958 2580 1098 2634 talia
1130 2579 1450 2634 ministeria
1507 2594 1622 2633 non
1672 2578 2050 2650 explicantur,

363 2670 697 2724 sentiamus.
732 2670 852 2733 Qua
881 2669 950 2723 de
979 2685 1038 2723 re
1065 2670 1218 2740 quod
1250 2667 1608 2738 superfluum
1639 2672 1693 2722 et
1730 2672 1897 2738 turpe
1937 2671 2059 2721 erat

363 2773 536 2827 super
566 2757 708 2812 sacri
748 2761 947 2828 partus
998 2761 1124 2811 actu
1159 2756 1370 2828 refugit
1400 2757 1703 2811 enuntiare
1758 2757 2057 2811 oraculum

363 2846 607 2913 cceleste,
643 2846 983 2917 refugerunt
1025 2850 1081 2900 et
1111 2846 1290 2899 sancti
1329 2845 1609 2899 homines.
1672 2847 1848 2899 Porro
1902 2844 2056 2916 quod

361 2936 599 3004 plenum
631 2934 1066 3006 signiﬁcationis
1095 2939 1153 2989 et
1201 2933 1681 2989 commodationis
1712 2933 2053 2988 modestiam
2083 2960 2123 3015 ρ

362 3023 623 3092 habebat,
653 3040 982 3095 exposuere.
1038 3024 1149 3078 Nec
1180 3028 1374 3077 tamen
1413 3027 1468 3077 et
1497 3024 1604 3077 hoc
1633 3038 2049 3093 usquequaque

360 3112 630 3181 vitarunt,
664 3113 780 3166 sive
804 3117 1040 3184 propter
1086 3113 1308 3167 futuros
1335 3112 1587 3166 veritatis
1616 3111 1900 3180 inimicos,
1934 3112 2050 3166 sive

358 3207 594 3272 propter
642 3202 911 3257 tollenda:
970 3202 1276 3257 dubietatis
1329 3201 1705 3256 occasionem.
1762 3200 1897 3255 Inde
1964 3206 2052 3255 est

360 3290 512 3360 quod
540 3290 619 3344 ait
650 3291 826 3346 Lucas
847 3292 1199 3362 evangelista
1232 3306 1246 3345 :
1284 3312 1311 3339 «
1345 3289 1897 3362 Postquamimpleti
1919 3294 2053 3344 sunt

359 3378 479 3432 dies
507 3379 867 3449 purgationis
895 3379 1083 3432 Maria!
1112 3378 1422 3433 secundum
1458 3379 1644 3448 legem
1676 3378 1871 3449 Moysi,
1903 3379 2050 3432 tule-

359 3472 495 3520 runt
520 3468 710 3521 Jesum
745 3468 806 3520 in
846 3467 1159 3521 Jerusalem
1189 3471 1253 3520 ut
1298 3465 1564 3520 sisterent
1620 3482 1755 3521 eum
1812 3466 2051 3520 Domino

358 3554 504 3608 sicut
524 3555 803 3622 scriptum
841 3559 927 3607 est
951 3553 1013 3607 in
1044 3554 1171 3625 lege
1204 3552 1435 3608 Domini
1468 3570 1482 3607 :
1534 3553 1678 3618 Quia
1717 3570 1888 3609 omne
1928 3571 2046 3608 ma-

358 3642 641 3696 sculinum
663 3642 999 3713 adaperiens
1032 3643 1280 3705 vulvam,
1317 3646 1574 3697 sanctum
1606 3642 1849 3697 Domino
1884 3660 2044 3698 voca-

355 3730 511 3785 bitur
540 3732 689 3801 (Luc.
751 3748 809 3799 u,
853 3732 961 3802 22).
1011 3754 1031 3779 ι
1070 3732 1182 3786 Nec
1212 3731 1421 3787 mirum
1453 3732 1499 3786 si
1527 3733 1818 3786 noluerint
1852 3749 2050 3803 graves

358 3825 414 3874 et
444 3820 741 3875 reverendi
788 3820 1048 3876 doctores
1079 3820 1215 3875 talia
1244 3837 1416 3893 super
1446 3822 1870 3892 gloriosissimas
1902 3822 2049 3876 nati-

356 3910 549 3964 vitatis
579 3910 987 3965 contumeliam
1017 3910 1251 3979 referre,
1289 3910 1485 3982 qualia
1513 3927 1617 3965 nec
1647 3912 1851 3981 vulgus
1880 3927 2053 3982 super

357 3999 663 4068 cujuslibet
692 4001 1056 4071 pauperculae
1104 4006 1275 4070 partu
1311 4016 1427 4054 non
1458 4000 1738 4054 erubescit
1769 4000 2046 4055 confiteri.

417 4088 572 4158 Ergo
626 4093 682 4142 et
732 4088 840 4143 iste
894 4089 1093 4143 doctor
1138 4089 1406 4159 insignis,
1450 4090 1614 4160 cujus
1652 4089 1743 4143 hic
1791 4089 2049 4143 testimo-

355 4177 517 4230 nium
571 4177 936 4247 protulimus,
986 4193 1116 4231 cum
1172 4178 1479 4248 recepisset
1533 4179 1601 4233 ab
1660 4178 1896 4234 inimico
1955 4194 2051 4233 ve-

357 4264 543 4319 ritatis
584 4265 979 4320 testimonium
1030 4266 1283 4320 veritatis
1347 4283 1519 4337 super
1564 4265 1757 4322 divina
1800 4282 2044 4337 genera-
2076 4266 2119 4319 D

356 4352 531 4422 tione,
569 4353 900 4425 indignatur
943 4358 1134 4409 tamen
1185 4354 1491 4410 verborum
1532 4356 1772 4425 injurias
1820 4356 1879 4409 in
1922 4356 2046 4408 Vir-

358 4442 506 4511 ginis
581 4443 975 4509 contumelias,
1049 4444 1203 4514 quod
1285 4444 1399 4499 illis
1456 4445 1645 4499 verbis
1713 4460 2047 4515 quanquam

357 4531 734 4600 naturalibus,
781 4548 1112 4604 quanquam
1144 4534 1415 4604 propriis,
1465 4533 1779 4587 humilibus
1853 4539 2049 4587 tamen

359 4620 664 4691 minusque
704 4621 978 4675 modestis
1010 4621 1249 4691 virginis
1283 4622 1602 4677 narraverit
1648 4627 1900 4693 partum.

1039 4746 1265 4801 CAPUT
1305 4748 1364 4801 Χ.

462 4871 525 4924 In
554 4870 789 4924 medium
818 4863 1169 4925 adducuntur
1192 4876 1472 4940 poetarum
1495 4871 1941 4927 Christianorum

1055 4959 1345 5029 suffragia.

429 5086 691 5156 Amplius
721 5101 856 5157 ergo
899 5086 1021 5157 jam
1054 5103 1170 5141 non
1203 5092 1286 5141 est
1317 5086 1455 5157 quid
1495 5087 1776 5158 requiras,
1818 5087 2047 5158 quando

356 5173 439 5227 nil
468 5180 700 5244 superat
733 5175 803 5229 de
836 5180 1031 5229 sancto
1053 5182 1223 5245 partu
1245 5176 1382 5246 quid
1413 5175 1683 5231 discutias
1716 5191 1732 5231 :
1762 5176 2048 5249 siquidem

431 5368 455 5393 ⁸
496 5362 717 5432 Easque
737 5365 1014 5433 passibili.
1046 5363 1333 5418 Posterior
1367 5380 1472 5418 vox
1494 5363 1688 5420 addita
1719 5369 1803 5419 est
1849 5381 1880 5419 e
1918 5365 2043 5421 cod.

364 5431 526 5499 Dalli,
558 5431 718 5502 cujus
738 5431 919 5489 tidem
952 5435 1128 5489 secuti
1157 5434 1539 5505 expunximus
1579 5451 1777 5490 vocem
1808 5437 2046 5493 Gallicus

358 5510 491 5570 post
512 5506 812 5575 presbyter.
850 5506 999 5565 Infra
1031 5509 1164 5575 quia
1188 5509 1363 5575 virgo.
1401 5508 1530 5561 Haec
1562 5507 1837 5577 marginis
1880 5508 2044 5561 lectio

2164 444 2233 498 ad
2274 445 2544 515 pudenda
2575 461 2897 516 puerperae,
2929 449 2991 498 ut
3037 444 3128 498 cui
3180 461 3292 499 non
3324 445 3497 499 dabat
3524 445 3860 516 intelligen-

2163 533 2302 587 tiam
2324 540 2653 604 coneeptus,
2681 540 2901 603 partus,
2933 534 3254 605 generatio,
3304 534 3589 601 nativitas,
3640 536 3860 606 apertio

2163 624 2362 691 vulvae,
2398 623 2632 677 tandem
2672 623 2912 677 doceant
2936 623 3225 693 pudenda,
3260 623 3528 678 erudiant
3557 625 3856 694 genitalia;

2165 727 2280 765 non
2322 712 2587 765 dederint
2627 711 2978 764 intellectum
3014 711 3300 764 naturalia
3349 718 3405 766 et
3433 711 3693 779 honesta,
3726 713 3865 767 dent

2164 801 2367 855 saltem
2394 799 2582 870 turpia
2608 805 2665 854 et
2686 800 2947 870 ﬁgurata.
2979 799 3262 863 Quoniam
3285 805 3512 855 tantum
3545 801 3693 855 docti
3727 808 3862 857 sunt

2162 889 2347 944 nostri
2376 894 2722 943 secretorum
2763 888 3258 959 pervestigatores,
3290 895 3353 943 ut
3382 891 3574 961 potius
3606 890 3860 945 obscuris

2166 982 2222 1031 et
2251 978 2472 1045 alienis,
2497 994 2671 1050 quam
2704 977 2871 1033 claris
2898 982 2952 1032 et
2982 978 3231 1049 propriis
3263 979 3646 1034 assentiuntur
3673 980 3859 1052 signi-

2164 1066 2549 1122 ﬁcationibus.

2236 1157 2445 1211 Verum
2483 1162 2785 1227 poetarum
2837 1156 2958 1227 jam
3010 1156 3283 1227 suffragia
3335 1173 3736 1225 convocemus,
3797 1161 3861 1212 ut

2166 1244 2349 1298 omnis
2408 1245 2733 1316 eloquentia
2777 1244 3173 1300 testimonium
3225 1244 3371 1300 ferat
3426 1246 3669 1301 veritati.
3732 1249 3864 1302 Prn-

2166 1334 2414 1401 dentius,
2468 1334 2552 1388 vir
2600 1334 2923 1388 liberalium
2970 1334 3292 1390 studiorum
3341 1351 3456 1389 non
3508 1335 3763 1407 ignarus,
3800 1336 3861 1390 in

2167 1423 2480 1493 Apotheosi
2509 1424 2643 1477 dum
2678 1424 2745 1477 de
2786 1422 3012 1492 injuriis
3039 1439 3181 1495 quas
3210 1440 3375 1494 passa
3406 1424 3625 1478 estvita
3658 1427 3859 1479 mundi

2165 1528 2271 1583 pro
2303 1512 2626 1566 libertatem
2650 1512 2785 1567 undi
2807 1513 3142 1583 disputaret,
3169 1519 3337 1583 atque
3364 1513 3433 1568 ab
3455 1512 3535 1567 eis
3567 1513 3865 1567 inviolabi-

2168 1602 2281 1656 lem
2300 1606 2586 1667 naturam,
2605 1601 2662 1656 id
2689 1605 2773 1655 est
2792 1601 3067 1669 divinam,
3088 1607 3432 1672 segregaret,
3459 1618 3666 1673 easque
3689 1604 3865 1673 passi-

2170 1691 2272 1745 bili
2293 1700 2317 1726 ³
2349 1691 2704 1759 substantias,
2733 1691 2787 1745 id
2813 1696 2898 1745 est
2926 1691 3218 1758 humanas,
3250 1692 3596 1762 assignaret,
3629 1693 3709 1746 sic
3733 1694 3812 1748 ait
3844 1721 3859 1759 ε

2226 1805 2316 1853 His
2347 1804 2532 1853 affecta
2557 1809 2636 1853 est
2663 1818 2785 1854 caro
2806 1805 3057 1863 hominis,
3088 1818 3247 1868 quam
3274 1804 3471 1853 femina
3486 1818 3767 1868 praegnans

2228 1875 2400 1924 Enixa
2428 1879 2507 1925 est
2531 1876 2629 1924 sub
2654 1875 2767 1939 lege
2798 1876 2983 1932 veteri,
3011 1876 3125 1925 sine
3152 1876 3264 1939 lege
3290 1876 3481 1926 mariti.

2166 1982 2345 2038 Fideli
2405 1999 2639 2053 prorsus
2695 1987 2753 2036 et
2808 1982 3049 2053 sapienti
3114 1983 3441 2037 narratione
3480 1988 3536 2038 et
3594 1985 3858 2040 concubi-

2163 2076 2286 2125 tum
2318 2071 2574 2140 secrevit,
2604 2075 2659 2125 et
2688 2071 2911 2141 prolem
2941 2072 3281 2126 naturaliter
3302 2072 3530 2126 enixam
3564 2073 3855 2130 disseruit.

2168 2160 2375 2229 Legem
2406 2158 2651 2213 removit
2691 2159 2904 2227 mariti,
2937 2165 2989 2213 et
3024 2160 3210 2230 legem
3251 2159 3548 2215 substituit
3574 2162 3755 2229 uteri;
3795 2168 3858 2217 ut

2164 2245 2233 2300 de
2262 2245 2482 2315 Spiritu
2507 2250 2702 2300 sancto
2730 2248 3059 2319 concepisse
3095 2253 3462 2315 monstraret,
3497 2266 3602 2320 per
3630 2252 3859 2305 vulvam

2163 2335 2455 2405 peperisse
2509 2352 2626 2389 non
2658 2340 2889 2391 taceret.
2923 2336 3060 2391 Huic
3087 2338 3274 2392 simile
3333 2340 3679 2394 Fortunatus
3708 2357 3847 2411 pre-

2166 2423 2357 2494 sbyter
2384 2423 2737 2495 peregrinus,
2771 2425 2864 2479 sed
2899 2426 3145 2480 caelestis
3182 2426 3338 2494 civis,
3384 2444 3605 2498 pauper
3656 2430 3850 2497 rebus,

2165 2528 2336 2566 censu
2368 2512 2501 2567 fidei
2539 2512 2715 2582 dives,
2774 2513 2833 2567 in
2889 2515 3056 2569 laude
3086 2515 3324 2585 virginis
3362 2517 3550 2571 Marite
3582 2518 3662 2572 sic
3708 2518 3863 2573 fatur

2166 2602 2365 2673 (Carm.
2402 2601 2499 2656 lib.
2532 2617 2649 2669 vin,
2683 2619 2874 2673 poem.
2908 2607 2959 2672 5,
2994 2610 3121 2675 post
3151 2604 3302 2676 init.)
3336 2622 3348 2660 :

2228 2717 2327 2783 Sed
2356 2718 2510 2783 redeo
2537 2732 2641 2783 qua
2667 2718 2825 2783 Virgo
2857 2719 3019 2783 trahit
3047 2720 3202 2770 laude
3237 2721 3481 2771 canenda

2291 2781 2470 2838 Qualis
2500 2780 2647 2829 nulla
2675 2780 2792 2836 fuit,
2824 2781 2972 2830 nulla
3000 2782 3176 2831 futura
3201 2784 3362 2832 venit.

2228 2843 2715 2916 Quemque‘pluunt
2738 2844 2907 2893 nubes
2929 2844 3134 2916 justum
3165 2845 3367 2916 de_ror_e
3398 2859 3663 2905 serenum,

2289 2904 2755 2954 Hmc’Salvatorem
2786 2904 3021 2968 germine
3046 2911 3180 2956 terra
3209 2908 3369 2957 dedit.

2230 2967 2352 3031 Haec
2378 2972 2527 3031 porta
2557 2972 2638 3016 est
2661 2967 2858 3031 clausa,
2893 2970 2946 3017 in
2975 2983 3134 3031 quam
3165 2970 3402 3019 introivit
3430 2983 3713 3029 nemo,ne:
3737 2970 3859 3027 exit,

2283 3030 2343 3078 Ni
2379 3030 2636 3078 Dominus
2669 3030 2832 3092 solus,
2863 3031 2947 3079 cui
2969 3030 3177 3095 quoque
3201 3031 3381 3082 clausa
3417 3036 3621 3095 patent.

2234 3137 2357 3190 Non
2417 3137 2772 3191 disconvenit
2836 3138 3145 3209 superiori,
3175 3138 3292 3192 imo
3341 3138 3467 3192 aliis
3515 3136 3702 3192 verbis
3752 3136 3863 3191 hoc

2158 3225 2310 3280 idem
2340 3226 2639 3296 designat;
2689 3243 2823 3281 nam
2874 3227 3105 3297 gemina
3138 3227 3379 3298 periodo
3439 3228 3703 3281 eamdem
3736 3242 3863 3282 sen-

2160 3315 2400 3368 tentiam
2446 3316 2875 3382 commendans,
2922 3322 2979 3371 et
3029 3316 3377 3388 virginitatis
3405 3316 3681 3387 praedicat
3708 3316 3859 3371 inte-

2160 3402 2447 3473 gritatem,
2497 3410 2555 3457 et
2610 3405 2863 3458 humano
2929 3405 3001 3459 de
3053 3421 3212 3460 more
3263 3405 3579 3460 nativitatis
3645 3404 3863 3460 indicat

2160 3492 2595 3562 expositionem,
2673 3498 2731 3546 et
2786 3493 3137 3548 Salvatorem
3195 3500 3532 3564 conceptum
3584 3493 3861 3548 divinitus

2159 3584 2372 3646 narrat,
2419 3585 2476 3633 et
2513 3580 2787 3634 naturalis
2840 3582 3061 3636 semitas
3108 3598 3254 3636 vena
3289 3583 3707 3653 germinatum;
3765 3588 3861 3637 ut-

2162 3684 2272 3739 que
2321 3668 2528 3722 clarius
2583 3668 2867 3739 eliquaret
2920 3670 3071 3741 quod
3131 3671 3493 3741 loquebatur,
3555 3677 3861 3726 attestatur

2161 3757 2393 3811 Mariam
2437 3762 2663 3828 portam
2705 3758 2979 3813 exstitisse
3013 3760 3484 3828 Ezechieliticam,
3536 3777 3637 3830 per
3677 3777 3855 3831 quam

2161 3845 2339 3899 virilis
2371 3846 2563 3900 nullus
2595 3851 2675 3901 est
2706 3847 3007 3915 introitus;
3032 3849 3119 3902 vel
3150 3849 3363 3916 exitus;
3400 3852 3551 3904 solus
3580 3866 3714 3904 vero
3740 3866 3866 3905 om—

2161 3934 2444 4005 nipotens,
2482 3934 2574 3988 cui
2621 3934 2764 3989 nihil
2799 3941 2883 3990 est
2926 3937 3205 4003 clausum,
3238 3953 3341 4009 per
3382 3954 3509 3992 eam
3541 3938 3762 4004 transit,
3798 3944 3869 3993 ut

2162 4022 2261 4093 qui
2290 4022 2542 4092 concipit
2572 4022 2822 4077 decrevit
2860 4041 2925 4079 ex
2955 4024 3200 4097 virgine,
3231 4026 3472 4080 immani
3502 4032 3699 4098 partus
3731 4027 3863 4098 lege

2161 4112 2230 4167 de
2262 4127 2329 4165 ea
2359 4117 2707 4165 nasceretur.

2232 4200 2367 4253 Post
2421 4214 2621 4253 omnes
2669 4200 3011 4255 Athanasius
3058 4201 3481 4257 Alexandrinus
3533 4204 3742 4271 veniat,
3797 4211 3867 4260 ut

2160 4287 2411 4359 quidoto
2442 4288 2741 4356 virtutum,
2776 4290 3094 4344 constantia
3147 4291 3401 4361 probata:
3432 4292 3590 4359 ﬁdei,
3627 4293 3863 4363 sapien-

2157 4377 2251 4430 tize
2302 4376 2583 4442 doctrina,
2634 4379 3057 4446 perseverantia
3114 4380 3509 4446 confessionis,
3563 4382 3741 4448 solus,
3791 4388 3861 4437 ut

2156 4466 2237 4520 ita
2288 4464 2554 4531 dixerim,
2609 4465 2833 4520 Arianae
2892 4467 3145 4537 perfidiae
3194 4470 3476 4523 subvertit
3532 4469 3861 4524 multitudi-

2156 4569 2289 4607 nem
2319 4570 2706 4623 numerosam,
2741 4560 2796 4609 et
2824 4556 3091 4610 vexillum
3133 4573 3279 4611 veras
3317 4558 3669 4612 credulitatis
3720 4574 3863 4628 pro-

2155 4648 2443 4714 pugnator
2484 4658 2687 4713 gerens
2737 4644 2978 4699 invictus
3012 4646 3271 4700 Ecclesia;
3327 4647 3667 4701 restauravit
3726 4663 3862 4702 mu-

2156 4747 2307 4798 rum,
2340 4731 2631 4786 roboravit
2677 4737 2928 4801 statum;
2985 4741 3198 4789 nostra
3232 4751 3464 4806 quoque
3513 4736 3861 4806 disputatio-

2157 4818 2247 4873 nis
2284 4820 2936 4890 contirmatoﬁassistat,
2987 4827 3044 4876 et
3096 4824 3303 4876 erroris
3338 4827 3548 4877 sectam
3603 4825 3865 4879 valenter

2157 4912 2389 4962 evertat.
2424 4908 2504 4962 Ad
2539 4908 2857 4979 Epitectum
2893 4910 3161 4964 adversus
3205 4926 3302 4965 eos
3332 4927 3508 4982 agens
3548 4912 3650 4982 qui
3681 4913 3863 4967 unius

2157 4997 2485 5051 substantiae
2528 4998 2773 5052 Verbum
2828 5004 2885 5053 et
2934 5015 3141 5069 corpus
3198 4999 3353 5070 quod
3385 5002 3695 5071 assumpsit
3748 5017 3862 5070 pro

2156 5089 2351 5138 nostra
2380 5084 2775 5156 redemptione
2806 5086 3292 5157 dogmatizabant,
3318 5104 3449 5143 cum
3487 5087 3630 5143 ﬁdes
3659 5094 3864 5144 teneat

2156 5173 2475 5228 Christiana
2515 5174 2656 5228 duas
2699 5173 3061 5243 substantias,
3099 5175 3354 5231 divinam
3387 5177 3601 5231 scilicet
3646 5177 3860 5232 huma-

2154 5361 2337 5433 magis
2380 5362 2635 5436 placuit,
2657 5379 2838 5436 quam,
2888 5379 3019 5436 quae
3044 5370 3167 5419 erat
3196 5365 3253 5419 in
3286 5370 3440 5420 textu
3482 5368 3616 5435 quia
3668 5369 3858 5436 virgo,

2155 5436 2349 5487 statim
2378 5434 2433 5485 in
2458 5434 2717 5504 margine
2749 5434 3069 5491 habebatur
3098 5437 3163 5491 de
3190 5452 3312 5491 rore
3348 5452 3598 5506 suprmo.
