4138 6194
166 259 251 310 101
1360 248 1566 305 LIBER
1598 249 1690 305 DE
1729 248 2143 305 NATIVITATE
2172 246 2478 306 CHRISTI.
3575 264 3672 317 10-2

165 400 417 456 namque
445 384 507 438 in
560 382 787 438 Christo
845 380 1199 450 conjunctas,
1233 383 1297 434 ut
1334 379 1391 434 in
1452 396 1564 433 una
1615 394 1865 449 persona
1895 380 1941 432 Α
1979 382 2098 432 tum
2134 383 2222 433 est
2246 378 2614 446 sacriﬁcium,
2650 382 2922 453 quoniam
2958 385 3057 455 qui
3089 392 3258 440 natus
3305 394 3409 458 est,
3441 394 3672 462 aperuit

166 480 412 545 utraque
446 478 655 527 natura
710 487 869 525 suam
932 469 1224 540 possideat
1277 469 1732 535 distinctionem;
1788 469 1868 522 sic

163 563 289 617 inﬁt
320 563 479 616 inter
496 560 720 631 reliqua
754 576 767 626 ;
806 583 825 608 ε
872 561 1181 631 Propterea
1209 574 1346 629 ergo
1395 557 1711 612 necessaria
1748 557 1867 611 Ma-

164 652 267 718 ria,
303 656 369 705 ut
397 668 470 704 ex
529 651 655 720 ipsa
707 665 916 719 corpus
964 654 1301 713 assumeret,
1336 653 1393 701 et
1449 652 1510 700 ut
1562 663 1729 700 suum
1762 662 1866 716 pro

164 741 329 795 nobis
372 756 586 809 corpus
619 738 885 805 oﬁ‘errat;
920 741 977 790 et
1026 736 1175 789 hanc
1226 735 1398 791 Isaias
1458 734 1868 805 prophetizans

166 828 441 894 ostendit,
476 829 669 883 dicens
701 844 716 881 :
750 827 888 880 Ecce
912 825 1105 895 Virgo.
1136 823 1362 878 Gabriel
1395 829 1587 878 autem
1621 822 1872 876 mittitur

167 919 234 972 ad
266 919 461 989 ipsam
492 933 613 972 non
636 914 968 971 transitoria
1000 914 1307 984 virginem,
1338 913 1436 967 sed
1466 913 1536 966 ad
1584 912 1869 983 virginem

168 1008 580 1078 desponsatam
646 1005 790 1071 viro,
851 1009 914 1059 ut
970 1019 1183 1074 sponso
1251 1002 1576 1056 ostenderet
1638 1001 1869 1055 Mariam

167 1113 297 1151 vere
330 1095 634 1150 hominem
666 1094 864 1149 fuisse.
916 1095 981 1147 Et
1022 1098 1222 1163 partus
1254 1091 1521 1145 meminit
1554 1090 1870 1161 Scriptura,

168 1192 222 1241 et
252 1186 473 1240 dicitur
505 1201 517 1238 :
551 1182 794 1238 Involvit
840 1197 1107 1253 puerum.
1151 1181 1216 1235 Et
1251 1193 1264 1235 :
1323 1182 1495 1234 Beata
1536 1184 1665 1233 sunt
1700 1179 1876 1232 ubera

170 1293 295 1354 qua:
346 1274 525 1328 suxit.
569 1274 658 1340 Et,
709 1272 966 1326 oblatum
1022 1274 1107 1324 est
1162 1268 1527 1335 sacriﬁcium,
1600 1268 1873 1339 quoniam

173 1364 401 1437 aperuit
434 1364 539 1434 qui
597 1367 764 1417 natus
816 1365 904 1415 est
934 1360 1181 1414 vulvam.
1246 1360 1372 1413 Haec
1429 1363 1622 1412 autem
1682 1356 1879 1411 omnia

173 1454 555 1524 parturientis
579 1451 818 1521 virginis
860 1454 1022 1504 erant
1053 1447 1288 1514 indicia,
1341 1452 1398 1502 at
1427 1447 1652 1501 Gabriel
1682 1446 1877 1500 certis-

173 1545 314 1597 sime
346 1541 771 1612 evangalizavit
800 1540 920 1610 ipse
952 1539 1145 1593 dicens
1180 1554 1298 1591 nou
1326 1536 1671 1602 transitoria,
1723 1534 1878 1605 quod

176 1636 509 1686 nasceretur
539 1646 605 1683 ex
638 1635 727 1695 te;
766 1633 830 1681 ut
858 1644 973 1681 non
1008 1627 1077 1681 de
1106 1626 1244 1680 foris
1282 1624 1530 1678 inditum
1571 1624 1623 1678 ei
1672 1640 1878 1693 corpus

175 1720 492 1787 videretur,
524 1718 643 1784 sed,
682 1684 750 1769 ei:
804 1721 887 1782 te;
926 1719 988 1768 ut
1016 1731 1082 1768 ex
1143 1714 1281 1784 ipsa,
1335 1713 1673 1766 naturaliter
1721 1684 1874 1782 quod
1909 1684 1946 1737 Β

175 1813 373 1861 natum
416 1812 528 1873 est,
570 1822 694 1859 esse
752 1805 1050 1857 manifeste
1094 1804 1388 1868 credatur;
1423 1802 1482 1854 in
1538 1802 1645 1856 hoc
1672 1808 1878 1855 natura

174 1899 632 1961 demonstrante,
657 1894 793 1966 quia
818 1893 1173 1964 impossibile
1205 1896 1291 1945 est
1314 1891 1596 1961 virginem
1629 1892 1714 1945 lac
1744 1906 1877 1960 pro-

172 1988 341 2053 farre,
380 1992 441 2039 at
469 1984 825 2055 impossibile
848 1990 931 2037 est
955 1984 1097 2036 laeta
1118 1980 1326 2035 nutriri
1356 1997 1561 2052 corpus
1591 1985 1645 2034 et
1673 1979 1878 2051 pannis

173 2076 388 2131 involvi
422 2091 541 2130 non
574 2079 706 2127 ante
740 2072 1076 2127 naturaliter
1102 2077 1324 2125 natum.
1360 2090 1388 2121 »

246 2164 602 2220 Orthodoxa:
655 2161 787 2215 ﬁdei
836 2159 1348 2224 constantissimus,
1392 2173 1563 2229 quem
1606 2156 1880 2211 Dominus

176 2258 451 2327 posuerat
480 2252 542 2306 in
593 2251 881 2305 civitatem
915 2248 1223 2316 munitam,
1256 2247 1315 2301 in
1349 2263 1580 2301 murum
1629 2262 1876 2312 aeneum,

180 2351 233 2398 at
266 2345 327 2397 in
359 2345 695 2397 columnam
743 2339 987 2393 ferream
1024 2338 1252 2409 regibus
1308 2336 1489 2401 Judaa,
1522 2336 1880 2407 principibus

182 2436 302 2504 ejus
335 2438 395 2486 et
426 2430 587 2485 omni
633 2430 846 2501 populo
889 2432 1078 2489 terras,
1137 2442 1254 2480 non
1308 2426 1470 2479 aliter
1501 2425 1570 2477 de
1633 2424 1880 2494 Virginis

179 2527 348 2594 partu
383 2526 481 2574 aut
532 2520 745 2573 sentire
802 2517 1009 2587 potuit,
1044 2520 1141 2569 aut
1180 2513 1360 2579 ell'ari,
1415 2529 1586 2584 quam
1620 2514 1796 2566 sentit
1824 2518 1881 2566 et

180 2611 458 2683 praedicat
503 2608 770 2671 Ecclesia,
824 2622 952 2677 quae
1019 2609 1103 2658 est
1151 2604 1353 2657 domus
1404 2604 1680 2658 aediﬁcata
1711 2620 1882 2674 super

182 2700 593 2754 solidissimam
644 2701 887 2767 petram,
921 2695 1190 2749 columna
1237 2698 1292 2747 et
1336 2693 1764 2748 ﬁrmamentum
1794 2709 1883 2746 ve-

182 2788 397 2853 ritatis;
444 2792 680 2857 propter
723 2784 878 2855 quod
929 2799 1059 2837 cum
1109 2785 1406 2835 enumerat
1455 2783 1621 2852 plura
1672 2783 1883 2853 quibus

180 2877 469 2948 approbat
499 2875 859 2928 incarnatum
899 2876 1099 2925 natum
1132 2872 1422 2926 Christum
1455 2871 1524 2925 de
1544 2871 1795 2942 Virgine,
1819 2875 1883 2925 ut

1974 469 2220 523 vulvam.
2263 488 2288 521 ι
2319 469 2463 533 Quid
2500 475 2695 541 stupes
2754 473 3012 528 falsitatis
3074 481 3506 535 commentum?
3544 484 3671 538 Non

1976 573 2252 611 mucrone
2282 558 2639 627 stimulatus,
2673 561 2769 613 sed
2818 562 3170 618 validissimo
3205 568 3318 621 talo
3368 585 3672 636 percussus

1976 663 2065 713 es;
2101 646 2355 701 oblatum
2389 652 2472 701 est
2517 648 2886 715 sacriﬁcium,
2934 668 3049 705 non
3080 655 3232 708 vales
3281 672 3523 727 negare;
3559 676 3673 730 qua

1976 736 2045 789 de
2077 740 2212 789 reet
2241 741 2498 806 apertam
2538 737 2765 791 vulvam
2791 740 3012 808 cogaris
3067 744 3351 799 conﬁteri.
3417 747 3575 811 Quod
3623 749 3671 801 si

1976 824 2205 894 aperuit
2251 825 2499 889 vulvam,
2558 831 2729 880 natus
2786 832 2872 881 est
2921 844 3025 897 per
3089 836 3354 887 naturam
3415 836 3673 889 mulieris

1979 912 2378 984 sanguineam.
2401 915 2743 969 Veternosus
2767 916 2970 987 anguis
2999 934 3114 989 quo
3148 924 3427 976 convertis
3450 925 3669 979 aciem?

1980 1018 2092 1073 quo
2122 1002 2406 1057 lubricum
2438 1008 2630 1074 captas
2660 1010 2833 1075 caput
2864 1006 3190 1077 objectare?
3243 1013 3329 1063 An
3362 1012 3544 1066 adhuc
3570 1031 3671 1067 co-

1981 1091 2137 1144 naris
2166 1091 2227 1144 in
2257 1092 2463 1146 vulnus
2520 1097 2577 1147 et
2632 1093 2893 1148 insibilas
2926 1112 3023 1150 ora
3056 1098 3322 1166 trisulco;
3371 1100 3418 1153 si
3448 1102 3675 1169 aperuit

1980 1181 2231 1246 vulvam,
2255 1181 2551 1253 corrupit?
2581 1182 2687 1237 Sed
2740 1199 2803 1237 os
2833 1185 3168 1255 pestiferum
3225 1188 3386 1243 obice
3421 1189 3675 1244 Danieli-

1982 1268 2095 1323 tico
2113 1268 2234 1338 jam
2258 1284 2410 1322 nunc
2442 1269 2754 1339 oppiletur,
2778 1276 2839 1324 ut
2865 1288 3205 1342 squamosus
3237 1275 3407 1331 draco
3429 1293 3680 1348 parpar-

1982 1362 2066 1412 tes
2123 1359 2393 1429 disjectus
2439 1364 2617 1413 cesset
2677 1360 3010 1415 dementara
3070 1364 3383 1421 Chaldaeos.
3422 1386 3449 1417 ‹‹
3509 1368 3682 1421 Isaias

1984 1447 2313 1517 propheta:
2369 1448 2503 1501 Ecce
2561 1447 2779 1517 Virgo:
2842 1454 2896 1503 et
2974 1451 3195 1506 Gabriel
3246 1454 3495 1508 mittitur
3565 1471 3681 1509 non

1984 1536 2309 1590 transitoria
2357 1537 2425 1590 ad
2469 1536 2770 1606 virginem,
2808 1538 2903 1592 sed
2934 1539 3005 1593 ad
3048 1540 3332 1611 virginem
3376 1544 3684 1615 desponsa-

1988 1629 2104 1678 tam
2133 1624 2274 1690 viro,
2314 1644 2336 1673 ι
2381 1630 2435 1678 at
2468 1632 2620 1695 post,
2650 1631 2899 1695 partum,
2932 1634 3085 1697 post,
3117 1630 3533 1687 involutionem
3553 1651 3681 1704 par-

1989 1712 2131 1780 vuli,
2186 1717 2316 1782 post
2345 1713 2734 1778 lactatiouem,
2783 1722 2913 1785 post
2933 1716 3211 1784 oblatum,
3244 1721 3517 1789 quoniam
3552 1739 3682 1792 ape-

1986 1800 2101 1854 ruit
2122 1800 2220 1870 qui
2247 1807 2415 1854 natus
2447 1806 2531 1854 est
2557 1803 2805 1868 vulvam,
2838 1804 3129 1858 inclamat.
3174 1809 3304 1861 llaec
3334 1808 3527 1862 omnia
3550 1826 3680 1880 par-

1987 1888 2252 1942 turientis
2272 1889 2509 1960 virginis
2540 1896 2702 1943 erant
2734 1891 2961 1945 indicia.
3003 1894 3149 1963 Ergo
3171 1895 3331 1964 virgo
3363 1897 3531 1965 parit,
3567 1914 3679 1951 non

1987 1978 2393 2048 corrumpitur,
2432 1979 2639 2049 virgini
2671 1980 2836 2035 matri
2870 1997 3105 2035 nascens
3141 1984 3285 2036 Deus
3316 1986 3542 2055 aperuit
3565 1988 3684 2041 vul-

1986 2083 2135 2133 vam,
2169 2083 2273 2120 uec
2304 2067 2533 2121 violavit
2559 2069 2793 2137 pudoris
2813 2070 3110 2140 Esigillum.

2064 2156 2174 2209 Nec
2205 2155 2274 2210 ad
2305 2155 2427 2209 haec
2465 2155 2706 2211 forsitan
2757 2159 2987 2227 penitus
3038 2160 3419 2232 conquiescis,
3452 2164 3547 2217 sed
3582 2182 3681 2218 au-

1990 2245 2087 2299 des
2121 2262 2317 2299 rursus
2348 2246 2697 2301 confractam
2739 2248 3143 2319 concisamque
3181 2251 3238 2304 in
3272 2251 3414 2304 ictus
3448 2268 3681 2307 manum

1988 2334 2178 2389 moliri
2216 2353 2229 2389 ς
2266 2335 2379 2389 Deo
2417 2336 2710 2391 nascituro
2748 2336 2893 2391 nihil
2948 2337 3058 2392 fuit
3099 2338 3377 2407 clausum,
3437 2338 3535 2392 sed
3586 2354 3681 2391 vo-

1988 2424 2176 2478 luntas
2209 2428 2268 2477 ut
2297 2424 2515 2478 exstitit
2544 2426 2835 2494 nascendi,
2872 2426 3057 2480 affluit
3086 2443 3213 2481 mox
3259 2444 3540 2498 egressus,
3578 2444 3683 2481 nec

1990 2529 2179 2567 moras
2208 2529 2411 2583 passus
2444 2519 2527 2567 est
2556 2515 2889 2577 nativitatis,
2922 2516 3013 2569 cui
3046 2517 3170 2567 sine
3202 2532 3475 2587 processu
3505 2519 3683 2571 factus

1990 2608 2074 2655 est
2103 2607 2277 2656 ortus.
2316 2604 2378 2657 Et
2406 2603 2556 2657 hanc
2593 2604 2851 2674 perﬁdiae
2891 2604 3237 2659 calumniam
3270 2605 3350 2658 sic
3393 2605 3556 2660 elidit
3586 2609 3682 2661 da-

1990 2691 2182 2746 fensor
2221 2691 2372 2757 ﬁdei,
2427 2708 2544 2746 non
2572 2708 2685 2763 quo
2738 2692 3055 2747 Divinitatis
3103 2694 3376 2765 subroget
3414 2696 3683 2764 potentim

1991 2780 2328 2852 quidquam,
2362 2781 2460 2836 sed
2492 2798 2606 2852 quo
2638 2782 2909 2836 humana:
2956 2783 3270 2837 nativitatis
3309 2784 3529 2838 homini
3571 2786 3685 2839 Deo

1988 2873 2339 2923 contestatur
2372 2870 2701 2937 veritatem;
2757 2876 2821 2925 ut
2849 2888 2915 2925 ex
2964 2871 3106 2941 ipsa,
3153 2871 3493 2928 naturaliter
3526 2875 3681 2945 quod

179 2967 352 3021 etiam
396 2980 605 3018 novam
636 2962 885 3032 depellat
914 2960 1199 3026 haeresim,
1235 2958 1446 3014 dicitur
1475 2961 1747 3030 quoniam
1782 2960 1879 3031 qui
1913 2986 1953 3041 Ο
1992 2963 2190 3013 natum
2220 2963 2322 3027 est,
2358 2975 2480 3013 esse
2512 2960 2811 3014 manifeste
2840 2961 3122 3015 credatur.
3171 2962 3355 3032 Igitur
3403 2965 3683 3019 naturali-

180 3059 350 3107 natus
382 3057 465 3105 est
496 3049 721 3120 aperuit
760 3048 1011 3101 vulvam.
1065 3048 1332 3118 Hancque
1364 3063 1511 3101 versa
1569 3047 1880 3101 confessio-

180 3142 269 3197 nis
310 3141 632 3195 doctrinam
661 3137 871 3207 {magis
921 3153 984 3190 ac
1038 3136 1223 3207 magis
1276 3135 1587 3201 inculcans,
1642 3135 1880 3188 inferius

183 3230 482 3285 annectit:
523 3248 549 3279 α
580 3226 929 3298 lmpossibile
960 3231 1109 3281 esset
1153 3225 1435 3295 virginem
1481 3224 1564 3278 lac
1603 3224 1878 3294 proferre,

182 3327 239 3376 et
269 3318 627 3391 impossibile
679 3320 825 3370 esset
875 3315 1019 3369 lacte
1073 3314 1283 3368 nutriri
1315 3330 1542 3383 corpus,
1594 3318 1650 3366 at
1676 3313 1882 3383 pannis

182 3408 422 3475 involvi,
457 3423 575 3460 non
613 3410 743 3459 ante
778 3404 1113 3458 naturaliter
1142 3407 1360 3457 natum.
1393 3424 1420 3451 ››
1457 3401 1602 3467 Quid
1635 3400 1880 3472 amplius

182 3498 375 3561 vultis,
410 3511 573 3549 nova:
602 3499 657 3548 et
684 3492 959 3547 inaudita:
992 3491 1296 3563 praeteritis
1328 3491 1544 3544 seculis
1575 3491 1878 3557 haereseos,

181 3588 267 3640 vel
300 3591 584 3651 auctores,
617 3584 702 3637 val
743 3582 1112 3637 defensores?
1159 3583 1236 3635 En
1268 3580 1527 3634 consistit
1579 3581 1878 3634 adversum

183 3691 437 3732 cuneum
472 3677 726 3726 vestrum
776 3670 1120 3725 Athanasius
1173 3671 1291 3735 ille,
1328 3686 1442 3739 quo
1499 3669 1633 3723 olim
1682 3673 1883 3722 contra

182 3763 493 3835 perﬁdiam
520 3762 791 3815 Arianam
828 3760 1137 3814 dimicavit.
1174 3759 1277 3813 Illo
1328 3758 1637 3812 certamine
1670 3757 1880 3812 divini-

183 3859 360 3908 tatem
400 3850 569 3905 Varbi
604 3848 879 3916 defendit,
922 3848 1030 3903 hoc
1060 3863 1246 3918 agone
1290 3846 1884 3917 humanitatemjpro-

183 3946 425 4013 pugnat.
462 3941 623 3993 Tunc
651 3938 979 4006 [nativitatis
1024 3953 1152 4009 quae
1186 3941 1272 3991 ast
1321 3936 1391 3990 de
1441 3938 1605 3990 Patre
1658 3936 1883 3990 veritati

184 4028 710 4093 contradicebatur,
742 4043 895 4080 nunc
924 4025 1241 4080 nativitatis
1287 4041 1415 4095 quas
1450 4029 1534 4078 est
1582 4024 1651 4077 de
1701 4029 1882 4078 matre

184 4120 410 4174 veritati
443 4117 751 4171 resistitur.
796 4116 989 4169 Hostes
1046 4114 1129 4169 illi
1173 4113 1558 4183 conﬂigebant
1588 4128 1704 4167 non
1762 4130 1883 4168 esse

186 4214 386 4263 natum
420 4208 634 4262 Filium
689 4206 757 4260 de
814 4204 1125 4259 substantia
1185 4203 1387 4267 Patris,
1422 4202 1518 4257 sed
1573 4217 1641 4257 ex
1701 4203 1881 4257 nihilo

186 4300 423 4363 factum,
458 4295 552 4349 isti
587 4297 926 4365 oppugnant
961 4310 1077 4348 non
1106 4292 1448 4347 naturaliter
1496 4295 1687 4345 ortum
1723 4291 1885 4346 Chri-
1916 4289 1958 4343 D

188 4393 337 4441 stum
378 4386 448 4440 da
499 4384 696 4438 matris
739 4389 927 4446 utero,
972 4383 1069 4437 sed
1123 4380 1517 4453 prodigialiter
1564 4386 1885 4451 exceptum.

191 4476 412 4546 Ubique
444 4474 666 4529 Christo
696 4472 1124 4539 contradicitur,
1161 4470 1371 4542 ubique
1397 4468 1595 4524 mundi
1628 4470 1890 4524 liberatio

192 4564 634 4619 maledictorum
681 4562 897 4632 linguis
953 4561 1282 4630 injuriatur,
1341 4559 1439 4613 sed
1496 4564 1892 4630 propugnator

194 4654 393 4708 doctus
432 4652 688 4718 vincare,
740 4650 999 4704 nesciens
1030 4650 1252 4714 cedere,
1286 4664 1401 4702 non
1458 4647 1527 4701 de
1584 4664 1643 4701 se
1699 4654 1890 4702 tamen

194 4756 576 4812 praisumens,
609 4740 705 4793 sed
738 4738 952 4809 inlipso
982 4755 1086 4809 pro
1131 4754 1244 4809 quo
1294 4740 1514 4807 pugnat
1575 4737 1889 4806 conﬁdens,

196 4831 445 4896 accedat,
478 4834 535 4883 et
568 4833 854 4882 catervam
881 4828 1149 4897 superbia
1165 4826 1465 4891 tumidam,
1494 4824 1742 4879 vanitate
1764 4826 1891 4881 sub-

196 4922 407 4986 nixam,
440 4917 702 4973 varitalis
742 4932 1012 4971 mucrone
1041 4916 1319 4970 concidat.

264 5011 569 5079 lntorquas
609 5022 741 5076 pars
771 5005 1007 5059 adversa
1054 5005 1255 5074 talum,
1286 5010 1341 5059 et
1366 5006 1547 5075 jactas
1581 5021 1593 5059 :
1655 5006 1779 5058 Non
1810 5008 1891 5058 est

192 5104 357 5152 natus
393 5099 544 5151 Deus
576 5111 680 5166 per
708 5098 975 5148 naturam
1007 5093 1285 5147 mulieris.
1319 5093 1569 5165 Opponit
1597 5093 1733 5148 ﬁdei
1764 5109 1888 5147 scu-

191 5192 314 5240 tum
344 5186 429 5240 vir
461 5184 676 5248 ﬁdelis,
708 5188 767 5237 et
804 5182 976 5237 refert
1005 5181 1264 5252 gladium
1293 5181 1453 5237 verbi
1503 5182 1619 5237 Dei.
1653 5202 1681 5234 (ι
1713 5183 1888 5237 Obla-

1989 3052 2079 3101 ter
2108 3052 2307 3101 natum
2341 3064 2459 3102 esse
2501 3049 2681 3102 Deum
2712 3048 3015 3103 hominem
3048 3050 3259 3105 factum
3291 3053 3587 3121 prmdicat,
3622 3060 3685 3107 ut

1988 3152 2093 3206 per
2140 3142 2358 3190 natura!
2397 3136 2623 3190 vuIVam
2670 3136 2909 3190 humani
2958 3144 3160 3206 partus
3188 3140 3312 3208 lege
3343 3142 3683 3209 processisse

1990 3240 2318 3296 cognoscas.
2351 3224 2485 3279 Inde
2531 3240 2759 3295 quoque
2790 3225 2953 3278 docet
2981 3225 3134 3279 haud
3183 3228 3348 3280 aliter
3393 3229 3682 3297 Virginem

1992 3313 2115 3384 lege
2142 3320 2363 3367 natura:
2396 3313 2652 3383 potuisse
2689 3314 2774 3366 lac
2828 3313 3100 3383 proferre,
3135 3315 3224 3368 vel
3278 3315 3421 3369 lacte
3464 3318 3685 3371 nutrire

1991 3418 2236 3473 corpus;
2267 3404 2354 3457 vel
2382 3407 2801 3473 consequenter
2830 3403 3036 3474 pannis
3066 3402 3356 3460 involvere
3386 3421 3504 3459 nou
3555 3412 3685 3460 ante

1993 3493 2331 3547 naturaliter
2372 3498 2594 3548 natum.

2064 3583 2209 3653 Ergo
2272 3582 2657 3649 omnifariam,
2708 3582 3037 3637 adversario
3083 3583 3324 3650 devicto,
3389 3572 3685 3639 teneamus

1996 3686 2123 3725 vera
2154 3671 2284 3732 ﬁde,
2314 3671 2692 3726 conﬁteamur
2722 3688 2821 3726 ore
2854 3672 3123 3739 veridico,
3159 3673 3402 3727 Verbum
3455 3690 3681 3727 carnem

1992 3759 2202 3814 factum
2259 3776 2363 3829 par
2406 3760 2787 3813 ministerium
2820 3761 3003 3814 vulvae
3062 3762 3404 3816 naturaliter
3460 3768 3681 3828 natum,

1993 3847 2308 3902 secundum
2338 3847 2576 3901 rationis
2606 3849 3097 3919 consequentiam,
3129 3855 3187 3903 et
3241 3850 3557 3904 secundum
3607 3853 3688 3905 di-

1991 3936 2255 3991 vinarum
2286 3935 2615 3990 testimonia
2654 3936 3099 4007 Scripturarum,
3132 3943 3187 3991 et
3217 3939 3534 3993 secundum
3584 3941 3683 3994 do-

1993 4032 2213 4081 ctorum
2244 4041 2359 4079 non
2375 4027 2852 4080 contemnendam
2882 4026 3277 4080 auctoritatem
3304 4044 3316 4080 :
3347 4028 3483 4081 satis
3510 4030 3688 4083 abun-

1994 4115 2200 4187 deque,
2235 4120 2297 4170 ut
2321 4116 2562 4182 aestimo,
2595 4119 2977 4170 monstratum
3008 4120 3113 4182 est,
3146 4116 3456 4170 Dominum
3496 4118 3687 4172 Salva-

1993 4209 2173 4259 torem
2229 4206 2298 4260 de
2357 4205 2585 4274 Virgine
2636 4204 2782 4258 sicut
2834 4203 3130 4259 hominem
3174 4209 3395 4271 natum,
3457 4222 3575 4261 non
3625 4213 3689 4263 ut

1998 4292 2388 4363 integritatem
2418 4293 2672 4354 violaret,
2702 4292 2799 4345 illa
2829 4292 3109 4357 nativitas,
3135 4294 3272 4364 quia
3325 4294 3497 4348 Maria
3528 4296 3690 4366 virgo

1999 4382 2108 4437 fuit
2135 4388 2267 4437 ante
2296 4387 2548 4453 partum,
2607 4381 2767 4451 virgo
2824 4382 2885 4436 in
2944 4387 3136 4451 partu,
3197 4384 3359 4453 virgo
3394 4386 3609 4440 mansit
3633 4394 3690 4440 et

2000 4476 2130 4543 post
2157 4477 2407 4540 partum.
2434 4470 2541 4525 Sed
2577 4474 2636 4523 ut
2656 4470 2842 4540 quida
2872 4470 3092 4541 virgine
3123 4488 3328 4542 corpus
3358 4475 3685 4545 assumpsit,

2002 4566 2058 4614 et
2112 4561 2261 4614 intra
2311 4560 2595 4629 gremium
2646 4559 2926 4628 virginale
2972 4560 3281 4623 concrevit,
3345 4577 3450 4631 per
3497 4563 3688 4618 aulam

2001 4665 2229 4720 quoque
2293 4647 2606 4718 virgineam
2658 4647 2999 4701 naturaliter
3046 4655 3394 4704 nasceretur.
3442 4651 3605 4716 Quod
3645 4653 3692 4709 si

2002 4737 2170 4791 alicui
2202 4737 2308 4790 ista
2339 4752 2456 4790 non
2489 4735 2837 4802 suffecerint,
2891 4737 2975 4790 vel
3029 4737 3293 4792 tarditate
3353 4756 3572 4807 sensus,
3604 4745 3690 4798 val

2001 4824 2427 4880 contradicendi
2467 4824 2678 4894 studio,
2723 4841 2838 4878 non
2889 4824 3071 4879 deerit
3110 4827 3263 4881 unde
3293 4828 3522 4899 utrique
3554 4832 3689 4885 sub-

1999 4914 2279 4968 veniatur.
2311 4913 2576 4982 Si,tamen
2607 4918 2663 4968 et
2686 4914 2893 4968 vulnus
2915 4914 3141 4985 aperire
3160 4932 3327 4971 suum
3360 4918 3688 4983 maluerint,

2002 5007 2057 5058 at
2086 5002 2470 5058 contentionis
2501 5003 2814 5073 perniciem
2839 5019 2955 5058 non
3005 5020 3220 5059 amare.
3272 5005 3533 5060 Lusimus
3572 5006 3693 5059 haec

2001 5093 2069 5147 de
2098 5108 2261 5147 more
2291 5090 2641 5145 studentium
2676 5108 2688 5145 :
2726 5108 2854 5161 qua:
2885 5091 2940 5163 jsi
2981 5092 3109 5162 quis
3148 5097 3495 5160 contemnet,
3530 5108 3691 5147 exar-

2004 5181 2138 5237 citia
2162 5181 2328 5236 nobis
2359 5184 2555 5235 nostra
2592 5181 3051 5253 complacebunt.

1794 5373 2090 5384 ..ι-...α-
