4138 6186
392 287 489 338 103

1538 273 1823 327 RATRAM
1836 273 1903 327 Nl
1936 269 2395 327 CORBEIENSIS
2435 267 2744 325 MONACHI

3801 267 3903 319 10's

1677 567 2603 670 RATRAMNI

1781 778 1998 822 CORBEI
2011 778 2083 818 Εἷς
2096 777 2187 817 SlS
2235 775 2518 818 MONACIH

391 953 642 1097 DE
740 942 1645 1093 CORPORE
1739 940 1990 1084 ET
2093 935 3079 1082 SANGUINE
3186 934 3900 1080 DOMINI

1989 1184 2303 1281 LIBER,

392 1356 492 1420 Ab
535 1355 718 1419 omni
751 1353 1071 1416 novitatis
1103 1354 1217 1413 aut
1248 1348 1525 1412 hmresis
1574 1346 1976 1411 Calvinianaa
2019 1345 2412 1408 inventione
2445 1349 2560 1407 aut
2609 1344 2997 1427 suspicione
3029 1344 3437 1421 vindicatus,
3475 1345 3556 1408 ad
3608 1344 3901 1407 amicam

480 1447 837 1506 honestam
877 1448 937 1504 et
971 1441 1364 1502 litterariam
1412 1438 1946 1499 confutationem
2011 1434 2516 1496 Dissertationis
2569 1433 2638 1496 R.
2680 1433 2747 1496 P.
2801 1433 3083 1496 Joannis
3117 1434 3466 1511 Harduini,

3550 1434 3900 1495 societatis

479 1535 777 1595 nominis
809 1532 995 1604 Jesu,
1041 1527 1118 1590 de
1143 1529 1572 1592 Sacramenta
1611 1522 1869 1600 altaris,
1905 1525 1973 1584 iu
2007 1542 2165 1602 qua,
2212 1523 2442 1585 relicto
2479 1524 2828 1603 proposito
2863 1524 2942 1585 de
2977 1525 3230 1586 tuendo
3264 1523 3553 1603 epistola
3593 1522 3659 1586 S.
3695 1522 3897 1584 Joan-

480 1623 587 1683 nis
635 1620 1093 1701 Chrysostomi
1150 1618 1229 1679 ad
1286 1616 1648 1678 Caesarium
1693 1612 2131 1687 monachum,
2177 1616 2524 1701 auctorem
2573 1613 2730 1674 dicti
2774 1613 2925 1674 libri
2975 1608 3053 1674 de
3099 1612 3388 1698 Corpore
3435 1622 3498 1673 et
3552 1609 3902 1694 Sanguine

478 1700 1072 1772 Dominz'inventa:
1127 1725 1202 1766 ac
1243 1705 1540 1766 defensa:
1594 1702 1964 1782 primulum
1996 1701 2278 1762 haeresis
2321 1700 2724 1764 Calviniana:
2759 1702 3040 1764 crimine
3079 1702 3455 1776 accusavit;
3502 1736 3583 1746 —
3619 1706 3898 1762 auctore

477 1798 726 1861 Jacobo
760 1797 1063 1872 BOILEAU,
1099 1793 1421 1870 tlieologo
1467 1791 1856 1854 Parisiensi.
1894 1825 1976 1835 —
2011 1789 2313 1865 Parisiis,
2355 1796 2546 1852 1712.

1986 1969 2292 1981 ——_——

1591 2085 2095 2159 PR/EFATIO
2156 2085 2693 2158 HISTORICA.

461 2360 563 2413 Tot
594 2357 701 2412 viri
730 2356 880 2410 docti
911 2359 1082 2426 atque
1113 2352 1379 2408 homines
1410 2352 1617 2406 eruditi
1667 2353 1774 2406 hoc
1839 2369 2091 2423 opuscu—
2120 2359 2166 2411 Α
2205 2355 2319 2409 sive
2356 2356 2593 2409 diversae
2623 2355 2797 2426 partis
2827 2356 2893 2409 de
2926 2371 2992 2409 eo
3042 2354 3398 2409 mentionem
3442 2353 3639 2407 fecerit
3688 2353 3746 2407 in
3772 2353 3899 2407 vin-

393 2448 512 2502 lum
549 2447 702 2519 quod
732 2463 851 2517 pra:
881 2444 1148 2499 manibus
1172 2444 1364 2509 habes,
1389 2443 1563 2496 lector
1585 2442 1820 2512 optime,
1854 2443 1922 2496 de
1955 2444 2090 2497 Cor-

391 2551 531 2606 pore
571 2541 626 2589 et
653 2534 944 2603 Sanguine
980 2532 1210 2587 Domini
1243 2531 1649 2601 conscriptum,
1698 2532 1859 2600 jussu
1891 2530 2091 2598 Caroli

395 2625 550 2680 Calvi
582 2623 965 2695 imperatoris,
993 2621 1329 2691 octingintis
1361 2619 1566 2674 abhinc
1588 2619 1771 2685 annis,
1815 2625 2094 2673 nocturna

392 2729 569 2768 manu
608 2713 932 2782 diurnaque
993 2715 1159 2764 {etate
1221 2713 1417 2762 nostra
1472 2724 1792 2775 versavere,
1854 2707 2091 2778 ejusque

393 2801 618 2873 generis
650 2807 943 2855 auctorem
976 2799 1293 2869 genuinum
1325 2799 1604 2852 laboriose
1651 2796 1885 2851 scrutati
1915 2800 2090 2865 (sunt,

392 2896 457 2945 ut
489 2905 690 2944 eorum
724 2888 1147 2942 lucubrationes
1193 2886 1615 2941 accessionibus
1644 2885 2092 2955 fquibuscunque

392 2980 684 3033 cumulare
715 2994 831 3032 non
862 2979 1049 3031 solum
1082 2975 1508 3039 inconsiderati,
1545 2989 1742 3028 verum
1775 2974 1945 3027 etiam
1977 2974 2092 3026 otio

395 3073 451 3123 et
510 3068 714 3122 litteris
763 3069 1219 3137 intemperanter
1275 3065 1562 3118 abutentis
1622 3063 1915 3132 scriptoris
1973 3079 2094 3116 esse

393 3157 670 3211 videatur.
702 3158 1110 3210 Verumtamen
1141 3171 1272 3209 cum
1304 3155 1362 3208 in
1395 3155 1587 3207 animo
1622 3152 1960 3222 neutiquam
1994 3152 2093 3205 ha-

391 3248 618 3302 buerim
651 3263 780 3318 qua:
813 3247 966 3300 dicta
994 3251 1129 3300 sunt
1160 3246 1320 3317 prius
1353 3245 1421 3298 ab
1454 3243 1579 3298 aliis
1603 3242 1798 3296 incudi
1833 3241 2092 3305 reddere,

393 3341 449 3390 et
504 3336 651 3389 male
708 3339 935 3389 tornata
988 3350 1325 3405 recoquere,
1387 3330 1913 3402 pertimescendum
1976 3345 2094 3382 non

395 3441 514 3478 esse
547 3425 689 3478 mihi
724 3424 1045 3494 persuadeo
1109 3422 1250 3492 quin
1307 3438 1341 3474 a
1403 3419 1708 3473 lectoribus
1764 3416 2008 3470 eruditis
2039 3421 2096 3469 et

395 3512 750 3581 sapientibus
783 3528 902 3564 non
934 3517 1231 3580 acceptum
1264 3509 1334 3562 iri
1366 3512 1429 3562 ut
1488 3507 1868 3576 injucuudum
1901 3506 2092 3558 consi-

396 3600 538 3654 lium
570 3616 683 3670 quo
713 3616 919 3653 novam
949 3598 1256 3652 editionem
1283 3597 1429 3651 hanc
1451 3596 1769 3650 faciendam
1800 3609 1928 3648 cum
1960 3610 2094 3647 cura

396 3695 454 3744 et
484 3689 595 3742 tide
625 3689 869 3751 decrevi,
907 3687 1369 3742 adnotationibus
1404 3690 1459 3740 et
1505 3684 1948 3756 cogitationibus
1979 3685 2086 3737 cir-
2122 3671 2160 3723 Β

395 3781 772 3847 cumseptam,
807 3777 1016 3847 quibus
1061 3775 1308 3829 auctoris
1342 3775 1513 3845 hujus
1574 3773 1838 3845 opusculi
1880 3771 2086 3825 doctri-

397 3881 530 3917 nam
558 3865 628 3918 ab
646 3865 806 3918 omni
827 3864 1038 3918 erroris
1061 3865 1412 3918 contumelia
1442 3863 1803 3916 defenderem
1835 3866 1892 3915 et
1921 3861 2091 3915 fidem

396 3953 659 4007 Ecclesiae
708 3954 1002 4006 catholicae
1061 3952 1286 4020 placitis
1337 3951 1698 4015 concordem,
1758 3951 1826 4004 de
1879 3950 2091 4004 Gallico

394 4057 662 4095 sermone
694 4043 890 4095 Latine
931 4041 1204 4111 scriptam
1238 4041 1514 4096 tuendam
1538 4040 1874 4110 reciperem.

465 4131 617 4184 Nihil
649 4131 896 4184 inveniri
927 4134 1117 4199 potest
1143 4147 1209 4183 ea
1224 4134 1388 4184 aetate
1412 4129 1598 4182 Caroli
1631 4127 1783 4182 Calvi
1816 4126 2091 4198 scriptum

395 4220 551 4290 quod
583 4219 960 4273 meditatione
992 4220 1247 4272 humana
1286 4224 1342 4272 et
1385 4217 1731 4288 cogitatione
1772 4216 1954 4286 magis
1993 4216 2090 4270 de-

396 4308 524 4360 beat
553 4307 826 4376 reputari.
855 4306 1077 4376 Quippe
1111 4307 1336 4360 nullum
1389 4321 1531 4375 opus
1563 4304 1633 4357 ad
1684 4303 2090 4370 exstricandas,

397 4401 454 4448 et
485 4395 873 4465 explanandas
916 4394 1170 4448 historiae
1225 4394 1492 4460 salebras,
1541 4409 1667 4463 qum
1701 4391 1836 4446 fidei
1893 4392 2090 4444 catho-

400 4485 518 4538 licae
552 4484 996 4554 perpetuitatem
1039 4489 1298 4553 spectant
1344 4484 1414 4537 de
1461 4499 1519 4536 re
1555 4481 1925 4535 Eucharistias
1976 4479 2090 4558 sive

397 4574 630 4626 veritate
663 4572 922 4643 corporis
962 4573 1172 4627 Christi
1206 4572 1265 4626 in
1297 4589 1455 4626 sacro
1488 4570 1757 4642 mysterio
1808 4569 2088 4623 reconditi

397 4662 578 4732 magis
622 4661 981 4716 conducibile
1027 4667 1084 4715 et
1124 4661 1529 4716 necessarium.
1589 4659 2090 4713 Verumenimvero

395 4753 610 4806 librum
655 4753 724 4806 de
770 4752 1108 4822 Corpore.et
1155 4750 1446 4821 Sanguine
1477 4748 1683 4804 Christi
1740 4763 1854 4801 non
1901 4748 2090 4800 minus

397 4842 682 4895 occultum
715 4841 1054 4894 remansisse
1085 4841 1144 4893 in
1192 4840 1448 4894 obscuris
1479 4838 1620 4892 noni
1651 4840 1707 4890 et
1755 4835 1962 4889 decimi
1993 4851 2091 4889 sm-

397 4931 510 4984 culi
541 4930 747 5000 speleis
806 4930 1088 4984 fateamur
1150 4944 1378 4983 necesse
1441 4933 1566 4982 est:
1631 4929 1866 4996 scilicet,
1923 4926 1993 4978 ab
2021 4941 2087 4978 eo

397 5025 656 5089 tempore
686 5018 839 5089 quod
872 5019 1188 5089 primulum
1223 5035 1327 5072 ovo
1359 5019 1619 5071 exclusus
1660 5021 1744 5072 est
1775 5017 1843 5071 ad
1874 5030 2087 5070 annum

403 5111 557 5174 l53'2,
581 5125 695 5178 quo
724 5108 913 5179 prima
934 5109 1075 5176 vice,
1104 5108 1478 5161 obtetricante
1507 5123 1683 5161 manu
1720 5104 2084 5177 typographi,

400 5196 460 5249 in
490 5198 676 5251 lucem
710 5198 948 5252 eductus
981 5201 1084 5251 est.
1123 5196 1275 5250 Nihil
1307 5195 1461 5248 enim
1494 5197 1677 5265 magis
1708 5196 1952 5249 excitire
1985 5210 2090 5263 po-

401 5288 510 5338 test
539 5285 598 5338 iu
629 5286 918 5339 mentibus
959 5285 1261 5340 hominum
1311 5285 1690 5338 litteratorum
1746 5283 2092 5338 admirabili-

402 5377 577 5426 tatem
613 5389 784 5442 quam
816 5373 1078 5428 ducentis
1106 5372 1311 5442 elapsis
1349 5373 1513 5426 annis
1545 5378 1668 5442 post
1713 5377 1952 5426 mortem
1982 5387 2092 5424 au-

403 5460 592 5527 ctoris,
628 5461 855 5525 scilicet,
880 5479 994 5533 quo
1027 5467 1285 5530 tempore
1322 5461 1491 5531 coepit
1522 5477 1824 5532 erumpere
1857 5459 2091 5514 hieresis

404 5551 755 5620 Berengarii,
806 5551 998 5606 nullus
1036 5550 1279 5620 scriptor
1329 5549 1741 5604 ecclesiasticus
1795 5549 2089 5603 catholicae

2204 2445 2412 2499 dictam
2438 2451 2533 2498 aut
2560 2446 3026 2516 profligationem
3080 2444 3333 2498 veritatis
3378 2444 3698 2514 praesentiae
3746 2460 3898 2497 vera:

2201 2535 2388 2586 carnis
2416 2534 2640 2600 Christi,
2686 2539 2782 2588 aut
2812 2533 3200 2588 conversionis
3224 2533 3386 2603 panis
3433 2538 3488 2586 et
3516 2533 3635 2586 vini
3684 2535 3741 2586 in
3773 2550 3901 2587 cor-

2201 2639 2309 2693 pus
2341 2628 2396 2676 et
2438 2623 2803 2693 sanguinem,
2859 2639 3031 2695 quam
3077 2622 3333 2690 theologi
3391 2621 3562 2690 hujus
3620 2624 3901 2692 temporis

2203 2711 2450 2780 majores
2509 2712 3221 2766 transsubstantiationem
3269 2712 3649 2781 appellavere.
3688 2711 3901 2765 Unicus

2203 2803 2257 2852 et
2285 2800 2572 2853 solitarius
2623 2807 2822 2854 auctor
2875 2815 3200 2871 anonymus
3255 2800 3513 2866 incurrit,
3574 2800 3737 2870 cujus
3785 2817 3902 2853 ser-

2203 2903 2400 2940 mones
2430 2889 2551 2941 sine
2583 2905 2754 2943 sensu
2790 2894 2845 2943 et
2874 2889 3155 2944 sententia
3173 2906 3373 2944 omnes
3401 2889 3608 2943 eruditi
3635 2890 3902 2945 homines

2204 2992 2321 3029 esse
2354 2975 2604 3031 fatentur
2638 2981 2831 3048 :cujus
2862 2984 2999 3032 aztas
3021 2967 3302 3049 impervia
3333 2985 3386 3033 et
3418 2979 3902 3049 neminilhomini

2205 3067 2450 3119 litterato
2522 3066 2792 3120 adnotata
2850 3072 2951 3131 est,
2987 3068 3086 3138 qui
3139 3067 3292 3121 hunc
3351 3068 3689 3138 scriptorem
3744 3069 3898 3122 inter

2203 3155 2557 3209 adversarios
2620 3157 2794 3212 sancti
2863 3157 3149 3210 Paschasii
3215 3156 3488 3211 Radberti
3549 3158 3898 3212 recensuerit

2204 3243 2424 3298 abbatis
2455 3244 2831 3312 Corbeiensis,
2857 3245 2954 3316 qui
2981 3246 3050 3299 de
3079 3246 3335 3316 ejusdem
3369 3246 3453 3300 rei
3477 3263 3687 3317 genere
3719 3254 3894 3302 mate-

2203 3332 2348 3386 riam
2403 3334 2674 3403 expolivit
2705 3334 2908 3388 eodem
2980 3333 3096 3387 fere
3145 3339 3422 3404 tempore,
3487 3341 3584 3389 aut
3637 3337 3891 3407 suppari,

2205 3436 2318 3489 quo
2355 3421 2665 3475 monachus
2696 3423 2951 3476 constitit
2972 3423 3223 3492 ejusdem
3256 3423 3496 3477 abbatim
3513 3425 3891 3478 Corbeieusis:

2203 3523 2374 3577 quem
2407 3508 2709 3578 scriptores
2738 3509 2972 3563 diversa:
3009 3510 3183 3580 partis
3215 3510 3544 3579 intelligunt
3575 3518 3630 3564 et
3660 3527 3772 3564 non
3801 3511 3897 3580 Lin-

2203 3595 2326 3650 ﬁmi
2353 3596 2502 3649 inter
2532 3597 2812 3651 litteratos
2844 3598 3032 3651 meriti
3061 3598 3169 3652 sibi
3201 3599 3548 3669 persuadent
3592 3599 3762 3652 fuisse
3788 3600 3893 3653 ab—

2202 3687 2388 3740 batem
2420 3685 2798 3740 Orbaeensem
2850 3686 2909 3739 in
2941 3687 3182 3751 fdioecesi
3233 3687 3626 3742 Suessionensi
3675 3705 3738 3743 ex
3769 3689 3895 3743 loco

2204 3774 2332 3828 libri
2392 3789 2461 3828 ιιι
2521 3775 2780 3828 Historiae
2833 3776 3173 3830 Rhemensis
3233 3777 3533 3831 Flodoardi
3587 3778 3758 3849 capit.
3802 3781 3891 3833 28.

2207 3863 2378 3918 David
2413 3864 2741 3918 Bloudellus
2775 3864 2833 3917 in
2868 3865 3208 3918 adversariis
3255 3866 3691 3920 enodationibus
3719 3868 3787 3921 de
3815 3869 3894 3922 lle

2204 3954 2602 4019 Eucharistica,
2640 3954 2824 4023 capite
2853 3957 2933 4015 t3,
2989 3970 3120 4024 pag.
3169 3956 3305 4019 427;
3359 3954 3605 4009 Jacobus
3636 3956 3890 4011 L'sserius

2203 4043 2463 4096 Historiae
2511 4043 2904 4110 Gotteschalci,
2975 4046 3158 4112 capite
3197 4046 3278 4110 tl,
3313 4060 3444 4113 pag.
3507 4047 3628 4098 268.
3676 4046 3893 4100 Revera

2201 4132 2472 4201 prteclare
2502 4136 2556 4184 et
2595 4131 2882 4185 fortunate
2909 4131 3089 4201 egisse
3122 4131 3262 4184 mihi
3305 4132 3571 4186 videntur
3617 4149 3748 4187 cum
3781 4135 3883 4188 isto

2201 4237 2485 4291 anonymo
2553 4220 2859 4289 scriptores
2913 4220 3151 4289 posteri,
3216 4221 3539 4274 tenuissimi
3597 4227 3887 4295 utcunque

2202 4309 2392 4362 meriti
2423 4308 2656 4362 homine
2689 4308 2958 4375 litterato,
2993 4323 3119 4361 cum
3154 4311 3473 4377 praesertim
3505 4312 3628 4379 ejus
3681 4327 3888 4364 nomen

2201 4397 2332 4449 solis
2362 4396 2664 4449 annalibus
2694 4395 3100 4466 emporeuticis
3121 4397 3558 4452 inscribendum
3585 4398 3888 4452 omissione

2200 4484 2420 4538 sincera
2478 4484 2960 4550 oblitteraverint;
3021 4501 3126 4538 nec
3176 4486 3458 4540 infelicius
3512 4487 3581 4540 de
3615 4487 3888 4556 scriptore

2200 4575 2323 4643 ejus
2350 4573 2577 4643 generis
2608 4575 2845 4628 meritus
2877 4590 2998 4628 esse
3029 4575 3324 4629 videretur
3383 4577 3548 4629 Pater
3595 4576 3886 4641 Cellotius,

2197 4663 2431 4729 Jesuita,
2461 4662 2528 4729 si,
2561 4663 2877 4734 postposita
2926 4668 3085 4718 tanta
3131 4663 3449 4730 curatione,
3502 4665 3624 4734 ejus
3653 4681 3795 4735 opus
3831 4665 3888 4717 in

2200 4751 2446 4804 tenebris
2478 4751 2824 4821 reliquisset,
2858 4767 2960 4805 nec
2991 4757 3074 4806 tot
3106 4753 3468 4806 notationum
3501 4758 3558 4806 et
3599 4769 3887 4806 commen-

2199 4840 2473 4893 tariorum
2493 4839 2913 4893 accessionibus
2936 4845 3227 4893 onerasset
3248 4846 3305 4894 et
3334 4841 3738 4911 intemperanti
3785 4857 3890 4896 usu

2198 4928 2620 4999 typographicas
2673 4929 2808 4982 artis
2857 4929 3072 4998 publici
3113 4929 3260 4999 juris
3310 4945 3428 4983 non
3475 4929 3701 4984 fecisset
3741 4947 3892 4985 anno

2199 5017 2407 5073 Christi
2445 5019 2597 5085 1555',
2645 5019 2743 5071 sed
2797 5016 3039 5070 rectioni
3088 5033 3151 5070 ac
3202 5017 3522 5088 prudentize
3576 5019 3893 5074 doctissimi

2196 5107 2389 5162 Jacobi
2458 5107 2766 5170 Sirmondi,
2837 5106 3120 5160 societatis
3165 5108 3298 5160 Jesu
3395 5109 3665 5178 perennis
3723 5125 3892 5162 orna-

2197 5196 2380 5250 menti
2437 5196 2906 5264 obtemperasset,
2966 5196 3065 5264 qui
3123 5196 3407 5264 ejusmodi
3465 5198 3689 5266 generis
3745 5184 3894 5267 op‘us

2198 5286 2322 5338 luce
2354 5284 2583 5354 publica
2611 5301 2740 5338 cum
2789 5283 3080 5353 plerisque
3120 5301 3236 5337 suae
3268 5285 3447 5338 aetatis
3496 5287 3759 5339 litteratis
3796 5288 3897 5341 ho-

2199 5373 2450 5428 minibus
2478 5373 2781 5444 indignum
2807 5372 3175 5439 indicaverat,
3212 5390 3342 5427 cum
3399 5374 3621 5427 Usserio
3652 5375 3896 5430 diversae

2198 5461 2376 5530 partis
2404 5461 2700 5531 scriptore,
2757 5460 2857 5532 qui
2914 5477 2979 5517 ex
3040 5461 3386 5515 bibliotheca
3439 5463 3779 5517 Cottoniana
3831 5481 3895 5519 se

2202 5549 2510 5619 pervidisse
2543 5549 2714 5604 refert
2745 5550 2930 5621 capite
2963 5555 3016 5605 lt
3058 5551 3189 5606 libri
3213 5551 3280 5605 de
3322 5549 3695 5605 Ecclesiarum
3725 5550 3899 5605 Chri-
