4138 6194
161 204 238 253 105

156 338 394 391 stinarum
469 334 825 389 successione
904 337 958 389 et
1028 339 1209 401 statu,
1274 352 1407 406 pag.

160 424 622 478 Verumenimvero
656 423 892 493 hujusce
927 423 1059 477 libri
1085 424 1357 494 anonymi
1392 424 1671 495 σφάλματα
1708 440 1811 477 nec

156 515 333 568 felicius
383 528 488 566 nec
518 512 839 581 expeditius
888 511 1135 582 perspici
1188 517 1242 565 et
1270 512 1514 583 intelligi
1573 517 1813 582 possunt

159 618 295 672 quam
326 617 391 654 ex
439 601 796 670 autographa
827 600 1040 670 publici
1088 600 1238 670 juris
1292 601 1437 654 facto
1468 617 1501 654 a
1545 600 1810 655 Jesuitico

157 690 278 743 socio
302 689 541 744 Cellotio
564 704 693 742 cum
725 694 992 742 notarum
1018 693 1073 742 et
1123 688 1579 743 adversariorum
1622 689 1812 743 densis

160 776 557 830 accessionibus.

214 866 433 934 Insuper
491 863 847 933 Sigebertus,
898 864 1214 918 monachus
1270 864 1717 932 Gemblacensis,
1760 867 1816 916 et

158 953 441 1007 continenti
492 958 751 1022 tempore
801 953 980 1006 sancti
1035 953 1317 1007 Vincentii
1376 954 1655 1015 Metensis,
1716 952 1815 1022 qui

157 1043 354 1097 ineunte
383 1041 727 1096 duodecimo
756 1042 964 1096 sazculo
995 1041 1152 1108 vixit,
1205 1046 1261 1096 et
1303 1043 1550 1096 Joannes
1596 1042 1814 1096 Trithe-

157 1132 295 1197 mius,
341 1130 510 1185 initio
572 1131 759 1184 saeculi
813 1130 1021 1184 decimi
1084 1130 1271 1201 quinti
1326 1131 1499 1185 abbas
1555 1131 1815 1201 Spanhe-

157 1219 404 1284 miensis,
486 1219 547 1272 in
631 1218 749 1272 suis
825 1219 895 1272 de
964 1219 1344 1290 Scriptoribus
1416 1219 1819 1273 Ecclesiasticis

155 1311 605 1379 ὑπομνιμονέυμασι
668 1308 1038 1361 Ratramnum
1100 1308 1250 1361 inter
1310 1308 1614 1378 scriptores
1691 1322 1819 1361 vere

156 1398 264 1451 ﬁdei
314 1414 375 1451 ac
424 1396 722 1450 catholicas
760 1396 1089 1449 defensores
1149 1396 1428 1465 referunt,
1475 1401 1530 1450 et
1588 1396 1711 1466 ejus
1744 1396 1820 1450 li-

154 1487 293 1539 brum
328 1486 397 1539 de
428 1488 681 1555 Corpore
708 1489 763 1538 et
809 1483 1095 1555 Sanguine
1129 1484 1378 1551 Domini,
1436 1485 1818 1554 conscriptum

152 1576 287 1644 jussu
314 1574 503 1629 Caroli
547 1574 699 1627 Calvi
744 1573 1124 1643 imperatoris,
1183 1572 1326 1626 nulli
1365 1572 1672 1642 suspicioni
1703 1574 1813 1626 hm-

154 1664 270 1717 resis
313 1663 629 1716 obnoxium
669 1666 768 1715 aut
826 1662 1095 1715 adversus
1152 1661 1205 1716 S.
1267 1661 1629 1715 Paschasium
1689 1660 1820 1714 scri-

153 1758 291 1822 ptum
318 1751 405 1805 vel
441 1750 741 1805 sententize
770 1750 1030 1803 Ecclesia
1061 1749 1350 1802 catholicae
1401 1750 1514 1802 ulla
1566 1765 1629 1802 ex
1660 1754 1819 1820 parte

153 1845 552 1911 repugnantem
597 1842 911 1892 recensent.
966 1837 1292 1892 Continenti
1339 1842 1615 1907 tempore,
1668 1838 1821 1889 solus

152 1929 301 1997 hujus
329 1927 749 1982 lucubrationis
782 1925 1137 1979 mentionem
1171 1925 1302 1978 fecit
1333 1940 1448 1979 non
1477 1925 1557 1978 ita
1589 1923 1820 1995 pridem

152 2017 476 2088 perillustris
525 2017 766 2069 Joannes
817 2014 1133 2079 Fischerus,
1171 2013 1454 2069 Roti‘ensis
1506 2013 1562 2066 in
1621 2013 1823 2082 Anglia

155 2107 453 2176 episcopus,
488 2105 555 2159 ad
589 2104 927 2173 dignitatem
961 2102 1262 2157 cardinalis
1293 2108 1594 2173 provectus
1620 2102 1677 2155 in
1711 2116 1825 2154 car-

154 2211 279 2260 cere,
310 2201 363 2248 et
396 2194 470 2247 ab
504 2194 744 2246 Henrico
788 2198 1006 2256 octavo,
1043 2193 1257 2261 Magna:
1305 2190 1614 2244 Britanniae
1668 2205 1820 2259 rege,

152 2284 331 2353 iniquo
385 2283 623 2337 homine
660 2285 714 2334 et
760 2280 1091 2345 mulieroso,
1127 2296 1232 2349 pro
1275 2278 1385 2332 ﬁde
1434 2278 1715 2332 catholica
1769 2282 1827 2331 et

155 2370 469 2425 defensione
521 2368 828 2423 fortissima
879 2366 1025 2421 sedis
1059 2366 1383 2438 apostolicae
1413 2366 1596 2435 capite
1628 2367 1826 2436 plexus

155 2462 320 2513 aetatis
357 2458 774 2527 octuagcsimo,
808 2456 957 2509 idem
988 2457 1327 2525 opusculum
1358 2454 1652 2509 Ratramni
1684 2470 1821 2524 pro-

158 2548 285 2601 didit
314 2549 373 2600 in
405 2546 869 2599 testificationcm
921 2544 1051 2598 tidei
1082 2543 1371 2598 catholicos
1404 2544 1473 2598 de
1522 2542 1825 2615 prmsentia

148 2636 383 2706 corporis
416 2640 476 2689 et
514 2633 811 2702 sanguinis
852 2633 1059 2686 Christi
1084 2632 1141 2686 in
1175 2631 1525 2686 Eucharistia
1559 2636 1613 2685 et
1643 2637 1824 2685 trans-

150 2720 630 2785 substantiatione,
675 2722 729 2771 in
778 2718 1111 2787 praefatione
1158 2718 1290 2771 libri
1326 2716 1516 2786 quarti
1560 2716 1824 2770 Euchari-

148 2811 254 2863 stiee
292 2809 569 2863 adversus
609 2804 1111 2874 Olﬁcolampadium
1145 2822 1294 2859 anno
1332 2792 1507 2869 L326,
1534 2820 1625 2857 sex
1657 2803 1824 2856 annis

986 203 1074 258 DE
1113 201 1436 257 CORPORE
1480 202 1566 256 ET
1605 202 1944 257 SANGUINE
1987 201 2248 257 DOMINI.
2274 232 2341 241 —
2369 204 2752 263 PREFATIO.

1480 335 1568 402 46,
1635 335 1662 405 §
1736 338 1819 389 ιθ.
1852 336 1893 390 Α

3515 218 3614 273 106

2005 334 2193 389 Sixtus
2240 336 2525 406 Senensis,
2586 355 2649 394 ex
2678 342 2876 397 ordine
2907 344 3431 417 Dominicanorum,
3466 368 3616 407 anno

1924 427 2078 489 1566,
2115 425 2281 479 tertio
2334 427 2559 480 circiter
2616 434 2743 500 post
2789 433 3227 489 celebrationem
3291 440 3609 507 perfectam

1920 513 2144 566 concilii
2201 514 2542 580 Tridentini,
2605 534 2722 571 non
2781 522 2962 590 magis
3015 523 3164 577 civili
3216 541 3319 579 nec
3366 528 3617 598 propitia

1922 617 2093 654 manu
2128 602 2336 671 excipit
2366 603 2423 656 in
2448 620 2547 657 sua
2570 606 2905 675 praefatione
2968 610 3325 667 Bibliotheca:
3386 614 3606 669 Sanctae

1922 706 2091 760 quam
2124 690 2220 744 Pio
2250 692 2288 743 V
2321 691 2626 761 inscripsit.
2665 694 2726 747 In
2758 711 2871 765 qua
2895 702 3195 768 postquam
3227 702 3609 757 mortiticante

1921 780 2139 833 calamo
2183 785 2238 833 et
2296 781 2669 837 mordacitate
2722 784 3016 838 charitatis
3064 787 3247 841 diluto
3304 797 3609 861 exaggerat

1924 867 2199 921 audacem
2240 868 2604 924 insolentiam
2654 874 3118 944 protestantinm,
3175 876 3275 946 qui
3328 876 3615 934 fabricatis

1925 955 2084 1009 libris
2139 956 2427 1027 adespotis
2476 964 2527 1012 et
2584 961 2992 1031 pseudonymis
3041 980 3157 1017 sua;
3224 968 3616 1034 superstitioni

1924 1044 2186 1115 propitiis
2236 1046 2493 1100 Ecclesiae
2524 1048 2813 1103 catholicae
2860 1050 3177 1105 doctrinam
3239 1052 3613 1122 impetebant,

1925 1133 2158 1187 nomine
2210 1138 2265 1187 et
2309 1135 2581 1205 panoplia
2631 1141 2888 1192 veterum
2938 1141 3166 1193 Patrum
3202 1140 3496 1205 indusiati,
3556 1141 3616 1195 in

1927 1238 2173 1292 quorum
2208 1238 2449 1276 numero
2508 1231 2824 1295 aggregant
2878 1227 3086 1281 librum
3138 1229 3477 1299 praedictum
3509 1230 3616 1283 Ra-

1926 1310 2156 1371 tramni,
2202 1332 2223 1359 ι
2259 1311 2370 1377 Sic,
2423 1311 2611 1382 inquit
2639 1313 2830 1367 Sixtus
2869 1314 3153 1381 Senensis,
3200 1316 3478 1387 proximis
3504 1332 3613 1370 an-

1929 1397 2013 1451 nis
2068 1398 2457 1467 perniciosum
2516 1399 2943 1470 OEcolampadii
3002 1403 3272 1456 volumen
3344 1404 3615 1457 adversus

1930 1490 2345 1539 sacramentum
2389 1488 2644 1557 corporis
2675 1488 2884 1542 Christi
2915 1489 3285 1559 invulgarunt
3315 1492 3420 1545 sub
3451 1491 3617 1545 titulo

1931 1575 2208 1629 Bertrami
2237 1575 2548 1645 presbyteri
2580 1576 2647 1629 de
2690 1576 2941 1647 Corpore
2985 1583 3041 1632 et
3069 1578 3358 1649 Sanguine
3390 1579 3620 1634 Domini

1930 1663 1998 1715 ad
2032 1663 2294 1717 Carolum
2328 1664 2614 1733 Magnum.
2653 1685 2680 1710 ››

2002 1749 2163 1804 Brevi
2195 1751 2468 1820 temporis
2488 1750 2729 1803 decursu
2771 1755 2902 1819 post
2939 1751 3162 1806 Sixtum
3202 1754 3510 1808 Senensem
3543 1754 3612 1807 il-

1931 1836 2302 1891 lustrissimus
2355 1838 2621 1892 Claudius
2682 1840 3018 1909 Espenceus,
3062 1858 3233 1912 quem
3277 1858 3379 1895 sua
3447 1847 3615 1896 aetate

1931 1925 2124 1978 nullus
2174 1925 2372 1979 doctor
2411 1927 2649 1981 scientia
2672 1932 2773 1981 aut
2810 1928 3132 1983 eruditione
3164 1930 3486 1985 Christiana
3523 1946 3620 1984 su-

1929 2012 2165 2081 peravit,
2198 2013 2286 2066 his
2332 2014 2626 2068 affectibus
2682 2016 3105 2070 contaminatus
3153 2033 3269 2070 non
3316 2016 3423 2071 fuit
3470 2017 3623 2087 quod

1931 2099 2037 2153 zeli
2065 2104 2122 2155 et
2170 2103 2451 2156 sermonis
2484 2102 2793 2157 Christiani
2846 2105 3080 2157 nomine
3110 2104 3371 2175 plerique
3421 2104 3623 2175 indigi-

1930 2190 2073 2252 tant,
2135 2189 2299 2258 aquis
2382 2190 2571 2260 rapidi
2618 2190 2875 2243 fluminis
2926 2191 3198 2261 abreptus
3247 2208 3304 2244 se
3356 2191 3622 2262 permisit

1933 2276 2142 2346 quibus
2174 2278 2479 2332 immersus
2508 2279 2807 2333 videbatur
2866 2280 3208 2333 Ratramnus
3238 2279 3387 2333 inter
3442 2280 3621 2333 haere-

1931 2364 2090 2419 ticos.
2120 2366 2260 2419 Cum
2296 2368 2451 2420 enim
2501 2367 2729 2421 sudaret
2778 2367 2976 2421 labore
3033 2367 3319 2422 exantlato
3387 2384 3621 2422 suorum

1933 2453 2001 2507 de
2034 2454 2378 2509 Adoratione
2410 2456 2778 2509 Eucharistize
2823 2455 3126 2523 librorum,
3159 2473 3303 2527 quos
3335 2462 3459 2527 post
3500 2457 3623 2510 obi—

1933 2546 2052 2595 tum
2087 2543 2298 2613 publici
2333 2544 2480 2612 juris
2536 2544 2668 2597 fecit
2707 2544 2946 2598 illustris
2983 2545 3179 2599 doctor
3209 2545 3491 2600 Gilbertus
3519 2546 3625 2599 Ge-

1934 2630 2274 2696 nebrardus,
2305 2630 2454 2685 libro
2506 2635 2590 2699 tl,
2622 2632 2807 2701 capite
2835 2636 2920 2697 19,
2973 2634 3183 2687 multos
3227 2649 3447 2688 errores
3485 2650 3625 2687 con-

1936 2726 2021 2770 tra
2081 2717 2251 2771 fidem
2308 2718 2366 2771 in
2411 2718 2519 2772 hoc
2563 2721 2915 2790 recognoscit
2974 2720 3271 2774 Ratramni
3329 2722 3624 2791 opusculo,

1935 2810 2241 2876 postquam
2293 2806 2683 2861 admonitione
2740 2808 2949 2878 praevia
2988 2809 3278 2863 adnotavit
3335 2814 3623 2863 auctorem

146 2898 356 2952 circiter
388 2900 699 2965 antequam
732 2895 883 2965 typis
906 2893 1455 2947 ederetur'Coloniae
1485 2910 1633 2946 anno
1668 2895 1822 2957 1532,
1855 2922 1896 2977 C
1933 2895 2064 2964 plus
2103 2894 2399 2964 implicare
2432 2895 2728 2950 materiam
2760 2902 2817 2950 et
2866 2896 3102 2951 salebris
3136 2897 3402 2952 intricare
3453 2913 3626 2968 quam

144 2986 225 3039 cui
256 2985 520 3055 adjunxit
562 2984 925 3037 Paschasium
975 2982 1133 3035 nullo
1178 2981 1507 3035 discrimine
1554 2980 1827 3034 doctrina:

146 3074 403 3127 adducto.
438 3075 510 3126 At
540 3088 673 3124 vero
709 3086 839 3123 cum
892 3070 1141 3140 primum
1197 3069 1256 3123 in
1306 3070 1486 3122 lucem
1542 3067 1826 3138 publicam

144 3162 372 3215 eductus
402 3166 490 3215 est
540 3160 748 3213 sudore
780 3158 927 3229 preli
952 3157 1366 3228 typographici,
1402 3162 1611 3210 sortem
1642 3156 1827 3208 incre-

146 3250 389 3304 dibiliter
443 3248 658 3302 variam
714 3253 772 3301 et
823 3248 1158 3300 mutabilem
1210 3251 1476 3315 expertus
1518 3249 1642 3298 est:
1701 3259 1827 3314 quin

147 3338 279 3392 forte
348 3336 499 3391 nulli
569 3335 784 3389 auctori
850 3334 1127 3387 catholico
1196 3348 1434 3404 usquam
1492 3328 1824 3402 contigerat.

142 3427 404 3489 Quamvis
438 3426 584 3480 nihil
632 3423 994 3495 praeseferrct
1023 3438 1349 3493 repugnans
1379 3426 1477 3475 aut
1532 3422 1829 3475 adversum

143 3516 355 3569 veritati
407 3514 728 3577 catholicae,
781 3512 931 3582 quod
985 3527 1052 3564 ex
1095 3512 1199 3564 hac
1251 3510 1647 3564 lucubratione
1700 3509 1828 3576 tibi,

142 3605 327 3673 lector,
382 3604 551 3658 facile
603 3602 957 3655 intellectum
999 3600 1069 3652 iri
1127 3616 1244 3652 non
1297 3598 1645 3665 dubitamus,
1701 3614 1828 3651 cum

142 3693 322 3745 studio
354 3698 414 3746 et
446 3706 581 3744 cura
613 3695 668 3743 et
698 3689 850 3759 typis
882 3688 1327 3742 Proteslantium
1362 3686 1829 3741 Germanicorum

140 3779 526 3850 publicijuris
580 3779 760 3831 factus
790 3777 963 3830 fuerit
1015 3782 1292 3847 tanquam
1340 3792 1484 3845 opus
1513 3775 1663 3845 quod
1715 3774 1832 3827 suis

140 3866 644 3938 superstitionibus
674 3869 729 3918 et
786 3863 1131 3917 coitionibus
1154 3864 1470 3935 propitium
1503 3862 1610 3916 sibi
1649 3863 1832 3916 [iuxe—

138 3962 289 4025 runt,
324 3971 533 4009 omnes
593 3955 712 4007 fere
742 3953 847 4006 viri
903 3953 1158 4018 litterati,
1214 3952 1405 4006 nescio
1440 3968 1554 4021 quo
1598 3957 1830 4004 veterno

139 4044 417 4115 consopiti
445 4041 739 4105 catholici,
801 4041 948 4095 datis
976 4040 1165 4093 verbis
1220 4038 1661 4093 Protestantium
1717 4055 1831 4092 non

137 4132 469 4186 abnuerunt
513 4136 573 4183 et
610 4128 798 4200 pravis
828 4129 1083 4182 consiliis
1115 4144 1230 4181 non
1259 4127 1621 4192 obstiterunt,
1657 4143 1833 4196 opus-

138 4238 241 4290 que
274 4219 584 4276 Ratramni
616 4217 772 4271 omni
804 4216 1065 4271 examine
1117 4216 1432 4287 postposito
1481 4220 1538 4268 et
1592 4216 1832 4287 ἄνακρισι
1864 4219 1907 4271 Ι)

139 4310 347 4374 relicta,
377 4316 657 4377 tanquam
694 4322 837 4375 opus
868 4305 1132 4357 barretica
1162 4304 1439 4373 pravitate
1466 4302 1832 4371 inquinatum

138 4403 188 4450 et
233 4399 375 4451 dolo
422 4396 679 4465 maligno
724 4392 1170 4447 Protestantium
1226 4390 1547 4459 nimiopere
1596 4389 1831 4443 fabrica-

138 4490 249 4539 tum
284 4502 298 4540 :
336 4499 649 4556 perperam
694 4480 962 4550 imposito
1025 4479 1255 4533 nomine
1310 4478 1601 4547 scriptoris
1647 4478 1838 4530 catho-

138 4574 310 4626 liciut
366 4571 597 4626 facilius
641 4568 1047 4623 intoxicatione
1095 4568 1276 4621 celata
1304 4582 1586 4620 venenum
1648 4565 1837 4637 propi-

138 4667 363 4714 narent.

200 4747 750 4811 Verumenimvero,
805 4759 1069 4798 censores
1126 4759 1158 4796 a
1214 4743 1454 4806 concilio
1505 4740 1838 4795 Tridentino

135 4838 401 4907 deputati
437 4850 591 4888 anno
627 4836 762 4887 1559
804 4834 873 4886 ad
924 4847 1161 4886 examen
1194 4832 1470 4885 librorum
1522 4846 1666 4901 quos
1708 4831 1839 4900 jure

133 4928 340 4979 merito
400 4940 527 4977 esse
562 4921 950 4992 prohibendos
983 4922 1174 4974 Patres
1213 4919 1628 4985 existimabant,
1690 4918 1841 4972 hunc

132 5014 344 5067 librum
390 5013 457 5065 in
489 5012 750 5079 catalogo
808 5009 1163 5062 collocarunt
1200 5014 1256 5062 et
1287 5007 1436 5061 inter
1466 5023 1641 5077 opera
1669 5022 1842 5076 prava

130 5104 497 5174 relegarunt,
541 5098 801 5167 adeoque
832 5097 1005 5150 hodie
1032 5097 1087 5150 in
1121 5097 1229 5150 hoc
1259 5096 1443 5149 indice
1474 5095 1709 5148 incurrit
1737 5111 1841 5147 nu-

130 5207 285 5243 mero
327 5192 388 5253 5,
436 5186 542 5240 sub
573 5185 809 5239 nomine
838 5184 1114 5237 Bertrami
1166 5183 1253 5236 his
1291 5183 1579 5253 conceptis
1609 5182 1792 5235 verbis
1826 5198 1838 5235 :

128 5278 415 5333 Bertrami
444 5275 578 5328 liber
628 5274 725 5341 qui
762 5272 1084 5325 inscribitur
1112 5271 1177 5325 de
1206 5273 1436 5340 Corpore
1465 5276 1513 5325 et
1568 5272 1844 5338 Sanguine

134 5369 388 5420 Domini.
430 5361 723 5433 Ejusmodi
756 5359 1357 5431 censorumjudicium
1411 5359 1517 5413 fuit
1546 5359 1842 5413 continen-

131 5460 213 5510 ter
238 5472 275 5509 a
304 5454 420 5510 Pio
450 5452 521 5507 IV
552 5451 825 5522 pontiﬁce
849 5447 1093 5502 maximo
1119 5447 1572 5519 promulgatum.

509 5542 794 5607 Parnon.
850 5537 1057 5603 CXXI.

1935 2983 2181 3037 enodare
2214 2987 2267 3037 et
2307 2984 2627 3053 explicare:
2665 2984 2951 3038 concludit
3002 3001 3122 3038 esse
3163 3001 3307 3055 opus
3367 2987 3627 3056 supposi-

1935 3071 2147 3134 titium,
2182 3070 2344 3140 cujus
2371 3072 2713 3125 Ratramnus
2754 3071 3039 3141 genuinus
3068 3077 3267 3125 auctor
3303 3078 3400 3127 aut
3441 3073 3622 3142 gemi-

1935 3175 2042 3213 nus
2070 3174 2191 3211 esse
2223 3174 2339 3211 non
2369 3157 2578 3229 potuit.

2008 3245 2351 3312 Sanctesius,
2412 3246 2713 3316 episcopus
2782 3246 3159 3308 Ebroicensis,
3227 3246 3325 3316 qui
3384 3245 3627 3300 fortibus

1937 3339 1990 3389 et
2028 3335 2381 3405 fulgentibus
2411 3335 2585 3388 armis
2644 3335 2843 3389 eodem
2876 3335 3077 3388 saeculo
3127 3334 3399 3388 adversus
3442 3335 3624 3388 haere-

1936 3423 2078 3477 ticos
2120 3423 2419 3477 veritatem
2476 3423 2755 3491 defendit,
2788 3423 3048 3477 eamdem
3072 3422 3237 3476 inivit
3262 3423 3626 3488 sententiam,

1938 3517 1993 3566 et
2018 3514 2393 3567 Ratramnum
2425 3515 2712 3566 auctorem
2745 3511 2980 3582 hujusce
3017 3511 3151 3565 libri
3196 3528 3314 3566 esse
3365 3528 3481 3565 non
3522 3528 3627 3580 po—

1940 3600 2111 3653 tuisse
2138 3600 2416 3653 tuendum
2452 3600 2653 3671 recipit
2684 3600 2929 3654 secunda
2958 3599 3297 3669 repetitione
3322 3600 3389 3653 de
3421 3599 3631 3653 Eucha-

1938 3688 2116 3754 ristia,
2151 3688 2335 3758 capite
2371 3689 2454 3741 14.

2010 3776 2205 3830 Eidem
2252 3776 2549 3829 sententiae
2599 3775 3002 3840 deputatorum
3051 3791 3355 3830 censorum
3410 3775 3630 3829 concilii

1937 3864 2253 3920 Tridentini
2279 3865 2483 3918 annuit
2511 3864 2889 3918 libentissime
2929 3880 3187 3918 summus
3235 3863 3483 3934 pontifex
3514 3864 3632 3918 Cle-

1940 3969 2102 4007 mens
2135 3952 2277 4021 VIII,
2310 3952 2636 4022 librumque
2669 3957 2731 4005 ut
2760 3952 3093 4006 hazreticum
3122 3968 3355 4022 prorsus
3377 3951 3635 4021 repudia-

1944 4041 2039 4102 vit.
2074 4040 2312 4110 ejusque
2358 4040 2672 4093 decretorio
2716 4040 2934 4109 judicio
2992 4040 3467 4110 obtemperarunt
3510 4054 3632 4093 car-

1942 4130 2158 4184 dinales
2199 4129 2596 4197 Bellarminus,
2654 4129 2926 4199 Quiroga,
2977 4129 3250 4182 Saudoval
3291 4133 3347 4181 et
3401 4128 3633 4181 Alanus.

2016 4217 2124 4270 Sed
2177 4216 2437 4270 doctores
2494 4216 2890 4283 Lovanienses,
2951 4217 3087 4269 dicti
3126 4217 3296 4286 vulgo
3363 4215 3636 4283 Theologi

1946 4305 2283 4369 Duacenses,
2317 4320 2465 4358 anno
2503 4308 2659 4369 1571,
2702 4320 2814 4374 quo
2841 4304 2951 4357 vita
2994 4303 3263 4374 Espencei
3303 4303 3519 4357 calculo
3550 4304 3634 4356 la-

1944 4393 2196 4446 borantis
2226 4392 2565 4461 stranguria:
2597 4392 2889 4445 doloribus
2918 4392 2975 4445 in
3019 4393 3189 4445 caelos
3219 4391 3465 4457 recessit,
3507 4406 3637 4444 cum

1946 4480 2118 4534 indici
2154 4480 2428 4533 librorum
2461 4480 2880 4549 prohibitorum
2911 4479 2969 4532 in
3001 4480 3190 4547 Belgio
3244 4479 3642 4533 incumberent

1945 4567 2316 4639 perficiendo,
2350 4582 2511 4635 posse
2544 4566 2695 4620 hunc
2726 4567 2957 4632 librum,
2993 4566 3253 4620 admissis
3295 4567 3640 4637 quibusdam

1949 4655 2469 4722 emendationibus,
2510 4654 2636 4723 lege
2687 4653 3095 4724 prohibitionis
3147 4655 3343 4720 eximi,
3387 4670 3490 4707 nec
3538 4653 3642 4708 de-

1948 4744 2083 4798 bere
2138 4743 2287 4796 inter
2307 4742 2695 4813 supposititios
2744 4741 3048 4809 recenseri,
3099 4747 3294 4795 contra
3323 4758 3497 4813 quam
3547 4742 3632 4795 fas

1950 4837 2034 4885 est
2068 4832 2240 4885 etiam
2298 4831 2381 4883 eis
2422 4830 2699 4900 injuriose
2739 4830 3152 4900 imponeretur.
3209 4830 3266 4884 Si
3320 4830 3452 4901 quis
3512 4845 3641 4899 per-

1951 4919 2213 4973 suaderet
2297 4918 2600 4988 predictos
2660 4918 2859 4988 Belgas
2908 4919 3232 4989 percontari
3290 4918 3537 4972 voluisse
3588 4919 3644 4967 et

1952 5006 2215 5075 quaedam
2244 5004 2365 5057 loca
2399 5007 2705 5059 emendare
2753 5010 2812 5059 ut
2843 5005 3042 5059 deletis
3083 5006 3424 5076 quibusdam
3479 5016 3646 5072 quae-

1955 5094 2087 5148 dam
2123 5110 2266 5147 nova
2316 5093 2439 5146 loco
2498 5098 2915 5162 expunctorum
2951 5094 3259 5147 verborum
3311 5092 3379 5146 ad
3415 5090 3641 5143 libitum

1957 5187 2403 5253 aggregarentur
2437 5197 2448 5234 :
2484 5181 2697 5252 quippe
2720 5182 2881 5235 facile
2916 5182 2989 5235 sit
3018 5180 3341 5249 intelligere
3375 5193 3470 5231 eos
3503 5175 3645 5229 nihil

1958 5270 2110 5325 aliud
2143 5270 2201 5323 in
2229 5270 2422 5323 animo
2447 5270 2709 5324 habuisse
2741 5286 2913 5340 quam
2937 5269 3241 5323 emendare
3276 5272 3329 5320 et
3360 5264 3647 5335 corrigere

1958 5375 2102 5429 opus
2133 5374 2281 5411 essse
2339 5374 2406 5412 ea
2451 5374 2580 5428 quas
2612 5357 2747 5411 viris
2800 5357 2980 5428 aequis
3037 5360 3093 5409 et
3123 5353 3388 5408 litteratis
3419 5359 3476 5408 et
3506 5369 3649 5424 pru-

1959 5445 2225 5501 dentibus
2289 5446 2605 5500 necessaria
2657 5450 2714 5499 et
2766 5441 3145 5499 conducibilia
3203 5441 3273 5496 ad
3333 5442 3647 5497 faciliorem

3305 5541 3341 5596 4
