4138 6186
348 292 351 299 ι
406 215 502 272 107

1564 194 1920 254 ΒΑΤΒΑΜΝΙ
1960 188 2412 249 CORBEIENSIS
2449 185 2755 243 MONACIII

3790 182 3889 235 £08

404 355 590 404 textus
620 344 865 403 auctoris
914 338 1345 409 intelligentiam
1400 340 1457 389 et
1487 348 1713 388 sensum
1764 328 2087 401 percipien-
2118 328 2163 380 Α
2202 325 2309 378 lico
2360 340 2519 378 more
2565 327 2621 376 et
2670 325 2813 391 styto
2861 318 3176 373 orthodoxo
3207 316 3477 388 exprimit
3506 322 3562 371 et
3621 318 3890 388 explicat.

405 439 540 493 dum
591 435 968 490 viderentur:
1021 426 1178 481 verbi
1212 424 1414 497 gratia,
1463 421 1767 492 legendum
1819 434 1937 471 esse
1983 433 2090 470 nu-

408 544 567 583 mero
596 527 684 588 47,
725 520 1077 576 invisibiliter
1106 521 1161 569 et
1201 532 1314 569 non
1357 512 1648 567 visibiliter
1683 526 1694 563 :
1747 509 1893 562 hanc
1938 506 2091 558 enim

411 611 869 670 emendationem
920 607 1059 660 adeo
1102 608 1482 674 opportunam
1523 598 1856 668 judicarunt
1904 595 2095 647 Prote-

411 707 623 757 stantes
673 704 735 751 ut
784 712 908 750 cam
967 696 1213 748 libenter
1267 687 1606 743 admiserint
1636 686 1694 738 in
1750 682 2097 737 editionibus

414 787 712 845 Bisileensi
753 783 1148 839 consentaneis
1190 780 1323 832 anui
1359 782 1489 831 12557
1521 792 1533 829 :
1568 774 1625 828 hi
1677 773 1847 827 etiam
1902 771 2097 823 docto-

412 894 502 932 res
527 890 823 946 nunquam
856 872 960 926 sibi
1014 871 1423 940 persuaserunt
1475 863 1690 917 dandos
1723 865 1778 914 et
1815 858 2101 929 applican-

411 967 512 1021 dos
542 982 661 1019 esse
695 978 894 1016 sensus
927 959 1223 1013 sententize
1271 955 1439 1023 hujus
1472 949 1719 1005 auctoris
1751 946 2018 1002 adversos
2046 949 2103 998 et

411 1057 801 1124 repugnantes
841 1050 909 1104 iis
942 1064 1084 1119 quos
1130 1043 1351 1107 habuit,
1397 1056 1524 1094 cum
1560 1038 1612 1093 ei
1644 1036 1975 1091 commodos
2004 1050 2099 1086 seu

416 1141 875 1196 accommodatus
904 1153 1021 1189 esse
1067 1134 1284 1188 dandos
1308 1132 1685 1193 censuerunt;
1712 1125 1794 1179 uti
1838 1126 2006 1195 plane
2051 1128 2105 1176 et

417 1232 661 1302 perfecte
712 1223 1123 1282 demonstravit
1174 1220 1533 1275 doctissimus
1598 1215 1814 1270 Jesuita
1870 1212 2107 1267 Iacobus

420 1300 738 1380 Cretzerus,
772 1316 830 1368 in
863 1311 1111 1366 secundo
1154 1309 1298 1362 libro
1326 1307 1395 1361 de
1449 1307 1579 1359 Jure
1612 1309 1668 1357 et
1699 1302 1855 1357 Modo
1913 1300 2104 1371 probi.

420 1406 594 1461 bendi
619 1404 792 1458 libros
811 1402 1007 1461 malos,
1027 1397 1210 1467 capite
1240 1398 1301 1450 tO
1324 1399 1517 1447 contra
1541 1392 1796 1453 Junium,
1826 1405 1957 1458 pag.
1984 1390 2107 1451 3'27,

421 1497 682 1564 impress.
749 1486 1078 1559 Ingolstadii
1147 1500 1296 1537 anno
1360 1484 1512 1537 1603.
1567 1482 1694 1533 [hec
1750 1476 1893 1531 nihil
1959 1475 2111 1529 aliud

425 1581 747 1652 significant
776 1577 884 1631 nisi
918 1574 967 1629 ei
1024 1572 1383 1627 scribendum
1417 1575 1471 1622 et
1520 1569 1796 1621 tuendum
1831 1581 1948 1618 esse
1990 1581 2113 1617 sen—

426 1687 549 1723 sum
609 1666 870 1721 Ecclesim
922 1662 1235 1726 catholicas,
1269 1676 1301 1713 a
1331 1674 1444 1728 quo
1480 1672 1675 1709 revera
1715 1654 1955 1707 alienior
1997 1669 2110 1705 non

426 1759 665 1820 videtur,
740 1757 823 1807 uti
876 1752 1193 1820 intelligere
1253 1747 1412 1801 facile
1471 1744 1573 1797 erit
1636 1760 1696 1796 ex
1757 1741 2115 1810 autographo

428 1851 586 1901 textu
637 1843 833 1897 Latino
868 1840 996 1894 libri
1028 1834 1343 1901 Ratramni,
1407 1831 1743 1887 adversariis
1802 1830 2006 1883 nostris
2063 1833 2119 1881 et

430 1932 689 1988 vindiciis
746 1930 956 2001 quibus
990 1927 1257 1981 adversus
1317 1925 1541 1976 Patrem
1594 1918 1967 1983 llarduinum,
2024 1933 2117 1970 so-

432 2024 579 2076 cium
622 2019 975 2081 Jesuitieum,
1036 2015 1240 2067 librum
1303 2013 1610 2064 llatramno
1667 2024 1763 2060 seu
1826 2007 2117 2059 Bertramo

433 2109 762 2180 presbytero
808 2102 1087 2157 monacho
1115 2100 1357 2153 abbatizr
1390 2103 1668 2150 assertum
1702 2094 1772 2147 ah
1826 2092 1982 2146 omni
2013 2109 2120 2145 no-

436 2196 623 2249 vitatis
653 2198 751 2245 aut.
789 2190 1021 2245 hmresis
1052 2189 1386 2241 l.utherana?
1422 2189 1520 2238 aut
1545 2183 1890 2238 Calviniana!
1918 2181 2122 2233 inven-

435 2284 589 2337 tione
641 2286 738 2334 aut
784 2278 1106 2349 suspicione
1138 2281 1369 2329 tuemur
1417 2280 1471 2325 et
1500 2272 1870 2326 defendimus.
1917 2271 2123 2324 Doctus

440 2379 494 2425 et
562 2371 758 2424 doctor
816 2366 1163 2421 Sorbouicus
1221 2362 1600 2427 Generardus,
1668 2360 2123 2430 archiepiscOpus

437 2458 739 2530 Aqucnsis,
774 2456 873 2526 qui
906 2459 1224 2523 antequam
1254 2452 1486 2520 hujusce
1519 2449 1732 2519 negotii
1762 2448 1978 2502 viscera
2018 2464 2123 2518 pe-

440 2552 730 2611 netrasset,
763 2546 819 2597 in
859 2560 960 2596 suo
993 2542 1269 2597 Chronico
1310 2541 1679 2593 Ratramnum
1713 2538 1861 2591 inter
1893 2537 2126 2590 haereti—

442 2652 535 2688 cos
566 2634 703 2689 noni
736 2632 928 2685 saeculi
974 2631 1368 2696 collocaverat,
1420 2630 1604 2682 locum
1639 2627 1687 2680 ei
1746 2626 2123 2679 honorificum

443 2740 559 2777 non
610 2719 911 2790 denegavit
936 2720 1085 2772 inter
1116 2718 1442 2771 defensores
1468 2714 2127 2769 transsubstantiationis

445 2828 595 2866 anno
631 2813 783 2864 12l5.
844 2810 982 2862 Eum
1017 2808 1255 2871 sulcum,
1312 2806 1371 2858 in
1430 2804 1652 2858 erudito
1710 2804 1940 2874 pulvere
1982 2802 2127 2855 anti-

2200 413 2306 466 Sed
2340 410 2618 483 ejusmodi
2670 408 2897 478 generis
2927 407 3132 477 agendi
3161 406 3380 459 ratione
3415 422 3528 459 non
3566 410 3712 457 esset
3756 421 3892 457 usus

2202 500 2504 553 cardinalis
2555 497 2859 551 Perronius
2886 496 2929 548 si
2980 495 3159 565 magis
3189 500 3339 547 certa
3372 495 3660 547 voluntate
3695 500 3749 545 et
3782 509 3892 547 me-

2206 587 2482 642 ditatione
2524 592 2774 639 mentem
2825 601 3064 653 ruspans
3106 583 3173 637 ad
3210 584 3315 636 hoc
3356 582 3649 653 negotium
3709 584 3891 653 appli-

2207 681 2404 730 casset.
2467 674 2646 729 Facile
2695 672 2847 725 enim
2900 678 3060 724 tanto
3116 677 3173 725 et
3229 676 3345 724 tam
3400 670 3618 724 excelso
3677 670 3895 724 doctori

2209 766 2403 819 fuisset
2434 764 2882 817 animadvertere
2914 761 3147 829 hujusce
3180 759 3425 812 auctoris
3463 760 3717 812 animum
3756 776 3896 812 neu-

2209 855 2428 925 tiquam
2480 852 2755 905 inclinare
2804 849 2871 903 ad
2920 849 3441 917 recognoscendam
3493 848 3804 901 solitariam
3838 848 3894 900 in

2211 941 2560 997 Eucharistia
2619 940 2861 1008 figuram
2906 937 3161 1005 corporis
3214 942 3271 989 et
3317 936 3612 1005 sanguinis
3669 936 3895 1001 Christi,

2212 1029 2430 1083 nullam
2461 1044 2593 1081 vero
2627 1029 2750 1097 ejus
2806 1026 3101 1078 veritatem
3134 1030 3234 1078 aut
3288 1041 3477 1078 veram
3509 1027 3897 1095 praesentiam,

2215 1117 2367 1188 quod
2402 1116 2629 1185 subjicit
2660 1132 2790 1186 pag.
2847 1118 2947 1168 672
2979 1114 3168 1184 operis
3194 1115 3262 1168 de
3296 1114 3665 1179 Eucharistia,
3712 1116 3900 1185 ipsum

2214 1222 2347 1258 vero
2381 1205 2751 1258 Ratramnum
2804 1219 3037 1273 prorsus
3070 1202 3199 1256 huic
3229 1203 3485 1273 opinioni
3547 1219 3900 1273 repugnare;

2218 1294 2367 1365 quod
2401 1293 2718 1363 intelligere
2742 1292 2863 1345 fore
2898 1291 3230 1345 facillimum
3273 1308 3386 1346 non
3424 1292 3623 1346 dubito
3655 1308 3718 1346 ex
3752 1298 3902 1347 textu

2218 1384 2574 1453 autographo
2608 1387 2662 1434 et
2710 1380 3173 1433 adnotationibus
3203 1385 3260 1434 et
3289 1380 3414 1434 aliis
3458 1380 3714 1434 vindiciis
3770 1398 3906 1435 con—

2220 1476 2304 1526 tra
2337 1473 2560 1525 Patrem
2593 1468 2947 1524 Ilarduinum
2983 1469 3265 1538 adjunctis
3291 1474 3347 1521 et
3374 1469 3433 1522 in
3473 1469 3581 1522 hoc
3619 1470 3908 1523 volumine

2224 1564 2482 1613 recenter
2502 1558 2685 1610 editis.

2295 1650 2361 1703 At
2412 1663 2545 1699 vero
2600 1662 2727 1699 cum
2794 1661 3034 1713 magnus
3093 1645 3179 1697 vir
3231 1645 3439 1715 passim
3497 1646 3723 1701 audiret
3780 1665 3910 1701 car-

2225 1735 2449 1801 dinalis,
2497 1740 2553 1788 et
2596 1734 2796 1803 ingens
2828 1734 3117 1803 ingentem
3175 1740 3509 1803 personaret
3565 1735 3715 1789 orbis
3777 1738 3909 1790 Per-

2226 1825 2475 1889 ronium,
2508 1823 2631 1891 ejns
2671 1823 2967 1875 sententiae
3014 1824 3204 1876 nullus
3234 1824 3529 1877 doctorum
3585 1826 3910 1879 mortalium

2229 1914 2477 1966 abnuere
2512 1928 2681 1964 ausus
2715 1917 2819 1977 est,
2867 1911 3180 1981 praesertim
3210 1912 3265 1963 in
3325 1912 3499 1965 Gallia
3536 1918 3747 1979 nostra,
3812 1915 3913 1967 ubi

2228 2001 2516 2053 versiones
2574 2000 2796 2052 Gallicze
2848 2020 2874 2051 a
2930 2000 3376 2052 Protestantibus
3414 2000 3574 2053 factm
3632 2002 3702 2054 ab
3760 2018 3915 2055 anno

2233 2092 2368 2145 1558
2406 2089 2475 2141 ad
2511 2105 2723 2141 annum
2787 2089 2921 2141 1600
2952 2104 3157 2156 genere
3190 2092 3242 2140 et
3278 2088 3445 2141 modo
3477 2091 3915 2144 Protestantium

2230 2178 2555 2232 fictionibus
2582 2178 2741 2230 valde
2777 2176 3043 2247 propitio,
3082 2192 3190 2229 non
3249 2177 3445 2229 leviter
3474 2180 3835 2231 contulerunt
3864 2186 3919 2232 et

2232 2267 2599 2337 profecerunt
2624 2265 2689 2319 ad
2724 2264 3180 2335 persuadendum
3213 2265 3478 2318 omnibus
3505 2265 3621 2319 fere
3663 2267 3917 2320 homini-

2232 2356 2339 2409 bus
2393 2354 2637 2408 incautis
2691 2359 2747 2406 et
2794 2353 3112 2405 studiorum
3177 2354 3400 2407 levitate
3483 2354 3921 2408 inconsideratis

2234 2446 2387 2498 hunc
2417 2443 2750 2512 scriptorem
2786 2440 2954 2495 fuisse
2988 2441 3260 2495 doctrinae
3316 2442 3571 2495 Ecclesia:
3626 2443 3920 2497 catholicm

2237 2532 2537 2585 adversum
2564 2536 2617 2582 et
2659 2528 3080 2599 detorquendos
3117 2530 3255 2582 alios
3307 2546 3378 2582 ne
3430 2528 3671 2604 ἀνάκρισι
3729 2533 3922 2586 docto-

2238 2636 2362 2674 rum
2412 2618 2845 2672 Lovaniensium
2880 2624 2992 2670 tam
3018 2619 3187 2687 jnstaa
3221 2635 3391 2689 quam
3425 2620 3661 2674 eruditae.
3713 2637 3924 2673 annue-

2238 2714 2383 2763 rent.
2420 2709 2516 2762 llic
2554 2708 2733 2762 ferme
2782 2707 2887 2760 fuit
2918 2724 3077 2759 casus
3108 2724 3205 2761 seu
3268 2725 3385 2761 sors
3437 2709 3740 2778 singularis
3794 2709 3929 2763 libri

2242 2798 2537 2852 Ratramni
2569 2797 2637 2850 de
2672 2812 2908 2866 corpore
2931 2801 2988 2849 et
3018 2797 3295 2864 sanguine
3325 2797 3550 2851 Domini
3607 2799 3674 2851 ad
3707 2814 3926 2852 annum

444 2898 676 2971 quitatis
715 2897 822 2949 sibi
883 2896 1173 2950 diductum
1204 2911 1232 2947 a
1273 2893 1599 2948 doctoribus
1667 2891 2126 2956 Lovaniensibus,
2162 2914 2199 2969 ρ
2246 2890 2400 2953 1655,
2464 2903 2578 2954 quo
2627 2884 2985 2942 doctissimas
3041 2887 3429 2954 professorum
3482 2885 3927 2941 Sorbouicorum

444 2988 875 3058 ingeminarnnt
912 2984 1217 3053 Gregorius
1263 2983 1331 3037 de
1363 2982 1642 3050 Valentia,
1680 2980 1922 3034 Jacobus
1971 2980 2129 3033 Gret-

449 3094 632 3141 zerus,
682 3074 965 3129 Antonius
1008 3072 1369 3139 Passerinus,
1402 3071 1650 3137 Jesuitze,
1697 3069 1959 3123 Nicotaus
2014 3070 2130 3122 Ro-

449 3181 631 3231 meus,
680 3163 979 3233 [irmfectus
1031 3160 1314 3230 generalis
1356 3159 1879 3213 Dominicanorum.
1935 3158 2000 3210 Et
2054 3172 2135 3209 re-

447 3269 579 3307 vera
640 3253 835 3305 Petrus
892 3249 1111 3304 Alixius
1168 3249 1317 3302 inter
1383 3247 1672 3301 ministros
1714 3243 2135 3315 superstitionis

448 3340 791 3395 Calviniaua:
824 3338 1077 3409 quandiu
1116 3337 1173 3389 in
1230 3335 1422 3389 Galliis
1469 3335 1739 3397 substitit,
1773 3333 1931 3385 omni
1981 3347 2137 3385 exce-

449 3429 644 3499 ptione
681 3428 886 3495 major,
930 3439 1232 3494 perperam
1267 3422 1407 3476 dixit
1438 3422 1495 3473 in
1528 3420 1904 3489 responsione
1936 3419 2003 3472 ad
2033 3421 2135 3472 Pa-

449 3520 595 3567 trem
637 3513 808 3576 Paris,
844 3512 1179 3564 canonicum
1214 3511 1533 3579 regularem
1567 3509 1784 3561 Sanctze
1839 3507 2135 3561 Genovefa?

452 3599 806 3663 Parisiensis,
840 3614 970 3667 pag.
1001 3602 1056 3662 7,
1094 3597 1241 3651 hanc
1270 3595 1479 3664 agendi
1512 3595 1791 3648 rationem
1842 3596 2135 3649 doctorum

456 3687 891 3745 Lovaniensium
949 3701 1178 3755 prorsus
1235 3700 1355 3737 esse
1408 3700 1885 3753 supervacaneam
1946 3683 2014 3736 ab
2072 3699 2139 3735 eo

455 3780 712 3846 tempore
751 3790 863 3844 quo
922 3773 1140 3826 inventi
1198 3771 1421 3825 suntin
1479 3772 1614 3825 locis
1657 3772 1804 3825 haud
1867 3770 2142 3842 suspectis

454 3864 626 3933 hujus
672 3862 916 3916 auctoris
941 3862 1165 3915 codices
1198 3861 1566 3931 manuscripti
1604 3860 1771 3930 plane
1829 3860 2140 3914 concordes

454 3951 747 4022 impressis
804 3955 860 4003 et
912 3949 1147 4019 gemini,
1180 3965 1306 4002 cum
1359 3965 1423 4002 ex
1484 3949 1717 4002 adverso
1780 3964 1844 4001 ex
1894 3948 2140 4002 inventis

456 4038 736 4109 ejusmodi
767 4038 1055 4091 codicibus
1074 4036 1473 4106 manuscriptis
1504 4036 1857 4089 intellectum
1881 4040 1965 4088 est
1988 4036 2141 4089 hunc

458 4133 744 4180 auctorem
780 4142 891 4178 non
940 4140 1059 4177 esse
1119 4125 1505 4177 adversarium
1556 4129 1653 4176 aut
1723 4129 2138 4193 repugnantem

2239 2976 2477 3030 Jacobus
2506 2974 2877 3028 Samhoevins
2918 2973 2972 3025 in
3013 2989 3071 3025 se
3102 2974 3314 3043 recepit
3342 2974 3731 3028 defensionem
3793 2976 3931 3029 libri

2242 3063 2500 3135 praedicti
2532 3062 2591 3116 in
2638 3066 2878 3116 tractatu
2911 3061 2979 3115 de
3019 3062 3389 3129 Eucharistia,
3419 3064 3580 3132 cujus
3627 3064 3927 3117 enodatio-

2245 3169 2343 3207 nes
2401 3151 2716 3205 resolvehat
2756 3150 2823 3204 ad
2866 3156 3116 3204 mentem
3170 3151 3568 3220 theologorum
3624 3152 3934 3206 Lovanien-

2246 3242 2390 3295 sium
2443 3241 2499 3293 in
2548 3239 2751 3293 scholis
2795 3238 3117 3292 Sorbouicis
3157 3240 3612 3309 annorrtedieto,
3641 3241 3933 3311 plerisque

2247 3329 2401 3383 urbis
2463 3326 2793 3382 Parisiensis
2834 3327 3189 3380 auditoribus
3220 3328 3674 3397 approbantibus
3704 3335 3761 3382 et
3802 3329 3933 3382 infi-

2246 3418 2379 3470 nitis
2408 3416 2535 3469 aliis
2578 3416 2873 3486 propalam
2917 3416 3339 3486 plaudentibus.
3380 3416 3799 3471 lllustrissimus
3828 3419 3934 3472 Pe-

2246 3510 2366 3558 trus
2396 3505 2464 3558 de
2514 3505 2711 3571 Marca,
2746 3504 2836 3558 his
2864 3504 3063 3558 diebus
3092 3504 3552 3576 archiepiscopus
3594 3507 3931 3572 Tolosanus,

2248 3592 2577 3663 designatus
2656 3609 2687 3646 a
2742 3609 2873 3663 rege
2927 3593 3410 3647 Christianissimo
3472 3595 3938 3666 archiepiscopus

2248 3681 2579 3736 Parisiensis
2612 3686 2665 3734 et
2693 3698 2723 3735 a
2754 3697 2979 3734 summo
3010 3682 3274 3751 pontiiicc
3314 3682 3484 3735 bullis
3542 3684 3935 3749 confirmatus,

2248 3771 2403 3824 nulla
2451 3770 2802 3840 possessione
2854 3770 3059 3840 adepta
3112 3776 3368 3824 mortuus
3425 3776 3553 3837 est;
3617 3773 3939 3826 continenti

2248 3864 2507 3929 tempore
2537 3859 2776 3912 tentavit
2810 3874 2951 3911 nova
3006 3858 3226 3912 ratione
3276 3865 3332 3913 et
3386 3861 3475 3912 via
3532 3866 3593 3915 ut
3650 3861 3934 3914 celebrem

2250 3946 2400 4000 hunc
2431 3948 2764 4017 scriptorem
2806 3946 2944 4000 noni
2976 3948 3165 4000 smculi
3207 3947 3276 4001 ab
3330 3947 3550 4001 insidiis
3599 3952 3650 4000 et
3703 3947 3941 4001 salebris

2251 4036 2459 4107 quibus
2516 4034 2890 4089 intricabatur
2943 4035 3228 4101 liberaret,
3284 4036 3445 4105 cujus
3500 4036 3773 4106 opuscula
3823 4036 3940 4089 duo

2251 4123 2724 4191 pimstantissima
2754 4123 2821 4177 de
2871 4123 3381 4177 Prmdestinatione
3426 4130 3556 4178 ante
3606 4141 3698 4178 sex
3756 4141 3942 4177 annos

459 4212 782 4271 Paschasio,
818 4228 919 4264 nec
959 4212 1304 4264 abnuentem
1328 4212 1597 4265 doctrina:
1627 4211 1917 4263 catholicm
1954 4211 2140 4264 Eccle-
2174 4214 2214 4267 D
2256 4211 2466 4281 publici
2513 4211 2662 4280 juris
2711 4212 2920 4266 fecerat
2984 4212 3332 4267 clarissimus
3384 4213 3554 4267 curite
3604 4214 3939 4267 monetarite

459 4300 576 4354 site.
625 4299 899 4369 Equidem
944 4299 1058 4351 scio
1089 4298 1430 4353 cardinalem
1491 4298 1851 4363 Perronium,
1896 4296 1993 4368 qui
2042 4297 2143 4350 hos

459 4389 680 4444 codices
742 4389 1159 4459 manuscriptos
1237 4388 1405 4458 plane
1466 4389 1773 4441 concordes
1846 4403 1972 4439 cum
2035 4386 2143 4439 im-

460 4478 669 4549 pressis
698 4482 1075 4547 reputaverat,
1110 4476 1190 4529 uti
1248 4477 1603 4529 intellexerat
1654 4492 1718 4528 ex
1751 4474 1943 4527 codice
1984 4474 2145 4527 valde

460 4566 787 4619 authentico
818 4570 873 4617 et
900 4564 1635 4634 autographobibliotheca:
1663 4561 2009 4615 nobilissimi
2039 4561 2144 4614 viri

457 4653 648 4708 Jacobi
708 4652 877 4706 Giloti
937 4652 1277 4705 sacrosancti
1337 4651 1525 4704 sacelli
1559 4651 1889 4704 Parisiensis
1946 4649 2145 4704 Palatii

460 4741 737 4805 canonici,
800 4745 856 4792 et
887 4739 1273 4809 augustissimi
1330 4744 1560 4791 senatus
1628 4736 1959 4790 Parisiensis
1991 4752 2147 4789 sena-

460 4828 619 4894 toris,
654 4827 823 4881 amici
856 4827 964 4893 sui,
1022 4828 1118 4897 qui
1179 4826 1322 4881 obiit
1368 4843 1519 4879 anno
1566 4828 1719 4893 1618,
1751 4841 1921 4895 quem
1977 4825 2145 4877 etiam

463 4912 613 4971 Isaac
674 4916 1041 4969 Casaubonus
1104 4916 1325 4967 viderat
1361 4921 1416 4967 et
1477 4915 1818 4984 perviderat,
1874 4919 1935 4966 ut
1977 4914 2149 4967 refert

465 5004 721 5059 lisserius
751 5004 935 5073 capite
965 5006 995 5056 2
1055 5003 1123 5057 de
1178 5003 1543 5057 Successioue
1577 5002 1965 5063 Ecclesiarum,
2001 4999 2027 5070 ἓ
2064 5004 2146 5063 18,

462 5109 577 5146 non
612 5091 901 5145 dubitasse
934 5092 1106 5160 hujus
1137 5090 1268 5143 libri
1300 5095 1587 5144 auctorem
1622 5105 1742 5141 esse.
1774 5090 2146 5142 Batramnum

464 5185 745 5245 nostrum,
792 5195 964 5249 quem
1027 5184 1216 5231 tamen
1268 5179 1418 5230 inter
1470 5177 1767 5230 hwreticos
1824 5178 2151 5247 relinquere

466 5284 577 5321 non
612 5268 829 5333 abnuit,
890 5273 945 5321 et
986 5267 1174 5321 dubim
1227 5265 1360 5319 fidei
1394 5266 1752 5335 scriptorem,
1813 5265 1913 5336 qui
1958 5266 2151 5320 dedita

466 5370 638 5422 opera
670 5354 1047 5423 cogitationes
1088 5370 1216 5405 suas
1245 5353 1500 5406 obscuris
1531 5358 1586 5405 et
1638 5354 1937 5407 salebrosis
1967 5354 2152 5407 verbis

467 5442 673 5495 occulit
723 5448 775 5495 et
830 5459 1027 5496 sensus
1061 5441 1354 5496 bmreticos
1388 5442 1679 5512 conceptis
1736 5442 1925 5495 verbis
1957 5443 2149 5495 catho-

2253 4315 2463 4369 przrses
2512 4300 2876 4369 Mauguinus;
2938 4301 3045 4354 hoc
3097 4317 3228 4355 vero
3251 4301 3451 4355 eodem
3502 4317 3651 4354 anno
3694 4309 3945 4371 quatuor

2255 4387 2519 4440 emiserat
2570 4388 2811 4457 insignis
2838 4388 3050 4459 pietate
3079 4393 3133 4442 et
3158 4388 3396 4442 scientia
3429 4388 3729 4457 theologus
3778 4388 3941 4442 dom-

2254 4492 2360 4529 nus
2422 4476 2594 4530 Lucas
2655 4477 2958 4530 Dacberius
3013 4476 3080 4531 ad
3151 4476 3551 4530 refutationem
3615 4478 3942 4531 Graecorum

2254 4568 2393 4618 tom.
2425 4564 2470 4617 ll
2504 4562 2812 4634 Spicilegii.

2325 4652 2475 4705 Nova
2556 4652 2699 4706 ratio
2765 4652 2994 4706 tuendas
3069 4652 3324 4706 veritatis
3384 4653 3453 4707 de
3514 4652 3620 4706 hoc
3681 4653 3948 4706 Hatram-

2256 4740 2312 4793 ni
2348 4740 2540 4793 libello
2582 4741 2925 4811 intelligitur
2956 4758 3021 4794 ex
3075 4740 3315 4812 epistola
3366 4741 3561 4795 Latina
3618 4757 3789 4811 quam
3855 4757 3952 4794 re-

2255 4827 2537 4881 verendus
2595 4827 2827 4881 antistes
2883 4827 2951 4881 de
3006 4829 3186 4881 Marca
3235 4827 3461 4897 scripsit
3534 4827 3603 4880 ad
3667 4828 3949 4881 domuum

2260 4916 2463 4969 Lucam
2508 4915 2847 4968 Dacberium
2901 4915 3170 4968 Kalendis
3206 4915 3460 4968 Januarii
3501 4916 3635 4968 anni
3670 4916 3819 4974 tG-i‘i,
3855 4931 3951 4968 re-

2258 5004 2371 5056 lata
2426 5009 2582 5056 tomo
2636 5004 2681 5056 ll
2722 5002 3033 5073 Spicilegii,
3086 5002 3288 5055 eodem
3346 5018 3497 5055 anno
3535 5002 3748 5071 publici
3800 5004 3956 5071 juris

2258 5091 2406 5145 facti.
2444 5092 2571 5145 llmc
2602 5091 2940 5161 expediendi
2982 5089 3195 5161 negotii
3235 5090 3304 5143 de
3353 5090 3498 5144 libro
3532 5090 3822 5143 Ratramni
3872 5092 3959 5145 in-

2261 5184 2417 5247 tegra
2462 5179 2606 5231 ratio
2660 5179 2717 5231 in
2752 5195 2818 5231 eo
2871 5178 3054 5248 capite
3104 5178 3411 5231 consistere
3443 5179 3684 5242 videtur,
3735 5194 3799 5231 ex
3832 5194 3955 5249 quo

2260 5266 2634 5335 intelligimus
2666 5266 2735 5320 de
2772 5268 2974 5331 Marce,
3008 5266 3268 5319 abdicata
3325 5267 3511 5337 prima
3544 5266 3826 5319 sententia
3887 5267 3956 5332 (si

2263 5370 2453 5407 revera
2504 5355 2577 5407 sit
2629 5358 2825 5407 auctor
2880 5358 3151 5408 tractatus
3214 5354 3409 5407 Gallici
3472 5353 3539 5407 de
3600 5353 3958 5407 Eucharistia

2262 5458 2431 5513 quem
2470 5459 2571 5495 suo
2600 5441 2831 5497 nomine
2862 5449 3136 5514 cognatus
3167 5443 3289 5513 ejus
3323 5442 3495 5496 abbas
3548 5443 3724 5512 Fuget
3755 5442 3957 5512 publi-
