4138 6194
152 210 165 256 1
180 212 250 257 019

1012 210 1098 264 DE
1138 210 1462 266 CORPORE
1505 213 1593 268 ET
1632 214 1973 271 SANGUINE
2015 214 2282 271 DOMINI.
2318 248 2381 255 ——
2414 218 2790 277 PRA'IFA'I‘IO.

3555 234 3653 287 110

144 334 343 401 cavit),
380 334 534 389 hunc
566 339 872 390 tractatum
913 338 983 392 de
1030 339 1279 410 Corpore
1312 346 1366 395 et
1412 342 1699 413 Sanguine
1736 346 1843 398 Do-
1877 351 1916 402 Λ
1958 357 2054 398 aut
2086 346 2460 420 ϐαλανηφάγοις
2492 351 2587 421 qui
2622 368 2900 423 nusquam
2932 371 3131 411 eorum
3157 358 3363 431 scripta
3393 366 3647 433 partitim

148 424 314 487 mini,
350 440 472 477 non
506 441 627 479 esse
655 426 972 495 genuinum
1006 428 1183 482 fetum
1216 430 1351 483 dicti
1399 431 1715 497 Ratramni,
1750 433 1844 486 sed

141 514 385 567 Joannis
420 514 573 568 Scoti
600 516 682 568 vel
719 517 972 585 Erigenze
1012 519 1270 588 aequalis,
1312 519 1402 573 cui
1434 537 1643 574 nomen
1676 523 1846 575 Pseu-

142 600 174 653 d
202 602 556 656 i-Ratramni
615 604 988 673 imposuerat,
1031 613 1085 659 et
1113 608 1432 661 continenti
1483 614 1742 679 tempore
1786 610 1844 663 in

141 692 389 743 concilio
423 693 770 746 Vercellensi
802 695 905 748 sub
945 696 1127 749 Leone
1170 698 1233 750 IX
1282 696 1588 751 damnatus
1638 699 1841 759 fuerat,

143 780 480 833 combustus
519 799 617 834 seu
666 790 992 854 assumptus
1034 784 1167 854 igne
1207 786 1264 838 in
1307 787 1545 840 concilio
1591 789 1844 842 Romano

142 869 243 921 sub
275 885 514 923 summo
549 871 781 925 Nicolao
818 873 884 936 ll,
921 889 1071 926 anno
1117 875 1273 939 1059,
1308 876 1365 928 in
1392 892 1505 946 quo
1537 881 1843 931 sectatores

143 958 479 1027 Berengarii
511 960 717 1013 Joanni
749 961 913 1013 Scuto
958 962 1362 1033 ascripserunt.
1415 967 1567 1018 Ilanc
1618 967 1840 1020 Domini

140 1045 205 1097 de
236 1045 427 1100 Marca
476 1050 867 1117 conjecturam
901 1066 1138 1105 nervose
1188 1053 1444 1107 defendit
1492 1055 1679 1125 quoad
1720 1056 1843 1125 ejus

142 1135 263 1187 ﬁeri
293 1135 495 1205 potuit
525 1137 589 1190 Η.
620 1138 788 1190 Pater
814 1139 988 1201 Paris,
1032 1139 1230 1193 doctus
1268 1140 1577 1195 canonicus
1608 1145 1841 1212 regula-

140 1223 214 1275 ris
245 1224 436 1278 sancti
500 1225 829 1295 Augustini,
883 1243 1054 1281 sacra?
1102 1228 1405 1300 theologia:
1465 1230 1754 1300 professor
1783 1232 1837 1285 in

139 1311 368 1365 abbatia
403 1318 615 1367 sanctte
644 1315 939 1369 Genovefae
968 1316 1302 1371 Parisiensis
1340 1317 1399 1371 in
1442 1318 1839 1373 dissertatione

138 1400 287 1469 typis
313 1402 620 1471 impressa,
647 1403 704 1456 in
735 1404 846 1457 fine
896 1406 1038 1459 tomi
1070 1407 1114 1473 Ι,
1147 1422 1283 1459 cura
1311 1411 1367 1460 et
1418 1408 1609 1461 studio
1639 1414 1841 1462 aucto-

139 1504 264 1542 rum
294 1491 428 1543 libri
463 1491 531 1545 de
573 1493 957 1562 Perpetuitate
992 1494 1147 1548 Fidei
1196 1495 1467 1549 adversus
1515 1498 1837 1565 Claudium,

139 1580 569 1647 superstitionis
603 1581 1022 1635 Calviuiantein
1056 1584 1272 1653 templo
1305 1584 1692 1639 Charentonio
1729 1588 1836 1639 mi-

137 1667 411 1729 nistrum,
452 1674 510 1722 et
541 1669 601 1723 in
652 1669 854 1723 iterata
901 1673 1273 1741 responsione
1323 1673 1634 1727 doctissimi
1666 1692 1835 1728 cano-
1870 1654 1909 1707 Β

138 1757 246 1809 nici
276 1758 566 1827 regularis
600 1759 851 1828 praedicti
892 1760 957 1813 ad
1018 1761 1164 1813 alius
1196 1762 1539 1815 Charentoni
1594 1762 1839 1816 ministri

139 1846 603 1916 responsionem,
638 1848 873 1901 nomine
904 1848 1093 1914 Alixii,
1127 1849 1224 1920 qui
1255 1850 1709 1903 dissertationem
1744 1853 1841 1905 Pa—

139 1934 236 1987 tris
268 1936 432 1988 Paris
478 1937 845 1989 refutaverat.
893 1938 1067 1991 Porro
1116 1939 1419 2008 praedictus
1473 1941 1639 1992 Pater
1682 1940 1838 1993 Paris

138 2024 281 2077 hanc
339 2024 710 2078 solummodo
764 2026 1213 2079 moderationem
1252 2031 1307 2080 et
1352 2028 1828 2098 temperationem

136 2111 400 2181 adjunxit
428 2117 491 2166 ut
535 2112 871 2167 incredibile
923 2115 1027 2167 sibi
1072 2115 1333 2169 videatur
1368 2117 1647 2171 Joannem
1702 2117 1831 2171 Sco-

136 2206 255 2254 tum
282 2201 443 2254 hunc
471 2202 731 2256 libellum
768 2202 835 2255 de
870 2203 1116 2274 Corpore
1149 2208 1201 2257 et
1255 2203 1547 2274 Sanguine
1605 2207 1835 2260 Domini

137 2288 463 2358 ascripsisse
495 2294 553 2342 et
612 2289 965 2357 adjudicasse
1017 2291 1349 2358 Ratramno,
1403 2308 1503 2345 seu
1557 2293 1678 2362 ejus
1734 2310 1836 2347 no-

136 2378 289 2430 mine
321 2376 700 2447 inscripsisse,
747 2378 959 2449 quippe
993 2380 1145 2448 quod
1195 2380 1377 2449 magis
1410 2382 1713 2435 convenire
1748 2382 1831 2435 vi-

136 2464 342 2518 deatur
364 2466 717 2534 Berengario
750 2471 849 2519 aut
871 2468 1243 2521 sectatoribus
1275 2469 1397 2539 ejus
1429 2469 1687 2523 ducentis
1718 2470 1832 2523 fere

138 2554 299 2607 annis
333 2571 361 2607 a
399 2555 696 2608 Ratramni
751 2560 915 2609 mtate
943 2555 1136 2626 lapsis.
1187 2558 1424 2627 Insuper
1452 2575 1577 2626 Inon
1628 2558 1832 2629 cupide

138 2642 308 2695 nimis
342 2648 442 2695 aut
473 2644 788 2697 decretorie
818 2644 968 2698 hunc
1000 2645 1206 2698 librum
1242 2646 1588 2700 condemnat
1620 2649 1683 2702 Β.
1722 2650 1829 2701 Pa—

138 2738 220 2784 ter
248 2732 431 2797 Paria
463 2737 563 2785 aut
604 2733 755 2787 inter
782 2733 1080 2787 haereticos
1120 2738 1177 2787 et
1214 2736 1368 2805 juste
1412 2736 1709 2789 damnatos
1744 2753 1829 2789 re-

136 2819 304 2889 legat,
366 2826 597 2873 secutus
650 2820 804 2874 dom.
861 2821 929 2875 de
981 2823 1192 2887 Marca;
1256 2823 1352 2876 sed
1406 2822 1566 2877 illum
1634 2824 1831 2878 multis

137 2909 437 2962 verborum
472 2909 868 2963 obscuriorum
904 2910 1139 2965 salebris
1170 2911 1523 2981 implicatum
1572 2918 1625 2967 et
1656 2913 1823 2967 intri-
1858 2938 1898 2992 ο

136 3001 316 3049 catum
347 2997 633 3068 designat,
667 2999 828 3068 cujus
861 3015 1089 3052 sensum
1124 3003 1179 3052 et
1205 3001 1547 3054 sententiam
1599 3002 1821 3073 assequi

135 3083 361 3138 dinicile
392 3090 496 3153 est,
530 3087 717 3139 sulcos
751 3087 875 3155 :sibi
907 3087 1167 3141 diductos
1211 3088 1278 3142 ab
1325 3089 1646 3143 auctoribus
1695 3092 1827 3145 Per-

137 3173 423 3240 petuitatis
457 3173 595 3227 fidei
630 3174 919 3239 incedens,
956 3177 1055 3247 qui
1090 3192 1206 3230 non
1241 3177 1556 3247 nimiopere
1605 3179 1827 3232 condu-

135 3261 293 3314 cibile
324 3263 792 3316 existimaveram
826 3268 923 3317 aut
975 3265 1355 3319 necessarium
1406 3266 1576 3320 rebus
1604 3266 1735 3319 libri
1772 3269 1826 3319 et

137 3364 387 3417 personae
416 3351 715 3405 Ratramni
759 3356 859 3405 aut
889 3352 1021 3407 fidei
1072 3354 1362 3408 catholica!
1411 3356 1692 3410 tuendum
1729 3359 1827 3408 aut

134 3440 510 3492 accusandum
570 3440 822 3510 recipere
869 3441 1006 3495 noni
1057 3443 1253 3495 saeculi
1311 3443 1571 3513 ignotum
1624 3460 1824 3497 mona-

132 3526 316 3580 chum.
377 3529 509 3580 Ilaec
556 3527 755 3596 opinio
802 3527 1172 3583 illustrissimi
1208 3532 1269 3584 P.
1322 3531 1389 3585 de
1440 3532 1640 3597 Marca,
1697 3548 1823 3602 qum

134 3615 312 3682 prima
344 3615 536 3669 fronte
568 3631 709 3669 auro
739 3616 988 3671 micante
1020 3617 1203 3688 fulget
1226 3624 1281 3671 et
1300 3620 1522 3672 animos
1554 3620 1617 3671 ad
1636 3619 1825 3673 studia

133 3708 186 3755 et
215 3704 436 3757 litteras
466 3708 759 3775 utcunque
812 3710 972 3759 natos
1006 3712 1103 3759 aut
1142 3707 1314 3760 factos
1343 3708 1568 3778 pungit,
1618 3708 1706 3761 vix
1739 3708 1821 3760 in-

137 3792 321 3845 venire
352 3793 637 3861 potuisset
677 3798 977 3848 sectatores
1034 3797 1489 3867 qualescunque;
1520 3801 1573 3850 et
1629 3812 1824 3850 revera

138 3881 189 3932 ni
217 3881 535 3950 opitulatus
567 3887 714 3935 esset
753 3885 921 3937 Pater
958 3883 1113 3938 Paris
1160 3901 1262 3938 suo
1291 3901 1500 3954 genere
1555 3885 1820 3939 modera-

136 3968 305 4021 tionis
339 3975 396 4021 et
427 3971 867 4040 temperationis
927 3989 1097 4043 supra
1140 3978 1369 4037 notatae,
1410 3972 1822 4026 famosissimus

136 4056 603 4128 archiepiscopus
656 4060 969 4114 Tolosanus
1026 4066 1082 4115 et
1115 4062 1449 4115 Parisiensis
1501 4062 1696 4115 relicta
1733 4076 1820 4113 as-

135 4145 447 4199 sociatione
484 4146 755 4200 Canonici
810 4149 1090 4217 regularis
1141 4150 1199 4203 in
1231 4167 1331 4203 sua
1378 4149 1647 4220 opinione
1693 4166 1821 4219 per-

134 4234 433 4288 mansisset
464 4235 613 4288 sicut
642 4252 835 4305 passer
865 4237 1155 4292 solitarius
1196 4238 1251 4291 in
1294 4244 1464 4292 tecto.

208 4324 330 4377 Non
364 4339 605 4377 moveor
635 4325 888 4378 efﬂictim
914 4326 1106 4380 animo
1149 4327 1447 4397 repetendi
1497 4331 1596 4381 aut
1646 4327 1824 4381 revel-

137 4410 288 4463 Iendi
322 4426 389 4464 ea
420 4427 551 4481 qum
598 4411 666 4465 de
699 4412 937 4465 materia
987 4414 1239 4483 subjecta
1271 4419 1441 4468 antea
1480 4414 1629 4468 dicta
1660 4419 1820 4481 sunt;

134 4500 263 4549 eant
293 4497 482 4566 potius
513 4498 583 4553 ad
644 4498 953 4553 vendentes
982 4500 1161 4555 libros
1213 4502 1281 4555 de
1311 4502 1416 4555 hac
1466 4517 1634 4555 causa
1687 4516 1824 4554 con-

135 4585 654 4654 scriptos'lectores
681 4588 917 4659 Lcuriosi
971 4605 1214 4660 quorum
1263 4590 1487 4644 animos
1544 4589 1825 4661 ejusmodi

136 4679 371 4745 κριτήρια
402 4676 744 4744 prolectant.

209 4761 319 4830 Ego
351 4779 486 4817 vero
519 4764 587 4817 ad
620 4764 981 4835 probandum
1042 4766 1323 4835 ejusmodi
1377 4768 1589 4821 librum
1642 4767 1827 4821 neuti-

136 4865 305 4919 quam
336 4868 502 4922 posse
526 4853 732 4907 Joauni
774 4854 938 4907 Scoto
983 4855 1187 4908 ascribi
1234 4872 1349 4909 non
1402 4856 1630 4911 aliunde
1677 4855 1824 4908 arbi-

134 4942 253 4991 tror
279 4946 687 5010 argumentum
721 4942 1127 4995 assumendum
1166 4957 1287 4996 esse
1340 4959 1513 5014 quam
1569 4959 1634 4997 ex
1666 4942 1827 4997 diffe-

134 5028 333 5094 rentia,
391 5028 668 5083 varietate
703 5038 758 5082 et
815 5030 1196 5100 repugnantia
1243 5032 1375 5100 styli
1426 5037 1482 5085 et
1547 5032 1829 5085 sermonis

138 5114 282 5169 Scoti
311 5124 365 5169 et
397 5118 697 5172 Ratramni
758 5118 1036 5172 doctrina:
1094 5126 1151 5175 et
1208 5120 1624 5174 sententiarum
1684 5121 1827 5173 anti-

140 5218 378 5273 quorum
412 5208 650 5260 Patrem
693 5210 747 5258 et
782 5206 1074 5261 doctorum
1125 5209 1393 5263 Ecclesia:
1443 5208 1541 5278 qui
1590 5209 1661 5261 ab
1694 5207 1830 5278 ipsis

142 5292 431 5365 utriusque
461 5295 718 5347 citantur
744 5299 799 5347 et
828 5295 1153 5349 laudantur.
1188 5298 1317 5351 Haec
1369 5296 1522 5349 enim
1554 5312 1649 5349 eos
1689 5296 1830 5349 adeo

140 5380 394 5436 adversos
438 5388 496 5437 et
540 5383 796 5437 diversos
843 5399 967 5438 esse
1016 5386 1411 5456 comprobant,
1446 5389 1508 5439 ut
1555 5385 1829 5439 confundi

142 5484 209 5521 ac
233 5472 446 5526 misceri
498 5475 816 5542 nequeant,
877 5472 984 5526 nisi
1044 5473 1113 5527 ab
1154 5473 1223 5527 iis
1253 5473 1582 5528 hominibus
1640 5472 1832 5527 bardis

1958 440 2399 505 autgeneratim
2442 439 2723 507 applicata
2773 444 3063 497 voluntate
3116 447 3399 515 legerunt.
3453 454 3649 507 Paucis

1957 523 2167 577 abhinc
2196 526 2361 579 annis
2422 527 2624 580 Oxonii
2656 546 2807 583 anno
2871 535 2993 587 1681
3060 535 3210 605 typis
3243 538 3512 607 Tpublieis
3544 543 3646 595 im-

1957 628 2185 681 pressus
2248 621 2334 666 est
2403 615 2656 668 famosus
2712 622 2979 672 tractatus
3036 622 3269 676 Joannis
3322 626 3467 680 Scoti
3527 632 3651 681 Πεοί

1956 702 2153 769 φύσεως
2206 708 2483 775 μερισμοῦ,
2546 705 2708 773 cujus
2768 708 3106 776 ceconomia,
3166 712 3307 766 ordo
3366 721 3416 768 et
3467 689 3646 783 genus

1954 788 2234 843 scribendi
2268 792 2408 845 adeo
2443 792 2662 845 diversa
2694 799 2825 846 sunt
2856 801 2913 846 et
2962 800 3337 865 repugnantia
3390 804 3458 856 ab
3503 822 3643 876 opu-

1953 878 2107 930 sculo
2131 880 2422 933 Ratramni
2469 881 2537 934 de
2571 882 2817 951 Corpore
2848 888 2904 935 et
2952 884 3269 954 Sanguine‘
3300 890 3546 957 Domini,
3582 899 3644 947 ut

1953 966 2039 1019 vix
2085 966 2329 1021 inveniri
2358 986 2520 1039 posse
2544 986 2892 1041 quemquam
2925 977 3122 1041 putem
3147 976 3246 1044 qui
3276 977 3343 1029 de
3367 984 3643 1044 potestate

1953 1055 2159 1107 mentis
2190 1073 2303 1110 non
2337 1060 2662 1127 excesserit,
2711 1060 2800 1112 cui
2853 1060 3092 1115 dubium
3148 1062 3411 1118 subolere
3462 1071 3641 1137 possit

1953 1142 2021 1195 de
2055 1143 2390 1197 ascribendo
2423 1147 2628 1199 Joanni
2672 1147 2835 1200 Scoto
2867 1151 3142 1218 opusculo
3174 1152 3492 1213 Ratramni.
3527 1160 3640 1212 tarn

1950 1230 2062 1283 cito
2095 1247 2247 1301 cepa:
2282 1234 2543 1287 redolent
2578 1235 2771 1288 violas.
2806 1236 2909 1290 Sed
2959 1244 3250 1310 utcunque
3300 1243 3421 1295 hinc
3451 1246 3646 1300 omnia

1949 1319 2087 1372 falsa
2138 1325 2234 1373 aut
2294 1320 2496 1375 ﬁctitia
2552 1322 2685 1389 sint,
2721 1323 2857 1395 quid
2893 1328 3095 1395 reponi
3156 1344 3321 1398 posse
3354 1331 3646 1388 videretur

1949 1407 2276 1462 doctissimo
2337 1410 2484 1463 Patri
2541 1412 2744 1465 Joanni
2803 1412 3149 1481 Mabillonio,
3192 1417 3407 1471 ordinis
3465 1422 3641 1473 sancti

1952 1496 2236 1550 Benedicti
2270 1498 2583 1567 perillustri
2618 1502 2921 1569 monacho,
2965 1520 3029 1556 ex
3095 1505 3257 1573 cujus
3304 1507 3642 1575 praefatione

1949 1585 2192 1653 ascripta
2223 1585 2393 1638 fronti
2425 1588 2657 1640 secundi
2692 1590 2883 1641 saeculi
2927 1594 3193 1645 Actorum
3251 1594 3639 1649 Benedictino-

1953 1689 2075 1726 rum
2111 1674 2505 1743 intelligimus,
2551 1676 2764 1745 pagina
2790 1678 2878 1743 45,
2914 1681 2939 1743 §
2975 1682 3061 1743 83,
3094 1685 3150 1731 et
3206 1684 3508 1737 contulisse
3541 1702 3639 1738 seu

1950 1777 2307 1830 comparasse
2347 1762 2687 1832 scripturam
2728 1781 2825 1818 seu
2882 1766 3232 1820 characteres
3288 1770 3497 1824 codicis
3529 1772 3637 1826 im-

1946 1850 2128 1919 pressi
2164 1851 2291 1903 libri
2325 1853 2613 1905 llatramni
2644 1870 2769 1906 cum
2808 1858 3194 1926 manuscripto
3226 1874 3396 1928 quem
3433 1861 3637 1915 iterata

1947 1938 2064 1991 vice
2100 1938 2202 1992 hac
2233 1939 2483 1993 editione
2515 1957 2686 2011 quam
2733 1958 2850 2011 prae
2897 1945 3159 1998 manibus
3208 1946 3384 2000 habes
3422 1949 3635 2018 publici

1940 2025 2088 2095 juris
2132 2026 2391 2092 facimus,
2449 2029 2765 2100 asseritque
2825 2036 3048 2085 aetatem
3108 2050 3227 2087 esse
3279 2036 3636 2105 octingento-

1945 2128 2072 2167 rum
2111 2130 2417 2181 annorum,
2470 2117 2685 2169 scilicet
2739 2118 2810 2171 ab
2870 2118 3114 2189 imperio
3146 2122 3330 2176 Caroli
3381 2125 3530 2178 Calvi
3567 2126 3635 2179 ad

1945 2207 2137 2255 nostra
2172 2208 2451 2272 tempora,
2515 2208 2571 2257 et
2628 2206 2824 2259 vadem
2882 2224 2938 2260 se
2970 2215 3241 2279 prmstare
3275 2227 3390 2265 non
3450 2215 3640 2269 renuit

1942 2291 2227 2360 ejusmodi
2259 2292 2512 2345 codicem
2575 2310 2634 2346 se
2691 2294 2896 2348 vidisse
2937 2304 2991 2349 et
3046 2299 3358 2369 perlegisse
3400 2318 3634 2373 compa-
3715 2290 3719 2294 l

1942 2384 2092 2432 ctum
2124 2395 2251 2433 cum
2292 2380 2515 2433 duobus
2547 2381 2708 2435 libris
2745 2383 2814 2436 de
2869 2385 3393 2454 praedestinatione,
3427 2391 3635 2460 quibus

1942 2482 2153 2520 nomen
2189 2469 2478 2521 Ratramni
2542 2470 2900 2541 mquabiliter
2927 2477 2983 2525 et
3036 2473 3377 2547 παραλλήλως
3427 2478 3632 2532 inseri-

1942 2559 2100 2624 ptum
2160 2558 2280 2608 est?
2338 2558 2580 2627 Insuper
2628 2559 2989 2613 doctissimus
3042 2562 3139 2616 ille
3200 2565 3513 2619 monachus
3572 2567 3627 2621 in

1939 2644 2318 2713 dignoscenda
2348 2650 2514 2699 astate
2548 2663 2609 2699 ac
2639 2647 2864 2716 ligenda
2895 2654 3149 2704 veterum
3205 2654 3468 2709 codicum
3503 2672 3629 2709 ma-

1940 2732 2369 2802 nuscriptorum
2403 2740 2521 2789 arte
2564 2737 2861 2806 acquisita,
2892 2754 3063 2808 quam
3102 2738 3206 2793 sibi
3249 2757 3475 2797 moroso
3508 2749 3630 2799 stu-

1939 2819 2032 2874 dio
2062 2823 2434 2891 comparavit,
2485 2824 2551 2877 ad
2604 2824 2991 2879 discutiendas
3036 2833 3254 2882 veteres
3313 2832 3536 2885 chartas
3575 2838 3631 2887 et

1938 2910 2154 2963 codices
2189 2911 2475 2982 antiquos,
2525 2918 2585 2965 ut
2618 2929 2683 2966 ex
2738 2914 2898 2967 libris
2955 2932 3098 2986 quos
3156 2918 3381 2987 scripsit
3430 2918 3499 2971 de
3551 2920 3628 2973 He

1938 2998 2302 3068 diplomatica
2332 3000 2652 3070 intelligere
2684 3001 2846 3055 facile
2878 3008 2978 3069 est,
3012 3004 3211 3057 asserit
3236 3004 3387 3058 hunc
3416 3006 3627 3061 librum

1938 3087 2327 3141 Ratramnide.
2379 3088 2626 3157 Corpore
2658 3094 2713 3142 et
2764 3091 3052 3159 Sanguine
3108 3094 3333 3146 Domini
3382 3094 3625 3149 abbatize

1939 3175 2229 3228 Lobiensis
2258 3191 2377 3227 esse
2407 3176 3315 3246 characteribusfoctingentorum
3343 3198 3624 3237 annorum

1936 3268 2248 3316 exaratum.
2284 3263 2526 3316 Prodere
2559 3268 2759 3317 testem
2823 3281 2936 3318 non
2986 3266 3133 3334 potis
3189 3272 3295 3335 est,
3338 3269 3492 3321 omni
3526 3286 3625 3322 ex-

1936 3352 2199 3423 ceptione
2251 3353 2549 3421 majorem.
2602 3353 2841 3423 Insuper
2896 3352 3070 3417 idem,
3106 3353 3250 3408 nulli
3310 3354 3429 3407 viro
3477 3356 3627 3410 inter

1935 3441 2190 3494 eruditos
2229 3440 2352 3494 falsi
2408 3441 2774 3510 suspieiosus,
2821 3442 3132 3495 monachus
3188 3442 3527 3496 testificatur
3565 3444 3622 3496 in

1934 3546 2038 3583 suo
2108 3529 2315 3584 Itinere
2380 3530 2734 3590 Germanico,
2806 3530 3084 3599 impresso
3165 3531 3393 3585 Parisiis
3460 3532 3625 3585 initio

1934 3617 2077 3672 tomi
2108 3618 2176 3670 IV
2207 3618 2608 3671 Aualectorum
2640 3634 2788 3671 anno
2852 3620 3004 3686 1685,
3040 3634 3098 3671 se
3151 3619 3402 3690 propriis
3446 3621 3626 3674 oculis

1932 3705 2139 3759 vidisse
2184 3710 2240 3759 et
2297 3706 2559 3760 manibus
2617 3722 2868 3759 versasse
2927 3708 2985 3759 in
3046 3708 3397 3761 monasterio
3446 3709 3623 3763 Salcm

1938 3796 2134 3849 Weiler
2166 3794 2384 3848 ordinis
2419 3795 2821 3858 Cistertiensis,
2872 3795 3103 3849 fundato
3134 3800 3415 3866 tempore,
3449 3798 3623 3851 sancti

1934 3882 2227 3947 Bernardi,
2258 3898 2408 3935 anno
2463 3885 2619 3950 1137,
2654 3882 2904 3935 codicem
2962 3884 3411 3953 manuscriptum
3463 3885 3620 3954 plus-

1932 3987 2104 4043 quam
2156 3971 2649 4042 septingentorum
2702 3986 3008 4035 annorum,
3063 3971 3120 4024 in
3170 3988 3282 4041 quo
3328 3979 3626 4043 compacta

1931 4059 2129 4113 eadem
2163 4076 2332 4130 opera
2363 4060 2466 4113 sub
2499 4058 2732 4112 nomine
2768 4058 3065 4112 Ratramni
3114 4058 3383 4128 inscripta
3433 4076 3624 4129 mqua-

1931 4148 2121 4203 biliter
2151 4147 2468 4202 incurrunt.
2514 4148 2648 4211 Qum
2696 4163 2824 4201 cum
2862 4146 2939 4199 ita
2971 4146 3102 4211 sint,
3153 4146 3282 4216 quis
3326 4146 3626 4201 dubitandi

1936 4238 2092 4291 locus
2120 4237 2369 4307 relinqui
2401 4240 2605 4308 potest,
2640 4236 2779 4307 quin
2817 4235 3098 4305 ejusmodi
3130 4235 3469 4306 opusculum
3505 4236 3625 4291 sine

1936 4324 2111 4378 dubio
2144 4324 2460 4392 Ratramni,
2516 4324 2720 4378 Joanni
2770 4324 2937 4377 Scoto
2987 4323 3148 4378 nulla
3195 4325 3417 4378 ratione
3446 4326 3628 4396 possit

1936 4412 2291 4483 adjudicari‘?

2011 4502 2306 4571 Utcunque
2341 4516 2430 4554 res
2457 4500 2587 4564 sint,
2621 4500 2761 4553 nihil
2807 4499 2926 4569 jam
2959 4500 3323 4569 probandum
3366 4506 3625 4571 superest

1935 4589 2099 4643 nobis
2130 4589 2237 4642 nisi
2270 4590 2642 4643 Ratramnum
2685 4588 2742 4641 in
2776 4588 2879 4641 hoc
2920 4605 3093 4657 opere
3124 4590 3439 4643 orthodoxe
3471 4595 3525 4644 et
3547 4606 3628 4643 ca-

1934 4679 2142 4733 tholice
2172 4696 2399 4732 sensum
2434 4695 2601 4732 suum
2652 4683 2703 4732 et
2749 4678 3065 4732 doctrinam
3123 4695 3317 4732 sanam
3373 4696 3437 4733 ac
3488 4696 3618 4733 vere

1936 4768 2270 4821 catholicam
2313 4766 2656 4837 exposuisse.
2688 4768 2801 4821 Iloc
2828 4768 2945 4838 jam
2983 4767 3219 4837 perfecit
3267 4768 3630 4823 abundanter

1940 4857 2105 4909 Pater
2134 4854 2494 4909 Mabillonius
2550 4854 2606 4907 in
2640 4854 2809 4907 citata
2865 4871 3036 4925 supra
3086 4854 3425 4925 prmfationc
3457 4860 3625 4911 Acto-

1938 4960 2064 4997 rum
2100 4943 2599 4997 Benedictinorum
2632 4959 2760 5013 pag.
2809 4943 2896 5010 45,
2933 4946 2959 5009 §
2991 4945 3087 5009 88;
3122 4949 3177 4997 et
3230 4961 3523 5015 speramus
3556 4944 3626 4997 ab

1939 5031 2205 5085 omnibus
2236 5031 2416 5083 doctis
2448 5035 2502 5085 et
2555 5031 2907 5100 sapientibus
2951 5032 3114 5085 facile
3172 5032 3521 5086 intellectum
3556 5030 3623 5082 iri

1939 5137 2003 5173 ex
2034 5120 2137 5174 hac
2169 5134 2317 5171 nona
2344 5118 2590 5174 editione
2610 5122 2797 5172 textus
2833 5118 3084 5173 Latiniet
3116 5117 3453 5188 autographi
3481 5134 3507 5170 a
3529 5118 3626 5171 Pa-

1940 5214 2024 5261 tre
2086 5206 2411 5261 Mabillouio
2462 5222 2686 5260 mecum
2733 5207 3158 5269 communicati,
3217 5212 3271 5258 et
3312 5205 3459 5258 notis
3486 5220 3627 5275 quas

1935 5296 2055 5364 jam
2087 5311 2205 5365 prtr
2239 5295 2499 5349 manibus
2551 5294 2746 5361 habes,
2777 5295 2952 5348 lector
2996 5294 3236 5358 erudite,
3268 5296 3525 5345 recenter
3557 5293 3627 5347 de

1942 5383 2244 5437 Callicisin
2279 5383 2645 5437 commodum
2682 5384 3062 5437 litteratorum
3097 5380 3396 5435 hominum
3429 5397 3491 5434 ex
3521 5398 3631 5437 na-

1943 5472 2198 5525 tionibus
2232 5472 2459 5542 -exteris
2514 5473 2742 5541 Anglia,
2806 5469 3102 5523 Germania
3135 5473 3191 5521 et
3241 5468 3524 5539 llispaniis
3568 5471 3626 5525 in
