4138 6194
388 247 478 300 Ηί
1548 227 1910 287 BATRAMNI
1948 226 2409 283 CORBEIENSIS
2443 224 2744 280 MONACHI

3784 223 3889 280 H2

392 373 533 427 urbe
566 368 871 426 I’arisiensi
898 365 1212 436 hospitum,
1249 363 1446 418 Latine
1477 360 1720 430 scriptis,
1757 364 1813 411 et
1845 358 2079 427 insuper
2108 364 2147 416 Α
2187 372 2398 411 nomen
2428 360 2485 409 et
2516 356 2665 409 fama
2706 355 2776 409 ab
2833 352 3114 424 ejusmodi
3179 350 3503 423 suspicione
3560 368 3737 422 prava
3775 367 3886 404 ex-

381 461 590 515 additis
621 457 969 530 quibusdam
1001 471 1117 508 non
1148 449 1597 508 comtemnendis
1626 446 2065 513 accessionibus,

384 549 526 603 nulli
558 548 723 612 forte,
758 547 990 616 dempto
1020 546 1182 597 Patre
1217 540 1529 607 Harduino,
1559 537 1775 592 Jesuita
1821 541 1877 589 et
1906 536 2068 588 docto

382 638 680 707 scriptore,
713 633 1101 705 displicituris.

449 726 556 780 Sed
599 730 908 795 antequam
950 722 1016 774 ad
1048 720 1279 789 hujusce
1319 714 1732 771 lucubrationis
1766 712 2065 767 lectionem

382 814 717 868 meditatam
760 811 1015 865 animum
1047 806 1357 877 appuleris,
1411 820 1525 857 non
1554 803 1738 856 solum
1773 816 1932 871 opus,
1968 816 2071 852 ve-

380 919 510 956 rum
541 902 711 954 etiam
767 895 1148 951 necessarium
1197 911 1317 948 esse
1368 893 1508 947 mihi
1568 893 1791 945 videtur
1831 906 2069 961 respon-

381 992 513 1046 dere
568 988 785 1043 duobus
830 984 1185 1056 argumentis
1242 983 1312 1036 ab
1342 982 1574 1036 homine
1627 981 1879 1051 partium
1933 980 2068 1032 Pro-

378 1077 710 1133 testantium
738 1073 1000 1145 prolatis,
1044 1073 1141 1143 qui
1171 1077 1469 1125 tractatum
1507 1068 1801 1123 Ratramni
1826 1069 1894 1122 de
1939 1067 2072 1121 Cor-

383 1183 521 1238 pore
553 1169 610 1217 et
638 1162 925 1233 Sanguine
966 1162 1172 1216 Christi
1223 1161 1292 1214 de
1324 1159 1535 1214 Latinis
1583 1175 1697 1213 non
1751 1157 2072 1226 nimiopere

382 1261 439 1308 et
470 1254 760 1323 eleganter
790 1251 1035 1320 scriptis,
1087 1250 1297 1305 Gallice
1336 1247 1588 1302 deterius
1638 1246 1882 1316 scripsit.
1936 1244 2071 1308 Quae

380 1341 613 1413 quidem
648 1341 705 1394 in
735 1340 1070 1411 praefatione
1095 1355 1194 1393 seu
1214 1337 1535 1408 praeloquio
1555 1335 1828 1407 prodidit,
1852 1337 1915 1387 ut
1946 1349 2075 1403 pro-

376 1432 540 1486 baret
568 1430 678 1483 hoc
724 1428 1064 1499 opusculum
1112 1442 1310 1481 revera
1355 1426 1520 1496 jussu
1567 1422 1930 1494 imperatoris
1966 1422 2073 1489 Ca-

378 1521 487 1575 roli
519 1519 673 1575 Calvi
712 1519 884 1573 fuisse
931 1518 1309 1588 compositum
1344 1516 1412 1570 ad
1470 1514 1924 1569 confutationem
1973 1513 2073 1566 do-

381 1609 591 1679 gmatis
648 1608 908 1662 Ecclesiae
966 1608 1237 1660 Romanae
1263 1605 1330 1659 de
1373 1620 1505 1658 vera
1564 1603 1816 1674 corporis
1869 1600 2076 1656 Christi

384 1697 693 1769 prmsentia
756 1696 815 1750 in
884 1694 1237 1750 Eucharistia
1296 1701 1351 1749 et
1419 1690 2071 1750 transsubstantiatione,

384 1803 555 1857 quam
591 1786 757 1840 hodie
809 1784 1055 1839 Ecclesia
1102 1782 1377 1838 catholica
1436 1780 1693 1835 defendit
1747 1786 1803 1834 et
1852 1795 2077 1850 semper

387 1876 661 1930 tuendam
690 1873 968 1943 recepisse
993 1871 1375 1935 defendimus,

452 1966 527 2018 Eo
567 1963 886 2018 devolvitur
913 1963 1165 2033 primum
1199 1964 1633 2030 argumentum,
1666 1956 1819 2029 quod
1865 1955 2080 2010 scilicet

380 2068 505 2106 cum
534 2052 625 2105 hic
656 2051 895 2105 diversae
924 2050 1104 2121 partis
1161 2050 1407 2119 scriptor
1439 2064 1504 2102 ex
1560 2047 1883 2117 assumptis
1928 2061 1996 2099 ex
2036 2045 2075 2100 li

379 2141 482 2196 bro
513 2156 573 2194 III
629 2138 928 2206 Albertini,
990 2136 1355 2193 Charentonii
1397 2135 1665 2203 ministri,
1725 2135 1794 2189 de
1846 2135 2071 2189 Eucha-

378 2229 538 2283 ristia
586 2227 852 2282 adversus
909 2225 1253 2279 cardinalem
1311 2223 1650 2278 Pcrronium
1712 2222 2067 2293 argumentis

378 2318 622 2388 probare
649 2316 846 2369 enixus
875 2314 949 2368 sit
978 2315 1354 2368 Ratramnum
1405 2310 1742 2383 praedictum
1795 2327 1911 2365 non
1962 2326 2066 2380 po-

379 2405 555 2461 tuisse
608 2420 775 2457 suum
834 2402 1049 2458 librum
1102 2417 1359 2455 exarasse
1429 2400 1698 2453 adversus
1756 2399 2064 2469 quamdam

381 2499 588 2551 sectam
622 2491 1185 2557 Stercoranistarum,
1219 2505 1347 2560 quae
1396 2488 1731 2559 neutiquam
1788 2488 1847 2540 in
1879 2503 2070 2539 rerum

381 2588 588 2637 natura
620 2579 853 2644 exstitit,
904 2584 962 2632 et
1010 2593 1139 2648 quae
1195 2593 1430 2647 prorsus
1483 2576 1735 2646 antiquis
1784 2574 2071 2629 historicis

380 2671 577 2741 ignota
607 2668 715 2722 fuit
742 2667 843 2737 qui
891 2668 960 2721 de
1020 2666 1417 2719 schismatibus
1447 2669 1504 2719 et
1560 2664 1733 2718 variis
1763 2679 1893 2734 quae
1933 2674 2084 2729 gcon-

382 2760 636 2827 tigerunt
665 2770 971 2826 progressu
998 2760 1325 2824 temporum
1358 2753 1670 2806 haeresibus
1700 2752 2072 2822 scripserunt,

382 2845 721 2915 opusculum
754 2843 1049 2898 Ratramni
1089 2842 1408 2896 necessario
1443 2842 1718 2911 scriptum
1762 2841 1933 2894 fuisse
1987 2841 2078 2895 ad-

2174 447 2448 500 imantur.
2486 444 2992 499 Verumenimvero
3038 441 3263 496 etiamsi
3310 441 3588 510 ejusmodi
3637 440 3885 495 hmresis

2177 535 2504 603 exstitisset,
2536 538 2591 587 et
2621 550 2737 588 non
2783 532 2979 586 fuisset
3008 536 3223 585 temere
3255 535 3310 583 et
3358 530 3641 583 malitiose
3690 529 3886 599 impo-

2176 625 2284 679 sita
2312 630 2450 678 aestu
2483 622 2892 694 disputationis
2948 620 3082 674 viris
3140 618 3448 682 catholicis,
3510 623 3565 672 et
3618 618 3687 672 de
3746 618 3884 672 reli-

2177 715 2347 785 gione
2377 717 2526 767 recte
2565 710 2944 766 sentientibus
2984 708 3251 779 ascripta,
3307 724 3449 778 quos
3504 722 3708 778 cogere
3739 708 3881 760 totis

2177 803 2388 857 viribus
2437 800 2789 855 conabantur
2850 798 2955 853 sibi
3002 796 3417 868 persuaderent
3468 802 3583 850 tam
3633 797 3881 866 probro-

2178 907 2305 944 sum
2336 894 2391 943 et
2437 894 2602 960 turpe
2660 889 3100 943 deliramentum
3161 888 3599 938 consectaneum
3648 901 3771 938 esse
3809 901 3877 939 ex

2178 996 2244 1033 ea
2274 978 2534 1034 suasione
2562 994 2661 1032 seu
2690 978 2800 1032 fide
2834 978 2891 1033 in
2924 994 3037 1050 qua
3066 984 3228 1033 erant
3265 994 3472 1049 corpus
3511 975 3719 1032 Christi
3758 977 3881 1046 ,Do-

2178 1068 2321 1123 mini
2352 1067 2412 1122 in
2444 1067 2820 1133 Eucharistia,
2862 1069 3054 1139 aliquo
3086 1069 3325 1124 rationis
3354 1084 3565 1140 genere
3615 1071 3670 1121 et
3701 1065 3878 1120 modo

2180 1159 2285 1211 sub
2316 1163 2527 1212 tactum
2560 1157 2635 1227 :et
2690 1158 2874 1212 visum
2928 1158 3149 1227 cadere,
3202 1166 3257 1213 et
3289 1159 3413 1213 aliis
3459 1156 3717 1227 corporis
3770 1155 3881 1209 cir-

2180 1245 2721 1317 cumscriptionibus
2754 1246 3065 1301 obnoxium
3115 1263 3236 1301 esse
3274 1263 3287 1301 :
3336 1247 3580 1302 arduum
3630 1250 3686 1298 et
3730 1242 3883 1297 difﬁ-

2182 1336 2287 1390 cile
2315 1352 2431 1389 non
2461 1336 2645 1390 solum
2675 1341 2839 1402 esset,
2874 1352 3069 1390 verum
3120 1336 3290 1391 etiam
3324 1353 3561 1407 prorsus
3592 1332 3877 1395 ἀδύνατον,

2182 1424 2427 1496 probare
2466 1423 2802 1496 pradictum
2856 1426 3152 1479 ltatramni
3197 1426 3534 1496 opusculum
3586 1423 3882 1495 applicato

2184 1514 2376 1569 animo
2409 1519 2463 1569 et
2493 1514 2731 1568 consilio
2762 1514 2970 1569 factum
3007 1514 3180 1569 fuisse
3203 1515 3271 1569 ad
3305 1515 3453 1569 hanc
3500 1512 3887 1569 Stercoranis-

2181 1604 2320 1658 tiam
2352 1604 2786 1670 confutandam;
2821 1604 2888 1658 de
2929 1620 3042 1674 qua
3097 1621 3167 1658 ne
3196 1606 3292 1677 γρύ
3330 1604 3577 1674 quidem
3632 1603 3691 1656 in
3726 1617 3882 1672 prae—

2182 1694 2331 1748 dicto
2364 1692 2575 1747 libello.
2610 1692 2831 1762 Quippe
2884 1693 3072 1761 palam
3124 1692 3503 1763 improbabile
3571 1691 3881 1745 hominem

2182 1798 2349 1835 sensu
2385 1787 2440 1834 et
2481 1780 2704 1835 ratione
2746 1781 3052 1850 praeditum
3112 1780 3405 1849 scripsisse
3457 1781 3728 1834 adversus
3759 1780 3882 1833 hae-

2182 1872 2376 1937 resim,
2425 1871 2547 1940 ejus
2615 1870 2968 1941 expositione
3020 1870 3237 1923 sincere
3286 1875 3342 1925 et
3380 1886 3511 1924 vere
3567 1870 3764 1924 relicta
3823 1875 3884 1923 et

2182 1959 2584 2031 praetermissa,
2620 1958 2831 2029 quippe
2873 1957 3016 2012 adeo
3044 1957 3194 2013 futili
3220 1962 3275 2011 et
3326 1958 3587 2024 ridicula,
3620 1963 3685 2012 ut
3742 1958 3885 2013 sim-

2183 2048 2319 2119 plici
2350 2046 2699 2118 expositione
2740 2046 2978 2100 friabilis
3009 2062 3131 2101 esse
3179 2047 3468 2101 videretur
3516 2046 3789 2101 omnibus
3821 2052 3885 2102 et:

2185 2137 2469 2191 diluenda.
2499 2135 2764 2206 Apposite
2789 2135 2965 2204 igitur
3019 2140 3075 2189 et
3124 2140 3508 2206 congruenter
3566 2136 3730 2190 fateri
3780 2152 3883 2190 ne-

2184 2241 2337 2278 cesse
2368 2229 2454 2277 est
2505 2224 2712 2277 librum
2772 2222 3067 2276 Ratramni
3123 2228 3417 2277 exaratum
3482 2228 3537 2277 et
3595 2224 3879 2295 scriptum

2184 2315 2356 2368 fuisse
2389 2312 2659 2368 adversus
2689 2313 2982 2382 theologos
3022 2312 3373 2367 orthodoxos
3409 2329 3422 2366 :
3452 2313 3551 2367 sed
3583 2314 3717 2367 hinc
3754 2330 3883 2369 non

2183 2402 2555 2473 consequitur
2582 2402 2791 2456 factum
2822 2401 2993 2454 fuisse
3029 2402 3221 2456 dedita
3249 2418 3422 2472 opera
3448 2403 3784 2472 praedictum
3809 2403 3884 2457 li-

2184 2489 2351 2543 brum
2383 2490 2452 2543 ad
2472 2489 2877 2543 confutandam
2901 2491 3246 2544 sententiam
3282 2492 3615 2545 catholicam
3639 2492 3708 2546 de
3736 2509 3887 2562 prie.-

2184 2578 2366 2631 sentia
2396 2594 2531 2632 vera
2561 2578 2818 2647 corporis
2841 2583 2897 2631 et
2918 2579 3212 2647 sanguinis
3260 2579 3466 2634 Christi
3498 2585 3553 2634 et
3580 2581 3887 2635 transsub-

2185 2668 2570 2723 stantiatione.
2602 2668 2817 2722 Revera
2844 2668 3156 2738 genuinum
3191 2673 3247 2722 et
3274 2668 3424 2722 idem
3458 2676 3883 2740 augumentum

2185 2757 2338 2826 quod
2366 2756 2569 2827 probat
2615 2761 2812 2810 contra
2854 2755 3288 2826 opinamentum
3332 2758 3883 2813 Stercoranistarum

2184 2846 2391 2898 factum
2414 2861 2528 2898 non
2561 2860 2703 2910 esse,
2738 2849 2794 2898 et
2829 2844 2897 2897 de
2931 2861 3042 2915 quo
3082 2844 3227 2898 nihil
3259 2845 3317 2898 in
3348 2846 3456 2899 hoc
3499 2846 3647 2901 libro
3692 2848 3887 2902 incur-

380 2949 581 2987 versus
636 2931 962 2985 defensores
1019 2946 1166 2984 verae
1223 2930 1544 3001 prmsentim
1599 2929 1849 2999 corporis
1916 2929 2073 2982 Cllri-
2107 2956 2147 3009 ο
2188 2935 2259 2987 rit
2289 2934 2579 3004 conceptis
2607 2933 2793 2987 verbis
2836 2934 3175 3003 expositum,
3231 2934 3586 2989 demonstrat
3628 2936 3890 3006 aequabi-

386 3021 476 3089 sti,
510 3025 565 3074 et
597 3019 1279 3085 transsubstantiationis;
1329 3018 1582 3089 adeoque
1614 3017 1721 3071 hoc
1764 3017 1945 3071 solum
1974 3018 2073 3071 do-

383 3126 516 3179 gma
549 3110 809 3165 Ecclesiae
852 3110 1124 3164 Romanae
1161 3108 1222 3162 in
1266 3106 1375 3162 hoc
1426 3110 1672 3162 tractatu
1716 3106 2075 3161 confutatum

382 3198 579 3253 fuisse.

450 3288 776 3344 Secundum
817 3292 1225 3358 argumentum
1271 3301 1338 3339 ex
1370 3285 1539 3339 variis
1571 3284 1800 3338 dicendi
1844 3283 2078 3354 generi—

383 3378 491 3433 bus
520 3383 575 3431 et
622 3376 903 3447 expressis
941 3373 1292 3444 imaginibus
1338 3377 1394 3426 et
1435 3372 1647 3426 Latinis
1694 3372 2077 3425 locutionihus

368 3467 617 3531 'hujusce
675 3466 946 3515 tractatus
1017 3460 1350 3524 assumitur,
1418 3475 1559 3529 quas
1617 3459 1815 3528 lingua
1870 3460 2081 3513 Gallica

383 3549 555 3603 scribi
587 3552 642 3601 et
670 3548 879 3617 exponi
932 3563 1047 3600 non
1104 3562 1271 3615 posse
1327 3544 1435 3598 sibi
1488 3547 1790 3616 persuasit,
1852 3546 1912 3600 ni
1971 3547 2079 3600 do-

385 3636 564 3707 gmati
602 3635 860 3689 Ecclesiae
892 3634 1162 3688 Romana:
1192 3640 1248 3687 et
1286 3635 1580 3688 catholicm
1629 3634 1863 3689 adverso
1894 3637 1949 3687 et
1977 3635 2078 3705 {re-

384 3725 664 3797 pugnanti
696 3723 955 3794 adeoque
995 3723 1186 3777 sensui
1221 3723 1666 3777 Protestantium
1699 3723 1968 3795 propitio.
2006 3725 2081 3779 Ea

388 3817 521 3867 sunt
551 3812 776 3883 objeeta
803 3827 932 3882 qua:
959 3810 1080 3882 jam
1112 3812 1375 3866 retaliare
1407 3811 1571 3866 nobis
1601 3812 1900 3866 incumbit.

459 3900 652 3956 Primo
680 3902 929 3954 fatemur
988 3900 1238 3954 libenter
1295 3903 1459 3954 (etate
1516 3900 1815 3954 Ratramni
1862 3901 2079 3955 nullam

391 3990 673 4046 exstitisse
719 3989 1262 4044 Stercoranistarum
1313 3994 1556 4055 sectam;
1609 3988 1842 4056 scilicet,
1889 3989 2079 4059 impu-

388 4079 649 4134 dentium
684 4078 986 4131 hominum
1014 4077 1366 4143 societatem,
1398 4077 1497 4147 qui
1528 4076 1634 4129 sibi
1666 4078 2076 4146 persuaserint.

390 4172 586 4222 contra
607 4182 835 4220 sensum
872 4164 1129 4219 Ecclesiae
1159 4166 1475 4233 catholicm,
1513 4166 1786 4220 credibile
1817 4182 1936 4220 esse
1968 4183 2083 4221 cor-

2185 3023 2312 3078 liter
2341 3023 2607 3077 adversus
2632 3022 2843 3093 dogma
2874 3023 3197 3092 praesentiae
3249 3024 3418 3077 realis
3439 3066 3452 3090 ,
3502 3040 3673 3094 quam
3736 3025 3886 3078 reali

2186 3118 2359 3167 tatem
2412 3115 2615 3165 vocant
2687 3110 2937 3180 theologi
2990 3110 3329 3179 scholastici,
3413 3112 3583 3166 etiam
3662 3113 3883 3168 factum

2186 3218 2302 3256 non
2321 3201 2516 3267 fuisse,
2550 3205 2604 3253 et
2635 3199 2832 3270 de'qua
2854 3198 3025 3253 etiam
3061 3200 3278 3255 nullam
3312 3200 3665 3256 mentionem
3697 3202 3872 3258 facit:

2187 3295 2242 3344 et
2270 3306 2404 3344 vero
2435 3305 2547 3359 qua
2579 3289 2799 3341 ratione
2830 3305 2964 3342 usus
3014 3293 3162 3342 esset
3204 3297 3400 3344 auctor
3450 3290 3634 3344 verbis
3681 3295 3738 3344 et
3769 3308 3886 3346 ser-

2188 3394 2357 3431 mone
2402 3378 2707 3431 realitatem
2738 3382 2788 3430 et
2819 3378 3482 3433 transsubstantiationem
3499 3379 3881 3449 significanti-

2186 3466 2290 3520 bus
2320 3465 2381 3519 in
2411 3481 2583 3536 opere
2613 3466 2774 3535 cujus
2803 3467 3109 3521 consilium
3139 3472 3195 3521 et
3242 3467 3490 3521 auctoris
3523 3466 3701 3521 animi
3734 3468 3880 3522 affe-

2186 3561 2307 3609 ctus
2336 3559 2457 3608 erat
2487 3554 2865 3624 impugnandi
2894 3561 2951 3609 et
2982 3555 3305 3609 refellendae
3335 3556 3618 3626 ejusmodi
3644 3562 3884 3611 senten-

2185 3644 2301 3698 tiae.
2337 3643 2495 3708 Quod
2519 3643 2681 3696 facile
2740 3647 3103 3714 perspectum
3148 3644 3221 3698 iri
3278 3661 3395 3699 non
3443 3645 3778 3700 dubitamus
3809 3663 3882 3701 ex

2184 3732 2351 3787 variis
2382 3732 2850 3787 adnotationibus
2900 3749 3145 3803 quarum
3176 3734 3499 3787 accessione
3548 3734 3695 3788 hanc
3750 3735 3883 3789 edi-

2186 3822 2401 3876 tionem
2429 3826 2681 3876 nostram
2722 3822 3158 3875 cumulavimus.
3192 3823 3317 3876 Haec
3342 3822 3520 3894 igitur
3559 3824 3754 3877 omnia
3788 3841 3884 3878 as-

2189 3911 2466 3965 sumenda
2499 3913 2631 3964 sunt
2660 3911 2729 3964 ad
2768 3910 3225 3965 concludendum
3275 3912 3578 3965 consilium
3629 3917 3685 3966 et
3713 3929 3883 3968 men-

2188 4004 2304 4054 tem
2336 3999 2633 4053 Ratramni
2668 3997 2841 4052 fuisse
2871 3998 3099 4053 tertiam
3149 4000 3489 4053 sententiam
3530 4000 3884 4072 impugnare

2189 4103 2319 4158 quae
2377 4102 2646 4157 magnam
2698 4085 2870 4141 habet
2926 4104 2958 4141 a
3017 4087 3239 4141 duabus
3297 4089 3421 4141 aliis
3472 4088 3879 4147 differentiam.

2190 4172 2489 4228 Enimvero
2516 4174 2635 4227 haec
2683 4174 3004 4245 intelligere
3050 4181 3107 4229 et
3136 4177 3429 4246 propalam
3490 4177 3703 4231 habere
3751 4196 3885 4249 per-

387 4272 495 4327 pus
524 4262 579 4309 et
607 4270 835 4309 carnem
887 4253 1094 4308 Christi
1147 4270 1320 4324 quam
1363 4253 1421 4306 in
1482 4253 1847 4307 Eucharistia:
1903 4270 2086 4309 sacra-
2116 4252 2159 4305 1)
2189 4265 2378 4330 specta
2403 4266 2459 4314 et
2487 4262 2655 4331 plane
2705 4262 2943 4315 enodata
2974 4262 3135 4317 facile
3180 4268 3285 4317 est.
3327 4280 3391 4317 ex
3433 4263 3557 4334 ipso
3600 4267 3882 4335 opusculo

390 4349 583 4399 mento
618 4343 948 4413 recipimus,
981 4342 1285 4397 obnoxiam
1312 4342 1485 4396 fuisse
1507 4342 1832 4413 digestioni,
1852 4342 2083 4397 alimen-

388 4438 575 4487 torum
610 4431 963 4485 triturationi
993 4435 1048 4484 et
1077 4431 1358 4501 egestioni
1407 4436 1924 4498 excrementorum,
1952 4432 2082 4502 qui-

388 4522 495 4576 bus
524 4520 787 4575 homines
818 4520 992 4589 largis
1024 4520 1266 4590 dapibus
1297 4522 1492 4585 saturi,
1530 4520 1719 4573 alvum
1753 4536 1912 4573 suam
1946 4536 2080 4573 exo-

391 4625 588 4663 nerare
621 4608 824 4661 solent.
881 4609 992 4661 Hoc
1041 4607 1396 4678 opinamenti
1435 4623 1615 4678 genus
1667 4607 1809 4661 adeo
1857 4609 2079 4662 fatuum

392 4702 446 4751 et
476 4702 641 4751 recte:
670 4696 877 4750 rationi
906 4712 1235 4767 repugnans
1279 4697 1524 4763 videtur,
1584 4702 1640 4750 et
1683 4712 1916 4766 prorsus
1973 4698 2079 4751 im-

393 4792 686 4866 probabile
717 4794 905 4846 visum
934 4792 1104 4846 fuisse
1152 4809 1377 4847 necesse
1426 4809 1547 4846 esse
1593 4792 1852 4847 videatur
1893 4793 2083 4847 omni-

390 4884 497 4938 bus
527 4881 662 4935 viris
693 4882 791 4951 qui
838 4881 907 4934 de
950 4886 1226 4951 potestate
1285 4881 1490 4935 mentis
1544 4898 1657 4935 non
1718 4883 2078 4936 excesserint.

393 4973 634 5041 Insuper
664 4970 804 5023 adeo
838 4968 1100 5036 feliciter,
1131 4985 1368 5023 nervose
1398 4974 1453 5023 et
1499 4970 1742 5023 faciliter
1770 4971 1935 5023 Pater
1962 4972 2081 5024 Ma-

392 5059 664 5116 billonius
729 5058 797 5112 ab
854 5057 961 5111 hoc
1021 5057 1297 5127 figmento
1350 5058 1655 5112 vindicavit
1711 5058 2076 5112 Heribaldum

394 5151 727 5220 episcopum
764 5145 1316 5210 Altissioziorensem,
1350 5147 1724 5213 Amalarium,
1793 5146 2080 5201 archidia-

393 5254 602 5293 conum
631 5235 1044 5299 Trevirensem,
1076 5234 1396 5298 Rabanum,
1444 5235 1934 5305 archiepiscopum
1967 5236 2080 5289 Mo-

398 5326 826 5397 guntineusem,
848 5323 1415 5391 Florum,diaconum
1440 5322 1697 5376 Ecclesiae
1738 5323 2078 5393 Lugdunen-

397 5416 494 5481 sis,
523 5418 587 5466 ut
625 5414 815 5466 nullus
859 5412 1160 5468 dubitandi
1193 5412 1345 5464 locus
1377 5410 1735 5480 relinquatur
1773 5412 1907 5482 quia
1939 5428 2081 5482 prac-

398 5500 672 5561 etantium
734 5505 788 5557 et
847 5500 1451 5559 excellentissimorum
1498 5499 1751 5554 virorum
1805 5499 2081 5570 ejusmodi

2191 4349 2510 4418 Ratramni,
2537 4350 2596 4404 in
2630 4365 2743 4421 quo
2783 4354 2966 4404 totum
3018 4351 3421 4422 disputationis
3466 4353 3757 4423 negotium
3793 4355 3888 4409 de-

2189 4437 2435 4494 volvitur
2465 4438 2535 4492 ad
2566 4439 2678 4493 duo
2716 4440 2901 4510 capita
2931 4439 3045 4494 sive
3086 4441 3344 4494 membra
3375 4456 3441 4494 ex
3490 4442 3698 4511 quibus
3732 4443 3888 4497 liber

2189 4528 2471 4582 coalescit.
2507 4528 2761 4581 Primum
2797 4534 3010 4598 spectat
3049 4545 3146 4582 eos
3184 4530 3283 4599 qui
3318 4529 3427 4584 sibi
3460 4532 3886 4600 persuadebant

2190 4633 2310 4670 rem
2351 4633 2580 4670 omnem
2614 4617 2771 4671 nulla
2802 4622 2960 4687 parte
3004 4618 3235 4687 dempta
3276 4618 3332 4672 in
3380 4620 3733 4674 Eucharistia
3758 4622 3885 4691 pla-

2189 4723 2323 4760 nam
2347 4710 2403 4759 et
2424 4712 2677 4777 apertam
2701 4706 3053 4777 contingere,
3074 4707 3129 4759 in
3157 4709 3351 4761 oculos
3370 4709 3558 4761 etsine
3582 4709 3762 4779 figura
3782 4715 3889 4763 aut

2189 4796 2316 4850 velo
2348 4794 2657 4850 incurrere.
2690 4795 2841 4861 Quod
2872 4797 3021 4848 nulla
3072 4795 3168 4849 sub
3214 4798 3411 4864 ﬁgura,
3466 4799 3617 4851 nulla
3648 4799 3746 4852 sub
3794 4801 3889 4853 ob-

2188 4884 2455 4937 velat-ionc
2506 4882 2629 4952 ﬁat,
2681 4883 2775 4936 sed
2828 4885 3003 4952 ipsius
3053 4886 3303 4939 veritatis
3358 4885 3513 4940 nuda
3561 4889 3887 4953 manifesta-

2190 4976 2330 5027 tione
2350 4979 2672 5041 peragatur.
2710 4973 2847 5025 Ecca
2872 4976 3005 5024 sunt
3034 4978 3306 5042 concepta
3344 4974 3513 5027 verba
3547 4976 3880 5043 ltatramni;

2191 5077 2253 5114 cx
2294 5060 2502 5130 quibus
2533 5050 2855 5129 intelligere
2886 5059 3050 5113 facile
3082 5065 3165 5114 est
3204 5077 3319 5114 non
3350 5062 3637 5132 scripsisse
3683 5070 3886 5119 contra

2189 5149 2245 5203 S.
2282 5148 2643 5203 Paschasium
2685 5147 3038 5212 Ratbertum,
3094 5163 3210 5201 nou
3253 5149 3519 5203 adversus
3556 5152 3883 5207 'Ecclesiam

2189 5235 2546 5299 catholicam,
2583 5252 2711 5306 qum
2752 5250 2980 5305 semper
3007 5235 3063 5288 in
3098 5252 3161 5289 ea
3191 5237 3459 5290 suasione
3490 5238 3597 5293 fuit
3623 5241 3883 5311 aliquam

2190 5325 2305 5377 sive
2340 5325 2691 5395 aliquantam
2742 5340 2862 5377 esse
2892 5323 2952 5377 in
3006 5325 3275 5395 mysterio
3309 5326 3676 5382 Eucharistia!
3736 5331 3886 5401 ligu-

2189 5429 2312 5467 ram
2344 5412 2424 5465 rei
2477 5428 2645 5480 verae,
2675 5412 2929 5482 corporis
2981 5413 3190 5468 Christi
3219 5419 3275 5468 et
3307 5414 3602 5485 sanguinis
3629 5431 3885 5489 praesen-

2186 5500 2259 5554 tis
2287 5516 2404 5555 non
2435 5500 2845 5557 insociabilem.
