4138 6186
210 342 296 392 ns
1043 341 1129 395 DE
1169 326 1496 395 conpone
1539 342 1626 395 ET
1663 341 1870 397 SANGI

1982 341 2009 395 Ξ
2052 339 2314 397 οοδιιΝι.
2344 369 2412 379 —
2453 341 2833 396 PRzElt‘ATlO.

3587 347 3684 399 H4

262 468 583 523 Secundum
613 470 765 540 quod
804 467 1129 540 impugnat,
1160 474 1216 524 et
1240 470 1413 540 primi
1443 476 1879 526 consectaneum
1914 475 1955 527 A
1994 470 2290 527 Ratramni
2321 471 2604 542 :legatur.
2638 472 2713 525 Ex
2744 488 2808 525 eo
2838 472 3002 528 faclie
3034 474 3141 527 erit
3172 472 3499 544 intelligere
3529 477 3680 547 quod

202 558 599 626 necessarium,
632 559 847 630 quippe
888 575 1017 613 cum
1052 560 1099 613 si
1128 560 1273 614 nihil
1314 567 1463 616 esset
1519 562 1579 615 in
1606 561 1878 617 Euchari-

200 647 295 700 stia
325 646 661 717 ﬁguratum,
695 664 797 702 seu
851 650 1122 718 velatum,
1165 656 1614 721 consequeretur
1668 668 1735 705 ex
1779 652 1882 705 hac

198 738 516 806 sumptioue
573 736 959 791 necessarium
1016 754 1139 792 rem
1197 744 1377 793 totam
1431 757 1552 793 esse
1606 756 1878 794 sensuum

197 824 505 894 cognitioni
534 825 865 895 subjectam,
919 826 1177 896 adeoque
1222 828 1611 895 corollarium,
1645 828 1878 892 scilicet,

196 929 411 966 carnem
472 918 529 966 et
577 914 920 983 sanguinem
972 914 1180 970 Christi
1210 932 1338 986 quae
1372 933 1469 970 ore
1502 916 1759 970 ﬁdelium
1793 932 1881 969 su-

194 1001 509 1067 mebantur,
546 1002 661 1054 sive
694 1006 876 1055 totum
903 1004 1057 1073 quod
1084 1003 1346 1057 sensibus
1379 1004 1715 1074 percipitur,
1758 1020 1879 1057 esse

192 1107 389 1160 corpus
421 1091 633 1144 Christi
664 1107 678 1145 :
730 1091 885 1145 idem
935 1092 1318 1163 particulatim
1352 1093 1420 1147 de
1453 1094 1619 1147 beata
1652 1093 1878 1163 Virgine

192 1186 402 1245 natum,
470 1181 808 1234 cruciﬁxum
867 1198 969 1251 pro
1033 1183 1197 1236 nobis
1258 1199 1321 1236 ac
1371 1184 1682 1252 sepultum.
1744 1185 1880 1237 Ecca

191 1282 408 1319 summa
441 1266 525 1318 rei
556 1266 824 1333 secunda,
863 1282 1035 1338 quam
1078 1268 1221 1322 Galli
1252 1270 1563 1323 secundum
1616 1274 1878 1338 punctum

190 1360 403 1418 vocant,
439 1371 612 1424 quam
643 1356 987 1409 Ratramnus
1015 1356 1330 1426 impetebat
1355 1362 1414 1411 et
1451 1358 1610 1412 nulla
1660 1358 1876 1411 ratione

190 1443 501 1497 doctrinam
557 1443 819 1498 Ecclesiae
869 1446 1136 1500 Romanae
1177 1451 1412 1516 spectat,
1448 1447 1505 1500 in
1539 1462 1651 1517 qua
1682 1462 1874 1500 revera

187 1533 435 1586 creditur
484 1549 689 1602 corpus
740 1533 944 1587 Christi
992 1536 1261 1599 velatum,
1304 1535 1542 1605 etquod
1577 1535 1680 1589 sub
1748 1551 1874 1605 spe-

186 1619 374 1673 ciebus
414 1620 609 1673 sensui
639 1620 901 1673 obnoxiis
933 1622 1295 1676 reconditum
1328 1628 1412 1676 est
1453 1622 1643 1692 ipsum
1672 1638 1877 1693 corpus

187 1707 250 1762 de
282 1709 447 1762 beata
479 1708 709 1779 Virgine
737 1714 934 1764 natum
959 1714 1014 1764 et
1051 1711 1203 1765 cruci
1237 1712 1501 1778 alﬁxum;
1543 1712 1641 1766 sed
1671 1711 1730 1766 in
1762 1729 1875 1783 qua

186 1814 479 1869 nunquam
522 1798 804 1852 creditum
839 1803 924 1852 est
969 1803 1027 1852 et
1060 1816 1420 1871 persuasum,
1448 1801 1596 1854 hanc
1647 1807 1873 1871 partem

185 1887 440 1941 sensibus
490 1887 805 1957 subjectam
837 1889 1196 1956 exteriorem,
1255 1889 1361 1943 hoc
1418 1891 1607 1945 velum
1668 1894 1724 1944 et
1753 1907 1874 1961 spe-

184 1976 312 2040 cies,
359 1975 525 2029 aliter
558 1975 713 2029 haud
745 1992 905 2029 secus
961 1982 1149 2030 essent
1200 1993 1406 2048 corpus
1456 1977 1665 2031 Christi
1698 1994 1870 2049 quam

184 2063 239 2118 in
261 2064 445 2134 ﬁgura
477 2070 578 2118 aut
606 2064 1133 2135 reprmsentatione,
1165 2066 1230 2119 ad
1266 2071 1517 2119 mentem
1554 2067 1869 2131 Lantranci,

184 2152 400 2205 abbatis
432 2152 725 2206 Beccensis
755 2157 810 2205 et
834 2152 1110 2222 temporis
1133 2169 1436 2223 progressu
1459 2154 1871 2225 archiepiscopi

184 2240 625 2305 Cantuariensis,
667 2257 838 2311 quam
889 2241 1263 2295 defenderant
1291 2248 1348 2296 et
1397 2242 1496 2296 alii
1550 2243 1740 2313 plures
1771 2243 1869 2296 ad-

182 2345 373 2383 versus
452 2334 757 2382 sectatores
815 2330 1187 2400 Berengarii:
1252 2330 1485 2398 scilicet,
1552 2330 1869 2398 Fulbertus,

183 2417 542 2471 Carnotensis
573 2421 893 2488 episcopus,
929 2423 984 2470 et
1010 2418 1126 2484 alii,
1157 2419 1259 2488 qui
1291 2419 1481 2489 palam
1509 2436 1870 2489 cognoscun-

180 2508 269 2557 tur
289 2521 352 2558 ex
386 2504 538 2557 notis
568 2504 799 2570 nostris,
835 2504 903 2558 ad
937 2521 1239 2558 numerum
1271 2505 1557 2576 octoginta
1587 2522 1702 2560 sex.

248 2594 323 2646 Ex
373 2592 463 2646 his
513 2591 728 2663 liquido
762 2598 981 2646 constat
1009 2598 1065 2646 et
1093 2593 1338 2647 dilucide
1370 2594 1523 2648 hunc
1566 2599 1867 2648 tractatum

177 2681 477 2735 Ratramni
510 2697 806 2752 nunquam
835 2682 1090 2752 potuisse
1121 2682 1303 2737 efﬁeri
1335 2684 1606 2738 adversus
1637 2683 1869 2738 Pascha-

178 2770 342 2823 sium.
405 2769 627 2840 Quippe
680 2786 833 2837 cum,
891 2770 951 2824 in
1017 2787 1085 2825 eo
1142 2773 1298 2842 quod
1353 2776 1570 2843 spectat
1616 2772 1868 2842 primum

176 2859 503 2912 membrum
557 2858 982 2928 disputationis,
1048 2860 1376 2914 Paschasius
1444 2866 1560 2914 tam
1618 2860 1866 2915 dilucide

175 2947 478 3017 patefaciet
537 2963 708 3018 quam
740 2948 1086 3002 Ratramnus
1115 2949 1369 3020 aliquam
1404 2965 1524 3002 esse
1556 2948 1616 3002 in
1646 2950 1865 3003 Eucha-

1988 562 2176 632 prima
2221 566 2382 631 parte
2436 561 2643 632 probat
2694 560 2815 614 sine
2873 563 3230 633 amphibolia
3287 568 3343 617 et
3383 563 3680 637 λογομάχιᾳ

1988 651 2337 721 singularem
2390 666 2510 704 esse
2570 650 2816 719 ﬁguram
2868 655 2922 704 et
2981 651 3335 720 aliquantam
3381 652 3442 705 in
3488 668 3680 707 sacra-

1987 744 2184 793 mento
2233 739 2488 810 corporis
2520 745 2577 793 et
2614 738 2909 809 sanguinis
2950 740 3201 807 Domini,
3242 746 3301 795 et
3331 757 3529 795 sensus
3560 759 3676 796 non

1988 829 2180 883 omnia
2216 829 2507 899 percipere
2534 834 2588 883 et
2618 828 2844 898 assequi
2875 844 3002 898 quae
3032 827 3091 881 in
3121 845 3187 882 eo
3220 834 3351 882 sunt
3382 846 3393 883 :
3430 831 3681 885 secunda

1988 934 2120 971 vero
2162 917 2546 971 abundantius
2580 917 2786 987 probat
2820 916 2929 970 hoc
2982 932 3188 985 corpus
3242 916 3451 971 Christi
3492 934 3676 973 sacra-

1987 1006 2234 1060 mentale
2294 1010 2350 1059 et
2403 1004 2727 1075 mysticum,
2784 1002 2900 1058 sive
2958 1003 3205 1058 exterius
3259 1003 3571 1073 ﬁguratum
3619 1012 3677 1061 et

1987 1095 2243 1148 sensibus
2291 1094 2603 1164 subjectum
2666 1097 2722 1146 et
2758 1092 3127 1163 permissum,
3176 1092 3329 1147 idem
3384 1110 3501 1147 non
3556 1110 3677 1147 esse

1986 1184 2139 1255 quod
2181 1188 2379 1237 natum
2433 1182 2503 1236 de
2538 1182 2764 1251 Virgine
2808 1186 2864 1235 et
2895 1180 3231 1235 cruciﬁxum
3263 1181 3389 1236 fuit.
3428 1183 3540 1236 Hoc
3584 1199 3678 1237 se~

1986 1272 2238 1326 cundum
2293 1270 2699 1341 disputationis
2730 1269 3054 1323 membrum
3086 1274 3208 1323 erat
3238 1275 3677 1324 consectaneum

1988 1359 2245 1413 naturale
2273 1375 2338 1413 ex
2369 1359 2577 1429 primo,
2608 1358 2866 1429 adeoque
2886 1373 3116 1412 necesse
3148 1363 3233 1411 est
3269 1357 3676 1413 refutationem

1985 1448 2293 1501 secundam
2332 1463 2461 1500 cum
2496 1447 2683 1516 prima
2711 1463 2831 1501 esse
2887 1446 3221 1501 naturaliter
3270 1462 3585 1501 connexam
3621 1452 3679 1501 et

1984 1536 2273 1590 sociatam.
2328 1538 2543 1590 Revera
2594 1552 2849 1589 annuere
2895 1551 3121 1589 necesse
3154 1540 3233 1589 est
3264 1537 3436 1605 paulo
3469 1535 3676 1590 diluci-

1983 1625 2109 1679 dius
2142 1624 2507 1679 Paschasium
2552 1629 2804 1678 mentem
2840 1640 3003 1678 suam
3034 1624 3363 1694 explanasse
3404 1624 3529 1694 ipso
3564 1624 3675 1679 Ra-

1985 1717 2230 1767 tramno.
2283 1712 2392 1768 Sed
2444 1712 2564 1766 haec
2606 1712 2887 1766 absolutio
2929 1711 3208 1766 Paschasii
3271 1729 3386 1765 non
3438 1713 3672 1766 aliunde

1984 1802 2235 1872 erumpit
2280 1818 2453 1872 quam
2499 1817 2564 1854 eo
2614 1800 2767 1871 quod
2800 1816 2989 1854 sermo
3040 1800 3164 1869 ejus
3210 1800 3457 1870 amplior
3504 1805 3588 1854 est
3617 1804 3672 1854 et

1985 1891 2166 1961 magis
2207 1890 2380 1943 fusus.
2443 1890 2737 1959 Utcunque
2796 1904 2885 1942 res
2931 1888 3064 1952 sint,
3118 1888 3266 1941 idem
3308 1904 3540 1957 prorsus
3586 1892 3672 1941 est

1981 1979 2283 2049 utriusque
2329 1994 2548 2043 sensus,
2598 1978 2739 2030 adeo
2794 1981 2854 2029 ut
2913 1977 3197 2030 utrumvis
3249 1974 3437 2029 videat
3492 1976 3670 2029 lector

1980 2066 2317 2137 applicatus,
2349 2081 2575 2136 semper
2622 2070 2930 2135 utrumque
2971 2064 3125 2118 idem
3182 2064 3466 2117 censuisse
3498 2063 3667 2117 intel-

1979 2156 2138 2226 ligat.
2201 2156 2502 2209 Enimvero
2560 2153 2694 2207 licet
2757 2151 3071 2206 clarissime
3128 2151 3281 2205 dicat
3335 2150 3669 2205 Paschasius

1979 2260 2181 2314 corpus
2213 2244 2422 2299 Christi
2454 2259 2674 2309 verum,
2717 2242 2787 2295 de
2826 2240 3057 2311 Virgine
3091 2244 3287 2294 natum
3329 2256 3448 2293 esse
3472 2239 3530 2292 in
3564 2241 3669 2293 Eu-

1979 2332 2268 2400 charistia,
2304 2347 2599 2401 nunquam
2626 2330 2782 2402 quod
2813 2330 2998 2400 ﬁgura
3030 2333 3114 2382 est
3134 2329 3344 2393 velum,
3381 2327 3440 2381 in
3468 2327 3667 2382 eadem

1981 2420 2331 2475 Eucharistia
2362 2436 2483 2473 esse
2504 2419 2817 2490 ipsummet
2846 2433 3053 2488 corpus
3090 2416 3329 2485 Christi;
3359 2421 3415 2471 et
3443 2415 3668 2470 etiamsi

1979 2508 2130 2563 dicat
2174 2510 2516 2563 Ratramnus
2560 2511 2616 2561 et
2660 2505 2878 2576 liquido
2914 2505 3162 2559 declaret
3204 2503 3359 2575 quod
3417 2502 3668 2557 exterius

1978 2614 2175 2651 sensus
2207 2597 2342 2651 facit
2375 2596 2435 2650 in
2482 2600 2834 2649 sacramento
2885 2610 3001 2648 non
3033 2609 3154 2647 esse
3210 2592 3399 2664 ipsum
3457 2607 3664 2661 corpus

1977 2684 2185 2740 Christi
2232 2688 2429 2738 natum
2466 2699 2535 2738 ex
2565 2683 2792 2753 Virgine
2845 2682 3013 2753 (num.
3065 2680 3173 2751 57),
3220 2679 3426 2735 nullibi
3474 2684 3665 2733 tamen

1979 2778 2151 2843 negat
2179 2788 2300 2827 esse
2326 2773 2516 2826 velum
2544 2776 2643 2825 aut
2672 2770 3034 2842 paropsidem
3065 2774 3164 2823 aut
3192 2773 3441 2839 tegetem
3470 2784 3667 2838 corpo-

1976 2860 2056 2914 ris
2086 2859 2361 2914 Domini:
2424 2875 2550 2913 cum
2611 2862 2842 2912 econtra
2889 2857 3041 2911 dicat
3092 2861 3284 2927 aperte
3337 2860 3393 2909 et
3450 2855 3663 2909 affatim

1977 2953 2189 3002 asserat
2221 2948 2389 3017 (num.
2440 2948 2523 3015 l6)
2574 2947 2723 3017 quod
2763 2946 3008 2999 exterius
3037 2950 3278 3015 apparet
3324 2961 3444 2998 esse
3476 2958 3661 2997 sacra-

172 3036 330 3089 ristia
360 3036 611 3105 ﬁguram
642 3040 697 3089 et
722 3037 845 3089 vela
861 3053 958 3090 seu
994 3038 1352 3108 paropsides,
1382 3052 1487 3091 nec
1511 3038 1579 3092 de
1602 3038 1868 3091 omnibus
1898 3061 1937 3118 C
1977 3042 2236 3092 mentum
2258 3052 2406 3089 vera:
2435 3036 2622 3089 carnis
2649 3034 2991 3099 Dominicas;
3025 3039 3079 3087 et
3106 3049 3225 3087 esse
3256 3033 3395 3087 duas
3420 3031 3660 3085 existen-

173 3142 299 3196 qua
331 3125 395 3178 in
427 3141 494 3178 ea
528 3129 661 3178 sunt
712 3141 911 3179 sensus
962 3126 1281 3180 discernere
1313 3143 1325 3179 :
1380 3132 1436 3180 et
1466 3127 1616 3196 quod
1648 3131 1865 3195 spectat

171 3215 488 3268 secundum
523 3214 867 3279 membrum,
920 3230 1153 3283 prorsus
1185 3215 1258 3267 sit
1303 3211 1560 3266 ἀδύνατον
1601 3217 1862 3269 Hatram-

171 3319 309 3356 num
352 3307 411 3355 et
463 3301 833 3356 Paschasium
888 3308 1079 3373 partes
1128 3303 1391 3356 adversas
1439 3309 1495 3357 et
1551 3304 1865 3357 contrarias

171 3388 495 3441 defendisse
534 3404 546 3440 :
579 3404 707 3440 cum
739 3389 1059 3458 praesertim
1089 3388 1143 3443 id
1168 3388 1317 3459 quod
1351 3389 1598 3442 exterius
1632 3392 1867 3459 apparet

168 3478 224 3529 in
258 3476 623 3530 Eucharistia
662 3482 715 3531 et
765 3477 1027 3531 sensibus
1054 3482 1409 3548 perceptum,
1443 3493 1648 3547 corpus
1678 3476 1865 3546 ipsum

169 3563 379 3618 Christi
414 3580 539 3617 esse
572 3564 902 3618 Paschasius
955 3581 1253 3636 nunquam
1307 3566 1514 3619 dixerit
1547 3571 1746 3619 natum
1801 3581 1865 3618 ex

171 3653 402 3722 Virgine
436 3659 494 3707 et
522 3654 675 3707 cruci
708 3653 965 3717 afﬁxam,
1000 3654 1098 3708 sed
1130 3654 1492 3708 solummodo
1525 3654 1680 3724 quod
1712 3655 1865 3707 vela-

166 3748 289 3795 tum
317 3750 376 3796 et
409 3742 769 3796 reconditum
810 3747 894 3796 est
948 3746 1003 3796 et
1037 3744 1320 3797 occultum
1350 3742 1455 3795 sub
1486 3742 1672 3812 specie
1711 3748 1864 3795 exte-

168 3833 305 3884 riori
333 3832 600 3884 sensibus
632 3833 905 3901 subjecta,
955 3833 1105 3903 quod
1166 3834 1511 3886 Ratramuus
1567 3847 1864 3900 nunquam

168 3935 405 3988 negare,
439 3920 558 3972 imo
615 3935 748 3972 vero
784 3920 1023 3973 ﬁrmiter
1081 3920 1355 3973 revellere
1411 3924 1465 3973 et
1524 3920 1865 3973 conﬁrmare

166 4008 399 4060 videtur
433 4014 485 4060 et
549 4007 889 4078 intelligitur
941 4024 1009 4061 ex
1063 4014 1215 4062 textu
1250 4009 1610 4078 autographo
1638 4007 1724 4061 sui
1757 4014 1866 4062 tra-

168 4100 354 4148 ctatus
378 4096 449 4148 de
475 4096 728 4165 Corpore
761 4100 816 4149 et
849 4096 1139 4167 Sanguine
1172 4096 1422 4161 Domini,
1455 4101 1512 4149 et
1544 4096 1863 4150 adnotatio-

167 4184 343 4236 nibus
375 4185 589 4237 nostris
623 4200 763 4253 quas
809 4184 878 4237 de
923 4185 1134 4239 Gallico
1184 4185 1408 4239 Latinas
1448 4184 1636 4238 daturi
1670 4200 1865 4238 sumus

166 4272 226 4325 in
255 4272 368 4325 hoc
399 4272 694 4325 volumine
734 4279 1056 4343 compactas
1090 4289 1101 4326 :
1146 4273 1283 4343 quid
1313 4274 1494 4344 igitur
1522 4289 1750 4327 necesse
1781 4277 1866 4327 est

1974 3127 2083 3181 tias
2117 3125 2368 3178 diversas
2407 3139 2598 3177 rerum
2630 3123 2874 3175 duarum
2907 3121 3296 3175 differentium
3334 3121 3505 3189 (num.
3540 3121 3658 3183 30);

1974 3230 2179 3285 panem
2230 3218 2287 3267 et
2347 3211 2542 3264 vinum
2602 3225 2721 3263 esse
2786 3224 3124 3262 conversum
3178 3208 3237 3261 in
3286 3205 3663 3260 substantiam

1975 3302 2228 3372 corporis
2270 3306 2326 3355 et
2357 3298 2654 3369 sanguinis
2683 3301 2853 3363 (num.
2908 3298 3011 3365 15).
3062 3297 3128 3350 Et
3165 3311 3278 3349 non
3320 3309 3481 3365 posse
3537 3292 3661 3346 sine

1974 3391 2211 3446 crimine
2239 3387 2492 3461 reputari
2523 3387 2603 3441 ibi
2641 3403 2757 3440 non
2787 3385 2964 3455 recipi
2996 3400 3201 3455 corpus
3236 3383 3443 3437 Christi
3487 3382 3659 3452 (num.

1975 3482 2085 3548 99).
2143 3479 2574 3534 Sacramentum
2621 3475 2834 3529 habere
2891 3489 3102 3527 nomen
3151 3471 3405 3542 corporis
3454 3469 3660 3526 Christi

1976 3577 2179 3622 etesse
2229 3568 2393 3635 (num.
2452 3565 2561 3634 l3),
2596 3578 2711 3615 non
2743 3561 2949 3632 majori
2999 3565 3281 3631 potestate
3342 3575 3487 3630 opus
3542 3575 3662 3613 esse

1975 3672 2097 3709 rem
2135 3670 2199 3706 ex
2245 3653 2421 3706 nihilo
2452 3651 2769 3706 faciendam
2801 3666 2973 3720 quam
3005 3650 3071 3703 ad
3119 3649 3451 3703 mutandam
3492 3652 3662 3702 natu-

1975 3759 2099 3796 ram
2140 3742 2305 3811 (num.
2361 3744 2470 3807 53).
2536 3741 2830 3808 Utcunque
2884 3754 2972 3791 res
3011 3738 3146 3804 sint,
3206 3752 3506 3807 nunquam
3556 3736 3662 3790 sibi

1973 3829 2431 3902 persuadendum
2463 3844 2603 3893 esse,
2654 3826 3094 3897 quibuscumque
3151 3824 3517 3879 sermonibus
3565 3828 3664 3877 aut

1977 3921 2161 3974 verbis
2213 3935 2351 3972 usus
2380 3918 2470 3983 sit,
2520 3932 2727 3986 corpus
2786 3913 2994 3969 Christi
3031 3913 3090 3966 in
3138 3912 3488 3966 Eucharistia
3543 3928 3661 3965 non

1972 4008 2149 4078 recipi
2177 4010 2344 4078 (num.
2384 4003 2530 4073 lOl).

2048 4098 2122 4150 Ea
2182 4096 2251 4149 de
2308 4110 2478 4147 causa
2532 4093 2915 4147 Protestantes
2983 4088 3275 4143 vindicare
3318 4087 3663 4141 studuerunt

1974 4184 2371 4241 ascribendum
2408 4198 2527 4236 esse
2556 4181 2745 4235 verbis
2787 4184 2844 4234 et
2872 4178 3123 4233 sermoni
3156 4176 3453 4233 Ratramni
3483 4175 3661 4229 alium

1974 4287 2203 4326 sensum
2234 4274 2290 4324 et
2317 4268 2616 4337 :diversum
2666 4269 2734 4322 ab
2782 4283 2849 4321 eo
2883 4282 3056 4338 quem
3092 4264 3410 4336 signiﬁcare
3457 4262 3659 4317 voluit.

165 4364 252 4412 tot
280 4359 552 4428 vepribus
588 4364 646 4413 et
675 4360 882 4413 mentis
915 4360 1185 4414 humanas
1232 4359 1479 4430 seipsam
1520 4359 1863 4414 ludiﬁcantis
1897 4370 1938 4423 ι)
1976 4361 2090 4414 Hoc
2123 4374 2253 4412 vero
2278 4358 2399 4427 jam
2449 4356 2613 4410 nobis
2660 4355 3082 4410 discutiendum
3121 4357 3383 4422 superest
3436 4352 3495 4404 in
3551 4367 3663 4404 res-

168 4447 414 4501 salebris
463 4448 676 4501 stillare
727 4449 1023 4503 cerebrum
1059 4449 1129 4503 ad
1177 4449 1610 4519 percipiendum
1670 4453 1725 4503 et
1779 4448 1864 4501 in-

166 4536 457 4588 tuendum
486 4536 785 4590 consilium
818 4542 875 4590 et
905 4542 1156 4591 mentem
1186 4537 1480 4592 Ratramni
1509 4538 1567 4591 in
1622 4536 1766 4591 libro
1797 4537 1866 4590 de

168 4623 425 4693 Corpore
458 4628 513 4676 et
550 4624 837 4695 Sanguine
890 4626 1153 4680 Domini?
1184 4627 1265 4679 Ad
1324 4626 1464 4697 quid
1511 4625 1867 4680 conducibile

168 4727 295 4765 esse
332 4716 517 4781 potest
566 4713 906 4782 ﬁgmentum
937 4719 993 4767 et
1048 4714 1343 4768 inventum
1390 4719 1554 4769 secta:
1585 4715 1866 4769 Stercora-

167 4798 462 4852 nistarum
496 4800 567 4853 ad
596 4800 958 4866 diluendum,
989 4802 1128 4856 adeo
1149 4802 1371 4857 fatuum
1400 4808 1456 4857 et
1479 4802 1868 4873 incogitabile,

167 4892 233 4940 nt
258 4888 359 4941 vix
386 4887 663 4943 credibile
693 4889 763 4942 sit
786 4890 1068 4960 ejusmodi
1089 4894 1300 4945 sectam
1333 4890 1391 4944 in
1413 4891 1551 4945 orbe
1583 4897 1867 4944 terrarum

166 4975 483 5041 exstitisse,
541 4976 610 5031 de
640 4993 755 5048 qua
798 4994 870 5031 ne
922 4978 1159 5032 verbum
1199 4978 1429 5049 quidem
1482 4979 1750 5049 prodidit.
1805 4980 1869 5032 Et

167 5064 313 5134 quid
348 5081 414 5119 ex
449 5066 685 5119 adverso
714 5082 857 5137 opus
886 5072 971 5121 est
986 5067 1361 5121 Ratramnum
1391 5066 1499 5121 sibi
1527 5066 1868 5137 persuadere

165 5153 521 5222 impugnare
555 5153 800 5208 voluisse
855 5171 976 5209 rem
1010 5155 1331 5225 praesentiae
1374 5156 1631 5226 corporis
1662 5154 1869 5210 Christi

168 5238 229 5292 in
262 5240 627 5295 Eucharistia
648 5246 705 5295 et
737 5240 919 5310 ipsam
952 5241 1673 5310 transsubstantiationem,
1696 5258 1869 5313 quam

168 5328 539 5399 aliquantula
568 5328 911 5400 cogitatione
943 5336 1043 5384 aut
1073 5330 1445 5385 meditatione
1478 5346 1590 5385 non
1622 5335 1867 5402 reputat,

169 5420 227 5468 et
257 5424 379 5471 tam
411 5434 444 5471 a
475 5418 700 5472 duobus
728 5417 1012 5489 capitibus
1042 5419 1443 5490 disputationis
1468 5435 1641 5489 quam
1668 5423 1874 5473 tractat

169 5504 367 5558 aliena
393 5511 501 5573 est,
557 5523 730 5578 quam
764 5506 961 5577 opinio
1015 5508 1560 5563 Stercoranistarum
1605 5508 1788 5578 turpis
1818 5512 1875 5562 et

170 5594 479 5659 probrosa.
546 5597 728 5652 Facile
786 5600 872 5650 est
917 5613 1039 5669 prae
1096 5597 1361 5653 manibus
1417 5597 1629 5652 habere
1662 5597 1870 5651 librum

1975 4448 2251 4519 ponsione
2277 4445 2348 4499 ad
2370 4444 2675 4499 secundam
2706 4443 3084 4513 objectionem
3110 4440 3442 4496 diluendam
3463 4444 3661 4494 aucto-

1976 4536 2055 4590 ris
2085 4533 2461 4589 traductionis
2488 4532 2715 4587 Gallica:
2746 4530 3043 4585 Ratramni
3073 4546 3225 4584 anno
3270 4532 3426 4583 l672.

2043 4624 2251 4679 Animo
2271 4621 2521 4676 intendit
2542 4625 2660 4674 toto
2681 4624 2736 4673 et
2755 4618 2981 4690 integro
3013 4623 3259 4673 tractatu
3287 4618 3663 4672 Ratramnum

1976 4728 2110 4767 voce
2139 4713 2385 4767 veritatis
2416 4710 2569 4764 idem
2627 4708 2950 4779 signiﬁcare
2999 4708 3148 4778 quod
3174 4723 3307 4761 voce
3338 4707 3610 4760 reatitatis
3645 4721 3658 4757 :

1978 4818 2105 4872 quae
2150 4799 2337 4853 media
2398 4802 2564 4852 aetate
2624 4796 2943 4851 Latinitatis
3000 4811 3165 4848 usum
3212 4795 3403 4848 subire
3469 4793 3659 4863 cmpit,

1977 4889 2163 4943 adhuc
2207 4887 2471 4956 vagiente
2528 4885 2860 4940 scholastica
2903 4883 3205 4953 disciplina
3257 4882 3316 4936 in
3370 4881 3664 4952 parietinis

1978 4978 2265 5047 castigata:
2304 4974 2643 5042 Latinitatis,
2681 4973 2958 5044 quoniam
2990 4973 3112 5026 haec
3134 4988 3235 5025 vox
3271 4971 3516 5025 maxime
3571 4983 3662 5022 re-

1977 5070 2195 5136 pugnat
2223 5065 2460 5135 ﬁguraa;
2511 5070 2568 5118 et
2597 5080 2662 5117 ex
2710 5062 2797 5116 his
2846 5061 3137 5116 concludit
3176 5061 3326 5132 quod
3357 5073 3486 5111 cum
3544 5060 3663 5109 toto

1978 5154 2085 5211 hoc
2125 5152 2273 5207 libro
2330 5152 2532 5206 doceat
2584 5152 2929 5206 Ratramnus
2976 5165 3184 5219 corpus
3243 5144 3449 5203 Christi
3498 5142 3664 5197 nobis

1980 5258 2097 5297 non
2127 5242 2251 5296 dari
2288 5241 2349 5295 in
2393 5243 2638 5305 veritate,
2685 5239 2784 5295 sed
2830 5242 2889 5294 in
2944 5240 3221 5307 mysterio,
3257 5241 3321 5288 ut
3376 5231 3664 5301 conceptis

1981 5330 2166 5385 verbis
2190 5329 2568 5400 quasstionem
2609 5328 2961 5399 pr0positam
2994 5326 3257 5395 explicet,
3291 5338 3516 5377 necesse
3544 5336 3664 5375 esse

1979 5434 2111 5475 eum
2138 5418 2383 5471 voluisse
2414 5419 2656 5487 probare
2686 5418 2747 5471 in
2787 5414 3142 5470 Eucharistia
3181 5428 3310 5466 vere
3342 5416 3399 5466 et
3443 5411 3666 5465 realiter

1979 5524 2096 5563 non
2133 5505 2309 5577 recipi
2328 5522 2535 5579 corpus
2561 5506 2787 5570 Christi,
2817 5504 2914 5559 sed
2955 5501 3317 5558 solummodo
3357 5500 3418 5555 in
3447 5506 3667 5572 mysta--

1980 5597 2066 5651 rio
2121 5596 2180 5651 in
2235 5596 2421 5667 ﬁgura
2455 5596 2625 5669 quod,
2665 5594 2902 5666 quidem
2954 5608 3184 5647 sensum
3235 5590 3664 5647 Calvinisticum
