4138 6194
391 361 399 364 ’
475 367 574 422 115

1619 354 1983 412 ΒΑΤΒΑΜΝΙ
2019 356 2478 413 CORBEIENSIS
2521 355 2832 411 llONACHl

3878 352 3976 407 116

474 497 693 569 liquido
721 511 784 549 ac
812 493 1057 549 dilucide
1107 492 1347 563 exponit
1378 495 1434 545 et
1465 490 1767 561 signiﬁcat.
1798 490 1855 544 Si
1884 490 1994 544 hoc
2022 505 2158 544 con-
2189 492 2230 544 A
2269 506 2462 544 rerum
2521 494 2585 544 ut:
2639 489 2699 543 in
2760 504 2817 542 se
2872 486 3205 542 consisteret
3239 502 3253 541 :
3312 487 3369 541 id
3414 491 3518 552 est,
3555 493 3749 542 utrum
3786 487 3980 559 reipsa

473 584 665 639 silium
693 598 789 635 seu
822 585 1076 635 mentem
1107 580 1298 650 aliqua
1346 576 1689 648 probatione
1745 576 1910 631 ﬁrma
1941 582 1997 630 et
2027 592 2163 631 ner-

475 689 610 727 vosa
686 669 884 725 fulcire
948 668 1303 733 intendisset,
1372 667 1493 735 jam
1567 665 1865 720 Ratramni
1936 682 2162 719 causam

469 762 730 831 jejunam
761 758 1088 829 relinquere
1121 772 1348 809 necesse
1390 760 1560 820 esset,
1593 760 1648 809 et
1677 754 1995 808 imitatione
2022 770 2165 808 con-

476 851 638 922 sequi
666 854 751 902 tot
798 848 1101 917 scriptores
1156 843 1581 908 ecclesiasticos,
1625 844 1692 897 de
1728 843 1938 914 quibus
1996 858 2166 913 supra

478 937 829 992 mentionem
879 935 1137 989 fecimus.
1205 934 1316 986 Nec
1369 932 1667 986 dubitandi
1722 932 1877 986 locus
1936 931 2167 985 relictus

477 1032 621 1080 esset
649 1024 787 1095 quin
822 1023 926 1076 iste
969 1021 1277 1075 monachus
1316 1020 1491 1075 fuerit
1521 1020 1738 1089 primus
1769 1020 2002 1075 haeresis
2039 1020 2166 1073 Cal-

475 1114 719 1167 viniante
758 1116 957 1165 auctor
986 1114 1041 1163 et
1083 1110 1484 1179 protoplastes.
1522 1108 1622 1162 llis
1652 1109 1731 1161 ita
1762 1108 1981 1178 positis,
2022 1123 2168 1161 unus

476 1217 540 1254 ex
598 1199 793 1253 multis
842 1197 1026 1252 deerit
1068 1196 1228 1251 testis
1280 1196 1531 1250 veritatis
1579 1201 1635 1251 et
1692 1196 2020 1268 singularis,
2079 1196 2168 1250 cui

477 1288 665 1343 casteri
695 1303 797 1342 seu
836 1303 1036 1340 omnes
1066 1286 1313 1339 libenter
1357 1276 1608 1339 abnuere
1648 1303 1767 1339 non
1817 1285 1982 1338 veriti
2014 1293 2166 1345 sunt,

475 1377 723 1447 aequales
756 1380 854 1428 aut
883 1390 1176 1443 suppares.
1228 1375 1509 1427 Caeterum
1545 1390 1612 1427 eo
1671 1372 1989 1427 devolvitur
2052 1379 2170 1426 tota

480 1464 738 1534 probatio
806 1463 1204 1529 Protestantis,
1262 1478 1390 1532 pag.
1444 1478 1593 1515 xxxu
1644 1478 1760 1515 suae
1818 1461 2169 1531 praefationis

476 1552 769 1622 impressae
801 1549 1145 1620 Rothomagi
1175 1566 1278 1620 per
1309 1550 1589 1604 Joannem
1622 1549 1797 1601 Lucas
1827 1565 1977 1602 anno
2012 1552 2165 1602 l67‘2.

551 1664 579 1688 α
609 1641 724 1694 Vox
755 1641 1027 1704 veritatis,
1068 1638 1258 1708 inquit
1303 1636 1533 1701 Gallice,
1567 1640 1752 1706 potest
1794 1635 1967 1705 objici
2008 1652 2169 1690 men-

481 1728 639 1783 dacio
661 1728 749 1780 vel
778 1728 999 1796 ﬁgurae.
1035 1727 1209 1779 Usum
1230 1727 1382 1780 subit
1401 1724 1553 1795 apud
1582 1726 1955 1778 Ratramnum
1984 1725 2168 1795 primo

479 1831 668 1881 sensu,
700 1815 976 1885 quoniam
1016 1814 1259 1884 ﬁgurata
1290 1814 1517 1868 dicendi
1548 1830 1757 1884 genera
1791 1814 2001 1884 quibus
2038 1830 2172 1867 usus

481 1909 566 1957 est
592 1906 755 1957 Jesus
803 1901 1061 1957 Christus
1090 1902 1152 1956 in
1195 1903 1503 1973 Evangelio
1552 1920 1668 1955 non
1695 1908 1831 1956 sunt
1878 1902 2173 1956 mendacia

481 2006 587 2045 nec
633 1991 793 2045 falsa.
852 1991 958 2045 Sed
993 1991 1053 2044 in
1108 1992 1378 2056 secundo,
1439 2007 1553 2060 quo
1584 2007 1687 2043 vox
1739 1993 1987 2045 veritatis
2052 1990 2174 2044 voci

477 2080 751 2133 realitatis
786 2077 987 2131 similis
1013 2082 1100 2131 est
1120 2082 1176 2131 et
1201 2084 1287 2131 est
1321 2078 1583 2148 gemina;
1618 2078 1775 2131 verbi
1807 2079 2009 2147 gratia,
2044 2095 2173 2132 cum

477 2165 615 2219 dicit
650 2165 924 2219 Dominus
966 2180 978 2217 :
1014 2166 1127 2232 Ego
1186 2181 1306 2218 sum
1350 2168 1515 2234 panis
1557 2168 1734 2231 vivus,
1767 2167 1853 2219 vel
1889 2166 2039 2234 vitae,
2082 2169 2179 2235 qui

481 2255 547 2308 de
576 2254 700 2307 casto
756 2252 1009 2306 descendi
1055 2252 1222 2323 panis
1252 2253 1379 2307 cceli
1412 2254 1585 2324 (Joan.
1643 2270 1716 2319 vx,
1773 2254 1863 2319 41,
1906 2254 2032 2320 51);
2063 2257 2174 2320 Ego

479 2358 599 2396 sum
624 2343 786 2408 panis
816 2342 995 2404 vivus,
1027 2342 1113 2393 vel
1150 2341 1314 2410 panis
1344 2340 1491 2407 vitae,
1535 2343 1632 2409 qui
1660 2340 1725 2393 de
1753 2343 1877 2395 creto
1901 2342 2172 2407 descendi,

482 2437 618 2485 sunt
646 2429 964 2485 locutiones
1012 2428 1293 2499 ﬁguratae,
1336 2444 1467 2498 quae
1499 2433 1687 2481 tamen
1719 2445 1866 2482 vera:
1892 2434 2025 2482 sunt
2076 2445 2174 2482 ve-

483 2522 649 2574 ritate
702 2517 999 2573 mendacio
1055 2522 1111 2571 et
1166 2518 1308 2571 falso
1369 2517 1631 2587 opposita
1682 2522 1739 2570 et
1793 2523 2173 2588 repugnante.

486 2607 737 2677 lmpium
794 2605 946 2659 enim
1007 2610 1158 2659 esset
1218 2604 1407 2659 dicere
1462 2605 1745 2660 Christum
1805 2621 2005 2658 verum
2062 2621 2176 2658 non

486 2696 735 2750 dixisse:
773 2699 829 2748 et
858 2711 924 2747 ex
965 2693 1053 2747 his
1094 2692 1468 2747 lccutionibus
1524 2694 1691 2747 facile
1724 2699 1810 2747 est
1855 2692 2176 2762 intelligere

487 2784 775 2839 Christum
809 2782 1133 2853 signiﬁcare
1186 2782 1433 2836 voluisse
1470 2798 1529 2835 se
1559 2788 1831 2852 prmstare
1879 2781 2178 2835 animabus

487 2873 698 2927 nostris
748 2871 905 2942 quod
954 2870 1289 2940 corporibus
1328 2871 1538 2923 nostris
1582 2870 1745 2940 panis
1788 2869 2051 2923 admovet
2080 2869 2178 2923 ali-

488 2966 770 3026 mentum,
806 2958 1022 3013 scilicet
1048 2958 1225 3011 vitam
1256 2962 1312 3013 et
1341 2957 1759 3011 nutrimentum
1791 2958 2066 3028 spiritale,
2097 2960 2179 3013 uti

488 3047 948 3120 alibilexplicuit.
984 3048 1409 3112 Verumtamen,
1466 3046 1748 3116 ejusmodi
1790 3048 1975 3117 ﬁgura
2004 3052 2060 3101 et
2090 3048 2175 3102 lo-
2208 3085 2247 3137 ε

487 3137 732 3193 cutionis
778 3153 963 3207 genus
1008 3152 1126 3190 non
1173 3136 1499 3206 signiﬁcant
1543 3150 1909 3191 REALI'I‘ATESt
1965 3138 2179 3208 quippe

394 3250 405 3253 ε
488 3243 618 3281 cum
655 3226 928 3280 Dominus
959 3242 1075 3279 non
1107 3225 1181 3279 sit
1207 3242 1422 3292 revera,
1453 3242 1553 3279 seu
1586 3226 1836 3293 realiter,
1867 3232 1966 3279 aut
1998 3226 2185 3297 reipsa

490 3315 674 3386 panis,
718 3315 817 3369 sed
865 3316 1050 3369 solum
1084 3314 1139 3367 vi
1190 3320 1478 3385 respectus
1532 3314 1753 3382 mystici
1780 3330 1953 3383 quem
2012 3315 2185 3370 habet

490 3404 560 3456 ad
608 3419 837 3470 panem.
897 3403 1007 3455 Nec
1061 3401 1364 3471 quisquam
1407 3400 1697 3453 audaciter
1744 3402 1975 3468 objiciet
2020 3402 2183 3455 nobis

491 3489 755 3542 eamdem
804 3505 925 3541 rem
983 3505 1148 3557 posse
1193 3504 1313 3540 esse
1368 3488 1665 3542 veritatem
1717 3494 1773 3541 et
1816 3489 2085 3557 ﬁguram,
2123 3496 2184 3542 ut

491 3576 685 3644 inquit
738 3576 1088 3629 Paschasius.
1136 3577 1276 3629 Nam
1310 3574 1536 3628 etiamsi
1570 3576 1675 3628 hoc
1724 3592 1838 3629 non
1873 3576 1946 3630 sit
1974 3577 2184 3647 impos-

493 3662 660 3715 sibile
691 3662 886 3732 aliquo
918 3678 1085 3715 sensu
1137 3666 1234 3715 aut
1290 3662 1484 3733 aliquo
1516 3679 1669 3729 casu,
1702 3680 1934 3734 prorsus
1964 3664 2179 3735 impos-

499 3750 664 3804 sibile
694 3756 778 3804 est
816 3750 875 3803 in
907 3750 1225 3820 quaestione
1259 3752 1567 3805 Ratramno
1598 3754 1914 3823 proposita,
1951 3769 2019 3807 ex
2070 3770 2184 3824 qua

495 3838 681 3909 palam
713 3838 1151 3891 internoscimus
1197 3855 1359 3892 voces
1395 3842 1585 3907 ﬁgurw
1632 3846 1686 3893 et
1733 3842 1983 3895 veritatis
2035 3840 2184 3894 inter

494 3944 551 3980 se
608 3942 866 3997 pugnare
916 3926 1174 3997 adeoque
1207 3927 1569 3981 insociabiles
1599 3928 1857 3997 essejam
1908 3945 2044 3998 ergo
2090 3944 2182 3981 su-

495 4032 597 4087 per
629 4016 733 4069 bac
764 4014 1079 4086 quaestione
1121 4031 1265 4084 opus
1296 4021 1381 4069 est
1412 4015 1745 4069 memoriter
1775 4022 1832 4071 et
1867 4033 2063 4070 secure
2093 4022 2183 4070 te—

497 4120 650 4165 nere,
691 4104 793 4156 has
832 4120 994 4156 voces
1042 4119 1311 4158 VERITATIS
1365 4109 1423 4157 et
1453 4119 1587 4156 vam;
1621 4103 1764 4157 nihil
1822 4105 2051 4173 proprie
2107 4105 2180 4158 si-

495 4191 766 4260 gniﬁcare
794 4196 1003 4261 praeter
1033 4207 1204 4245 nasus
1224 4197 1279 4245 et
1310 4208 1584 4245 aeaurea.
1624 4213 1644 4238 υ

568 4280 627 4331 In
671 4279 1056 4334 controversia
1103 4281 1262 4334 nulla
1311 4286 1396 4333 est
1452 4281 1824 4335 Ratramnum
1880 4280 1963 4335 uti
2016 4281 2182 4336 verbo

492 4370 742 4421 veritatis
782 4368 1090 4439 disparate,
1123 4369 1239 4421 sive
1284 4385 1386 4439 per
1415 4368 1842 4439 oppositiouem
1885 4369 1954 4423 ad
1985 4385 2178 4423 vocem
2208 4377 2251 4429 D

494 4460 698 4523 ﬁgurae,
735 4456 830 4509 sed
861 4471 925 4510 ex
955 4456 1061 4510 hoc
1098 4456 1431 4528 neutiquam
1473 4457 1846 4527 consequitur
1894 4474 1961 4511 eo
2011 4474 2177 4510 sensu

496 4559 725 4597 sumere
761 4545 1069 4599 realitatem
1118 4560 1231 4615 quo
1273 4562 1438 4599 sensu
1474 4561 1600 4598 eam
1634 4545 1985 4599 vindicamus
2034 4562 2178 4617 pra:-

497 4631 643 4684 senti
681 4632 911 4701 corpori
960 4632 1166 4687 Christi
1216 4633 1275 4686 in
1306 4633 1679 4688 Eucharistia.
1736 4633 2032 4688 Enimvero
2076 4635 2180 4689 de-

496 4719 666 4772 fendo
695 4718 858 4772 illum
908 4736 1195 4774 assumere
1246 4722 1393 4776 hanc
1420 4738 1615 4776 vocem
1649 4726 1704 4775 et
1730 4722 1789 4775 in
1819 4721 2026 4793 scripto
2058 4723 2181 4791 ejus

495 4805 680 4859 solum
712 4806 901 4861 subire
942 4808 1010 4861 ad
1051 4808 1485 4878 signiﬁcandam
1518 4810 1955 4880 patefactionem
1995 4811 2179 4880 perfe-

496 4898 646 4948 ctam
696 4898 753 4947 et
791 4897 1134 4964 completam
1180 4897 1367 4950 carnis
1412 4899 1619 4953 Christi
1667 4904 1724 4952 et
1781 4898 2095 4969 sanguinis,
2128 4904 2183 4953 et

496 4984 643 5037 hanc
677 4983 1108 5054 patefactionem
1139 5002 1261 5039 esse
1295 5002 1360 5040 ex
1403 4994 1595 5042 mente
1636 4989 1759 5058 ejus
1788 4988 2181 5043 insociabilem

495 5088 627 5125 cum
666 5072 975 5142 praesentia
1021 5073 1186 5141 reali,
1232 5074 1447 5128 scilicet
1485 5076 1806 5131 substantia
1860 5078 2097 5147 propria
2128 5084 2185 5133 et

498 5168 705 5217 natura
753 5160 876 5231 ipsa
920 5161 1175 5215 humana
1218 5163 1444 5217 Christi.
1496 5166 1570 5218 Ex
1622 5165 1710 5219 his
1769 5166 2066 5221 manifeste
2127 5171 2184 5220 et

496 5249 742 5304 dilucide
764 5253 937 5319 patet,
971 5248 1030 5302 in
1051 5250 1313 5304 examine
1348 5250 1585 5321 hujusce
1607 5253 1959 5322 quaestionis,
1987 5259 2179 5308 utrum

496 5354 703 5409 corpus
741 5345 798 5393 et
829 5339 1059 5410 sanguis
1106 5339 1312 5393 Christi
1356 5339 1564 5394 existat
1612 5341 1671 5395 in
1715 5343 2083 5397 Eucharistia.
2118 5346 2181 5398 In

495 5429 751 5494 mysterio
779 5433 875 5480 aut
905 5430 964 5481 in
992 5432 1239 5491 veritate,
1275 5427 1419 5480 nihil
1442 5428 1596 5482 aliud
1624 5428 1905 5484 discutere
1934 5431 2179 5485 voluisse

496 5518 705 5582 praster
752 5514 900 5569 hanc
977 5516 1375 5586 quaestionem,
1434 5522 1630 5570 utrum
1694 5517 1753 5570 in
1832 5519 2180 5573 Eucharistia

497 5602 790 5671 aliquanta
827 5605 1013 5673 ﬁgura
1041 5605 1321 5673 existeret,
1383 5605 1467 5657 vel
1526 5605 1825 5674 patefactio
1882 5608 2181 5661 manifesta

2276 580 2429 649 quod
2456 578 2632 632 oculis
2670 576 2971 646 subjicitur
3023 581 3168 631 esset
3213 592 3420 647 corpus
3454 576 3662 631 Christi
3693 577 3855 648 quod
3893 577 3976 630 vi-

2273 683 2400 720 sum
2427 672 2484 720 et
2512 672 2741 736 gustum
2779 665 3028 729 subiret;
3062 664 3151 718 vel
3182 664 3515 735 simpliciter
3546 666 3764 736 species
3798 672 3857 720 et
3885 683 3978 736 ap-

2275 755 2585 826 paritiones
2615 754 2778 824 panis
2810 764 2865 807 et
2908 755 3037 805 Ηυξ.
3077 754 3297 807 lnlicias
3326 754 3408 807 ire
3440 770 3610 807 nemo
3646 755 3826 808 homo
3870 771 3971 824 po-

2276 849 2383 898 test
2415 843 2554 914 quin
2587 840 2979 910 recognoverit
3014 842 3331 896 realitatem
3374 842 3629 912 corporis
3663 843 3883 897 Christi
3914 859 3977 895 eo

2276 930 2448 984 modo
2486 946 2598 1001 quo
2636 930 2792 983 illam
2828 928 3207 999 intelligimus
3248 929 3582 983 sociabilem
3622 946 3754 983 cum
3788 932 3977 1001 ﬁgura

2277 1036 2409 1073 cum
2455 1020 2603 1073 dicat
2652 1018 2867 1089 passim
2918 1017 3085 1088 (num.
3146 1018 3233 1088 99)
3274 1018 3427 1072 hunc
3455 1035 3664 1089 panem
3711 1023 3767 1072 et
3825 1021 3976 1073 hunc

2276 1108 2530 1175 calicem,
2556 1108 2768 1161 scilicet
2800 1106 3231 1174 Eucharistiam,
3282 1123 3401 1161 esse
3448 1108 3809 1160 nominatam
3848 1124 3976 1161 cor-

2281 1214 2386 1267 pus
2417 1196 2623 1251 Christi
2650 1200 2700 1249 et
2729 1212 2857 1261 esse,
2892 1198 3184 1263 vinumque
3210 1197 3447 1264 potuisse
3482 1199 3721 1249 converti
3753 1198 3812 1249 in
3840 1211 3977 1265 pro-

2275 1289 2460 1354 prium
2486 1286 2602 1353 ejus
2656 1285 2976 1353 sanguinem
3026 1285 3190 1354 (num.
3244 1286 3337 1349 ‘28)
3387 1283 3487 1336 has
3517 1284 3733 1352 species
3764 1299 3979 1354 corpus

2277 1374 2509 1436 Christi,
2544 1390 2657 1427 non
2690 1390 2880 1427 rerum
2925 1373 3169 1425 duarum
3213 1372 3601 1426 differentium
3646 1372 3981 1426 existentias

2281 1462 2451 1528 (num.
2491 1461 2613 1530 16);
2650 1462 2711 1515 in
2743 1462 2849 1515 hoc
2878 1460 3149 1531 mysterio
3184 1477 3302 1514 rem
3339 1477 3512 1514 unam
3542 1460 3602 1514 in
3635 1461 3812 1515 aliam
3856 1478 3981 1514 esse

2278 1566 2608 1603 conversam
2651 1552 2819 1619 (num.
2870 1550 2984 1616 l3);
3025 1554 3082 1602 et
3114 1565 3338 1602 summa
3367 1548 3734 1618 precantione
3781 1553 3983 1602 utatur

2281 1655 2417 1708 erga
2447 1642 2684 1692 lectores
2720 1638 2867 1692 circa
2907 1638 3077 1692 verba
3109 1637 3373 1708 quredam
3417 1637 3625 1707 quibus
3667 1638 3852 1691 utitur
3912 1654 3983 1691 ne

2281 1743 2488 1797 corpus
2516 1726 2724 1781 Christi
2765 1726 2872 1780 sibi
2913 1726 3131 1797 porrigi
3183 1742 3298 1779 non
3331 1728 3584 1779 credant.
3621 1726 3760 1779 Nam
3797 1724 3843 1778 si
3874 1742 3983 1796 per

2283 1832 2474 1870 vocem
2505 1818 2749 1869 veritatis
2779 1817 3083 1869 realitatem
3114 1814 3504 1880 intellexisset,
3540 1814 3682 1867 nihil
3732 1814 3924 1885 magis
3952 1832 3984 1867 a

2281 1920 2447 1957 sensu
2470 1904 2762 1957 communi
2785 1908 2882 1957 aut
2901 1909 3027 1957 rata
3052 1903 3272 1957 ratione
3294 1902 3537 1956 alienius
3560 1902 3740 1956 videri
3763 1909 3979 1972 posset,

2283 2010 2456 2063 quam
2481 2009 2650 2063 quem
2676 1993 2922 2046 subeunt
2943 2008 3109 2045 usum
3125 1992 3391 2063 quaedam
3414 1991 3755 2045 elocutionis
3771 1993 3983 2046 formae

2282 2081 2342 2133 in
2369 2097 2465 2134 ore
2491 2081 2631 2149 ejus,
2667 2096 2794 2150 quae
2829 2080 2987 2134 omni
3034 2084 3254 2133 remoto
3284 2078 3613 2133 discrimine
3647 2079 3987 2149 signiﬁcant

2284 2170 2454 2224 ﬁdem
2488 2170 2631 2239 ejus,
2656 2169 2870 2224 scilicet
2899 2168 3214 2233 Ratramni,
3247 2172 3345 2221 aut
3374 2168 3770 2221 credulitatem
3803 2168 3985 2221 fuisse

2284 2274 2405 2312 rem
2447 2258 2705 2327 corporis
2765 2256 2970 2312 Christi
3023 2273 3152 2309 cum
3214 2255 3402 2326 ﬁgura
3444 2272 3564 2308 esse
3619 2256 3981 2309 sociabilem.

2286 2347 2493 2400 Verum
2537 2346 2592 2400 id
2623 2346 2730 2401 dici
2760 2347 3086 2399 nullatenus
3129 2351 3319 2413 potest
3347 2344 3495 2397 circa
3527 2345 3611 2397 vel
3647 2360 3782 2413 erga
3812 2349 3984 2414 pate-

2282 2434 2587 2488 factionem
2619 2434 2871 2504 corporis
2920 2434 3145 2488 Christi.
3175 2433 3396 2503 Quippe
3446 2448 3575 2485 cum
3617 2449 3733 2486 non
3788 2432 3985 2502 possi-

2285 2537 2414 2574 mus
2462 2522 2900 2591 praetermittere
2934 2526 3030 2573 aut
3061 2520 3316 2573 oblivisci
3348 2536 3511 2573 usum
3548 2535 3667 2572 esse
3713 2520 3988 2573 Hatram-

2287 2625 2423 2662 num
2480 2609 2858 2679 quadraginta
2919 2613 3014 2661 aut
3061 2608 3437 2679 quadraginta
3498 2608 3717 2661 duabus
3760 2607 3992 2661 vicibus

2290 2699 2378 2752 his
2418 2697 2647 2751 vocibus
2686 2702 2822 2765 veri,
2870 2700 3117 2752 veritatis
3160 2704 3209 2751 et
3265 2714 3384 2751 rere
3431 2696 3691 2767 opposite
3731 2695 3799 2749 ad
3836 2696 3992 2765 ﬁgu—

2289 2802 2434 2850 ram,
2485 2800 2553 2838 ex
2625 2785 2712 2838 his
2776 2784 3157 2855 quadraginta
3218 2784 3452 2855 triginta
3495 2785 3678 2839 tribus
3734 2783 3992 2837 voluisse

2288 2873 2613 2942 signiﬁcare
2661 2872 3101 2942 patefactionem
3128 2873 3388 2926 sensibus
3436 2872 3745 2943 subjectam
3781 2888 3986 2943 corpo-

2287 2962 2365 3015 ris
2398 2961 2646 3017 Domini.

2359 3052 2573 3105 Rcvera
2603 3067 2718 3104 non
2746 3054 2883 3121 puto
2917 3049 3055 3104 alibi
3099 3050 3471 3104 Ratramnum
3524 3065 3691 3103 usum
3724 3065 3846 3103 esse
3898 3049 3996 3103 his

2293 3140 2477 3194 verbis
2514 3140 2585 3194 ad
2619 3139 3051 3209 signiﬁcandam
3082 3139 3199 3192 veri
3251 3138 3510 3209 corporis
3564 3138 3771 3193 Christi
3830 3155 3989 3208 prae-

2292 3229 2554 3294 sentiam,
2612 3244 2786 3298 quam
2817 3228 3118 3281 reatitatem
3168 3232 3502 3297 nuncupant
3542 3226 3819 3297 theologi,
3856 3227 3997 3281 aliis

2290 3318 2350 3371 in
2393 3317 2530 3371 locis
2559 3334 2730 3386 quam
2763 3332 2922 3371 num.
2952 3319 3005 3382 3,
3057 3317 3146 3379 49,
3189 3319 3276 3381 67,
3325 3318 3392 3370 83
3442 3321 3496 3370 et
3526 3316 3613 3382 84,
3648 3332 3713 3368 ex
3767 3315 3996 3385 quibus

2289 3404 2656 3473 incogitabile
2715 3407 2799 3457 est
2847 3419 3010 3474 posse
3066 3406 3449 3458 Protestantes
3488 3405 3806 3475 quidquam
3873 3404 3999 3458 sibi

2288 3493 2606 3563 propitium
2645 3497 2744 3547 aut
2776 3492 3092 3547 secundum
3147 3493 3438 3562 colligere.
3469 3492 3691 3563 Quippe
3732 3508 3864 3546 cum
3925 3510 3997 3546 ea

2291 3580 2516 3634 ratione
2579 3580 2783 3651 agendi
2844 3598 2977 3634 usus
3024 3582 3114 3647 sit,
3169 3587 3234 3634 ut
3273 3581 3599 3634 distinctius
3652 3581 3995 3635 observaret

2294 3668 2550 3723 Ecclesiae
2598 3669 2884 3723 catholicae
2916 3669 3111 3723 ﬁdeles
3140 3686 3256 3723 non
3286 3669 3537 3751 credere,
3566 3686 3668 3723 uec
3690 3668 3795 3723 sibi
3847 3686 3997 3737 per-
4021 3702 4045 3721 ο

2291 3757 2528 3811 suadere
2585 3774 2790 3828 corpus
2842 3758 3048 3813 Christi
3109 3774 3231 3812 esse
3296 3758 3449 3829 quod
3510 3758 3757 3812 exterius
3829 3763 3997 3813 extra

2296 3845 2630 3915 mysterium
2658 3846 2873 3916 pateﬁt,
2930 3846 3029 3900 sed
3060 3852 3288 3900 econtra
3323 3863 3423 3900 nos
3462 3847 3691 3901 credere
3733 3845 3816 3899 ibi
3864 3863 3997 3900 esse

2291 3934 2572 3988 creditum
2605 3939 2661 3987 et
2690 3935 2984 4003 cognitum
3012 3934 3216 4005 spiritu
3266 3936 3372 3989 sub
3412 3934 3664 4004 imagine
3713 3935 3901 3988 oculis
3938 3943 3997 3989 et

2290 4023 2549 4076 sensibus
2580 4023 2789 4076 nostris
2824 4024 3079 4092 subjecta
3108 4040 3306 4077 revera
3336 4024 3721 4079 reconditum.

2364 4112 2491 4165 llaec
2527 4111 2736 4165 habere
2796 4118 3091 4181 perspecta
3143 4112 3306 4165 facile
3358 4118 3441 4165 est
3471 4128 3534 4165 ex
3593 4128 3753 4165 num.
3786 4116 3877 4178 77,
3931 4112 3996 4165 in

2292 4215 2405 4268 quo
2430 4202 2717 4270 conceptis
2747 4199 2932 4254 verbis
2962 4200 3083 4254 haec
3126 4201 3412 4270 leguntur.
3448 4221 3474 4251 (ι
3509 4201 3765 4255 Exterius
3800 4200 3994 4271 igitur

2291 4287 2446 4356 quod
2477 4292 2715 4356 apparet
2735 4303 2851 4340 non
2873 4294 2957 4341 est
2984 4288 3126 4358 ipsa,
3164 4305 3271 4355 res,
3306 4290 3404 4341 sed
3429 4289 3619 4358 imago
3644 4289 3755 4354 rei;
3785 4294 3993 4342 mente

2290 4391 2422 4427 vero
2454 4375 2604 4445 quod
2634 4375 2880 4429 sentitur
2926 4381 2982 4429 et
3028 4376 3392 4447 intelligitur,
3442 4376 3651 4430 veritas
3684 4376 3786 4430 rei.
3823 4395 3849 4426 ι)
3926 4378 3996 4430 Et

2290 4479 2450 4516 num.
2475 4464 2542 4517 84
2574 4479 2586 4516 :
2635 4484 2661 4512 (ί
2701 4464 2763 4517 Et
2792 4464 2993 4518 modus
3022 4465 3126 4518 iste
3169 4464 3226 4518 in
3280 4466 3466 4533 ﬁgura
3500 4470 3585 4519 est
3615 4470 3672 4519 et
3702 4465 3992 4534 imagine,

2293 4557 2353 4604 ut
2382 4552 2586 4605 veritas
2617 4568 2707 4605 res
2745 4551 2867 4622 ipsa
2907 4553 3205 4607 sentiatur.
3246 4574 3267 4602 ι
3322 4555 3619 4625 Utcunque
3654 4569 3712 4607 se
3743 4570 3833 4607 res
3874 4554 3995 4607 ha-

2288 4639 2480 4705 beant,
2522 4657 2649 4693 cum
2672 4645 2929 4694 versatur
2950 4642 3216 4694 manibus
3247 4642 3630 4696 litteratorum
3676 4643 3998 4697 hominum

2290 4734 2346 4782 et
2374 4728 2734 4782 eruditorum
2774 4728 3027 4784 virorum
3061 4729 3207 4783 liber
3234 4730 3483 4783 auctoris
3514 4734 3570 4783 et
3608 4731 3676 4784 de
3729 4746 3795 4783 eo
3827 4746 4005 4800 quae-

2290 4816 2399 4869 stio
2423 4816 2553 4870 facti
2585 4822 2861 4882 movetur,
2894 4818 3275 4871 consulendus
3313 4822 3396 4871 est
3442 4818 3702 4888 apprime
3734 4823 3796 4871 ut
3853 4820 4003 4889 quis

2290 4904 2363 4958 sit
2399 4905 2520 4974 ejus
2577 4921 2776 4958 sensus
2825 4906 3196 4976 percipiatur,
3252 4922 3365 4960 non
3398 4923 3557 4959 secus
3584 4923 3649 4960 ac
3696 4906 3743 4959 si
3794 4907 4002 4962 adhuc

2288 4992 2349 5045 in
2377 4991 2512 5045 vivis
2561 4998 2706 5047 esset
2740 4998 2952 5047 auctor.
2990 4998 3063 5047 At
3112 5010 3245 5048 vero
3302 4994 3674 5063 subjiciamus
3728 4994 3849 5064 jam
3912 5015 4006 5051 re-

2290 5079 2491 5134 vixisse
2542 5080 2937 5148 Ratramnum,
2976 5085 3033 5135 et
3078 5088 3481 5152 percontemur
3507 5083 3578 5137 ab
3609 5100 3675 5136 eo
3730 5084 3868 5155 quid
3905 5086 4009 5139 in-

2289 5168 2569 5223 tellexerit
2591 5186 2693 5239 per
2722 5170 2870 5223 hanc
2902 5186 3098 5224 vocem
3119 5174 3387 5238 veritatis,
3417 5178 3472 5225 et
3496 5171 3635 5242 quid
3662 5172 4006 5242 signiﬁcare

2288 5256 2480 5310 animo
2531 5256 2841 5312 intenderit
2891 5274 2921 5311 e
2981 5258 3214 5328 regione
3260 5260 3432 5329 hujus
3482 5260 3635 5313 vocis
3669 5261 3902 5327 ﬁgurae;
3943 5269 4010 5317 et

2290 5345 2662 5416 responderet
2742 5345 2907 5400 nobis
2951 5346 3197 5402 dilucide
3252 5364 3375 5402 esse
3437 5348 4006 5407 demonstrationem

2290 5449 2389 5487 seu
2415 5434 2856 5503 patefactionem
2891 5435 2974 5488 rei
3009 5437 3181 5490 nullis
3208 5436 3426 5490 umbris
3468 5437 3669 5491 velata:
3702 5454 3807 5491 nec
3838 5440 4008 5511 ligu-

2290 5521 2366 5575 ris
2401 5522 2736 5589 reconditae;
2773 5540 2965 5577 revera
3007 5526 3129 5594 ejus
3164 5525 3522 5594 responsioni
3552 5531 3665 5579 tam
3716 5527 3911 5588 clarae.
3940 5537 4009 5583 et

2292 5611 2462 5663 nullis
2494 5611 2831 5681 ambagibus
2880 5612 3178 5679 intricatte,
3213 5615 3388 5667 ﬁdem
3430 5614 3704 5668 adhibere
3735 5632 3853 5669 non
3897 5634 4004 5671 rc—
