4138 6186
230 356 329 411 ll7

226 578 574 633 intellexerit
641 579 1079 650 patefactioncm
1142 587 1197 633 et
1252 581 1692 637 declarationem
1770 602 1801 638 a
1859 602 1921 638 re

224 668 371 737 ipsa,
404 668 652 721 admisso
700 668 1029 721 discrimine
1080 675 1136 722 et
1184 669 1547 724 ditferentia:
1611 674 1656 726 si
1688 673 1922 744 insuper

222 762 502 810 assereret
534 773 652 809 rem
681 757 864 826 ipsam
924 775 1046 812 esse
1100 759 1452 814 reconditam
1512 763 1753 815 velatam
1814 764 1919 815 sub

223 847 427 913 ﬁgura,
465 847 616 915 quod
648 862 848 899 revera
878 846 958 900 ita
1000 863 1057 899 se
1090 848 1298 901 habere
1332 851 1535 903 asserit
1567 857 1623 904 et
1669 852 1920 905 afﬁrmat

219 934 287 987 de
322 951 569 1005 corpore
600 937 807 990 Christi
862 936 919 989 in
955 937 1323 991 Eucharistia.
1375 943 1443 993 At
1494 956 1623 993 vero
1655 942 1782 1011 quis
1814 942 1916 995 dn-

219 1022 443 1076 bitandi
476 1024 631 1075 locus
672 1024 1016 1094 relinquitur
1040 1025 1178 1094 quin
1208 1025 1285 1079 ita
1319 1027 1540 1082 locutus
1572 1028 1645 1081 sit
1694 1034 1751 1082 et
1781 1030 1917 1082 serio

219 1111 397 1182 pserit
432 1112 723 1181 conceptis
805 1113 986 1166 verbis
1070 1115 1429 1182 ltatramnm,
1534 1122 1590 1170 et
1668 1122 1917 1172 mentem

218 1217 381 1254 suam
414 1204 891 1268 aperueritnum.
924 1206 975 1268 8,
1053 1202 1139 1255 sui
1208 1203 1340 1257 libri
1411 1205 1481 1258 de
1551 1207 1799 1276 Corpore
1863 1215 1916 1260 et

217 1289 515 1359 Sanguine
546 1290 773 1354 Christi,
803 1291 859 1343 in
904 1308 1016 1360 quo
1048 1296 1347 1362 postquam
1386 1293 1588 1362 ﬁguras
1632 1295 1914 1348 rationem

218 1378 503 1447 exposuit,
538 1380 617 1432 sic
676 1378 872 1433 fatur:
908 1402 928 1427 ι
994 1380 1209 1434 Veritas
1264 1396 1395 1433 vero
1453 1387 1536 1435 est
1588 1382 1669 1435 rei
1732 1383 1913 1435 mani-

217 1464 358 1518 festa
390 1466 805 1522 demonstratio
840 1470 1034 1523 multis
1068 1471 1400 1525 umbrarum
1434 1469 1781 1539 imaginibus
1813 1470 1913 1523 ob-

220 1554 418 1606 velata.
456 1575 485 1605 n
522 1556 644 1608 Non
676 1556 831 1610 enim
860 1560 1131 1627 praefatur
1160 1573 1322 1612 suam
1344 1561 1599 1610 mentem
1627 1557 1915 1627 appellere

217 1643 525 1696 consilium
548 1644 758 1699 initum
790 1661 909 1700 esse
939 1646 1009 1699 ad
1040 1646 1487 1699 examinandum
1522 1648 1578 1699 et
1616 1644 1917 1699 discutien-

216 1729 353 1783 dum
395 1747 471 1784 an
527 1748 735 1803 corpus
783 1734 989 1788 Christi
1035 1750 1287 1803 praesens
1330 1733 1401 1786 sit
1434 1733 1518 1786 vel
1567 1748 1761 1786 revera
1792 1732 1908 1785 exi-

216 1820 406 1872 statin
444 1820 837 1875 Eucharistia:
874 1822 942 1875 de
982 1822 1085 1876 hoc
1116 1822 1266 1875 enim
1308 1820 1530 1875 nullum
1572 1820 1624 1874 ei
1673 1819 1910 1875 dubium

218 1909 464 1973 subolet,
514 1926 617 1963 nec
665 1911 979 1965 secundum
1013 1912 1387 1966 ltatramuum
1419 1910 1590 1978 (num.
1641 1908 1721 1978 l5)
1758 1908 1913 1979 {con-

218 1995 461 2049 trarium
509 2002 607 2050 aut
654 2014 980 2069 repugnans
1028 1998 1139 2053 dici
1167 2003 1262 2051 aut
1309 1999 1545 2065 cogitari
1588 2000 1763 2065 potest
1801 1998 1915 2049 sine

216 2088 472 2149 crimine;
517 2086 615 2139 sed
666 2086 856 2154 palam
917 2103 981 2139 ac
1037 2085 1257 2156 liquido
1289 2084 1515 2139 discutit
1567 2090 1624 2137 et
1674 2100 1915 2154 ruspans

219 2173 515 2226 examinat
570 2179 759 2227 utrum
816 2174 994 2227 oculis
1040 2174 1297 2244 corporis
1328 2171 1666 2243 subjiciatur
1697 2177 1751 2224 et
1784 2187 1912 2241 per-

220 2260 499 2329 spiciatur
529 2278 601 2315 an
649 2262 882 2331 pateﬁat
916 2263 1242 2315 nullatenus
1275 2261 1523 2314 velatum
1558 2264 1614 2314 et
1662 2258 1916 2312 recondi-

222 2356 341 2404 tum
386 2361 557 2419 (num.
586 2354 656 2418 5).
695 2374 721 2399 ε(
753 2355 840 2405 An
866 2352 987 2405 sine
1020 2351 1429 2422 cujuscumque
1459 2349 1738 2403 velatione
1761 2364 1913 2418 mys-

218 2439 346 2491 terii
391 2440 499 2492 hoc
533 2444 789 2509 aspectus
834 2438 1124 2492 intueatur
1171 2437 1422 2507 corporis
1454 2437 1722 2501 exterius,
1762 2435 1913 2507 quod

221 2527 431 2579 mentis
477 2525 627 2579 visus
680 2526 942 2596 inspiciat
982 2525 1241 2592 interius,
1270 2530 1344 2579 'ut
1377 2532 1562 2579 totum
1606 2524 1757 2595 quod
1797 2523 1915 2594 agi-

221 2621 334 2681 tur,
368 2616 428 2667 in
481 2614 959 2668 manifestatiouis
1008 2614 1130 2668 luce
1177 2614 1466 2668 clarescat.
1503 2635 1528 2661 η
1568 2613 1665 2667 llic
1697 2618 1780 2664 est
1821 2628 1913 2664 \e-

221 2718 313 2755 rus
360 2703 697 2774 quazstionis
748 2708 948 2767 status,
998 2703 1113 2757 sive
1144 2719 1258 2773 quo
1292 2704 1415 2756 loco
1461 2718 1549 2755 res
1599 2705 1678 2754 est
1712 2699 1912 2769 dispu-

219 2789 456 2841 tationis
486 2791 555 2843 de
602 2790 951 2844 Eucharistia
993 2791 1142 2860 apud
1189 2792 1585 2845 Ratramnum.
1616 2789 1682 2841 Et
1712 2805 1913 2858 quam-

221 2877 298 2931 vis
351 2895 467 2931 non
524 2879 595 2932 sit
628 2879 927 2934 dubitandi
972 2882 1129 2935 locus
1169 2882 1310 2952 quin
1358 2897 1507 2951 saepe
1567 2878 1776 2948 srepius
1825 2894 1914 2930 res

220 2967 341 3038 ipsa
372 2984 474 3022 seu
521 2969 764 3034 realitas,
810 2973 873 3022 ut
917 2975 1167 3035 vocatur,
1201 2969 1273 3022 sit
1306 2967 1611 3038 aliquoties
1642 2972 1698 3019 et
1738 2966 1913 3019 inter-

223 3057 355 3109 dum
399 3062 552 3109 stans
596 3057 848 3111 adversis
901 3058 1154 3129 vestigiis
1203 3063 1257 3111 et
1299 3072 1625 3127 repugnans
1674 3056 1906 3126 ﬁguras;
1941 3092 1980 3146 Ο

220 3159 349 3195 cum
383 3158 581 3196 revera
611 3160 725 3197 non
758 3144 836 3197 ita
886 3161 1111 3215 semper
1142 3146 1365 3198 eveniat
1392 3160 1457 3197 ex
1506 3160 1784 3197 consensu
1818 3142 1908 3195 di-

220 3248 393 3284 versae
439 3232 619 3301 partis
660 3233 950 3302 scriptoris
986 3232 1339 3301 praefationis
1386 3231 1609 3286 Gallicas
1641 3235 1695 3283 et
1726 3229 1915 3284 Calvi-

224 3320 441 3373 nisticze
482 3337 657 3390 quam
690 3320 781 3374 hic
820 3326 1165 3373 tractamus:
1201 3319 1375 3373 dubio
1422 3319 1618 3388 procul
1654 3318 1910 3371 ltatram-

224 3424 324 3459 uus
370 3408 811 3476 patefactionem
852 3423 969 3467 seu,
1018 3414 1081 3459 ut
1129 3406 1253 3476 ejus
1303 3406 1487 3459 verbis
1533 3411 1680 3469 utar,
1730 3405 1912 3457 muni-

220 3498 564 3561 festationem
629 3502 729 3548 aut
802 3496 1151 3560 manifestam
1214 3494 1718 3549 demonstrationem
1783 3509 1914 3544 voce

222 3585 467 3637 veritatis
502 3583 778 3637 intellexit
810 3600 823 3649 ;
858 3583 1073 3653 quippe
1104 3597 1230 3635 cum
1266 3584 1509 3654 ipsemet
1554 3583 1724 3650 dicat,
1754 3582 1917 3648 {hanc

221 3672 553 3742 opinionem
586 3689 684 3726 seu
716 3671 1112 3727 credulitatem
1141 3674 1208 3728 de
1243 3675 1359 3727 viso
1390 3690 1489 3727 seu
1517 3672 1697 3726 oculis
1728 3670 1911 3724 mani-

219 3762 357 3814 feste
391 3766 694 3830 conspecto
724 3776 960 3830 corpore
989 3761 1196 3815 Christi
1229 3763 1286 3815 in
1322 3761 1690 3824 Eucharistia,
1748 3767 1915 3813 tuen-

221 3851 350 3902 dam
382 3856 675 3919 receptam
729 3852 901 3906 fuisse
933 3854 1002 3906 ab
1056 3851 1382 3906 orthodoxis
1424 3850 1711 3921 plerisque
1763 3850 1917 3901 theo-

222 3939 386 4009 logis,
431 3939 649 3993 scilicet
697 3942 1372 4012 annuentibustlibenter
1420 3957 1484 3994 ac
1526 3944 1728 4009 sponte
1782 3937 1915 3991 ﬁdei

223 4043 322 4079 seu
353 4027 611 4080 suasioni
654 4028 914 4082 Ecclesiae
966 4029 1261 4083 catholica:
1296 4033 1351 4081 et
1396 4025 1689 4081 communi
1734 4025 1800 4079 de
1834 4040 1914 4076 re-

222 4132 355 4169 vera
407 4116 689 4170 existente
741 4120 1045 4187 praesentia
1090 4120 1343 4190 corporis
1391 4116 1597 4173 Christi
1641 4121 1698 4170 et
1738 4121 1916 4168 trans-

219 4203 722 4271 substantiatione,
755 4207 1011 4261 ducentis
1031 4208 1157 4277 plus
1179 4222 1350 4277 quam
1373 4205 1538 4258 annis
1554 4213 1679 4273 post
1700 4202 1916 4256 editum

215 4291 381 4358 jussu
432 4292 621 4346 Caroli
652 4294 805 4348 Calvi
832 4296 899 4348 de
950 4297 1194 4365 Corpore
1246 4300 1301 4347 et
1348 4291 1640 4362 Sanguine
1690 4287 1916 4343 Domini

1070 362 1157 415 DE
1197 361 1527 417 COltl’OltE
1573 364 1659 419 ET
1699 364 2052 420 SANGUINE
2097 366 2357 422 DOMlNl.
2386 395 2457 407 -—
2485 370 2865 423 l’BJSFA'l‘lO.

224 508 558 555 nueremus,
596 508 699 545 nec
737 491 1132 547 dubitaremus
1183 492 1322 564 quin
1357 510 1424 548 ex
1459 496 1630 549 verbo
1671 500 1920 551 veritatis
1950 501 1992 552 Α

3625 380 3725 433 118

2105 499 2406 555 Enimvero
2439 518 2637 555 omnes
2667 520 2797 555 suos
2846 512 3082 559 conatus
3112 507 3184 559 ad
3237 507 3350 561 duo
3381 510 3566 580 capita
3615 528 3713 566 seu

2033 592 2368 655 argumenta
2400 587 2646 641 devolvit
2686 588 2919 644 diversae
2970 609 3070 645 seu
3115 595 3486 649 Calviuistica:
3543 600 3719 667 partis

2029 675 2269 746 scriptor
2293 683 2351 730 ut
2380 679 2639 732 ostendat
2680 679 3118 748 patefactioeuui
3166 700 3265 736 seu
3316 689 3715 751 muni/estanu-

2028 780 2146 816 ncm
2207 764 2528 834 signiﬁcare
2588 768 2768 838 ipsam
2822 770 3143 835 reuiitutem,
3201 788 3297 825 seu
3356 789 3549 829 veram
3600 777 3716 831 veri

2028 852 2279 919 corporis
2332 854 2538 908 Christi
2569 856 2859 909 existentis
2906 874 3073 927 priest
3094 859 3301 925 ntiam;
3334 877 3581 930 quorum
3611 862 3717 916 de-

2026 936 2409 993 bilitationem
2438 946 2495 993 et
2525 941 2901 1010 abjectionem
2932 942 3318 998 internoscere
3351 961 3453 999 nec
3485 947 3715 1002 difﬁcile

2026 1039 2130 1077 nec
2169 1026 2411 1080 arduum
2444 1032 2545 1093 est,
2579 1029 2715 1082 viris
2753 1030 3038 1100 applicata
3069 1032 3359 1086 voluntate
3389 1033 3521 1087 huic
3543 1052 3715 1106 nego-

2027 1112 2104 1164 tio
2137 1117 2191 1164 et
2219 1114 2406 1167 studio
2450 1115 2931 1169 incumbentibus.

2098 1200 2352 1253 Primum
2393 1202 2639 1270 objicere
2688 1220 2804 1257 non
2846 1205 3257 1274 pertimescunt
3310 1223 3543 1262 necesse
3594 1208 3713 1263 fore

2025 1286 2379 1342 adversarios
2413 1307 2557 1360 quos
2598 1291 2884 1362 impetivit
2934 1294 3298 1361 ltatramnus,
3349 1294 3396 1347 si
3441 1295 3713 1349 vocabulo

2022 1379 2487 1443 manifestationis
2516 1394 2631 1432 non
2662 1378 2943 1432 intellexit
2970 1382 3294 1449 realitatem,
3341 1382 3447 1435 sibi
3483 1400 3716 1453 persua-

2024 1464 2159 1517 sisse
2192 1482 2398 1535 corpus
2451 1467 2657 1521 Christi
2713 1468 3011 1521 oculorum
3057 1470 3236 1522 aciem
3276 1470 3541 1538 subiisse,
3603 1471 3709 1525 sub

2024 1552 2408 1623 qualicunque
2451 1555 2635 1607 forma
2669 1560 2766 1608 aut
2811 1557 2996 1625 specie
3024 1556 3208 1610 carnis
3257 1557 3547 1623 humanae,
3582 1574 3712 1611 cum

2024 1661 2183 1699 secus
2233 1652 2289 1700 et
2344 1648 2510 1701 aliter
2556 1652 3019 1715 manifestationis
3072 1652 3317 1711 nomine
3372 1668 3489 1706 non
3521 1657 3714 1723 posset

2026 1734 2364 1805 nuncupari,
2400 1740 2456 1789 et
2485 1736 2799 1791 secundum
2840 1737 3318 1807 signiﬁcationem
3363 1741 3706 1807 naturalem,

2024 1822 2092 1874 iis
2123 1824 2422 1877 convenire
2454 1840 2567 1876 non
2616 1829 2836 1893 poterat
2879 1827 3208 1880 hominibus
3265 1828 3502 1881 oculatis
3559 1834 3711 1882 recte

2023 1914 2077 1962 et
2108 1915 2367 1963 accurate
2409 1910 2716 1964 scientibus
2747 1911 2863 1964 suis
2894 1912 3070 1965 oculis
3110 1930 3174 1967 ac
3218 1914 3535 1969 luminibus
3565 1915 3709 1971 nihil

2022 1998 2224 2068 subjici
2252 2016 2417 2068 posse
2447 2004 2654 2069 praeter
2684 1998 2973 2071 ἐπιφάνειας
3004 2006 3059 2054 et
3088 2004 3421 2074 παράστασες
3464 2001 3630 2071 panis
3656 2006 3714 2055 et

2024 2086 2161 2152 vini,
2194 2087 2759 2151 scilicetalbedinem,
2787 2090 3193 2143 rotunditatem
3216 2094 3272 2143 et
3292 2088 3703 2142 extensionem.

2024 2177 2230 2228 Verum
2282 2191 2510 2228 necesse
2557 2176 2671 2241 est:
2692 2176 3027 2229 adversariis
3073 2178 3367 2231 Italramni
3431 2175 3712 2246 ejusmodi

2023 2280 2143 2317 rem
2189 2264 2550 2333 cogitabileni
2591 2263 2761 2317 fuisse
2796 2281 2896 2318 seu
2932 2270 3184 2319 mentem
3238 2264 3563 2319 incurrisse.
3604 2265 3709 2317 De-

2024 2352 2190 2405 fendo
2230 2352 2382 2405 enim
2418 2354 2638 2405 fortiter
2668 2352 2989 2422 etjnervose
3039 2354 3147 2407 sibi
3198 2354 3545 2423 persuasisse
3585 2369 3714 2407 ocu-

2023 2439 2211 2491 lorum
2243 2456 2475 2492 suorum
2511 2439 2685 2493 acicm
2723 2441 3027 2511 perstriugi
3058 2457 3297 2511 corpore
3338 2445 3393 2494 et
3431 2440 3711 2510 sanguine

2019 2526 2152 2579 Jesu
2193 2526 2399 2580 Christi
2431 2527 2645 2581 atfectis
2688 2527 3061 2597 qualitatibus
3090 2527 3253 2598 panis
3283 2532 3340 2582 et
3388 2528 3522 2581 vini.
3557 2529 3712 2582 lianc

2023 2613 2178 2667 enim
2207 2614 2551 2667 sententiam
2596 2615 2864 2668 tuendam
2914 2615 3133 2685 recepit
3198 2614 3562 2669 doctissimus
3588 2630 3710 2668 car-

2023 2705 2228 2759 dinalis
2260 2706 2583 2773 Perronius,
2616 2707 2732 2761 sive
2761 2724 2967 2777 corpus
3016 2708 3223 2762 Christi
3252 2708 3453 2762 eadem
3511 2723 3710 2777 super-

2025 2792 2149 2846 ﬁcie
2181 2793 2624 2863 circuinseptum
2648 2795 2819 2848 fuerit
2838 2794 2999 2865 panis
3016 2800 3071 2848 et
3104 2795 3219 2849 vini
3259 2794 3707 2867 praeexistentis;

2024 2888 2081 2935 et
2144 2882 2352 2952 quibus
2410 2884 2774 2937 manifestum
2833 2890 3272 2939 consectaneum
3347 2885 3709 2954 erumpebat,

2023 2969 2235 3023 scilicet
2265 2986 2468 3039 corpus
2517 2972 2723 3026 Christi
2763 2972 2964 3025 eodem
3013 2972 3182 3026 modo
3231 2989 3430 3027 sensus
3488 2977 3708 3026 nostros

2022 3058 2247 3111 afﬁcere
2280 3058 2485 3112 debere
2518 3076 2632 3127 quo
2661 3060 2823 3129 panis
2853 3065 2909 3113 et
2939 3061 3136 3114 vinum
3166 3067 3333 3114 antea
3360 3061 3705 3123 efﬁciebant,

2025 3145 2109 3197 uti
2137 3145 2421 3214 explicant
2446 3146 2770 3215 philosophi
2805 3146 3155 3209 Cartesiani;
3188 3149 3273 3200 vel
3312 3149 3487 3201 Deum
3518 3163 3618 3215 per
3649 3163 3708 3199 se

2025 3232 2084 3285 in
2116 3233 2378 3287 sensibus
2420 3234 2631 3287 nostris
2687 3234 2945 3303 sculpere
3008 3235 3235 3287 easdem
3294 3233 3573 3301 imagines
3617 3237 3715 3284 aut

2025 3321 2427 3375 conscribitare
2455 3338 2595 3391 quas
2625 3320 2787 3390 panis
2819 3324 2875 3374 et
2919 3318 3113 3373 vinum
3142 3318 3569 3389 imprimerent,
3604 3316 3712 3369 nisi

2027 3426 2227 3463 eorum
2259 3409 2657 3463 transmutatio
2683 3410 2831 3462 facta
2876 3408 3069 3472 fuerit,
3106 3412 3165 3460 ut
3219 3408 3461 3477 explicat
3504 3404 3711 3459 doctis-

2025 3496 2204 3551 simus
2232 3498 2400 3551 Pater
2430 3498 2668 3568 Magnau
2700 3513 2766 3549 ex
2798 3496 2997 3549 ordine
3026 3495 3413 3549 Minimoruui.
3449 3495 3560 3549 lloc
3581 3510 3712 3546 vero

2029 3586 2244 3656 liquido
2279 3591 2493 3641 constat
2522 3592 2580 3640 et
2620 3585 2915 3639 evidenter
2946 3602 3012 3638 ex
3044 3584 3402 3639 sermonibus
3428 3590 3484 3637 et
3530 3581 3715 3637 verbis

2024 3675 2243 3728 abbatis
2303 3674 2587 3742 Abbaudi,
2619 3674 2718 3745 qui
2764 3679 2894 3744 post
2950 3673 3325 3726 Ratramnum
3386 3672 3611 3740 scripsit
3660 3674 3716 3722 et

2024 3764 2169 3817 hanc
2199 3764 2543 3817 sententiam
2576 3764 2847 3816 tuendam
2881 3762 3111 3831 recepit,
3146 3778 3316 3832 quam
3371 3761 3585 3815 ati'atim
3618 3775 3709 3813 ex-

2025 3857 2197 3927 plicat
2224 3862 2280 3911 et
2307 3857 2541 3910 extricat
2575 3861 2633 3909 ut
2691 3871 2757 3908 ex
2808 3854 3277 3909 adnotationibus
3320 3855 3530 3907 nostris
3573 3853 3715 3907 dilu-

2024 3944 2147 3999 cide
2180 3951 2237 3999 et
2265 3944 2478 4015 liquido
2507 3942 2741 4013 patebit.
2773 3962 2800 3991 ‹‹
2835 3941 3245 4011 Cogitaveram,
3309 3940 3521 4006 inquit,
3553 3946 3609 3993 et
3641 3940 3709 3992 il-

2026 4034 2093 4086 lis
2116 4034 2310 4103 aliqua
2334 4031 2679 4102 respondere
2718 4029 2817 4101 qui
2845 4030 3044 4084 dicunt
3102 4028 3289 4098 ipsum
3350 4044 3557 4098 corpus
3598 4043 3711 4080 non

2024 4120 2231 4190 frangi,
2259 4119 2355 4172 sed
2400 4119 2459 4172 in
2512 4118 2771 4172 albedine
2818 4118 2940 4187 ejus
2990 4120 3045 4169 et
3091 4114 3440 4168 rotunditate
3494 4112 3710 4183 aliquid

2026 4207 2299 4273 factitari;
2361 4207 2455 4261 sed
2523 4208 2845 4276 recogitans
2898 4207 3156 4275 ineptum
3212 4220 3335 4257 esse
3409 4199 3714 4271 Evangelio

2028 4296 2234 4352 Christi
2264 4295 2331 4349 de
2362 4294 2625 4349 albediue
2655 4299 2711 4349 et
2742 4294 3088 4347 rotunditate
3137 4290 3439 4363 disputari,
3489 4294 3712 4344 amatu-

221 4378 459 4431 librum.
499 4379 657 4441 Quod
690 4397 721 4432 a
754 4386 829 4446 te,
872 4383 1048 4435 lector
1095 4381 1329 4450 optime,
1362 4378 1650 4433 cumulate
1692 4392 1915 4446 perspe-

2030 4385 2102 4439 ris
2133 4385 2265 4439 talia
2297 4385 2530 4438 auribus
2559 4384 2872 4448 dimovens,
2903 4382 3212 4438 dialecticis
3232 4390 3331 4435 aut
3350 4384 3500 4435 certe
3521 4379 3716 4450 pueris

222 4474 377 4518 ctum
411 4466 485 4518 iri
514 4482 629 4519 non
670 4468 870 4520 dubito
905 4485 969 4521 ex
1012 4467 1327 4522 accessione
1377 4474 1663 4525 notarum.
1698 4465 1758 4517 in
1789 4462 1914 4534 qui-

220 4554 331 4605 bus
361 4553 713 4608 mentionem
788 4556 1129 4610 adduximus
1198 4556 1419 4609 abbatis
1502 4552 1781 4617 Abbaudi,
1864 4555 1919 4604 et

224 4642 501 4710 Gualteri,
560 4644 753 4713 magni
792 4645 999 4714 prioris
1033 4646 1274 4700 abbatis:
1308 4645 1488 4699 sancti
1533 4643 1766 4697 Victoris
1813 4643 1917 4696 Pa-

224 4731 503 4784 risiensis.
554 4732 727 4784 Porro
781 4749 1267 4803 supervacaneum
1316 4735 1463 4787 foret
1518 4732 1589 4785 ad
1627 4730 1920 4801 .subterl‘u-

222 4819 497 4888 gieudam
549 4826 605 4873 et
632 4822 1014 4876 enervaudam
1062 4822 1297 4891 hujusce
1336 4818 1730 4890 responsionis
1783 4816 1917 4880 vim,

223 4907 291 4959 ad
326 4906 509 4959 instar
560 4907 809 4961 auctoris
843 4910 1197 4978 praet'ationis
1240 4907 1465 4963 Gallica:
1501 4906 1722 4975 scripta:
1768 4920 1919 4957 anno

230 4998 388 5060 l672,
424 5012 557 5065 pag.
601 4999 666 5050 33
699 5002 756 5050 et
787 4998 875 5063 34,
907 4998 1255 5051 contendere
1301 5002 1357 5049 et
1385 4995 1518 5049 totis
1550 4994 1765 5047 viribus
1796 4992 1920 5045 vin-

220 5086 415 5139 dicare
446 5086 594 5139 hanc
631 5103 821 5140 vOcem
865 5090 920 5141 et
949 5088 1297 5141 locutionem
1335 5087 1794 5150 manifestationis
1836 5100 1920 5142 v6-

221 5177 411 5227 ritatis
479 5174 805 5243 signiﬁcare
867 5176 1048 5246 ipsam
1107 5193 1279 5247 quam
1343 5183 1547 5231 vocant
1600 5183 1921 5243 realitutrm,

221 5262 487 5332 adeoque
540 5262 919 5318 Ratramnum
982 5266 1167 5334 ipsam
1217 5266 1480 5334 negando
1524 5272 1921 5335 mani/‘estatio-

222 5354 619 5419 nemcorporis
646 5354 853 5407 Christi
898 5353 955 5406 in
1019 5355 1401 5421 Eucharistia,
1435 5370 1778 5425 pernegasse
1835 5356 1923 5426 ip-

223 5454 347 5489 sam
380 5440 687 5494 realitutem
718 5457 815 5495 seu
858 5441 992 5495 ﬁdei
1022 5459 1117 5497 seu
1146 5444 1399 5497 suasioni
1443 5444 1770 5497 orthodoxae
1804 5444 1927 5497 siu-

225 5542 353 5579 cere
379 5526 692 5582 abnuisse:
742 5545 875 5583 cum
934 5531 1038 5584 hoc
1097 5532 1337 5600 probare
1395 5530 1467 5583 sit
1519 5547 1758 5601 prorsus
1808 5536 1923 5584 tam

226 5614 465 5691 difﬁcile
488 5630 660 5691 quam
688 5611 950 5667 ἀδύνατον
981 5634 1077 5670 seu
1103 5617 1475 5686 impossibile.

2024 4474 2158 4527 talia
2192 4472 2449 4542 permisi.
2509 4471 2831 4525 Praesertim
2875 4487 3005 4524 cum
3058 4470 3243 4541 quivis
3296 4469 3459 4523 facile
3527 4468 3718 4523 videat

2025 4561 2351 4617 albedinem
2388 4576 2489 4614 seu
2531 4559 2943 4613 rotunditatem
2987 4559 3059 4613 ab
3108 4558 3235 4628 ipso
3268 4572 3509 4625 corpore
3558 4558 3713 4628 quod

2024 4652 2215 4705 album
2248 4654 2345 4703 aut
2373 4648 2687 4702 rotundum
2718 4652 2819 4715 est,
2856 4647 3107 4717 separari
3155 4663 3270 4700 non
3320 4662 3505 4717 posse,
3548 4646 3627 4699 ita
3657 4652 3720 4699 ut

2027 4739 2097 4793 ab
2128 4738 2251 4808 ipso
2282 4753 2393 4791 non
2419 4736 2595 4790 fracto
2625 4752 2727 4805 per
2745 4752 2803 4789 se
2828 4735 3195 4805 singulariter
3223 4735 3584 4805 frangantur.
3614 4755 3641 4782 ››

2098 4828 2159 4881 lu
2191 4825 2453 4880 eamdem
2489 4824 2828 4878 sententiam
2870 4824 3043 4883 ivisse
3079 4824 3431 4889 Gualterum,
3466 4822 3716 4893 priorem

2027 4915 2082 4970 S.
2123 4914 2383 4980 Victoris,
2412 4919 2468 4966 et
2496 4914 2757 4966 eumdem
2795 4929 2959 4966 usum
3006 4913 3158 4980 apud
3210 4920 3516 4981 utrumque
3582 4910 3718 4962 sub-

2028 5003 2160 5057 iisse
2191 5002 2428 5056 verbum
2467 5004 2716 5054 veritatis
2766 5001 2835 5054 ad
2892 5001 3326 5071 signiﬁcandam
3380 4995 3715 5070 patefactio-

2026 5106 2158 5145 nem
2192 5105 2292 5143 seu
2338 5091 2693 5153 manifestum
2724 5088 3253 5151 demonstrationem,
3291 5102 3390 5140 seu
3430 5082 3681 5153 cognitio
3702 5114 3714 5121 -

2031 5195 2164 5233 nem
2195 5177 2523 5231 sensitivam
2562 5176 2815 5246 corporis
2842 5176 3048 5229 Christi
3082 5176 3186 5227 sub
3218 5172 3509 5226 atl'ectibus
3549 5170 3713 5239 panis

2029 5275 2085 5323 et
2120 5266 2254 5330 vini,
2285 5266 2611 5319 nullatenus
2652 5281 2781 5319 vero
2813 5263 3179 5334 praesentiam
3206 5261 3328 5328 ejus
3372 5274 3569 5312 revera
3600 5260 3718 5312 exi-

2032 5362 2275 5410 stentem
2307 5354 2443 5419 sive,
2474 5368 2647 5424 quam
2694 5356 2899 5406 vocant
2928 5351 3034 5405 aevi
3084 5346 3415 5418 posterioris
3473 5348 3711 5418 scripto-

2031 5456 2143 5507 res,
2176 5442 2503 5495 reatitatcm.

2103 5529 2227 5582 Jam
2296 5527 2606 5583 secundum
2673 5530 2842 5597 caput
2906 5530 3381 5596 argumentorum
3440 5526 3722 5582 discutere

2033 5615 2465 5688 aggrediamur;
2496 5632 2693 5669 revera
2726 5615 2899 5683 priori
2949 5614 3196 5685 amplius
3236 5619 3292 5670 et
3339 5618 3625 5673 extentius
3656 5616 3725 5665 vi-
