4138 6186
410 265 511 323 119

1576 265 1801 318 ltA'I‘RA
1814 265 1936 320 MNI
1974 266 2423 322 CORBEIENSIS
2464 266 2773 322 MONACHI

3804 264 3911 320 120

411 402 597 469 detur,
634 400 730 455 sed
761 400 830 454 ad
885 398 1195 470 perfectam
1241 399 1372 452 libri
1430 398 1727 454 Batramni
1774 399 2098 471 intelligen-
2129 404 2170 457 Α
2210 401 2425 455 cerebri
2482 418 2648 456 sensu
2705 401 2787 457 uti
2828 400 3085 457 videatur
3142 403 3489 457 Ratramnus
3516 415 3739 455 necesse
3768 403 3853 454 est
3894 415 3908 452 :

412 491 559 545 tiam
600 489 819 544 diluere
859 503 1086 542 necesse
1116 492 1219 541 est.
1254 487 1331 541 Ex
1361 492 1608 557 quatuor
1651 486 1788 541 locis
1818 487 1993 559 hujus
2019 504 2114 542 au-

417 579 591 634 ctoris
622 576 898 646 erumpit,
934 581 989 629 et
1029 576 1236 646 quibus
1263 575 1555 629 traductor
1579 576 1826 630 Gallicus
1876 575 2113 629 diversa:

412 668 590 737 partis
645 666 929 720 vindicare
978 669 1162 718 tentat
1211 663 1385 717 verbo
1448 666 1925 730 manifestationis,
1988 662 2113 717 sive

413 754 733 809 manifesta:
777 752 1304 818 demonstrationis,
1362 753 1737 806 Ratramnum
1792 751 2112 821 signiﬁcare

415 844 660 897 voluisse
690 843 1014 897 realitatem.
1062 840 1171 895 Sed
1204 857 1265 894 ex
1300 842 1388 894 his
1415 846 1663 910 quatuor
1694 841 1831 895 locis
1879 856 2114 910 prorsus

415 932 767 986 contrarium
803 930 1061 984 evincere
1097 930 1235 983 mihi
1266 928 1488 982 facilius
1547 929 1786 996 videtur,
1824 934 1879 983 et
1917 945 1946 983 e
1978 944 2111 982 con-

414 1026 501 1073 tra
531 1021 885 1090 apertionem
944 1033 1043 1071 seu
1104 1016 1548 1087 patefactionem
1606 1017 1868 1072 sensibus
1928 1017 2115 1088 subje-

416 1113 564 1162 ctam
588 1106 843 1176 corporis
869 1106 1100 1160 Christi.

488 1194 713 1249 Primus
758 1195 919 1246 locus
962 1192 1275 1246 assumitur
1304 1209 1337 1245 a
1378 1194 1691 1248 Ratramno
1729 1209 1795 1246 ex
1844 1192 2115 1247 orationi-

417 1283 523 1336 bus
557 1300 651 1335 seu
708 1281 971 1336 Collectis
1020 1280 1280 1333 Ecclesiae
1346 1282 1634 1346 Romamn,
1682 1281 2115 1335 Mediolanensis

419 1377 474 1424 et
502 1371 849 1424 Scnonensis
880 1380 922 1423 τι.
984 1371 1189 1434 Pignus
1229 1373 1441 1423 aeternae
1497 1373 1624 1422 vitae
1671 1372 1961 1438 capientes,
2014 1371 2114 1422 hu-

420 1459 623 1513 militer
689 1459 1044 1525 imploramus
1120 1463 1183 1511 ut
1251 1458 1393 1525 quod
1458 1460 1517 1510 in
1592 1460 1828 1523 imagine
1900 1458 2110 1511 contin-

423 1551 598 1614 gimus
664 1548 1011 1609 sacramenti,
1082 1548 1377 1611 manifesta
1446 1547 1871 1613 participatione
1934 1560 2114 1599 suma-

421 1651 559 1690 mns.
595 1638 667 1690 Ex
700 1636 788 1689 his
819 1650 952 1687 vero
989 1635 1113 1687 luce
1140 1633 1346 1686 clarius
1376 1638 1534 1704 patet
1574 1633 1878 1687 Ecclesiam
1910 1649 2115 1705 rogare

2220 506 2348 543 cum
2383 489 2436 543 ei
2466 491 2622 544 nulla
2654 490 2877 545 intersit
2904 491 3251 545 concertatio
3284 494 3382 544 aut
3427 488 3740 560 disputatio
3779 504 3915 542 cum

2220 579 2499 648 theologis
2530 580 2661 633 viris
2693 584 2928 650 propter
2965 584 3253 649 receptam
3306 587 3402 633 aut
3433 577 3501 631 ab
3552 577 3688 648 ipsis
3719 577 3915 631 defen-

2222 687 2343 724 sam
2374 671 2735 741 przesentiam
2786 671 3039 741 corporis
3097 669 3325 737 Christi,
3385 669 3481 723 sed
3533 668 3723 740 potius
3778 668 3918 722 dicti

2221 758 2475 827 corporis
2506 759 2623 812 veri
2676 758 2820 813 etin
2851 758 3200 813 Eucharistia
3255 757 3535 812 reconditi
3588 756 3919 827 patefactio-

2220 862 2349 899 nem
2381 863 2481 900 seu
2538 848 2900 902 manifestam
2956 848 3538 910 demonstrationem,
3590 846 3750 900 omni
3790 846 3918 899 velo

2220 934 2537 1005 postposito
2576 940 2633 989 et
2676 936 2861 1007 ﬁgura
2906 935 3330 1006 praetermissa;
3375 934 3591 1005 quippe
3647 933 3755 987 sibi
3784 949 3916 1003 per-

2223 1025 2528 1080 suasissent
2557 1031 2613 1080 et
2645 1026 2837 1081 animo
2876 1026 3155 1080 haberent
3185 1024 3500 1079 absurdum
3540 1028 3597 1077 et
3644 1037 3917 1091 superva-

2221 1126 2462 1165 caneum
2504 1129 2624 1166 esse
2674 1114 2942 1183 frangere
2985 1112 3314 1167 albedinem
3360 1116 3457 1165 aut
3503 1110 3920 1164 rotunditatem

2222 1198 2407 1267 panis,
2444 1200 2540 1253 sed
2574 1200 2692 1254 imo
2726 1217 2953 1255 necesse
2994 1217 3115 1253 esse
3166 1200 3287 1253 fore
3328 1214 3537 1269 corpus
3594 1196 3805 1251 Christi
3837 1196 3920 1250 al-

2222 1282 2359 1336 bum
2415 1290 2471 1339 et
2526 1287 2856 1353 rotundum,
2922 1287 3270 1356 disruptum,
3329 1284 3408 1339 uti
3466 1283 3809 1353 intelligitur
3849 1299 3917 1336 ex

2224 1375 2462 1425 tractatu
2520 1374 2781 1429 Abbaudi
2842 1375 3060 1429 abbatis
3113 1381 3168 1429 et
3198 1375 3446 1429 aliorum
3494 1375 3616 1444 ejus
3648 1372 3916 1441 opinioni

2224 1472 2340 1511 non
2367 1460 2766 1529 abnuentium,
2796 1462 2913 1516 imo
2942 1463 2995 1517 ei
3015 1462 3279 1533 religiose
3311 1460 3771 1531 propitiantium.

2295 1546 2548 1601 Tertium
2573 1556 2982 1618 argumentum
3017 1549 3273 1602 exoritur
3297 1564 3363 1601 ex
3392 1564 3631 1601 numero
3662 1551 3756 1602 8251
3793 1551 3923 1618 post

2225 1635 2531 1689 secundam
2581 1636 2920 1702 orationem,
2978 1636 3037 1689 in
3101 1652 3214 1706 quo
3272 1637 3766 1700 manifestationem
3812 1650 3912 1686 seu

423 1725 602 1777 Deum
656 1724 867 1776 claram
933 1726 989 1775 et
1046 1726 1305 1791 apertam
1365 1702 1809 1791 patefactionem
1862 1702 2118 1792 corporis
2153 1702 2191 1755 Β
2229 1726 2517 1779 veritatem
2546 1724 2880 1794 neutiquam
2906 1702 3213 1778 realitatem
3268 1724 3509 1794 opponit
3541 1723 3768 1777 vocibus
3798 1738 3922 1792 spe-

424 1810 653 1876 Christi,
684 1810 767 1863 uti
797 1825 993 1863 revera
1037 1809 1100 1862 in
1150 1813 1365 1862 interna
1416 1809 1602 1879 gloria
1653 1810 1930 1875 consistit,
1963 1809 2122 1881 quod

424 1899 486 1952 in
515 1903 773 1968 tempore
804 1897 907 1951 sub
940 1898 1243 1967 paropside
1275 1914 1371 1951 seu
1423 1898 1748 1952 velamento
1785 1899 2123 1952 sacramenti

426 1987 718 2059 possidet:
771 1987 927 2055 quod
968 1985 1263 2038 manifeste
1322 1986 1677 2039 demonstrat
1708 1986 1961 2057 aliquam
1992 2002 2123 2041 con-

427 2076 627 2129 sistere
656 2074 717 2127 in
747 2078 1100 2126 sacramento
1148 2075 1394 2141 ﬁguram
1448 2078 1505 2126 et
1552 2073 1609 2126 in
1644 2090 1711 2126 eo
1763 2090 1891 2144 quae
1923 2090 2121 2127 recon-

429 2164 547 2218 dita
570 2167 722 2227 sunt,
757 2178 873 2214 non
912 2161 1173 2230 pateﬁeri
1218 2162 1513 2227 manifesta
1545 2163 1658 2215 luce
1708 2164 1988 2228 clarescat,
2042 2162 2123 2216 uti

431 2248 741 2304 adversarii
769 2248 1067 2303 Ratramui
1106 2248 1298 2302 animo
1328 2248 1724 2316 intendebant,
1760 2252 1858 2321 qui
1904 2251 2121 2304 nullam

432 2336 810 2391 admittebant
858 2352 954 2389 seu
1016 2337 1504 2407 recognoscebant
1536 2340 1591 2391 in
1650 2338 1922 2408 mysterio
1977 2340 2123 2409 ﬁgu-

432 2440 576 2487 ram,
610 2426 706 2479 sed
737 2425 852 2479 imo
882 2425 1076 2479 omnia
1127 2426 1385 2479 sensibus
1418 2426 1719 2479 oculorum
1776 2426 1957 2480 aciem
1990 2426 2123 2480 sub-

434 2514 516 2567 ire
546 2518 602 2568 et
632 2514 893 2567 sensibus
960 2513 1179 2583 subjici.
1214 2514 1386 2568 Plura
1439 2514 1726 2584 conceptis
1775 2515 1961 2568 verbis
2008 2531 2123 2568 non

434 2600 766 2671 signiﬁcant
790 2617 918 2672 qua:
946 2602 1323 2672 proferuntur
1352 2619 1416 2655 ex
1447 2602 1703 2656 oratione
1735 2605 1982 2657 secunda
2014 2620 2025 2657 :
2061 2606 2124 2658 Ut

434 2706 553 2759 qua
582 2706 723 2744 nunc
752 2692 927 2758 specie
962 2693 1219 2758 gerimus,
1253 2707 1429 2745 rerum
1458 2695 1686 2747 veritate
1733 2695 2013 2761 capiamus
2041 2691 2063 2725 δ
2110 2711 2124 2757 ;

437 2778 653 2849 quippe
684 2794 814 2832 cum
847 2794 953 2831 vox
985 2782 1190 2833 veritas
1218 2780 1359 2833 nihil
1393 2785 1604 2851 praeter
1632 2783 2125 2849 manifestationem

436 2872 484 2921 et
506 2868 853 2932 manifestam
891 2866 1396 2922 demonstrationem
1445 2869 1771 2939 signiﬁcet:
1820 2885 1947 2939 quae
1994 2873 2124 2923 sunt

437 2956 564 3026 ipsa
590 2955 760 3009 verba
789 2954 1085 3009 Ratramni
1112 2961 1169 3009 et
1189 2955 1433 3009 aliorum
1466 2957 1564 3027 qui
1583 2957 1921 3010 sententiam
1950 2973 2122 3028 quam

436 3043 800 3115 impugnavit
829 3043 1102 3097 tuendam
1150 3049 1506 3114 receperunt.
1560 3047 1799 3116 Insuper
1845 3046 2007 3099 facile
2039 3050 2123 3100 est

434 3134 756 3203 intelligere
820 3132 1122 3187 Ecclesium
1176 3133 1433 3187 Latinam
1494 3139 1751 3203 acceptas
1787 3134 1885 3187 has
1913 3133 2126 3204 [preces

438 3227 494 3276 et
524 3222 815 3276 orationes
845 3221 904 3274 in
944 3222 1196 3276 ercam
1226 3220 1514 3287 retulisse,
1537 3237 1602 3274 ex
1634 3222 1758 3275 loco
1784 3224 1966 3276 sancti
2000 3222 2127 3275 Dio-

436 3307 585 3379 nysii
615 3308 800 3379 capite
832 3311 862 3362 3
896 3308 963 3361 de
1018 3307 1367 3374 Hierarchia,
1394 3325 1522 3379 pag.
1560 3311 1662 3362 286
1694 3325 1706 3363 :
1744 3308 1898 3360 Ἀλλὰ
1931 3309 1969 3360 ὣ
2003 3312 2128 3362 θειο-

439 3399 570 3453 τάτη
601 3400 687 3446 καὶ
720 3396 827 3468 ἱερὰ
854 3396 1049 3467 τελετῇ,
1096 3399 1158 3447 τὰ
1190 3401 1509 3469 περικειμένα
1543 3416 1624 3448 σοι
1670 3397 1991 3469 συμϐολικῶς
2034 3396 2130 3468 ἀμ-

442 3488 700 3555 φιέσματα
730 3493 829 3535 τῶν
856 3485 1171 3555 ἁινιγμάτων
1215 3483 1655 3556 ἀποκαλυψάμενη
1705 3484 1970 3556 tutaturi);
2008 3487 2129 3556 ἡμῖν

440 3568 812 3640 ἁναὸεὶχθῆτι,
854 3575 939 3621 καὶ
965 3573 1055 3631 τὰς
1130 3574 1305 3645 νοερᾶς
1376 3575 1517 3644 ἡμῶν
1581 3575 1717 3644 ὄφεις
1787 3576 1976 3624 sumina
2044 3577 2130 3624 καὶ

443 3657 859 3732 ἁπερικαλύπτου
889 3662 1050 3728 φωτὸς
1083 3660 1479 3733 ἀποπλήρωσον.
1538 3664 1715 3716 Pravo
1759 3666 1817 3716 et
1845 3662 2125 3732 intempe-

444 3746 594 3799 ranti
620 3745 901 3799 ratiocinii
921 3749 1148 3816 [genere
1204 3753 1419 3815 utetur,
1469 3748 1731 3820 quisquis
1760 3765 1825 3802 ex
1886 3748 1975 3803 his
2005 3765 2128 3802 ver-

442 3833 530 3888 bis
576 3833 755 3887 sancti
816 3834 1068 3904 Dionysii
1123 3841 1527 3907 argumentum
1585 3837 1854 3890 adversus
1915 3838 2127 3891 realem

443 3923 807 3993 praesentiam
841 3923 1096 3993 corporis
1129 3923 1353 3988 Christi,
1386 3940 1559 3994 quam
1615 3926 1921 3979 realitatem
1981 3941 2127 3979 nuu-

443 4014 673 4080 CUpant,
706 4016 1038 4065 assumeret.
1081 4012 1379 4065 Enimvero
1428 4028 1557 4064 cum
1600 4018 1834 4065 econtra
1876 4013 2131 4067 adoratio

443 4098 684 4167 supplex
718 4098 793 4150 sit
821 4097 891 4150 ad
925 4102 1363 4165 sacramentum,
1409 4098 1665 4155 Θειοτὰτπ
1698 4102 1784 4149 καὶ
1818 4099 1925 4173 ἱερά
1956 4098 2128 4156 τελετὴ

445 4202 644 4240 revera
675 4185 945 4241 subaudit
979 4202 1077 4240 seu
1131 4187 1407 4256 supponit
1449 4186 1508 4239 in
1539 4202 1606 4239 eo
1657 4201 1861 4257 corpus
1902 4187 2132 4255 Christi,

2230 1812 2333 1864 cici
2362 1817 2418 1864 et
2474 1814 2828 1879 apparentia),
2875 1816 2939 1864 ut
2990 1812 3203 1881 passim
3263 1811 3321 1865 in
3370 1811 3592 1881 integro
3650 1815 3917 1865 tractatu.

2232 1897 2342 1951 Sed
2366 1914 2433 1952 eo
2465 1897 2569 1951 loci
2609 1899 2801 1953 nullus
2858 1900 3217 1970 responsioni
3248 1901 3404 1954 locus
3458 1901 3653 1955 adesse
3704 1903 3917 1969 potest.

2232 1984 2572 2056 Neutiquam
2630 1986 2784 2041 enim
2841 1988 3040 2058 negari
3088 1993 3272 2058 potest
3329 1988 3517 2058 ipsum
3573 1986 3925 2042 intellexisse

2231 2073 2617 2143 cognitionem
2675 2074 2929 2144 corporis
2992 2075 3200 2130 Christi
3256 2092 3359 2146 per
3416 2075 3773 2129 manifestam
3827 2074 3921 2128 de-

2232 2161 2729 2227 monstrationem,
2763 2161 3001 2216 minime
3030 2177 3166 2218 vero
3197 2161 3383 2233 ipsam
3433 2162 3792 2216 existentiam
3825 2166 3926 2214 aut

2232 2264 2421 2301 veram
2486 2248 2875 2318 praesentiam.
2943 2249 3165 2319 Quippe
3231 2266 3360 2303 cum
3421 2254 3536 2303 tota
3603 2248 3923 2303 differentia

2232 2350 2405 2404 quam
2431 2351 2551 2388 esse
2583 2336 2940 2405 recognoscit
2970 2337 3122 2389 inter
3169 2353 3375 2407 corpus
3425 2337 3637 2391 Christi
3689 2335 3749 2390 in
3803 2337 3922 2389 Eu-

2231 2422 2499 2476 charistia
2554 2422 2805 2475 velatum
2866 2428 2923 2476 et
2983 2423 3291 2488 occultum,
3335 2428 3390 2476 et
3443 2423 3598 2476 idem
3649 2422 3709 2475 in
3741 2422 3925 2492 gloria

2232 2517 2556 2565 sanctorum
2587 2511 2813 2581 fulgens
2862 2515 2918 2565 et
2960 2511 3327 2581 patefactum,
3375 2510 3682 2565 consistere
3719 2510 3925 2563 asserit

2232 2599 2381 2671 quod
2414 2599 2724 2669 gloriosum
2756 2616 2961 2671 corpus
2986 2616 3087 2669 per
3140 2602 3576 2654 resurrectionem
3601 2598 3721 2667 jam
3756 2598 3927 2665 glori-

2231 2688 2448 2754 ﬁcatum
2478 2690 2815 2753 cognoscitur
2844 2704 2973 2742 cum
3026 2690 3161 2742 satis
3189 2690 3386 2753 fuisset
3431 2688 3628 2750 dicere,
3680 2687 3799 2755 jam
3830 2702 3930 2754 per

2232 2778 2673 2830 resurrectionem
2738 2776 3103 2846 gloriﬁcatum
3167 2778 3372 2830 existit.
3470 2776 3634 2839 Quod
3689 2773 3929 2845 quidem

2233 2863 2572 2917 vocabulum
2602 2880 2771 2917 usum
2805 2870 2969 2918 mtate
3036 2864 3327 2917 Ratramni
3374 2863 3623 2918 subierat
3653 2864 3723 2916 ad
3755 2861 3933 2932 signi-

2235 2951 2522 3005 ﬁcandum
2558 2968 2761 3022 corpus
2788 2951 2995 3006 Christi
3044 2952 3153 3006 hoc
3195 2966 3408 3005 nomen
3452 2967 3566 3003 non
3607 2949 3795 3003 solum
3832 2951 3931 3003 ha-

2233 3039 2368 3094 bere
2400 3040 2457 3093 in
2492 3039 2860 3107 Eucharistia,
2895 3040 2992 3093 sed
3022 3038 3081 3093 in
3131 3055 3197 3092 ea
3247 3055 3368 3093 esse
3400 3044 3456 3092 et
3499 3038 3756 3093 existere.
3804 3038 3929 3092 Ad-

2237 3128 2427 3181 damus
2454 3130 2618 3181 etiam
2649 3126 2792 3195 quod
2846 3130 2944 3180 iste
2988 3129 3153 3195 panis
3184 3131 3233 3180 et
3287 3128 3455 3188 calix,
3512 3128 3609 3195 qui
3654 3141 3847 3194 corpus
3880 3131 3933 3179 et

2235 3217 2459 3282 sanguis
2482 3214 2688 3270 Christi
2723 3216 3037 3267 nominatur
3068 3219 3120 3266 et
3164 3214 3353 3266 existit
3385 3214 3555 3282 (num.
3607 3214 3673 3265 99
3724 3218 3774 3266 et
3821 3213 3929 3279 l6).

2308 3303 2587 3366 Quartum
2647 3301 2957 3355 assumitur
3032 3316 3192 3354 num.
3263 3302 3351 3365 97,
3410 3301 3469 3353 in
3536 3316 3648 3370 quo
3688 3299 3935 3369 repetita

2239 3390 2560 3445 differentia
2618 3389 2769 3443 inter
2827 3405 3034 3459 corpus
3099 3389 3307 3446 Christi
3362 3389 3423 3442 in
3472 3392 3827 3442 sacramento
3877 3393 3935 3441 et

2239 3478 2391 3532 idem
2425 3478 2487 3531 in
2548 3478 2754 3550 gloria,
2790 3477 2870 3532 ait
2922 3480 2980 3532 in
3009 3479 3191 3549 gloria
3238 3478 3596 3532 reconditum
3647 3492 3764 3531 non
3809 3492 3936 3530 esse

2239 3566 2342 3620 sub
2372 3566 2589 3636 ﬁguris,
2646 3567 2745 3620 sed
2803 3566 3107 3620 manifesta
3167 3565 3653 3620 demonstratione
3706 3565 3931 3635 patefa-

2238 3662 2393 3709 ctum
2425 3657 2485 3710 in
2527 3656 2708 3725 gloria
2758 3661 2813 3710 et
2859 3657 3197 3725 cognitum:
3249 3659 3357 3713 Nec
3390 3659 3447 3710 in
3502 3672 3559 3710 eo
3615 3657 3698 3710 vel
3742 3656 3938 3724 aliqua

2239 3746 2437 3812 ﬁgura,
2469 3742 2563 3796 sed
2592 3744 2713 3811 ipsa
2754 3744 2836 3795 rei
2860 3744 3234 3808 manifestatio
3277 3745 3633 3810 cognoscitur.
3686 3742 3937 3795 Concor-

2241 3830 2388 3883 diter
2440 3829 2509 3882 ad
2548 3845 2615 3882 ea
2670 3845 2799 3899 quae
2856 3834 3026 3883 antea
3079 3830 3299 3883 dixerat
3358 3831 3527 3897 (num.
3588 3831 3675 3895 89)
3728 3844 3939 3898 corpus

2240 3923 2368 3988 post
2423 3918 2892 3970 resurrectionem
2946 3934 3068 3971 esse
3127 3918 3386 3971 sensibus
3443 3918 3764 3988 subjectum
3816 3920 3940 3987 pal-

2237 4007 2421 4078 pabile
2448 4021 2540 4060 seu
2583 4006 2797 4061 uisibile
2852 4009 3015 4061 etiam
3062 4013 3186 4076 post
3219 4008 3680 4073 resurrectionem,
3736 4010 3791 4059 et
3821 4005 3937 4060 hoc

2242 4099 2327 4150 est
2378 4094 2531 4165 quod
2579 4094 2862 4165 interpres
2920 4095 3293 4149 Protestantis
3347 4094 3524 4165 partis
3557 4093 3815 4148 defendit
3862 4093 3941 4148 de

2244 4183 2459 4238 Latinis
2508 4182 2715 4237 Gallice
2773 4181 2942 4237 scribi
2994 4182 3199 4237 debere
3246 4198 3438 4252 corpus
3468 4184 3610 4236 reale
3662 4198 3738 4235 un
3770 4198 3940 4236 conas

447 4289 718 4343 praesens,
752 4273 823 4328 ad
854 4289 1027 4345 quem
1054 4273 1264 4341 solum,
1295 4289 1426 4326 cum
1455 4272 1631 4338 efﬁat,
1672 4277 1735 4327 ut
1776 4273 1918 4328 ﬁdes
1947 4275 2127 4342 docet,
2162 4289 2203 4342 ι)
2243 4276 2383 4326 nam.
2416 4288 2428 4325 :
2457 4269 2554 4324 sed
2584 4271 2689 4324 hoc
2718 4275 2804 4324 est
2832 4271 2900 4325 de
2930 4271 3211 4325 lectorum
3239 4270 3570 4324 credulitate
3619 4270 3848 4336 ludere,
3879 4276 3943 4324 et

450 4361 659 4416 unione
700 4360 902 4415 intima
930 4366 1150 4414 naturas
1190 4361 1460 4413 humana:
1508 4375 1634 4413 cum
1666 4376 1912 4429 persona
1944 4361 2132 4427 Verbi,

449 4453 604 4502 actus
638 4465 739 4503 seu
768 4449 909 4503 ritus
949 4448 1372 4518 implorationis
1416 4448 1667 4518 praesidii
1694 4448 1871 4502 divini
1913 4454 1969 4505 et
1998 4450 2132 4504 ado-

448 4537 686 4591 rationis
717 4538 777 4590 in
809 4537 1012 4606 spiritu
1042 4541 1099 4589 et
1118 4535 1355 4589 veritate
1385 4536 1583 4589 referri
1613 4537 1815 4606 potuit.

518 4624 844 4679 Secundum
876 4623 996 4677 sine
1028 4622 1217 4677 medio
1264 4623 1526 4693 sequitur
1573 4624 1827 4694 primum
1862 4642 1874 4679 :
1921 4624 2134 4697 quippe

447 4728 576 4766 cum
608 4711 697 4764 his
730 4709 989 4765 terminis
1013 4725 1111 4764 seu
1143 4710 1374 4764 vocibus
1406 4711 1664 4765 admissis
1690 4716 1959 4782 pignoris,
1992 4716 2134 4767 ima-

448 4802 592 4868 ginis
624 4801 723 4852 aut
747 4801 954 4867 ﬁgura,
989 4798 1066 4850 ait
1099 4814 1112 4851 :
1167 4798 1485 4869 signiﬁcant
1516 4803 1597 4854 ita
1639 4817 1770 4867 rem,
1804 4802 1958 4870 cujus
1987 4804 2133 4867 sunt,

446 4904 551 4943 non
580 4889 868 4953 manifeste
933 4887 1238 4954 ostendunt,
1314 4904 1378 4941 ex
1442 4888 1652 4959 quibus
1717 4890 1824 4944 hoc
1900 4890 2134 4943 verbum

447 4976 731 5031 ostendunt
758 4975 1071 5029 distiuctim
1102 4975 1368 5047 indigitat
1407 4994 1506 5031 seu
1550 4978 1829 5048 signiﬁcat
1859 4976 2137 5047 :objicere

450 5071 505 5120 et
553 5080 843 5136 opponere
890 5064 1133 5135 ﬁguram
1165 5069 1221 5120 et
1256 5064 1570 5135 imaginem
1610 5064 1925 5119 ostensioni
1956 5070 2011 5119 et
2043 5081 2137 5135 pa-

448 5153 740 5207 tefactioni
765 5152 847 5207 rei
904 5153 1137 5207 occultae
1188 5159 1245 5208 et
1277 5154 1602 5208 reconditae.
1658 5154 1715 5207 Si
1747 5154 1899 5207 enim
1940 5156 2138 5207 utcun-

452 5255 563 5310 que
594 5256 683 5294 res
706 5256 826 5294 non
854 5240 934 5295 ita
961 5240 1089 5304 fuit,
1127 5245 1317 5295 mente
1348 5240 1499 5311 capti
1528 5240 1778 5294 hominis
1810 5246 1867 5294 et
1895 5239 2139 5293 tortuosi

523 5388 547 5413 ⁸
579 5378 743 5434 Liber
770 5381 1266 5435 Sacramentorum
1302 5380 1559 5434 Ecclesim
1592 5381 1880 5441 Romanae.
1917 5381 1955 5436 l.
1986 5400 2044 5447 ιι,
2078 5384 2138 5437 in

454 5453 649 5502 octava
679 5451 1065 5518 apostolorum
1112 5451 1263 5505 Petri
1292 5456 1348 5506 et
1398 5450 1581 5505 Pauli.
1633 5482 1701 5491 -—
1756 5451 1976 5510 Missale
2008 5458 2138 5508 Ani-

454 5519 551 5575 brc
561 5519 790 5576 sianum
822 5525 877 5575 et
906 5522 1253 5581 Senonense.

2242 4366 2465 4416 mentes
2495 4361 2775 4414 humanas
2822 4359 3274 4431 intemperanter
3315 4359 3630 4413 ludiﬁcare.
3687 4360 3943 4428 Insuper

2242 4451 2352 4505 alia
2384 4450 2562 4503 multa
2619 4454 2927 4519 supersunt
2960 4449 3021 4503 in
3074 4466 3178 4502 usu
3238 4448 3557 4515 Ratramni,
3614 4448 3683 4502 de
3716 4448 3937 4518 quibus

2243 4543 2667 4610 praeoccupatas
2730 4543 2952 4593 mentes
3037 4542 3377 4608 praevertere
3462 4541 3519 4590 et
3576 4551 3941 4605 praecurrere

2244 4643 2470 4681 necesse
2497 4630 2582 4679 est
2614 4643 2625 4679 :
2663 4626 2849 4695 qualis
2898 4630 2983 4680 est
3012 4642 3120 4679 vox
3175 4627 3394 4694 species,
3459 4623 3529 4677 de
3563 4639 3676 4695 qua
3737 4623 3944 4678 videre

2244 4716 2373 4770 licet
2401 4714 2800 4768 adnotationes
2831 4714 3127 4785 quasdam,
3162 4730 3229 4768 ex
3259 4713 3469 4785 quibus
3520 4711 3843 4780 intelligere
3880 4717 3947 4766 et

2246 4801 2563 4872 signiﬁcare
2585 4806 2991 4871 apparentiam,
3034 4818 3150 4855 non
3191 4802 3373 4871 ipsam
3426 4814 3619 4853 rerum
3669 4798 3944 4853 substan-

2246 4889 2385 4943 tiam
2417 4895 2517 4943 aut
2544 4895 2830 4955 naturam,
2864 4890 2935 4943 ad
2986 4894 3237 4943 mentem
3295 4886 3790 4957 philosophorum,
3834 4887 3947 4956 qui

2247 4982 2534 5047 utcunque
2566 4981 2805 5029 utuntur
2833 4977 3062 5030 nomine
3077 4976 3428 5043 substantiae,
3455 4975 3740 5046 quodnon
3771 4990 3943 5027 sem»

2245 5082 2351 5137 per
2380 5070 2646 5119 naturam
2686 5064 2975 5137 signiﬁcat
3013 5066 3149 5119 :sed
3195 5065 3494 5136 qualitates
3526 5068 3584 5118 et
3610 5063 3949 5134 proprieta-

2246 5160 2332 5208 tes
2361 5153 2568 5223 quibus
2597 5156 2801 5207 natura
2831 5152 3092 5206 afficitur.
3146 5152 3463 5222 Supersunt
3510 5150 3681 5206 etiam
3716 5166 3945 5221 praeca-

2246 5240 2428 5295 venda
2456 5239 2720 5311 quaedam
2748 5238 3002 5302 nomina,
3054 5240 3268 5295 scilicet
3297 5243 3547 5307 interius,
3600 5242 3841 5294 exterius
3885 5247 3951 5296 et

2316 5380 2337 5414 δ
2376 5381 2725 5436 Sacrament.
2756 5381 2807 5436 S.
2842 5381 3117 5453 Gregorii.
