4138 6194
220 360 314 414 121
1085 357 1174 411 DE
1212 353 1543 413 CORPORE
1584 358 1671 412 ET
1709 356 2055 414 SANGUINE
2097 356 2352 412 DOMINI.
2386 388 2449 395 ——-
2483 359 2869 415 PBASI’ATIO.
3620 367 3717 421 122

229 495 614 564 corporaliter,
664 494 731 548 ad
781 510 909 565 quae
966 496 1220 547 mentem
1270 492 1613 564 applicatam
1669 492 1927 547 conferre
1955 497 1999 549 Α
2036 508 2164 547 rum
2197 493 2457 565 adeoque
2491 495 2793 549 Ecclesiam
2826 497 3039 565 pariter
3067 514 3185 554 non
3232 501 3463 556 credere
3478 502 3655 573 recipi
3685 520 3718 556 a

219 599 366 652 opus
414 588 524 636 est.
557 582 665 637 Sed
720 597 915 635 revera
964 596 1091 650 quae
1149 579 1194 633 si
1247 582 1589 635 Ratramnus
1635 580 1704 634 ad
1752 596 1915 634 usum

219 687 334 723 non
365 671 599 725 reduxit
628 676 691 724 ut
721 686 933 740 corpus
962 669 1168 724 Christi
1200 670 1499 740 mysticum
1526 675 1581 723 et
1606 669 1918 740 ﬁguratum

220 759 583 829 indigitaret,
645 759 904 829 adeoque
974 773 1304 828 repugnans
1358 758 1603 812 realitati
1658 773 1757 811 seu
1801 755 1919 810 veri

218 848 484 917 corporis
522 864 671 901 verae
722 848 1065 917 praesentiae,
1097 846 1183 900 uti
1213 846 1577 900 defendimus
1622 846 1724 900 hac
1757 847 1916 899 lucu-

216 935 525 989 bratione:
560 936 957 990 difﬁcultatem
1007 936 1249 989 excitare
1302 952 1414 989 non
1462 940 1702 1006 possunt
1743 950 1917 1005 quam

214 1040 334 1077 non
389 1025 557 1078 facile
602 1029 661 1078 et
708 1023 1076 1077 commodum
1135 1023 1353 1077 diluere
1393 1028 1450 1076 et
1498 1024 1690 1089 friare,
1749 1030 1812 1077 ut
1852 1038 1914 1076 ex

215 1110 325 1164 hac
350 1111 691 1181 pra-fatione
740 1111 1009 1165 historica
1040 1117 1095 1165 et
1140 1111 1604 1165 adnotationibus
1672 1127 1917 1183 quarqu

217 1199 651 1253 accessionibus
692 1204 909 1253 textum
972 1199 1268 1253 Hatramni
1303 1200 1409 1254 hac
1445 1200 1692 1255 editione
1723 1216 1914 1254 cumu-

219 1288 464 1341 landum
504 1288 853 1342 censuimus.
905 1290 1027 1342 Jam
1060 1306 1196 1359 ergo
1242 1290 1705 1359 respondendum
1754 1290 1918 1343 nobis

218 1383 487 1445 superest
516 1377 727 1447 triplici
762 1382 817 1431 et
855 1383 1083 1431 attentas
1121 1378 1450 1448 cogitationi
1490 1395 1587 1432 seu
1620 1378 1916 1449 applicata:

220 1465 405 1517 menti
455 1465 704 1519 auctoris
744 1466 1048 1536 praeloquii
1077 1465 1248 1535 hujus
1298 1470 1569 1519 tractatus
1624 1465 1917 1520 Ratramni

218 1553 694 1623 interpretationi
742 1554 967 1609 Gallica:
1014 1553 1267 1624 adjuncti
1314 1554 1530 1625 publici
1568 1554 1715 1625 juris
1756 1555 1917 1608 facta:

219 1657 373 1695 anno
410 1645 563 1695 l67'2.

295 1731 512 1785 Harum
555 1746 688 1786 vero
744 1731 1015 1802 cogitatio
1064 1747 1163 1786 seu
1208 1722 1504 1785 meditatio
1550 1730 1739 1801 prima
1782 1749 1915 1785 con-

218 1818 370 1872 sistit
425 1818 489 1871 in
547 1835 614 1872 eo
663 1796 931 1889 quod'in
988 1821 1321 1875 tractatibus
1361 1796 1642 1874 Paschasii
1697 1826 1753 1874 et
1806 1796 1985 1875 Ra-B

218 1907 441 1961 tramni
487 1907 645 1961 nulla
673 1907 929 1961 incurrat
958 1909 1173 1961 mentio
1210 1910 1280 1963 de
1330 1908 1661 1962 adoratione
1710 1909 1914 1962 eucha-

219 1995 424 2063 ristias,
484 2012 658 2067 quam
707 1997 969 2050 omittere
1014 1997 1347 2067 neutiquam
1394 1997 1745 2061 debuissent,
1787 2014 1915 2052 cum

220 2099 289 2136 ex
342 2084 676 2138 adoratione
730 2084 1069 2139 naturaliter
1118 2090 1552 2139 consectaneum
1598 2086 1671 2139 sit
1709 2086 1915 2157 dogma

219 2173 499 2227 realitatis
570 2190 668 2227 seu
731 2174 1050 2244 praesentiae
1114 2190 1246 2228 vere
1308 2174 1595 2228 existentis
1662 2174 1915 2243 corporis

220 2261 458 2325 Christi,
498 2278 671 2332 quam
702 2262 1043 2316 conﬁrmare
1089 2264 1288 2315 avebat
1317 2262 1649 2316 Paschasius
1681 2265 1737 2315 et
1775 2278 1913 2315 con-

220 2350 411 2404 futare
462 2351 829 2418 Ratramnus,
880 2350 989 2405 sibi
1042 2351 1269 2421 ﬁngunt
1305 2352 1689 2405 Protestantes
1740 2355 1797 2405 et
1826 2352 1911 2405 Je-

221 2438 377 2492 suita
411 2440 756 2493 Harduinus.

296 2528 409 2582 Sed
450 2528 510 2582 in
558 2529 665 2583 hoc
706 2529 1074 2583 vehementer
1116 2526 1456 2582 allucinatus
1504 2532 1589 2582 est
1636 2528 1917 2599 interpres

220 2616 464 2670 diversa:
493 2617 675 2687 partis
714 2617 950 2687 hujusce
988 2616 1120 2670 libri
1149 2617 1464 2683 Ratramni,
1508 2632 1638 2671 cum
1669 2618 1824 2671 enim
1856 2616 1916 2671 hi

222 2704 339 2758 duo
401 2706 711 2775 scriptores
770 2705 878 2759 sibi
941 2705 1183 2758 invicem
1246 2720 1361 2758 non
1415 2710 1758 2777 repugnent,
1812 2722 1917 2759 nec

221 2811 426 2865 reapse
459 2800 659 2849 contra
689 2811 747 2849 se
791 2795 1032 2849 invicem
1070 2794 1433 2849 conﬁixerint
1462 2800 1559 2849 aut
1598 2796 1918 2867 depraaliati

222 2884 359 2949 sint,
425 2884 545 2937 imo
605 2884 664 2937 in
719 2884 917 2938 eadem
967 2883 1080 2938 ﬁde
1136 2888 1194 2937 et
1242 2884 1505 2937 suasione
1554 2884 1625 2938 de
1678 2901 1917 2955 corpore

224 2974 435 3027 Christi
483 2973 544 3026 in
585 2973 928 3028 eucharistia
988 2973 1405 3027 remanserint:
1473 2973 1665 3028 neutri
1710 2974 1919 3027 condu—

222 3062 389 3115 cibile
423 3062 491 3115 ad
526 3077 755 3114 causam
800 3077 962 3115 suam
999 3062 1276 3115 tuendam
1322 3077 1444 3116 esse
1485 3066 1711 3132 poterat
1748 3077 1915 3131 argu-

222 3155 483 3203 mentum
520 3165 589 3203 ex
620 3149 957 3204 adoratione
982 3156 1341 3221 assumptum
1383 3155 1439 3204 et
1464 3150 1641 3204 fuisse
1668 3166 1910 3221 presser-

222 3238 322 3291 tim
356 3238 420 3291 in
452 3253 621 3291 causa
651 3238 943 3292 Ratramni
974 3254 1456 3308 supervacaneum
1490 3256 1503 3293 :
1537 3239 1749 3309 quippe
1783 3254 1913 3293 cum

221 3343 254 3379 a
284 3326 521 3381 nemine
553 3327 790 3380 homine
818 3327 1234 3397 ipsigobjectum
1264 3328 1453 3383 fuerit.
1485 3329 1717 3382 Interim
1751 3329 1913 3382 valde

222 3416 522 3470 temerarii
551 3421 607 3469 et
652 3416 1062 3470 inconsiderati
1092 3416 1342 3471 hominis
1388 3434 1512 3471 esse
1563 3417 1787 3472 videtur
1816 3417 1913 3471 de-

219 3505 455 3559 fendere
485 3521 645 3558 nono
676 3505 904 3573 saeculo,
953 3522 1065 3576 quo
1106 3506 1450 3560 Ratramnus
1498 3511 1553 3560 et
1580 3505 1915 3560 Paschasius

220 3593 504 3659 vixerunt,
546 3594 805 3647 nondum
851 3594 1045 3648 orbem
1079 3594 1468 3649 Christianum
1511 3595 1775 3648 adorasse
1814 3610 1913 3648 eu-

221 3682 507 3736 charistize
556 3687 973 3736 sacramentum
1033 3699 1136 3738 seu
1183 3699 1415 3738 carnem
1468 3687 1524 3737 et
1575 3682 1912 3752 sanguinem

221 3770 432 3824 Christi
470 3769 529 3823 in
559 3770 832 3840 mysterio
874 3770 1244 3825 reconditam.
1297 3773 1448 3825 Hanc
1480 3771 1775 3825 veritatem
1806 3770 1913 3823 'ar-

218 3858 513 3928 gementis
538 3864 656 3912 tam
696 3858 922 3912 invictis
977 3875 1148 3930 quam
1186 3860 1429 3914 fortibus
1456 3864 1511 3914 et
1565 3859 1915 3931 fulgentibus

220 3948 394 4001 armis
426 3946 612 4018 capite
662 3950 723 4000 16
772 3947 955 4001 librii
1000 3949 1069 4002 de
1130 3948 1475 4003 Adoratione
1534 3949 1911 4015 eucharistim,

216 4038 368 4106 typis
399 4036 621 4105 vulgati
655 4036 883 4089 Parisiis
924 4053 1074 4090 anno
1123 4041 1277 4103 1685,
1327 4039 1632 4107 assumptis
1676 4054 1740 4092 ex
1773 4053 1915 4091 con-

218 4124 349 4178 cilio
378 4142 416 4179 n
468 4125 724 4190 Nicaeae,
774 4126 1132 4180 confessione
1182 4126 1314 4181 ﬁdei
1362 4126 1586 4180 Alcuini
1643 4131 1699 4180 et
1727 4126 1915 4180 conci-

222 4213 300 4266 lio
323 4213 706 4277 Cabilonensi,
746 4214 825 4266 ita
857 4219 917 4265 ut
955 4216 1178 4268 nultum
1211 4214 1518 4269 dubitandi
1557 4214 1743 4268 locum
1774 4214 1914 4268 reli-

217 4306 375 4355 ctum
442 4301 616 4355 fuisse
647 4301 1039 4355 existimemus
1100 4308 1219 4357 tam
1278 4319 1429 4358 nono
1459 4319 1629 4374 quam
1663 4306 1913 4358 anterio-

2026 580 2163 634 viris
2201 581 2317 636 sive
2344 583 2507 638 bonis
2534 583 2651 638 sive
2710 585 2871 637 matis
2922 602 3018 641 ore
3048 588 3325 658 corporis,
3383 590 3479 645 sed
3532 592 3713 646 solum

2028 686 2126 723 ore
2157 670 2385 737 animae,
2442 672 2595 743 quod
2635 689 2666 725 a
2712 673 2822 726 ﬁde
2883 690 2998 727 non
3052 676 3257 730 diﬁ‘ert.
3326 677 3532 733 Verum
3589 679 3718 750 plus

2027 775 2199 829 quam
2230 776 2455 814 necesse
2508 765 2592 814 est
2647 761 2967 831 nimiopere
3023 769 3241 818 constat
3292 766 3540 821 locutum
3596 784 3718 823 esse

2029 847 2402 902 Batramnum
2436 849 2504 903 ad
2538 855 2788 903 mentem
2812 850 2991 903 sancti
3024 852 3331 922 Augustini
3366 860 3420 907 et
3449 856 3558 909 sibi
3587 872 3716 926 per-

2026 936 2266 989 suasisse
2296 953 2500 1008 corpus
2534 938 2739 991 Christi
2768 938 3034 1008 spiritum
3075 953 3132 993 et
3164 940 3335 993 vitam
3375 959 3492 996 esse
3525 944 3594 997 iis
3625 961 3715 997 so-

2026 1024 2322 1079 lummodo
2352 1025 2451 1096 qui
2481 1026 2621 1080 illud
2651 1043 2780 1080 cum
2809 1028 2921 1081 ﬁde
2945 1028 3246 1098 recipiunt,
3279 1032 3535 1099 quamvis
3566 1033 3623 1086 in
3656 1049 3714 1087 se

2025 1112 2259 1182 spiritus
2290 1120 2344 1167 et
2371 1114 2481 1168 vita
2510 1130 2629 1168 esse
2662 1131 2777 1168 non
2829 1115 3060 1171 desistat
3100 1133 3231 1171 cum
3278 1118 3347 1171 ab
3391 1119 3717 1174 inﬁdelibus

2025 1206 2082 1254 et
2112 1201 2419 1256 incredulis
2470 1208 2570 1257 aut
2598 1203 2707 1257 ﬁde
2754 1205 3079 1258 carentibus
3135 1205 3433 1276 accipitur.
3484 1211 3555 1261 At
3585 1224 3716 1262 vero

2029 1306 2142 1361 qua
2174 1290 2395 1345 ratione
2437 1290 2682 1360 intelligi
2713 1298 2897 1362 potest
2934 1293 3199 1363 spiritum
3252 1299 3307 1348 et
3355 1295 3527 1349 vitam
3570 1296 3628 1350 in
3659 1314 3718 1350 se

2029 1392 2149 1431 esse
2170 1394 2376 1447 corpus
2408 1378 2616 1433 Christi
2650 1380 3058 1449 recipientibus
3104 1381 3432 1435 inﬁdelibus
3462 1383 3717 1454 indigne,

2027 1465 2136 1518 nisi
2179 1482 2308 1519 vere
2340 1472 2397 1520 et
2423 1467 2673 1533 realiter,
2715 1468 2822 1521 hoc
2871 1474 2956 1521 est
3005 1485 3205 1539 reapse
3250 1477 3305 1523 et
3353 1486 3571 1537 revera,
3604 1472 3718 1525 exi-

2026 1560 2180 1608 stens
2211 1560 2266 1609 et
2294 1572 2552 1625 praesens
2583 1572 2681 1609 ore
2714 1557 3036 1612 inﬁdelium
3082 1558 3411 1629 recipiatur,
3442 1560 3541 1631 qui
3589 1576 3720 1615 cum

2026 1644 2194 1698 modo
2225 1644 2469 1714 spiritali
2507 1644 2784 1699 instinctu
2814 1646 2949 1700 ﬁdei
2990 1652 3046 1701 et
3075 1647 3367 1702 charitatis
3405 1665 3522 1703 non
3571 1650 3718 1704 reci-

2026 1732 2189 1802 piant
2240 1732 2624 1798 solummodo,
2677 1737 2740 1786 ut
2798 1735 3135 1804 loquuntur,
3193 1738 3570 1806 corporaliter
3618 1754 3716 1792 seu

2023 1836 2118 1874 ore
2150 1821 2421 1891 corporis,
2452 1821 2559 1875 hoc
2589 1837 2720 1875 vere
2742 1821 2801 1875 in
2831 1822 2991 1875 omni
3020 1823 3203 1877 fructu
3251 1829 3307 1877 et
3352 1824 3552 1878 effectu
3585 1826 3715 1879 ani-

2024 1926 2133 1963 mas
2163 1910 2434 1980 propitio,
2468 1915 2691 1964 remoto
2742 1916 2797 1963 et
2820 1911 3155 1980 postposito.
3230 1912 3367 1966 Ecca
3414 1919 3550 1967 sunt
3592 1930 3719 1967 con-

2024 2002 2187 2066 cepta
2218 1997 2390 2051 verba
2420 1998 2599 2052 sancti
2648 1998 2955 2068 Augustini
2986 2015 3113 2069 quae
3164 2000 3418 2069 prodidit
3467 2001 3720 2055 [tetram-

2024 2101 2154 2154 nus,
2186 2090 2447 2155 excerpta
2487 2103 2553 2139 ex
2605 2085 2959 2155 expositione
3010 2086 3070 2139 in
3121 2086 3489 2155 Evangelium
3538 2087 3717 2140 sancti

2021 2176 2255 2230 Joannis
2288 2192 2300 2229 :
2328 2176 2511 2241 «Quid
2527 2182 2629 2242 est,
2654 2178 2885 2245 spiritus
2906 2181 2955 2229 et
2984 2179 3100 2230 vita
3128 2180 3296 2230 sunt?
3332 2177 3719 2246 Spiritualiter

2024 2263 2400 2335 intelligenda
2432 2269 2586 2319 sunt.
2641 2264 2969 2318 intellexisti
3025 2264 3439 2334 spiritualiter?
3482 2265 3718 2336 spiritus

2025 2358 2083 2406 et
2135 2353 2248 2407 vita
2305 2357 2459 2406 sunt.
2514 2352 2846 2407 Intellexisti
2897 2352 3243 2407 carnaliter?
3298 2353 3471 2407 etiam
3516 2354 3596 2407 sic
3622 2354 3719 2408 illa

2026 2440 2265 2511 spiritus
2298 2445 2355 2494 et
2383 2441 2497 2494 vita
2527 2446 2678 2507 sunt,
2713 2442 2807 2495 sed
2837 2441 2940 2494 tibi
2972 2457 3087 2494 non
3121 2446 3269 2495 sunt.
3306 2463 3333 2490 »
3389 2443 3467 2495 Ex
3498 2442 3584 2496 his
3613 2458 3717 2512 pa-

2025 2534 2104 2584 tet
2133 2534 2327 2600 aperte
2374 2534 2668 2583 auctorem
2730 2534 2986 2583 nostrum
3035 2530 3191 2583 aliud
3245 2530 3303 2584 in
3347 2535 3537 2585 mente
3599 2546 3718 2584 non

2023 2617 2287 2672 habuisse
2336 2634 2464 2672 cum
2521 2618 2720 2671 ﬁdeles
2752 2634 2848 2671 eos
2900 2618 3149 2688 appellat
3204 2621 3303 2689 qui
3359 2620 3615 2683 credunt,
3661 2623 3719 2672 et

2026 2722 2321 2777 nunquam
2372 2706 2559 2767 aliter,
2604 2723 2698 2759 eos
2738 2706 2838 2777 qui
2892 2707 3180 2772 recipiunt
3224 2723 3432 2776 corpus
3483 2706 3710 2771 Christi,

2029 2793 2135 2847 nisi
2164 2800 2228 2849 ut
2256 2794 2454 2848 ﬁdeles
2489 2800 2545 2849 et
2565 2795 2879 2861 credentes,
2913 2811 3045 2865 erga
3070 2811 3213 2867 quos
3251 2794 3483 2866 spiritus
3515 2801 3573 2849 et
3602 2796 3713 2849 vita

2025 2888 2108 2937 est
2142 2890 2196 2938 et
2226 2884 2562 2938 alimentum
2595 2885 2817 2950 animae,
2866 2884 3007 2939 illud
3034 2900 3162 2938 cum
3206 2883 3392 2938 fructu
3425 2888 3481 2938 et
3513 2884 3715 2938 etfectu

2024 2972 2323 3043 recepisse.
2364 2973 2748 3037 Quamobrem
2780 2990 3079 3044 nunquam
3110 2972 3253 3028 dixit
3282 2973 3455 3028 ﬁdem
3487 2973 3713 3027 efﬁcere

2025 3077 2231 3132 corpus
2262 3061 2470 3116 Christi
2503 3062 2653 3132 quod
2679 3077 2777 3115 ore
2810 3066 2866 3115 et
2910 3062 3014 3115 rite
3061 3061 3413 3131 percipimus
3444 3062 3502 3115 in
3553 3076 3712 3115 sacro

2026 3148 2429 3213 Eucharistico,
2464 3149 2559 3201 sed
2592 3164 2621 3200 e
2651 3154 2849 3201 contra
2877 3154 2934 3201 et
2960 3164 3027 3201 ex
3057 3149 3313 3214 adverso,
3350 3150 3459 3202 hoc
3507 3164 3715 3218 corpus

2024 3236 2460 3305 esse'objectum
2492 3236 2645 3301 ﬁdei,
2675 3236 2753 3289 ibi
2784 3252 2903 3289 esse
2948 3236 3197 3307 positum
3230 3252 3329 3291 seu
3362 3237 3705 3289 collocatum

2023 3324 2247 3395 potenti
2274 3325 2480 3379 virtute
2513 3325 2756 3395 Spiritus
2808 3326 3008 3393 sancti,
3042 3330 3097 3379 et
3125 3325 3189 3379 ﬁt
3231 3325 3569 3378 alimentum
3597 3324 3715 3378 ani-

2026 3429 2135 3467 ma:
2166 3418 2397 3479 nostrae,
2430 3413 2519 3467 cui
2552 3418 2781 3467 aeterna:
2839 3414 2970 3467 vitae
3017 3413 3395 3467 substantiam
3435 3411 3713 3466 submini-

2024 3507 2181 3557 strat.
2228 3503 2316 3565 Ut,
2348 3502 2536 3574 inquit
2566 3503 2934 3568 Ratramnus,
2970 3518 3210 3556 numero
3238 3503 3305 3557 54
3342 3517 3355 3555 :
3390 3522 3411 3549 ι
3447 3503 3543 3555 Est
3580 3517 3715 3572 ergo

2024 3590 2262 3646 interius
2293 3595 2708 3646 commutatum
2741 3591 2989 3661 Spiritus
3017 3590 3437 3661 sanctipotenti
3478 3591 3708 3655 virtute,

2025 3680 2179 3750 quod
2212 3680 2353 3735 ﬁdes
2383 3680 2605 3749 aspicit,
2642 3680 2894 3733 animam
2926 3679 3124 3750 pascit,
3155 3685 3385 3733 (eterna:
3426 3679 3553 3733 vita:
3584 3678 3714 3732 sub-

2024 3768 2289 3823 stantiam
2322 3768 2737 3823 subministrat.
2772 3790 2798 3817 ››
2824 3770 2886 3822 1n
2912 3785 3037 3822 cum
3068 3769 3247 3822 sancti
3264 3768 3566 3839 Augustini
3598 3783 3716 3820 sen-

2024 3857 2261 3912 tentiam
2308 3857 2476 3911 ivisse
2555 3857 2781 3909 videtur
2827 3864 3023 3927 aperte
3084 3858 3417 3911 Anastasius
3472 3856 3710 3923 Sinaita,

2024 3947 2323 4016 episcopus
2371 3945 2763 4002 Antioehcnus
2816 3946 2917 4015 qui
2977 3962 3006 3999 e
3060 3946 3201 3999 vivis
3252 3946 3509 4000 discessit
3562 3962 3712 3999 anno

2025 4035 2233 4090 Christi
2266 4038 2388 4099 599,
2441 4035 2588 4088 libro
2641 4050 2714 4088 xu
2774 4033 3207 4088 Meditationum
3254 4034 3711 4104 Anagogicarum

2025 4123 2085 4177 in
2124 4124 2559 4189 Hexaemerum,
2605 4139 2850 4193 quarum
2889 4124 3114 4177 Grmcus
3162 4128 3350 4177 textus
3391 4122 3712 4196 αὐτογράφος

2024 4214 2175 4284 typis
2206 4214 2468 4283 vulgatus
2498 4217 2582 4266 est
2611 4212 2923 4283 primulum
2958 4210 3220 4273 Londini,
3254 4211 3449 4265 Latine
3478 4228 3714 4266 conver-

2025 4319 2119 4356 sus
2167 4318 2195 4355 a
2236 4301 2549 4356 clarissimo
2595 4301 2716 4354 viro
2763 4306 2819 4353 et
2872 4299 3229 4362 doctissimol
3262 4299 3516 4353 Dacierio
3564 4314 3715 4353 anno

218 4389 382 4443 ribus
409 4390 653 4443 saeculis.
707 4391 847 4444 Cum
900 4391 1211 4461 praesertim
1266 4391 1336 4445 ab
1377 4390 1646 4445 omnibus
1690 4390 1913 4444 intelle-
1946 4397 1987 4451 D
2034 4393 2185 4455 1682,
2219 4391 2277 4444 in
2305 4407 2419 4461 quo
2450 4390 2529 4443 ait
2550 4390 2670 4443 haec
2699 4389 2869 4442 verba
2912 4388 3207 4459 Evangelii
3253 4387 3434 4442 sancti
3481 4387 3715 4442 Joannis

216 4482 376 4531 ctum
410 4478 482 4532 iri
532 4494 648 4531 non
686 4478 945 4533 dubitem
1002 4496 1069 4533 ex
1131 4480 1244 4534 ﬁne
1287 4480 1459 4550 hujus
1501 4480 1807 4551 praeloquii
1846 4480 1917 4533 ad

218 4582 432 4620 novam
484 4567 799 4621 editionem
857 4573 913 4621 et
960 4573 1283 4623 accuratam
1339 4569 1466 4623 libri
1523 4568 1818 4623 Ratramni
1848 4569 1916 4623 de

215 4670 460 4724 corpore
501 4661 559 4709 et
589 4656 869 4725 sanguine
919 4657 1126 4712 Christi
1178 4658 1437 4729 praedicti
1480 4674 1653 4729 quam
1710 4659 1916 4712 falsum

215 4741 301 4795 sit
331 4742 494 4797 hosce
524 4744 671 4798 duos
712 4744 1017 4815 scriptores
1066 4745 1134 4799 de
1179 4746 1505 4800 adoratione
1556 4745 1916 4799 eucharistia:

216 4832 441 4885 nullam
473 4833 831 4888 mentionem
861 4834 1083 4899 fecisse,
1117 4850 1245 4888 cum
1278 4851 1342 4889 ex
1370 4835 1604 4889 adverso
1640 4840 1914 4905 tanquam

215 4922 461 4975 ascesim
486 4921 557 4975 ab
590 4922 857 4977 universa
905 4923 1151 4978 Ecclesia
1186 4924 1380 4979 Latina
1425 4938 1710 4995 receptam
1746 4923 1915 4979 fuisse

210 5007 581 5064 abundanter
612 5016 852 5065 constet.

294 5097 551 5153 Secunda
573 5099 845 5169 cogitatio
877 5116 980 5155 seu
1032 5101 1325 5156 meditatio
1358 5101 1605 5171 primam
1656 5117 1773 5156 non
1805 5118 1915 5155 an-

208 5187 450 5241 tecellit.
480 5189 544 5242 In
594 5204 664 5242 eo
720 5189 905 5259 posita
962 5195 1068 5255 est,
1126 5191 1337 5245 scilicet
1386 5191 1763 5245 Ratramnum
1819 5208 1915 5245 eos

206 5276 506 5344 appellare
538 5292 770 5347 semper
798 5276 992 5331 ﬁdeles
1021 5277 1119 5348 qni
1157 5295 1363 5348 corpus
1394 5278 1602 5333 Christi
1634 5280 1738 5333 rite
1783 5280 1916 5333 reci-

202 5362 385 5431 pinnt
413 5364 519 5418 sibi
551 5364 609 5417 in
642 5365 880 5419 ecclesia
908 5366 1392 5433 administratum,
1426 5368 1512 5422 vel
1564 5384 1761 5422 verum
1793 5384 1913 5424 esse

207 5450 474 5505 credunt.
510 5453 583 5506 Ex
628 5452 738 5506 hoc
790 5452 946 5508 enim
978 5453 1093 5508 duo
1156 5461 1527 5509 consectanea
1576 5457 1916 5510 naturaliter

205 5535 527 5590 observat:
561 5540 645 5604 _l°
693 5536 906 5591 scilicet
952 5543 1208 5608 tempore
1258 5540 1554 5594 Ratramni
1592 5540 1913 5595 incredulos

206 5629 274 5677 et
306 5622 525 5695 iniquos
560 5624 835 5683 homines
867 5642 983 5687 non
1015 5626 1296 5698 recepisse
1336 5643 1541 5699 corpus
1581 5629 1793 5684 Christi
1825 5646 1914 5683 ve-

2024 4479 2205 4549 capite
2238 4495 2312 4544 vn,
2344 4494 2489 4532 vers.
2516 4481 2581 4531 57
2621 4478 2681 4546 ;;‹‹
2715 4477 2823 4541 Qui
2855 4477 3159 4531 manducet
3188 4493 3373 4531 meam
3407 4493 3636 4531 carnem
3658 4481 3716 4529 et

2026 4567 2170 4621 bibit
2205 4583 2394 4620 meum
2431 4566 2791 4635 sanguinem,
2826 4566 2885 4619 iu
2919 4582 3008 4619 me
3044 4570 3237 4619 manet
3262 4571 3316 4619 et
3346 4581 3453 4636 ego
3480 4565 3539 4619 in
3571 4582 3656 4631 eo,
3684 4586 3711 4613 ››

2027 4671 2145 4709 non
2180 4654 2424 4724 intelligi
2452 4654 2522 4707 de
2554 4670 2725 4707 carne
2784 4653 2992 4707 visibili
3021 4659 3078 4708 et
3121 4654 3402 4723 sanguine
3452 4653 3714 4707 sensibus

2024 4743 2307 4815 subjecto;
2356 4741 2572 4813 quippe
2627 4758 2756 4796 cum
2808 4742 2981 4796 Judas
3036 4746 3093 4796 et
3146 4742 3301 4796 Simo
3356 4743 3569 4811 Magus,
3614 4741 3714 4811 qui

2024 4849 2229 4903 corpus
2256 4836 2313 4886 et
2341 4831 2679 4902 sanguinem
2712 4830 2919 4885 Christi
2960 4830 3323 4884 Eucharistias
3355 4845 3419 4883 ex
3463 4846 3611 4899 pane
3657 4833 3714 4881 et

2024 4921 2197 4975 calice
2219 4925 2578 4992 receperunt,
2612 4935 2728 4973 non
2759 4919 3181 4989 permanserint
3207 4919 3269 4972 in
3318 4918 3539 4972 Christo
3582 4919 3711 4971 Jesu

2022 5026 2211 5081 neque
2242 5010 2499 5065 Christus
2528 5008 2587 5063 in
2619 5010 2721 5074 eis,
2754 5008 2861 5062 hoc
2894 5013 2979 5062 est
3021 5008 3234 5080 absque
3265 5009 3452 5061 fructu
3486 5008 3711 5073 recepto

2024 5098 2440 5152 communionis
2480 5097 2586 5151 sibi
2628 5097 3065 5151 administratae.
3106 5100 3253 5167 Λέγει
3281 5097 3379 5166 γὰρ
3417 5090 3709 5149 ἀκολούθως

2023 5190 2048 5237 ο
2080 5190 2205 5247 Θεὸς
2248 5191 2430 5256 Λόγος·
2463 5192 2519 5236 Ὀ
2552 5191 2760 5260 τρωγών
2808 5205 2907 5257 μου
2939 5189 3028 5243 τὴν
3071 5185 3259 5259 σάρκα,
3294 5186 3379 5232 καὶ
3416 5185 3571 5230 πίνων
3610 5198 3709 5249 μου

2021 5278 2078 5326 τὸ
2124 5275 2271 5345 αἱμα,
2318 5274 2365 5326 ἐν
2413 5269 2724 5346 ἐμοί’μένει,
2777 5279 2863 5325 καὶ
2909 5274 3006 5344 ἐγὼ
3048 5272 3097 5324 ἐν
3150 5272 3309 5339 αὐτῷ’
3352 5268 3408 5318 οὐ
3455 5270 3571 5340 περὶ
3616 5274 3708 5327 τῆς

2022 5365 2276 5436 operae-rh;
2328 5363 2514 5436 σαρκὸς
2562 5368 2647 5414 καὶ
2696 5368 2912 5435 αἵματος
2963 5362 3112 5431 λέγει.
3165 5355 3418 5410 Μετέλαϐε
3471 5358 3572 5429 γὰρ
3624 5360 3711 5407 καὶ

2021 5449 2221 5513 Ἰούδας
2251 5456 2335 5503 καὶ
2374 5457 2538 5523 Σίμων
2570 5454 2594 5504 ὁ
2636 5459 2811 5523 Mar/0;
2842 5455 2932 5502 τοῦ
2967 5454 3203 5520 σώματος
3238 5449 3324 5495 καὶ
3368 5450 3459 5497 τοῦ
3493 5446 3711 5516 αἳματος

2022 5550 2113 5603 τῆς
2148 5542 2524 5615 Εὐχαριστίας,
2555 5549 2643 5592 τοῦ
2677 5543 2834 5614 ἄρτου
2861 5543 2946 5588 καὶ
2976 5544 3065 5588 τοῦ
3096 5539 3367 5609 ποτηρίου,
3401 5534 3507 5588 ἀλλ’
3536 5535 3594 5586 οὐ
3625 5552 3711 5583 κα-

2022 5635 2271 5693 τώκησεν,
2313 5627 2436 5682 οὐδέ
2477 5637 2724 5701 μεμνὴκεν
2753 5628 2802 5679 ἐν
2840 5626 3013 5686 αὐτοῖς
3044 5628 3069 5677 ὁ
3110 5626 3363 5701 Χριστὸς,
3396 5622 3519 5678 οὑδέ
3561 5623 3709 5675 αὐτοί
