4138 6186
454 368 550 423 123
1576 361 1902 417 ltA'l‘ltAMN
1911 361 1931 414 Ι
1969 361 2141 417 LORB

2254 358 2426 413 nusrs
2465 355 2773 413 MONACHI
3842 368 3897 416 12
3908 366 3932 417 ι

443 498 494 549 ἓν
524 494 1002 567 αὑτῷ.οιιὶεθιιὶσι
1030 492 1251 547 dubitet
1273 492 1413 563 quin
1443 490 1531 545 hic
1554 489 2136 560 sitsensusgcnuinus
2165 494 2208 545 Α

444 585 726 639 Anastasii
753 582 891 647 etin
919 583 1181 636 suasione
1208 580 1379 634 fuerit
1398 579 1633 649 indigne
1656 579 2029 649 suscipientes
2042 579 2136 632 ho-

446 675 628 727 mines
660 690 859 742 pravos
882 670 1353 725 communionem
1385 668 1643 739 corporis
1666 667 1874 723 Christi
1905 684 2135 721 carnem

447 778 638 816 veram
657 768 714 814 et
736 758 1284 831 sanguinemjverum
1301 774 1396 811 ore
1411 757 1704 827 percipere
1733 773 1743 809 :
1771 757 1982 827 quippe
2006 772 2136 809 cum

444 850 715 904 anteriori
749 850 882 903 dicti
915 848 1045 902 libri
1076 847 1213 900 folio
1244 846 1483 916 indigne
1524 846 1860 915 recipientes
1892 863 1925 899 a
1964 844 2136 915 digne

446 938 851 1008 recipientibus
867 937 921 989 in
938 955 1004 990 eo
1021 937 1051 989 d
1064 936 1339 1005 istinguat
1352 940 1405 987 et
1420 934 1775 988 discriminat
1797 934 1949 1005 quod
1965 934 2137 1004 digne

444 1026 780 1095 recipientes
807 1025 863 1077 in
896 1030 1176 1077 aeternum
1219 1039 1333 1076 non
1367 1023 1698 1086 morientur,
1736 1022 1831 1076 alii
1865 1038 1993 1076 vero
2022 1023 2137 1077 sive

448 1114 603 1176 mali,
637 1112 857 1182 impiati
890 1128 952 1164 ac
993 1110 1328 1167 criminibus
1374 1110 1685 1180 inquinati,
1719 1116 1776 1164 et
1816 1115 2133 1175 terrestres,

447 1203 625 1255 solam
655 1216 884 1254 carnem
935 1205 1262 1252 terrestrem
1312 1205 1369 1252 et
1416 1200 1755 1269 sanguinem
1806 1198 2012 1253 Christi
2044 1216 2136 1251 su-

445 1289 687 1359 scipicnt
737 1305 748 1341 :

444 1380 624 1447 γηίνης
670 1382 776 1449 μίν,
830 1381 916 1427 καὶ
950 1380 1106 1448 μόνης
1152 1380 1340 1449 σαρκὸς
1388 1383 1476 1426 τοῦ
1526 1382 1756 1449 Χριστοῦ
1796 1375 2139 1447 pst-eimagi-

810 1290 875 1339 Οἱ
928 1284 985 1339 δὲ
1033 1290 1188 1358 γείνοι
1235 1291 1321 1339 καὶ
1370 1289 1435 1338 τὰ
1485 1290 1638 1357 γηίνα
1688 1296 1997 1361 superata-reg,
2046 1296 2136 1347 τῆς

444 1485 618 1517 νουσιν
648 1464 916 1538 τολμηρῶς
944 1468 1029 1514 καὶ
1059 1462 1297 1525 ἁναξίώς.
1335 1485 1359 1513 α
1393 1464 1498 1527 Qui
1539 1481 1668 1517 vero
1700 1465 1911 1517 terreni
1943 1470 1997 1517 et.
2027 1470 2138 1518 ter-

445 1570 582 1608 rena
611 1553 896 1623 sapientes
944 1552 1230 1623 recipiunt
1270 1553 1542 1606 audacter
1589 1557 1645 1605 et
1692 1553 1927 1623 indigne
1958 1554 2138 1607 solam

444 1657 673 1695 carnem
733 1645 1059 1695 terrestrem
1116 1640 1345 1695 Christi.
1376 1661 1404 1688 ››
1470 1641 1728 1694 Fortasse
1790 1641 2137 1712 quibusdam

444 1745 561 1783 non
591 1728 871 1799 imperitis
903 1728 1035 1782 viris
1067 1745 1168 1782 nec
1202 1728 1636 1782 inconsideratis
1684 1736 1906 1798 parum;
1929 1747 2135 1800 oppor-

443 1821 581 1871 tuna
621 1816 906 1870 videbitur
956 1817 1233 1886 digressio
1280 1833 1379 1870 seu
1426 1833 1693 1871 excursus
1747 1818 1837 1871 hic
1891 1834 1923 1871 a
1973 1819 2136 1872 nobis

443 1904 626 1957 efﬁeri
674 1904 741 1958 de
796 1905 1046 1958 editione
1114 1905 1531 1960 Graeco-Latina
1592 1922 1623 1959 a
1682 1906 2137 1960 Protestantibus

442 1998 766 2062 procurata,
800 2009 948 2046 anno
986 1996 1136 2058 l68'2,
1171 1993 1429 2064 praedicti
1471 1994 1798 2047 duodecimi
1855 1994 1987 2047 libri
2019 1996 2138 2049 Me-

444 2080 792 2135 ditationnm
839 2082 1126 2134 Anastasii
1176 2082 1245 2135 ad
1277 2082 1451 2135 ﬁdem
1501 2082 1711 2134 codicis
1761 2083 2138 2153 manuscripti

446 2168 804 2222 bibliothecas
841 2168 1078 2237 celebris
1112 2169 1362 2222 ministri
1406 2171 1646 2223 senioris
1696 2171 2140 2225 Charentoniani

444 2256 678 2310 Joannis
701 2257 919 2322 Dalleei,
953 2273 1125 2328 quem
1160 2258 1219 2311 in
1250 2258 1659 2313 bibliothecam
1710 2259 1944 2313 illustris
1976 2260 2139 2329 regni

447 2344 770 2400 administri
820 2346 1069 2400 Colberti
1103 2348 1435 2402 translatam
1486 2347 1659 2401 fuisse
1699 2348 2047 2416 existimant,
2080 2349 2140 2402 in

447 2434 856 2504 investigandis
887 2435 1045 2488 libris
1070 2435 1320 2506 antiquis
1352 2436 1457 2489 viri
1501 2436 1707 2490 curiosi
1747 2442 1801 2491 et
1847 2437 2136 2507 applicati.

450 2522 556 2576 Sed
588 2522 929 2593 obsequioso
980 2524 1208 2577 silentio
1268 2526 1703 2594 praetermittere
1758 2541 1877 2579 non
1907 2541 2142 2596 possum

448 2615 740 2664 auctorem
769 2610 1064 2676 versionis,
1099 2611 1196 2681 qui
1228 2612 1295 2665 de
1339 2613 1548 2667 Griecis
1578 2613 1743 2666 bonis
1787 2612 2011 2683 scripsit
2040 2614 2140 2667 La—

448 2698 568 2752 tine
596 2716 710 2754 non
735 2701 1003 2768 deterius,
1038 2702 1224 2756 virum
1252 2702 1539 2772 insignem
1573 2702 1793 2756 meritis
1851 2702 2144 2757 litterariis

450 2786 658 2841 Graecis
678 2794 733 2842 et
765 2789 977 2843 Latinis
1011 2795 1067 2843 et
1097 2791 1595 2845 commendatione
1627 2790 1876 2860 plurima
1905 2792 2143 2860 dignum

451 2876 599 2944 apud
627 2892 829 2930 omnes
862 2878 1272 2948 antiquitatum
1324 2879 1779 2948 investigatores,
1814 2879 2002 2932 nescio
2031 2896 2146 2950 qua

447 2964 689 3031 ratione,
723 2983 753 3018 a
792 2966 971 3019 Graeci
1004 2972 1189 3020 textus
1220 2967 1546 3020 sinceritate
1579 2967 1914 3034 declinasse,
1966 2968 2049 3021 uti
2077 2984 2145 3021 ex

448 3052 538 3105 his
568 3052 892 3123 intelligere
924 3070 1149 3108 necesse
1192 3060 1275 3107 est
1311 3055 1487 3128 οὗπερὶ
1518 3064 1609 3116 τῆς
1655 3056 1912 3129 ὁρωμένης
1955 3060 2141 3129 σαρκὸς

450 3144 536 3191 καὶ
566 3143 783 3212 αἵματος
815 3141 963 3209 λέλει,
998 3159 1126 3211 quae
1157 3144 1237 3197 sic
1265 3144 1461 3198 Latine
1491 3145 1678 3198 reddit
1710 3162 1722 3199 :
1758 3147 1878 3201 Non
1908 3146 1973 3198 de
2002 3161 2145 3215 pra:-

450 3226 598 3280 senti
630 3243 790 3281 carne
818 3233 868 3281 et
892 3233 1155 3297 sanguine
1184 3233 1383 3299 pergit,
1438 3237 1500 3285 ut
1546 3231 1938 3301 intelligamus
1986 3236 2142 3285 Ana-

449 3314 685 3368 stasium
720 3331 835 3368 non
886 3319 1177 3385 reputasse
1212 3325 1311 3371 aut
1359 3320 1665 3373 credidisse
1725 3320 2014 3374 Christum
2056 3321 2143 3374 his

447 3403 735 3472 conceptis
764 3404 951 3457 verbis
984 3407 1272 3475 Evangelii
1303 3408 1480 3460 sancti
1501 3408 1765 3461 Joannis:
1793 3430 1818 3456 ‹‹
1849 3408 2143 3477 Οιιὶξωεῑι-

448 3489 617 3543 ducat
655 3507 839 3545 meam
881 3508 1131 3558 carnem,
1175 3499 1231 3547 et
1275 3494 1422 3547 bibit
1454 3511 1646 3548 meum
1687 3497 2051 3566 sanguinem,
2085 3495 2144 3549 in

448 3592 539 3630 me
572 3583 763 3631 manet
784 3582 839 3631 et
858 3596 963 3647 ego
993 3579 1053 3632 in
1084 3580 1203 3645 illo,
1232 3602 1258 3629 ››
1291 3582 1579 3649 appulisse
1607 3582 1865 3637 animum
1898 3590 1960 3637 ut
1983 3601 2143 3637 men-

448 3666 662 3721 tionem
689 3666 902 3721 faceret
938 3684 1087 3722 verm
1119 3670 1440 3738 praesentia:
1482 3672 1598 3724 veri
1627 3672 1883 3742 corporis
1937 3673 2144 3727 Christi

448 3754 508 3807 in
535 3755 918 3809 eucharistia:
975 3774 1106 3810 cum
1168 3774 1367 3811 sensus
1421 3760 1704 3813 Anastasii
1754 3762 1827 3814 sit
1882 3767 2143 3815 sanctum

445 3842 724 3895 Joannem
756 3859 886 3897 cum
918 3843 1141 3897 Christo
1178 3844 1421 3898 Domino
1453 3863 1518 3899 eo
1548 3848 1657 3900 luci
1688 3863 1805 3900 non
1832 3849 2143 3902 attendisse

450 3938 548 3984 aut
571 3935 851 4000 spectasse
882 3948 1111 3985 carnem
1143 3938 1199 3985 et
1228 3934 1567 4003 sanguinem
1603 3936 1885 3990 visibilem
1925 3942 1981 3991 et
2012 3954 2142 3991 sen-

451 4018 606 4071 sibus
669 4019 1005 4087 subjectam,
1066 4021 1327 4089 quamvis
1387 4030 1728 4092 praesentem
1790 4042 1988 4079 revera
2043 4043 2142 4080 seu

450 4107 695 4171 reatiter;
760 4123 933 4176 quam
993 4124 1114 4161 esse
1166 4109 1444 4164 sinceram
1504 4111 1826 4167 doctrinam
1883 4115 2144 4169 Ecclesia:

451 4192 738 4245 catholicae
770 4210 886 4247 non
917 4195 1156 4249 dubium
1187 4203 1292 4252 est.
1332 4198 1509 4252 Nemo
1530 4200 1680 4254 ﬁdus
1711 4200 1992 4272 interpres
2024 4204 2145 4257 haec

452 4278 626 4331 verba
655 4279 833 4332 sancti
863 4281 1095 4335 Joannis
1135 4284 1520 4352 Chrysostomi
1572 4302 1639 4339 ex
1687 4286 1925 4340 homilia
1964 4291 2052 4351 73,
2086 4289 2143 4342 in

450 4382 571 4436 cap.
596 4382 687 4419 xxv
718 4369 896 4421 sancti
925 4370 1179 4436 Joannis,
1206 4378 1421 4441 vers.7,
1445 4377 1575 4434 Τοὺς
1605 4378 1694 4445 μέν
1722 4378 1820 4449 γὰρ
1853 4378 2138 4450 ὁρωμένους
2173 4385 2214 4437 Ι)

453 4450 719 4526 δυνάμεθα
764 4460 849 4506 καὶ
897 4457 1018 4530 ὀροῖν
1049 4462 1134 4509 καὶ
1182 4457 1399 4529 ἀγνοεῖν,
1435 4462 1522 4514 his
1574 4463 1789 4517 Latinis
1840 4465 2090 4518 reddidit.
2128 4480 2140 4517 Ξ

456 4567 474 4589 ιι
514 4543 614 4597 Eos
644 4544 796 4597 enim
838 4545 937 4614 qui
978 4554 1289 4615 praesentes
1329 4553 1462 4601 sunt
1509 4566 1812 4620 possumus
1862 4551 2055 4605 videre
2090 4556 2147 4605 et

449 4630 747 4700 ignorare;
777 4634 911 4686 sed:
949 4635 1050 4686 Eos
1092 4651 1236 4704 quos
1282 4637 1542 4691 videmus
1607 4655 1909 4709 possumus
1951 4640 2145 4694 videre

450 4724 507 4772 et
545 4719 832 4788 ignorare.
871 4743 897 4769 ››
949 4722 1137 4775 Fidem
1180 4724 1397 4778 faciunt
1442 4743 1643 4780 omnes
1690 4727 2016 4781 dictionarii
2049 4744 2144 4781 co-

450 4808 601 4862 dices
632 4814 687 4862 et
720 4808 893 4863 toxica
922 4812 1132 4875 Graeca,
1166 4817 1222 4865 et
1252 4821 1516 4884 quoqnot
1548 4822 1683 4869 sunt
1726 4815 1831 4868 viri
1888 4816 2143 4884 litterati,

449 4902 505 4951 et
536 4897 799 4951 homines
831 4898 1031 4967 primis
1059 4900 1358 4955 elementis
1398 4903 1575 4956 Graeci
1605 4903 1891 4958 idiomatis
1918 4904 2143 4971 imbuti,

449 4986 685 5039 verbum
725 4991 991 5058 Ὀραωμαι
1041 4988 1364 5057 signiﬁcare
1440 4991 1645 5057 videor,
1718 4998 1777 5045 et.
1852 5008 2145 5063 nunquam

444 5087 685 5141 praesens
724 5088 875 5138 sum;
926 5080 1142 5148 "opma;
1178 5084 1343 5129 sonat
1388 5080 1668 5143 visionem,
1708 5079 2143 5147 praedictionem;

451 5165 719 5233 Ἃορατος,
770 5164 1096 5218 inuisibilem
1136 5170 1193 5217 et
1226 5180 1339 5217 non
1384 5166 1672 5221 absentem.
1706 5167 1896 5237 Longe
1958 5170 2147 5223 scien-

450 5247 531 5301 tia
569 5252 760 5305 Graeca
805 5251 1105 5306 inferiores
1162 5253 1415 5307 Dacierio
1477 5256 1594 5309 suis
1643 5256 2147 5313 Observationibus

451 5336 659 5391 criticis
723 5341 792 5393 ad
864 5340 1185 5410 Longinum
1229 5346 1349 5414 Περὶ
1378 5342 1599 5412 ὔπψους,
1636 5345 1855 5399 Horatii
1904 5347 2050 5401 Odas
2090 5352 2146 5402 et

455 5425 701 5491 Festum,
735 5428 787 5480 id
823 5430 1009 5485 sciunt
1040 5430 1250 5501 quibus
1280 5446 1293 5484 :

1288 5554 1421 5602 Dant
1450 5554 1682 5604 crustula
1714 5556 1896 5605 blandi

636 5612 903 5671 Doctores,
929 5613 1188 5665 elementa
1218 5616 1381 5665 velint
1406 5620 1462 5665 ut
1485 5616 1683 5667 discere
1707 5619 1892 5681 prima.

2324 488 2434 540 Nec
2467 485 2764 541 dubitandi
2796 485 2953 540 locus
3003 487 3233 542 relictus
3283 494 3366 544 est
3413 489 3553 561 quin
3612 491 3856 548 libenter
3884 512 3937 560 ει

2244 579 2449 645 Sponte
2484 591 2677 628 verum
2711 575 2864 646 quod
2900 580 2986 629 est
3014 581 3069 630 et
3095 582 3360 647 apertum
3409 582 3803 649 recognoverit
3834 585 3939 636 cla-

2245 663 2502 717 rissimus
2535 670 2593 716 et
2625 663 3060 718 honestissimus
3113 667 3399 734 Dacerius,
3433 685 3562 722 cum
3616 671 3937 740 praesertim

2245 752 2669 823 superstitionis
2719 752 3065 808 Calvinianze
3095 755 3372 810 fascinum
3424 758 3644 812 sincere
3678 764 3732 812 et
3763 760 3941 814 ﬁdeli-

2247 846 2332 895 ter
2362 842 2409 911 ej
2422 858 2451 893 u
2463 842 2687 894 raverit.

2314 932 2438 985 Jam
2470 932 2540 985 ad
2575 930 2798 985 tertiam
2832 931 3239 1001 cogitationem
3275 938 3330 987 et
3371 934 3803 989 meditationem
3849 935 3935 989 in-

2248 1020 2509 1089 terpretis
2546 1019 2840 1074 Hatramni
2884 1021 3302 1090 procedamus:
3358 1038 3486 1092 quae
3537 1040 3666 1076 cum
3718 1024 3942 1077 diversa

2248 1108 2482 1162 nomina
2513 1108 2867 1162 eucharistize
2899 1109 3064 1161 variis
3107 1111 3461 1180 temporibus
3488 1129 3519 1165 a
3569 1112 3809 1166 diversis
3849 1130 3937 1167 re-

2246 1196 2480 1265 gionum
2513 1206 2568 1251 et
2600 1199 2896 1267 plagarum
2921 1197 3075 1251 orbis
3102 1200 3409 1252 Christiani
3432 1200 3632 1254 incolis
3664 1202 3936 1271 imposita

2246 1290 2519 1355 spectent,
2552 1286 2695 1339 nihil
2728 1291 2893 1339 recta:
2926 1286 3128 1340 rationi
3162 1304 3398 1341 concors
3447 1297 3545 1342 aut
3589 1290 3936 1344 conveniens

2250 1390 2317 1427 ex
2349 1391 2415 1427 ea
2445 1375 2645 1428 deduci
2675 1380 2865 1445 potest
2903 1377 3170 1429 adversus
3227 1378 3485 1432 Ecclesiae
3532 1378 3802 1432 Romanae
3837 1381 3937 1433 do-

2246 1462 2487 1515 ctrinam
2525 1478 2537 1515 :
2572 1478 2700 1515 cum
2734 1462 2970 1531 insuper
3001 1464 3297 1518 materiam
3331 1466 3580 1536 amplam
3609 1468 3939 1537 suppedita-

2246 1554 2332 1602 ret
2358 1549 2425 1602 ad
2463 1549 2674 1603 librum
2709 1550 3018 1619 integrum,
3047 1551 3093 1603 si
3122 1552 3190 1605 de
3230 1568 3427 1606 eorum
3482 1556 3783 1608 nominum
3824 1556 3939 1608 ori-

2246 1636 2376 1705 gine
2406 1637 2732 1691 faciendum
2764 1654 2909 1708 opus
2943 1639 3391 1708 aggrederemur
3420 1645 3475 1694 et
3524 1642 3843 1705 ostendere,
3880 1646 3941 1695 ut

2246 1725 2410 1780 facile
2442 1733 2611 1792 esset,
2646 1727 2915 1797 imposita
2949 1728 3002 1781 ei
3034 1728 3209 1782 fuisse
3240 1729 3359 1783 haec
3382 1730 3616 1784 nomina
3644 1749 3673 1784 a
3704 1731 3839 1789 viris
3867 1732 3938 1786 de

2248 1814 2366 1867 veri
2421 1815 2676 1885 corporis
2724 1815 2929 1869 Christi
2985 1815 3044 1869 in
3088 1817 3429 1873 eucharistia
3479 1820 3782 1889 praasentia
3836 1837 3940 1875 seu

2242 1904 2492 1956 realitate
2522 1920 2636 1957 non
2686 1904 3102 1959 dubitantibus.
3138 1905 3244 1960 Sed
3295 1906 3384 1960 bis
3433 1908 3682 1978 amplius
3722 1908 3938 1962 immo-

2246 1991 2361 2044 rari
2388 2008 2500 2044 non
2524 1992 2703 2061 juvat.
2738 1992 3013 2063 Adeoque
3055 1994 3188 2047 huic
3234 1995 3559 2063 praefationi
3603 2013 3701 2051 seu
3770 1997 3946 2051 histo-

2247 2080 2347 2133 riae
2378 2080 2512 2133 libri
2562 2081 2861 2135 Ratramui
2909 2082 3085 2135 tinem
3134 2082 3433 2137 meliorem
3482 2084 3780 2153 imponere
3827 2101 3945 2139 non

2248 2185 2412 2238 posse
2449 2169 2709 2222 videmur
2752 2185 2923 2239 quam
2975 2168 3022 2222 si
3055 2174 3167 2222 tres
3225 2171 3397 2224 etiam
3438 2172 3811 2241 cogitationes
3840 2188 3941 2226 seu

2247 2256 2645 2311 meditationes
2675 2258 2745 2311 de
2779 2259 2885 2311 hoc
2917 2258 3189 2328 opusculo
3225 2260 3520 2313 Hatramni
3544 2261 3937 2331 lexponamus,

2248 2345 2457 2415 quibus
2510 2346 3021 2400 aProtestantibus
3071 2362 3187 2401 non
3246 2364 3586 2419 responsum
3641 2350 3712 2403 iri
3761 2352 3941 2403 conli-

2252 2433 2466 2486 dimus.

2325 2522 2511 2575 Primo
2536 2522 2812 2592 subjecto,
2847 2522 3003 2593 quod
3036 2523 3238 2577 falsum
3276 2528 3629 2594 reputamus,
3680 2526 3946 2580 Hatram-

2251 2625 2391 2663 num
2423 2610 2745 2680 inpugnare
2777 2611 3022 2664 voluisse
3067 2612 3238 2665 ﬁdem
3275 2629 3373 2665 seu
3418 2614 3740 2668 suasionem
3792 2632 3945 2684 prae-

2251 2697 2448 2751 sentire
2478 2715 2627 2753 vera:
2662 2698 2779 2752 veri
2809 2700 3063 2770 corporis
3091 2700 3330 2768 Christi;
3361 2701 3560 2755 saltem
3608 2718 3723 2756 non
3769 2703 3947 2757 dubi-

2251 2790 2437 2840 tamus
2500 2787 2641 2857 quin
2694 2787 2894 2841 ﬁdeles
2955 2788 3300 2857 reputaverit
3355 2792 3411 2841 et
3479 2792 3815 2861 neutiquam
3874 2793 3947 2846 ab

2256 2875 2514 2929 Ecclesia:
2541 2881 2690 2929 coetu
2736 2881 2979 2929 secretos
3025 2877 3287 2930 homines
3332 2877 3659 2932 defensores
3705 2881 3947 2949 hujusce

2254 2964 2523 3016 veritatis.
2552 2965 2681 3017 Haec
2710 2965 2899 3033 palam
2925 2969 2982 3018 et
3013 2964 3229 3034 liquido
3262 2965 3667 3036 intelliguntur
3697 2983 3761 3021 ex
3806 2984 3947 3021 con-

2256 3051 2434 3121 ceptis
2466 3052 2649 3105 verbis
2675 3052 2911 3105 secundi
2944 3053 3167 3106 articuli
3202 3054 3329 3106 libri
3364 3054 3656 3108 Italramui
3691 3072 3702 3108 :
3735 3078 3762 3104 «
3795 3057 3943 3109 Dum

2253 3140 2403 3193 enim
2432 3140 2666 3210 quidam
2702 3139 2957 3194 lidelium
2995 3141 3252 3210 corporis
3279 3143 3687 3213 sanguinisque
3728 3143 3948 3198 Christi

2254 3228 2501 3298 quodin
2568 3228 2813 3282 Ecclesia
2871 3229 3128 3299 quotidie
3186 3230 3523 3298 celebratur,
3574 3231 3763 3285 dicant
3791 3234 3949 3302 quod

2251 3320 2412 3372 nulla
2470 3319 2575 3372 sub
2639 3319 2848 3389 ﬁgura,
2919 3321 3076 3372 nulla
3119 3320 3222 3373 sub
3271 3320 3629 3375 obvelatione
3663 3323 3777 3388 ﬁat,
3844 3323 3948 3376 sed

2249 3404 2431 3476 ipsius
2463 3407 2717 3461 veritatis
2764 3408 2917 3462 nuda
2960 3408 3415 3462 manit‘estaﬁone
3448 3415 3780 3480 peragatur;
3817 3412 3952 3481 qui-

2249 3494 2381 3549 dam
2426 3512 2557 3549 vero
2602 3502 2882 3551 testentur
2922 3498 3071 3569 quod
3116 3499 3239 3552 haec
3284 3499 3386 3552 sub
3442 3500 3699 3568 mysterii
3757 3502 3951 3570 ﬁgura

2250 3584 2675 3651 contineantur,
2707 3591 2812 3640 etc.
2849 3606 2876 3635 »
2902 3588 3030 3639 Haec
3059 3587 3215 3640 enim
3246 3604 3359 3640 non
3388 3588 3573 3640 solum
3604 3588 3727 3640 sine
3759 3604 3951 3657 mora,

2251 3672 2355 3725 sub
2387 3672 2575 3725 subito
2607 3674 2956 3727 constituere
2983 3674 3192 3729 debent
3214 3680 3267 3728 et
3292 3677 3470 3744 ﬁgere
3492 3676 3550 3728 in
3584 3676 3696 3730 ﬁde
3729 3683 3783 3730 et
3814 3694 3950 3731 sua-

2249 3760 2428 3826 sione,
2463 3761 2615 3830 quod
2650 3778 2716 3814 ex
2747 3760 2951 3815 nostris
2986 3762 3451 3816 adnotationibus
3480 3764 3695 3817 affatim
3730 3765 3949 3819 intelli-

2249 3854 2436 3917 getur,
2485 3850 2967 3903 concertationem
3023 3866 3153 3920 quae
3211 3851 3399 3903 locum
3457 3851 3615 3905 dedit
3671 3854 3953 3921 opusculo

2253 3937 2548 3991 Batramni
2577 3954 2725 3991 nono
2758 3938 2964 3991 saeculo
2997 3938 3253 3992 Ecclesiae
3284 3939 3436 3992 inter
3466 3940 3759 3993 catholicae
3814 3941 3953 3995 ﬁdei

2250 4025 2403 4078 viros
2434 4025 2762 4078 defensores
2793 4025 3129 4092 substitisse,
3172 4030 3228 4080 et
3256 4026 3381 4080 ﬁeri
3434 4044 3550 4080 non
3604 4028 3855 4096 potuisse
3888 4034 3953 4082 ut

2250 4115 2555 4167 realitutem
2614 4120 2670 4167 et
2730 4114 3027 4168 veritatem
3078 4114 3337 4185 corporis
3366 4115 3574 4169 Christi
3633 4115 3691 4169 in
3728 4117 3947 4170 Eucha-

2252 4200 2411 4254 ristia
2437 4205 2712 4269 spectaret
2747 4217 2759 4254 :
2792 4217 2920 4255 cum
2956 4218 3058 4272 pro
3103 4206 3160 4257 et
3201 4207 3417 4270 contra,
3450 4204 3519 4258 de
3549 4204 3719 4257 hocce
3766 4210 3949 4274 syste-

2254 4294 2405 4342 mate
2460 4289 2658 4343 ﬁdeles
2698 4291 3060 4359 aequabiliter
3109 4291 3414 4344 defendere
3461 4296 3558 4344 aut
3603 4291 3953 4362 impugnare

2254 4393 2369 4429 non
2396 4377 2716 4446 potuerint;
2746 4383 2803 4431 et
2851 4378 2956 4431 nisi
3016 4378 3075 4431 in
3107 4378 3297 4432 medio
3356 4379 3561 4433 dubios
3611 4380 3952 4445 consistere,

2256 4466 2414 4518 omni
2447 4466 2668 4519 delectu
2703 4471 2760 4519 at
2787 4466 3116 4519 discrimine
3163 4470 3407 4520 remoto.
3459 4469 3698 4537 Insuper
3741 4468 3956 4523 inutile

2256 4560 2312 4608 et
2343 4570 2826 4624 supervacaneum
2858 4561 3006 4608 esset
3035 4555 3222 4608 dicere
3265 4557 3640 4609 Batramnum
3672 4561 3954 4627 tanquam

2255 4642 2502 4696 schisma
2533 4643 2694 4697 valde
2726 4643 3053 4697 intricatum
3097 4644 3412 4712 respexisse
3460 4644 3797 4698 divisionem
3849 4662 3958 4699 seu

2255 4731 2587 4785 scissionem
2614 4731 2674 4785 in
2706 4731 2954 4784 Ecclesia
2983 4749 3046 4785 ex
3082 4732 3421 4801 opinionum
3451 4732 3776 4786 diversitate
3825 4750 3962 4786 eru-

2254 4825 2519 4889 pturam:
2553 4820 2767 4889 quippe
2790 4836 2917 4872 cum
2948 4819 3264 4887 nimiopere
3293 4824 3449 4888 patet
3474 4835 3540 4871 eo
3572 4819 3677 4872 loci
3710 4836 3957 4891 exagge-

2254 4923 2407 4960 rasse
2451 4908 2827 4961 Batramnum
2865 4923 3187 4960 sermonem
3244 4922 3415 4960 suum
3463 4906 3689 4961 dicendi
3736 4923 3962 4978 genere

2256 4995 2364 5049 sibi
2396 4995 2561 5049 obvio
2593 5000 2648 5048 et
2678 4995 2987 5048 ordinario.
3023 4994 3111 5048 Sic
3154 4994 3370 5064 quippe
3414 4995 3554 5049 libro
3604 5012 3776 5065 quem
3808 4997 3958 5050 scri-

2254 5084 2365 5153 psit
2393 5084 2461 5137 de
2493 5083 2793 5137 Nativitate
2826 5083 3056 5146 Christi,
3093 5084 3276 5152 capite
3326 5084 3569 5149 decimo,
3618 5083 3797 5137 instar
3828 5086 3962 5140 ba:-

2255 5171 2393 5224 resis
2424 5187 2584 5224 novae
2617 5170 2929 5241 repentinae
2960 5176 3185 5239 reputat
3210 5171 3514 5239 prazteritis
3543 5172 3761 5225 saeculis
3789 5172 3965 5227 inco-

2253 5259 2551 5331 gitabilem
2600 5258 2929 5328 opinionem
2963 5274 3162 5311 eorum
3189 5258 3507 5326 hominum,
3543 5260 3645 5330 qui
3672 5260 3779 5312 sibi
3814 5277 3969 5330 per-

2254 5352 2551 5400 suaserant
2574 5362 2796 5399 sacrum
2830 5345 3058 5400 Domini
3091 5348 3269 5401 nostri
3299 5349 3431 5401 Jesu
3479 5347 3688 5401 Christi
3741 5364 3967 5419 corpus

2255 5436 2512 5502 erupisse
2543 5451 2607 5489 ex
2637 5435 2993 5489 sanctissimo
3043 5436 3222 5489 beatae
3273 5435 3517 5505 Virginis
3566 5441 3748 5501 utero,
3802 5453 3965 5506 quo-

2254 5524 2383 5577 dam
2418 5539 2561 5576 novo
2593 5539 2802 5593 genere
2834 5523 3095 5578 miraculi
3122 5524 3342 5578 diverso
3374 5524 3444 5578 ab
3474 5540 3541 5577 eo
3567 5541 3681 5594 quo
3724 5531 3965 5580 caetera:

2255 5610 2528 5666 mulieres
2556 5611 2817 5666 homines
2846 5619 2902 5667 et
2927 5612 3073 5667 fetus
3098 5628 3227 5665 suos
3276 5611 3573 5666 enituntur
3598 5617 3657 5666 et
3687 5612 3962 5684 pariunt.
