4164 6182
257 406 358 459 125

1374 406 1461 460 DE
1504 404 1831 462 CUltPOltE
1874 406 1961 462 ET
2000 404 2345 462 SANGUINE
2382 403 2655 459 DOMINI.

3653 405 3753 461 126

256 543 392 598 Haec
422 541 600 607 enim,
631 540 790 594 omni
809 541 1117 611 postposito
1132 541 1328 608 dubio,
1363 541 1643 596 sententia
1661 542 1959 609 estsancti,
1992 548 2034 601 Α
2074 542 2172 612 qui
2212 558 2327 595 non
2362 556 2541 594 unum
2570 539 2765 593 multis
2799 540 3138 595 miraculum
3174 540 3362 595 refert.
3391 541 3499 596 Sed
3532 559 3597 595 ea
3630 558 3751 594 om-

252 629 513 700 Gregorii
558 629 746 698 Magni
794 630 957 698 Papae
998 629 1172 699 hujus
1220 630 1475 684 nominis
1510 630 1703 701 primi,
1736 636 1792 684 et
1820 632 1956 701 plu-

252 718 411 772 rium
452 719 683 771 Patrum
719 721 776 771 et
810 718 1212 789 theologorum
1244 720 1503 774 Ecclesia:
1535 720 1851 786 catholicae,
1903 725 1959 775 et

256 822 435 876 quam
451 804 780 859 haereticam
801 812 1092 875 reputasse
1106 807 1293 876 ipsum
1310 810 1683 863 Ratramnum
1698 813 1781 863 est
1800 826 1958 879 pror-

256 912 352 948 sus
392 894 729 948 incredibile
760 900 819 947 et
849 894 1254 963 improbabile,
1286 896 1499 966 quippe
1528 913 1698 967 quam
1756 898 1956 951 lusisse

255 983 327 1037 ad
378 982 606 1036 animos
661 983 998 1035 recreandos
1053 988 1111 1036 et
1185 984 1586 1038 exliilarandos
1644 986 1889 1039 afﬁrmet
1938 1003 1950 1039 :

259 1090 286 1121 ει
330 1071 596 1125 Lusimus
644 1071 766 1149 haec
807 1071 875 1123 de
927 1087 1086 1125 more
1134 1072 1504 1126 studentium.
1555 1074 1691 1137 Quae
1730 1074 1775 1126 si
1829 1074 1957 1144 quis

252 1165 615 1227 contemnet,
676 1158 1128 1213 exercitianobis
1179 1167 1374 1213 nostra
1423 1162 1873 1232 complacebaut.
1927 1186 1954 1211 η

328 1248 596 1303 Secunda
654 1247 966 1301 ruminatio
1014 1264 1112 1301 seu
1158 1248 1426 1318 cogitatio
1462 1255 1653 1303 nostra
1727 1251 1795 1303 de
1847 1252 1955 1304 Ra-

255 1342 489 1391 tramno
520 1336 777 1390 consistit
798 1336 857 1389 in
887 1352 953 1389 eo
980 1336 1132 1406 quod
1162 1336 1209 1389 si
1235 1344 1429 1390 contra
1457 1339 1757 1391 realitutem
1784 1354 1957 1408 quam

257 1432 487 1491 vocant,
537 1441 636 1479 seu
688 1424 1052 1495 praesentiam
1110 1425 1223 1478 veri
1281 1426 1536 1495 corporis
1586 1426 1806 1489 Christi,
1857 1444 1957 1481 seu

255 1513 626 1567 Paschasium
659 1512 950 1582 scripserit
997 1513 1209 1566 librum
1270 1514 1338 1567 de
1372 1531 1485 1583 quo
1528 1518 1609 1566 tot
1640 1515 1957 1568 enucleavi-

255 1617 388 1654 mus
439 1606 495 1654 et
527 1600 884 1654 narravimus
928 1600 987 1653 in
1034 1600 1139 1654 hac
1170 1601 1505 1671 praefatione
1534 1602 1824 1670 historica,
1867 1603 1953 1657 in-

253 1690 532 1743 credibile
580 1695 636 1743 et
686 1689 1059 1758 incogitabile
1126 1690 1374 1743 maxime
1415 1690 1642 1744 videtur
1696 1691 1955 1745 omisisse

254 1779 519 1831 consulto
569 1778 934 1847 respondere,
968 1785 1067 1832 aut
1114 1779 1315 1833 saltem
1362 1779 1580 1849 aliquid
1642 1780 1852 1833 referre
1884 1780 1953 1834 de

2068 632 2161 685 nia
2192 632 2252 685 in
2277 630 2529 685 editione
2579 634 2801 682 exstant
2827 645 2999 699 quam
3032 631 3096 683 lt.
3125 633 3182 683 Ρ.
3215 631 3454 683 Jacobus
3494 630 3753 683 Sirmon-

2065 722 2172 775 dus
2195 736 2324 774 cum
2371 736 2506 773 cura
2559 724 2615 771 et
2644 718 2756 771 fide
2804 717 3123 787 propalavit
3152 719 3380 771 Parisiis
3410 734 3560 771 anno
3597 720 3749 783 1618,

2065 809 2168 863 sub
2196 809 2302 862 hac
2334 807 2643 878 epigraphe
2676 806 3037 859 arithmetica
3069 806 3226 859 4357.

2137 900 2376 967 Insuper
2427 896 2594 949 tertia
2642 894 2909 965 cogitatio
2943 898 3132 947 nostra
3163 894 3346 947 oritur
3377 910 3441 947 ex
3471 910 3538 947 eo
3571 894 3754 964 capite

2065 1002 2201 1055 quo,
2235 986 2279 1038 si
2306 987 2648 1039 Ratramnus
2684 984 3007 1036 suasionem
3037 982 3310 1034 realitatis
3343 987 3615 1051 tanquam
3647 1000 3748 1036 no-

2067 1090 2192 1127 vam
2227 1077 2282 1126 et
2315 1072 2691 1126 recentiorem
2721 1070 3120 1134 existimasset,
3153 1068 3487 1122 incredibile
3517 1074 3599 1122 est
3630 1086 3755 1123 eam

2068 1178 2183 1215 non
2227 1160 2593 1232 eXprobrasse
2625 1159 2833 1215 Graecis
2876 1160 3147 1213 adversus
3194 1174 3336 1227 quos
3368 1156 3475 1210 hoc
3523 1174 3666 1211 onus
3700 1159 3755 1210 ei

2065 1250 2400 1320 impositum
2436 1251 2622 1302 fuerat
2651 1249 2721 1301 ab
2753 1247 3038 1317 episcopis
3098 1245 3423 1313 Gallicanis,
3462 1249 3596 1298 tunc
3625 1250 3760 1299 teni-

2065 1340 2217 1409 poris
2248 1338 2651 1392 eucharistiam
2700 1337 2915 1391 affatim
2947 1336 3334 1402 adorautihus,
3379 1333 3460 1387 uti
3491 1334 3759 1402 intelligi-

2066 1444 2192 1481 mus
2224 1444 2287 1480 ex
2345 1442 2542 1480 eorum
2579 1425 2866 1494 Liturgiis,
2898 1429 3187 1478 annuente
3221 1422 3610 1477 illustrissimo
3644 1423 3758 1475 Ilu-

2063 1532 2211 1585 gone
2254 1515 2470 1578 Grotio,
2536 1530 2664 1582 pag.
2717 1516 2805 1579 88,
2868 1516 2978 1567 voti
3019 1515 3107 1566 sui
3156 1530 3257 1580 pro
3287 1528 3418 1580 pace
3451 1528 3481 1563 a
3540 1510 3760 1580 meipso

2064 1602 2241 1667 citati,
2274 1601 2456 1670 capite
2496 1602 2574 1665 l4,
2616 1600 2747 1654 libri
2804 1619 2840 1667 ι,
2877 1602 2940 1655 de
2992 1601 3327 1654 Adoratioue
3385 1599 3751 1651 eucharistiae.

2064 1691 2273 1745 Saltem
2307 1705 2423 1743 non
2455 1688 2801 1742 defendisset
2831 1689 3101 1742 adversus
3130 1704 3228 1741 eos
3260 1703 3389 1758 quae
3442 1702 3601 1740 mera
3630 1690 3763 1740 sunt

2064 1784 2435 1833 consectanea
2482 1785 2537 1831 et
2596 1778 2912 1830 necessaria
2978 1779 3273 1842 utilitatis,
3326 1776 3477 1846 quod
3530 1780 3763 1845 praestat

255 1867 471 1920 celebri
520 1842 794 1920 miraculo
864 1885 897 1920 a
944 1867 1244 1921 Paschasio
1288 1842 1479 1922 relato.
1509 1868 1693 1936 capite
1732 1870 1792 1921 li
1838 1875 1950 1922 tra-
1984 1842 2024 1896 Β
2063 1866 2209 1921 libro
2258 1884 2331 1933 LV,
2356 1867 2541 1936 capite
2572 1870 2621 1934 3,
2657 1866 2744 1919 sui
2772 1866 2902 1919 libri
2922 1866 3200 1935 praedicti,
3226 1842 3360 1934 pag:
3407 1842 3619 1929 l20,vin
3648 1881 3761 1934 quo

256 1959 443 2008 elatus
473 1954 562 2008 sui
585 1955 654 2008 de
686 1956 935 2024 Corpore
978 1953 1208 2022 Christi,
1240 1955 1309 2009 de
1363 1955 1721 2025 apparitione
1782 1958 1952 2026 hujus

258 2042 406 2095 sacri
442 2042 673 2110 Christi,
721 2042 977 2113 corporis
1019 2043 1077 2096 in
1109 2043 1488 2109 eueharistia;
1537 2043 1687 2113 quod
1724 2061 1852 2097 cum
1882 2045 1952 2099 ab

258 2131 531 2185 omnibus
554 2132 885 2185 crederetur
914 2146 980 2185 ea
1000 2136 1168 2185 aetate
1200 2137 1255 2185 et
1284 2149 1317 2185 a
1346 2132 1455 2185 fide
1486 2132 1674 2201 dignis
1707 2132 1949 2186 auctori-

260 2220 367 2273 bus
427 2219 754 2285 referretur,
805 2219 946 2273 illud
986 2220 1108 2289 jam
1152 2219 1213 2274 in
1262 2223 1379 2273 tam
1430 2224 1755 2290 opportuna
1784 2237 1953 2275 causa

258 2308 701 2379 prretermittere
732 2313 852 2361 erat
880 2308 1197 2362 maximum
1254 2308 1325 2362 ad
1372 2310 1674 2362 realitatem
1716 2325 1950 2364 nervose

255 2396 710 2450 confirmandam
744 2402 1167 2466 argumentum.
1201 2397 1440 2451 Videant
1468 2396 1647 2466 igitur
1674 2402 1729 2450 et
1756 2396 1952 2467 pervi-

259 2484 438 2538 deant
469 2484 787 2538 Calviniani
817 2484 1101 2553 dogmatis
1125 2489 1357 2551 tutores,
1393 2501 1504 2555 qua
1531 2484 1753 2539 ratione
1799 2485 1951 2538 hisce

258 2589 320 2626 se
368 2572 647 2628 extricent
701 2572 992 2627 miraculis
1022 2573 1129 2627 sibi
1162 2572 1419 2643 objectis,
1453 2578 1508 2626 et
1541 2589 1607 2626 ea
1638 2578 1954 2643 pernegent

254 2678 323 2717 ac
350 2661 683 2732 suggillent,
712 2666 778 2715 ut
806 2678 870 2715 ex
897 2661 1099 2730 seipsis
1125 2661 1453 2732 intelligant
1484 2678 1656 2732 quam
1690 2678 1949 2716 commo-

258 2750 402 2804 dum
428 2750 602 2804 fuerit
621 2754 678 2804 et
708 2751 1089 2804 necessarium
1106 2751 1416 2805 Ratramno
1440 2750 1509 2803 iis
1536 2751 1755 2805 artibus
1781 2750 1881 2816 uti,
1906 2751 1953 2804 si

255 2839 603 2892 sententiam
634 2856 808 2910 quam
840 2839 947 2909 ipsi
977 2839 1291 2893 defendunt
1315 2840 1586 2894 tuendam
1619 2838 1947 2909 recepisset.

334 2927 572 2981 Interim
604 2927 901 2982 confestim
937 2927 1052 2982 scio
1086 2928 1360 2982 Davidem
1394 2928 1773 2995 Blondellum,
1804 2928 1952 2982 cele-

255 3017 421 3069 brem
473 3016 902 3087 superstitionis
934 3016 1277 3071 Calvinianze
1309 3016 1659 3083 ministrum,
1706 3022 1952 3070 tentasse

257 3105 548 3158 vindicare
594 3106 701 3158 hoc
727 3110 897 3175 caput
950 3107 1009 3159 l-i
1061 3104 1344 3160 Paschasii
1396 3120 1513 3157 non
1555 3105 1793 3158 attinere
1848 3106 1951 3158 Pa-

254 3192 547 3246 schasinm
588 3198 646 3247 et
706 3209 828 3247 esse
883 3193 935 3246 ei
967 3194 1279 3263 ascriptum
1312 3197 1529 3246 temere
1562 3202 1585 3225 ⁸
1647 3208 1659 3245 :
1692 3193 1790 3245 sed
1822 3208 1952 3246 cum

254 3281 487 3334 nullum
522 3280 843 3351 prodiderit
872 3281 1175 3352 antiquum
1208 3280 1464 3334 codicem
1496 3279 1951 3350 manuscriptum

256 3370 321 3423 in
352 3385 468 3441 quo
502 3370 606 3423 hoc
636 3375 809 3440 caput
845 3386 959 3423 non
989 3369 1244 3423 incurrat
1290 3374 1388 3422 aut
1419 3368 1565 3439 typis
1599 3384 1950 3437 expressum,

252 3475 458 3512 omnes
485 3459 720 3512 diversae
746 3458 924 3528 partis
955 3458 1257 3528 scriptores
1288 3456 1420 3511 huic
1442 3457 1705 3527 opinioni
1738 3457 1954 3512 abnue-

257 3552 397 3602 runt
454 3547 731 3616 efflictim.
795 3547 1033 3616 Insuper
1086 3546 1280 3600 videre
1336 3546 1481 3600 nihil
1538 3551 1689 3600 vetat
1717 3546 1954 3616 hujusce

256 3638 534 3687 tractatus
560 3633 841 3688 Paschasii
873 3634 1130 3688 codicem
1162 3634 1620 3703 manuscriptum
1647 3635 1728 3704 jin
1779 3635 1956 3705 Regia

257 3722 495 3777 Parisiis
522 3722 891 3784 bibliotheca,
926 3723 1179 3792 ejusdem
1238 3724 1418 3776 ferme
1448 3722 1650 3789 astatis,
1712 3724 1817 3777 sub
1848 3740 1954 3777 no-

256 3810 417 3865 mine
478 3811 657 3864 sancti
688 3811 908 3865 abbatis
940 3812 1295 3866 Corbeiensis
1350 3811 1655 3879 Paschasii,
1731 3810 1792 3864 in
1843 3828 1957 3882 quo

258 3900 370 3954 hoc
396 3899 729 3953 mirandum
756 3900 1021 3953 omnibus
1052 3900 1304 3953 numeris
1335 3900 1658 3953 absolutum
1690 3899 1950 3954 refertur.

260 3986 363 4042 Hic
407 4002 541 4041 vero
587 3988 759 4041 codex
809 3989 1227 4058 manuscriptus
1283 3988 1955 4055 fuitillustrissimorum

260 4075 508 4130 fratrum
570 4076 972 4141 Puteanorum,
1024 4076 1389 4130 bibliothecae
1438 4077 1629 4147 Regia;
1658 4077 1953 4148 pra-.fecto-

256 4180 424 4229 rum;
463 4164 523 4217 in
556 4180 669 4233 qua
697 4164 952 4218 subsistit
991 4165 1094 4219 sub
1148 4165 1254 4218 hac
1308 4164 1622 4235 epigraphe
1657 4166 1953 4219 numerica

256 4252 421 4307 4356.
450 4252 709 4305 Alterum
748 4252 861 4305 vidi
903 4252 1084 4306 oculis
1139 4252 1387 4323 propriis
1414 4252 1621 4321 {minus
1652 4252 1955 4324 antiquum

329 4420 356 4445 ι
388 4409 645 4476 Blondel,
661 4411 1127 4467 Eclaircz'ssement
1141 4428 1237 4467 sur
1258 4412 1661 4478 l’Euc/taristie,
1677 4428 1809 4484 pag.
1832 4415 1955 4469 434.

2062 1956 2266 2026 probat
2312 1971 2380 2009 ex
2412 1953 2690 2008 relatione
2722 1953 2952 2007 Eusebii
2982 1952 3368 2017 Caesariensis,
3426 1951 3761 2004 auctoritate

2063 2043 2231 2113 Papae
2294 2042 2561 2113 Sylvestri
2620 2059 2716 2095 vos
2763 2041 2970 2095 debere
3044 2040 3105 2093 in
3158 2039 3417 2110 partibus
3455 2036 3761 2106 ,catholicis

2062 2131 2215 2185 diem
2272 2132 2479 2186 festum
2511 2131 2809 2185 instituere
2874 2131 3192 2184 solemnem
3223 2127 3508 2182 nativitati
3536 2126 3758 2191 Calicis,

2059 2238 2176 2275 non
2213 2239 2374 2276 secus
2428 2240 2492 2275 ac
2537 2221 2896 2275 Dominicum
2927 2220 3128 2291 quinta
3157 2220 3300 2274 feria
3370 2219 3759 2288 cujuscunque

2062 2311 2453 2363 hebdomadze.
2498 2310 2721 2379 Quippe
2780 2326 2908 2362 cum
2958 2325 3025 2362 ea
3054 2308 3145 2361 die
3202 2307 3442 2377 coeperit
3500 2306 3760 2359 Christus

2061 2400 2357 2455 instituere
2403 2401 2850 2454 celebrationem
2899 2397 3159 2452 sacriﬁcii
3189 2396 3444 2467 corporis
3503 2400 3560 2450 et
3628 2413 3757 2447 sau-

2061 2488 2253 2559 guiuis
2286 2489 2514 2542 Domini
2544 2505 2555 2541 :
2588 2489 2895 2542 «Natalem
2928 2486 3129 2541 Calicis
3179 2486 3443 2539 similiter
3498 2489 3564 2539 ut
3607 2483 3759 2538 diem

2067 2577 2425 2631 Dominicum
2485 2577 2803 2629 solemnem
2862 2575 3073 2629 habere
3102 2575 3399 2640 debemus,
3432 2572 3491 2626 in
3518 2588 3632 2643 quo
3664 2589 3753 2624 sa-

2062 2666 2341 2720 criticium
2394 2665 2675 2719 Dominici
2717 2665 2971 2736 corporis
3020 2672 3078 2718 et
3135 2662 3433 2734 sanguinis
3491 2663 3560 2715 ab
3628 2661 3751 2731 ipso

2065 2756 2310 2809 Domino
2341 2754 2735 2808 celebrationis
2756 2753 3003 2823 sumpsit
3032 2752 3351 2806 exordium.
3380 2772 3404 2799 »
3438 2752 3575 2815 Quis
3605 2750 3756 2803 enim

2063 2843 2171 2897 sibi
2211 2843 2549 2915 persuadeat
2610 2858 2865 2913 unquam
2907 2842 3256 2912 appellatum
3290 2841 3361 2894 iri
3418 2838 3757 2893 sacrificium

2063 2933 2428 2987 eucharistite
2457 2932 2780 3002 postposita
2807 2937 2905 2985 aut
2940 2929 3322 3000 praetermissa
3352 2928 3463 2982 fide
3494 2945 3594 2981 seu
3624 2944 3755 2980 sua-

2063 3024 2220 3075 sione
2252 3020 2373 3074 veri
2392 3020 2647 3090 corporis
2675 3019 2903 3084 Christi,
2939 3035 3134 3072 revera
3172 3018 3231 3071 in
3284 3034 3350 3070 ea
3377 3015 3672 3087 praesentis
3703 3022 3759 3068 et

2008 3174 2021 3190 ‘
2063 3108 2400 3163 existentis?
2445 3107 2654 3161 Eodem
2708 3108 2879 3160 verbo
2935 3108 3150 3163 Natalis
3208 3107 3415 3159 Culicis
3474 3120 3611 3158 usus
3669 3112 3753 3156 est

2062 3194 2395 3252 Paschasius
2450 3194 2616 3247 initio
2665 3194 2866 3263 capitis
2902 3197 2955 3246 ll
3017 3194 3149 3246 libri
3180 3193 3268 3246 sui
3301 3193 3369 3245 de
3425 3193 3672 3260 Corpore
3705 3196 3762 3243 et

2063 3283 2354 3355 Sanguine
2380 3282 2610 3336 Domini
2634 3299 2647 3348 ;
2684 3298 2747 3335 ex
2772 3297 2884 3353 quo
2914 3280 3291 3350 intelligimus
3320 3284 3375 3333 et
3397 3283 3758 3349 perspectum

2064 3374 2341 3427 habemus
2373 3370 2798 3425 venerationem
2852 3375 2907 3424 et
2938 3370 3153 3423 cultum
3182 3385 3295 3440 quo
3342 3368 3537 3422 fideles
3582 3382 3762 3420 sacra-

2064 3466 2325 3517 mentum
2364 3460 2730 3515 Eueharistize
2793 3459 3307 3531 prosequebantur,
3350 3473 3479 3527 qnze
3534 3454 3756 3526 liquido

2066 3557 2121 3607 et
2152 3551 2479 3623 planissime
2501 3549 2776 3621 consequi
2809 3549 3279 3603 demonstrantur
3309 3563 3372 3600 ex
3401 3544 3759 3599 institutione

2065 3640 2191 3695 festi
2222 3639 2493 3694 solemnis
2524 3639 2766 3708 originis
2823 3643 2881 3692 et
2918 3636 3299 3691 institutionis
3352 3637 3494 3707 ejus.
3550 3636 3614 3687 In
3642 3649 3755 3703 quo

2065 3746 2289 3783 sacrum
2322 3728 2653 3781 crederetur
2689 3727 2999 3781 consistere
3052 3730 3108 3779 et
3136 3741 3390 3794 praesens
3419 3738 3756 3793 permanere

2068 3834 2266 3871 verum
2316 3831 2523 3885 corpus
2574 3815 2801 3880 Christi,
2862 3816 2952 3868 cui
3010 3814 3174 3868 Verbi
3249 3811 3450 3866 zeterni
3508 3826 3754 3881 persona

2066 3903 2252 3957 fuerat
2292 3902 2473 3967 unita,
2516 3902 2703 3956 cultus
2746 3903 3001 3956 redditus
3061 3900 3203 3954 alius
3234 3916 3353 3953 esse
3388 3902 3499 3952 non
3531 3903 3759 3967 poterat

2067 4008 2240 4063 quam
2271 3991 2376 4045 ado
2387 3990 2527 4044 ratio
2559 3990 2761 4044 latriae.

2139 4080 2304 4134 Plura
2323 4080 2444 4151 jam
2494 4095 2760 4132 enarrare
2790 4079 2877 4143 {de
2923 4076 3364 4148 cogitationibus
3412 4080 3469 4129 et
3499 4072 3757 4127 rumina-

2070 4168 2319 4223 tionibus
2375 4167 2705 4236 interpretis
2760 4166 2995 4220 diversae
3050 4164 3225 4235 partis
3271 4162 3401 4216 libri
3458 4158 3758 4217 Batramni

2068 4272 2556 4328 supervacaneum
2590 4260 2646 4310 et
2676 4256 2878 4309 inutile
2906 4254 3219 4308 videretur.

521 4648 741 4769 DE
822 4648 1608 4774 CORPORE
1688 4651 1898 4771 ET
1964 4558 2829 4774 SANGUINE
2910 4646 3507 4773 DOMINI

1881 4840 2200 4925 LIBER,

348 4980 719 5066 Expressus
757 5001 837 5043 ex
866 4978 1255 5066 apograplzo
1285 5000 1435 5043 cum
1465 5000 1625 5043 cura
1656 4974 2241 5129 etb/Zdeestcrszo
2271 4998 2351 5076 ea:
2374 4975 2591 5042 codice
2624 4998 2743 5041 ms.
2782 4974 3301 5062 octingentorum
3346 4992 3674 5037 annorum

1667 5088 1707 5129 (ι
1738 5088 1739 5091 ‘
1799 5077 1952 5129 alue
2065 5086 2101 5128 o
2151 5087 2362 5129 ιθηεις.

1667 5064 1952 5130 oebaliae
2014 5064 2169 5129 Lobi

2176 5066 2362 5130 ensis.

340 5287 384 5339 Ι.
414 5285 692 5350 Jussistis,
730 5297 755 5321 ⁸
808 5286 1052 5357 gloriose
1110 5286 1375 5357 princeps
1424 5289 1485 5339 ut
1532 5284 1669 5356 quid
1719 5285 1788 5339 de
1828 5301 1956 5337 san-
1994 5285 2032 5336 υ
2075 5284 2516 5355 magnificentiae
2565 5285 2880 5355 significem
2916 5302 2928 5339 :
2961 5284 3289 5356 imperium,
3339 5296 3512 5351 quam
3545 5278 3766 5349 magni-

268 5372 466 5444 guinis
497 5378 553 5427 et
595 5373 850 5444 corporis
881 5374 1089 5429 Christi
1128 5373 1399 5445 mysterio
1450 5372 1715 5440 sentiam,
1759 5378 1962 5426 vestrae

346 5522 372 5546 ³
400 5516 638 5570 Gloriose
667 5516 940 5583 princeps.
979 5514 1051 5568 Iis
1092 5513 1276 5567 verbis
1305 5531 1442 5568 usus
1474 5519 1560 5568 est
1591 5516 1962 5578 ltatramnus,

272 5583 333 5637 in
365 5583 727 5638 dedicatione
787 5585 1066 5638 librorum
1105 5602 1247 5655 quos
1280 5587 1532 5653 ejusdem
1568 5585 1755 5640 Caroli
1812 5584 1965 5638 Calvi

268 5657 433 5724 jussu
470 5655 783 5723 scripsitde
815 5656 1341 5710 Prazdestinatione.
1382 5659 1603 5710 Domino
1640 5657 1869 5724 glorioso
1903 5672 1965 5709 uc

269 5728 766 5794 )rzccc.’lentissime
819 5727 1063 5795 principi
1118 5727 1322 5782 Carolo.
1368 5727 1481 5780 Nec
1531 5726 1695 5780 timui
1756 5743 1963 5779 uolucu

2075 5375 2180 5428 fico
2216 5377 2398 5428 vestro
2432 5374 2756 5445 principatu
2782 5373 3043 5444 dignum,
3082 5378 3197 5426 tam
3228 5374 3439 5423 nostra:
3471 5367 3765 5440 parvitatis

2074 5514 2564 5582 mugniﬁccntiaein
2594 5531 2786 5568 vocem
2837 5514 3142 5581 majestatis
3184 5514 3424 5577 mutare,
3480 5509 3616 5582 quia
3657 5525 3761 5563 usu

2076 5581 2576 5654 unjustemporis,
2608 5602 2818 5639 nomen
2862 5584 3171 5653 majestatis
3204 5600 3306 5652 pro
3341 5581 3766 5653 magnificentia

2077 5656 2338 5725 usurpari
2370 5658 2588 5709 solebat
2620 5672 2633 5719 ;
2677 5657 2830 5725 quod
2888 5660 3040 5724 patet
3069 5671 3135 5708 ex
3172 5655 3502 5721 praefatione
3564 5654 3761 5706 eadem

2077 5726 2367 5780 [intremui
2398 5727 2675 5779 librorum
2706 5726 2774 5778 de
2809 5726 3341 5780 Prwdcstiuatione.
