4164 6182
426 294 521 347 127

421 424 633 479 viribus
663 428 881 480 constat
908 423 1332 489 difﬁcillimum,
1369 422 1519 488 Quid
1549 421 1698 476 enim
1750 422 1979 493 dignius
2010 438 2095 476 re-
2129 427 2171 479 Α

419 513 532 584 gali
564 511 921 584 providentia
951 528 1125 582 quam
1167 512 1237 566 de
1276 511 1431 565 illius
1469 510 1642 565 sacris
1691 511 1976 581 mysteriis
2021 527 2107 564 ca-

420 602 644 656 tholicae
674 616 891 670 sapere,
924 600 1024 671 qui
1046 600 1155 654 sibi
1187 600 1377 671 regale
1433 599 1643 654 solium
1694 599 1962 670 dignatus
2020 604 2105 653 est

415 690 793 754 contribuere,
827 694 883 742 et
911 689 1197 758 subjectos
1241 689 1358 758 pati
1390 704 1501 742 non
1531 704 1694 759 posse
1724 687 1944 742 diversa
1983 703 2103 741 sen-

415 776 521 831 tire
564 776 633 829 de
663 792 903 847 corpore
938 776 1165 843 Christi,
1215 776 1275 829 in
1326 792 1437 846 quo
1496 780 1715 830 constat
1769 775 2103 830 Christianae

412 863 819 936 redemptionis
850 881 1135 920 summam
1163 864 1468 919 consistere
1489 863 1517 918 ‘I

482 1017 505 1041 ⁸
563 1008 719 1074 Quod
758 1009 913 1064 nulla
972 1009 1069 1063 sub
1112 1011 1309 1076 ﬁgura,
1373 1010 1476 1061 etc.
1538 1005 1783 1071 Quaestio
1842 1021 1972 1076 qua:
2037 1022 2104 1059 ea

412 1082 581 1132 aetate
612 1079 953 1148 agitabatur,
1002 1079 1071 1133 ab
1102 1096 1167 1132 ea
1218 1095 1345 1150 quae
1396 1078 1566 1132 hodie
1601 1094 1728 1131 cum
1755 1077 2104 1150 ‘Calvinianis

413 1147 771 1221 disquiritur,
814 1157 937 1204 erat
980 1151 1140 1203 valde
1174 1147 1411 1203 diversa.
1461 1151 1621 1221 Tunc;
1672 1147 1827 1202 enim
1854 1148 2101 1221 quaestio

411 1219 534 1274 non
561 1227 684 1274 erat
736 1227 924 1274 utrum
954 1221 1289 1291 mysterium
1319 1219 1685 1291 eucharistite
1707 1220 2004 1291 contineat
2032 1219 2103 1291 in

412 1292 597 1360 ﬁgura
629 1291 902 1344 duntaxat
932 1289 1158 1360 corpus,
1191 1292 1287 1345 sed
1337 1308 1408 1344 an
1466 1296 1614 1345 esset
1645 1290 1837 1359 aliqua
1866 1290 1951 1342 vel
1995 1289 2099 1342 ali-

413 1367 627 1431 quanta
655 1362 839 1431 tigura
870 1364 926 1414 in
955 1362 1061 1415 hoc
1091 1368 1466 1426 sacramento,
1524 1361 1611 1413 vel
1648 1376 1880 1428 prorsus
1912 1361 2099 1431 nulla.

414 1430 655 1485 Ecclesia
681 1430 965 1485 Catholica
1001 1449 1226 1501 semper
1255 1432 1496 1486 credidit
1526 1438 1582 1483 et
1634 1431 1824 1484 docuit
1849 1430 2100 1499 aliquam

412 1519 534 1556 esse
566 1503 833 1571 ﬁguram,
869 1511 1073 1556 etcum
1116 1506 1219 1557 hac
1253 1504 1437 1572 figura
1468 1502 1643 1571 recipi
1668 1517 1862 1553 verum
1892 1516 2101 1569 corpus

412 1578 468 1625 et
505 1570 702 1627 verum
761 1575 1100 1642 sanguinem
1159 1570 1386 1629 Christi.
1430 1575 1545 1627 Hoc
1601 1572 1895 1625 evidenter
1928 1572 2097 1624 intel-

412 1643 612 1713 ligitur
668 1660 733 1697 ex
782 1645 926 1697 libro
975 1644 1154 1698 sancti
1208 1643 1494 1698 Paschasii
1553 1642 1828 1707 Ratberti,
1882 1642 2101 1695 abbatis

1568 293 1919 348 RATRAMNI
1959 292 2413 350 CORBEIENSIS
2453 293 2757 348 MONACIII

3812 290 3916 346 1‘28

2279 422 2350 476 ll.
2382 422 2527 476 Dum
2586 420 2743 476 enim
2780 419 3013 492 quidam
3073 419 3332 474 ﬁdelium
3378 418 3636 490 corporis
3665 419 3908 490 sangui-

2208 509 2411 580 nisque
2443 508 2674 576 Christi,
2711 508 2863 580 quod
2903 508 2963 562 in
2988 508 3242 561 Ecclesia
3272 508 3531 578 quotidie
3560 509 3905 573 celebratur,

2212 599 2402 654 dicant
2428 609 2453 633 ⁸
2478 599 2628 671 quod
2662 598 2821 652 nulla
2879 598 2984 652 sub
3016 597 3398 668 ﬁgura,nulla
3417 596 3521 651 sub
3554 598 3919 652 obvelatione

2212 690 2330 755 ﬁat,
2372 689 2467 743 sed
2508 687 2687 759 ipsius
2732 685 2988 740 veritatis
3048 685 3203 740 nuda
3259 685 3727 740 manifestatione
3775 702 3918 757 per-

2212 781 2445 848 agatur;
2481 776 2715 847 quidam
2748 791 2878 828 vero
2910 779 3198 829 testentur
3229 774 3380 844 quod
3412 774 3533 828 haec
3559 775 3662 828 sub
3694 780 3912 845 myste-

2213 866 2287 919 rii
2337 866 2522 937 ﬁgura
2575 865 2997 931 contineantur,
3040 868 3099 918 et
3150 863 3304 918 aliud
3357 863 3429 916 sit
3472 864 3627 935 quod
3657 865 3917 934 corporis

2209 1007 2393 1061 verbis
2453 1005 3151 1061 transsubstantiationem
3220 1004 3494 1071 defendit,
3572 1004 3906 1069 vindicavit,

2207 1080 2574 1132 corollarium
2626 1078 2843 1143 educit;
2877 1093 2944 1129 ex
2985 1093 3098 1146 quo
3148 1076 3368 1145 liquido
3433 1080 3587 1144 patet
3619 1082 3910 1144 etaperte

2207 1154 2420 1203 constat
2483 1150 2675 1218 plures
2717 1149 3037 1218 theologos;
3071 1162 3138 1199 ea
3187 1153 3350 1199 astate
3412 1147 3519 1199 sibi
3546 1147 3908 1218 persuasisse

2207 1217 2524 1274 accidentia
2554 1224 2679 1287 post
2732 1217 3221 1271 consecrationem
3260 1217 3663 1285 permanentia
3708 1217 3907 1271 adhae-

2207 1291 2345 1344 sisse
2377 1290 2603 1360 corpori
2634 1288 2857 1343 Christi.
2891 1288 3161 1357 Adeoque
3193 1303 3363 1360 cum”
3385 1288 3588 1360 albedo
3623 1292 3679 1360 et
3707 1294 3912 1341 rotun-

2206 1362 2350 1415 ditas
2393 1357 2668 1429 dis'ruptee
2726 1375 2837 1412 non
2900 1363 3135 1427 possent
3166 1357 3433 1429 intelligi
3462 1374 3582 1411 $108
3613 1359 3913 1412 fractione

2205 1431 2454 1503 corporis
2499 1428 2754 1503 Christi.‘
2782 1446 2986 1503 corpus
3040 1428 3255 1503 Christi
3288 1429 3477 1503 frangi
3507 1444 3595 1503 _ac
3625 1429 3913 1503 disrumpi

2207 1499 2489 1572 opdrtere,
2523 1501 2676 1571 quod
2707 1500 2778 1572 ob
2810 1500 3002 1572 oculos
3033 1499 3281 1568 positum
3310 1503 3365 1551 et
3393 1499 3715 1572 subjectum
3771 1501 3913 1572 aliis

2206 1569 2486 1636 sensibus,
2515 1569 2554 1624 a'
2579 1571 2811 1625 nemine
2835 1570 3070 1624 homine
3102 1586 3214 1623 uno
3254 1575 3477 1639 poterat
3515 1569 3734 1639 negari.
3768 1571 3914 1625 Ecca

2205 1649 2338 1697 sunt
2368 1642 2540 1696 verba
2574 1642 2743 1711 hujus
2812 1641 3058 1694 auctoris
3110 1647 3424 1710 concepta:
3480 1641 3761 1706 Urgendus
3830 1646 3912 1695 est

413 1712 784 1791 Cbrbeiensis,
818 1730 885 1791 ea
915 1715 982 1791 de
1014 1731 1183 1768 causa
1227 1714 1385 1791 facti,
1426 1712 1658 1791 eodem_
1687 1719 1946 1791 tempore
1987 1728 2098 1791 quo
2130 1725 2171 1779 Β
2210 1716 2403 1791 igitur.
2429 1715 2548 1791 qui
2570 1718 2732 1791 negat
2783 1727 2977 1779 corpus
3025 1714 3256 1791 meini
3293 1714 3736 1791 frangiuutrum
3764 1713 3913 1766 illud

412 1800 579 1837 suum
642 1785 867 1855 scripsit
924 1786 1286 1839 Ratramnus.
1349 1784 1543 1855 Capite
1576 1783 1763 1853 primo
1797 1782 2098 1855 Pascllusii,

412 1871 542 1925 pag.
609 1853 869 1925 15535—(a)
917 1856 1186 1909 editionis
1244 1853 1443 1910 Patris
1504 1854 1795 1909 Sirmondi
1849 1853 2101 1925 lesuitae,

412 1924 873 1997 praestantissimi
899 1928 1099 1994 critici,
1127 1927 1196 1980 ab
1236 1925 1478 1980 eruditis
1509 1925 1569 1977 in
1600 1926 1724 1979 falsi
1776 1924 2097 1997 suspicione

412 1995 711 2078 nunquam
739 1996 969 2078 _positi,
1027 1998 1108 2078 lit.
1166 1999 1250 2050 E:
1295 1997 1489 2078 Omnia
1534 2010 1860 2078 quaecunque
1909 1995 2099 2078 voluit,

416 2065 671 2119 Dominus
724 2069 851 2130 fecit
908 2071 965 2119 in
1013 2068 1135 2120 caelo
1186 2071 1236 2119 et
1301 2069 1359 2118 in
1413 2072 1579 2130 terra,
1642 2069 1691 2117 et
1739 2067 1867 2131 quia
1906 2065 2095 2117 voluit.

413 2136 568 2188 Licet
619 2136 679 2188 in
710 2138 894 2205 figura
943 2137 1108 2205 panis
1160 2140 1215 2188 et
1269 2135 1407 2199 vini,
1442 2135 1547 2188 hoc
1602 2134 1679 2187 sic
1710 2150 1829 2187 esse
1861 2135 2099 2187 omnino

411 2205 554 2259 nihil
580 2205 734 2259 aliud
766 2222 939 2275 quam
970 2222 1101 2259 caro
1136 2205 1340 2259 Christi
1373 2209 1429 2258 et
1476 2205 1708 2275 sanguis
1741 2210 1867 2273 post
1896 2220 2096 2258 conse-

413 2275 724 2329 crationem
775 2276 1073 2330 credenda:
1142 2281 1293 2329 sunt.
1358 2276 1436 2329 Ex
1488 2275 1575 2329 his
1638 2275 2101 2329 adnotationibus

412 2346 630 2416 patebit
653 2346 984 2414 clarissime,
1017 2346 1335 2400 continenti
1367 2362 1630 2400 sermone
1662 2362 1775 2399 non
1801 2346 1863 2399 in
1901 2346 2094 2399 diver-

412 2433 533 2470 sam
563 2417 631 2471 de
677 2417 782 2471 hac
836 2434 1005 2471 causa
1047 2434 1080 2470 a
1134 2417 1427 2471 Paschasio
1486 2417 1657 2470 inisse
1705 2417 2047 2469 sententiam
2084 2432 2097 2470 :

412 2488 671 2557 adeoque
699 2503 815 2541 non
846 2504 967 2541 esse
1006 2488 1298 2555 probabile
1329 2488 1596 2541 advorsus
1635 2503 1766 2540 eum
1799 2487 2089 2556 scripsisse

412 2563 476 2611 ut
504 2557 613 2611 sibi
636 2558 981 2628 persuadent
1007 2560 1385 2612 Protestantes
1412 2558 1685 2623 haeretici,
1720 2562 1774 2628 et
1812 2558 2097 2611 vindicare

414 2627 647 2698 putant.
675 2629 813 2682 Cum
865 2645 930 2682 ex
977 2630 1211 2682 adverso
1260 2634 1477 2683 constet
1506 2627 1868 2683 Paschasium
1898 2644 2094 2681 eorum

411 2700 753 2753 sententiam
810 2699 1198 2769 impugnasse,
1264 2700 1364 2769 qui
1420 2700 1701 2769 putabant
1730 2699 1925 2752 omnia
1975 2714 2095 2769 esse

414 2770 660 2839 figurata
698 2770 757 2823 in
815 2768 1177 2835 eucharistia,
1230 2768 1387 2823 nulla
1422 2768 1621 2823 ivera:
1673 2770 1931 2839 quamvis
1987 2768 2097 2822 ali-

414 2856 586 2910 quam
604 2841 661 2893 in
680 2856 800 2894 esse
823 2840 1066 2911 figuram
1086 2857 1155 2893 ne
1173 2840 1430 2911 utiquam
1446 2842 1755 2909 negaverit,
1774 2840 1928 2909 quod
1948 2844 2099 2909 patet

413 2911 558 2965 libro
612 2927 689 2964 xu
755 2928 872 2965 suae
928 2911 1303 2981 Expositionis
1358 2912 1417 2964 in
1462 2915 1719 2964 sanctum
1753 2911 2094 2964 Matthaaum.

483 2982 673 3035 Altera
705 2997 834 3051 pars
887 2982 1219 3051 quaestionis
1260 2998 1272 3035 :

412 3055 847 3117 manifestatione
875 3058 1193 3121 peragatur,
1247 3053 1391 3106 nulli
1443 3053 1536 3106 dat
1582 3054 1764 3105 locum
1827 3051 2092 3121 disputa-

412 3123 556 3176 tioni
587 3128 683 3175 aut
703 3123 1108 3178 concertationi
1144 3124 1290 3176 inter
1318 3124 1466 3175 viros
1487 3123 1797 3177 catholicos
1822 3128 1877 3176 et
1905 3122 2096 3175 homi-

414 3209 513 3247 nes
565 3194 969 3248 Protestantes.
1009 3195 1132 3247 Non
1162 3194 1314 3247 enim
1357 3193 1719 3248 defendimus
1750 3195 1944 3246 oculos
1977 3209 2096 3245 cor-

412 3263 568 3334 poris
598 3264 658 3317 in
685 3265 788 3317 hoc
822 3265 1089 3333 msyterio
1117 3265 1330 3334 absque
1370 3266 1495 3318 velo
1546 3268 1644 3317 aut
1673 3264 1975 3335 parOpside
2016 3264 2098 3316 in-

412 3335 561 3389 tueri
594 3341 650 3388 et
676 3336 967 3404 percipere
991 3335 1143 3405 quod
1172 3335 1409 3388 interius
1442 3335 1635 3388 vident
1659 3334 1833 3405 oculi:
1862 3334 2093 3405 animae,

412 3411 479 3458 ut
503 3406 735 3473 exponit
778 3404 1123 3458 Batramnus
1151 3420 1311 3457 num.
1342 3407 1394 3470 5,
1440 3405 1499 3457 in
1526 3420 1661 3472 quo,
1694 3404 1912 3472 liquido
1939 3420 2095 3472 quee-

415 3475 597 3527 stione
654 3474 911 3542 exposita
955 3475 1024 3526 de
1079 3489 1190 3542 qua
1234 3474 1397 3542 jussu
1445 3474 1805 3542 imperatoris
1864 3479 2094 3525 senten-

414 3546 552 3596 tiam
591 3544 845 3612 proferre
877 3543 1349 3611 interpellabatur
1380 3559 1393 3595 :
1430 3545 1619 3597 Utrum
1666 3543 1880 3611 aliquid
1912 3544 2099 3597 secreti

413 3616 704 3678 contineat,
748 3613 891 3679 quod
944 3614 1108 3667 oculis
1155 3612 1480 3667 solummodo
1537 3613 1663 3679 ﬁdei
1719 3616 1910 3682 pateat
1957 3629 1969 3666 :
2026 3628 2098 3666 an

413 3685 527 3738 sine
582 3683 945 3751 cujuscunque
982 3684 1243 3737 velatione
1292 3686 1553 3751 mysterii,
1588 3685 1682 3738 hoc
1724 3688 1969 3751 aspectus
2006 3686 2091 3737 in-

417 3757 633 3807 tueatur
695 3757 933 3821 corporis
987 3756 1225 3807 exterius
1282 3755 1426 3824 quod
1459 3756 1650 3808 mentis
1705 3770 1833 3808 usus
1864 3757 2098 3823 aspiciat

414 3826 659 3877 interius.
715 3825 929 3878 Revera
976 3825 1232 3878 videmus
1285 3841 1382 3878 seu
1448 3826 1794 3895 percipimus
1849 3827 2094 3879 exterius

415 3895 592 3949 oculis
617 3896 926 3965 corporeis,
960 3895 1176 3964 species
1218 3896 1380 3966 panis
1412 3904 1468 3949 et
1496 3896 1639 3961 vini;
1692 3898 1933 3950 interius
1964 3913 2094 3949 vero

414 3974 471 4019 et
499 3966 602 4019 sub
644 3965 732 4019 his
778 3967 1071 4035 speciebus
1110 3965 1395 4020 credimus
1444 3968 1684 4020 existere
1737 3967 2093 4020 reconditum

412 4053 619 4107 corpus
640 4043 706 4107 et
735 4037 1074 4106 sanguinem
1110 4036 1334 4090 Christi.
1362 4036 1569 4105 Opinio
1597 4036 1828 4106 quidem
1872 4038 2011 4089 falsa
2063 4054 2096 4090 a

413 4106 605 4162 mente
636 4106 895 4160 Ecclesia:
927 4107 1217 4160 catholicae
1248 4108 1489 4160 alienior
1519 4116 1633 4169 est;
1660 4123 1866 4175 corpus
1889 4107 2095 4161 Christi

413 4179 473 4231 in
528 4176 868 4230 eucharistia
919 4193 1038 4230 esse
1078 4176 1299 4230 visibile
1331 4182 1388 4228 et
1440 4176 1695 4229 sensibus
1748 4178 2091 4245 subjectum,

414 4247 608 4325 frangi.
630 4253 687 4298 et
716 4247 932 4325 conteri
990 4246 1253 4325 dentibus
1306 4247 1654 4325 recipientis.
1689 4248 2093 4325 Verumtamen

2212 1784 2356 1853 quod
2383 1785 2441 1836 in
2472 1785 2641 1836 altari
2668 1798 2946 1837 sacramus
2985 1788 3033 1835 et
3063 1784 3376 1848 frangimus
3406 1781 3591 1835 credat
3627 1796 3737 1834 esse
3782 1797 3909 1835 cor-

2210 1871 2312 1924 pus
2342 1855 2564 1910 Christi.
2590 1855 2653 1910 Si
2682 1856 3017 1919 concesserit,
3045 1854 3322 1924 fractioni
3351 1854 3600 1924 corporis
3635 1867 3741 1905 non
3770 1868 3909 1906 con-

2212 1922 2464 1989 tradicit;
2527 1927 2577 1977 si
2605 1927 2903 1991 negaverit,
2950 1923 3158 1992 Judicet
3209 1924 3438 1992 quisque
3480 1922 3654 1990 ﬁdelis
3706 1925 3758 1975 si
3814 1924 3912 1977 ille

2208 1997 2385 2066 ﬁdelis
2408 1995 2746 2063 judicandus
2774 1997 2878 2059 sit;
2908 1994 3092 2048 videat
3121 1996 3237 2061 ipse
3262 1996 3351 2047 cui
3385 1994 3597 2047 credere
3619 1994 3769 2066 uelit,
3805 1997 3911 2066 qui

2208 2083 2306 2121 nec
2360 2068 2676 2120 auctoritati
2720 2066 3059 2132 evangelicae,
3117 2079 3208 2117 nec
3238 2066 3481 2132 propriis
3510 2065 3676 2117 oculis
3705 2065 3903 2118 credit.

2209 2140 2318 2193 Nos
2372 2152 2499 2190 vera
2555 2152 2674 2190 cum
2729 2136 3013 2203 discipulis
3064 2149 3443 2201 cognoscamus
3498 2137 3783 2187 Dominum
3849 2138 3912 2189 in

2207 2210 2475 2275 fractione
2504 2209 2685 2275 panis.
2720 2208 3093 2272 Cogitaveram
3122 2211 3170 2259 et
3195 2207 3306 2259 illis
3337 2207 3527 2272 aliqua
3556 2204 3905 2273 respondere,

2209 2282 2306 2347 qui
2333 2278 2522 2332 dicunt
2568 2280 2741 2346 ipsum
2776 2292 2967 2345 corpus
3024 2291 3129 2347 non
3164 2278 3371 2343 frangi,
3402 2276 3496 2328 sed
3524 2278 3597 2347 in
3656 2275 3910 2329 albedine

2209 2345 2325 2417 ejus
2364 2352 2415 2402 et
2466 2345 2800 2401 rotunditate
2855 2346 3400 2417 aliquidifactitari;
3441 2345 3536 2400 sed
3578 2348 3907 2417 recogitans

2206 2416 2448 2487 ineptum
2492 2434 2600 2472 esse
2628 2420 2685 2471 in
2747 2419 3039 2483 Evangelia
3073 2416 3284 2470 Christi
3316 2418 3382 2472 de
3432 2416 3679 2470 albedine
3716 2422 3765 2470 et
3818 2433 3908 2471 ro-

2211 2490 2481 2544 tunditate
2506 2489 2806 2557 disputare,
2851 2489 3116 2542 amaturis
3166 2489 3302 2540 talia
3331 2488 3553 2540 auribus
3603 2487 3905 2553 dimot'ens,

2208 2561 2508 2614 dialecticis
2539 2565 2636 2614 aut
2688 2564 2826 2613 certe
2881 2561 3064 2627 pueris
3119 2560 3256 2610 talia
3294 2560 3548 2626 permisi.
3597 2560 3909 2612 Prwsertim

2207 2646 2325 2685 cum
2359 2632 2537 2698 quivis
2562 2630 2728 2695 facile
2769 2630 2955 2683 videat
2987 2628 3308 2691 albedinem,
3360 2643 3453 2681 seu
3483 2628 3907 2693 rotunditatem,

2206 2702 2273 2755 ab
2306 2704 2421 2769 ipso
2456 2716 2674 2769 corpore
2728 2701 2873 2769 quod
2901 2701 2983 2753 vel
3011 2699 3195 2752 album
3224 2701 3305 2753 vel
3334 2699 3627 2753 rotundum
3660 2704 3759 2763 est,
3818 2714 3911 2753 se-

2199 2768 2399 2840 parari
2453 2768 2559 2825 non
2600 2768 2799 2838 posse:
2846 2774 2926 2824 ita
2962 2775 3025 2823 ut
3072 2769 3139 2822 ab
3190 2772 3308 2837 ipso
3356 2785 3573 2838 corpore
3629 2768 3774 2837 quod
3821 2772 3915 2825 vel

2206 2844 2387 2897 album
2416 2841 2819 2896 velrotundum
2865 2847 2964 2908 est,
3022 2843 3274 2908 separari
3327 2855 3435 2893 non
3460 2854 3645 2909 posse;
3705 2843 3785 2892 ita
3846 2847 3912 2894 ut

2205 2914 2273 2966 ab
2302 2914 2436 2981 [ipso
2488 2928 2594 2966 non
2622 2914 2800 2979 fracto
2858 2913 2965 2966 hac
2989 2927 3089 2981 per
3126 2926 3180 2964 se
3208 2911 3562 2977 singulariter
3608 2925 3713 2964 non
3739 2912 3911 2975 fran-

1326 2984 1415 3071 {tn
1457 2985 1631 3071 ipsius
1672 2983 1918 3071 veritatis
1946 2981 2095 3071 nuda
2125 3018 2166 3071 C
2202 2988 2422 3071 gantur.

2276 3052 2601 3109 Secundum
2632 3052 2991 3123 antiquitatis
3023 3054 3459 3123 monumentum
3473 3054 3557 3123 est
3586 3050 3761 3123 codex
3785 3049 3913 3105 ma-

2208 3121 3018 3195 nuscriptusGualter'i,sancti
3048 3121 3304 3195 rVictoris
3330 3121 3660 3195 Parisiensis
3704 3123 3909 3191 magni

2204 3192 2434 3263 prioris,
2468 3210 2535 3248 ex
2586 3194 2931 3248 bibliotheca
2962 3194 3131 3263 hujus
3165 3192 3407 3246 abbatis:
3433 3196 3714 3263 extractus
3762 3208 3906 3247 con-

2207 3268 2395 3320 tinens
2426 3271 2659 3333 quatuor
2705 3266 2870 3320 libros
2927 3265 3192 3318 adversus
3231 3267 3464 3331 quatuor
3517 3262 3765 3317 Francia:
3795 3264 3908 3317 La-

2208 3332 2516 3403 byrinthus;
2575 3352 2689 3405 qua
2740 3352 2873 3389 voce
2933 3334 3274 3387 nominatim
3343 3332 3607 3401 designat
3682 3336 3907 3388 Petrum

2205 3406 2585 3465 Abailurdum.
2623 3407 2847 3460 Petrum
2895 3406 3276 3468 Lombardum,
3330 3406 3546 3458 Petrum
3590 3406 3905 3457 Pictavien-

2206 3490 2314 3529 sem
2371 3481 2427 3528 ct
2479 3476 2775 3530 Gilbertum
2826 3479 3199 3530 Porretanum.
3259 3476 3432 3542 Cujus
3503 3474 3712 3528 codicis
3786 3475 3911 3528 fra-

2207 3550 2504 3624 gmentum
2528 3545 2897 3624 _pu_blicavit,_
2926 3561 2991 3599 ex
3021 3546 3203 3624 capite
3237 3562 3274 3599 ιι
3303 3545 3459 3624 tertii
3488 3545 3639 3624 libri,
3684 3544 3905 3624 doctis-

2208 3615 2386 3669 Simus
2438 3616 2818 3681 Mabillonins,
2883 3615 2944 3668 in
3023 3615 3142 3669 suis
3217 3617 3369 3669 notis
3445 3615 3516 3668 ad
3589 3620 3905 3671 tractatum

2205 3686 2673 3753 Abbaudi,tomo
2727 3688 2799 3740 Ill
2848 3702 3085 3740 suorum
3148 3688 3554 3739 Analectorum
3613 3692 3901 3753 veterum,

2205 3774 2336 3828 pag.
2388 3758 2510 3811 450.
2566 3761 2780 3812 Demum
2817 3761 2972 3828 venit
3008 3757 3081 3810 ad
3145 3760 3548 3823 Berengarium.
3601 3758 3700 3811 Hic
3749 3760 3903 3813 enim

2206 3827 2485 3883 hereticus
2525 3830 2817 3892 asserebat,
2851 3832 2905 3881 in
2938 3827 3123 3898 ﬁgura
3160 3833 3209 3881 et
3253 3830 3311 3880 in
3340 3834 3672 3881 sacramento
3724 3833 3902 3883 totum

2199 3901 2344 3965 ﬁeri,
2402 3900 2544 3953 nihil
2598 3904 2655 3951 in
2711 3904 2929 3952 virtute.
2990 3902 3178 3953 Postea
3238 3914 3359 3952 vero
3407 3900 3673 3952 convictus
3713 3914 3903 3954 coram

2203 3971 2425 4025 Nicolao
2482 3985 2631 4038 papa
2694 3975 2747 4024 et
2792 3970 3042 4038 pluribus
3114 3971 3397 4038 episcopis,
3464 3971 3733 4035 confessus
3792 3975 3899 4037 est,

2203 4044 2366 4094 etiam
2389 4045 2439 4094 et
2458 4042 2695 4108 ju-ravit.
2737 4056 2934 4109 panem
2981 4041 3183 4093 scilicet
3225 4045 3275 4093 et
3320 4042 3506 4093 vinum
3563 4046 3684 4108 post
3709 4055 3901 4094 conse-

2205 4114 2495 4164 arationem
2542 4126 2647 4163 non
2684 4112 2855 4165 solum
2905 4114 3319 4177 sacramentum,
3380 4126 3560 4163 verum
3591 4113 3755 4163 etiam
3802 4127 3900 4165 re-

2203 4197 2326 4234 rum
2379 4196 2569 4250 corpus
2607 4186 2661 4233 et
2691 4184 3002 4248 sanguinem
3038 4182 3242 4236 Christi
3288 4196 3415 4247 esse,
3476 4186 3525 4234 et
3575 4182 3905 4236 sensuuliter

2202 4268 2308 4305 non
2336 4253 2505 4305 solum
2536 4259 2890 4317 sacramento,
2931 4252 3024 4305 sed
3062 4254 3224 4304 etiam
3256 4254 3483 4305 veritate
3524 4252 3771 4304 manibus
3802 4268 3903 4305 sa-

414 4317 613 4392 negari
645 4331 759 4392 non
791 4317 939 4392 potis
969 4323 1055 4392 est
1093 4317 1231 4392 olim
1263 4318 1539 4392 quosdam
1597 4318 1857 4392 homines
1904 4320 2095 4392 catbo-
2130 4339 2171 4392 ι)
2204 4323 2476 4376 cerdotum
2525 4325 2771 4388 tractari,
2828 4328 2876 4377 et
2903 4324 3115 4390 frangi,
3157 4327 3207 4374 et
3250 4322 3489 4391 ﬁdelium
3516 4322 3761 4375 dentibus
3807 4329 3902 4376 at-

415 4387 551 4439 licos
583 4386 715 4458 huic
740 4387 998 4455 opinioni
1034 4404 1145 4440 non
1178 4389 1443 4441 abnuisse
1473 4404 1716 4458 eamque
1748 4389 2089 4445 defendisse.

416 4458 549 4512 Haec
577 4456 729 4510 enim
762 4473 828 4510 ex
857 4458 1076 4511 duobus
1125 4458 1456 4518 insignioris
1503 4456 1650 4512 nota:
1709 4461 2093 4513 monumentis

416 4526 769 4596 antiquitatis
792 4527 1190 4601 intelliguntur
1208 4530 1553 4601 planissime.
1573 4529 1825 4583 Primum
1842 4531 2092 4601 erumpit

417 4614 481 4651 ex
512 4602 746 4672 tractatu
772 4598 993 4672 abbatis
1033 4599 1316 4672 Abbaudi,
1343 4600 1503 4669 cujus
1532 4606 1757 4672 tempus
1789 4617 1901 4672 quo
1954 4598 2093 4654 viiit

416 4673 502 4740 est
522 4668 799 4740 incertum
834 4685 846 4722 :
889 4669 998 4721 nisi
1027 4670 1190 4734 forte,
1242 4677 1305 4723 ut
1334 4668 1467 4724 satis
1496 4668 1823 4740 probabile'
1851 4676 1951 4733 est,
1986 4686 2090 4727 sae-

2204 4396 2323 4446 teri.
2385 4393 2525 4446 Ecce
2583 4394 2847 4446 catholica
2922 4393 3074 4460 ﬁdes.
3134 4393 3240 4445 Iste
3301 4399 3478 4445 autem
3547 4394 3905 4448 scholasticus

2203 4462 2589 4532 (ABAILARDUS)
2648 4465 2723 4517 sic
2774 4466 2993 4532 exponit
3027 4479 3038 4516 :
3101 4464 3231 4515 Vere
3271 4463 3506 4530 quidem,
3542 4462 3640 4529 ait,
3673 4468 3770 4530 est,
3801 4465 3906 4518 sed

2200 4537 2260 4587 in
2311 4538 2646 4587 sacramento
2711 4539 2939 4588 tantum.
2998 4535 3139 4586 Item
3191 4535 3315 4585 ait:
3362 4534 3505 4589 Sane
3551 4533 3665 4586 dici
3721 4540 3903 4600 potest

2195 4607 2396 4670 fractio
2422 4605 2519 4656 illa
2547 4606 2747 4672 portio,
2780 4620 2885 4658 non
2941 4606 3001 4657 in
3046 4604 3355 4657 substantia
3384 4606 3648 4671 corporis,
3688 4611 3781 4657 sed
3837 4607 3903 4659 in

2198 4678 2320 4743 ipsa
2347 4678 2528 4740 forma
2578 4677 2739 4741 panis
2779 4675 3163 4728 sacramentali
3193 4676 3331 4741 ﬁeri,
3367 4678 3425 4726 ut
3460 4690 3586 4727 vera
3614 4676 3812 4740 fractio
3843 4682 3900 4730 et

415 4738 1100 4814 culo_undeciino,_quem
1130 4741 1391 4814 domnus
1428 4738 1866 4814 et'reverendus
1926 4745 2092 4795 Pater
2192 4738 2423 4814 partitio
2453 4748 2526 4797 sit
2563 4738 2661 4808 ibi,
2696 4761 2812 4812 qum
2841 4748 2913 4799 sit
2966 4761 3072 4798 non
3102 4747 3159 4796 in
3187 4738 3516 4809 substantia,
3569 4738 3662 4798 seu
3690 4748 3748 4798 in
3796 4761 3896 4799 sa-

417 4808 793 4881 docﬁtissﬁimgusi
818 4810 1173 4881 Mabillouius
1210 4811 1425 4865 ordinis
1450 4811 1503 4865 S.
1539 4812 1822 4865 Benedicti
1852 4828 2092 4881 congre-

416 4880 664 4950 gationis
693 4879 746 4932 S.
780 4879 956 4933 Mauri
988 4880 1196 4950 publici
1224 4882 1369 4948 juris
1397 4882 1530 4935 fecit
1560 4887 1711 4935 tomo
1763 4883 1837 4936 Ill
1885 4879 2092 4936 Anale-

417 4957 638 5005 ctorum
680 4951 968 5011 Veterum.
1004 4966 1133 5019 pag.
1166 4952 1292 5017 442,
1347 4952 1450 5005 sub
1478 4953 1585 5005 hoc
1619 4953 1829 5005 titulo:
1867 4956 1943 5007 De
1979 4956 2094 5019 fra-

416 5024 587 5075 ctione
611 5022 871 5092 Corporis
896 5022 1127 5092 Christi;
1153 5021 1211 5074 in
1245 5038 1358 5092 quo
1391 5022 1535 5075 hanc
1565 5023 1904 5077 sententiam
1936 5030 2097 5076 tuen-

416 5093 547 5146 dam
578 5091 700 5145 sine
727 5092 854 5145 dolo
877 5098 975 5145 aut
1007 5091 1205 5145 fraude
1231 5091 1447 5160 recipit.
1485 5094 1672 5156 Credo,
1705 5092 1915 5162 inquit,
1950 5095 2094 5161 quod

413 5178 608 5231 panem
663 5178 818 5231 quem
869 5164 1089 5231 accepit,
1133 5162 1485 5216 benedicendo
1524 5178 1716 5231 corpus
1759 5180 1915 5217 suum
1944 5167 2091 5229 fecit.

419 5233 654 5303 Ideoque
682 5249 873 5303 corpus
899 5249 1055 5288 suum
1104 5234 1290 5302 fregit,
1342 5237 1389 5285 et
1443 5233 1507 5285 de
1535 5234 1714 5288 eodem
1757 5250 1972 5297 corpore
2002 5251 2097 5289 suo

412 5303 531 5369 jam
584 5304 875 5371 benedicta,
917 5310 966 5358 et
1010 5306 1208 5372 fracto,
1267 5304 1552 5371 discipulis
1596 5304 1789 5357 dixit:
1847 5307 1958 5358 Hoc
2013 5323 2099 5359 esr

419 5388 621 5426 conpes
652 5391 826 5429 manu;
864 5375 1191 5429 Continenti
1259 5390 1525 5427 sermone
1558 5374 1795 5427 extricat
1854 5391 1911 5427 se
1966 5392 2095 5429 ner-

418 5456 547 5520 vose
587 5446 860 5520 tortuosis
890 5446 1427 5520 contradictionum
1458 5445 1622 5498 nodis
1654 5450 1710 5497 et
1739 5445 2095 5520 ambagibus,

417 5515 476 5585 in
509 5527 651 5585 quas
673 5515 1012 5585 praecipites,
1047 5516 1182 5570 dare
1207 5515 1569 5571 enitebantur
1598 5530 1797 5569 omnes
1827 5532 1943 5569 sua:
1973 5517 2099 5585 opi—

418 5581 606 5635 nionis
671 5581 1023 5641 defensores.
1086 5590 1152 5642 At
1227 5604 1381 5651 vero,
1453 5590 1758 5658 postquam
1813 5581 2100 5657 conceptis

482 5730 551 5791 (u)
590 5730 703 5779 Vid.
742 5732 1050 5796 Patrologia:
1081 5739 1204 5785 tom.
1240 5736 1396 5786 'CXX.
1432 5738 1573 5787 Ευιτ.

2198 4821 2486 4873 cramento.
2547 4816 2606 4867 id
2635 4821 2712 4868 est
2743 4818 2801 4869 in
2844 4818 3034 4883 specie.
3079 4816 3238 4876 Item,
3295 4819 3373 4867 est
3422 4830 3550 4867 vera
3579 4817 3800 4880 fractio.
3843 4823 3901 4872 et

2196 4888 2445 4954 partitio,
2478 4901 2595 4952 qua:
2622 4888 2683 4952 ﬁt
2719 4887 2775 4936 in
2810 4900 2967 4953 pane,
3010 4884 3068 4937 id
3099 4889 3176 4936 est
3214 4888 3273 4938 in
3300 4888 3482 4951 forma
3516 4889 3698 4954 panis.
3754 4887 3901 4942 Item

2197 4958 2399 5022 fractio
2424 4960 2475 5007 et
2501 4961 2685 5023 partes
2720 4957 2825 5010 illae
2855 4970 2973 5024 qua
3012 4954 3268 5008 videntur
3297 4958 3436 5024 ﬁeri,
3470 4959 3528 5009 in
3557 4964 3901 5012 sacramento

2198 5030 2356 5094 ﬁunt,
2386 5025 2446 5078 id
2473 5030 2551 5079 est
2580 5028 2638 5078 in
2667 5029 2839 5092 specie
2882 5026 3104 5078 visibili.
3157 5026 3388 5093 Ideoque
3435 5026 3532 5080 illa
3572 5027 3906 5092 Berengarii

2199 5097 2362 5150 verba
2392 5098 2474 5148 ita
2521 5096 2908 5161 distinguenda
2936 5100 3081 5154 sunt,
3126 5101 3185 5148 ut
3214 5097 3553 5161 sensualiter,
3587 5113 3693 5150 non
3737 5099 3901 5152 modo

2201 5171 2555 5225 sacramento.
2584 5169 2676 5219 sed
2710 5169 2767 5219 in
2796 5168 3022 5219 veritate
3067 5165 3284 5220 dicatur
3310 5182 3502 5234 corpus
3534 5169 3739 5223 Christi
3780 5173 3902 5221 tra-

2204 5240 2343 5291 ctari
2370 5237 2618 5291 manibus
2667 5237 3022 5299 sacerdotum,
3051 5239 3244 5303 frangi
3270 5252 3477 5305 quoque
3497 5243 3546 5292 et
3568 5240 3732 5291 atteri
3757 5238 3898 5293 den-

2204 5309 2366 5362 tibus.
2396 5308 2525 5359 Vere
2554 5308 2789 5376 quidem,
2822 5306 2915 5359 sed
2935 5309 2993 5359 in
3022 5312 3355 5361 sacramento
3378 5313 3608 5362 tantum.
3652 5310 3789 5363 Vera
3813 5318 3899 5364 est

2204 5380 2380 5444 igitur
2409 5377 2487 5429 ibi
2514 5380 2726 5431 attritio
2738 5383 2787 5431 et
2813 5380 3058 5444 partitio.
3083 5381 3215 5433 Ecce
3234 5379 3362 5432 dum
3382 5379 3701 5432 catholicam
3730 5378 3899 5446 ﬁdem

2206 5451 2357 5501 nulla
2386 5462 2607 5516 prorsus
2664 5447 3005 5502 distinctione
3054 5449 3401 5516 indigentem,
3429 5450 3605 5502 solitis
3637 5451 3744 5503 sibi
3790 5466 3896 5505 ar-

2206 5518 2698 5588 gumentationibus
2737 5518 3050 5588 distinguit,
3111 5521 3340 5573 alterum
3375 5534 3429 5572 se
3464 5520 3661 5588 probat
3698 5522 3899 5576 Beren-

2204 5592 2439 5662 garium.
2501 5591 2633 5662 ιιωο
2689 5595 2879 5643 autem
2926 5590 3122 5661 opinio
3179 5589 3248 5662 de
3300 5589 3575 5662 fractione
3628 5592 3895 5662 corporis

2209 5659 2433 5731 Christi
2459 5660 2683 5713 videtur
2735 5662 2893 5714 valde
2936 5659 3259 5731 communis
3301 5660 3475 5713 fuisse
3515 5676 3582 5715 eo
3632 5659 3895 5731 tempore

2116 5738 2118 5741 ’
2207 5746 2322 5801 quo
2350 5730 2595 5801 primam
2628 5747 2785 5785 suam
2839 5730 3323 5794 retractationem,
3377 5747 3472 5784 seu
3537 5730 3889 5804 palinodiam
