4148 6180
198 258 298 306 129

1306 252 1395 307 DE
1436 250 1764 306 CORPORE
1807 252 1894 306 ET
1932 249 2283 305 SANGUINE
2325 249 2584 305 DOMlNl.

3590 253 3694 307 130

194 383 456 437 sensibus
484 385 778 453 appareat,
809 380 959 435 aliud
992 385 1181 435 autem
1232 382 1381 452 quod
1418 381 1556 435 ﬁdes
1604 382 1839 453 aspiciat
1870 399 1883 437 :
1919 394 1959 447 Α
2000 383 2190 452 agitur
2217 383 2275 437 in
2327 382 2799 436 manifestationis
2848 384 2971 437 luce
3025 383 3293 440 clarescat
3328 392 3427 441 :et
3486 392 3679 442 utrum

194 488 313 525 non
344 487 519 541 parva
550 471 849 524 diversitas
902 472 1053 523 inter
1082 486 1178 524 cos
1231 471 1602 539 dignoscitur.
1664 472 1731 525 Et
1758 489 1885 526 cum

189 562 501 629 Apostolus
553 559 823 612 ﬁdelibus
882 558 1086 611 scribat
1145 558 1556 627 (100121.10),
1618 565 1678 613 ut
1734 560 1885 613 idem

190 648 420 716 sapiant
448 650 504 699 et
548 646 703 698 idem
753 644 945 698 dicant.
990 660 1209 711 omnes,
1259 652 1316 698 et
1361 644 1605 699 schisma
1661 647 1884 699 nullum

186 734 342 788 inter
371 751 467 787 eos
495 739 790 804 appareat,
825 749 940 787 non
972 748 1145 803 parvo
1172 733 1473 786 schismate
1527 733 1884 800 dividuntur,

187 824 287 893 qui
316 823 384 876 de
438 821 709 892 mysterio
758 822 1012 892 corporis
1059 821 1470 892 sanguinisque
1515 821 1722 876 Christi
1770 838 1886 875 non

190 912 393 965 eadem
426 910 739 964 sentientes
771 912 1143 980 eloquuntur.

259 1000 353 1053 III.
389 1000 751 1069 Quapropter
779 1005 968 1052 vestra
992 999 1199 1069 regalis
1229 997 1553 1053 sublimitas
1602 998 1723 1052 zelo
1753 997 1886 1052 ﬁdei

186 1094 513 1157 provocata,
548 1103 665 1141 non
707 1087 1110 1158 mquanimiter
1139 1086 1247 1141 ista
1292 1088 1674 1158 perpendens,
1704 1092 1757 1140 et
1798 1104 1882 1139 se-

185 1175 440 1229 cundum
471 1176 734 1245 Apostoli
784 1183 1134 1245 praeceptum
1180 1177 1415 1246 cupiens
1448 1182 1510 1229 ut
1560 1176 1712 1229 idem
1754 1191 1886 1228 sen—

183 1263 334 1317 tiant
364 1268 422 1317 et
450 1264 602 1317 idem
643 1264 834 1317 dicant
885 1280 1103 1331 omnes,
1147 1264 1403 1318 veritatis
1458 1264 1771 1334 diligenter
1798 1264 1883 1318 in-

187 1353 367 1423 quirit
397 1360 701 1417 secretum,
736 1358 796 1406 ut
819 1354 889 1406 ad
924 1369 1049 1407 eam
1078 1353 1371 1407 deviantes
1399 1369 1662 1406 revocare
1684 1353 1879 1423 possit.

184 1442 345 1495 Unde
375 1456 490 1495 non
523 1441 890 1494 contemnitis
921 1442 1092 1495 etiam
1126 1441 1193 1495 ab
1223 1441 1567 1495 humillimis
1596 1442 1771 1511 hujus
1802 1441 1884 1494 rei

182 1531 485 1584 veritatem
553 1531 909 1601 perquirere,
970 1530 1210 1584 scientes
1269 1531 1421 1602 quod
1474 1531 1616 1583 tanti
1683 1530 1884 1583 secreti

181 1620 524 1689 mysterium
593 1635 711 1671 non
778 1618 885 1672 nisi
957 1618 1261 1672 Divinitate
1339 1619 1627 1671 revelante
1702 1618 1886 1687 possit

182 1707 442 1778 agnosci,
473 1723 601 1777 quae
633 1707 753 1760 sine
784 1723 1160 1777 personarum
1201 1707 1549 1776 acceptione,
1584 1722 1686 1776 per
1712 1723 1879 1777 quos-
1913 1696 1951 1749 Β

182 1810 414 1864 cunque
446 1794 744 1863 delegerit,
787 1810 901 1847 sua:
933 1795 1184 1848 veritatis
1213 1794 1408 1847 lumen
1439 1794 1701 1847 ostendit.

257 1883 351 1935 IV.
388 1882 604 1936 Nostra:
632 1898 764 1936 vero
797 1882 1059 1935 tenuitati
1090 1898 1263 1953 quam
1313 1882 1387 1934 sit
1412 1882 1733 1951 jucundum
1782 1898 1882 1935 ve-

182 1976 302 2025 stro
332 1986 537 2041 parere
563 1970 832 2041 imperio,
869 1976 986 2024 tam
1037 1975 1121 2024 est
1176 1970 1418 2024 arduum
1474 1986 1647 2039 super
1691 1970 1880 2024 rehu-

184 2060 376 2113 manis
404 2059 665 2112 sensibus
695 2060 1102 2125 remotissima,
1128 2064 1184 2113 et
1228 2059 1336 2113 nisi
1384 2075 1489 2129 per
1538 2059 1718 2113 sancti
1750 2059 1881 2129 Spi-

184 2150 335 2202 ritus
384 2148 769 2202 eruditionem
822 2165 936 2202 non
980 2165 1143 2218 posse
1191 2152 1515 2218 penetrare,
1570 2148 1881 2217 disputare.

183 2236 460 2292 Subditns
488 2235 664 2305 igitur
720 2240 920 2289 vestrae
970 2236 1382 2306 magnitudinis
1426 2236 1687 2305 jussioni,
1747 2252 1882 2289 cou-

184 2326 328 2380 ﬁsus
359 2330 552 2379 autem
585 2325 764 2395 ipsius
797 2326 864 2378 de
897 2341 1010 2395 quo
1041 2324 1291 2379 locuturi
1341 2341 1539 2378 sumus
1586 2324 1879 2395 suﬁ‘ragio,

183 2413 398 2485 quibus
445 2418 685 2483 potuero
738 2412 944 2480 verbis,
1001 2413 1137 2483 quid
1170 2429 1238 2466 ex
1298 2410 1421 2484 [at.,
1470 2409 1565 2483 de]
1600 2413 1706 2466 hoc
1752 2427 1880 2467 seu-

181 2504 326 2556 tiam
379 2501 603 2572 aperire
652 2501 900 2563 tentabo,
942 2518 1057 2555 non
1105 2503 1339 2571 proprio
1396 2502 1574 2555 fretus
1624 2501 1880 2572 ingenio,

180 2592 280 2645 sed
314 2596 642 2644 sanctorum
674 2589 909 2659 vestigia
944 2591 1175 2643 Patrum
1206 2589 1630 2659 prosequendo.

259 2681 321 2732 ν.
353 2679 516 2742 Quod
555 2679 614 2731 in
648 2678 892 2732 Ecclesia
919 2694 1016 2732 ore
1048 2678 1307 2731 ﬁdelium
1356 2677 1622 2744 sumitur,
1674 2693 1881 2748 corpus

179 2771 237 2820 et
286 2766 523 2835 sanguis
560 2767 794 2832 Christi,
840 2767 1045 2837 quaerit
1096 2771 1293 2820 vestra:
1342 2765 1756 2836 magnitudinis
1786 2783 1881 2820 ex-

174 2854 465 2919 cellentia,
495 2863 518 2888 ⁸
550 2854 609 2908 in
667 2856 938 2923 mysterio
982 2856 1081 2908 ﬁat.
1126 2871 1200 2909 an
1230 2854 1308 2922 ,in
1365 2855 1622 2908 veritate.
1683 2854 1745 2908 Id
1774 2860 1880 2922 est,

179 2948 379 2996 utrum
415 2942 629 3013 aliquid
663 2944 864 2997 secreti
916 2943 1219 3005 contineat,
1253 2943 1404 3013 quod
1454 2943 1632 2996 oculis
1667 2944 1879 2997 solum-

178 3032 354 3084 modo
386 3030 524 3083 ﬁdei
584 3034 797 3100 pateat,
844 3047 915 3084 an
976 3031 1097 3084 sine
1150 3032 1539 3101 cujuscunque
1598 3032 1878 3085 velatione

180 3119 444 3189 mysterii
474 3119 584 3172 hoc
634 3124 895 3189 aspectus
943 3118 1244 3173 intueatur
1299 3118 1554 3190 corporis
1612 3122 1876 3187 exterius,

181 3208 336 3280 quod
362 3206 575 3261 mentis
606 3208 756 3261 visus
802 3208 1039 3278 aspiciat
1067 3209 1338 3275 interius;
1364 3213 1425 3262 ut
1486 3212 1668 3262 totum
1728 3208 1881 3278 quod

178 3380 388 3419 canere
420 3369 651 3418 coactus
682 3370 765 3417 est
797 3366 1173 3436 Berengarius
1215 3366 1274 3419 in
1322 3366 1564 3421 concilio
1596 3367 1878 3435 Romano,

181 3452 336 3490 anno
366 3436 579 3508 Christi
616 3438 769 3501 1059,
804 3444 1063 3507 tempore
1080 3437 1295 3491 Nicolai
1318 3438 1364 3490 ll
1394 3454 1576 3508 papae,
1610 3439 1691 3491 uti
1724 3444 1881 3507 patet

180 3508 270 3561 his
309 3507 504 3560 verbis
535 3508 819 3577 conceptis
846 3510 1056 3579 quibus
1085 3524 1284 3579 passus
1322 3507 1426 3576 est,
1474 3524 1655 3561 rerum
1688 3524 1879 3578 corpus

178 3586 227 3631 et
257 3580 584 3645 sanguinem
612 3580 826 3632 Domini
872 3582 1046 3633 nostri
1095 3582 1219 3633 Jesu
1249 3580 1463 3633 Christi
1511 3594 1622 3632 esse
1672 3586 1720 3632 et
1758 3595 1878 3633 sen-

178 3652 433 3712 suutiter,
481 3654 533 3700 et
589 3664 695 3701 non
748 3650 917 3703 solum
979 3655 1331 3714 sacramento,
1384 3649 1478 3704 sed
1526 3652 1583 3702 in
1626 3652 1878 3717 veritate,

178 3720 436 3773 manibus
458 3719 800 3773 sacerdotum
831 3720 1076 3785 tractari,
1109 3726 1157 3774 et
1188 3722 1383 3787 frangi
1410 3726 1459 3774 et
1478 3719 1719 3788 ﬁdelium
1755 3721 1881 3774 den-

175 3793 321 3843 tibus
367 3792 556 3843 atteri.
587 3794 656 3842 At
684 3806 816 3843 vero
851 3792 899 3844 si
953 3792 1075 3844 haec
1123 3792 1408 3843 sententia
1463 3791 1787 3844 communis
1820 3797 1874 3845 et

176 3861 367 3930 magis
408 3862 640 3929 vulgata
671 3862 779 3914 fuit
815 3866 1070 3931 tempore
1116 3860 1464 3931 Berengarii,
1513 3877 1624 3914 non
1662 3878 1728 3914 eo
1760 3862 1877 3931 pri-

175 3948 339 3985 mum
372 3947 404 3983 e
446 3936 680 3984 cerebro
737 3932 1035 3985 hominum
1077 3948 1378 4001 erumpere
1409 3932 1595 4002 coepit,
1663 3934 1877 4002 quippe

174 4018 310 4055 cum
344 4001 407 4054 in
448 4002 687 4054 instanti
739 4008 796 4055 et
841 4004 1138 4056 confestim
1191 4001 1509 4072 opiniones
1540 4001 1877 4056 communes

177 4089 299 4126 non
332 4073 601 4126 evadant.
634 4073 874 4143 Insuper
898 4075 968 4127 ab
999 4075 1103 4127 hac
1141 4074 1421 4127 sententia
1452 4090 1569 4126 non
1603 4074 1876 4139 alienum,

180 4144 300 4197 imo
323 4143 491 4195 valde
524 4158 762 4196 concors
794 4145 1043 4214 prodidit
1083 4161 1208 4196 cum
1243 4145 1321 4197 ait
1372 4144 1522 4214 quod
1557 4144 1617 4197 in
1676 4145 1880 4197 eucha-

179 4215 347 4268 ristia
381 4228 488 4266 non
518 4214 673 4267 modo
720 4230 844 4268 caro
886 4221 983 4268 aut
1011 4218 1238 4285 sanguis
1293 4216 1498 4271 Christi
1525 4216 1584 4267 in
1639 4220 1878 4269 nostram

1995 473 2181 541 ipsum
2215 487 2423 541 corpus
2451 471 2603 541 quod
2636 470 2706 524 de
2740 472 2910 525 Maria
2937 478 3131 526 uatum
3176 479 3278 539 est,
3325 481 3381 528 et
3423 491 3673 545 passum.

1995 565 2287 614 mortuum
2313 565 2368 613 et
2398 560 2707 629 sepultum,
2762 561 3028 630 quodque
3062 578 3362 633 resurgens
3410 569 3465 617 et
3508 567 3678 619 ccelos

1992 649 2321 714 ascendens,
2352 648 2421 701 ad
2449 649 2739 702 dexteram
2775 648 2957 701 Patris
2976 649 3287 704 consideat.

2065 738 2148 791 VI.
2203 737 2419 790 Iterum
2467 736 2712 790 duarum
2763 736 3147 807 quaestionum
3200 738 3444 808 primam
3503 740 3679 810 inspi-

1992 827 2237 891 ciamus;
2271 831 2426 880 etne
2482 824 2789 879 dubietatis
2838 824 3077 893 ambage
3122 824 3502 893 detineamur,
3537 829 3675 882 deti-

1993 914 2220 968 niamus
2243 914 2379 985 quid
2408 914 2479 966 sit
2525 916 2725 982 ﬁgura,
2759 913 2893 983 quid
2924 915 3149 981 veritas,
3196 919 3257 967 ut
3297 922 3514 969 certum
3571 918 3675 971 ali-

1992 1003 2130 1074 quid
2158 1008 2515 1069 contuentes,
2548 1004 2877 1056 noverimus
2908 1018 3022 1072 quo
3047 1002 3285 1056 rationis
3315 1003 3426 1057 iter
3446 1010 3681 1060 conten-

1991 1093 2124 1147 dere
2154 1093 2483 1146 debeamus.

2063 1182 2175 1235 Vll.
2208 1184 2423 1247 Figura
2462 1185 2548 1234 est
2605 1177 2965 1235 obumbratio
3020 1178 3283 1250 quedam
3334 1178 3677 1249 quibusdam

1989 1270 2367 1324 velaminibus
2417 1268 2571 1340 quod
2609 1268 2854 1324 intendit
2893 1268 3226 1335 ostendens;
3259 1267 3419 1321 verbi
3474 1267 3676 1337 gratia,

1992 1358 2240 1412 Verbum
2270 1358 2523 1411 volentes
2554 1356 2763 1422 dicere,
2811 1371 3008 1425 panem
3056 1371 3456 1427 nuncupamus
3490 1373 3502 1410 :
3536 1356 3681 1410 sicut

1991 1446 2050 1501 in
2077 1446 2347 1502 Oratione
2379 1445 2674 1499 Dominica
2701 1460 2907 1516 panem
2940 1444 3337 1515 quotidianum
3370 1444 3493 1499 dari
3515 1444 3678 1498 nobis

1991 1537 2419 1605 expostulamus
2478 1536 2629 1601 (Luc.
2696 1550 2771 1599 χι,
2806 1534 2896 1599 3);
2966 1534 3053 1586 vel
3120 1549 3249 1586 cum
3310 1533 3563 1587 Christus
3618 1533 3679 1586 in

1993 1623 2300 1692 Evangelio
2333 1624 2588 1693 loquitur
2620 1622 2815 1676 dicens
2847 1638 2859 1675 :
2891 1624 3004 1688 Ego
3044 1637 3161 1675 sum
3188 1624 3351 1690 panis
3377 1624 3550 1688 vivus,
3584 1623 3681 1690 qui

1991 1711 2055 1765 de
2078 1714 2201 1765 cocto
2225 1710 2676 1779 descendi(Joan.
2704 1726 2777 1771 vi,
2807 1710 2927 1777 lit);
2960 1711 3044 1762 vel
3066 1725 3195 1762 cum
3224 1710 3475 1778 seipsum
3496 1711 3675 1774 vitem,

1990 1800 2300 1869 discipulos
2358 1805 2547 1851 autem
2610 1799 2866 1867 palmites
2921 1797 3173 1865 appellat
3206 1812 3219 1850 :
3257 1799 3361 1864 Ego
3388 1811 3505 1850 sum
3546 1798 3678 1850 vitis

1989 1905 2134 1953 vera,
2171 1903 2261 1942 vos
2327 1895 2503 1941 autem
2548 1886 2807 1956 palmites
2867 1887 3055 1955 (Joan.
3087 1888 3277 1952 xv,5).
3339 1887 3467 1939 llaec
3524 1885 3676 1939 enim

1991 1977 2183 2031 omnia
2203 1976 2358 2029 aliud
2383 1976 2577 2029 dicunt
2607 1979 2663 2028 et
2690 1974 2842 2028 aliud
2874 1974 3145 2028 innuunt.

2064 2065 2202 2118 Vlll.
2242 2066 2456 2118 Veritas
2490 2078 2623 2115 vero
2653 2066 2737 2115 est
2778 2061 2859 2115 rei
2894 2062 3193 2115 manifesta
3245 2060 3675 2126 demonstratio,

1992 2153 2163 2207 nullis
2193 2152 2529 2206 umbrarum
2559 2150 2911 2222 imaginibus
2946 2151 3241 2217 ohvelatze,
3292 2151 3389 2203 sed
3433 2149 3592 2218 puris
3622 2155 3679 2203 et

1992 2241 2222 2312 apertis,
2256 2245 2431 2311 utque
2492 2239 2721 2309 planius
2779 2240 3137 2309 eloquamur,
3194 2238 3546 2291 naturalibus
3597 2238 3674 2289 si-

1991 2329 2452 2398 gniﬁcationibus
2482 2327 2819 2394 insinuatas;
2848 2332 2912 2380 ut
2932 2332 3064 2397 pote
3094 2342 3222 2379 cum
3269 2326 3477 2380 dicitur
3527 2325 3678 2379 Chri-

1991 2418 2109 2467 stus
2134 2418 2300 2467 natus
2338 2412 2408 2467 de
2463 2412 2713 2482 Virgine,
2769 2427 2991 2481 passus,
3044 2410 3363 2475 crucifixus,
3416 2415 3677 2462 mortuus

1992 2507 2047 2557 et
2094 2503 2371 2572 sepultus.
2433 2500 2582 2555 Nihil
2650 2500 2803 2554 enim
2872 2499 2964 2552 hic
3020 2498 3221 2569 ﬁguris
3283 2497 3676 2552 obvelantibus

1989 2591 2391 2657 adumbratur;
2438 2605 2636 2643 verum
2686 2589 2769 2642 rei
2810 2588 3013 2641 veritas
3054 2588 3403 2641 naturalium
3457 2585 3679 2655 signiﬁ-

1990 2681 2310 2735 cationibus
2355 2679 2659 2733 verborum
2720 2678 3078 2741 ostenditur;
3139 2692 3326 2747 neque
3377 2674 3527 2730 aliud
3586 2675 3679 2729 hic

1990 2768 2122 2822 licet
2143 2768 2385 2839 intelligi
2414 2783 2587 2838 quam
2629 2766 2854 2821 dicitur.
2889 2769 2960 2819 At
3022 2765 3081 2818 in
3131 2764 3522 2834 superioribus
3559 2779 3678 2817 non

1990 2858 2087 2912 ita.
2131 2858 2271 2911 Nam
2329 2854 2802 2920 substantialiter,
2862 2869 2967 2907 nec
3019 2851 3181 2923 panis
3239 2852 3514 2918 Christus,
3573 2868 3677 2905 nec

1989 2945 2118 2999 vitis
2147 2945 2422 3010 Christus,
2456 2958 2559 2996 nec
2588 2942 2853 3013 palmites
2892 2940 3153 3010 apostoli.
3194 2940 3549 3011 Quapropter
3585 2939 3678 2993 hic

1990 3034 2192 3104 ﬁgura,
2225 3031 2484 3103 superius
2515 3047 2648 3084 vero
2677 3031 2885 3084 veritas
2909 3030 2966 3082 in
3016 3029 3345 3081 narratione
3394 3031 3675 3081 monstra-

1989 3127 2103 3188 tur,
2137 3122 2189 3177 id
2222 3126 2307 3173 est
2335 3119 2490 3173 nuda
2519 3122 2575 3171 et
2602 3123 2801 3188 aperta
2826 3116 3188 3185 signiﬁcatio.

2058 3211 2142 3264 IX.
2179 3210 2337 3262 Nunc
2375 3207 2675 3261 redeamus
2707 3204 2779 3259 ad
2832 3204 2933 3257 illa
2987 3217 3235 3274 quorum
3296 3216 3465 3255 causa
3522 3200 3676 3254 dicta

1989 3368 2095 3423 loci
2126 3365 2425 3437 signiﬁcat,
2470 3363 2747 3437 sensibus
2800 3361 3140 3437 subjectam;
3176 3360 3254 3414 sic
3300 3358 3486 3437 verbis
3535 3374 3673 3411 con-

1990 3431 2572 3509 ceptis'sequentibus
2602 3434 3249 3509 explicatrRatramnus:
3293 3431 3383 3509 ᾼη
3427 3432 3544 3484 sine
3582 3444 3674 3509 cu-

1980 3502 2295 3579 juscunque
2336 3509 2598 3579 veliatione
2652 3502 2901 3576 mysterii
2963 3506 3056 3579 hoc
3104 3506 3383 3579 intueatur
3429 3502 3670 3579 corporis

1989 3572 2248 3639 exterius,
2283 3578 2427 3647 quod
2457 3579 2647 3631 mentis
2680 3572 2829 3631 visus
2876 3577 3113 3647 aspiciat
3152 3575 3398 3627 interius.
3434 3572 3672 3647 insuper

1991 3667 2059 3704 ex
2099 3642 2309 3704 abbate
2332 3649 2608 3702 Abbaudo
2648 3648 2802 3701 idem
2852 3642 3275 3715 intelligimus,
3304 3642 3672 3715 apud_quem_

1990 3722 2112 3775 hare
2143 3736 2246 3773 vox
2276 3720 2543 3772 eumdem
2575 3734 2803 3771 sensum
2839 3723 2895 3769 et
2923 3711 3090 3769 usum
3133 3714 3307 3767 subiit
3340 3711 3353 3766 Ξ
3386 3712 3491 3767 Sed
3522 3711 3677 3765 aliud

1989 3797 2067 3847 est
2108 3807 2224 3845 cum
2252 3790 2316 3843 de
2338 3792 2564 3843 veritate
2593 3788 2878 3856 cujuslibet
2916 3787 2997 3839 rei
3032 3785 3322 3856 secundum
3367 3784 3674 3856 proprieta-

1991 3869 2093 3917 tem
2134 3863 2274 3928 facti
2298 3854 2769 3928 quacriturmliud,
2802 3873 2918 3911 cum
2959 3858 3101 3928 facti
3147 3854 3384 3921 ejusdem
3441 3854 3671 3928 mystica

1989 3926 2141 3988 ratio
2162 3926 2443 3998 allegorice
2468 3931 2776 3983 discutitur.
2824 3929 2890 3981 Et
2927 3926 3256 3979 continetur
3290 3940 3302 3976 :
3347 3926 3486 3998 Quia
3519 3939 3674 3976 vera-

1989 4006 2121 4058 citer
2150 3993 2340 4072 corpus
2373 4002 2578 4057 Christi
2605 3998 2853 4072 manibus
2887 3999 3173 4072 frangitur
3209 3993 3523 4072 sacerdotis,
3561 4008 3673 4072 non

1990 4090 2148 4127 secus
2187 4063 2253 4126 ac
2277 4071 2435 4142 prior
2489 4071 2665 4124 sancti
2722 4067 2956 4121 Victoris
3016 4066 3356 4142 G_iialterii_is,
3410 4079 3538 4142 cum
3584 4063 3678 4116 ob-

1991 4150 2177 4199 servat
2241 4134 2645 4211 B‘erengarium
2713 4145 2970 4193 coactum
3047 4137 3220 4211 fuisse
3277 4134 3673 4211 fateri__uerum

1989 4230 2179 4284 corpus
2224 4220 2272 4268 et
2296 4206 2619 4278 sanguinem
2677 4212 2882 4284 Christi
2929 4223 3076 4284 esse;
3136 4208 3187 4260 et
3227 4206 3599 4284 _sensuatiter__
3629 4209 3678 4257 et

176 4290 572 4338 convertuntur
618 4300 833 4338 carnem
879 4293 973 4339 aut
1016 4274 1354 4352 sanguinem,
1387 4286 1485 4339 lib.
1537 4285 1602 4338 de
1649 4288 1877 4353 Corpore
1905 4295 1948 4349 Ι)
1985 4274 2093 4339 nor;
2120 4287 2290 4339 solum
2343 4274 2697 4347 sacramento,
2750 4280 2845 4335 sed
2898 4280 3367 4353 etiam‘verttate,
3427 4274 3677 4353 manilius

178 4361 231 4427 et
292 4355 576 4427 Sanguine
653 4357 881 4422 Christi,
947 4358 1132 4427 capite
1230 4360 1319 4421 20,
1389 4360 1445 4408 et
1510 4356 1715 4408 eodem
1782 4372 1872 4409 ca-

179 4426 321 4495 pite,
371 4426 638 4477 observat
692 4442 795 4479 sua
837 4426 1339 4480 mtate’exstitisse
1398 4432 1773 4479 monumenta
1823 4432 1878 4480 et

182 4498 359 4548 libros
392 4511 493 4547 seu
525 4496 748 4567 codices
780 4513 845 4549 ex
894 4498 1102 4567 quibus
1134 4504 1253 4551 erat
1296 4498 1640 4567 intelligere,
1682 4500 1875 4566 plures

181 4567 467 4619 exstitisse
526 4566 793 4638 homines
834 4566 1144 4637 theologos,
1207 4568 1304 4638 qui
1366 4568 1423 4621 in
1486 4585 1551 4621 ea
1610 4568 1875 4621 suasione

179 4643 644 4706 permanserant,
678 4636 891 4691 scilicet
916 4636 1121 4709 corpus
1173 4636 1378 4693 Christi
1432 4639 1488 4692 in
1531 4639 1876 4691 eucharistia

181 4713 514 4777 susceptum
556 4722 678 4761 esse
728 4709 1030 4778 digestioni
1061 4715 1115 4762 et
1153 4710 1446 4763 aﬁ'ectibus
1486 4714 1874 4762 excremento-

182 4794 308 4849 rum
341 4779 677 4831 obnoxium.
714 4778 848 4841 Quae
885 4796 969 4832 res
998 4781 1043 4832 si
1090 4780 1170 4833 ita
1192 4782 1324 4845 sint,
1374 4779 1545 4849 hujus
1591 4778 1876 4849 opinionis

179 4847 709 4920 initiumrtempore
739 4850 923 4903 Caroli
954 4850 1109 4904 Calvi
1134 4850 1404 4903 constitui
1442 4847 1601 4920 posse
1631 4847 1872 4915 videtur,

181 4934 295 4988 quo
338 4919 559 4971 scilicet
604 4935 772 4972 suum
827 4926 1127 4973 tractatum
1176 4919 1491 4990 composuit
1544 4921 1877 4973 Paschasius

182 4995 236 5062 et
263 4990 615 5043 Batramnus
650 5006 818 5062 suum
850 4992 1091 5061 scripsit.
1114 4992 1190 5045 Ex
1224 5008 1337 5062 quo
1364 4996 1518 5061 patet
1547 4991 1876 5060 planissime

184 5060 447 5129 frangere
482 5065 538 5112 et.
564 5060 857 5113 confutare
886 5060 1128 5115 voluisse
1177 5060 1317 5116 duas
1342 5060 1665 5132 opiniones,
1713 5077 1875 5130 asque

186 5136 240 5182 et
268 5132 488 5198 pariter
545 5132 809 5184 adversas
865 5132 1135 5186 doctrinae
1191 5133 1446 5186 Ecclesiae
1503 5132 1791 5185 catholicae
1822 5138 1876 5184 et

186 5200 426 5273 somniis
460 5206 651 5273 sectae
712 5202 1103 5256 Calvinisticze.
1173 5203 1393 5273 Quippe
1443 5218 1572 5255 cum
1628 5204 1877 5254 enitatur

187 5272 427 5340 probare
454 5271 515 5324 in
542 5280 897 5326 sacramento
925 5275 1177 5342 corporis
1208 5271 1415 5329 Christi
1473 5274 1723 5343 aliquam
1756 5287 1877 5343 esse

190 5344 431 5415 ﬁguram
465 5348 524 5395 et
554 5344 662 5415 hoc
690 5359 911 5415 corpus
942 5345 1148 5398 Christi
1199 5345 1346 5415 quod
1388 5344 1445 5397 in
1480 5361 1546 5415 eo
1578 5342 1675 5396 itit
1700 5342 1875 5415 sensi-

190 5411 293 5485 bus
322 5429 436 5466 non
494 5414 720 5483 subjici,
754 5416 1025 5468 adversus
1051 5432 1148 5467 eos
1202 5411 1303 5485 qui
1333 5414 1610 5467 tuendum
1647 5413 1876 5483 recipie-

190 5482 322 5557 bant
350 5484 570 5557 nullam
604 5482 693 5538 fin
748 5502 816 5539 eo
869 5501 993 5539 esse
1048 5482 1316 5557 ﬁguram,
1367 5482 1877 5557 quonia_m_corpus

194 5553 395 5607 Christi
426 5554 486 5607 in
518 5571 586 5608 ea
615 5560 736 5610 erat
767 5557 1027 5611 sensibus
1059 5553 1463 5626 subjectum—et
1490 5554 1731 5609 visibile.

258 5659 280 5685 ι
308 5647 371 5698 In
405 5651 662 5713 mysterio
678 5648 789 5717 ﬂat
845 5665 916 5701 an
973 5651 1031 5701 in
1072 5650 1320 5703 veritate.
1375 5645 1588 5699 Veritas
1648 5659 1766 5697 rem
1809 5656 1876 5696 eo

1985 4357 2321 4411 sacerdotum
2378 4355 2629 4419 tractari,
2680 4345 2732 4425 et
2766 4354 2997 4425 frangi,
3044 4351 3093 4425 et
3145 4345 3677 4425 ﬁdeliumdentious

1986 4430 2168 4481 atteri.
2198 4426 2339 4478 Eum
2370 4416 2625 4477 sensum'
2652 4422 2901 4474 subierat
2928 4416 3094 4489 apud
3149 4416 3512 4489 Paschasium
3563 4416 3663 4489 lib.

1986 4514 2059 4551 xu
2132 4496 2508 4565 Expositiouis
2587 4492 2672 4565 Ain
2771 4485 3153 4565 Mattlueum:
3227 4485 3489 4565 Quando_
3547 4486 3679 4565 jam

1983 4571 2131 4621 ultra
2195 4556 2299 4619 non
2353 4569 2508 4618 erunt
2582 4563 2693 4615 hac
2748 4563 2977 4628 mystica
3042 4563 3401 4623 sacramenta,
3466 4557 3524 4608 in
3572 4556 3678 4623 ﬁde

1983 4642 2161 4706 reipsu
2192 4638 2411 4697 veritas,
2453 4649 2570 4702 quae
2612 4633 2789 4685 adhuc
2840 4636 2977 4706 recte
3032 4630 3218 4706 agitur
3271 4630 3328 4706 in
3386 4628 3668 4706 mysterio,

1985 4699 2096 4761 luce
2121 4709 2321 4761 clarius
2342 4699 2627 4770 referetur,
2665 4707 2713 4755 ct
2772 4704 2876 4776 erit
2934 4700 3176 4776 omnibus
3221 4699 3409 4776 palam
3536 4699 3678 4776 frui-

1982 4782 2127 4833 tione
2155 4777 2296 4845 quod
2333 4769 2473 4829 nunc
2510 4775 2771 4828 sumimus
2796 4774 2851 4825 in
2910 4771 3200 4845 mysterio.
3254 4769 3363 4845 ttes
3396 4769 3536 4845 satis
3562 4769 3679 4845 vul-

1984 4858 2113 4919 gata
2143 4837 2246 4919 fuit
2275 4848 2474 4919 mediae
2507 4845 2690 4919 astatis
2717 4859 2852 4895 usus
2874 4841 3025 4893 vocis
3061 4840 3336 4919 veritatis,
3396 4837 3461 4919 ad
3496 4837 3675 4903 signi-

1985 4909 2265 4973 ﬁcandam
2324 4917 2407 4970 rei
2457 4914 2891 4985 probationem‘
2923 4926 3023 4985 seu
3078 4909 3671 4985 demonstrationem;

1985 4991 2199 5061 quippe
2237 5004 2366 5061 cum
2407 4976 2669 5061 constans
2701 4986 2849 5037 esset
2879 4981 3116 5059 hujusce
3144 4978 3302 5057 vocis
3332 4992 3467 5061 usus
3502 4976 3674 5061 adsif

1984 5048 2794 5131 gniiicandas_testiﬁcationes
2828 5048 2969 5123 quas
3023 5051 3101 5129 in.
3133 5048 3228 5127 jus
3272 5048 3453 5100 vocati
3502 5048 3674 5131 testes

1985 5119 2241 5200 proferre
2269 5129 2480 5200 solent,
2532 5125 2739 5197 quibus
2796 5119 3277 5200 reapsecrimina
3326 5132 3440 5169 non
3490 5119 3677 5200 censio

1985 5190 2141 5254 stunt
2168 5199 2227 5252 in
2264 5215 2343 5261 se,
2388 5190 2484 5250 sed
2543 5190 2741 5249 eorum
2804 5190 2913 5265 pro
2952 5192 3170 5245 ationes
3216 5193 3286 5265 _et
3324 5190 3673 5265 argumenta

1985 5272 2153 5325 ﬁrma
2180 5275 2236 5322 et
2265 5255 2491 5322 invicta.
2537 5267 2607 5320 Ut
2645 5255 3000 5337 abundanter
3031 5266 3185 5337 patet
3212 5258 3272 5337 in
3313 5255 3672 5337 consuetudi-

1984 5343 2140 5395 nibus
2172 5340 2508 5402 insularum,
2541 5337 2630 5408 tit.
2676 5353 2715 5403 ι,
2746 5336 2961 5408 articul.
3100 5338 3155 5384 et
3209 5332 3296 5408 20,
3333 5333 3388 5381 et
3423 5326 3482 5380 in
3511 5325 3677 5408 libuer-

1986 5414 2197 5465 tatibus
2231 5409 2385 5461 urbis
2414 5399 2589 5461 sancti
2614 5399 2981 5468 Desiderii,in
3006 5401 3317 5469 Campania
3349 5413 3499 5451 anno
3542 5399 3677 5450 1228

1989 5482 2048 5535 in
2082 5481 2323 5535 concilio
2355 5477 2556 5549 Coyaci
2596 5476 2811 5549 habito,
2867 5473 3266 5549 in_Hisp_a_nia,
3327 5484 3481 5549 anno

1986 5567 2200 5607 canone
2230 5554 2282 5611 9.
2317 5539 2496 5605 relato
2524 5546 2674 5618 apud
2706 5539 3362 5615 Ducangium,'Glossarii
3384 5543 3542 5592 tomo
3577 5539 3672 5597 Ill.

1987 5623 2308 5693 pag.t283.
