4164 6182
421 196 511 252 131

1578 174 1932 236 ΒΑἸἪᾹΜΝΙ
1970 176 2424 233 CORBEIENSIS
2455 176 2768 233 MONACHI

3812 181 3918 231 13'2

418 330 552 379 sunt
581 324 708 390 ista,
740 320 1007 375 videlicet
1048 332 1251 388 corpus
1282 318 1337 368 et
1386 312 1715 383 sanguinsm
1751 310 1977 365 Christi.
2002 319 2025 344 ι
2052 309 2107 365 Si
2139 311 2177 363 Α
2225 308 2550 380 accipiatur,
2580 306 2605 344 ἀ
2633 308 2725 362 sed
2774 312 2960 362 totum
3002 306 3061 361 in
3110 307 3348 361 veritate
3382 308 3788 380 conspiciatur,
3824 310 3917 363 ni-

420 414 572 467 enim
609 412 763 466 nulla
809 409 913 462 sub
969 406 1157 477 ﬁgura
1211 402 1545 475 mysterium
1595 400 1735 455 illud
1789 400 2102 470 peragitur,

412 504 532 572 jam
569 498 899 571 mysterium
929 512 1043 551 non
1078 498 1225 548 recte
1255 492 1554 546 vocitatur.
1586 489 1865 553 Quoniam
1892 492 2106 557 myste—

418 591 566 643 rium
600 589 710 643 dici
743 604 855 642 non
889 587 1095 656 potest,
1133 583 1188 636 in
1223 597 1336 651 quo
1367 579 1509 633 nihil
1538 583 1621 631 est
1651 577 1928 642 abditum,
1964 576 2105 629 nihil

418 695 449 731 ει
480 676 872 748 corporalibus
900 672 1159 727 sensibus
1190 673 1501 735 remotum,
1541 666 1681 721 nihil
1731 665 1925 735 aliquo
1955 665 2104 718 vela-

417 767 570 821 mine
601 770 941 819 contectum.
1004 764 1075 814 At
1133 759 1228 812 ille
1281 757 1444 828 panis
1496 756 1594 827 qui
1653 770 1755 825 per
1800 753 2106 807 sacerdotis

418 854 797 909 ministerium
830 848 1036 905 Christi
1096 862 1303 917 corpus
1357 844 1679 909 conﬁcitur,
1737 841 1891 895 aliud
1950 846 2102 894 exte-

416 943 535 996 rius
586 938 852 995 humanis
904 935 1183 989 seusibus-
1221 934 1487 998 ostendit,
1548 936 1604 985 et
1665 930 1817 984 aliud
1866 929 2107 983 interius

416 1029 672 1083 ﬁdelium
710 1024 995 1079 mentibus
1025 1025 1252 1077 clamat.
1288 1020 1547 1076 Exterius
1584 1018 1814 1090 quidem
1846 1031 1870 1071 b
1915 1016 2104 1087 panis,

416 1117 569 1188 quod
598 1121 726 1169 ante
772 1114 977 1177 fuerat,
1020 1111 1203 1165 forma
1263 1108 1661 1180 praetenditur,
1721 1108 1878 1161 color
1917 1110 2103 1160 osten-

415 1206 582 1263 ditur,
611 1219 780 1274 sapor
807 1201 1081 1272 accipitur
1113 1217 1125 1254 :
1159 1203 1244 1253 ast
1272 1198 1512 1252 interius
1542 1197 1714 1266 longe
1742 1194 1894 1249 aliud
1925 1195 2104 1249 multo

414 1292 720 1362 pretiosius
787 1291 1082 1361 multoque
1149 1287 1519 1343 excellentius
1587 1286 1909 1351 intimatur,
1968 1283 2105 1354 quia

415 1382 662 1447 caeleste,
693 1378 829 1449 quia
857 1377 1137 1444 divinum,
1168 1376 1225 1429 id
1255 1380 1340 1430 est
1367 1374 1575 1430 Christi
1626 1389 1855 1444 corpus,
1905 1377 2103 1425 osten-

413 1469 589 1533 ditur,
623 1468 773 1539 quod
816 1483 931 1520 non
982 1465 1239 1519 sensibus
1287 1463 1492 1530 carnis,
1544 1463 1640 1517 sed
1692 1460 1869 1515 animi
1922 1460 2105 1514 ﬁdelis

415 1556 673 1611 contuitu
705 1556 789 1608 vel
824 1554 1116 1623 aspicitur,
1168 1552 1252 1605 vel
1305 1551 1598 1620 accipitur,
1642 1549 1724 1601 vel
1759 1547 2098 1601 eomeditur.

483 1648 545 1701 Χ.
589 1646 793 1698 Vinum
825 1658 1077 1713 quoque,
1110 1640 1261 1710 quod
1294 1638 1628 1693 sacerdotali
1674 1635 2101 1689 consecratione

2135 1607 2173 1660 Β

2221 397 2300 450 hil
2333 397 2425 451 hic
2473 398 2613 449 ﬁdes
2640 401 2931 466 Operatur,
2972 394 3246 466 quoniam
3278 395 3422 448 nihil
3455 395 3713 465 sp'ritale
3759 396 3913 465 geri-

2215 489 2343 551 tur;
2374 485 2469 538 sed
2504 484 2785 555 quidquid
2817 483 2956 537 illud
2990 488 3095 549 est,
3127 488 3310 537 totum
3344 485 3652 537 secundum
3706 501 3914 556 corpus

2218 574 2513 643 accipitur.
2551 574 2611 626 Et
2669 588 2797 625 cum
2852 572 3018 639 ﬁdes,
3077 571 3389 625 secundum
3443 574 3807 642 Apostolum,
3841 576 3915 627 sit

2213 677 2394 715 rerum
2446 665 2821 731 argumentum
2878 675 2983 713 non
3031 662 3409 728 apparentium
3462 660 3645 728 (IIebr.
3694 678 3769 727 xi,
3838 662 3909 731 t),

2214 749 2270 803 id
2295 755 2377 802 est
2408 765 2522 803 non
2556 764 2753 802 earum
2784 764 2911 818 quae
2945 748 3229 812 videntur,
3264 748 3358 801 sed
3391 764 3518 818 quin
3551 764 3667 802 non
3702 749 3909 803 viden-

2214 843 2309 891 tur
2336 837 2809 899 substantiarum,
2861 836 3001 890 nihil
3034 836 3125 890 hic
3178 836 3490 890 secundum
3546 837 3717 891 ﬁdem
3760 838 3911 890 acci-

2213 928 2457 997 piemus,
2479 926 2753 997 quoniam
2787 924 3069 996 quidquid
3101 925 3307 990 existit,
3331 925 3645 979 secundum
3706 942 3910 979 sensus

2210 1014 2465 1085 corpoxis
2499 1013 2895 1084 dijudicamus.
2954 1014 3015 1067 Et
3058 1013 3198 1067 nihil
3249 1014 3551 1067 absurdius
3592 1030 3766 1085 quam
3807 1030 3908 1083 pa-

2212 1119 2344 1157 nem
2376 1118 2605 1156 carnem
2635 1102 2908 1173 accipere,
2943 1106 2999 1155 et
3033 1102 3229 1156 vinum
3276 1101 3614 1171 sanguinem
3665 1103 3855 1156 dicere
3892 1120 3905 1157 :

2213 1208 2315 1245 nec
2341 1192 2460 1260 jam
2491 1191 2829 1261 mysterium
2861 1190 2988 1255 erit,
3037 1190 3094 1244 in
3139 1206 3252 1261 quo
3303 1191 3443 1245 nihil
3497 1192 3722 1260 secreti,
3757 1191 3902 1246 nihil

2214 1280 2392 1334 abditi
2424 1278 2828 1333 continebitur.

2284 1369 2398 1423 XII.
2452 1369 2515 1422 Et
2561 1366 2847 1438 quomodo
2888 1367 3008 1437 jam
3049 1382 3255 1438 corpus
3300 1366 3509 1421 Christi
3562 1368 3774 1422 dicitur
3806 1370 3905 1439 [aL

2214 1454 2482 1528 dicetur],
2516 1455 2573 1510 in
2608 1473 2721 1527 quo
2754 1456 2913 1510 nulla
2942 1455 3289 1526 permutatio
3329 1456 3472 1511 facta
3522 1472 3641 1510 esse
3690 1473 3912 1526 cogno-

2213 1544 2428 1599 scitur?
2459 1544 2656 1599 Omnis
2688 1544 2841 1599 enim
2903 1544 3246 1615 permutatio
3282 1548 3378 1621 aut
3419 1561 3483 1598 ex
3523 1560 3588 1598 eo
3620 1546 3767 1616 quod
3822 1552 3910 1599 est

2212 1635 2271 1687 in
2304 1634 2358 1687 id
2386 1634 2536 1703 quod
2568 1639 2655 1687 est
2685 1634 2950 1699 efficitur,
2983 1638 3081 1687 aut
3102 1649 3166 1686 ex
3195 1649 3262 1687 eo
3285 1622 3436 1704 quod
3470 1639 3553 1687 est
3582 1634 3640 1687 in
3670 1634 3722 1687 id
3749 1636 3904 1705 quod

414 1734 617 1789 Christi
650 1731 944 1801 sanguinis
974 1730 1220 1783 efﬁcitur
1242 1731 1682 1791 sacramentum,
1718 1724 1871 1778 aliud
1903 1734 2328 1811 superﬁav‘non
2363 1728 2464 1789 est,
2500 1727 2599 1775 aut
2644 1738 2709 1775 ex
2743 1738 2809 1775 eo
2838 1721 3106 1799 quod/est
3135 1722 3215 1811 in,
3243 1722 3297 1775 id
3350 1723 3499 1811 quod
3544 1726 3657 1811 est.
3698 1722 3761 1775 In
3795 1722 3905 1776 isto

414 1824 537 1877 ticie
568 1826 734 1876 tenus
792 1818 1064 1883 ostendis,
1135 1816 1289 1870 aliud
1346 1814 1584 1869 interius
1607 1812 1897 1884 [continet
1957 1812 2169 1891 Quid
2204 1810 2400 1864 autem
2433 1814 2809 1873 sacramento,
2862 1810 2907 1862 si
2948 1814 3172 1863 tantum
3203 1810 3262 1863 in
3320 1810 3576 1864 veritatis
3619 1810 3907 1881 simplici-

414 1912 567 1964 enim
601 1908 756 1962 aliud
790 1908 849 1961 in
902 1904 1200 1975 superﬁcie
1232 1920 1402 1974 quam
1452 1902 1769 1956 substantia
1816 1900 1933 1954 vini
1964 1916 2099 1954 con-

413 1997 692 2070 spicitur?
720 1998 913 2061 Gusta,
950 1994 1143 2047 vinum
1176 1993 1354 2062 sapit;
1399 1992 1593 2056 odora,
1629 1990 1822 2043 vinum
1851 1988 2102 2055 redolet;

414 2086 654 2156 inspice,
688 2082 806 2136 vini
838 2083 995 2135 color
1023 2081 1297 2135 intuetur.
1325 2082 1397 2133 At
1426 2079 1662 2132 interius
1682 2078 1726 2131 si
1756 2078 2100 2143 consideres,

407 2175 528 2243 jam
559 2188 675 2226 non
716 2172 904 2241 liquor
960 2169 1095 2232 vini,
1153 2168 1250 2221 sed
1310 2168 1501 2237 liquor
1560 2165 1855 2235 sanguinis
1898 2166 2101 2220 Christi

414 2259 768 2315 credentium
803 2257 1089 2312 mentibus
1119 2261 1174 2309 et
1202 2255 1348 2327 sapit
1379 2256 1515 2309 dum
1538 2258 1889 2324 gustatur,et
1917 2270 2100 2324 agno-

414 2350 590 2403 scitur
622 2349 759 2403 dum
790 2345 1161 2415 conspicitur,
1214 2350 1269 2398 et
1300 2343 1572 2414 probatur
1619 2343 1755 2396 dum
1806 2342 2097 2396 odoratur.

417 2441 543 2492 "th
575 2437 651 2491 ita
685 2452 804 2489 esse
834 2435 967 2489 dum
1001 2449 1172 2487 nemo
1211 2438 1395 2504 potest
1420 2433 1724 2501 abnegare,
1753 2432 1925 2485 claret
1968 2432 2103 2502 quia

415 2539 433 2559 τ
459 2525 621 2596 panis
644 2524 741 2577 ille
769 2524 1082 2593 vinumque
1123 2521 1365 2591 ﬁgurate
1406 2520 1613 2574 Coristi
1644 2536 1846 2591 corpus
1894 2524 1949 2573 et
1978 2535 2102 2573 san-

414 2614 541 2683 guis
567 2611 775 2667 existit.
822 2611 943 2665 Non
976 2609 1129 2663 enim
1180 2608 1493 2663 secundum
1529 2608 1679 2678 quod
1734 2608 1960 2661 videtur
2011 2608 2101 2660 vel

414 2702 601 2755 carnis
628 2700 844 2770 species
883 2699 941 2753 in
988 2698 1086 2752 illo
1116 2714 1261 2768 pane
1319 2698 1701 2767 cognoscitur,
1751 2697 1840 2749 vel
1892 2696 1953 2749 in
2004 2696 2101 2749 illo

415 2791 547 2844 vino
603 2788 819 2843 cruoris
886 2788 1039 2841 unda
1098 2791 1476 2852 monstratur;
1533 2801 1659 2839 cum
1718 2789 1907 2837 tamen
1972 2789 2103 2854 post

416 2878 710 2949 mysticam
750 2874 1235 2929 consecrationem
1266 2889 1370 2927 nec
1399 2872 1563 2943 panis
1598 2872 1714 2942 jam
1758 2872 1966 2926 dicitur
1996 2888 2101 2926 nec

412 2966 630 3030 vinum,
673 2964 767 3017 sed
800 2962 1006 3017 Christi
1039 2978 1241 3032 corpus
1272 2967 1326 3014 et
1354 2960 1603 3030 sanguis.

484 3054 568 3108 ΧΙ.
602 3053 741 3106 Nam
772 3051 817 3105 si
844 3049 1156 3105 secundum
1199 3048 1475 3119 quosdam
1524 3048 1765 3117 ﬁgurate
1813 3046 1959 3101 nihil
2008 3044 2102 3102 hic

1762 1964 1953 1974 ψ

1574 1966 1757 1977 M

481 3225 503 3253 ι
530 3212 592 3267 Si
620 3214 759 3265 enim
801 3211 955 3265 nulla
985 3209 1082 3264 sub
1111 3211 1290 3280 ﬁgura
1320 3206 1830 3280 mysteriumhillud
1871 3209 2100 3276 peragi-

413 3290 521 3338 tur.
578 3282 694 3336 Hoc
726 3282 936 3335 iterum
979 3276 1209 3351 repetit,
1262 3276 1550 3351 utomnes
1579 3276 1835 3351 afﬁietim
1866 3294 2099 3351 __cogno-

411 3359 568 3408 scant
594 3354 861 3407 adversus
893 3368 990 3405 eos
1034 3347 1396 3404 solummodo
1446 3362 1632 3418 agere,
1685 3348 1784 3418 qui
1834 3347 1940 3399 sibi
1971 3364 2099 3418 per-

412 3425 728 3478 suadebant
761 3428 943 3477 totum
976 3421 1123 3490 quod
1159 3422 1217 3472 in
1266 3416 1618 3483 Eucharistia
1644 3416 1731 3490 ﬁt
1760 3434 1879 3469 esse
1928 3417 2101 3490 sensi-

412 3496 518 3547 bus
550 3494 890 3560 subjectum.
925 3486 1010 3555 ιε(
1048 3490 1535 3560 οχίοωιιγρτοΐενι,
1572 3486 1735 3539 valde
1786 3487 2099 3556 propitium

413 3557 733 3625 sententia),
767 3567 823 3613 et
869 3561 1040 3613 rebus
1087 3559 1344 3612 Ecclesia:
1390 3557 1636 3611 maxime
1683 3563 2096 3626 opportunum,

412 3632 625 3685 scilicet
670 3631 888 3685 nullum
940 3628 1246 3682 consistere
1307 3644 1468 3697 posse
1496 3627 1852 3695 mysterium,
1896 3626 1952 3680 in
1985 3644 2099 3697 quo

412 3702 556 3757 nihil
589 3702 660 3755 sit
691 3700 1046 3754 reconditum
1084 3703 1139 3752 et
1181 3700 1486 3751 occultum.
1549 3700 1762 3751 Itevera
1807 3714 1920 3752 non
1962 3698 2101 3751 dicit

412 3779 597 3827 totum
639 3788 758 3825 esse
802 3771 1008 3826 debere
1048 3769 1403 3824 reconditum
1447 3774 1500 3823 et
1532 3774 1835 3834 secretum,
1870 3769 1951 3823 uti
1990 3769 2095 3821 sibi

413 3844 639 3915 ﬁngunt
688 3842 1018 3915 Calviniani
1079 3845 1487 3915 protestantes,
1548 3839 1645 3908 qui
1699 3839 1803 3915 sibi
1861 3856 2095 3910 persua-

412 3910 547 3969 dent
577 3914 721 3969 nihil
771 3914 830 3967 in
862 3910 1205 3968 eucharistia
1261 3927 1381 3965 esse
1435 3916 1646 3981 praeter
1695 3910 2002 3980 ﬁguratum
2045 3915 2099 3965 et

410 3990 662 4057 trOpum.

481 4050 692 4111 sensus
749 4054 928 4125 igitur
982 4052 1275 4108 Ratramni
1338 4052 1406 4105 ab
1466 4050 1723 4125 Ecclesiae
1783 4068 1947 4105 sensu
1981 4069 2093 4106 non

410 4127 620 4192 differt,
652 4122 799 4197 qua;
813 4127 1163 4197 aliquantam
1194 4123 1553 4197 recognoscit
1583 4122 2095 4197 tigu‘ram,_nt_ips_e

2133 2903 2173 2957 C

2211 1904 2326 1954 tate
2356 1898 2770 1963 consideretur,
2804 1903 2861 1952 et
2890 1915 3001 1952 non
3044 1899 3197 1953 aliud
3230 1898 3497 1952 credatur
3522 1915 3694 1970 quam
3746 1900 3902 1968 quod

2212 1988 2505 2059 aspicitur,
2548 1988 2705 2040 nulla
2754 1986 3099 2057 permutatio
3151 1987 3294 2041 facta
3346 1986 3723 2057 cognoscitur.
3760 1988 3905 2042 Nam

2213 2092 2315 2129 nec
2347 2093 2413 2129 ex
2442 2092 2509 2128 eo
2538 2075 2687 2146 quod
2722 2091 2837 2129 non
2866 2079 3004 2141 erat,
3064 2075 3325 2129 transivit
3379 2075 3437 2129 in
3497 2076 3713 2147 aliquid
3745 2078 3903 2147 quod

2212 2165 2304 2232 sit,
2340 2165 2629 2235 quomodo
2652 2164 2715 2217 ﬁt
2748 2164 3019 2217 transitus
3076 2164 3135 2217 in
3188 2164 3359 2217 rebus
3413 2165 3797 2233 nascentibus,
3832 2167 3906 2219 si-

2211 2253 2445 2323 quidem
2480 2269 2592 2307 non
2626 2257 2791 2306 erant
2845 2252 3025 2323 prius,
3077 2252 3171 2305 sed
3226 2256 3289 2306 ut
3321 2252 3454 2317 sint,
3503 2269 3568 2307 ex
3623 2270 3739 2308 non
3781 2270 3906 2308 esse

2213 2341 2280 2395 ad
2325 2342 2381 2395 id
2422 2342 2576 2412 quod
2630 2346 2716 2395 est
2754 2357 2875 2395 esse
2929 2340 3230 2395 transitum
3292 2340 3568 2396 fecerunt.
3632 2343 3731 2397 llic
3770 2359 3905 2397 vero

2210 2430 2377 2501 panis
2405 2436 2457 2484 et
2486 2429 2681 2484 vinum
2718 2430 2877 2500 prius
2927 2430 3086 2483 fuere
3127 2445 3297 2500 quam
3356 2430 3663 2484 transitum
3716 2431 3775 2485 in
3808 2448 3903 2485 sa-

2211 2524 2566 2573 cramentum
2599 2518 2853 2589 corporis
2901 2523 2955 2571 et
3016 2517 3314 2589 sanguinis
3364 2518 3570 2572 Christi
3620 2520 3899 2574 fecerunt.

2210 2606 2316 2661 Sed
2355 2622 2455 2659 nec
2484 2606 2579 2659 ille
2610 2605 2883 2659 transitus
2911 2605 3006 2676 qui
3038 2606 3101 2659 ﬁt
3131 2621 3195 2659 ex
3237 2622 3303 2658 eo
3351 2606 3500 2677 quod
3557 2611 3641 2659 est
3670 2623 3791 2659 esse.
3827 2608 3899 2661 ad

2210 2696 2267 2750 id
2300 2695 2454 2766 quod
2494 2700 2577 2748 est
2626 2711 2739 2749 non
2797 2709 2937 2762 esse,
2998 2695 3094 2765 qui
3148 2693 3418 2747 transitus
3475 2695 3529 2747 in
3588 2695 3757 2748 rebus
3800 2713 3905 2766 per

2210 2784 2493 2839 defectum
2564 2799 2824 2837 occasum
2891 2782 3243 2853 patientibus
3303 2783 3525 2836 existit:
3615 2784 3898 2854 quidquid

2211 2873 2359 2927 enim
2392 2872 2607 2938 interit,
2657 2872 2818 2941 prius
2873 2871 3232 2925 subsistendo
3291 2872 3417 2937 fuit,
3478 2872 3899 2927 necinteritum

2210 2966 2327 3033 pati
2360 2965 2546 3030 potest
2577 2961 2728 3030 quod
2764 2976 2876 3013 non
2905 2960 3045 3025 fuit;
3067 2959 3158 3011 hic
3181 2974 3409 3029 quoque
3443 2974 3555 3011 non
3590 2959 3694 3011 iste
3714 2965 3901 3012 trans-

2210 3052 2322 3105 itus
2352 3050 2532 3105 factus
2583 3064 2703 3102 esse
2770 3047 3200 3117 cognoscitur,e
3249 3046 3519 3118 quoniam
3579 3048 3894 3101 secundum

2210 3226 2328 3263 ram
2379 3213 2680 3263 convertere
2733 3209 2913 3277 potuit
2978 3210 3035 3260 in
3090 3208 3376 3275 proprium
3422 3222 3635 3274 corpus,
3683 3212 3813 3263 etc..
3844 3215 3905 3263 et

2210 3296 2452 3334 numero
2478 3295 2577 3332 xxx
2607 3298 2623 3332 :
2660 3280 2753 3331 sed
2782 3294 2900 3331 vere
2924 3293 3024 3346 per
3052 3280 3367 3343 mysterium
3394 3293 3587 3345 panem
3618 3282 3668 3330 et
3711 3280 3904 3332 vinum

2208 3353 2264 3404 in
2295 3353 2535 3418 corporis
2566 3354 2615 3402 et
2645 3351 2929 3414 sanguinis
2956 3352 3058 3401 mei
3087 3363 3341 3401 conversa
3388 3348 3768 3402 substantiam.
3810 3351 3896 3404 Ad
3956 3363 3963 3369 '

2209 3426 2461 3473 mentem
2527 3420 2703 3471 sancti
2763 3419 2959 3487 Cyrilli
3014 3418 3535 3487 llierosolymitani,
3605 3420 3900 3475 Catechesi

2208 3489 2581 3559 Mystagogica
2634 3505 2685 3541 tv
2737 3504 2750 3541 :
2794 3492 2969 3561 Ταῦτα
2991 3490 3168 3561 {inﬁdis
3211 3494 3296 3540 καὶ
3318 3489 3721 3561 πληροφορηθεὶς
3754 3492 3821 3551 ὡς
3873 3494 3899 3543 ὁ

2224 3564 2505 3631 ξαινόμενος
2550 3560 2702 3631 ἄρτος
2752 3558 2842 3609 οὐκ
2890 3558 3042 3631 ἄρτος
3087 3558 3245 3625 ἐστὶν,
3302 3560 3343 3609 εἰ
3393 3558 3690 3629 Mysum
3742 3569 3899 3613 τοῦτο

2224 3580 2505 3630 καινομενος
2550 3580 2702 3631 apto;
2752 3580 2842 3609 ουκ
2890 3580 3042 3631 apto;
3087 3580 3245 3625 εστιν,
3302 3580 3343 3609 ει
3393 3580 3477 3609 και
3518 3580 3690 3629 genus:
3742 3580 3895 3613 τουτο

2210 3580 2466 3695 gauli-cat,
2501 3628 2633 3680 (me
2674 3630 2731 3679 τὸ
2764 3638 2914 3700 σῶμα
2954 3635 3203 3702 Χριστοῦι
3238 3634 3323 3679 καὶ
3353 3632 3378 3679 ὁ
3415 3632 3705 3701 φαινόμενος
3737 3628 3895 3693 οἶνος,

2208 3702 2300 3751 οὐκ
2348 3698 2499 3767 οἶνος,
2552 3700 2593 3751 εἰ
2642 3704 2727 3750 καὶ
2783 3702 2810 3757 ἡ
2844 3698 3035 3769 ’γεῦσὶς
3078 3708 3229 3751 τοῦτο
3274 3698 3718 3771 βού).ἐται,’ἀλλὰ
3762 3706 3897 3773 αἷμα

2208 3778 2466 3846 Χριστσῠ.
2506 3773 2686 3827 Sciens
2736 3775 2784 3824 et
2828 3774 2990 3846 plane
3042 3786 3355 3846 cognoscens
3401 3772 3556 3846 quoet
3595 3774 3763 3846 panis
3796 3772 3900 3841 qui

2207 3842 2456 3912 apparet,
2487 3858 2588 3895 non
2621 3848 2699 3895 est
2726 3844 2910 3912 panis,
2952 3844 3213 3909 quamvis
3262 3846 3449 3908 gustus
3479 3843 3640 3895 aliter
3668 3842 3891 3911 indicet,

2207 3914 2300 3967 sed
2330 3928 2520 3982 corpus
2551 3916 2676 3967 Jesu
2707 3912 2936 3975 Christi;
2972 3917 3021 3964 et
3043 3914 3229 3965 vinum
3251 3912 3395 3979 quod
3414 3918 3664 3981 apparet,
3685 3929 3794 3966 non
3814 3921 3895 3967 est

2205 3987 2410 4049 vinum,
2445 3983 2588 4052 quod
2612 3988 2799 4050 gustus
2820 3983 3046 4044 indicat.
3089 3982 3183 4035 sed
3227 3986 3451 4050 sanguis
3490 3985 3614 4037 Iesu
3662 3984 3891 4038 Christi.

2278 4064 2297 4088 ε
2326 4057 2491 4109 Panis
2547 4054 2686 4106 illud
2730 4054 3019 4121 vinumque
3065 4056 3297 4122 ﬁgurate
3342 4054 3559 4107 Christi
3604 4070 3796 4123 corpus
3846 4062 3897 4109 et

2207 4127 2431 4191 sanguis
2463 4126 2673 4185 existit,
2705 4129 2810 4176 etc.
2847 4124 2966 4176 Non
3003 4124 3080 4176 ait
3105 4124 3431 4177 solummodo
3475 4139 3585 4178 esse
3624 4128 3681 4178 in
3712 4128 3897 4193 ﬁgura

410 4193 743 4251 Paschasius
772 4197 850 4249 ait
888 4193 1006 4248 loco
1056 4196 1245 4265 citato,
1283 4199 1340 4246 et
1380 4193 1439 4245 in
1498 4193 1748 4265 Epistola
1776 4194 1874 4265 "ad
1924 4195 2099 4248 Frud-
2127 4200 2168 4253 D
2207 4212 2412 4265 corpus
2444 4202 2499 4248 et
2528 4194 2867 4265 sanguinem
2892 4209 3030 4260 esse,
3080 4194 3173 4247 sed
3198 4194 3459 4263 ﬁgurate,
3494 4200 3549 4247 et
3607 4195 3715 4248 hoc
3744 4196 3893 4249 nihil

410 4268 673 4337 gardum,
718 4266 931 4337 Exhis
980 4264 1350 4337 consequitur
1405 4279 1520 4317 non
1575 4264 1935 4337 deprieliatos
1975 4280 2096 4319 esse

410 4335 559 4390 inter
585 4354 641 4390 se
676 4336 1037 4389 Paschasium
1070 4340 1125 4388 et
1156 4335 1551 4400 Ratramnum,
1586 4335 1703 4387 imo
1744 4343 1939 4388 contra
1970 4352 2091 4389 om-

411 4408 547 4461 nino
580 4407 830 4461 diversos
869 4406 1225 4459 adversarios
1277 4405 1587 4475 scripsisse.
1630 4404 1928 4459 Enimvero
1978 4408 2094 4460 Ra-

410 4483 668 4532 tramnus
699 4493 792 4530 eos
824 4477 1044 4531 vellicat
1067 4476 1164 4547 qui
1193 4476 1409 4529 nullam
1455 4476 1513 4529 in
1559 4476 1899 4529 eucharistia
1948 4478 2096 4546 ﬁgu-

412 4564 536 4602 ram
577 4548 976 4612 admittebant,
1011 4553 1066 4601 et
1085 4546 1430 4601 Paschasius
1469 4563 1564 4599 eos
1596 4546 1696 4616 qui
1745 4551 1931 4601 totum
1971 4564 2093 4599 esse

413 4621 723 4688 ﬁguratum
756 4619 1139 4672 vindicabant.
1175 4620 1229 4670 ld
1263 4623 1420 4688 patet
1452 4634 1517 4671 ex
1567 4618 1688 4685 ejus
1738 4618 2093 4688 expositione

414 4687 479 4742 in
566 4689 890 4742 Matthaeum
974 4690 1071 4743 lib.
1156 4687 1272 4754 xu,
1340 4689 1487 4742 Unde
1563 4691 1732 4742 miror
1812 4687 1947 4755 quid
2005 4703 2094 4740 ve-

413 4762 515 4813 lint
579 4774 718 4812 nunc
794 4759 1019 4827 quidam
1095 4758 1290 4825 dicere,
1358 4774 1464 4812 non
1532 4760 1589 4811 in
1652 4774 1710 4811 re
1794 4773 1904 4811 esse
1958 4760 2099 4811 veri-

413 4838 572 4884 tatem
595 4831 778 4882 carnis
814 4831 1019 4884 Christi
1072 4831 1154 4882 vel
1180 4833 1483 4895 sanguinis,
1530 4828 1623 4882 sed
1664 4832 1719 4882 in
1764 4834 2096 4882 sacramento

410 4903 663 4954 virtutem
710 4902 915 4965 carnis,
949 4906 998 4953 et
1042 4916 1147 4952 non
1178 4916 1419 4967 carnem;
1487 4902 1741 4952 virtutem
1787 4902 2094 4967 sanguinis,

411 4976 462 5025 et
484 4987 589 5025 non
612 4973 927 5037 sanguinem
950 4990 963 5034 ;
991 4973 1245 5038 ﬁguram,
1268 4976 1318 5024 et
1342 4986 1446 5024 non
1476 4972 1775 5023 veritatem.

483 5054 509 5095 b
559 5043 728 5094 Panis
771 5040 913 5109 quod
955 5048 1078 5094 ante
1106 5042 1291 5105 fuerat
1344 5045 1525 5105 forma
1572 5040 1945 5110 prsetenditur.
1985 5041 2097 5093 [loc

412 5112 614 5182 probat
677 5120 805 5180 post
860 5112 1342 5163 consecrationem
1402 5127 1609 5180 panem
1671 5126 1787 5164 non
1819 5126 1961 5175 esse,
1999 5111 2094 5165 sed

413 5183 595 5235 solum
632 5182 894 5247 formam,
930 5183 1174 5234 colorem
1210 5189 1260 5233 et
1293 5189 1521 5250 gustum
1550 5182 1715 5250 panis
1755 5182 1852 5251 qui
1880 5182 2095 5235 fuerat:

413 5253 667 5323 adeoque
702 5254 819 5321 jam
878 5268 991 5306 non
1054 5258 1327 5320 snperest,
1386 5252 1483 5305 sed
1544 5252 1665 5323 ejus
1712 5252 1837 5305 loco
1891 5268 2096 5322 corpus

414 5322 640 5376 Christi.
676 5325 751 5377 At
808 5324 897 5376 ille
936 5325 1099 5392 panis
1151 5325 1247 5391 qui
1273 5337 1373 5391 per
1396 5322 1687 5376 sacerdotis
1734 5325 2097 5376 ministerium

414 5394 632 5446 Christi
661 5408 853 5462 corpus
910 5395 1206 5462 conﬁcitur,
1252 5393 1438 5463 inquit
1482 5393 1586 5444 iste
1641 5398 1837 5446 auctor
1892 5395 2095 5445 eodem

415 5478 681 5528 numero,
723 5472 779 5516 et
826 5464 1065 5517 inferius
1114 5479 1355 5517 numero
1385 5465 1501 5518 28:
1556 5463 1707 5516 Sicut
1754 5478 1878 5529 ergo
1933 5465 2097 5531 paulo

415 5539 701 5600 antequam
735 5540 1033 5603 pateretur,
1083 5537 1243 5603 panis
1299 5534 1604 5587 substantia
1634 5539 1683 5585 et
1728 5536 1847 5585 vini
1893 5539 2098 5588 creatuo

2207 4264 2362 4319 aliud
2396 4265 2677 4334 signiﬁcat
2708 4264 2817 4316 nisi
2850 4280 2969 4317 esse
3014 4264 3136 4316 vela
3183 4265 3438 4333 corporis
3491 4265 3719 4319 Christi.
3751 4266 3895 4320 Nam

2205 4336 2518 4390 secundum
2549 4336 2921 4389 Ratramnum
2965 4337 3145 4402 ﬁgura
3184 4340 3238 4387 et
3266 4336 3438 4387 velum
3467 4334 3618 4388 idem
3655 4338 3895 4392 omnino

2200 4411 2424 4471 sonant,
2458 4412 2522 4459 ut
2559 4409 2714 4475 patet
2754 4421 2992 4458 numero
3020 4422 3078 4468 ιι,
3133 4404 3277 4473 quod
3314 4405 3474 4460 nulla
3532 4407 3630 4459 sub
3689 4410 3895 4475 ﬁgura,

2201 4480 2354 4531 nulla
2383 4478 2480 4530 sub
2508 4477 2835 4529 obrelatione
2880 4479 2997 4543 ﬁat.
3033 4476 3097 4529 Et
3144 4491 3384 4529 numero
3421 4479 3471 4543 5,
3520 4492 3591 4529 an
3645 4480 3760 4531 sine
3806 4494 3896 4532 cu-

2196 4551 2500 4617 juscunque
2526 4548 2782 4601 relatione
2822 4548 3087 4617 mysterii.
3137 4546 3383 4599 Numero
3414 4549 3445 4600 8
3480 4562 3493 4599 :
3554 4549 3695 4601 nihil
3754 4552 3897 4602 enim

2205 4620 2289 4671 hic
2310 4618 2514 4687 ﬁguris
2570 4616 2938 4670 obvelantibus
2995 4616 3373 4670 adumbratur.
3423 4618 3673 4670 Numero
3705 4619 3736 4671 9
3784 4621 3897 4675 :Si

2204 4691 2341 4741 enim
2366 4690 2515 4742 nulla
2542 4688 2638 4741 sub
2662 4689 2842 4755 ﬁgura
2872 4690 3185 4755 mysterium
3216 4687 3366 4740 istud
3429 4691 3738 4756 peragitur,
3774 4692 3897 4757 jam

2204 4762 2516 4825 mysterium
2562 4775 2665 4811 non
2715 4764 2854 4810 recte
2906 4759 3193 4811 vocitatur.
3264 4759 3532 4821 Quoniam
3578 4764 3899 4827 mysterium

2205 4831 2317 4882 dici
2378 4846 2481 4883 non
2538 4833 2729 4897 potest,
2791 4831 2847 4880 in
2896 4844 2999 4896 quo
3064 4829 3207 4881 nihil
3254 4836 3330 4881 est
3378 4829 3646 4893 abditum,
3688 4832 3832 4883 nihil
3863 4847 3897 4884 α

2205 4901 2572 4967 corporalibus
2608 4899 2850 4953 sensibus
2898 4904 3177 4964 remotum,
3213 4900 3354 4952 nihil
3400 4900 3666 4953 velamine
3725 4908 3899 4955 conte-

2206 4977 2367 5024 ctum.

2276 5043 2300 5083 ἀ
2330 5040 2435 5095 Sed
2492 5045 2659 5094 totum
2706 5041 2763 5091 in
2816 5040 3044 5091 veritate
3088 5040 3471 5107 conspiciatur.
3531 5040 3587 5093 Id
3651 5045 3754 5106 est,
3798 5043 3897 5095 sed

2206 5116 2388 5164 totum
2425 5111 2572 5180 quod
2606 5110 3057 5180 conspicitursit
3085 5109 3205 5177 ipsa
3264 5109 3471 5163 veritas
3503 5126 3517 5162 :
3554 5110 3623 5164 ad
3677 5113 3896 5177 signiti-

2206 5178 2459 5235 candum
2482 5186 2536 5233 et
2568 5178 2753 5232 totum
2773 5180 2922 5248 quod
2966 5178 3046 5251 ibi
3076 5180 3298 5251 videtur
3346 5186 3409 5251 et
3444 5181 3622 5234 oculis
3670 5182 3900 5251 subjici-

2206 5258 2318 5315 tur,
2344 5253 2416 5303 sit
2446 5266 2638 5303 revera
2672 5255 2853 5301 totum
2883 5250 3032 5319 quod
3089 5250 3167 5303 ibi
3224 5257 3326 5304 est.
3385 5250 3579 5314 Qualis
3608 5257 3730 5306 erat
3777 5250 3902 5307 Sen-

2206 5323 2385 5374 tentia
2414 5337 2609 5374 eorum
2647 5336 2789 5391 quos
2835 5320 3181 5391 Batramnus
3210 5322 3488 5388 confutat,
3522 5322 3622 5391 qui
3673 5324 3895 5377 nullam

2206 5408 2303 5445 ceu
2334 5392 2393 5445 in
2427 5392 2532 5446 hoc
2564 5389 2832 5461 mySterio
2862 5390 2967 5443 sibi
2995 5393 3419 5461 persuadehant
3478 5389 3600 5446 esse
3645 5393 3895 5464 ﬁguram

2207 5478 2305 5515 seu
2339 5464 2725 5515 velamentum
2740 5500 2754 5515 .

2276 5558 2298 5584 ρ
2354 5534 2615 5600 Quoniam
2682 5530 2969 5584 secundum
3022 5534 3304 5586 veritatem
3370 5535 3566 5601 species
3632 5542 3897 5591 creatura:
