4164 6182
395 218 498 272 135

1543 208 1904 267 RATBAMNI
1945 207 2397 264 CORBEIENSIS
2436 202 2746 265 MONACHI

3782 207 3883 261 136

397 348 559 419 porei
586 347 753 418 panis
798 346 1171 418 corporeique
1200 345 1316 400 vini
1346 344 1640 415 spirituale
1670 360 1875 415 corpus
1905 342 2074 414 spiri-
2104 344 2148 398 Α
2190 341 2345 397 fonte
2375 347 2432 397 et
2461 343 2646 396 inesse
2686 341 2839 413 quod
2888 355 3084 395 sensus
3116 340 3370 411 corporis
3412 341 3679 411 attingat,
3710 347 3768 397 et
3799 343 3882 397 id-

398 438 682 508 tualisque
727 437 958 508 sanguis
997 436 1214 490 existit:
1244 444 1268 470 ε
1313 451 1426 489 non
1472 434 1624 505 quod
1678 435 1919 488 duarum
1971 431 2087 485 sint

400 526 715 580 existentiae
746 542 935 579 rerum
974 524 1125 578 inter
1153 540 1210 577 se
1257 523 1629 587 diversarum,
1660 521 1910 592 corporis
1936 521 2085 575 vide-

396 614 532 668 licet
562 620 620 669 et
653 613 902 684 spiritus,
953 629 1149 667 verum
1201 628 1314 666 una
1361 611 1678 681 eademque
1726 626 1835 676 res,
1882 625 2083 663 secun-

395 702 529 756 dum
562 702 713 756 aliud
766 703 981 772 species
1011 700 1172 771 panis
1212 705 1268 753 et
1297 700 1413 752 vini
1444 698 1722 763 consistit,
1770 698 2083 752 secundum

393 791 546 844 aliud
576 796 764 845 autem
797 807 1000 860 corpus
1032 794 1115 842 est
1144 793 1201 843 et
1230 788 1461 857 sanguis
1494 786 1720 842 Christi.
1761 786 2083 840 Secundum

390 895 640 950 namque
690 878 841 949 quod
906 882 1213 947 utrumque
1281 876 1652 945 corporaliter
1714 874 2080 944 contingitur,

389 968 606 1039 species
636 972 768 1019 sunt
812 971 1085 1019 creaturae
1118 980 1434 1035 corporeae;
1468 969 1473 1032 ξ
1502 963 1818 1017 secundum
1873 968 2083 1033 poten-

389 1058 529 1131 tiam
555 1071 687 1109 vero
718 1055 871 1125 quod
909 1053 1244 1124 spiritaliter
1272 1052 1433 1106 factm
1465 1057 1616 1116 sunt,
1652 1051 1924 1124 mysteria
1953 1056 2086 1108 sunt

391 1144 647 1213 corporis
682 1148 736 1195 et
769 1142 1062 1212 sanguinis
1090 1141 1319 1196 Christi.

460 1232 614 1286 XVII.
659 1232 1093 1285 Consideremus
1134 1231 1275 1283 sacri
1315 1231 1531 1285 fontem
1572 1228 1953 1300 baptismatis,
1986 1229 2085 1299 qui

390 1320 519 1373 fons
548 1319 676 1372 vitm
722 1334 839 1372 non
887 1318 1173 1372 immerito
1222 1323 1605 1388 nuncupatur,
1667 1317 1801 1388 quia
1852 1316 2085 1371 descen-

392 1408 589 1461 dentes
620 1406 678 1459 in
727 1422 785 1459 se
832 1406 1083 1459 melioris
1121 1405 1252 1459 vitae
1300 1406 1552 1459 novitate
1592 1404 1886 1465 reformat,
1935 1404 2084 1457 etde

390 1500 620 1565 peccato
654 1494 893 1549 mortuis
924 1494 1173 1547 viventes
1195 1494 1433 1563 justitim
1476 1494 1677 1547 donat:
1713 1509 1851 1546 num
1884 1508 2082 1545 secun-

392 1584 529 1637 dum
556 1584 706 1653 quod
736 1600 901 1654 aqua:
947 1583 1296 1652 conspicitur
1343 1584 1689 1636 elementum
1737 1598 1879 1648 esse,
1919 1582 2083 1634 istam

2193 431 2343 485 circo
2377 430 2647 485 mutabile
2698 434 2869 501 atque
2916 429 3315 499 eorruptibile;
3368 434 3423 483 et
3470 446 3669 485 rursus
3699 432 3885 486 inesse

2194 521 2345 591 quod
2379 520 2519 575 ﬁdes
2536 521 2657 573 sola
2676 519 3007 590 conspiciat,
3033 524 3090 573 et
3119 519 3247 573 ideo
3264 536 3367 573 nec
3387 521 3677 591 corrumpi
3700 538 3883 591 posse,

2194 625 2298 663 nec
2326 609 2457 663 vitae
2486 608 2791 663 discrimen
2827 608 3098 678 accipere.
3140 608 3198 662 Si
3218 609 3477 679 requiras
3507 610 3660 679 quod
3681 627 3888 680 super-

2195 698 2486 752 Iicietenus
2529 698 2696 764 lavat,
2748 698 3097 751 elementum
3141 701 3252 763 est;
3306 697 3352 750 si
3399 714 3530 752 vero
3570 700 3890 770 perpendes

2194 786 2347 857 quod
2374 785 2614 839 interius
2638 791 2861 856 purgat,
2886 785 3061 838 virtus
3093 785 3277 838 vitalis
3307 791 3409 853 est,
3430 787 3608 841 virtus
3637 788 3885 842 sanctiﬁ-

2194 874 2453 940 cationis,
2497 874 2675 927 virtus
2721 874 3189 927 immortalitatis.
3234 874 3414 943 Igitur
3443 875 3503 929 in
3534 876 3890 945 proprietate

2193 963 2402 1017 humor
2428 962 2830 1033 corruptibilis,
2858 962 2916 1016 in
2942 962 3209 1032 mysterio
3230 979 3360 1017 vero
3389 965 3570 1017 virtus
3599 965 3886 1019 sanabilis.

2262 1053 2392 1106 XIX.
2438 1051 2525 1106 Sic
2574 1052 2773 1123 itaque.
2824 1051 3033 1105 Christi
3064 1068 3269 1123 corpus
3317 1057 3373 1106 et
3406 1053 3639 1122 sanguis
3690 1069 3889 1123 super-

2192 1141 2490 1194 ficietenus
2568 1139 2945 1205 considerata,
3023 1145 3284 1194 creatura
3358 1146 3441 1194 est
3518 1142 3889 1195 mutabilitati

2193 1230 2647 1300 corruptelceque
2699 1228 2970 1298 subjecta.
3006 1228 3063 1283 Si
3098 1229 3355 1298 mysterii
3404 1246 3537 1283 vero
3570 1231 3891 1301 perpendes

2194 1318 2483 1382 virtutem,
2520 1317 2635 1370 vita
2665 1322 2749 1370 est
2776 1316 3250 1387 participautibus
3281 1334 3338 1372 se
3368 1318 3624 1372 tribuens
3662 1319 3893 1373 immor-

2195 1406 2493 1478 talitatem.
2540 1405 2562 1439 δ
2603 1406 2723 1459 Non
2770 1421 2905 1475 ergo
2955 1410 3090 1459 sunt
3133 1405 3287 1459 idem
3352 1406 3506 1478 quod
3554 1411 3889 1474 cernuntur,

2194 1498 2249 1547 et
2277 1494 2430 1565 quod
2462 1494 2799 1549 creduntur.
2849 1492 3169 1547 Secundum
3202 1493 3357 1547 enim
3387 1494 3538 1565 quod
3576 1501 3892 1549 cernuntur

2194 1599 2398 1652 corpus
2483 1586 2723 1652 pascunt
2801 1581 3195 1651 corruptibile,
3268 1581 3393 1652 ipsa
3462 1583 3886 1653 corruptibilia:

393 1672 706 1740 potentiam
737 1672 973 1725 obtinet.
1001 1675 1266 1725 Attamen
1294 1670 1401 1724 nisi
1428 1670 1887 1724 sanctificationis
1906 1670 2084 1722 virtu-
2118 1649 2157 1701 Β
2197 1670 2511 1723 secundum
2562 1686 2697 1723 vero
2739 1670 2890 1740 quod
2941 1670 3248 1723 creduntur
3291 1670 3510 1724 animas
3555 1676 3798 1742 pascunt
3829 1672 3889 1726 in

389 1765 505 1813 tem
559 1760 872 1825 obtineret,
924 1758 1106 1812 labem
1155 1759 1427 1811 vitiorum
1475 1774 1837 1829 nequaquam
1869 1758 2086 1811 diluere

389 1852 604 1918 posset;
652 1852 708 1900 et
732 1846 842 1900 nisi
873 1847 1128 1915 vigorem
1176 1847 1305 1900 vita:
1355 1847 1698 1911 contineret,
1734 1846 1889 1899 nullo
1918 1846 2086 1899 modo

389 1936 628 1990 mortuis
677 1941 949 2005 praestare
999 1938 1173 1989 vitam
1205 1936 1438 2002 valeret,
1473 1935 1716 1989 mortuis
1748 1940 1938 1988 autem
1970 1950 2085 1988 non

387 2040 575 2091 carne,
619 2024 714 2077 sed
748 2024 957 2077 anima.
996 2025 1056 2077 In
1106 2039 1172 2076 eo
1202 2028 1390 2077 tamen
1427 2023 1582 2076 fonte
1616 2023 1660 2075 si
1694 2022 2087 2075 consideretur

389 2112 750 2166 solummodo
785 2112 937 2182 quod
982 2127 1289 2180 corporeus
1319 2110 1521 2180 aspicit
1564 2126 1782 2176 sensus,
1828 2111 2086 2163 elemen-

390 2207 515 2254 tum
548 2200 788 2253 ﬂuidum
820 2199 1189 2269 conspicitur,
1220 2198 1573 2268 corruptioni
1604 2200 1941 2268 subjectum,
1981 2214 2085 2251 nec

389 2288 500 2341 nisi
535 2304 775 2357 corpora
804 2288 1028 2341 lavandi
1062 2288 1377 2358 potentiam
1409 2287 1683 2341 obtinere.
1718 2287 1825 2341 Sed
1857 2287 2087 2339 accessit

390 2376 568 2430 sancti
607 2376 851 2446 Spiritus
884 2393 983 2445 per
1012 2375 1321 2429 sacerdotis
1352 2375 1837 2429 consecrationem
1882 2375 2082 2441 virtus,

391 2468 446 2517 et
474 2463 671 2516 efficax
704 2462 850 2517 facta
880 2468 964 2516 est
1008 2479 1126 2516 non
1166 2463 1350 2516 solum
1384 2478 1645 2532 corpora,
1680 2477 1880 2516 verum
1910 2461 2079 2515 etiam

394 2551 613 2604 animas
645 2551 879 2615 diluere,
915 2555 970 2604 et
994 2550 1317 2621 spirituales
1347 2550 1541 2605 sordes
1573 2550 1853 2621 spirituali
1882 2554 2083 2621 poten-

391 2640 470 2693 tia
502 2638 810 2693 dimovere.
1774 2630 1785 2642 ’

460 2729 640 2782 XVIII.
677 2728 813 2781 Ecce
844 2727 903 2781 in
942 2742 1057 2780 uno
1105 2726 1421 2798 eodemque
1454 2728 1735 2781 elemento
1769 2727 1883 2782 duo
1927 2726 2083 2781 vide-

389 2832 517 2869 mus
570 2816 751 2869 inesse
804 2815 909 2869 sibi
943 2815 1286 2880 resistentia,
1315 2816 1371 2869 id
1421 2820 1506 2870 est
1548 2816 1902 2886 corruptioni
1948 2815 2084 2868 sub-

385 2905 582 2973 jacens
633 2903 1120 2974 incorruptionem
1152 2910 1445 2974 praestare,
1496 2908 1551 2957 et
1596 2904 1769 2957 vitam
1820 2920 1936 2958 non
1981 2904 2083 2957 ha-

390 2992 530 3046 bens
576 2992 752 3046 vitam
813 2992 1195 3047 contribuere.
1257 2992 1630 3063 Cognoscitur
1678 3009 1814 3063 ergo
1861 2992 1923 3046 in
1976 2992 2083 3047 isto

388 3133 579 3187 nullus
609 3132 861 3204 relinqui
882 3137 1072 3204 potest
1098 3134 1165 3187 de
1196 3133 1464 3188 concordi
1491 3138 1547 3187 et
1566 3134 1824 3188 unanimi
1855 3138 2083 3189 senten-

388 3206 466 3276 tia
510 3205 825 3276 iRatramni
892 3210 948 3259 et
1004 3204 1285 3259 Paschasii
1342 3206 1411 3258 de
1463 3206 1769 3275 prazsentia
1827 3206 2085 3276 corporis

388 3275 595 3330 Christi
625 3280 682 3330 et
720 3276 1018 3346 sanguinis
1040 3276 1101 3329 in
1138 3276 1501 3330 Eucharistias
1532 3278 1818 3346 mysterio.

456 3391 480 3417 ³
511 3384 627 3436 Non
659 3382 802 3450 quod
850 3382 1084 3435 duarum
1133 3384 1243 3435 sint
1285 3384 1583 3435 emistentiae
1630 3397 1811 3434 rerum
1848 3382 1991 3435 inter
2030 3397 2085 3436 se

387 3452 745 3506 diversarum.
780 3452 838 3505 Si
867 3453 994 3522 quis
1034 3452 1530 3522 sibipersuadeat
1569 3451 1709 3504 duas
1756 3452 2083 3504 existentias

386 3538 581 3575 rerum
628 3521 1003 3600 diversarum,
1048 3521 1272 3600 scilicet
1322 3521 1639 3600 specierum
1667 3522 1832 3600 panis
1866 3527 1928 3600 et
1954 3521 2085 3600 _vini

388 3596 443 3644 et
472 3592 729 3659 corporis
782 3592 989 3645 Chrisu
1044 3590 1101 3644 in
1147 3590 1509 3657 eucharistia,
1544 3592 1809 3645 somniat.
1859 3591 2083 3661 Quippe

389 3663 607 3732 species
669 3661 790 3715 istae
844 3667 900 3714 et
955 3677 1163 3731 corpus
1223 3661 1518 3731 spirituale
1560 3662 1769 3715 Christi
1823 3663 2081 3716 eamdem

386 3732 601 3785 habent
643 3737 697 3784 et
744 3748 916 3785 unam
969 3734 1023 3785 in
1086 3748 1152 3785 ea
1229 3734 1606 3799 existentiam,
1650 3738 1707 3786 et
1754 3749 1844 3787 res
1883 3733 2080 3787 eadem

386 3807 520 3856 sunt
563 3802 666 3875 sub
710 3802 936 3875 diverso
985 3808 1279 3875 respectu:
1312 3804 1524 3857 scilicet
1563 3820 1692 3875 quin
1736 3805 2084 3858 considerari

386 3877 443 3945 et
487 3873 721 3942 cogitari
773 3879 959 3944 potest
996 3874 1055 3927 in
1100 3879 1377 3945 quantum
1410 3873 1669 3929 sensibus
1697 3876 1998 3945 subjicitur
2028 3880 2084 3929 et

385 3943 441 3995 in
484 3943 782 4013 quantum'
812 3945 1008 4009 oculis,
1060 3943 1337 4009 recondit,
1381 3946 1529 4016 velat
1570 3943 2082 4016 aliquid‘spiritale

385 4016 537 4084 quod
574 4018 871 4068 oculorum
904 4017 1082 4069 aciem
1133 4032 1251 4069 non
1310 4015 1480 4068 subit.
1537 4018 1607 4069 Ex
1658 4016 1745 4068 his
1787 4015 2081 4068 consecta-

384 4100 555 4138 neum
590 4086 904 4139 dilucidum
926 4086 1197 4154 erumpit,
1228 4102 1435 4154 corpus
1466 4092 1522 4139 et
1547 4087 1886 4155 sanguinem
1922 4086 2081 4141 Chri-

383 4156 453 4209 sti
480 4170 593 4208 non
626 4157 865 4209 existere
906 4157 1103 4210 eadem
1130 4156 1427 4208 existentia
1459 4156 1625 4225 panis
1658 4162 1715 4209 et
1743 4156 1881 4222 vini,
1919 4157 2084 4210 adeo-

382 4241 493 4295 que
540 4233 668 4293 post
716 4232 1201 4279 consecrationem
1253 4228 1475 4279 nullum
1525 4242 1731 4296 panem
1782 4232 1839 4280 et
1882 4228 2078 4280 vinum

382 4312 483 4368 seu
504 4296 891 4368 substantiam
924 4312 1121 4350 eorum
1156 4301 1437 4366 prmsente
1460 4312 1692 4368 corpore
1726 4303 1783 4351 et
1802 4298 2080 4368 sanguine

383 4366 593 4421 Christi
624 4367 934 4420 consistere
968 4372 1022 4420 et
1052 4382 1406 4438 permanere.

455 4474 479 4514 ιι
506 4473 621 4527 Non
651 4488 775 4539 ergo
822 4477 947 4525 sunt
998 4473 1139 4527 idem
1190 4472 1335 4541 quod
1363 4478 1655 4527 cernuntur
1700 4478 1748 4527 et
1794 4473 1938 4543 quod
1967 4490 2079 4528 cre-

384 4542 609 4595 duntur.
650 4544 721 4596 Ex
774 4543 862 4595 his
898 4548 1051 4612 patet
1082 4545 1364 4611 integram
1405 4542 1983 4597 differentiam’inter
2013 4561 2080 4598 ea

384 4629 511 4682 quae
562 4621 874 4666 cernuntur
923 4620 978 4666 et
1008 4630 1134 4680 qua:
1176 4615 1487 4667 creduntur
1538 4615 1595 4667 in
1649 4615 1916 4684 mysterio
1962 4631 2077 4669 non

383 4698 683 4751 erumpere
731 4699 793 4735 ex
848 4683 1070 4736 diversa
1124 4685 1444 4751 existentia,
1489 4691 1551 4737 ut
1598 4683 1727 4738 mox
1775 4686 1943 4749 dixit;
1980 4687 2075 4740 sed

382 4768 447 4805 ex
476 4754 696 4806 diverso
730 4759 984 4825 respectu
1036 4754 1138 4806 sub
1187 4771 1301 4824 quo
1331 4772 1418 4807 res
1450 4755 1648 4808 eadem
1700 4756 1937 4819 cogitari
1970 4772 2078 4825 po-

382 4829 488 4875 test
522 4829 579 4875 et
625 4826 882 4891 rependi.
930 4824 1113 4886 Quare
1171 4825 1307 4877 dicit
1348 4827 1721 4879 ltatramnus:
1756 4828 1844 4879 Sic
1892 4828 2079 4894 itaque

383 4894 588 4949 Christi
638 4909 829 4961 corpus
856 4899 905 4946 et
952 4899 1176 4958 sanguis
1205 4899 1486 4964 superﬁcie
1508 4903 1659 4949 tenus
1708 4896 2075 4962 considerata,

382 4970 633 5017 creatura
687 4971 764 5015 cst
826 4965 1185 5018 mutabititnti
1229 4968 1647 5034 corruptelzeque
1696 4967 1954 5033 subjecta.
2010 4970 2077 5023 Si

384 5038 631 5102 mysterii
652 5050 773 5087 vero
803 5034 1103 5102 perpendes
1124 5038 1400 5102 virtutem,
1436 5040 1551 5089 vita
1580 5042 1658 5090 est
1683 5040 2074 5105 participanti-

384 5107 480 5156 tius
520 5120 575 5159 se
615 5105 858 5157 tribuens
902 5107 1383 5159 immortalitatem.
1433 5107 1634 5159 Verum
1677 5124 1741 5161 ex
1774 5108 1860 5160 his
1894 5108 2075 5160 verbis

384 5175 705 5246 intelligere
731 5175 922 5248 facile
966 5183 1051 5228 est
1087 5192 1213 5248 inon
1265 5176 1494 5245 proprie
1526 5182 1584 5230 et
1616 5194 1679 5230 ex
1726 5177 1885 5231 omni
1917 5185 2074 5248 parte

384 5245 1021 5299 totam’eucharistiam
1084 5247 1457 5301 Hatramnum
1511 5248 1768 5302 conferre
1833 5245 1933 5302 eo'
1968 5249 2074 5302 loci

383 5329 511 5397 cum
544 5316 844 5397 baptismo,
892 5317 987 5369 sed
1034 5333 1242 5397 corpus
1284 5323 1340 5371 et
1370 5318 1724 5397 sanguinem.
1758 5320 1888 5374 Jesu
1919 5320 2077 5397 Chri-

384 5384 456 5460 sti
482 5384 783 5460 qua-Esunt
823 5388 880 5439 in
926 5384 1287 5460 eucharistia,
1341 5393 1403 5441 ut
1450 5384 1582 5442 mox
1614 5389 1753 5442 dixit
1794 5407 1921 5460 qua:
1973 5391 2071 5443 ha-

384 5452 500 5506 bita
551 5455 768 5533 ratione
817 5459 1161 5533 conditionis
1206 5474 1317 5530 qua
1365 5460 1625 5533 sensibus
1667 5452 2071 5533 subjiciuntur,

384 5526 738 5593 corruptioni
780 5527 1023 5581 obnoxia
1070 5526 1241 5594 sunt;
1277 5534 1333 5583 et
1365 5529 1559 5584 habita
1588 5526 1812 5585 ratione
1849 5530 2075 5584 virtutis

2195 1765 2475 1812 internum
2506 1758 2774 1823 victuras,
2795 1758 2917 1827 ipsa
2948 1757 3317 1812 immortalia.

2265 1848 2371 1901 XX.
2430 1846 2737 1917 Apostolus
2808 1862 3038 1916 quoque
3105 1847 3357 1900 scribens
3414 1848 3720 1903 Corinthiis
3776 1849 3887 1905 ait:

2197 1937 2425 1991 Nescitis
2496 1937 2751 2003 quoniam
2826 1940 3010 2003 patres
3076 1938 3251 1989 nostri
3322 1952 3502 1990 omne:
3575 1937 3673 1991 sub
3751 1939 3891 1992 nube

2193 2026 2443 2089 fuerunt:
2526 2029 2575 2077 et
2652 2038 2828 2077 omnes
2913 2039 3061 2077 mare
3135 2026 3497 2079 transierunt:
3576 2031 3627 2079 et
3710 2041 3889 2081 omnes

2194 2113 2253 2164 in
2325 2113 2468 2165 Mose
2543 2111 2811 2180 baptizati
2881 2116 3028 2177 sunt,
3105 2114 3162 2165 in
3236 2112 3391 2177 nube,
3468 2118 3519 2167 et
3590 2116 3649 2166 in
3721 2118 3887 2180 mari,

2194 2204 2245 2254 et
2274 2215 2449 2254 omnes
2497 2200 2733 2253 eamdem
2784 2215 2957 2253 escam
3000 2201 3343 2268 spiritualcm
3384 2201 3885 2268 manducaverunt;

2193 2293 2242 2340 et
2272 2303 2448 2341 omnes
2491 2287 2729 2340 eamdem
2774 2292 2961 2356 putum
2994 2288 3336 2356 spiritualem
3390 2288 3683 2343 biberunt?
3728 2292 3886 2344 Bibe-

2196 2375 2325 2428 bant
2355 2380 2533 2429 autem
2580 2376 2644 2429 de
2691 2377 2979 2443 spirituali
3007 2382 3353 2444 consequente
3384 2391 3469 2431 eos
3518 2383 3695 2446 petra.
3729 2380 3889 2433 Petra

2194 2468 2370 2517 autem
2413 2469 2528 2516 erat
2586 2463 2832 2518 Christus
2885 2464 2933 2531 (1
2978 2464 3105 2516 Cor.
3166 2478 3219 2530 x,
3271 2464 3407 2533 1-4).
3464 2466 3886 2520 Animadverti-

2198 2568 2323 2606 mus
2355 2558 2412 2605 et
2464 2568 2620 2605 mare
2675 2551 2947 2622 baptismi
2992 2552 3237 2621 speciem
3286 2553 3625 2622 praztulisse,
3672 2560 3727 2608 et
3777 2573 3885 2609 nu-

2193 2641 2353 2706 bem;
2385 2646 2692 2711 patresque
2740 2640 2952 2710 prioris
3000 2640 3349 2694 Testamenti
3384 2640 3442 2695 in
3474 2641 3573 2707 eis,
3622 2642 3681 2695 id
3711 2648 3799 2695 est
3832 2643 3892 2696 in

2195 2730 2346 2783 nube
2378 2729 2496 2783 sive
2545 2728 2708 2794 mari,
2770 2728 3088 2798 baptizatos
3136 2729 3328 2783 fuisse.
3386 2730 3532 2784 Num
3580 2731 3667 2783 vel
3709 2747 3889 2798 mare,

2194 2818 2505 2871 secundum
2556 2817 2707 2888 quod
2755 2816 3103 2871 elementum
3140 2817 3455 2885 videbatur,
3484 2818 3756 2888 baptismi
3788 2836 3895 2889 po-

2192 2907 2304 2961 tuit
2329 2906 2539 2960 habere
2572 2905 2886 2961 virtutem?
2928 2906 3014 2959 vel
3048 2906 3247 2974 nubes,
3274 2906 3433 2976 juxta
3466 2907 3622 2977 quod
3672 2907 3896 2961 densio-

2194 2995 2272 3050 ris
2300 2994 2733 3049 crassitudinem
2784 2994 2932 3048 aeris
2973 2994 3331 3062 ostendebat,
3388 2993 3544 3065 [add.
3583 2994 3890 3068 populum]

2192 3136 2436 3207 Spiritus
2464 3136 2663 3199 sancti,
2697 3135 2840 3189 nulli
2873 3134 3225 3207 corruptioni
3256 3134 3506 3207 obnoxia
3529 3141 3682 3197 sunt,
3714 3137 3891 3192 vitam

2193 3205 2249 3261 et
2300 3207 2789 3261 immortalitatem
2840 3205 3183 3275 largiuntur.
3245 3206 3337 3260 His
3391 3206 3471 3259 ita
3523 3207 3795 3275 subjectis
3836 3215 3894 3262 et

2192 3278 2409 3349 positis,
2450 3294 2651 3349 sensus
2686 3276 2983 3349 Batramni
3014 3293 3145 3349 _non
3187 3282 3274 3349 est
3319 3276 3470 3346 quod
3505 3278 3891 3347 quemadmo-

2194 3346 2330 3403 dum
2376 3348 2707 3400 substantias
2768 3353 2823 3399 et
2856 3346 3153 3417 baptismo
3199 3348 3379 3399 virtus
3430 3346 3891 3402 sanctiticctionis

2192 3419 2426 3483 accedit,
2476 3418 2555 3471 ita
2604 3418 2665 3470 in
2713 3418 3054 3471 eucharistia
3104 3418 3281 3470 virtus
3338 3418 3611 3471 duntaxat
3665 3418 3793 3472 vitae
3835 3425 3892 3473 et

2193 3488 2651 3541 sanctiﬁcationis
2675 3488 2988 3559 acceditad
3023 3487 3399 3559 substantiam
3429 3489 3615 3559 panis.
3647 3489 3702 3543 Si
3733 3490 3891 3544 enim

2193 3564 2339 3612 esset
2371 3574 2568 3611 sensus
2617 3558 2933 3623 Ratramni,
2980 3575 3095 3612 non
3150 3558 3364 3613 diceret
3414 3558 3621 3629 corpus
3666 3566 3721 3613 et
3763 3577 3894 3615 san-

2193 3630 2428 3700 guinem
2461 3628 2666 3683 Christi
2698 3628 2775 3681 ibi
2809 3630 3066 3692 existere,
3104 3634 3159 3683 et
3188 3631 3402 3699 species
3453 3628 3712 3683 sensibus
3752 3633 3891 3685 sub-

2186 3702 2366 3769 jectas
2397 3716 2491 3753 seu
2525 3702 2844 3768 corporales
2873 3715 3000 3752 cum
3045 3716 3285 3769 corpore
3314 3700 3599 3770 duplicem
3634 3701 3893 3757 existen-

2190 3772 2328 3824 tiam
2372 3787 2489 3824 non
2529 3770 2757 3836 habere,
2817 3770 2976 3841 quasi
3029 3776 3215 3824 essent
3260 3786 3349 3825 res
3397 3787 3596 3841 reapse
3628 3772 3890 3841 diversa,

2194 3858 2305 3895 uno
2337 3842 2504 3895 verbo
2536 3841 2616 3894 rei
2650 3841 2815 3894 unius
2838 3840 2906 3894 in
2940 3840 3175 3895 alteram
3232 3840 3609 3895 mutationem
3663 3843 3892 3897 contin-

2192 3928 2352 3981 gere:
2400 3928 2505 3965 nec
2535 3929 2698 3980 posse
2742 3910 2852 3965 dici
2892 3917 2990 3965 aut
3048 3912 3287 3981 cogitari
3337 3912 3458 3965 sine
3509 3912 3747 3967 crimine
3788 3930 3890 3968 seu

2191 3984 2405 4052 absque
2456 3984 2620 4053 culpa
2650 3986 2706 4034 et
2746 3990 2973 4053 peccato
3005 3998 3211 4052 corpus
3254 3982 3463 4035 Christi
3498 3984 3576 4036 ibi
3606 4000 3719 4036 non
3755 4001 3889 4053 per-

2191 4069 2444 4107 manere.
2472 4052 2682 4106 Sensus
2714 4052 2889 4121 igitur
2910 4053 3087 4105 nostri
3125 4054 3417 4107 Ratramni
3450 4054 3523 4106 sit
3550 4052 3779 4107 necesse
3804 4060 3892 4108 est

2193 4124 2369 4193 (quod
2405 4123 2909 4195 conccptisgverbis
2938 4139 3266 4193 expressum
3300 4130 3412 4177 est:
3445 4140 3637 4195 corpus
3668 4130 3716 4177 et
3752 4142 3888 4178 san-

2189 4196 2404 4260 guinem
2443 4196 2594 4247 Jesus
2646 4193 2861 4247 Christi
2902 4209 3012 4247 esse
3058 4195 3447 4265 compelluntur
3486 4193 3699 4261 negare,
3745 4196 3893 4265 quod

2111 4264 2154 4317 D
2192 4266 2347 4328 nefas
2394 4279 2503 4318 esse
2548 4280 2653 4317 non
2704 4266 2874 4317 solum
2927 4265 3101 4317 dicere
3159 4264 3252 4317 sed
3298 4263 3553 4333 cogitare)
3606 4281 3725 4318 esse
3753 4263 3892 4335 _per

2188 4335 2522 4406 relationem
2557 4335 2621 4387 ad
2670 4336 2790 4387 haec
2828 4335 2956 4406 vela
3006 4340 3063 4388 et
3106 4350 3382 4406 conopzca
3420 4335 3634 4406 aliquid
3688 4352 3889 4390 corru-

2188 4405 2373 4477 ptioni
2396 4405 2751 4477 obnoxium:
2780 4405 2875 4458 sed
2919 4422 3020 4474 per
3058 4405 3400 4477 relationem
3434 4405 3534 4460 aut
3564 4410 3886 4477 reSpectum

2188 4475 2261 4529 ad
2292 4476 2557 4529 virtutem
2607 4476 2851 4545 Spiritus
2891 4476 3090 4539 sancti,
3145 4476 3309 4545 cujus
3341 4476 3392 4528 vi
3442 4475 3747 4546 reapse—in
3778 4478 3888 4531 hoc

2188 4546 2458 4615 mysterio
2514 4553 2644 4598 sunt
2698 4552 2752 4598 et
2804 4547 3145 4609 consistunt,
3193 4562 3307 4599 non
3359 4563 3479 4599 esse
3529 4548 3888 4616 corruptioni

2186 4616 2430 4670 obnoxia
2481 4622 2537 4671 et
2590 4616 2860 4685 subjecta,
2922 4617 3016 4669 sed
3071 4618 3234 4669 vitam
3290 4623 3347 4670 et
3394 4617 3885 4673 immortalitatem

2187 4687 2484 4741 animabus
2545 4688 2753 4739 nostris
2819 4688 3265 4740 communicant.
3334 4686 3491 4741 Sicut
3568 4689 3885 4757 baptismus

2185 4758 2383 4811 habita
2414 4758 2692 4810 relatione
2722 4773 2814 4810 seu
2851 4758 3071 4810 ratione
3104 4757 3171 4811 ad
3215 4774 3424 4826 aquam
3476 4763 3531 4810 et
3562 4759 3714 4827 quod
3750 4776 3887 4812 sen-

2184 4828 2342 4881 sibus
2381 4828 2688 4881 obnoxium
2721 4833 2805 4881 est
2834 4828 3125 4896 corrumpi
3158 4834 3368 4897 potest,
3401 4834 3459 4881 et
3488 4829 3682 4881 habita
3724 4830 3886 4883 simi-

2185 4898 2315 4951 liter
2372 4899 2594 4951 ratione
2662 4898 2887 4950 virtutis
2945 4904 3001 4952 et
3051 4898 3366 4951 sanctitatis
3427 4899 3533 4952 sibi
3576 4901 3802 4953 collatm
3857 4917 3889 4953 a

2185 4969 2433 5034 Christo,
2466 4967 2653 5022 evadit
2678 4969 2805 5020 fons
2850 4974 2906 5022 et
2931 4970 3219 5039 scaturigo
3266 4970 3393 5022 vitae
3437 4974 3491 5022 et
3538 4970 3887 5024 immortali-

2182 5040 2334 5092 tatis.
2384 5040 2459 5092 Ex
2511 5039 2608 5110 his
2633 5039 2903 5091 omnibus
2931 5040 3071 5092 nihil
3108 5045 3293 5108 potest
3323 5040 3569 5110 intelligi
3599 5041 3753 5110 quod
3781 5042 3882 5094 do-

2183 5110 2378 5162 ctrina!
2410 5109 2667 5162 Ecclesiae
2711 5110 3004 5163 catholicae
3041 5126 3155 5163 non
3188 5125 3505 5179 congruum
3527 5109 3638 5164 aut
3670 5128 3888 5165 conve-

2184 5181 2348 5233 niens
2380 5180 2467 5245 sit,
2532 5187 2628 5251 aut
2665 5180 2815 5251 quod
2860 5180 2977 5251 ulla
3027 5180 3248 5233 ratione
3278 5182 3514 5234 somniis
3563 5183 3887 5237 Protestan-

2183 5251 2330 5322 tium,
2380 5250 2691 5322 propitium
2741 5250 2919 5303 videri
2969 5252 3164 5321 possit.
3221 5252 3409 5322 anue
3440 5252 3604 5321 juvat
3638 5253 3886 5306 maxime

2183 5320 2462 5392 applicata
2507 5321 2815 5392 transferre
2865 5327 2939 5392 et
2976 5320 3211 5387 'mente,
3270 5320 3331 5375 iri
3392 5324 3882 5392 comparationem

2184 5407 2356 5460 quam
2384 5391 2634 5445 instituit
2654 5391 2905 5460 corporis
2928 5392 3097 5456 hujus
3128 5392 3335 5446 Christi
3361 5408 3487 5445 cum
3528 5393 3701 5453 nube.
3739 5396 3885 5447 mari

2186 5462 2394 5533 ltubro,
2424 5477 2575 5531 aqua
2608 5478 2638 5515 e
2669 5468 2831 5533 petra
2853 5462 3074 5529 educta,
3109 5479 3324 5517 manna
3353 5464 3410 5517 in
3434 5479 3637 5517 arenas
3669 5464 3886 5519 deserti

2183 5532 2417 5587 cadente
2458 5552 2473 5598 ;
2508 5532 2740 5587 —num.
2772 5535 2862 5597 20,
2885 5534 2975 5600 21,
3007 5537 3095 5599 22,
3129 5536 3216 5596 23,
3247 5535 3316 5588 24
3345 5542 3402 5588 et
3427 5538 3515 5588 25.
