4148 6180
205 323 306 374 137

1311 321 1398 376 DE
1441 321 1766 376 CORPORE
1823 323 1908 377 ET
1947 323 2294 380 SANGUINE
2340 324 2599 379 DOSIINI.

3611 337 3706 388 I38

201 451 558 504 sanctiﬁcare
627 447 916 520 quiverit?
982 450 1094 502 Nec
1159 453 1351 502 tamen
1426 452 1761 520 Apostolum
1838 453 1895 506 in
1927 457 1970 508 Α
2014 454 2192 524 ipsam
2225 471 2396 525 quam
2434 455 2600 509 hodie
2648 460 2892 526 populus
2938 461 3293 517 credentium
3349 463 3408 518 in
3461 465 3708 522 Ecclesia

203 541 432 594 Christo
463 539 716 591 locutum
745 537 1022 590 audemus
1061 537 1249 590 dicere
1284 539 1437 608 quod
1491 555 1601 592 non
1653 556 1780 592 vere
1815 540 1904 594 di-

207 629 354 681 xerit
389 631 580 698 patres
629 632 856 679 nostros
888 626 944 678 in
991 626 1144 679 nube
1205 631 1259 679 ct
1293 627 1436 680 mari
1494 626 1662 679 fuisse
1720 627 1902 698 bapti-

206 723 383 770 zatos.

275 805 778 876 XXI.thuamvis
813 804 1130 874 baptismus
1179 802 1276 856 ille
1318 803 1561 857 formam
1597 805 1904 874 baptisma-

205 896 279 948 tis
304 895 536 957 Christi,
567 895 721 964 quod
758 893 926 945 hodie
959 893 1179 960 geritur
1216 893 1271 944 in
1307 893 1571 958 Ecclesia,
1609 911 1720 946 non
1753 910 1904 962 prai-

203 984 424 1044 tulerit,
468 982 815 1051 baptismum
867 987 1058 1033 tamen
1091 981 1386 1045 exstitisse,
1434 986 1488 1033 et
1521 982 1674 1035 ineo
1719 991 1906 1053 patres

204 1079 434 1126 nostros
468 1071 780 1140 baptizatos
810 1069 1002 1128 fuisse,
1034 1071 1223 1122 nullus
1264 1085 1473 1138 negare
1505 1086 1677 1123 sanus
1725 1071 1902 1123 aude-

204 1159 311 1224 bit,
345 1161 455 1213 nisi
507 1159 693 1213 verbis
739 1160 993 1228 Apostoli
1038 1158 1428 1211 contradicere
1478 1175 1719 1212 vesanus
1769 1175 1908 1228 pra!-

207 1249 537 1319 sumpserit.
573 1249 755 1318 Igitur
788 1254 844 1300 et
895 1263 1050 1300 mare
1101 1252 1156 1298 et
1211 1247 1390 1300 nubes
1425 1263 1537 1300 non
1589 1249 1902 1302 secundum

210 1337 319 1390 hoc
351 1337 507 1407 quod
539 1351 746 1405 corpus
772 1336 1120 1399 exstiterant,
1155 1336 1618 1388 sanctiﬁcationis
1673 1337 1904 1388 mundi—

211 1426 350 1479 tiam
394 1425 717 1495 prazbuere,
769 1440 967 1476 verum
1019 1423 1328 1490 secundum
1360 1424 1510 1493 quod
1547 1408 1908 1478 invisibiliter

207 1516 387 1568 sancti
449 1514 696 1582 Spiritus
753 1511 1255 1565 sanctiﬁcatiouem
1318 1512 1706 1565 continebant.
1781 1513 1909 1566 Erat

207 1618 464 1672 namque
497 1602 556 1654 iu
609 1602 692 1654 eis
740 1601 978 1654 visibilis
1017 1600 1221 1665 forma,
1280 1616 1408 1670 quas
1440 1601 1740 1670 corporeis
1779 1617 1904 1654 sen-

207 1690 365 1743 sibus
406 1696 729 1760 appareret,
772 1705 884 1742 non
937 1689 994 1741 in
1027 1688 1298 1756 imagine,
1333 1688 1426 1742 sed
1460 1688 1520 1742 in
1552 1690 1816 1753 veritate;
1852 1693 1906 1741 et

203 1780 450 1832 interius
481 1778 792 1850 spiritualis
824 1777 1073 1846 potentia
1102 1777 1442 1846 refulgebat,
1478 1792 1604 1847 qua:
1634 1793 1747 1830 non
1788 1793 1906 1830 car-

204 1868 296 1920 nis
329 1867 533 1930 oculis,
563 1867 656 1920 sed
689 1867 894 1919 mentis
933 1865 1246 1919 luminibus
1275 1870 1594 1936 appareret.

277 1956 445 2010 XXII.
483 1954 759 2009 Similiter
791 1970 996 2007 manna
1047 1955 1262 2024 populo
1292 1954 1360 2007 de
1407 1954 1547 2006 coelo
1599 1953 1818 2012 datum.
1853 1957 1910 2005 et

207 2061 357 2114 aqua
389 2043 692 2113 proﬂuens
751 2042 818 2095 de
870 2049 1048 2112 petra,
1104 2043 1429 2111 corporales
1488 2042 1822 2094 exstiterant
1853 2048 1910 2093 et

206 2133 590 2202 corporaliter
619 2131 898 2201 populum
945 2131 1031 2184 vel
1080 2130 1388 2200 pascebant
1446 2129 1531 2181 vel
1583 2131 1905 2199 potabant:

206 2227 464 2274 attamen
498 2220 800 2290 Apostolus
837 2220 921 2272 vel
948 2219 1086 2272 illud
1123 2235 1350 2283 manna,
1373 2219 1456 2270 vel
1493 2219 1646 2271 illam
1675 2235 1906 2289 aquam,

206 2309 571 2379 spiritualem
600 2324 786 2362 escam
835 2307 1311 2377 spiritualemque
1370 2313 1569 2375 potum
1631 2307 1902 2378 appellat.

207 2398 323 2452 Cur
347 2396 499 2451 hoc?
527 2397 808 2461 Quoniam
841 2396 1025 2448 inerat
1072 2394 1358 2465 corporeis
1411 2395 1521 2448 illis
1578 2395 1909 2448 substantiis

206 2488 531 2557 spiritualis
562 2485 728 2539 Verbi
761 2489 1030 2554 potestas,
1063 2501 1191 2554 qua:
1225 2489 1442 2538 mentes
1492 2485 1682 2552 potius
1733 2499 1907 2554 quam

205 2592 449 2646 corpora
511 2574 868 2628 credentium
923 2577 1180 2643 pasceret
1236 2577 1407 2643 atque
1470 2577 1695 2642 putaret
1743 2573 1910 2638 (Vide

205 2666 493 2733 num.l5).
533 2664 596 2717 Et
646 2679 776 2716 cum
829 2662 984 2715 cibus
1015 2663 1098 2715 vel
1161 2667 1326 2730 potus
1390 2662 1483 2714 ille
1541 2661 1717 2714 futuri
1787 2678 1906 2712 ror-

206 2753 370 2821 poris
400 2751 606 2804 Christi
643 2750 1053 2820 sanguinisque
1086 2751 1442 2820 mysterium,
1475 2751 1624 2820 quod
1660 2750 1910 2803 celebrat

208 2841 482 2907 Ecclesia,
550 2844 1036 2908 prmmonstraret,
1114 2839 1376 2892 eamdem
1462 2843 1652 2892 tamen
1722 2855 1908 2892 escam

205 2928 569 2997 spiritualem
604 2927 993 2992 manducasse,
1027 2927 1292 2980 eumdem
1324 2931 1520 2997 potum
1550 2927 1907 2996 spiritualem

203 3018 420 3071 bibisse
458 3020 648 3084 patres
677 3020 904 3068 nostros
935 3021 1162 3068 sanctus
1195 3015 1402 3067 Paulus
1424 3019 1724 3068 asseverat.

277 3105 465 3160 XXIII.
498 3104 716 3168 Quaeris
762 3103 999 3157 fortasse
1047 3119 1217 3173 quam
1270 3103 1576 3157 eamdem?
1624 3103 1906 3157 Nimirum

272 3271 296 3294 ⁸
326 3261 441 3326 Quo
472 3276 575 3313 non
621 3261 791 3313 solum
833 3259 1238 3322 redimeremur,
1303 3275 1487 3312 verum
1539 3261 1702 3312 etiam
1744 3264 1903 3328 pota-

200 3348 405 3386 reinur.
436 3332 575 3384 Cum
607 3331 758 3384 idem
801 3332 894 3393 sit,
930 3330 1089 3382 omni
1141 3335 1332 3382 amoto
1371 3329 1720 3394 discrimine,
1775 3346 1902 3382 san-

200 3403 332 3474 guis
366 3402 572 3456 Christi
602 3418 715 3472 quo
749 3409 1017 3474 potamur
1071 3405 1125 3474 et
1151 3400 1529 3474 ‘redimimur,
1577 3401 1706 3474 lure
1740 3417 1901 3474 assu-

203 3469 365 3526 Fuere
413 3469 644 3526 necesse
695 3469 780 3525 est
811 3471 882 3524 ad
933 3469 1385 3524 concludendum
1437 3472 1590 3540 quod
1638 3488 1764 3524 cum
1800 3471 1904 3524 Ra-

199 3553 470 3597 tramnus
499 3543 752 3596 docuerit
789 3549 843 3594 et
868 3541 1534 3610 credideritsanguinem
1569 3559 1670 3611 pro
1713 3543 1902 3595 homi-

200 3616 376 3668 nibus
435 3613 678 3666 effusum
739 3629 856 3665 non
913 3628 1032 3664 esse.
1089 3612 1365 3665 duntaxat
1425 3612 1752 3681 ﬁguratum,
1806 3613 1901 3665 sed

203 3701 408 3738 verum
444 3692 502 3737 et
531 3683 759 3752 praprie
792 3683 1003 3736 dictum
1036 3684 1370 3752 sanguinem
1399 3683 1606 3736 Christi
1637 3685 1902 3736 eductum

202 3774 233 3809 e
264 3759 397 3808 sinu
435 3755 613 3808 beatae
647 3753 893 3822 Virginis
919 3759 974 3806 et
1004 3752 1330 3806 affluentem
1365 3769 1426 3805 ex
1459 3753 1616 3806 venis
1645 3754 1901 3823 corporis

200 3827 360 3880 cruci
396 3825 572 3885 afﬁxi,
607 3841 838 3878 necesse
867 3830 952 3877 est
986 3823 1430 3894 Eucharisticum
1471 3840 1584 3892 quo
1633 3830 1903 3894 potamur

199 3898 377 3951 fuisse
409 3912 440 3948 e
472 3897 597 3947 sinu
636 3897 817 3948 beata—3
860 3895 1108 3964 Virginis
1157 3893 1422 3947 eductum
1462 3902 1518 3946 et
1549 3911 1578 3946 e
1632 3893 1900 3947 cruciﬁxo

202 3983 447 4036 corpore
483 3966 750 4029 effusum,
804 3968 965 4033 cujus
1009 3981 1139 4036 cum
1193 3965 1552 4036 plenitudine
1606 3965 1673 4018 ad
1733 3967 1902 4018 caelos

203 4035 513 4110 postquam
536 4038 751 4110 revisit
797 4035 1070 4110 ascendit,
1131 4039 1185 4087 et
1243 4035 1309 4088 ad
1380 4035 1668 4110 desteram
1720 4036 1901 4089 Patris

202 4106 372 4168 Sedit;
404 4114 468 4160 ut
497 4107 646 4160 idem
681 4106 868 4177 inquit
896 4107 1241 4177 Batramnus
1269 4120 1426 4158 num.
1462 4108 1548 4159 30.

270 4182 296 4222 ι)
321 4181 464 4246 Ipse,
500 4175 890 4244 namque,'etc.
929 4177 1080 4229 Adeo
1116 4176 1173 4228 in
1201 4182 1391 4229 mente
1419 4175 1690 4228 tuendam
1720 4175 1901 4228 liabe-

201 4251 302 4304 bat
335 4247 1026 4302 traussubstantiationem
1067 4247 1430 4308 Batramnus,
1484 4263 1653 4316 quam
1711 4246 1900 4299 Eccle-

2016 543 2322 597 manducat
2353 550 2404 596 et
2437 544 2577 597 bibit
2605 546 2766 613 (Vide
2787 563 2930 600 num.
2959 551 3069 612 '25).
3116 551 3236 604 Non
3269 552 3424 607 enim
3469 553 3599 608 licet
3629 557 3709 610 di-

2015 648 2236 686 versam
2272 632 2533 702 intelligi,
2589 634 2862 703 quoniam
2918 652 3063 688 unus
3117 639 3385 711 idemque
3448 643 3707 698 Christus

2017 725 2116 780 est,
2153 722 2251 790 qui
2285 727 2337 774 et
2371 723 2648 790 populum
2687 722 2744 775 in
2773 723 3014 782 deserto.
3063 725 3119 778 in
3166 730 3316 782 nube
3368 735 3426 784 et
3471 731 3530 784 in
3563 727 3707 787 inari

2014 808 2390 878 baptizatum,
2424 827 2525 863 sua
2554 828 2720 864 carne
2768 812 2940 882 pavit,
2979 830 3081 866 suo
3131 819 3406 886 sanguine
3439 824 3574 874 tunc
3615 839 3708 892 po-

2020 898 2174 962 tavit,
2215 904 2271 950 et
2313 899 2368 951 in
2420 900 2659 952 Ecclesia
2692 917 2842 953 nunc
2902 903 3257 956 credentium
3287 910 3585 976 populum
3620 911 3706 963 sui

2016 985 2271 1054 corporis
2293 1003 2460 1056 pane,
2494 988 2580 1040 sui
2611 989 2905 1057 sanguinis
2934 991 3086 1044 unda
3109 991 3290 1060 pascit
3323 999 3492 1064 atque
3522 1003 3703 1066 potat.

2085 1075 2260 1129 XXIV.
2295 1076 2452 1138 Quod
2511 1077 2705 1129 volens
2757 1079 3062 1148 Apostolus
3111 1079 3399 1148 intimare,
3459 1099 3587 1137 cum
3621 1087 3705 1139 di-

2015 1162 2183 1215 xisset
2258 1168 2446 1233 patres
2503 1171 2729 1218 nostros
2788 1183 2911 1219 eam
2933 1167 3047 1221 lem
3108 1186 3292 1222 escam
3353 1171 3706 1240 spiritualem

2017 1251 2405 1318 manducasse,
2484 1254 2864 1325 cumdemque
2930 1263 3129 1324 potum
3196 1258 3555 1327 spiritualem
3622 1261 3709 1315 bi-

2016 1338 2184 1404 bisse,
2211 1347 2628 1410 consequenter
2657 1343 2862 1412 adjecit
2894 1361 2906 1397 :
2963 1346 3232 1400 Bibebant
3285 1355 3466 1402 autem
3507 1349 3572 1402 de
3599 1355 3710 1418 spi-

2015 1429 2210 1481 rituali
2237 1433 2578 1498 consequenti
2605 1446 2690 1484 eos
2733 1437 2909 1500 petra.
2965 1435 3122 1486 Petra
3165 1441 3344 1489 autem
3401 1441 3519 1490 erat
3552 1439 3706 1494 Chri-

2015 1522 2131 1568 stus
2197 1517 2238 1584 (ι
2300 1518 2419 1571 Cor.
2476 1535 2529 1583 x,
2588 1520 2658 1586 4).
2712 1521 2777 1573 [It
2831 1520 3311 1593 intelligereinus,
3371 1525 3426 1578 in
3487 1527 3709 1581 deserto

2017 1605 2304 1658 Christum
2340 1607 2392 1658 in
2442 1608 2724 1676 spirituali
2779 1615 2938 1677 petra
2971 1612 3310 1678 constitisse,
3369 1620 3425 1667 et
3455 1615 3539 1668 sui
3574 1633 3708 1669 san—

2017 1693 2208 1762 guinis
2234 1694 2442 1747 uudam
2466 1697 2681 1765 populo
2701 1699 3030 1766 praebuisse,
3058 1701 3154 1769 qui
3181 1707 3378 1769 postea
3400 1719 3608 1774 corpus
3639 1705 3708 1758 de

2017 1781 2246 1850 Virgine
2269 1787 2583 1852 sumptum,
2616 1790 2672 1836 et
2703 1801 2802 1854 pro
2831 1789 3011 1839 salute
3043 1789 3397 1844 credentium
3433 1792 3490 1844 iu
3543 1808 3706 1846 cruce

2016 1885 2376 1940 suspensum,
2414 1873 2621 1924 nostris
2679 1873 2896 1925 saiculis
2954 1875 3231 1940 exhibuit,
3286 1883 3339 1930 et
3372 1894 3435 1931 ex
3473 1896 3540 1932 eo
3571 1896 3706 1933 san-

2015 1958 2205 2026 guinis
2234 1959 2443 2011 undam
2477 1960 2678 2013 elfndit
2716 1970 2739 1994 ει
2767 1977 2879 2030 quo
2903 1978 3018 2015 non
3050 1965 3236 2018 solum
3267 1967 3702 2033 redimeremur,

2015 2062 2213 2099 verum
2249 2047 2419 2100 etiam
2459 2054 2811 2117 poteremur.

2087 2134 2234 2188 XXV.
2269 2135 2468 2188 Mirum
2520 2141 2694 2201 certe,
2729 2135 3002 2206 quoniam
3037 2137 3622 2207 incomprehensibile
3653 2145 3707 2193 et

2012 2223 2442 2278 inaestimabile!
2479 2225 2744 2278 Nondum
2790 2225 3082 2279 hominem
3118 2233 3522 2296 assumpserat,
3559 2245 3704 2283 non-

2014 2311 2150 2365 dum
2184 2328 2288 2381 pro
2323 2312 2502 2365 salute
2547 2313 2745 2366 mundi
2806 2319 3050 2367 mortem
3094 2314 3517 2384 degustaverat,
3570 2333 3706 2372 non-

2015 2398 2150 2451 dum
2183 2399 2460 2467 sanguine
2490 2416 2592 2451 suo
2617 2416 2718 2451 nos
2758 2401 3097 2468 redemerat,
3131 2408 3185 2455 et
3207 2403 3326 2473 jam
3382 2405 3559 2458 nostri
3613 2423 3710 2475 pa-

2015 2491 2128 2539 tres
2158 2486 2213 2539 in
2243 2487 2464 2540 deserto
2506 2503 2606 2557 per
2631 2503 2816 2540 escam
2863 2489 3220 2558 spiritualem
3275 2498 3590 2563 potumque
3621 2495 3706 2546 in-

2013 2574 2294 2628 visibilem
2327 2577 2450 2644 ejus
2481 2592 2690 2644 corpus
2723 2577 3141 2632 nianducabant
3195 2586 3251 2632 et
3291 2582 3414 2648 eius
3462 2583 3702 2650 sangui-

2015 2679 2146 2716 nem
2181 2662 2451 2716 bibebant
2484 2679 2496 2716 :
2533 2665 2686 2717 velut
2715 2665 2874 2717 testis
2901 2670 3078 2718 exstat
3125 2669 3429 2736 Apostolus
3456 2671 3709 2724 clamans

2015 2752 2272 2804 eamdem
2328 2768 2511 2805 escam
2569 2752 2929 2821 spiritualem
2980 2755 3376 2821 manducasse,
3435 2759 3700 2812 eumdem

2015 2846 2215 2908 potum
2251 2840 2603 2910 spiritualem
2629 2840 2836 2894 bibisse
2868 2847 3057 2910 patres
3089 2851 3330 2897 nostros.
3371 2847 3492 2899 Non
3537 2846 3704 2901 isthic

2017 2929 2159 2982 ratio
2193 2945 2302 2998 qua
2336 2929 2460 2982 ﬁeri
2493 2932 2761 2998 potuerit,
2796 2929 3197 3000 disquirenda;
3231 2934 3328 2987 sed
3381 2935 3523 2988 ﬁdes
3555 2937 3705 3007 quod

1965 3051 1978 3092 ι
2016 3018 2224 3070 factum
2267 3017 2356 3080 sit,
2414 3017 2758 3070 adhibenda.
2791 3020 2814 3060 b
2845 3021 2970 3087 Ipse
3028 3037 3273 3090 namque
3306 3022 3404 3092 qui
3462 3040 3612 3076 nunc
3651 3023 3706 3076 in

2017 3105 2264 3158 Ecclesia
2298 3104 2680 3173 omnipotenti
2711 3105 2921 3158 virtute.
2952 3123 3161 3175 panem
3199 3113 3256 3161 et
3294 3109 3491 3163 vinum
3529 3112 3586 3164 in
3622 3114 3706 3164 sui

2015 3260 2254 3331 confert,
2273 3257 2532 3331 quamvis
2564 3257 2752 3331 prima
2771 3262 2826 3312 et
2847 3259 3142 3330 antiquior
3163 3265 3312 3313 esset
3327 3261 3507 3331 ﬁgura
3525 3279 3711 3317 recen-

2012 3329 2174 3382 tioris
2202 3335 2258 3382 et
2285 3328 2476 3403 imago
2501 3345 2602 3403 seu
2637 3329 2742 3403 sub
2769 3328 3057 3403 aspectum
3081 3328 3445 3398 subjectio'et
3495 3334 3712 3403 efﬁgies

2014 3415 2294 3470 expressa.
2332 3401 2471 3451 Cum
2499 3399 2674 3467 igitur
2695 3401 2774 3452 ait
2803 3401 3144 3453 Ratramnus
3167 3419 3320 3455 num.
3358 3406 3424 3458 23
3449 3399 3709 3459 eamdem

2013 3487 2133 3523 esse
2165 3486 2392 3523 carnem
2427 3487 2600 3539 quam
2635 3471 2881 3540 populus
2912 3473 3265 3526 credentium
3293 3475 3407 3527 edit
3436 3475 3492 3528 in
3518 3476 3711 3529 Eccle-

2013 3543 2111 3605 sia,
2145 3547 2202 3594 et
2231 3548 2426 3610 potum
2461 3557 2633 3610 quem
2668 3541 2824 3606 bibit,
2861 3558 2974 3595 non
3005 3545 3275 3612 intelligit
3304 3561 3407 3598 nec
3444 3546 3520 3599 ait
3553 3563 3708 3600 eam-

2013 3613 2293 3684 demesse
2327 3625 2554 3664 carnem
2587 3618 2644 3684 et
2673 3617 2871 3684 potum
2902 3613 3264 3667 individuum
3298 3621 3354 3667 et
3379 3617 3708 3684 speciticum

2012 3681 2172 3735 omni
2203 3682 2424 3734 delectu
2459 3688 2554 3734 aut
2583 3681 2912 3735 discrimine
2941 3691 3186 3750 remoto,
3219 3685 3316 3738 sed
3342 3681 3711 3742 solummodo

2012 3753 2270 3827 eamdem
2295 3767 2520 3827 carnem
2555 3768 2749 3820 reapse
2770 3754 3100 3827 manducari
3131 3761 3188 3807 et
3214 3756 3476 3810 eumdem
3507 3765 3709 3827 potum

2012 3822 2308 3897 propinari
2341 3822 2530 3886 hodie,
2565 3839 2812 3897 quorum
2845 3824 3045 3897 imago
3067 3825 3254 3877 fuerat
3275 3827 3412 3879 olim
3446 3822 3712 3897 expressa

2011 3901 2068 3947 et
2104 3894 2369 3962 ﬁgurata,
2407 3899 2462 3944 et
2511 3894 2994 3965 quemadmodum
3035 3894 3155 3947 hinc
3213 3898 3457 3965 ﬁgurata
3489 3894 3619 3952 caro
3651 3905 3707 3953 et

2012 3966 2245 4034 sanguis
2275 3965 2572 4031 ﬁguratus,
2608 3963 2894 4017 habebant
2916 3965 3182 4018 virtutem
3209 3963 3543 4021 interiorem
3565 3969 3715 4022 infu-

2011 4036 2187 4087 sionis
2219 4035 2413 4103 gratias
2441 4050 2536 4086 seu
2572 4035 2928 4088 conferendi?
2983 4034 3314 4089 hominibus
3371 4040 3709 4104 sanctitatis,

2011 4106 2212 4158 eadem
2243 4121 2372 4157 caro
2403 4120 2532 4156 vera
2566 4106 2911 4174 sanguisque
2944 4121 3114 4158 verus
3172 4107 3288 4160 vim
3339 4115 3396 4160 et
3441 4110 3710 4163 virtutem

2011 4176 2184 4229 habet
2212 4176 2570 4228 Conferendaa
2601 4176 2726 4227 vitae
2775 4183 2831 4228 et
2861 4175 3330 4232 immortalitatis.
3366 4180 3524 4233 Hunc
3593 4197 3715 4234 esse

2011 4263 2206 4320 verum
2239 4261 2466 4320 sensum
2483 4246 2922 4320 Aconciiiuatoris
2968 4247 3263 4300 Ratramni
3317 4266 3383 4302 ex
3416 4267 3635 4320 eoucep
3676 4254 3717 4305 ti

204 4323 290 4396 sia
320 4319 604 4396 cathplica
636 4319 906 4396 defendit,
943 4323 1003 4396 ut
1047 4317 1265 4396 liquido
1313 4316 1601 4396 subjicere
1643 4317 1901 4396 videatur
1936 4344 1976 4396 η
2017 4317 2203 4396 verbis
2235 4332 2398 4396 n‘um.
2424 4317 2507 4396 _22
2558 4316 2973 4396 intelligimus:
3019 4321 3088 4371 Et
3118 4335 3236 4396 cuni
3279 4321 3450 4386 cibus,
3500 4316 3714 4390 ccipe-

204 4392 414 4444 factam
449 4389 620 4442 fuisse
653 4395 908 4458 tempore
954 4389 1154 4457 Moysis
1187 4387 1244 4440 in
1293 4403 1502 4439 manna
1553 4392 1611 4440 et
1653 4386 1710 4458 in
1754 4403 1897 4456 aqua

206 4477 335 4532 quas
376 4461 448 4514 de
501 4466 663 4532 petra
723 4457 882 4532 virga
934 4475 1200 4527 percussa
1258 4458 1584 4532 effluxerat;
1647 4457 1902 4532 adeoque

206 4529 433 4585 tantum
468 4529 626 4583 abest
653 4534 717 4582 ut
753 4545 821 4582 ex
864 4530 967 4581 hac
1019 4529 1445 4597 comparatione
1492 4529 1900 4580 assumendum

208 4605 280 4656 sit
312 4607 726 4671 argumentum
757 4599 826 4653 ad
851 4599 1210 4671 probandum
1243 4599 1615 4671 Itatramnum
1641 4599 1904 4671 abnuisse

210 4669 489 4726 doctrina:
517 4671 810 4725 catholicae
842 4670 1097 4723 Ecclesiae
1129 4670 1199 4722 de
1227 4669 1710 4721 transmutatione
1743 4669 1906 4738 panis

210 4744 266 4797 in
299 4759 512 4812 corpus
540 4742 748 4795 Christi
781 4758 794 4794 :
833 4741 952 4809 ipsa
985 4739 1336 4812 comparatio
1390 4740 1595 4812 prohat
1640 4755 1669 4792 e
1709 4746 1906 4812 contra

211 4815 350 4867 adeo
391 4810 648 4866 mentem
699 4817 1030 4880 occupatam
1079 4811 1345 4863 habuisse
1403 4810 1668 4862 suasione
1739 4811 1907 4877 hujus

213 4883 891 4946 transsubstantiationis,
975 4886 1038 4933 ut
1094 4881 1259 4932 alteri
1317 4880 1564 4933 libenter
1631 4884 1909 4932 annueret

213 4955 393 5023 ipsius
426 4968 656 5006 manna:
691 4952 747 5004 in
783 4952 1096 5023 ipsummet
1146 4966 1354 5019 corpus
1387 4949 1592 5004 Christi
1653 4951 1907 5023 nondum

211 5021 348 5079 nati.
383 5024 492 5077 Sed
522 5039 652 5075 cum
682 5022 966 5090 ejusmodi
996 5024 1298 5074 sententia:
1339 5036 1520 5087 genus
1571 5036 1693 5072 esse
1746 5021 1908 5072 valde

212 5096 502 5164 singulare
534 5099 590 5144 et
614 5094 884 5153 insolens,
915 5092 1174 5164 quamvis
1198 5092 1287 5144 hic
1305 5091 1715 5164 dilucidissime
1744 5107 1911 5164 expo-

215 5161 404 5228 situ'm,
442 5170 700 5216 nostrum
735 5168 1020 5215 auctorem
1054 5163 1114 5214 in
1144 5163 1287 5214 hanc
1337 5161 1676 5213 sententiam
1739 5161 1909 5213 inisse

215 5238 551 5304 neutiquam
592 5235 817 5286 videtur
834 5232 1106 5285 credibile
1134 5249 1146 5285 :
1171 5233 1383 5304 quippe
1410 5237 1780 5304 cumcertum
1819 5234 1909 5294 sit,

217 5308 370 5359 omni
393 5301 588 5358 dubio
614 5310 850 5369 remoto,
870 5304 1158 5356 neminem
1193 5301 1493 5355 hominum
1517 5301 1621 5354 sibi
1659 5317 1910 5371 unquam

217 5376 565 5445 persuasisse
609 5391 671 5427 ac
728 5374 1051 5428 defendisse
1110 5372 1768 5445 transsubstent‘iationem
1815 5389 1910 5423 seu

219 5441 404 5500 veram
433 5446 946 5498 commutationem
981 5459 1202 5496 manna:
1235 5443 1303 5496 de
1338 5443 1480 5495 C0310
1503 5441 1643 5494 fuste
1675 5447 1731 5494 et
1751 5457 1914 5511 aquae

224 5517 289 5570 de
321 5523 483 5586 petra
516 5515 748 5568 fluentis
779 5516 836 5568 in
868 5513 1322 5586 corpusChristi.
1357 5511 1462 5586 Sed
1487 5517 1690 5586 noster
1719 5518 1918 5586 auctor

225 5582 524 5642 miriﬁcam
559 5586 932 5639 mutationem
957 5582 1012 5637 in
1037 5584 1272 5640 alteram
1297 5582 1660 5636 mirabilitate
1688 5583 1914 5651 plenam

554 5682 843 5741 PA'I‘ROL.
891 5680 1115 5740 CXXI.

2018 4393 2102 4440 tus
2132 4388 2223 4459 ille
2250 4387 2434 4459 futuri
2471 4389 2710 4453 corporis
2741 4389 2948 4441 Christi
2977 4392 3367 4457 sanguinisque
3395 4387 3716 4459 mysterium

2013 4458 2158 4526 quod
2187 4458 2417 4511 celebrat
2457 4459 2695 4509 Ecclesia
2738 4465 3198 4524 prwmonstraret,
3235 4458 3471 4514 eamdem
3534 4468 3712 4517 tamen

2012 4543 2188 4581 escam
2219 4527 2563 4594 spiritualem
2606 4527 2800 4578 bibisse
2825 4533 3008 4594 patres
3045 4535 3253 4582 nostros
3298 4538 3517 4584 sanctus
3561 4535 3715 4587 Pau-

2014 4600 2096 4652 lus
2126 4600 2416 4650 asscverat.
2446 4599 2514 4648 At
2546 4611 2674 4647 vero
2696 4611 2824 4648 cum
2855 4597 2995 4648 ratio
3015 4603 3251 4666 propter
3277 4617 3449 4668 quam
3485 4611 3714 4658 sanctus

2017 4669 2225 4721 Paulus
2283 4667 2482 4718 asserit
2530 4671 2718 4733 patres
2784 4673 3010 4718 nostros
3067 4667 3382 4722 comedisse
3452 4676 3712 4728 eamdem

2014 4753 2248 4814 carnem
2279 4743 2338 4814 et
2371 4735 2575 4814 bibisse
2629 4735 2897 4814 eumdem
2945 4742 3154 4814 potum
3204 4754 3271 4814 ex
3308 4752 3713 4814 _eo_erumpat

2016 4809 2165 4878 quod
2199 4806 2534 4876 mysterium
2567 4805 2820 4876 corporis
2851 4813 2908 4858 et
2952 4807 3252 4878 sanguinis
3299 4808 3502 4863 Christi
3537 4805 3716 4867 futuri

2017 4877 2076 4951 ifn
2107 4879 2358 4946 imagine
2389 4893 2616 4951 manna:
2651 4892 2980 4951 capressum
3014 4877 3220 4943 fuerat,
3256 4885 3311 4931 et
3341 4896 3503 4950 aqua:
3535 4891 3712 4951 petrae

2017 4949 2248 5012 deserti,
2283 4948 2656 5017 consequitur
2686 4947 2932 5000 dilucide
2963 4947 3113 5001 hunc
3137 4947 3430 5002 auctorem
3462 4947 3560 5005 seu
3586 4971 3717 5006 con-

2019 5020 2374 5072 cinnatorcm
2407 5019 2514 5071 sibi
2545 5019 2780 5071 suadere
2821 5035 2934 5071 non
2971 5019 3222 5088 potuisse
3269 5020 3371 5072 hoc
3419 5037 3632 5076 manna
3663 5032 3720 5078 et

2018 5105 2228 5158 aquam
2289 5089 2460 5141 fuisse
2514 5089 2878 5143 individuum
2930 5095 2986 5142 et
3034 5089 3360 5156 speciticum
3391 5106 3618 5160 corpus,
3658 5103 3715 5148 et

2019 5160 2358 5227 sanguinem
2403 5174 2572 5227 quem
2626 5159 2682 5212 in
2741 5176 2886 5211 novo
2944 5160 3152 5213 findere
3211 5159 3556 5228 percipimus
3616 5181 3718 5220 nec

2021 5231 2284 5282 eumdem
2319 5247 2440 5281 esse
2493 5230 2810 5299 simplicem
2863 5231 3106 5299 ﬁguram
3149 5237 3205 5282 et
3261 5231 3572 5300 imaginem
3618 5253 3718 5289 ex—

2023 5317 2274 5370 pressam
2301 5315 2542 5374 vacuam
2575 5316 2641 5351 ea
2687 5317 2758 5374 re,
2803 5317 2972 5371 quam
3032 5300 3248 5374 inducit
3305 5308 3360 5355 et
3428 5306 3712 5374 eXprimit.

2022 5370 2374 5447 Saetist~_iiini
2418 5385 2630 5447 manna
2681 5370 3122 5447 fuisset_lignr_a
3181 5371 3382 5447 ﬁguras
3423 5370 3720 5447 et'imago

2026 5441 2314 5510 imaginis,
2343 5440 2490 5517 quod
2525 5445 2672 5493 recte
2706 5442 2917 5517 rationi
2960 5442 3315 5517 intolerabile
3374 5461 3601 5517 semper
3630 5440 3719 5502 vi-

2024 5517 2310 5588 sumhest.
2372 5515 2429 5563 et
2476 5525 2506 5562 a
2549 5525 2722 5588 sensu
2779 5511 3428 5588 Ratramnipsi‘mentis
3483 5511 3721 5588 compos

2025 5581 2216 5644 fuerit,
2259 5595 2485 5650 semper
2512 5579 2762 5632 alienum
2798 5582 3044 5650 :quippe
3073 5583 3122 5636 ei
3157 5583 3344 5637 dicere
3376 5588 3509 5639 satis
3548 5579 3720 5642 fuisse

3366 5704 3404 5738 ὸ.)
