4164 6182
424 261 523 318 119

1588 261 1947 316 RA'l‘RAMNI
1985 262 2434 318 CORBEIENSIS
2474 262 2785 319 MONACH!

3818 261 3925 316 120

424 397 609 464 detur,
645 394 741 450 sed
773 396 842 451 ad
897 396 1208 467 perfectam
1252 396 1383 450 libri
1442 395 1738 450 Ratramni
1785 395 2108 466 intelligen-
2140 400 2181 453 A
2220 397 2437 451 cerebri
2492 414 2660 452 sensu
2716 398 2797 453 uti
2838 397 3095 453 videatur
3152 400 3499 453 Ratramnus
3525 410 3751 450 necesse
3779 398 3867 450 est
3907 411 3921 448 :

424 485 571 541 tiam
612 485 831 540 diluere
872 501 1099 539 necesse
1128 488 1231 538 est.
1266 484 1342 537 Ex
1372 487 1620 553 quatuor
1661 483 1799 537 locis
1828 483 2004 555 hujus
2030 500 2125 538 au-

429 576 604 629 ctoris
635 573 911 644 erumpit,
947 578 1002 627 et
1041 573 1248 643 quibus
1274 570 1567 624 traductor
1590 571 1837 625 Gallicus
1887 572 2123 625 diversa:

424 664 603 733 partis
658 663 942 717 vindicare
992 664 1173 715 tentat
1222 659 1396 712 verbo
1459 661 1937 726 manifestationis,
1999 659 2125 713 sive

426 752 746 806 manifestae
790 747 1315 813 demonstrationis,
1373 749 1748 802 Ratramnum
1803 747 2123 817 significare

428 842 673 894 voluisse
704 839 1025 893 realitatem.
1073 836 1182 889 Sed
1214 852 1276 889 ex
1311 837 1399 889 his
1426 842 1675 906 quatuor
1705 837 1843 891 locis
1891 852 2125 907 prorsus

429 928 779 984 contrarium
814 925 1072 979 evincere
1108 924 1246 978 mihi
1277 923 1499 978 facilius
1559 926 1797 993 videtur,
1834 930 1889 979 et
1928 941 1957 979 e
1989 940 2122 978 con-

426 1022 515 1070 tra
544 1015 895 1085 apertionem
955 1028 1054 1065 seu
1114 1012 1558 1083 patefactionem
1617 1013 1879 1068 sensibus
1939 1014 2126 1084 subje-

429 1109 575 1157 ctam
599 1100 853 1170 corporis
880 1101 1112 1155 Christi.

500 1189 724 1243 Primus
769 1189 930 1241 locus
972 1187 1286 1241 assumitur
1316 1204 1348 1241 a
1388 1190 1703 1243 Ratramno
1740 1204 1807 1242 ex
1855 1188 2127 1242 orationi-

428 1277 534 1330 bus
568 1293 663 1329 seu
719 1276 982 1330 Collectis
1030 1275 1291 1329 Ecclesiae
1357 1277 1645 1341 Romamn,
1693 1277 2126 1330 Mediolanensis

430 1370 485 1418 et
513 1364 860 1418 Senonensis
890 1374 933 1417 ο.
995 1366 1201 1429 Pignus
1240 1368 1452 1418 (eterna?
1508 1367 1636 1417 rita:
1682 1368 1972 1433 capientes,
2025 1366 2125 1418 hu-

432 1453 634 1507 militer
700 1453 1055 1518 imploramus
1131 1458 1193 1506 ut
1262 1453 1404 1519 quod
1469 1455 1528 1506 in
1602 1455 1839 1519 imagine
1911 1453 2121 1507 contin—

433 1544 609 1608 gimus
675 1543 1022 1604 sacramenti,
1093 1542 1388 1607 manifesta
1455 1543 1881 1609 participatione
1945 1556 2125 1595 suma-

432 1645 569 1684 mns.
605 1631 678 1684 Ex
711 1630 799 1684 his
831 1645 962 1682 vero
1000 1629 1124 1683 luce
1151 1628 1357 1682 clarius
1388 1633 1546 1699 patet
1585 1628 1889 1683 Ecclesiam
1920 1644 2126 1700 rogare

435 1720 613 1772 Deum
668 1719 879 1771 claram
944 1722 1001 1771 et
1058 1722 1317 1787 apertam
1376 1698 1820 1787 patefactionem
1873 1698 2129 1788 corporis
2164 1698 2203 1751 Β

436 1806 665 1873 Christi,
695 1806 778 1859 uti
809 1821 1005 1859 revera
1049 1805 1112 1859 in
1161 1809 1377 1858 aeterna
1428 1805 1613 1875 gloria
1664 1805 1941 1870 consistit,
1974 1804 2133 1876 quod

436 1894 497 1948 in
527 1899 784 1964 tempore
815 1893 919 1946 sub
951 1893 1254 1963 paropside
1287 1909 1383 1946 seu
1435 1893 1759 1947 velamento
1796 1894 2134 1948 sacramenti

439 1982 729 2054 possidet:
782 1983 937 2051 quod
979 1981 1275 2034 manifeste
1333 1982 1688 2035 demonstrat
1719 1981 1972 2053 aliquam
2002 1998 2135 2035 con-

440 2072 639 2125 sistere
669 2070 728 2122 in
758 2074 1112 2122 sacramento
1160 2070 1407 2137 figuram
1460 2073 1516 2122 et
1562 2068 1621 2121 in
1655 2085 1722 2121 co
1775 2085 1901 2139 quae
1933 2086 2132 2122 recon-

441 2160 558 2215 dita
582 2164 734 2223 sunt,
768 2173 883 2210 non
924 2157 1185 2226 patefieri
1230 2159 1525 2222 manifesta
1556 2158 1669 2211 luce
1719 2159 1999 2223 clarescat,
2053 2157 2135 2211 uti

442 2245 755 2302 adversarii
782 2243 1078 2300 Ratramui
1117 2244 1309 2297 animo
1340 2245 1736 2311 intendebant,
1771 2247 1868 2316 qui
1915 2246 2133 2299 nullam

444 2333 821 2388 admittebant
870 2349 965 2386 seu
1028 2333 1515 2402 recognoscebant
1547 2335 1602 2386 in
1662 2334 1934 2403 mysterio
1988 2334 2135 2404 figu-

444 2438 588 2484 ram,
622 2422 718 2476 sed
748 2422 863 2475 imo
894 2421 1089 2475 omnia
1139 2421 1396 2475 sensibus
1430 2422 1730 2475 oculorum
1787 2421 1968 2475 aciem
2001 2421 2134 2475 sub-

446 2512 527 2564 ire
557 2515 613 2565 et
644 2510 905 2563 sensibus
972 2509 1191 2578 subjici.
1225 2510 1397 2563 Plura
1451 2510 1737 2579 conceptis
1786 2510 1972 2563 verbis
2018 2526 2135 2564 non

446 2597 777 2667 significant
801 2614 929 2668 qua:
958 2598 1334 2668 proferuntur
1363 2615 1427 2651 ex
1458 2598 1715 2651 oratione
1747 2600 1994 2652 secunda
2025 2614 2037 2652 :
2072 2601 2135 2653 Ut

447 2703 565 2757 quae
593 2703 734 2741 nunc
763 2688 938 2754 specie
973 2689 1230 2754 gerimus,
1264 2703 1441 2741 rerum
1470 2690 1697 2742 veritate
1745 2690 2024 2757 capiamus
2052 2687 2075 2720 ι’
2122 2706 2136 2753 ;

448 2775 664 2846 quippe
696 2791 825 2829 cum
858 2791 964 2827 vox
997 2778 1201 2829 veritas
1230 2776 1372 2830 nihil
1405 2781 1616 2846 praeter
1644 2778 2137 2843 manifestationem

448 2868 496 2918 et
517 2864 865 2929 manifestam
902 2862 1407 2917 demonstrationem
1456 2864 1783 2935 signiticet:
1832 2880 1959 2934 qua:
2005 2867 2135 2917 sunt

449 2952 575 3023 ipsa
602 2952 771 3006 verba
800 2950 1097 3006 Ratramni
1123 2957 1180 3005 et
1201 2952 1446 3005 aliorum
1477 2952 1575 3022 qui
1595 2953 1933 3006 sententiam
1962 2968 2133 3023 quam

448 3040 813 3111 impugnavit
841 3039 1114 3094 tuendam
1162 3045 1518 3111 receperunt.
1573 3043 1811 3112 Insuper
1856 3041 2019 3095 facile
2051 3045 2135 3094 est

445 3130 769 3201 intelligere
833 3130 1134 3184 Ecclesiam
1188 3130 1445 3184 Latinam
1506 3136 1763 3200 acceptas
1798 3129 2138 3200 hastreces

450 3225 506 3274 et
536 3220 828 3274 orationes
858 3218 916 3272 in
957 3219 1209 3274 Graecam
1240 3218 1526 3283 retulisse,
1549 3234 1614 3271 ex
1646 3219 1770 3271 loco
1796 3219 1979 3271 sancti
2013 3217 2139 3271 Dio-

448 3305 598 3377 nysii
628 3307 812 3376 capite
845 3309 874 3359 3
908 3305 976 3358 de
1030 3304 1380 3371 Ilierarchia,
1407 3321 1534 3374 pag.
1572 3307 1674 3358 286
1706 3322 1718 3359 :
1757 3304 1910 3356 Ἀ).λά
1943 3305 1981 3354 ὣ
2015 3307 2140 3356 θειο-

451 3397 583 3450 τάτη
613 3398 699 3444 καὶ
732 3394 839 3464 ἱερὰ
867 3393 1062 3463 τελετῇ,
1108 3395 1171 3442 τὰ
1202 3396 1521 3462 περικειμένα
1555 3410 1637 3441 σοι
1682 3391 2003 3462 συμϐολικῶς
2046 3390 2143 3461 ἀμ-

454 3485 712 3550 φιέσματα
741 3489 841 3532 τῶν
867 3480 1183 3549 άινιγμάτων
1228 3477 1667 3549 ἀποκαλυψάμενη
1717 3478 1982 3549 mina/~03;
2020 3479 2141 3549 ἡμῖν

452 3563 823 3635 ἀναδεὶχθῆτι,
866 3567 1067 3625 καὶτὰς
1142 3568 1318 3638 νοερᾶς
1388 3568 1529 3636 ἡμῶν
1594 3567 1729 3637 ὄφεις
1799 3568 1988 3617 summa
2057 3570 2141 3617 καὶ

455 3652 871 3727 άπερικαλὺπτου
900 3656 1062 3723 φωτὸς
1095 3653 1492 3727 ἀποπλήρωσον.
1550 3657 1727 3710 Pravo
1771 3660 1829 3709 et
1857 3656 2137 3725 intempe-

455 3740 1160 3811 rantiratiociuiifgencre
1216 3747 1431 3807 utetur,
1482 3742 1743 3813 quisquis
1773 3759 1838 3796 ex
1898 3742 1987 3797 his
2017 3759 2139 3796 ver-

454 3828 541 3883 bis
588 3828 767 3882 sancti
829 3829 1081 3899 Dionysii
1135 3835 1540 3901 argumentum
1598 3830 1866 3885 adversus
1927 3832 2139 3885 realem

456 3918 820 3989 praesentiam
854 3918 1109 3988 corporis
1141 3917 1366 3983 Christi,
1399 3934 1571 3988 quam
1628 3920 1933 3973 realitatem
1993 3936 2140 3973 nuu-

456 4010 686 4077 cupant,
718 4010 1051 4059 assumeret.
1095 4006 1392 4059 Enimvero
1440 4022 1569 4059 cum
1613 4012 1847 4060 econtra
1888 4007 2143 4060 adoratio

457 4094 697 4163 supplex
731 4093 806 4146 sit
833 4092 904 4145 ad
937 4096 1376 4159 sacramentum,
1423 4092 1677 4149 Θειοτάτη
1712 4097 1797 4143 καὶ
1830 4093 1938 4167 ἱερά
1968 4092 2140 4151 τελετὴ

459 4198 656 4236 revera
688 4180 958 4235 subaudit
992 4197 1090 4235 seu
1144 4182 1419 4251 supponit
1462 4181 1521 4234 in
1552 4197 1619 4234 eo
1670 4196 1874 4251 corpus
1915 4181 2145 4249 Christi,

2231 502 2359 539 cum
2395 486 2447 540 ei
2476 488 2633 540 nulla
2664 486 2887 542 intersit
2914 487 3261 541 concertatio
3294 490 3392 539 aut
3438 484 3751 556 disputatio
3791 500 3928 539 cum

2232 576 2509 646 theologis
2541 577 2672 630 viris
2704 582 2939 647 propter
2975 581 3263 646 receptam
3315 582 3413 629 aut
3443 574 3512 627 ab
3562 572 3698 643 ipsis
3731 572 3928 627 defen-

2232 683 2354 720 sam
2385 668 2745 737 przesentiam
2796 667 3049 738 corporis
3107 666 3335 733 Christi,
3395 665 3492 718 sed
3543 664 3735 736 potius
3790 664 3931 717 dicti

2232 754 2486 823 corporis
2517 755 2633 807 veri
2686 761 2742 809 et
2770 755 2830 809 in
2862 754 3210 809 Eucharistia
3264 752 3545 807 reconditi
3598 752 3933 823 patefactio-

2232 858 2360 896 nem
2392 859 2492 896 seu
2549 844 2910 898 manifestam
2966 844 3549 905 demonstrationem,
3600 842 3761 896 omni
3804 842 3931 895 velo

2232 931 2548 1001 postposito
2587 936 2643 985 et
2686 932 2872 1003 figura
2916 930 3340 1002 praetermissa;
3385 930 3602 1000 quippe
3657 928 3767 982 sibi
3797 944 3930 999 per-

2234 1021 2539 1075 suasissent
2568 1027 2624 1076 et
2656 1022 2847 1077 animo
2886 1022 3165 1076 haberent
3196 1020 3510 1074 absurdum
3550 1023 3609 1073 et
3655 1033 3931 1087 superva-

2232 1122 2472 1160 caneum
2516 1125 2635 1162 esse
2684 1110 2953 1179 frangere
2995 1108 3323 1162 albedinem
3370 1111 3467 1160 aut
3514 1105 3935 1159 rotunditatem

2233 1193 2417 1264 panis,
2455 1196 2551 1249 sed
2586 1196 2702 1250 imo
2737 1213 2964 1251 necesse
3004 1212 3125 1249 esse
3176 1195 3297 1249 fore
3339 1209 3547 1264 corpus
3606 1192 3817 1246 Christi
3849 1192 3935 1245 al-

2233 1278 2371 1331 bum
2425 1285 2482 1334 et
2536 1283 2867 1347 rotundum,
2932 1282 3280 1351 disruptum,
3339 1280 3420 1334 uti
3476 1279 3821 1347 intelligitur
3862 1294 3931 1331 ex

2236 1371 2473 1421 tractatu
2532 1370 2791 1424 Abbaudi
2852 1370 3071 1424 abbatis
3122 1376 3179 1424 et
3208 1371 3456 1424 aliorum
3504 1371 3627 1439 ejus
3660 1368 3930 1437 opinioni

2235 1468 2350 1507 non
2378 1456 2777 1523 abnuentium,
2807 1457 2923 1511 imo
2953 1458 3004 1512 ei
3026 1457 3289 1529 religiose
3322 1456 3783 1526 propitiantium.

2305 1542 2559 1597 Tertium
2584 1552 2992 1614 argumentum
3027 1544 3283 1597 exoritur
3307 1560 3374 1597 ex
3403 1559 3642 1596 numero
3673 1546 3767 1597 851
3805 1548 3938 1614 post

2236 1630 2543 1683 secundam
2592 1631 2930 1697 orationem,
2988 1631 3048 1684 in
3111 1647 3225 1701 quo
3282 1633 3777 1695 manifestationem
3824 1646 3927 1682 seu

2240 1720 2527 1774 veritatem
2557 1718 2891 1789 neutiquam
2917 1721 3223 1773 realitatem
3279 1719 3519 1789 opponit
3551 1718 3780 1772 vocibus
3810 1733 3937 1788 spe-

2241 1807 2344 1859 ciei
2373 1811 2429 1859 et
2484 1809 2838 1873 apparentia,
2885 1811 2950 1859 ut
3002 1807 3214 1876 passim
3273 1806 3332 1860 in
3381 1806 3603 1877 integro
3660 1811 3932 1860 tractatu.

2244 1892 2353 1946 Sed
2377 1909 2444 1947 eo
2476 1892 2580 1946 loci
2620 1894 2812 1947 nullus
2869 1895 3228 1964 responsioni
3259 1896 3415 1949 locus
3469 1896 3664 1950 adesse
3715 1899 3932 1964 potest.

2242 1979 2583 2051 Neutiquam
2641 1981 2795 2035 enim
2852 1983 3050 2052 negari
3098 1988 3282 2053 potest
3339 1983 3527 2053 ipsum
3584 1982 3940 2037 intellexisse

2243 2068 2627 2138 cognitionem
2685 2069 2940 2139 corporis
3003 2070 3210 2124 Christi
3268 2086 3370 2140 per
3426 2070 3785 2124 manifestam
3839 2069 3935 2123 de-

2243 2156 2740 2223 monstrationem,
2773 2156 3013 2211 minime
3041 2172 3176 2212 vero
3208 2156 3393 2227 ipsam
3444 2156 3804 2211 existentiam
3837 2161 3941 2210 aut

2243 2258 2433 2296 veram
2497 2243 2886 2312 praesentiam.
2954 2244 3176 2314 Quippe
3242 2261 3372 2297 cum
3432 2249 3547 2298 tota
3614 2243 3938 2298 differentia

2243 2345 2415 2398 quam
2442 2346 2563 2383 esse
2594 2330 2951 2399 recognoscit
2983 2331 3133 2384 inter
3180 2347 3386 2402 corpus
3436 2331 3648 2386 Christi
3702 2331 3761 2385 in
3816 2333 3937 2385 Eu-

2243 2416 2510 2471 charistia
2565 2417 2816 2470 velatum
2878 2422 2935 2471 et
2994 2417 3303 2482 occultum,
3347 2422 3401 2470 et
3454 2417 3609 2471 idem
3662 2417 3721 2470 in
3754 2418 3941 2487 gloria

2243 2511 2568 2559 sanctorum
2598 2505 2825 2576 fulgens
2873 2509 2929 2560 et
2971 2506 3339 2576 patefactum,
3386 2505 3695 2559 consistere
3731 2506 3939 2558 asserit

2243 2595 2393 2665 quod
2425 2594 2736 2663 gloriosum
2767 2610 2973 2666 corpus
2998 2610 3098 2663 per
3150 2597 3587 2648 resurrectionem
3612 2593 3734 2662 jam
3769 2594 3942 2661 glori-

2242 2683 2460 2749 ﬁcatum
2490 2685 2827 2747 cognoscitur
2855 2699 2984 2736 cum
3037 2685 3172 2736 satis
3200 2684 3397 2748 fuisset
3442 2683 3639 2745 dicere,
3692 2682 3811 2751 jam
3844 2697 3944 2750 per

2243 2772 2684 2824 resurrectionem
2748 2771 3114 2841 gloriﬁcatum
3178 2772 3383 2825 existit.
3482 2770 3645 2834 Quod
3702 2769 3943 2841 quidem

2244 2858 2584 2912 vocabulum
2615 2874 2782 2911 usum
2816 2864 2981 2913 aetate
3048 2858 3338 2912 tiatramni
3386 2857 3635 2912 subierat
3666 2858 3735 2912 ad
3768 2857 3947 2927 signi-

2246 2946 2534 3000 ficandum
2569 2963 2773 3016 corpus
2800 2946 3007 3001 Christi
3056 2947 3165 3000 lioc
3206 2961 3421 3000 nomen
3463 2961 3578 2998 non
3619 2944 3808 2999 solum
3845 2946 3946 2998 ha-

2246 3034 2380 3088 bere
2411 3034 2469 3087 in
2505 3033 2872 3101 Eucharistia,
2906 3034 3004 3087 sed
3034 3032 3092 3087 in
3142 3049 3208 3087 ea
3259 3049 3380 3088 esse
3412 3038 3468 3087 et
3511 3033 3770 3087 existere.
3815 3033 3943 3087 Ad-

2249 3123 2440 3176 damus
2466 3125 2630 3175 etiam
2661 3121 2804 3190 quod
2857 3124 2956 3175 iste
2999 3124 3165 3190 panis
3195 3126 3243 3174 et
3300 3122 3468 3183 calix,
3524 3123 3621 3189 qui
3666 3136 3860 3190 corpus
3892 3127 3946 3175 et

2247 3211 2471 3277 sanguis
2494 3209 2700 3264 Christi
2736 3210 3049 3262 nominatur
3080 3213 3131 3261 et
3175 3209 3363 3261 existit
3396 3210 3567 3277 (num.
3619 3210 3684 3260 99
3736 3213 3787 3261 et
3833 3210 3942 3274 16).

2320 3297 2599 3361 Quartum
2660 3296 2969 3349 assumitur
3043 3310 3204 3348 num.
3275 3297 3363 3360 97,
3422 3296 3482 3347 in
3548 3310 3659 3364 quo
3699 3295 3948 3364 repetita

2251 3384 2571 3438 differentia
2630 3384 2782 3437 inter
2839 3400 3045 3453 corpus
3111 3384 3318 3440 Christi
3373 3384 3435 3437 in
3484 3388 3840 3437 sacramento
3891 3389 3948 3437 et

2250 3472 2404 3526 idem
2438 3472 2499 3525 in
2560 3471 2766 3543 gloria,
2802 3471 2882 3525 ait
2934 3473 2992 3526 in
3020 3473 3204 3543 gloria
3250 3473 3607 3527 reconditum
3659 3488 3775 3526 non
3821 3488 3949 3526 esse

2251 3560 2353 3613 sub
2384 3559 2602 3630 figuris,
2658 3560 2757 3614 sed
2815 3560 3119 3615 manifesta
3179 3560 3664 3615 demonstratione
3718 3560 3944 3629 patefa—

2250 3654 2406 3703 ctum
2437 3650 2499 3703 in
2539 3649 2720 3719 gloria
2769 3654 2826 3704 et
2871 3651 3209 3719 cognitum:
3261 3653 3368 3707 Nec
3402 3654 3459 3704 in
3515 3667 3571 3705 eo
3627 3652 3710 3705 vel
3754 3651 3951 3719 aliqua

2251 3740 2448 3806 ﬁgura,
2482 3736 2575 3790 sed
2604 3738 2726 3805 ipsa
2766 3738 2848 3790 rei
2872 3738 3247 3802 manifestatio
3289 3740 3645 3805 cognoscitur.
3699 3737 3948 3791 Concor-

2253 3824 2401 3878 diter
2453 3823 2521 3877 ad
2560 3840 2627 3876 ea
2682 3839 2811 3893 quae.
2869 3828 3037 3877 antea
3091 3824 3310 3877 dixerat
3371 3825 3539 3892 (num.
3600 3826 3687 3890 89)
3740 3840 3949 3895 corpus

2251 3917 2380 3982 post
2436 3912 2905 3965 resurrectionem
2958 3927 3081 3965 esse
3138 3912 3399 3966 sensibus
3455 3913 3776 3983 subjectum
3827 3915 3951 3983 pal-

2248 4002 2432 4071 pabile
2460 4016 2552 4054 seu
2596 3999 2809 4054 uisibile
2865 4003 3027 4055 etiam
3075 4006 3199 4070 post
3230 4003 3692 4067 resurrectionem,
3748 4000 3947 4055 ethoc

2255 4093 2339 4144 est
2390 4088 2543 4159 quod
2590 4088 2874 4159 interpres
2931 4089 3306 4143 Protestantis
3359 4089 3537 4160 partis
3570 4088 3827 4143 defendit
3876 4089 3949 4143 de

2256 4177 2472 4232 Latinis
2521 4176 2727 4232 Gallice
2785 4175 2955 4230 scribi
3006 4177 3211 4231 debere
3259 4193 3451 4246 corpus
3480 4178 3623 4231 reate
3674 4192 3750 4230 un
3783 4194 3949 4231 conas

460 4285 730 4339 prmsens,
765 4269 836 4323 ad
866 4283 1039 4339 quem
1066 4268 1277 4335 solum,
1308 4284 1438 4321 cum
1468 4267 1644 4334 effiat,
1685 4272 1748 4322 ut
1788 4268 1930 4322 fides
1960 4269 2139 4336 docet,
2175 4284 2216 4336 ι)
2255 4270 2395 4320 nam.
2428 4282 2440 4319 :
2469 4264 2565 4319 sed
2597 4264 2701 4318 hoc
2731 4269 2817 4319 est
2844 4264 2912 4318 de
2941 4265 3223 4320 lectorum
3251 4265 3582 4319 credulitate
3632 4265 3860 4332 ludere,
3893 4271 3951 4319 et

462 4357 671 4411 unione
712 4355 915 4410 intima
943 4361 1162 4409 naturae
1204 4355 1473 4409 humana:
1520 4370 1646 4408 cum
1679 4370 1925 4424 persona
1957 4355 2144 4422 Verbi,

461 4450 616 4498 actus
651 4461 752 4499 seu
781 4444 922 4498 ritus
961 4442 1385 4513 implorationis
1429 4442 1680 4513 praesidii
1708 4443 1884 4497 divini
1926 4448 1982 4499 et
2011 4444 2145 4498 ado-

460 4532 699 4586 rationis
729 4534 790 4585 in
822 4533 1024 4602 spiritu
1054 4536 1111 4585 et
1132 4531 1367 4585 veritate
1398 4531 1597 4585 referri
1626 4531 1827 4601 potuit.

531 4619 857 4673 Secundum
888 4619 1009 4673 sine
1042 4618 1231 4673 medio
1278 4618 1539 4689 sequitur
1586 4619 1838 4689 primum
1875 4636 1887 4673 :
1934 4619 2147 4691 quippe

460 4723 588 4761 cum
620 4707 710 4760 his
744 4705 1001 4761 terminis
1025 4722 1123 4760 seu
1155 4706 1387 4760 vocibus
1419 4707 1677 4761 admissis
1703 4711 1972 4776 pignoris,
2005 4710 2147 4761 ima-

461 4797 605 4863 ginis
637 4796 735 4847 aut
759 4796 967 4862 figuras,
1001 4794 1079 4847 ait
1113 4810 1125 4847 :
1181 4793 1499 4864 signiﬁcant
1530 4798 1610 4849 ita
1652 4812 1784 4861 rem,
1817 4796 1970 4864 cujus
1999 4798 2146 4861 sunt,

460 4899 564 4938 non
593 4884 881 4949 manifeste
946 4884 1251 4949 ostendunt,
1327 4900 1393 4936 ex
1455 4884 1665 4954 quibus
1730 4885 1837 4939 hoc
1912 4884 2147 4937 verbum

461 4972 745 5026 ostendunt
771 4970 1084 5025 distiuctim
1115 4970 1382 5041 iudigitat
1421 4988 1520 5025 seu
1563 4972 1844 5042 significat
1872 4971 2149 5041 Cobjicere

464 5065 519 5115 et
567 5075 856 5130 opponere
904 5059 1147 5129 figuram
1179 5064 1234 5115 et
1271 5059 1584 5129 imaginem
1623 5058 1939 5114 ostensioni
1969 5065 2024 5113 et
2056 5075 2150 5129 pa-

462 5148 755 5203 tcfactioni
780 5147 862 5202 rei
918 5147 1151 5201 occultae
1202 5152 1259 5202 et
1292 5148 1616 5202 reconditae.
1671 5147 1729 5201 Si
1761 5148 1913 5202 enim
1953 5151 2152 5201 utcun-

467 5252 578 5307 que
609 5251 698 5290 res
723 5251 842 5290 non
870 5235 950 5290 ita
978 5234 1103 5298 fuit,
1142 5239 1331 5288 mente
1362 5234 1512 5304 capti
1542 5234 1792 5288 hominis
1824 5240 1881 5289 et
1908 5233 2152 5288 tortuosi

537 5385 562 5411 ι
593 5375 758 5431 Liber
786 5377 1281 5431 Sacramentorum
1316 5375 1573 5429 Ecclesiae
1606 5375 1894 5435 Romanas.
1931 5375 1968 5430 l.
2000 5395 2057 5442 ιι,
2091 5378 2151 5432 in

468 5451 663 5501 octava
693 5447 1081 5516 apostolorum
1128 5446 1278 5500 Petri
1306 5452 1362 5502 et
1413 5445 1595 5501 Pauli.
1646 5476 1715 5485 —
1770 5444 1991 5504 Missale
2022 5452 2152 5503 Am-

469 5518 566 5574 brc
577 5516 805 5572 sianum
837 5522 892 5571 et
920 5517 1268 5575 Senonense.

2255 4359 2477 4410 mentes
2508 4355 2787 4408 humanas
2834 4353 3287 4425 intemperanter
3329 4353 3643 4408 ludificare.
3700 4355 3951 4424 Insuper

2255 4445 2365 4499 alia
2396 4444 2575 4497 multa
2631 4448 2940 4514 supersunt
2972 4443 3033 4498 in
3086 4460 3191 4497 usu
3250 4443 3569 4510 Ratramni,
3628 4443 3696 4497 de
3729 4444 3943 4514 quibus

2256 4537 2679 4605 praeoccupatas
2742 4537 2964 4587 mentes
3050 4538 3390 4603 praevertere
3474 4536 3531 4585 et
3589 4546 3947 4601 praecurrere

2256 4636 2482 4675 necesse
2509 4624 2637 4673 est:
2676 4620 2861 4690 qualis
2911 4625 2995 4675 est
3026 4637 3132 4674 vox
3187 4622 3406 4689 species,
3471 4618 3541 4672 de
3575 4635 3689 4690 qua
3750 4619 3948 4674 videre

2256 4711 2387 4763 licet
2413 4708 2813 4762 adnotationes
2844 4709 3140 4780 quasdam,
3174 4725 3241 4763 ex
3271 4709 3481 4780 quibus
3532 4706 3855 4776 intelligere
3892 4712 3951 4761 et

2258 4795 2576 4867 significare
2598 4800 3004 4865 apparentiam,
3046 4813 3163 4851 non
3203 4797 3384 4866 ipsam
3438 4810 3632 4848 rerum
3682 4794 3948 4848 substan-

2258 4883 2397 4937 tiam
2430 4889 2530 4937 aut
2558 4889 2843 4950 naturam,
2877 4885 2949 4938 ad
2998 4888 3249 4937 mentem
3307 4881 3804 4951 philosophorum,
3847 4882 3950 4953 qui

2260 4977 2547 5041 utcunque
2579 4975 2818 5024 utuntur
2846 4971 3075 5024 nomine
3090 4971 3441 5037 substantiae,
3468 4970 3753 5041 quodnon
3784 4987 3945 5024 sem.-

2259 5076 2364 5131 per
2394 5064 2660 5113 naturam
2700 5059 2989 5131 significat
3026 5059 3162 5113 :sed
3207 5060 3507 5131 qualitates
3540 5062 3597 5114 et
3622 5059 3950 5129 proprieta-

2259 5153 2345 5203 tes
2375 5147 2582 5217 quibus
2612 5151 2815 5202 natura
2845 5146 3105 5200 afficitur.
3159 5147 3475 5217 Supersunt
3522 5146 3695 5201 etiam
3729 5162 3947 5218 praeca-

2260 5235 2442 5289 venda
2470 5234 2734 5305 quaedam
2761 5233 3015 5297 nomina,
3066 5234 3281 5291 scilicet
3308 5238 3560 5302 interius,
3613 5239 3853 5290 exterius
3895 5243 3952 5291 et

2330 5374 2351 5409 δ
2391 5375 2739 5430 Sacrament.
2770 5376 2821 5430 S.
2856 5377 3130 5447 Gregorii.
