4164 6182
172 219 261 269 HI

1300 222 1389 276 DE
1431 222 1756 278 CORPORE
1793 224 1881 279 ET
1920 226 2263 282 SANGUINE
2310 230 2568 284 DOMINI.

3576 247 3673 298 142

166 347 304 400 rimi
332 354 729 418 proponentes
756 349 1090 419 loquuntur,
1125 359 1149 384 ι
1179 367 1293 405 non
1325 351 1386 405 in
1420 352 1621 422 ﬁgura,
1655 354 1751 407 sed
1808 354 1865 408 in
1896 358 1941 409 Α
1982 372 2134 421 nem,
2168 373 2296 411 cum
2326 358 2420 412 ille
2445 365 2575 413 ante
2605 364 2719 415 tam
2752 364 2961 417 multos
2986 382 3164 421 annos
3194 384 3389 438 passus
3445 371 3538 439 sit,
3563 390 3667 429 nec

169 436 411 488 veritate
444 436 548 488 ista
580 436 724 490 ﬁeri.
757 437 917 500 Quod
948 438 1221 505 dicentes,
1268 446 1597 495 sanctorum
1645 443 1871 513 scriptis

167 525 410 577 Patrum
441 525 729 577 contraire
759 527 1230 595 comprobantur.

238 612 473 665 XXXIII.
505 612 744 666 Sanctus
774 615 1149 683 Augustinus,
1193 617 1392 670 doctor
1432 618 1688 671 Ecclesize
1720 636 1869 689 prm-

171 699 408 769 cipuus,
444 701 503 752 in
535 701 684 753 libro
722 701 790 754 de
833 701 1101 755 Doctrina
1155 703 1473 757 Christiana
1525 707 1693 759 tertio
1726 706 1865 776 (cap.

174 792 286 853 l6),
340 790 536 841 taliter
591 789 789 843 scribit
855 806 866 843 :
923 811 949 838 «
991 793 1114 845 Nisi
1145 792 1625 860 manducareritis,
1682 794 1870 864 inquit

164 876 452 943 Salvator,
479 893 692 930 carnem
717 880 824 946 ﬁlii
852 880 1105 945 hominis,
1166 885 1215 932 et
1249 880 1493 935 biberitis
1550 886 1867 950 sanguinem

167 980 308 1034 ejus,
348 981 453 1019 non
486 967 755 1020 habebitis
785 969 956 1021 vitam
1008 970 1067 1021 in
1098 969 1246 1022 vobis
1272 968 1445 1036 (Joan.
1482 986 1557 1033 vi,
1592 972 1703 1039 54).
1762 972 1863 1024 Fa-

168 1056 335 1108 cinus
369 1057 457 1109 vel
492 1056 775 1126 flagitium
808 1058 1032 1110 videtur
1084 1058 1314 1112 habere.
1377 1060 1583 1128 Figura
1616 1076 1751 1130 ergo
1784 1064 1868 1113 est

167 1144 520 1214 praecipiens
550 1145 1045 1214 passioniDomini
1068 1161 1188 1199 esse
1215 1147 1776 1214 communicandum,
1811 1153 1868 1201 et

170 1234 424 1287 ﬁdeliter
444 1234 866 1287 recondendum
888 1234 1072 1304 [Apud
1099 1240 1343 1289 sanctum
1365 1238 1754 1302 Augustinum,
1782 1241 1865 1290 at-

169 1339 283 1393 que
311 1322 565 1375 suaviter
591 1328 759 1392 atque
792 1324 1011 1376 utiliter
1030 1324 1473 1392 recondendum]
1500 1325 1555 1377 in
1588 1326 1867 1379 memoria

170 1412 328 1482 quod
364 1428 468 1480 pro
498 1411 661 1464 nobis
688 1413 811 1481 ejus
834 1428 965 1464 caro
1000 1413 1266 1466 crucilixa
1296 1419 1352 1465 et
1384 1414 1678 1466 vulnerata
1707 1414 1795 1467 sit.
1836 1434 1863 1465 »

238 1495 461 1547 XXXIV.
511 1496 810 1549 Cernimus
840 1496 991 1566 quod
1055 1497 1251 1549 doctor
1284 1497 1386 1550 iste
1419 1497 1688 1567 mysteria
1749 1514 1865 1551 cor—

168 1584 329 1653 poris
360 1590 415 1636 et
446 1584 763 1653 sanguinis,
798 1584 903 1638 sub
936 1586 1118 1654 ﬁgura
1175 1585 1309 1638 dicit
1362 1602 1393 1638 a
1423 1586 1688 1639 lidelibus
1718 1588 1863 1641 cele-

1978 445 2212 499 omnino
2246 447 2354 499 nisi
2388 450 2561 501 semel
2606 448 2705 502 illa
2756 453 2940 520 passio
2979 454 3121 509 facta
3153 457 3248 510 sit.
3288 459 3502 530 Nempe
3542 462 3664 533 ipso

1977 533 2066 585 die
2103 534 2396 587 Dominico
2428 536 2670 589 dicimus
2705 553 2717 590 :
2753 539 2929 594 Hodie
2961 542 3232 597 Dominus
3273 552 3661 618 resurrexerit,

1975 636 2103 675 cum
2132 637 2197 675 ex
2229 639 2343 692 quo
2378 625 2686 678 resurrexit
2714 631 2795 679 tot
2821 629 2952 681 anni
2975 632 3324 686 transierint.
3351 636 3462 688 Cur
3495 654 3661 693 nemo

1977 715 2092 763 tam
2126 710 2353 781 ineptus
2384 718 2485 779 est,
2550 719 2613 767 ut
2654 732 2757 768 nos
2802 717 2880 769 ita
2925 718 3226 788 loquentes
3286 730 3487 791 arguat
3541 744 3662 780 esse

1976 797 2263 867 mentitos,
2301 801 2408 853 nisi
2440 801 2574 871 quia
2607 803 2743 856 istos
2773 803 2894 857 dies
2918 808 3231 861 secundum
3282 810 3510 865 illorum
3538 816 3663 884 qui-

1976 884 2082 937 bus
2114 886 2232 939 haec
2264 892 2423 955 gesta
2468 894 2599 942 sunt
2632 890 3069 946 similitudinem
3123 911 3541 965 nuncupamus,
3601 908 3667 955 ut

1976 971 2195 1025 dicatur
2225 972 2345 1043 ipse
2376 974 2515 1041 dies,
2550 976 2650 1046 qui
2690 994 2804 1031 non
2863 985 2950 1033 est
3005 980 3148 1051 ipse,
3185 984 3280 1037 sed
3312 987 3665 1043 revolutione

1975 1062 2250 1131 temporis
2281 1063 2481 1116 similis
2513 1065 2658 1133 ejus,
2686 1072 2743 1119 et
2773 1067 2993 1121 dicatur
3034 1070 3131 1123 illo
3152 1070 3242 1124 die
3275 1072 3399 1127 ﬁeri
3430 1082 3666 1145 propter

1973 1151 2314 1203 sacramenti
2354 1151 2821 1214 celebrationem,
2876 1156 3029 1226 quod
3076 1174 3192 1211 non
3224 1160 3335 1227 die,
3398 1163 3495 1216 sed
3548 1165 3667 1233 jam

1973 1236 2331 1306 oliml‘actum
2348 1239 2435 1293 sit.
2462 1241 2581 1294 Non
2607 1243 3127 1299 semelimmolatus
3150 1253 3296 1302 esset
3326 1249 3581 1304 Christus
3606 1252 3667 1305 in

1974 1326 2161 1394 seipso
2186 1326 2213 1380 ‘t
2244 1333 2300 1380 et
2329 1332 2516 1382 tamen
2549 1329 2604 1383 in
2638 1339 2989 1386 sacramento
3035 1351 3148 1387 non
3178 1337 3359 1390 solum
3394 1354 3495 1407 per
3550 1356 3665 1393 om-

1976 1430 2075 1467 nes
2108 1416 2335 1469 Pascha:
2390 1418 2780 1473 solemuitales
2837 1423 2934 1476 sed
2968 1425 3127 1477 omni
3158 1425 3247 1479 die
3306 1429 3535 1497 populis
3576 1430 3663 1488 in-

1978 1502 2225 1555 molatur
2261 1520 2273 1556 :
2307 1520 2407 1557 nec
2439 1506 2637 1575 utique
2676 1509 2952 1563 mentitur
2982 1513 3079 1581 qui
3114 1512 3501 1584 interrogatus
3534 1534 3663 1570 cum

1973 1593 2348 1659 responderet
2389 1593 2694 1648 immolari.
2745 1597 2801 1651 Si
2838 1599 2990 1651 enim
3049 1608 3403 1657 sacramenta
3466 1622 3667 1675 quam-

166 1672 327 1726 brari
368 1676 593 1726 :bnam
626 1690 856 1727 carnem
899 1673 1052 1727 illius
1100 1675 1558 1744 sanguinemque
1606 1675 1728 1744 ejus
1768 1692 1862 1732 su-
1899 1669 1937 1722 Β
1977 1678 2107 1731 dam
2165 1681 2601 1736 similitudinem
2661 1700 2852 1739 rerum
2926 1704 3123 1741 earum
3186 1707 3430 1759 quarum
3485 1710 3666 1747 sacra-

167 1778 329 1814 mere
361 1762 667 1815 carnaliter
697 1779 811 1816 non
847 1764 1140 1833 religionis
1172 1764 1306 1817 dicit
1337 1780 1482 1831 esse,
1514 1764 1608 1817 sed
1648 1764 1861 1818 facino-

166 1850 265 1903 ris.
330 1851 408 1903 De
453 1851 662 1920 quibus
719 1852 945 1904 fuerant
1004 1852 1087 1905 illi
1137 1853 1325 1922 quiin
1382 1852 1684 1921 Evangelio
1717 1854 1866 1906 dicta

166 1938 402 1992 Domini
436 1956 547 1992 non
574 1939 973 2009 spiritualiter,
1006 1941 1101 1994 sed
1118 1941 1425 1994 carnaliter
1454 1941 1864 2011 intelligentes,

167 2034 529 2081 recesserunt
557 2029 627 2082 ab
680 2045 769 2097 eo,
825 2034 880 2082 et
913 2030 1032 2099 jam
1066 2046 1194 2083 cum
1220 2030 1317 2083 illo
1350 2047 1466 2083 non
1498 2030 1657 2084 ibant
1684 2032 1861 2101 (Joan.

165 2134 240 2182 vi,
275 2120 383 2181 67).

236 2206 437 2260 XXXV.
475 2206 629 2260 Idem
660 2205 718 2259 in
752 2205 990 2276 epistola
1020 2206 1087 2259 ad
1111 2206 1482 2279 ‘Bonifacium
1532 2207 1863 2279 episcopum

168 2294 425 2347 scribens
488 2297 657 2363 (epist.
718 2297 804 2358 23,
869 2298 981 2348 sive
1019 2298 1096 2365 8),
1149 2295 1297 2349 inter
1353 2296 1547 2366 aliqua
1598 2296 1675 2349 sic
1737 2298 1861 2352 ait:

171 2404 195 2427 ‹‹
230 2383 448 2451 Nempe
478 2398 629 2451 saepe
656 2382 731 2435 ita
763 2382 1077 2453 loquimur,
1099 2388 1159 2436 ut
1183 2384 1391 2437 Pascha
1417 2384 1860 2456 propinquante,

169 2474 432 2525 dicamus
461 2471 766 2524 crastinam
799 2471 887 2525 vel
947 2473 1321 2542 perendinam
1377 2474 1608 2526 Domini
1657 2475 1867 2544 passio-

239 2640 264 2665 ι
302 2632 419 2685 Non
447 2633 506 2683 in
537 2632 717 2697 ﬁgura
754 2629 849 2684 sed
878 2632 936 2683 in
972 2632 1200 2701 veritate
1247 2632 1353 2683 ista
1382 2631 1519 2697 ﬁeri.
1592 2630 1864 2701 Proposi-

162 2711 287 2759 tam
307 2703 496 2771 prima
521 2704 706 2754 fronte
738 2701 907 2770 hujus
939 2700 1199 2769 opusculi
1252 2702 1624 2771 quaestionem
1660 2700 1725 2754 eo
1757 2701 1866 2754 loci

166 2777 377 2827 iterum
412 2774 621 2825 format
664 2771 836 2824 rebus
888 2771 1146 2824 Ecclesia}
1185 2773 1477 2824 catholica:
1509 2779 1679 2842 atque
1734 2789 1863 2825 sen-

167 2845 360 2898 tentiae
392 2860 598 2913 parum
639 2843 1094 2906 conducibilem;
1156 2845 1367 2912 quippe
1398 2859 1523 2895 cum
1560 2844 1679 2913 ipsa
1713 2860 1863 2896 sem—

162 2933 266 2984 per
324 2916 584 2967 docuerit
616 2919 671 2966 et
696 2913 1477 2983 existimaveritaliquantam
1514 2915 1755 2983 ﬁguram
1798 2914 1855 2967 in

1976 1771 2165 1821 menta
2205 1775 2339 1822 sunt
2370 1786 2483 1822 non
2528 1771 2823 1840 haberent,
2860 1776 3095 1828 omnino
3146 1785 3503 1833 sacramenta
3549 1799 3665 1835 non

1974 1861 2180 1909 essent.
2215 1858 2285 1909 Ex
2317 1858 2420 1910 hac
2461 1858 2586 1928 ipsa
2627 1866 2821 1915 autem
2883 1862 3260 1919 similitudine
3319 1868 3663 1937 plerumque

1968 1943 2088 2013 jam
2130 1944 2378 2013 ipsarum
2409 1964 2603 2002 rerum
2663 1951 2899 2003 nomina
2954 1953 3258 2023 accipiunt.
3312 1955 3467 2009 Sicut
3523 1974 3660 2027 ergo

1974 2033 2289 2087 secundum
2329 2038 2638 2105 quemdam
2672 2039 2903 2093 modum
2954 2048 3373 2096 sacramentum
3407 2047 3664 2115 corporis

1973 2120 2180 2175 Christi
2214 2138 2418 2192 corpus
2462 2125 2673 2179 Christi
2716 2133 2816 2191 est,
2899 2135 3320 2184 sacramentum
3370 2134 3665 2204 sanguinis

1972 2210 2178 2263 Christi
2210 2212 2441 2282 sanguis
2505 2213 2713 2268 Christi
2774 2220 2871 2280 est,
2919 2215 2997 2270 ita
3044 2224 3468 2274 sacramentum
3527 2221 3663 2275 ﬁdei

1971 2298 2112 2351 ﬁdes
2143 2306 2243 2352 est.
2286 2319 2311 2349 ι)

2042 2387 2259 2441 XXXVI.
2294 2396 2313 2421 ε
2346 2388 2644 2442 Cernimus
2692 2391 2843 2460 quod
2876 2398 3102 2447 sanctus
3131 2396 3488 2465 Augustinus
3531 2399 3665 2454 dicit

1971 2474 2128 2529 aliud
2174 2483 2548 2544 sacramenta,
2614 2483 2667 2532 et
2719 2479 2869 2535 aliud
2902 2497 2993 2535 res
3041 2499 3286 2554 quarum
3317 2491 3451 2541 sunt.
3491 2505 3663 2544 sacra-

1971 2632 2385 2713 bus‘subjecto,
2418 2650 2591 2705 quem
2632 2636 3142 2713 capharnaitarum
3206 2643 3494 2713 appellare
3551 2662 3665 2700 non

1972 2704 2409 2778 pertimescam;
2442 2704 2728 2775 quamvis
2778 2711 2947 2778 hujus
2997 2704 3300 2767 sententi-ai
3349 2721 3660 2771 sectatores

1973 2791 2087 2827 non
2115 2775 2446 2858 dubitarent
2478 2794 2682 2857 corpus
2710 2775 2915 2858 Christi
2942 2780 3233 2858 integrum
3266 2786 3328 2858 in
3355 2788 3497 2840 coelo
3522 2804 3660 2858 per-

1973 2861 2226 2911 manere,
2289 2847 2514 2900 etiamsi
2574 2848 2631 2901 in
2707 2852 2982 2904 altaribus
3042 2847 3249 2907 nostris
3308 2847 3548 2913 fractum
3599 2875 3664 2913 ac

1972 2915 2297 2991 disruptum
2322 2918 2609 2991 videretur
2642 2935 2653 2972 :
2693 2922 2773 2973 uti
2806 2923 3173 2991 probavimus
3203 2931 3367 2980 antea
3400 2930 3457 2981 in
3489 2931 3661 2983 adno-

169 2970 534 3041 IZucharistiie
560 2984 833 3053 mysterio
855 2984 1116 3065 reperiri,
1168 2970 1850 3069 et‘n‘iinqliani'fdefuisse.
1888 2970 1927 3022 (ἶ
1965 2970 2281 3041 tatioriibus
2307 2988 2582 3069 adnnum.
2644 2994 2696 3043 ll
2740 3007 2752 3043 :
2784 2970 3048 3069 _insuper
3086 3001 3305 3049 constat
3361 2999 3575 3069 optime
3610 3005 3665 3054 ct

163 3059 241 3111 Ex
269 3057 697 3126 quibusiterum
731 3056 1027 3108 observare
1074 3055 1235 3123 juvat
1275 3056 1490 3108 huncce
1543 3056 1752 3108 librum
1786 3057 1855 3108 de

164 3130 415 3196 Corpore
475 3132 531 3179 et
576 3126 863 3195 Sanguine
914 3126 1141 3179 Domini
1193 3126 1461 3179 adversus
1492 3126 1854 3179 Paschasium

165 3216 283 3252 non
314 3198 486 3250 fuisse
517 3203 834 3275 exaratum.
893 3197 1001 3260 Qui
1032 3198 1178 3250 libro
1231 3213 1338 3275 suo
1389 3196 1457 3250 de
1493 3197 1743 3275 Corpore
1797 3202 1859 3275 et

163 3268 454 3339 Sanguine
487 3268 736 3334 Domini,
767 3267 1013 3339 libenter
1067 3267 1271 3320 annuit
1312 3267 1611 3339 sententia:
1657 3267 1857 3339 admit-

164 3337 307 3394 tenti
338 3340 586 3409 ﬁguram
613 3340 863 3408 aliquam
913 3338 971 3390 in
1002 3338 1109 3391 hoc
1152 3338 1505 3391 sanctissimo
1562 3337 1854 3406 mysterio,

161 3408 459 3481 speciatim
486 3415 543 3462 et
569 3409 784 3462 affatim
818 3409 1003 3477 capite
1032 3410 1084 3473 4,
1119 3409 1202 3461 lit.
1237 3413 1282 3461 Α
1312 3426 1324 3462 :
1363 3408 1511 3462 Unde
1565 3412 1697 3481 quia
1737 3424 1855 3475 my-

162 3480 389 3536 sterium
441 3486 540 3540 est.
589 3486 985 3533 sacramentum
1049 3495 1143 3533 nec
1197 3484 1431 3547 ﬁguram
1469 3480 1610 3533 illud
1660 3495 1857 3547 negare

161 3566 478 3620 possumus;
528 3555 583 3602 et
641 3550 786 3602 infra
835 3550 938 3603 litt.
974 3551 1061 3620 Cr:
1118 3551 1220 3603 Sed
1251 3551 1299 3602 si
1330 3552 1609 3603 veraciter
1638 3552 1857 3618 inspici-

161 3619 300 3685 mus,
328 3624 456 3690 jure
494 3621 657 3673 simul
680 3623 881 3674 veritas
924 3626 973 3674 et
998 3619 1181 3690 ﬁgura
1211 3620 1413 3675 dicitur
1449 3637 1460 3673 :
1494 3623 1704 3674 Ver-itas
1735 3636 1856 3675 vero

162 3693 439 3761 quidquid
468 3692 534 3744 de
560 3694 653 3744 hoc
674 3695 930 3760 mysterio
967 3695 1195 3745 interius
1226 3698 1363 3745 recte
1402 3692 1732 3759 intelligitur
1761 3697 1859 3745 aut

162 3765 424 3818 creditur.
469 3763 686 3825 Quibus
734 3763 918 3816 verbis
966 3778 1065 3815 eos
1095 3762 1457 3815 solummodo
1512 3764 1765 3815 cont'utat
1803 3768 1859 3815 et

162 3835 393 3899 refellit,
427 3834 527 3903 qui
548 3838 732 3886 totum
756 3850 876 3886 esse
907 3833 1220 3903 ﬁguratum
1264 3836 1320 3885 in
1359 3833 1707 3887 Eucharistia
1737 3832 1855 3884 cla-

162 3910 418 3972 mabant;
467 3908 527 3956 ut
578 3920 750 3973 supra
792 3906 904 3973 jam
963 3904 1404 3958 observavimus.
1470 3904 1611 3957 Hinc
1686 3906 1856 3956 etiam

162 3976 495 4030 meminisse
517 3975 681 4043 juvat
766 3990 827 4027 er
849 3979 1082 4043 ﬁguram
1124 3976 1494 4028 Ratramnum
1538 3980 1591 4027 et
1620 3974 1858 4027 Pascha-

164 4048 314 4097 siurn
347 4061 574 4097 semper
607 3990 950 4097 inteiiexisse
979 4051 1225 4097 tegetem
1255 4053 1310 4097 et
1332 4048 1519 4097 velum
1550 4046 1703 4097 quod
1728 4062 1854 4097 sne-

164 4048 314 4100 sium
347 4061 574 4114 semper
607 4045 950 4099 intellexisse
979 4051 1225 4114 tegetem
1255 4053 1310 4098 et
1332 4048 1519 4098 velum
1550 4046 1703 4115 quod
1728 4062 1854 4114 spe-

162 4119 357 4171 ciebus
379 4118 545 4184 panis
571 4122 628 4168 et
659 4116 774 4168 vini
817 4117 1119 4168 convenire
1147 4132 1317 4169 nemo
1376 4132 1525 4169 unus
1557 4117 1727 4168 homo
1756 4132 1852 4167 ne-

162 4194 279 4258 gat.
317 4190 559 4256 Insuper
620 4187 790 4238 etiam
823 4187 1077 4240 oblivisci
1120 4188 1353 4239 vetitum
1410 4192 1496 4239 est
1528 4202 1631 4258 per
1660 4188 1857 4238 verita-

162 4256 266 4313 tem
300 4264 618 4326 utrumque
650 4258 1115 4337 concinnatorem
1144 4258 1503 4337 praedictum
1537 4256 1854 4337 intelligere
1884 4265 1927 4317 Ι)

160 4346 315 4399 saepe
368 4328 578 4397 szepius
612 4343 700 4380 res
730 4329 789 4380 in
843 4327 1194 4381 Eucharistia
1225 4328 1407 4380 efﬁeri
1441 4344 1507 4379 ea
1538 4327 1744 4395 agendi
1778 4343 1859 4399 ra-

161 4398 321 4455 tione
346 4406 403 4452 et
436 4399 606 4451 modo
640 4414 753 4467 quo
786 4399 839 4451 vi
869 4399 1178 4452 verborum
1214 4405 1349 4451 sunt
1386 4414 1682 4467 expressae,
1714 4398 1862 4450 scili-

159 4480 250 4526 cet
277 4470 545 4523 sensibus
577 4470 829 4537 subjecto
863 4475 920 4521 et
976 4471 1351 4536 corporaliter,
1414 4469 1499 4521 uti
1558 4468 1865 4522 defendere

161 4544 362 4596 animo
385 4540 753 4593 intenderunt
783 4540 957 4592 abbas
984 4540 1317 4606 Abhaudus,
1351 4544 1407 4592 et
1439 4555 1680 4605 magnus
1711 4540 1869 4607 prior

162 4613 515 4674 Gualterius,
599 4610 839 4663 abbatiae
955 4610 1136 4663 sancti
1219 4609 1456 4663 Victoris
1538 4609 1869 4663 Parisiensis

164 4689 336 4737 aetate
371 4681 695 4749 Berengarii
731 4696 742 4733 :
776 4696 917 4749 quos
961 4686 1128 4733 testes
1180 4681 1537 4750 prodidimus
1594 4686 1778 4745 antea,
1811 4681 1867 4732 in

165 4753 547 4808 adnotatione
581 4755 773 4803 nostra
808 4751 880 4804 ad
920 4767 1145 4803 numer.
1180 4754 1263 4804 ll.

236 4826 418 4878 Porro
450 4822 595 4875 nulli
639 4822 1045 4874 concertationi
1096 4827 1193 4874 aut
1247 4820 1647 4891 disceptationi
1693 4820 1868 4873 obno-

166 4896 327 4949 xium
356 4900 443 4946 est
475 4898 879 4960 argumentum
909 4906 978 4945 ex
1011 4909 1123 4961 quo
1159 4892 1504 4962 intelligitur
1527 4894 1871 4945 Ratramnus

168 4967 346 5019 verbo
370 4966 620 5016 veritatis
670 4962 992 5031 signiﬁcare
1026 4963 1311 5031 applicata
1340 4963 1631 5015 voluntate
1680 4962 1867 5014 inten-

170 5037 323 5090 disse
360 5035 600 5087 modum
630 5033 891 5085 sensibus
923 5033 1243 5101 subjectum
1277 5032 1612 5086 comedendi
1670 5048 1869 5101 corpo-

171 5108 248 5160 ris
278 5113 339 5159 et
367 5104 727 5174 deglutiendi
758 5104 1053 5172 sanguinis
1076 5104 1307 5157 Christi.
1338 5104 1637 5157 Enimvero
1664 5103 1718 5156 id
1748 5102 1869 5172 pla-

173 5178 411 5231 nissime
446 5173 603 5244 patet
635 5173 981 5227 testimoniis
1011 5180 1065 5226 et
1108 5174 1463 5244 argumentis
1500 5190 1628 5243 qum
1655 5174 1874 5244 profert

174 5249 450 5302 adversus
474 5262 573 5298 eos
602 5245 702 5314 qui
736 5245 1013 5297 tuendum
1046 5248 1383 5314 receperant
1445 5260 1649 5313 corpus
1710 5244 1871 5299 Chri-

174 5320 245 5372 sti
280 5333 479 5371 revera
510 5321 567 5369 et
594 5316 911 5385 postposita
928 5316 1086 5367 omni
1109 5316 1293 5384 iigura
1317 5323 1635 5369 comestum
1667 5314 1872 5368 fuisse:

175 5406 319 5460 quos
350 5387 617 5460 Patribus
650 5385 901 5454 antiquis
959 5386 1226 5460 adversos
1276 5386 1585 5460 clarissime
1638 5385 1874 5460 demon-

178 5456 341 5513 strat.
371 5458 600 5512 Etenim
631 5471 991 5526 quaecunque
1036 5456 1362 5510 testimonia
1419 5473 1485 5509 ex
1516 5456 1584 5508 iis
1614 5458 1871 5520 assumit,

177 5531 370 5601 palam
393 5528 733 5601 designant,
768 5542 997 5579 carnem
1032 5527 1238 5601 Christi
1272 5527 1358 5601 ori
1384 5527 1640 5601 ﬁdelium
1678 5526 1875 5601 admo-

188 5596 326 5665 tam,
359 5599 478 5653 sive
508 5603 855 5667 porrectam,
889 5596 1225 5666 neutiquam
1280 5597 1452 5651 fuisse
1485 5600 1653 5651 modo
1698 5598 1875 5650 sensi-

1965 3074 2202 3110 nervose
2227 3075 2284 3110 se
2317 3059 2662 3124 defendisse,
2696 3068 2752 3114 et
2778 3059 3099 3118 fatuitatem
3153 3059 3458 3123 obscenam
3515 3071 3661 3126 Ster-

1965 3128 2383 3180 coranistarum
2409 3130 2680 3196 ejurasse.

2036 3200 2240 3272 {Nam
2287 3214 2501 3272 carnem
2534 3199 2650 3253 illis
2696 3203 3119 3272 sanguinemque
3167 3206 3283 3272 ejus
3313 3223 3520 3262 sumere
3546 3226 3661 3263 car-

1964 3269 2183 3340 naliter,
2217 3284 2322 3321 non
2344 3271 2622 3340 religionis
2679 3270 2813 3323 dicit
2845 3287 2972 3339 esse,
3018 3269 3115 3328 sed
3165 3269 3451 3340 facinoris.
3511 3281 3661 3335 Alibi

1966 3332 2247 3419 glossema
2273 3332 2479 3419 legitur
2507 3340 2779 3419 quodphic
2809 3332 3122 3419 adiungere
3164 3332 3306 3400 nihil
3349 3332 3657 3419 prohibet:

1966 3411 2285 3485 carnaliter,
2326 3410 2387 3462 id
2439 3417 2515 3485 est
2565 3410 2887 3485 conterenda
2941 3410 3215 3483 dentibus,
3249 3410 3661 3485 autYrustatim

1966 3480 2316 3549 discerpendo
2344 3482 2591 3551 :quippe
2623 3499 2752 3535 cum
2786 3484 2877 3537 hic
2910 3500 3073 3538 verus
3099 3488 3171 3541 sit
3204 3480 3416 3542 horum
3460 3492 3663 3545 verbo-

1966 3568 2092 3631 rum
2116 3552 2401 3631 prolapsae
2437 3554 2750 3631 Latinitatis
2780 3571 2978 3631 sensus
3025 3560 3326 3631 carnaliter
3372 3567 3422 3614 ct
3477 3578 3662 3631 corpo-

1965 3624 2177 3698 raliter,
2200 3625 2353 3698 nulla
2384 3626 2497 3698 sub
2526 3628 2725 3698 ﬁgura,
2766 3627 2917 3678 nulla
2948 3628 3045 3679 sub
3076 3630 3423 3698 obrelatione,
3479 3624 3581 3686 sed
3606 3636 3665 3687 in

1966 3696 2144 3771 ipsius
2171 3695 2417 3771 veritatis
2464 3695 2614 3771 nuda
2642 3698 3109 3771 manifestatione;
3156 3702 3236 3753 uti
3293 3695 3663 3771 probavimus

1968 3763 2349 3841 apterioribus
2389 3763 3138 3841 nostrisuadnotatiopibus.
3190 3763 3428 3841 Insuper
3491 3775 3663 3828 etiam

1966 3832 2295 3902 plenissime
2328 3839 2546 3887 constat
2577 3835 2720 3886 nihil
2752 3836 2902 3888 aliud
2938 3832 3410 3895 Ratramnum'eo
3437 3843 3542 3897 loci
3573 3845 3661 3897 in-

1966 3904 2206 3983 digitare
2233 3904 2475 3984 voluisse
2520 3921 2531 3957 :
2572 3905 2808 3984 ‘quippe
2858 3923 2985 3984 cum
3040 3908 3189 3984 ipse_
3223 3919 3472 3965 mentem
3531 3932 3664 3984 pro-

1967 3976 2149 4045 priam
2184 3975 2467 4043 applicata
2499 3975 2791 4028 voluntate
2835 3975 3121 4046 explicans
3176 3981 3286 4033 hoc
3325 3975 3662 4038 vocabulum

1967 4046 2282 4120 carnaliter,
2345 4046 2609 4120 observat
2664 4047 2719 4100 id
2745 4063 2904 4120 “esse
2948 4065 3145 4119 reapse
3179 4052 3355 4120 quod,
3391 4070 3456 4106 ex
3514 4057 3658 4107 rela-

1967 4118 2120 4195 tione
2150 4116 2460 4195 Evangeli‘i,
2497 4117 2693 4195 animo
2735 4116 3453 4195 ﬁngebant'qui—sensum
3487 4126 3660 4195 spiri-

1968 4188 2181 4266 tualem
2208 4188 2339 4266 Jesu
2387 4187 2750 4266 Christi-non
2781 4195 3051 4266 poterant
3089 4187 3356 4266 assequi,
3416 4187 3664 4266 ideoque

1969 4257 2093 4337 ejus
2152 4257 2480 4337 societatem
2530 4259 2901 4329 reliquerant.
2936 4257 3272 4337 Atynegarif
3312 4257 3424 4319 non
3483 4257 3665 4337 potest

1971 4330 2253 4397 ejusmodi
2288 4330 2550 4382 homines
2581 4346 2648 4382 ex
2705 4346 2971 4384 sermone
2999 4330 3206 4387 Christi
3256 4330 3601 4391 intellexisse
3633 4358 3666 4392 a

1979 4416 2036 4453 se
2096 4400 2292 4453 datum
2348 4399 2418 4452 iri
2451 4400 2578 4472 illis,
2611 4417 2842 4454 carnem
2883 4407 2937 4454 et
2974 4404 3318 4472 sanguinem
3349 4408 3522 4462 veluti
3562 4409 3665 4461 ali-

1977 4473 2519 4523 mentacommunia
2552 4471 2821 4525 dentibus
2862 4471 3212 4530 conterenda
3269 4483 3325 4532 et
3377 4480 3665 4533 frustatim

1979 4540 2373 4609 discerpenda.

2047 4620 2066 4644 ε
2099 4612 2375 4666 Cernimus
2429 4611 2574 4681 quod
2610 4616 2827 4666 sanctus
2883 4613 3224 4679 Augustinus
3272 4617 3450 4672 dicit:
3500 4621 3671 4675 Aliud

1977 4687 2335 4747 sacramenta,
2395 4689 2444 4737 et
2492 4683 2646 4735 aliud
2711 4698 2794 4736 res
2843 4699 3075 4751 quarum
3126 4693 3252 4740 sunt
3295 4698 3659 4746 sacramenta.

1978 4751 2111 4831 Haec
2136 4754 2329 4831 omnia
2352 4753 2646 4831 verissima
2690 4758 2822 4806 sunt
2852 4756 3030 4831 sancti
3070 4760 3373 4831 augustini
3399 4768 3672 4831 concepta

1977 4824 2168 4876 verba.
2239 4824 2622 4886 Quamobrem
2679 4840 2810 4877 cum
2871 4824 2994 4893 ipsa
3070 4824 3421 4883 Eucharistia
3486 4824 3669 4885 sacra-

1981 4899 2239 4946 mentum
2290 4894 2546 4962 corporis
2578 4894 2808 4960 Christi,
2842 4897 2996 4964 quod
3027 4896 3133 4951 fuit
3163 4900 3397 4953 aflixum
3430 4902 3583 4954 cruci
3614 4906 3672 4953 et

1981 4969 2290 5016 mactatum
2332 4964 2622 5040 profluvio
2665 4967 2979 5040 sanguinis,
3029 4975 3247 5023 certum
3289 4977 3371 5024 est
3418 4972 3669 5040 aliquam

1981 5036 2149 5110 abeo
2208 5035 2898 5110 sustineredifferentiam
2952 5045 3009 5091 et
3066 5040 3257 5110 aliqua
3304 5035 3534 5093 ratione“
3554 5055 3672 5091 esse

1983 5104 2331 5177 dreiversum
2364 5122 2374 5157 :
2406 5105 2619 5158 scilicet
2670 5107 2728 5159 in
2760 5115 3041 5177 quantum
3104 5104 3411 5163 mactatum
3457 5109 3584 5173 fuit,
3619 5115 3674 5161 et

1982 5175 2136 5228 cruci
2170 5175 2422 5247 afﬁxam,
2449 5180 2503 5227 et
2535 5175 2900 5247 sanguis'pro
2937 5179 3099 5232 nobis
3130 5179 3407 5232 mundum
3430 5194 3532 5246 per
3557 5195 3673 5231 om-

1982 5260 2113 5298 nem
2137 5245 2376 5318 eltluxit.
2416 5246 2763 5318 Eucharistia
2798 5245 3159 5318 nuncupatur
3216 5245 3442 5318 corpus
3469 5248 3674 5303 Christi

1985 5316 2211 5369 mactati
2255 5320 2309 5367 et
2337 5316 2502 5391 cruxi
2553 5318 2729 5382 afﬁxi,
2787 5316 3082 5391 morientis
3133 5323 3190 5369 et
3243 5317 3511 5386 patientis
3539 5322 3675 5391 quia

1985 5391 2337 5438 sacramenta
2369 5387 2691 5441 sortiuntur
2721 5389 2956 5442 nomina
2987 5402 3180 5441 rerum
3210 5403 3455 5457 quarum
3484 5387 3672 5445 sacra-

1986 5460 2180 5508 menta
2211 5461 2361 5509 sunt.
2388 5458 2452 5511 Et
2484 5474 2678 5511 revera
2716 5460 2940 5511 tametsi
2989 5459 3049 5509 in
3101 5457 3455 5513 Eucharistia
3482 5464 3674 5517 consi-

1987 5530 2117 5598 stat,
2170 5542 2273 5579 nec
2327 5529 2695 5598 cruciﬁgitur,
2754 5545 2858 5581 nec
2905 5531 3205 5598 mactatur,
3263 5544 3367 5583 nec
3415 5535 3675 5589 sensibus

1991 5595 2217 5649 dolores
2272 5601 2474 5652 mortis
2534 5595 2818 5652 sustinens
2871 5596 3220 5665 subjicitur:
3283 5602 3436 5670 quod
3494 5607 3671 5659 semel
