4138 6194
573 349 674 402 143

572 488 788 536 menta.
827 473 1044 548 Cor'pus
1073 477 1290 540 autem,
1325 475 1381 528 in
1423 491 1537 544 quo
1571 490 1770 544 passus
1828 479 1913 528 est
1973 473 2249 538 Christus,
2284 475 2327 525 Α

573 574 628 622 et.
654 567 884 636 sanguis
915 566 1035 635 ejus
1068 565 1137 617 de
1171 565 1343 616 latere
1375 563 1472 633 qui
1524 563 1704 628 ﬂuxit,
1737 579 1827 616 res
1860 567 2007 614 sunt.
2050 564 2256 616 llarum

569 674 703 710 vero
738 671 926 708 rerum
957 651 1224 723 mysteria
1264 650 1402 704 dicit
1432 667 1552 703 esse
1602 655 1954 704 sacramenta
2007 650 2262 720 corporis

571 751 625 796 et
652 743 947 813 sanguinis
981 740 1206 805 Christi,
1242 755 1368 810 qum
1401 739 1763 792 celebrantur
1793 740 1864 793 ob
1916 725 2253 792 memoriam

572 830 881 885 Dominieze.
907 828 1208 899 passionis,
1267 843 1382 879 non
1429 827 1611 879 solum
1647 842 1750 896 per
1775 841 1972 879 omnes
2022 823 2261 888 lPaschm

569 920 956 972 solemnitates
989 916 1227 987 singulis
1259 915 1443 981 annis,
1479 931 1678 968 verum
1715 915 1885 968 etiam
1932 913 2174 984 singulis
2205 914 2260 966 in

574 1022 723 1058 anno
748 1005 964 1058 diebus.

645 1094 883 1147 XXXVII.
941 1095 1004 1146 Et
1051 1108 1179 1146 cum
1209 1108 1389 1145 unum
1424 1091 1494 1144 sit
1521 1091 1757 1161 [corpus
1791 1090 2169 1156 Dominicum,
2204 1090 2262 1143 in

571 1199 684 1252 quo
716 1182 889 1234 semel
921 1197 1121 1251 passus
1149 1186 1262 1243 est;
1289 1184 1344 1232 et
1385 1196 1531 1233 unus
1551 1180 1804 1249 sanguis,
1850 1180 1946 1250 qui
1971 1196 2071 1250 pro
2087 1180 2262 1232 salute

575 1270 773 1323 mundi
807 1270 966 1323 fusus
997 1275 1115 1322 est:
1163 1274 1414 1322 attamen
1468 1275 1822 1322 sacramenta
1879 1269 2131 1338 ipsarum
2167 1283 2262 1321 re-

572 1375 701 1412 rum
747 1358 1020 1411 vocabula
1048 1361 1462 1427 (sumpserunt,
1507 1363 1572 1410 ut
1629 1358 1892 1410 dicantur
1944 1372 2146 1427 corpus
2209 1359 2266 1408 et

575 1441 806 1516 sanguis
858 1445 1087 1513 Christi,
1145 1462 1272 1499 cum
1331 1451 1564 1515 propter
1595 1445 2023 1497 similitudinem
2070 1460 2262 1498 rerum

577 1552 715 1605 quas
740 1535 1012 1600 innuunt,
1041 1534 1119 1587 sic
1165 1534 1530 1603 appellentur
1565 1548 1577 1584 :
1609 1532 1754 1584 sicut
1804 1532 2015 1585 Pascha
2047 1537 2104 1585 et
2155 1533 2262 1586 Re-

575 1625 851 1676 snrrectio
901 1622 1125 1675 Domini
1160 1627 1453 1686 vocantur,
1489 1637 1616 1690 qum
1648 1637 1748 1691 per
1776 1619 2031 1688 singulos
2083 1637 2265 1674 annos

575 1711 954 1776 celebrantur,
1007 1725 1134 1762 cum
1192 1709 1366 1761 semel
1413 1708 1471 1760 in
1523 1708 1706 1778 seipso
1739 1725 1934 1778 passus
1966 1711 2037 1761 sit
2063 1713 2114 1762 et
2167 1725 2265 1761 re-

577 1797 907 1860 surrexerit,
944 1813 1045 1848 nec
1077 1796 1195 1848 dies
1244 1796 1330 1848 illi
1380 1796 1496 1864 jam
1531 1797 1748 1865 possint
1805 1796 2076 1860 revocari,
2129 1812 2266 1866 quo-
2297 1771 2334 1826 Β

574 1888 725 1940 niam
774 1887 1196 1955 praeterierunt.
1245 1885 1622 1954 Appellantur
1654 1890 1845 1937 tamen
1881 1885 2112 1938 illorum
2165 1901 2267 1938 vo-

572 1975 770 2028 cabulo
801 1973 920 2028 dies
950 1973 1157 2044 quibus
1189 1973 1469 2026 memoria
1503 1973 1809 2025 Dominicat
1843 1973 2118 2044 passionis
2149 1973 2264 2026 sive

575 2063 1008 2118 resurrectionis
1057 2070 1565 2129 commemoratur,
1617 2061 1825 2114 idcirco
1849 2061 2000 2132 quod
2036 2061 2263 2114 illorum

568 2151 1007 2206 similitudinem
1067 2149 1318 2204 habeant
1373 2150 1595 2202 dierum
1657 2150 1865 2220 quibus
1894 2149 2149 2203 Salvator
2176 2167 2259 2204 se-

569 2242 677 2295 mel
713 2257 911 2310 passus
943 2243 1026 2292 est
1053 2243 1109 2292 et.
1131 2237 1304 2291 semel
1338 2237 1662 2292 resurrexit.

638 2329 907 2384 XXXVIII.
945 2328 1102 2382 Unde
1158 2327 1399 2380 dicimus
1433 2343 1444 2380 :
1479 2326 1676 2393 llo-lie,
1732 2325 1818 2378 vel
1859 2342 2003 2389 cras,
2035 2327 2123 2380 vel
2157 2344 2262 2396 pc-

567 2419 784 2484 rendie,
845 2415 1073 2471 Domini
1132 2415 1346 2469 Pascha
1395 2418 1498 2479 est,
1533 2414 1618 2467 vel
1675 2413 2068 2480 Resurrectio;
2131 2429 2260 2466 cum

569 2508 687 2561 dies
719 2505 824 2572 illi,
859 2505 1067 2576 quibus
1112 2505 1234 2558 hinc
1281 2509 1440 2572 gesta
1490 2508 1644 2570 sunt,
1705 2502 2045 2572 multisjam
2098 2504 2262 2556 annis

569 2594 969 2666 praeterierint.
1030 2593 1120 2647 Sic
1171 2591 1344 2646 etiam
1394 2591 1651 2645 dicamus
1711 2590 2014 2644 Dominum
2061 2591 2260 2644 immo-

569 2684 669 2737 lari
727 2681 960 2753 quando
1009 2679 1293 2750 passionis
1341 2680 1464 2748 ejus
1492 2684 1846 2731 sacramenta
1875 2679 2255 2746 celebrantur,

567 2787 693 2824 eum
727 2769 901 2823 semel
940 2784 1040 2840 pro
1071 2769 1251 2821 salute
1272 2767 1471 2821 mundi
1504 2768 1576 2820 sit
1600 2767 1931 2820 immolatus
1961 2767 2018 2820 in
2051 2771 2258 2820 semet-

567 2860 714 2928 ipso,
785 2859 932 2911 sicut
987 2857 1291 2927 Apostolus
1333 2858 1445 2910 ait:
1511 2856 1756 2911 Christus
1809 2869 2005 2922 passus
2054 2861 2132 2910 est
2159 2871 2258 2924 pro

567 2947 739 3011 nobis,
771 2947 918 3000 vobis
949 2945 1260 3013 relinquens
1282 2945 1581 3013 ememplum
1603 2949 1662 2996 ut
1701 2945 2006 3011 sequamini
2031 2945 2257 3010 vestigia

569 3037 684 3103 ejus
735 3037 783 3103 (ι
839 3037 980 3089 I’rtr.
1049 3051 1108 3101 ιι,
1157 3036 1269 3100 21).
1323 3033 1442 3087 Non
1502 3031 1655 3086 enim
1714 3032 1867 3102 quod
1917 3031 2171 3102 quotidie
2198 3032 2256 3085 in
2291 3070 2328 3124 ο

568 3126 750 3195 seipso
781 3123 1032 3194 patiatur
1070 3122 1219 3191 quod
1255 3122 1428 3174 semel
1488 3120 1634 3174 fecit.
1669 3120 2005 3189 Exemplum
2053 3121 2260 3185 iantem

569 3213 729 3268 nobis
761 3212 993 3282 reliquit
1045 3209 1195 3280 quod
1247 3209 1304 3263 in
1338 3209 1609 3279 mysterio
1645 3207 1872 3262 Domini
1921 3209 2177 3278 corporis
2208 3214 2263 3262 et

565 3302 862 3372 sanguinis
879 3299 1136 3370 quotidie
1166 3298 1527 3351 credentibus
1561 3303 1958 3367 prmsentatur,
2011 3302 2072 3350 ut
2113 3297 2264 3367 quis-

566 3390 694 3462 quis
723 3389 792 3442 ad
829 3387 968 3441 illud
1001 3385 1318 3452 accesserit,
1350 3383 1589 3448 noverit,
1624 3399 1680 3435 se
1732 3383 2093 3453 passiombus
2139 3384 2262 3451 ejus

565 3477 764 3533 sociari
796 3476 1022 3541 debere,
1066 3487 1310 3544 quarum
1339 3471 1648 3541 imaginem
1674 3471 1732 3524 in
1763 3470 1936 3524 sacris
1977 3471 2262 3541 mysteriis

563 3634 801 3704 contigit
825 3631 916 3704 die
952 3647 1064 3704 quo
1096 3646 1153 3683 se
1185 3628 1388 3683 mortis
1421 3627 1778 3682 exactoribus
1810 3626 2084 3704 permisit
2122 3643 2258 3698 sup-

563 3699 748 3777 plicio,
769 3699 1012 3777 crucis.'_
1033 3703 1158 3755 llaec
1201 3707 1287 3754 est
1334 3717 1468 3777 vera
1500 3705 1555 3753 et
1583 3705 1848 3777 constans
1885 3699 2138 3777 Ecclesia:
2167 3715 2258 3752 ca-

566 3772 791 3831 tholicae
834 3773 1125 3838 doctrina;
1158 3788 1328 3843 quam
1364 3772 1708 3825 Ratramnus
1740 3772 2108 3843 singulariter
2151 3786 2256 3843 ex:

563 3848 724 3914 ponit
744 3854 799 3899 et
830 3847 1091 3898 enucleat
1139 3841 1320 3896 verbis
1355 3844 1611 3913 epistola!
1636 3843 1816 3914 sancti
1863 3841 2258 3914 Augustiniad

565 3911 936 3980 lionifacium,
983 3916 1280 3984 Utcunque
1340 3911 1426 3966 res
1466 3914 1599 3974 sint.
1643 3912 2121 3984 abuneuteﬂSixto
2162 3911 2258 3984 Se-

563 3989 725 4042 nensi
773 3990 846 4056 (u)
905 3986 1152 4038 intendit
1188 3982 1406 4056 animo
1446 3985 1837 4056 demonstrare
1888 3982 2256 4056 aliquamuin

563 4051 914 4112 Eucharistia
962 4058 1204 4122 ﬁguram
1257 4053 1584 4106 consistere.
1652 4054 1781 4106 Iltrc
1833 4053 2095 4121 ampliori
2124 4051 2258 4122 pdis-

561 4129 880 4197 captatione
911 4121 1028 4197 non
1052 4125 1308 4197 indigent
1333 4138 1350 4197 ξ
1374 4123 1542 4197 verba
1574 4125 1750 4174 sancti
1782 4121 2083 4197 Augustini
2117 4121 2258 4197 invi:

562 4192 812 4250 ctissime
868 4196 1114 4264 probant
1143 4193 1287 4244 hanc
1327 4192 1498 4244 fuisse
1564 4194 1904 4246 sententiam
1933 4263 1936 4264 ν
1964 4193 2257 4246 ltatramni

562 4273 616 4318 et
647 4263 928 4320 Paschasii
954 4280 1102 4315 nouo
1133 4265 1434 4328 sarculo,et
1462 4267 1766 4332 utrumque
1797 4264 1904 4316 hoc
1930 4263 2052 4316 loco
2077 4264 2256 4317 sancti

561 4335 860 4419 Augustini
929 4333 1443 4419 \indicassenhanc
1497 4335 1814 4419 veritatem,
1866 4333 2253 4419 .Pasc’l‘iasium
2285 4367 2326 4419 υ

561 4408 773 4460 scilicet
827 4409 1070 4458 tractatu
1109 4403 1175 4456 de
1243 4403 1491 4473 Corpore
1544 4410 1599 4456 et
1667 4404 1956 4474 Sanguine
2025 4405 2252 4470 Christi,

562 4494 691 4548 pag.
726 4476 967 4548 (323,_lit.
992 4477 1117 4548 Cet
1141 4475 1201 4527 D.
1243 4474 1504 4548 Elllictim
1539 4475 1714 4548 igitur
1745 4481 1932 4528 caveat
1967 4475 2256 4548 studiosus

560 4545 734 4603 lector
765 4545 1032 4599 utriusvis
1063 4546 1290 4614 0])‘lcull
1321 4552 1420 4597 aut
1465 4547 1760 4616 utriusque
1794 4562 1864 4598 ne
1895 4562 1927 4598 a
1973 4546 2249 4600 memoria

560 4619 781 4672 excidat
813 4631 1064 4685 unquam
1098 4622 1516 4668 sacramentum
1551 4616 1938 4679 Eucharistite,
1967 4624 2248 4686 quatenus

560 4693 977 4743 sacramentum
1007 4703 1126 4738 esse
1161 4687 1519 4751 memoriam,
1553 4702 1878 4754 expressam
1917 4689 2246 4757 imaginem,

557 4760 994 4814 similitudinem
1017 4761 1072 4809 et
1098 4758 1340 4826 ﬁguram
1361 4759 1612 4827 corporis
1631 4759 1834 4810 Christi
1867 4759 2159 4811 morientis
2192 4765 2249 4811 et

558 4831 829 4894 cruciﬁxi,
865 4835 918 4879 et
941 4829 1276 4896 sanguinem
1309 4829 1728 4881 t-Il‘undentisin
1752 4829 1990 4896 gratiam
2020 4835 2074 4881 et
2100 4827 2245 4880 salu~

557 4911 669 4957 tem
705 4901 1000 4954 hominum
1030 4905 1112 4964 ;et
1145 4899 1790 4968 proptereaimpositum
1827 4899 2034 4951 habere
2055 4915 2248 4967 corpo-

560 4977 632 5028 ris
647 4989 855 5028 nomen
873 4970 1368 5038 etsanguinisJesu
1414 4968 1621 5022 Christi
1645 4986 1657 5033 ;
1679 4970 2104 5039 necquidquam
2124 4986 2244 5022 esse

554 5061 725 5116 quam
766 5044 924 5116 Iesus
957 5041 1210 5116 Christus
1243 5040 1362 5108 ipse
1395 5040 1454 5092 in
1497 5040 1930 5116 arborencrtteis
1971 5041 2246 5116 anhelans

555 5110 611 5170 et
650 5114 946 5170 eliundens
985 5112 1318 5178 sanguinem
1354 5127 1455 5178 pro
1490 5111 1672 5163 nobis.
1704 5111 1858 5172 Quod
1895 5110 2122 5180 quidem
2157 5111 2245 5162 his

553 5183 970 5241 conditionibus
1018 5197 1212 5234 revera
1265 5181 1320 5231 in
1383 5181 1732 5232 Eucharistia
1800 5197 1909 5233 non
1970 5182 2241 5244 consistit,

554 5260 647 5311 sed
683 5252 1040 5309 solummodo
1073 5252 1129 5302 in
1173 5251 1507 5302 memoriam
1560 5257 1614 5302 et
1643 5251 2095 5315 similitudinem,
2126 5268 2241 5304 non

553 5343 713 5379 secus
770 5342 832 5376 ac
883 5324 1003 5375 dies
1061 5321 1344 5373 Paschatis
1379 5321 1496 5372 dies
1547 5322 1977 5374 rerurrectionis
2034 5338 2243 5374 nuncu-

556 5404 722 5465 pallll‘
757 5392 979 5447 tametsi
1014 5391 1270 5465 pluribus
1301 5389 1700 5465 abhincannis
1729 5392 2236 5465 etsieculisChri-

554 5461 670 5517 stus
704 5466 980 5517 Dominus
1018 5461 1216 5515 semel
1247 5461 1444 5512 eadem
1481 5461 1596 5514 sive
1639 5461 1810 5514 simili
1837 5463 1926 5515 die
1955 5463 2236 5529 revixerit,

554 5544 607 5585 et
639 5537 758 5588 dies
787 5535 985 5586 mortis
1024 5538 1078 5585 et
1114 5529 1390 5601 passionis
1427 5530 1779 5601 feriasexta.
1843 5548 1971 5601 quas
2006 5540 2241 5586 vocatur

553 5610 764 5669 sancta,
798 5603 930 5656 licet
950 5600 1209 5672 pluribus
1234 5601 1443 5655 abhinc
1463 5600 1628 5654 annis
1649 5602 1820 5655 semel
1838 5600 2067 5657 dolores
2091 5620 2239 5658 mor-

726 5722 1058 5774 Bibliotheca
1094 5728 1308 5784 sanctae,
1344 5723 1434 5773 lib.
1465 5738 1531 5784 γι,
1557 5724 1756 5774 observ.
1793 5726 1895 5774 196.

1703 339 2062 394 RATRAMNI
2106 336 2571 394 CORBEIENSIS
2611 337 2920 392 MONACIII

3945 340 4033 390 lii

2368 474 2748 542 pt‘ﬂ‘SlOlalUI‘,
2779 471 3092 542 juxtaillud
3131 471 3475 542 Sapientite:
3508 472 3800 526 Accessisti
3823 473 3889 525 ad
3913 490 4042 526 mm-

2371 578 2486 615 Sltm
2514 564 2776 631 potentis;
2834 561 3123 629 diligenter
3175 559 3392 614 attende
3447 576 3567 629 qua?
3627 562 3730 613 tibi
3760 567 3874 613 sunt
3903 579 4049 632 appo-

2371 654 2495 709 sita,
2544 653 2714 703 sciens
2769 651 2898 717 quia
2967 650 3102 701 talia
3162 653 3209 700 te
3252 654 3460 716 oportet
3521 664 3832 716 1‘1'1‘1167‘01‘0
3877 649 4044 714 tl’ror.

2373 755 2526 802 χχιιι,
2569 741 2638 802 1).
2701 737 2982 790 Accedere
3018 735 3096 788 ad
3159 751 3412 788 mensam
3471 737 3742 804 potentis,
3775 742 3852 788 est
3889 736 4046 788 divini

2372 827 2709 897 participem
2745 825 3034 879 libaminis
3066 823 3188 877 ﬁeri
3229 839 3241 877 :
3277 824 3647 876 consideratis
3679 840 3808 877 vero
3836 825 4039 894 apposi-

2371 921 2584 981 torum,
2613 915 2838 968 Domini
2868 912 3118 984 corporis
3141 917 3196 965 et
3222 913 3520 982 sanguinis
3553 919 3639 966 est
3665 913 4043 983 intelligentia.

2373 1003 2588 1067 Quibus
2646 1003 2906 1074 quisquis
2966 1001 3288 1072 participat,
3323 1002 3582 1054 advertat
3612 1018 3670 1054 se
3702 1003 3828 1054 talia
3859 1003 4047 1055 debere

2369 1106 2713 1161 praeparare,
2757 1095 2817 1143 ut
2872 1091 2994 1159 ejus
3046 1089 3303 1142 imitator
3360 1089 3581 1142 existat-
3618 1089 4042 1154 commoriendo,

2372 1180 2533 1249 cujus
2586 1178 2921 1232 memoriam
2987 1177 3207 1241 mortis,
3273 1193 3388 1230 non
3423 1178 3609 1231 solum
3640 1179 3928 1241 credendo,
3960 1195 4046 1232 ve-

2372 1283 2499 1320 rum
2527 1267 2696 1319 etiam
2729 1265 3010 1334 gustando
3038 1265 3363 1317 conﬁtetur.

2442 1356 2662 1410 XXXIX.
2715 1357 2855 1408 Item
2905 1354 3104 1407 beatus
3165 1354 3468 1423 Apostolus
3504 1353 3570 1407 ad
3621 1353 3920 1408 chrazos:
3961 1357 4053 1408 Ta-

2374 1445 2439 1498 lis
2469 1446 2615 1497 enim
2647 1442 2864 1496 decebat
2903 1447 2960 1495 ut
2991 1441 3144 1494 nobis
3175 1446 3307 1495 esset
3333 1444 3609 1510 ponti/ea),
3650 1449 3884 1508 sanctus,
3914 1445 4055 1496 inna-

2373 1547 2508 1592 cens,
2534 1533 2867 1600 impollutus,
2923 1535 3232 1596 segregatus
3265 1531 3715 1598 apeccatoribus,
3783 1537 3831 1584 et
3887 1535 4054 1586 excel-

2371 1625 2483 1675 sior
2529 1622 2671 1674 cmlis
2722 1622 2923 1686 factus.
2989 1619 3091 1684 Qui
3122 1635 3224 1671 non
3269 1619 3423 1671 habet
3455 1624 3841 1674 necessitatem.
3888 1637 4054 1688 quem-

2373 1707 2663 1762 admodum
2683 1708 2998 1768 sacerdotes.
3043 1708 3284 1776 quotidie
3324 1709 3528 1761 hostias
3559 1708 3750 1776 offerre
3777 1711 3926 1777 prius
3961 1727 4055 1778 pro

2373 1801 2485 1852 suis
2516 1798 2744 1858 delictis,
2801 1796 2994 1850 deinde
3019 1812 3121 1866 pro
3148 1797 3338 1864 populi
3375 1813 3387 1849 :
3425 1797 3518 1850 hoc
3550 1800 3689 1850 enim
3717 1800 3846 1862 fecit
3884 1802 4053 1863 semel,

2373 1903 2429 1940 se
2460 1886 2728 1955 offerendo
2768 1888 3024 1939 Dominus
3053 1887 3204 1938 Jesus
3237 1885 3484 1940 Christus
3509 1885 3665 1944 (lli-l1.
3700 1902 3797 1954 vn,
3830 1888 3916 1950 26,
3947 1890 4053 1951 27?.

2374 1975 2534 2038 Quod
2569 1973 2938 2043 semelgfecit,
2989 1989 3141 2026 nunc
3193 1973 3448 2042 quotidie
3477 1972 3836 2044 frequentat:
3887 1976 4054 2027 semel

2372 2063 2525 2116 enim
2559 2079 2660 2132 pro
2693 2061 2935 2132 peccatis
2992 2060 3192 2130 populi
3241 2077 3300 2112 se
3348 2061 3573 2126 obtulit,
3608 2063 3927 2116 celebratur
3970 2069 4054 2116 ta-

2373 2167 2505 2204 men
2549 2151 2670 2204 haec
2701 2151 2897 2204 eadem
2955 2150 3166 2202 oblatio
3197 2149 3438 2218 singulis
3472 2166 3573 2220 per
3606 2151 3800 2204 ﬁdeles
3826 2152 4053 2220 ,diebus,

2373 2239 2470 2292 sed
2502 2238 2558 2292 in
2594 2238 2883 2309 mysterio,
2950 2243 3012 2290 ut
3069 2238 3216 2307 quod
3274 2237 3547 2292 Dominus
3604 2239 3764 2293 Jesus
3813 2239 4063 2294 Christus

2371 2327 2545 2381 semel
2579 2345 2636 2381 se
2669 2326 2914 2380 offerens
2969 2327 3322 2396 adimplevit.
3383 2328 3488 2380 hoc
3534 2331 3591 2380 in
3625 2329 3747 2398 ejus
3777 2331 4059 2398 passionis

2371 2415 2710 2469 memoriam
2759 2415 3011 2486 quotidie
3058 2421 3289 2485 geratur
3333 2432 3434 2486 per
3493 2417 3895 2487 mysteriorum
3927 2420 4065 2472 cele-

2369 2504 2713 2557 brationem.

2441 2591 2524 2646 XL
2572 2594 2686 2646 Nec
2714 2598 2903 2645 tamen
2937 2591 3078 2645 falso
3121 2591 3330 2646 dicitur
3364 2593 3514 2664 quod
3549 2593 3607 2646 in
3669 2596 3958 2665 mysteriis
4013 2597 4068 2650 il-

2370 2680 2437 2734 lis
2466 2681 2742 2734 Dominus
2779 2680 2866 2733 vel
2891 2680 3223 2733 immolatur
3265 2680 3347 2734 vel
3379 2681 3631 2749 patiatur
3684 2684 3962 2752 quoniam
3997 2685 4068 2738 il-

2370 2769 2478 2822 lius
2535 2769 2735 2822 mortis
2784 2774 2953 2838 atque
3010 2768 3294 2839 passionis
3353 2768 3572 2823 habens
3604 2770 4066 2836 similitudinem,

2368 2873 2611 2928 quarum
2640 2858 2884 2911 existunt
2909 2857 3465 2926 reprmsentationes.
3499 2859 3654 2912 Unde
3703 2860 4067 2916 Dominicum

2367 2961 2573 3016 corpus
2605 2951 2660 2998 et
2690 2945 2921 3016 sanguis
2974 2946 3302 3000 Dominieus
3359 2947 3739 3017 appellantur,
3789 2952 4068 3019 quoniam

2369 3035 2494 3103 ejus
2553 3040 2789 3088 sumunt
2843 3035 3313 3104 appellationem,
3371 3036 3536 3106 cujus
3590 3037 3839 3090 existunt
3881 3056 4072 3093 sacra-

2370 3128 2647 3177 mentum.
2685 3124 2822 3176 liinc
2851 3123 3049 3177 beatus
3072 3123 3324 3177 Isidorus
3354 3123 3412 3176 in
3465 3124 3626 3177 libris
3674 3125 4071 3196 Etymologia-

2369 3229 2493 3266 rum
2527 3212 2643 3282 (lib.
2685 3229 2759 3277 vi,
2792 3227 2910 3280 cap.
2968 3211 3053 3282 I9)
3091 3213 3169 3265 sic
3199 3212 3314 3266 ait:
3352 3230 3377 3263 (ι
3411 3212 3766 3266 Sacriﬁcium
3821 3215 4068 3279 dictum,

2367 3301 2528 3372 quasi
2557 3317 2778 3355 sacrum
2821 3299 3056 3365 factum,
3104 3300 3236 3372 quia
3277 3317 3444 3370 prece
3487 3302 3722 3370 mystica
3753 3319 4068 3356 consecra-

2367 3395 2461 3443 tur
2482 3391 2539 3443 in
2559 3389 2897 3443 memoriam
2913 3406 3016 3460 pro
3033 3389 3196 3442 nobis
3229 3389 3540 3444 Dominicae.
3564 3391 3865 3460 passionis.
3887 3393 4072 3446 'L'nde

2367 3479 2494 3543 hoc,
2529 3495 2595 3530 eo
2631 3478 2891 3548 jubente,
2938 3493 3143 3548 corpus
3188 3477 3396 3531 Christi
3449 3484 3507 3532 et
3549 3479 3897 3549 sanguinem
3932 3481 4077 3534 dici-

2365 3634 2438 3688 tis
2478 3633 2832 3687 sustinuerit.
2893 3634 3103 3687 V'erum
3167 3634 3289 3688 haec
3335 3634 3528 3687 omnia
3580 3649 3694 3687 non
3736 3633 4084 3703 impediunt

2366 3704 2504 3776 quin
2542 3720 2747 3773 corpus
2775 3705 2979 3776 Christi
3008 3706 3129 3774 jam
3164 3704 3480 3776 gloriosum
3513 3705 3572 3758 in
3605 3705 3746 3759 cmlo
3787 3706 4082 3759 Euchari-

2367 3775 2474 3828 stia
2504 3775 2965 3844 permansionem
3002 3776 3206 3828 habeat
3256 3775 3429 3829 modo
3487 3776 3770 3846 spirituali
3803 3778 4085 3830 sensibus

2365 3862 2479 3900 non
2504 3847 2756 3915 subjecto
2789 3852 2844 3898 et
2867 3847 3170 3915 corporali,
3208 3847 3294 3899 uti
3351 3847 3713 3916 recognoscit
3760 3849 3888 3916 ipse
3958 3849 4082 3901 Ra-

2365 3921 2624 3970 tramnus
2647 3917 2701 3970 in
2729 3917 2989 3985 pluribus
3031 3918 3115 3970 sui
3144 3917 3406 3986 opusculi
3457 3918 3614 3982 locis,
3677 3923 3732 3970 et
3763 3920 4082 3986 speciatim

2366 4004 2504 4059 num
2536 3989 2603 4059 28
2659 3993 2714 4039 et
2745 3989 2812 4041 30
2843 3993 3011 4040 antea
3040 3987 3244 4054 citatis,
3274 3994 3332 4059 et,
3358 4003 3519 4041 num.
3559 3991 3619 4042 16
3641 3995 3697 4041 et
3727 3991 3814 4053 99,
3849 3990 3914 4040 in
3939 3992 4084 4059 qui-

2366 4058 2470 4111 bus
2528 4058 2606 4110 ait
2658 4059 2816 4111 I'usus
2847 4059 3163 4125 theologus,
3194 4058 3338 4126 quod
3368 4061 3469 4110 iste
3502 4062 3663 4126 panis
3694 4066 3744 4112 et
3773 4060 3935 4112 calta:
3965 4058 4086 4127 "qui

2364 4143 2557 4194 corpus
2613 4134 2662 4182 et
2717 4132 2942 4194 sanguis
2993 4130 3196 4184 Christi
3255 4131 3573 4182 nominatur
3626 4135 3676 4182 et
3727 4133 3949 4182 existit.
4015 4132 4088 4184 [ι

2363 4199 2749 4267 intelligamus
2795 4216 2858 4252 ex
2891 4200 2960 4251 iis
2987 4200 3092 4252 hoc
3123 4205 3543 4253 sacramentum
3600 4216 3710 4253 non
3742 4201 3954 4253 solum
3993 4217 4085 4252 as-

2364 4286 2588 4322 sumere
2623 4286 2830 4322 nomen
2867 4271 2947 4323 rei
2979 4271 3141 4339 cujus
3178 4276 3262 4322 est
3290 4275 3733 4331 sacramentum,
3776 4272 3879 4323 sed
3951 4287 4090 4324 rem

2365 4339 2547 4409 ipsam
2575 4356 2694 4392 esse
2726 4345 2782 4393 et
2807 4341 3066 4394 existere.
3108 4342 3280 4394 Porro
3322 4357 3386 4394 ex
3421 4342 3509 4395 his
3541 4341 3764 4394 videtur
3811 4341 4094 4394 dilucide

2365 4411 2646 4480 applicata
2711 4412 3000 4464 voluntate
3066 4411 3373 4464 intendisse
3441 4412 3700 4465 eamdem
3760 4413 4092 4465 veritatem

2364 4483 2702 4535 conﬁrmare
2734 4498 2906 4552 quam
2948 4483 3213 4551 exposuit
3252 4498 3410 4535 num.
3460 4485 3545 4542 16,
3602 4482 3659 4535 in
3699 4498 3812 4552 quo
3872 4483 3967 4535 ait.
4017 4485 4095 4536 de

2360 4552 2656 4620 speciebus
2713 4553 2875 4619 panis
2924 4558 2980 4606 et
3032 4552 3149 4605 vini
3189 4553 3294 4606 sub
3324 4553 3536 4623 quibus
3584 4568 3794 4622 corpus
3859 4554 4098 4607 Christi

2359 4623 2655 4686 delitescit,
2685 4639 2790 4676 non
2821 4624 2964 4691 quod
3002 4623 3237 4676 dua-rum
3269 4626 3380 4677 sint
3413 4626 3716 4677 emistentia:
3765 4639 3966 4676 rerum
3997 4628 4098 4676 in—

2359 4698 2438 4764 ter
2466 4709 2518 4746 se
2538 4693 2878 4748 diversarum
2910 4710 2922 4746 :
2961 4697 3018 4746 et
3045 4709 3204 4748 num.
3239 4695 3327 4758 24,
3363 4695 3418 4747 in
3455 4711 3568 4764 quo
3595 4695 3896 4763 conceptis
3925 4698 4095 4748 veri-

2355 4762 2443 4816 bis
2473 4764 2637 4817 docet
2668 4765 2844 4832 quod,
2878 4767 2973 4832 qui
2995 4769 3181 4832 postea
3210 4779 3405 4832 corpus
3431 4762 3497 4817 de
3529 4767 3756 4831 Virgine
3777 4772 4090 4834 sumptum

2355 4840 2404 4885 et
2457 4850 2559 4902 pro
2613 4835 2786 4887 salute
2820 4836 3152 4888 credentium
3202 4837 3259 4887 in
3318 4851 3471 4888 cruce
3499 4851 3816 4903 suspensum
3862 4840 4097 4888 nostris

2353 4907 2563 4958 saeculis
2589 4905 2852 4970 exhibuit,
2887 4912 2937 4957 et
2966 4921 3031 4957 ea:
3052 4922 3108 4958 eo
3147 4908 3436 4973 sanguinis
3466 4907 3668 4958 unitum
3699 4906 3935 4972 eﬂ'udit,
3978 4923 4100 4959 neu

2353 4975 2522 5027 solum
2568 4991 2677 5042 qua
2704 4975 3104 5038 redimeremur,
3159 4993 3343 5030 verum
3373 4979 3534 5029 etiam
3581 4981 3936 5044 poteremur.
4028 4979 4102 5028 Iit

2355 5061 2513 5097 num.
2548 5047 2615 5097 25
2656 5051 2710 5098 et
2731 5048 2799 5100 28
2833 5063 2845 5100 :
2887 5049 3004 5114 Ipse
3037 5062 3269 5114 namque
3301 5049 3397 5114 qui
3425 5062 3566 5100 nunc
3593 5049 3650 5100 in
3682 5048 3943 5100 Ecclesia
3979 5063 4110 5100 om-

2351 5117 2619 5182 nipotenti
2638 5118 2839 5170 virtute
2868 5132 3061 5184 panem
3113 5123 3161 5171 et
3198 5120 3386 5171 riuum
3437 5120 3496 5169 in
3529 5119 3617 5169 sui
3658 5123 3920 5185 corporis
3957 5133 4109 5170 car-

2351 5201 2471 5256 nam
2501 5191 2550 5238 et
2579 5189 2796 5254 proprii
2825 5189 3032 5240 cruoris
3079 5187 3282 5240 undam
3335 5189 3705 5256 spiritualiter
3769 5190 4109 5242 convertit.

2353 5255 2510 5318 Quod
2572 5258 2801 5326 quidem
2836 5273 3142 5310 asermone
3175 5264 3230 5310 et
3260 5255 3580 5311 eluentione
3615 5259 3920 5312 l’aschasii
3973 5275 4110 5312 non

2350 5326 2559 5392 differt,
2587 5343 2756 5396 quem
2792 5343 2962 5379 nemo
3014 5329 3186 5381 homo
3245 5329 3449 5382 litteris
3507 5335 3767 5381 assuetus
3836 5329 4110 5384 dubitat

2350 5396 2520 5470 ﬁdem
2554 5413 2725 5466 quam
2753 5398 3122 5470 defendimus
3160 5401 3423 5452 eamdem
3457 5401 3731 5452 tuendam
3775 5402 4110 5470 recepisse

2349 5466 2406 5518 in
2431 5469 2666 5538 epistola
2699 5467 2765 5520 ad
2819 5469 3227 5537 Frudgardum
3264 5471 3383 5523 :Et
3423 5474 3592 5523 totum
3661 5466 3948 5538 spiritale
4013 5485 4110 5523 ρει

2350 5537 2829 5674 quod-cogitantur
2857 5542 2915 5593 in
2971 5541 3066 5594 hoc
3105 5546 3465 5608 sacramento,
3519 5542 3649 5609 quia
3696 5537 3965 5610 spiritus
4015 5556 4110 5595 es:

2350 5623 2444 5674 qui
2471 5623 2582 5661 civi
2625 5624 2685 5663 ca
2718 5649 2730 5663 .

2349 5610 2444 5675 qui
2471 5609 2730 5674 vivificat.
