4148 6180
118 245 130 291 l
157 241 216 290 il}

1234 243 1321 298 DE
1374 244 1700 300 COltl’OItE
1751 246 1838 300 ΕΤ
1878 245 2218 300 SANCUINE
2274 246 2533 300 DOSIINI.

3532 256 3547 307 i
3569 254 3628 306 ili

113 386 244 423 mus
277 371 602 441 quoddam
625 371 688 423 tit
709 386 774 423 ex
799 369 1272 438 fructibusterrze,
1298 373 1826 426 sanctiticaturetlit
1857 384 1894 430 Α
1935 374 2185 428 inebriat
2245 375 2558 440 hominem,
2610 376 2688 428 ita
2738 377 2980 431 Verbum
3047 379 3163 444 Dei,
3230 379 3329 450 qui
3390 385 3476 435 est
3532 397 3623 451 pa-

111 463 572 523 sacramentum,
599 463 874 528 operante
898 457 1489 528 invisibiliterSpiritu
1515 459 1633 514 Dei.
1655 461 1824 530 Cujus

111 546 282 617 panis
313 552 370 599 et
403 547 595 600 calicis
626 552 1046 600 sacramentum
1082 546 1259 600 Graeci
1299 549 1705 602 Eucharistium
1739 550 1823 601 di-

111 643 256 690 cunt
287 637 446 706 quod
479 635 672 690 Latine
706 637 842 688 bona
871 637 1058 702 gratia
1085 635 1496 704 interpretatur
1538 651 1550 689 :
1585 642 1642 690 et
1687 637 1823 706 quid

115 725 333 778 melius
385 724 668 793 sanguine
724 729 780 776 et
844 739 1082 793 corpore
1106 723 1361 778 Christi?
1394 725 1581 791 (Panis
1615 741 1745 778 vero
1769 731 1825 778 et

115 812 323 866 vinum
355 812 484 866 ideo
518 811 742 881 corpori
786 816 842 864 et
897 810 1164 880 sanguini
1209 818 1634 880 comparantur,
1689 814 1823 882 quia

115 901 266 954 sicut
303 901 478 969 hujus
505 899 741 952 visibilis
777 899 938 969 panis
969 898 1200 969 vinique
1232 899 1549 952 substantia
1581 901 1819 953 exterio-

114 1006 240 1042 rem
279 989 460 1042 nutrit
490 992 545 1040 et
576 987 819 1040 inebriat
851 986 1164 1051 hominem,
1189 988 1266 1039 ita
1295 987 1541 1040 Verbum
1571 988 1690 1054 Dei,
1722 990 1821 1058 qui

116 1083 204 1130 est
241 1077 409 1146 panis
461 1076 643 1142 vivus,
704 1075 1142 1146 participatione
1194 1075 1282 1129 sui
1340 1075 1535 1130 tidcles
1603 1081 1822 1132 recreat

122 1168 352 1219 mentes
381 1168 454 1234 ⁸.)
487 1186 513 1213 ››

187 1254 326 1309 XLI.
359 1253 430 1306 Et
459 1253 562 1305 iste
591 1251 788 1305 doctor
817 1250 1130 1304 catholicus
1174 1267 1397 1304 sacrum
1444 1251 1582 1305 illud
1621 1251 1818 1306 Domi-

119 1342 264 1396 nicze
295 1339 576 1412 passionis
610 1339 966 1410 mysterium,
999 1339 1057 1392 in
1116 1339 1454 1393 memoriam
1504 1356 1607 1410 pro
1655 1340 1817 1393 nobis

118 1429 435 1484 Dominicas
498 1429 776 1499 passionis
833 1428 998 1481 docet
1063 1428 1370 1496 agendum.
1430 1429 1541 1481 lloc
1624 1428 1817 1482 dicens

114 1518 370 1572 ostendit
433 1516 789 1571 Dominicam
846 1515 1168 1586 passionem
1212 1517 1385 1569 semel
1417 1532 1537 1569 esse
1586 1516 1812 1583 factam,

112 1609 238 1677 ejus
262 1623 396 1658 vero
413 1604 817 1658 memoriamin
833 1602 1002 1657 sacris
1024 1603 1374 1657 solemnibus
1393 1605 1809 1674 repraesentari.

185 1695 344 1749 XLII.
412 1693 568 1746 Unde
624 1698 680 1746 et
738 1691 898 1761 panis
945 1691 1044 1763 qui
1102 1693 1359 1754 oll'ertur,
1423 1673 1485 1748 ex
1536 1693 1811 1746 fructibus
1848 1673 1884 1726 Β

116 1791 284 1836 terras
316 1798 447 1835 cum
480 1782 551 1833 sit
578 1786 921 1849 assumptus,
954 1780 1012 1832 in
1044 1779 1253 1833 Christi
1285 1796 1489 1850 corpus
1529 1780 1664 1834 dum
1690 1798 1813 1834 san-

114 1873 424 1935 ctiﬁcatur,
457 1868 853 1938 transponitnr
888 1884 900 1920 :
937 1868 1080 1921 sicut
1106 1873 1159 1920 et
1181 1868 1400 1933 vinum,
1433 1884 1562 1921 cum
1594 1885 1658 1921 ex
1700 1869 1810 1922 vite

114 1961 446 2022 deﬂuxerit,
526 1956 706 2010 divini
769 1961 962 2009 tamen
1035 1956 1479 2010 sanctiﬁcatione
1557 1955 1810 2026 mysterii

116 2048 370 2101 ellicitur
402 2045 635 2115 sanguis
663 2043 896 2109 Christi;
931 2059 1046 2097 non
1081 2044 1311 2114 quidem
1343 2043 1660 2109 visibiliter,
1689 2045 1809 2110 sed,

116 2137 264 2189 sicut
296 2136 376 2188 ait
408 2150 657 2204 praesens
705 2134 920 2198 doctor,
962 2137 1234 2202 operante
1278 2131 1640 2185 invisibiliter
1687 2132 1810 2203 Spi-

114 2225 236 2277 ritu
264 2221 364 2277 Dei
399 2223 532 2293 ξιιμ,
566 2221 805 2291 sancto].

186 2311 379 2365 XLIII.
411 2311 567 2364 Unde
590 2308 821 2378 sanguis
843 2313 1115 2378 etcorpus
1137 2307 1345 2362 Christi
1369 2307 1653 2374 dicuntur,
1679 2307 1812 2378 quia

112 2417 232 2453 non
267 2398 422 2469 quod
455 2397 705 2451 exterius
729 2396 1010 2458 videntur,
1041 2396 1138 2449 sed
1161 2396 1312 2467 quod
1337 2395 1594 2461 interius,
1619 2396 1810 2450 divino

111 2488 332 2556 Spiritu
349 2489 645 2556 operante,
671 2485 814 2538 facta
837 2490 986 2550 sunt,
1012 2484 1387 2554 accipiuntur.
1405 2483 1471 2536 Et
1491 2484 1811 2554 quialonge

113 2575 270 2629 aliud
304 2591 408 2645 per
425 2574 740 2645 potentiam
776 2573 1116 2626 invisibilem
1149 2572 1398 2626 existunt
1425 2588 1598 2642 quam
1632 2572 1815 2625 visibi-

117 2664 248 2717 liter
277 2661 928 2733 appareantgdiscernit,
957 2661 1093 2714 dum
1116 2660 1274 2726 dicit,
1299 2676 1508 2730 panem
1539 2665 1593 2712 et
1614 2661 1812 2714 vinum

113 2752 222 2804 deo
273 2750 502 2820 corpori
529 2749 794 2819 sanguini
829 2749 1054 2802 Domini
1085 2748 1425 2818 comparari,
1453 2770 1478 2797 ‹‹
1506 2749 1635 2819 quia
1670 2748 1812 2802 sicut

115 2839 363 2893 visibilis
391 2839 554 2909 panis
587 2843 644 2891 et
683 2836 798 2890 vini
831 2836 1148 2890 substantia
1177 2837 1520 2890 exteriorem
1555 2837 1736 2890 nutrit
1757 2841 1813 2890 et

1934 463 2022 515 nis
2056 462 2232 529 vivus,
2268 462 2702 534 participatione
2761 465 2851 518 sui
2891 465 3147 519 fidelium
3207 473 3420 522 recreat
3470 485 3625 523 men-

1936 556 2033 604 tes.
2062 573 2088 598 ››
3478 614 3481 615 ν

2003 640 2180 692 XLIV.
2240 639 2349 691 Ista
2403 638 2642 692 dicendo
2696 640 3039 692 conﬁtemur
3095 643 3245 711 quod
3317 643 3375 696 in
3433 661 3618 698 sacra-

1933 731 2125 780 mento
2151 727 2404 796 corporis
2431 734 2487 780 et
2527 725 2826 796 sanguinis
2860 729 3106 791 Domini,
3159 731 3438 802 quidquid
3471 739 3621 786 exte-

1933 815 2049 867 rius
2106 816 2369 879 sumitur,
2430 815 2500 868 ad
2557 816 2811 884 corporis
2867 815 3236 870 refectionem
3290 823 3612 889 aptaturb:

1933 902 2174 956 Verbum
2207 910 2396 956 autem
2431 904 2544 968 Dei,
2569 903 2666 973 qui
2699 909 2783 955 est
2812 903 2973 972 panis
3025 904 3387 959 invisibiliter
3419 907 3474 960 in
3521 909 3616 961 illo

1930 991 2178 1044 existens
2221 995 2596 1056 sacramento,
2647 991 3010 1044 invisibiliter
3060 993 3494 1063 participatione
3527 998 3616 1048 sui

1926 1079 2182 1132 tidelium
2219 1085 2437 1131 mentes
2469 1079 2800 1132 vivilicando
2831 1079 3022 1149 pascit.

1998 1168 2143 1220 XLV.
2182 1167 2318 1220 llinc
2364 1166 2530 1221 etiam
2569 1167 2722 1220 idem
2769 1168 2967 1221 doctor
3021 1167 3158 1221 dicit
3193 1170 3368 1237 (Orig.
3407 1169 3505 1222 lib.
3538 1187 3612 1230 γι,

1925 1270 2046 1324 cap.
2094 1258 2170 1320 19)
2207 1271 2219 1308 :
2258 1275 2283 1304 α
2310 1255 2740 1309 Sacr-amentum
2768 1261 2850 1308 est
2883 1255 2941 1308 in
2970 1257 3162 1326 aliqua
3206 1257 3611 1324 celebratione,

1926 1359 2052 1395 cum
2083 1359 2170 1395 res
2201 1351 2356 1412 gesta
2386 1344 2461 1395 ita
2495 1344 2556 1396 tit
2590 1349 2648 1396 ut
2701 1344 2916 1414 aliquid
2967 1344 3288 1412 signilicare
3324 1345 3612 1414 intelliga-

1927 1435 2021 1483 tnr
2049 1431 2196 1500 quod
2249 1437 2440 1483 sancte
2493 1431 2888 1501 accipiendum
2921 1438 3004 1484 est
3033 1441 3070 1486 ο.
3108 1455 3126 1478 n
3193 1433 3319 1485 llaec
3375 1433 3610 1486 dicendo

1925 1519 2168 1572 ostendit
2195 1534 2366 1572 omne
2415 1525 2832 1572 sacramentum
2873 1519 2931 1572 in
2962 1519 3169 1573 divinis
3197 1523 3363 1574 rebus
3394 1521 3611 1592 aliquid

1923 1607 2125 1660 secreti
2176 1607 2496 1671 continere;
2573 1611 2628 1660 et
2693 1606 2851 1661 aliud
2919 1623 3039 1660 esse
3107 1608 3260 1677 quod
3316 1607 3613 1662 visibiliter

1921 1699 2212 1764 appareat,
2244 1695 2396 1748 aliud
2432 1710 2560 1748 vero
2601 1696 2752 1765 quod
2798 1695 3156 1750 invisibiliter
3204 1696 3276 1749 sit
3323 1697 3607 1766 accipien-

1919 1784 2074 1836 dUﬂL

1989 1871 2162 1925 XLVI.
2205 1871 2340 1934 Quae
2373 1875 2505 1924 sunt
2528 1874 2718 1924 autem
2769 1876 3123 1924 sacramenta
3160 1871 3423 1924 tidelibus
3456 1872 3604 1924 cele-

1920 1959 2135 2012 branda
2164 1963 2578 2029 consequenter
2625 1959 2952 2024 ostendens,
2986 1959 3062 2011 ait
3110 1959 3310 2027 (Ibid)
3345 1975 3358 2012 :
3395 1979 3420 2009 α
3462 1959 3606 2012 Sunt

1921 2051 2108 2099 autem
2133 2052 2485 2098 sacramenta
2539 2046 2855 2115 baptismus
2903 2050 2958 2098 et
2995 2047 3266 2111 chrisma,
3317 2062 3522 2115 corpus
3554 2051 3609 2099 et

1921 2134 2170 2204 sanguis.
2242 2131 2438 2204 [Apud
2494 2133 2764 2187 [siderum
2818 2134 3014 2186 ibidem
3061 2134 3313 2196 additur,
3357 2134 3606 2202 Christi}

1919 2222 2053 2286 Quae
2086 2221 2158 2275 ob
2189 2221 2245 2274 id
2284 2225 2623 2275 sacramenta
2654 2221 2942 2288 dicuntur,
2976 2221 3113 2292 quia
3141 2221 3244 2275 sub
3277 2225 3609 2291 tegnmento

1919 2309 2299 2379 corporalium
2335 2325 2526 2363 rerum
2577 2309 2757 2363 virtus
2805 2309 3000 2362 divina
3059 2309 3329 2363 secretius
3367 2309 3608 2362 salutem

1920 2399 2253 2451 eorumdem
2285 2404 2771 2451 sacramentorum
2825 2403 3114 2466 cpt-ratur.
3172 2397 3324 2450 [inde
3356 2403 3412 2450 et
3465 2414 3498 2449 a
3528 2414 3610 2448 se-

1920 2486 2088 2539 cretis
2140 2485 2446 2538 virtutibus
2501 2487 2584 2538 vel
2629 2490 2800 2538 sacris
2855 2491 3197 2540 sacramenta
3255 2485 3541 2538 dicuntur.
3583 2505 3606 2528 »

1925 2575 1986 2627 Et
2012 2574 2073 2627 in
2124 2573 2494 2644 sequentibus
2543 2573 2624 2626 ait
2675 2573 2909 2642 (Ibid):
2967 2595 2994 2621 ‹‹
3050 2575 3241 2627 Graece
3294 2575 3608 2639 mysterium

1919 2661 2127 2715 dicitur
2157 2662 2309 2732 quod
2337 2666 2608 2716 secretam
2642 2665 2698 2714 et
2746 2661 3094 2715 reconditam
3132 2661 3336 2714 habeat
3367 2659 3606 2730 disposi-

1921 2750 2157 2802 tionem.
2191 2771 2217 2797 n

1990 2839 2189 2892 XLVII.
2219 2836 2367 2901 Quid
2393 2837 2596 2892 isthine
2627 2838 3018 2909 pet-docemur,
3055 2837 3164 2890 nisi
3213 2837 3363 2907 quod
3399 2851 3610 2906 corpus

185 3007 207 3030 ³
241 2995 369 3048 Haec
400 2993 602 3047 ultima
630 2993 801 3046 verba
851 2993 1176 3064 parenthesi
1223 2992 1432 3058 clausa,
1484 3009 1597 3046 non
1642 3009 1807 3064 repe-
1840 2969 1880 3024 ϐ
1919 2995 2096 3048 velata
2127 2999 2182 3047 et
2212 2994 2525 3059 recondita,
2557 2996 2726 3048 modo
2759 2995 2938 3048 oculis
2974 3011 3088 3048 non
3134 2994 3389 3064 subjecto
3423 2996 3479 3048 in
3511 3013 3608 3049 eo-

117 3065 352 3118 riuntnr
381 3065 532 3133 apud
562 3064 864 3124 Isidorum,
901 3065 995 3116 lib.
1030 3065 1380 3131 Etymolog.;
1416 3064 1512 3117 sed
1545 3065 1641 3118 lib.
1679 3081 1714 3128 ι,
1738 3065 1808 3116 de

117 3137 353 3200 Utticiis,
392 3152 514 3205 cap.
557 3138 639 3190 l8.
671 3135 789 3187 hzec
821 3136 1106 3188 habentur
1150 3151 1162 3188 :
1203 3135 1391 3199 Panis,
1443 3137 1575 3202 quia
1623 3137 1810 3200 con/ir-

114 3212 226 3260 mat
265 3221 484 3274 corpus,
517 3207 635 3258 ideo
667 3220 857 3272 corpus
907 3207 1120 3258 Christi
1175 3212 1523 3274 nuncupatur
1556 3222 1568 3258 :
1620 3208 1808 3258 viuum

112 3284 312 3342 autem,
348 3279 480 3344 quia
510 3279 827 3341 sanguinem
856 3282 1112 3345 operatur
1143 3277 1202 3328 in
1223 3292 1402 3340 carne,
1436 3275 1552 3328 ideo
1579 3277 1651 3328 ad
1679 3290 1809 3327 san-

112 3352 333 3414 guinem
363 3349 570 3402 Christi
586 3351 842 3411 refertur.

182 3422 206 3461 ιι
246 3420 482 3472 Verbum
514 3423 694 3470 autem
740 3419 838 3470 Dei
887 3418 985 3486 qui
1030 3423 1105 3469 est
1151 3418 1315 3484 panis
1355 3416 1664 3478 invisibilis,
1697 3419 1803 3468 etc.

108 3489 409 3542 Sententia
443 3488 737 3541 Ratramni
777 3493 863 3540 est
902 3487 1139 3540 verbum
1183 3487 1439 3540 divinum
1478 3487 1716 3540 existere
1749 3486 1807 3538 in

109 3566 473 3613 sacramento
506 3559 674 3611 modo
708 3557 997 3622 invisibili,
1032 3557 1087 3609 id
1119 3563 1204 3610 est
1234 3557 1498 3621 miriﬁco,
1528 3557 1806 3626 singulari

109 3637 162 3683 et
189 3631 419 3682 diverso
452 3630 520 3682 ab
553 3645 619 3681 eo
653 3645 764 3698 quo
798 3645 897 3697 per
929 3644 1090 3680 suam
1128 3629 1567 3681 immensitatem
1616 3628 1810 3680 omnia

109 3704 318 3771 explet.
354 3701 526 3753 Secus
552 3699 717 3771 enim
743 3702 833 3771 fab
882 3699 1006 3751 aliis
1050 3699 1331 3752 creaturis
1388 3705 1808 3771 sacramentum

110 3769 268 3824 nullo
305 3770 639 3824 discrimine
669 3769 943 3823 differret.
975 3772 1047 3821 At
1096 3785 1230 3821 vero
1272 3769 1474 3822 modus
1506 3769 1808 3837 singularis

109 3840 460 3896 sacramenti
519 3840 748 3893 aliunde
797 3856 909 3893 non
967 3839 1219 3909 erumpit
1266 3856 1437 3908 quam
1479 3855 1544 3892 ex
1593 3839 1810 3892 unione

109 3913 471 3982 bypostatica
503 3911 668 3963 Verbi
699 3927 825 3963 cum
870 3926 1110 3982 corpore
1167 3911 1439 3976 humano,
1489 3925 1808 3982 perquam

110 3981 308 4035 verum
346 3988 431 4034 est
465 3982 669 4044 dicere,
707 3985 756 4033 et
795 3981 1022 4035 Verbum
1068 3996 1192 4034 caro
1232 3984 1440 4045 factum
1471 3981 1663 4034 est.Ex
1695 3996 1809 4048 quo

107 4055 445 4121 intelligere
475 4057 560 4105 est
590 4052 857 4118 Verbum,
887 4052 991 4104 hoc
1016 4051 1258 4104 Verbum
1292 4052 1568 4104 exstitisse
1593 4052 1650 4103 in
1682 4053 1807 4102 sinu

115 4126 307 4179 Mariae.
346 4126 400 4175 et
441 4123 497 4174 in
549 4139 713 4174 cruce
745 4123 854 4174 alia
905 4121 1126 4174 ratione
1181 4128 1236 4174 et
1263 4122 1429 4174 modo
1483 4137 1654 4190 quam
1711 4136 1812 4190 per

115 4195 572 4248 immensitatem
606 4193 662 4244 in
697 4195 961 4245 universo
987 4192 1202 4245 mundo
1225 4198 1280 4244 et
1303 4194 1356 4244 in
1386 4192 1812 4245 umnibuscrea-

115 4269 208 4319 tis.
254 4266 335 4318 Ex
364 4264 572 4332 quibus
604 4263 848 4316 dilucide
878 4264 1248 4332 consequitur
1276 4263 1425 4332 quod
1457 4279 1583 4315 cum
1610 4279 1814 4330 corpus
1841 4263 1879 4315 Ι)

121 4337 330 4390 Christi
370 4350 566 4386 verum
616 4339 673 4386 et
705 4350 832 4386 vere
863 4333 918 4386 in
951 4334 1079 4386 sinu
1113 4333 1302 4386 Mariae
1357 4332 1636 4385 exstiterit
1666 4338 1721 4384 et
1753 4333 1809 4384 in

120 4424 310 4471 cruce,
366 4406 556 4458 nullus
603 4404 898 4457 dubitandi
949 4403 1103 4456 locus
1145 4403 1390 4473 relinqui
1443 4408 1628 4472 potest
1670 4404 1808 4472 quin

123 4481 476 4532 Hatramnus
504 4474 611 4527 sibi
643 4475 988 4543 persuaserit
1019 4475 1168 4527 idem
1202 4490 1408 4542 Corpus
1439 4473 1494 4526 in
1542 4473 1811 4526 Euchari-

120 4549 227 4601 stia
259 4546 726 4616 permansionem
779 4545 1005 4606 habere,
1058 4551 1294 4614 propter
1323 4544 1604 4616 intimam
1639 4560 1810 4616 quam

120 4614 293 4672 habet
323 4632 456 4671 cum
493 4617 671 4669 Verbo
725 4615 917 4668 divino
952 4616 1222 4667 unionem
1255 4631 1266 4668 :
1302 4631 1431 4667 cum
1484 4620 1564 4667 tot
1593 4614 1650 4667 in
1681 4614 1814 4667 locis

121 4695 364 4749 asserat,
399 4703 643 4740 numero
681 4688 741 4738 l5
797 4685 1134 4754 praesertim,
1167 4688 1322 4751 nefas
1346 4701 1456 4738 esse
1492 4700 1596 4738 non
1645 4690 1815 4738 solum

122 4762 321 4822 dicere,
355 4774 539 4810 verum
565 4759 728 4809 etiam
767 4759 1003 4823 cogitare
1033 4772 1224 4824 corpus
1260 4754 1473 4809 Christi
1503 4759 1559 4807 in
1596 4757 1814 4808 Eucha-

120 4835 283 4884 rislia
313 4846 421 4882 non
441 4844 552 4882 esse
579 4844 671 4882 seu
701 4843 912 4893 negare.
949 4828 1012 4880 Et
1042 4827 1267 4894 repetit,
1301 4842 1461 4879 num.
1497 4829 1585 4889 30,
1622 4842 1817 4894 panem

123 4908 170 4954 et
191 4905 386 4954 trinum
442 4903 499 4951 in
543 4901 782 4966 corporis
817 4902 868 4951 et
909 4899 1194 4962 sanguinis
1242 4900 1347 4950 mei
1388 4912 1640 4950 conversa
1684 4897 1814 4950 sub-

121 4975 409 5025 stantiam.
446 4969 616 5022 Addit
657 4969 890 5036 insuper
921 4983 1080 5021 num.
1124 4972 1190 5022 3O
1229 4973 1286 5020 et
1319 4969 1385 5021 49
1419 4969 1569 5037 quod
1616 4982 1819 5035 corpus

124 5051 180 5095 et
211 5041 450 5111 sanguis
481 5039 689 5093 Christi
733 5042 920 5111 ﬁgura
977 5043 1105 5111 sunt
1153 5038 1452 5111 secundum
1496 5041 1724 5111 speciem
1742 5039 1818 5111 vi:

125 5107 358 5177 sibileni,
394 5116 452 5163 at
481 5125 606 5163 vero
653 5110 941 5162 secundum
974 5109 1303 5162 invisibilem
1347 5109 1730 5172 substantiam,
1762 5107 1821 5160 id

128 5192 205 5236 ist
268 5183 454 5235 divini
496 5183 797 5248 potentiam
857 5182 1038 5244 Verbi,
1092 5195 1212 5233 vere
1259 5195 1450 5248 corpus
1485 5184 1535 5232 et
1597 5180 1821 5243 sanguis

130 5255 346 5306 Christi
371 5254 632 5305 existunt.
677 5251 750 5304 Ex
789 5250 877 5303 his
909 5250 1095 5302 verbis
1125 5250 1464 5319 intelligitur
1494 5249 1655 5301 facile
1687 5249 1820 5301 sub-

135 5325 404 5376 stantiam
461 5320 805 5374 invisibilem
868 5321 1232 5374 Eucharistia:
1282 5336 1403 5374 esse
1463 5335 1592 5372 vere
1636 5319 1820 5389 ipsum

133 5409 350 5464 corpus,
380 5391 611 5464 Christi3
637 5397 692 5464 et
719 5391 866 5464 hanc
895 5391 1269 5464 substantiam
1301 5390 1656 5464 spiritualem
1690 5406 1824 5464 esse

135 5461 454 5532 potentiam
486 5461 676 5528 Verbi,
725 5463 979 5532 adeoque
1010 5478 1137 5514 cum
1179 5463 1258 5515 ait
1310 5463 1652 5516 Ratramnus
1690 5461 1825 5532 Ver:

134 5531 272 5588 bum
307 5534 552 5587 existere
583 5533 640 5585 in
675 5531 1028 5586 sacramento
1059 5534 1272 5586 sentire
1303 5539 1361 5586 et
1417 5532 1738 5585 existimare
1770 5531 1824 5582 id

135 5606 260 5658 ﬁeri
303 5605 356 5658 vi
401 5604 632 5658 unionis
679 5609 736 5657 et
778 5603 1158 5675 colligationis
1187 5619 1315 5657 cum
1361 5619 1530 5657 carne
1576 5603 1830 5658 humana

1916 3067 2047 3120 dem
2082 3071 2459 3116 sacramento.

1989 3135 2186 3198 °Quod
2239 3140 2421 3186 sancte
2476 3134 2848 3201 accipiendum
2895 3139 2990 3187 est.
3043 3135 3106 3187 Et
3140 3134 3286 3187 infra
3344 3135 3604 3189 ibidem:

1919 3205 2074 3268 Quod
2103 3205 2454 3257 invisibiliter
2501 3206 2574 3256 sit
2603 3204 2993 3271 accipiendum,
3045 3204 3330 3271 Interpres
3360 3205 3606 3257 Gallicus

1919 3276 2086 3344 hujus
2112 3274 2241 3327 libri
2281 3273 2574 3327 Ratramni
2613 3273 2749 3326 anni
2789 3276 2937 3338 1672,
2973 3273 3217 3344 intendit
3265 3275 3457 3324 animo
3489 3275 3609 3344 hoc

1919 3343 2283 3415 participium
2313 3344 2681 3412 accipiendum
2711 3359 2822 3395 non
2859 3343 3195 3415 Asignilicare
3224 3343 3609 3415 recipiendum,

1917 3413 2014 3468 sed
2045 3413 2427 3469 assumendum
2454 3419 2509 3467 et
2552 3413 2980 3479 intelligendum.
3035 3413 3308 3482 Adeoque
3359 3413 3608 3467 traduxit

1919 3486 2127 3541 Gallice
2153 3485 2405 3538 deterius
2435 3485 2579 3553 quod
2616 3491 2797 3537 sancte
2826 3484 3197 3552 accipiendum
3229 3488 3278 3536 et
3311 3484 3605 3537 invisibili-

1919 3563 1998 3611 ter
2023 3562 2097 3611 sit
2124 3556 2517 3624 accipiendum.
2570 3555 2726 3619 Quod
2762 3559 2942 3608 sancte
2982 3555 3363 3608 assumendum
3403 3559 3452 3608 et
3496 3557 3607 3620 spi-

1917 3629 2194 3682 ritualiter
2256 3627 2679 3694 intelligendum.
2739 3626 2880 3690 Qa'il
2944 3628 3068 3690 [aut
3119 3625 3354 3693 prendre
3401 3627 3604 3677 seinte-

1918 3703 2077 3762 ment,
2106 3703 2155 3751 et
2185 3697 2319 3766 qu’il
2344 3699 2468 3760 [aut
2491 3696 2742 3749 entendre
2772 3697 3233 3763 spirilueltement,
3269 3695 3430 3766 quasi
3463 3695 3607 3763 quod

1917 3775 2100 3822 sancte
2136 3765 2570 3820 subaudiendum
2599 3771 2648 3818 et
2677 3768 3048 3833 spiritua.iter
3078 3765 3442 3830 coyztundum.
3498 3766 3603 3819 Sed

1918 3855 1986 3892 ex
2018 3839 2103 3892 his
2135 3839 2495 3890 abundanter
2522 3841 2674 3906 patet
2718 3838 2821 3889 hac
2851 3836 3136 3888 scribendi
3183 3836 3397 3906 ratione
3440 3851 3604 3888 usum

1919 3925 2040 3963 esse
2071 3909 2442 3977 interpretem
2476 3905 2748 3961 Gallicum
2780 3906 3015 3959 diversae
3047 3907 3222 3974 partis
3269 3905 3605 3974 scriptorem

1919 3986 1983 4034 ut
2012 3979 2305 4047 auspicato
2367 3983 2423 4030 et
2480 3993 2750 4047 prospere
2805 3977 3213 4046 suifragaretur
3275 3977 3454 4040 errori
3492 3992 3605 4045 quo

1920 4067 2052 4103 suos
2084 4049 2387 4103 fascinaret
2416 4054 2721 4100 sectatores
2747 4047 2989 4107 facilius,
3024 4047 3230 4115 quibus
3261 4047 3605 4115 persuadere

1919 4120 2103 4173 voluit
2132 4136 2275 4188 opus
2307 4135 2427 4171 esse
2458 4118 2766 4172 subaudire
2807 4124 2861 4170 et
2889 4116 3206 4186 intelligere
3237 4120 3418 4188 totum
3449 4119 3602 4188 quod

1921 4190 1979 4244 in
2013 4186 2361 4244 Eucharistia
2389 4191 2523 4242 solet
2557 4188 2738 4242 el‘tieri
2781 4205 2901 4241 esse
2942 4189 3251 4257 ﬁguratum
3299 4193 3357 4241 et
3395 4186 3602 4257 imagi-

1921 4277 2162 4326 nosum;
2203 4277 2333 4313 cum
2384 4265 2612 4313 econtra
2663 4261 3004 4314 Ratramnus
3043 4259 3272 4312 adnotet
3318 4263 3443 4328 post
3484 4275 3608 4311 san-

1919 4338 2073 4385 ctum
2108 4330 2386 4385 lsidorum
2429 4331 2816 4400 Hispalensem
2861 4334 3280 4382 sacramentum
3312 4345 3431 4381 rem
3487 4345 3606 4400 esse

1919 4419 2046 4472 quin
2074 4407 2282 4466 sancte,
2318 4403 2423 4454 hoc
2453 4399 2540 4453 est
2577 4402 2666 4469 pie
2697 4400 3084 4453 administrari
3116 4405 3170 4452 et
3202 4400 3417 4472 percipi
3441 4399 3607 4472 debet

1918 4469 2048 4526 cum
2080 4472 2448 4542 apparatione
2481 4478 2670 4524 sancta
2699 4488 2712 4524 :
2743 4472 2958 4540 quippe
2998 4487 3127 4524 cum
3158 4470 3310 4542 aliud
3342 4471 3414 4523 sit
3451 4469 3608 4542 quod

1920 4544 1978 4596 in
2009 4560 2075 4596 eo
2103 4539 2342 4611 apparet
2362 4547 2417 4593 et
2445 4542 2601 4594 aliud
2648 4539 2798 4610 quod
2838 4542 3096 4594 sensibus
3136 4541 3387 4607 subjecto
3433 4539 3606 4611 modo

1922 4610 2287 4684 percipimus.
2321 4611 2645 4684 Porroghazc
2699 4612 2890 4663 omnia
2948 4611 3487 4684 valdeucongrnupt‘
3539 4610 3607 4662 iis

1923 4679 2050 4754 qua:
2077 4679 2214 4737 dicit
2233 4681 2926 4754 sanct_us_Cb_rysostomus
2955 4680 3195 4754 humilia
3215 4686 3257 4754 _7
3291 4681 3348 4732 in
3392 4679 3612 4749 Episto-

1925 4751 2033 4808 Iam
2061 4755 2304 4821 primam
2335 4752 2404 4805 ad
2447 4751 2791 4814 Corinthios,
2824 4766 2956 4820 pag.
2999 4753 3102 4804 318
3133 4767 3144 4803 :
3203 4752 3608 4821 Sacramentum

1925 4820 2281 4893 appellamus,
2315 4824 2572 4891 quoniam
2600 4821 2756 4874 aliud
2773 4821 3060 4893 intuemur
3082 4823 3139 4874 in
3168 4836 3224 4874 eo
3259 4820 3609 4893 quamvide-

1924 4889 2061 4961 mus,
2098 4902 2146 4949 et
2172 4889 2357 4948 revera
2376 4909 2459 4948 res
2489 4894 2632 4946 alias
2661 4891 2946 4956 credimus,
2981 4907 3143 4958 quam
3172 4907 3307 4958 quas
3345 4889 3608 4942 videmus.

1927 4967 2220 5032 Ejusmodi
2248 4968 2385 5019 enim
2416 4969 2494 5018 est
2540 4970 2744 5017 natura
2788 4966 3249 5032 sacramentorum
3282 4966 3606 5032 nostrorum.

1926 5030 2126 5096 ’Ἄλλώς
2191 5033 2248 5088 δὲ
2302 5041 2586 5102 μυστήριον
2633 5032 2895 5098 καλεῖται,
2943 5036 3023 5082 ὅτι
3068 5030 3160 5081 οὐκ
3215 5030 3341 5102 άπερ
3395 5031 3607 5101 ὁρῶμεν,

1931 5105 2201 5178 βλέπομεν·
2433 5089 2577 5180 ἓέερα
2632 5107 2855 5178 ὁρῶμεν,
2921 5107 3008 5153 καὶ
3079 5102 3223 5174 ἕτερα
3283 5087 3608 5169 τέιστέύομεν.

1929 5174 2151 5235 Τοιαύὲή
2200 5176 2299 5250 te?
2328 5181 2413 5227 καὶ
2460 5174 2558 5229 τῶν
2605 5174 2905 5248 {incingitur
2964 5176 3108 5246 ἡμῶν
3175 5174 3348 5250 φύσῃ.
3405 5174 3614 5223 Auctor

1933 5248 2208 5301 versionis
2232 5242 2454 5302 Gallicae
2495 5242 2630 5301 anni
2665 5242 2818 5311 1672',
2853 5242 3100 5300 cum'sui
3127 5242 3338 5297 erroris
3380 5257 3468 5295 res
3501 5256 3616 5294 non

1932 5325 2200 5388 ageretur
2249 5335 2466 5388 suaque
2521 5335 2636 5370 non
2696 5317 2932 5371 ulterius
2980 5315 3253 5368 interesse
3301 5313 3611 5388 videretur,

1933 5383 2296 5460 participium
2327 5383 2707 5456 accipientium
2753 5389 2809 5441 in
2855 5388 3263 5460 recipientium,
3305 5383 3618 5460 transtulit,

1933 5455 2246 5513 continenti
2279 5455 2544 5511 sermone
2580 5475 2735 5512 num.
2769 5461 2838 5512 48
2873 5475 2886 5510 :
2932 5455 3115 5511 Virtus
3147 5456 3338 5510 divina
3366 5455 3617 5510 secretius

1933 5533 2160 5585 salutem
2189 5531 2566 5597 accipientium
2601 5530 2836 5596 ﬁdeliter
2860 5529 3158 5597 dispensat.
