4164 6182
551 370 648 424 147

557 508 613 557 et
676 498 907 570 sanguis
972 495 1199 551 Domini
1264 497 1568 563 propterea
1621 493 1883 559 mysteria
1947 490 2305 555 dicuntur,A

555 590 708 662 quod
739 591 1014 641 secretam
1055 588 1109 638 et
1140 581 1494 637 reconditam
1523 579 1770 634 habeant
1797 578 2237 648 dispoaitionem

554 679 612 733 id
644 681 748 740 est,
799 674 956 729 aliud
1006 674 1118 726 sint
1174 669 1326 740 quod
1376 669 1623 722 exterius
1675 668 1938 729 innuant,
1972 671 2028 721 et
2085 667 2238 720 aliud

555 766 704 838 quod
728 763 969 818 interius
998 758 1359 814 invisibiliter
1389 760 1702 826 operentur
1717 755 1743 809 ἳ

626 853 852 908 XLVIII.
889 850 1027 904 Hinc
1066 846 1237 900 etiam
1270 851 1324 898 et
1353 850 1691 899 sacramenta
1728 843 2072 908 vocitantur,
2109 843 2244 913 quia

555 943 886 1011 tegumento
910 935 1296 1006 corporalium
1326 949 1518 986 rerum
1550 932 1730 985 virtus
1757 932 1952 985 divina
1974 931 2244 985 secretius

556 1031 797 1084 salutem
822 1024 1220 1094 accipientium
1253 1020 1818 1090 tideliterdispensat.

627 1116 804 1173 XLIX.
842 1114 915 1167 Ex
946 1112 1033 1165 his
1088 1110 1354 1164 omnibus
1402 1125 1527 1180 quas
1581 1113 1715 1161 sunt
1777 1108 2051 1161 hactenus
2098 1107 2247 1161 dicta

558 1207 940 1258 monstratum
973 1205 1057 1254 est
1086 1199 1238 1270 quod
1278 1214 1487 1266 corpus
1517 1202 1575 1250 et
1594 1196 1825 1265 sanguis
1852 1196 2080 1260 Christi,
2117 1212 2246 1265 quae

558 1292 815 1346 ﬁdelium
848 1306 945 1343 ore
979 1289 1038 1342 in
1087 1287 1335 1340 Ecclesia
1384 1285 1801 1355 percipiuntur,
1858 1285 2057 1353 figurae
2115 1288 2250 1336 sunt

559 1380 871 1434 secundum
903 1377 1153 1448 speciem
1185 1375 1498 1439 visibilem;
1533 1379 1590 1426 at
1637 1388 1772 1426 vero
1812 1373 2122 1425 secundum
2155 1372 2246 1424 in-

558 1467 839 1521 visibilem
882 1463 1280 1530 substantiam,
1319 1462 1373 1516 id
1405 1466 1488 1515 est
1522 1461 1700 1514 divini
1731 1460 2047 1530 potentiam
2083 1459 2250 1512 Verbi

559 1573 690 1609 vere
732 1572 940 1624 corpus
996 1558 1053 1607 et
1117 1551 1354 1621 sanguis
1415 1549 1624 1604 Christi
1660 1549 1925 1602 existunt.
1980 1548 2137 1602 Unde
2170 1564 2251 1600 se-

561 1644 809 1699 cundum
845 1643 1127 1695 visibilem
1159 1643 1500 1702 creaturam,
1532 1652 1740 1706 corpus
1777 1641 2018 1706 pascunt
2050 1652 2062 1701 ;
2090 1637 2252 1706 juxta

563 1747 692 1786 vero
724 1729 1060 1802 potentioris
1089 1728 1354 1781 virtutem
1388 1726 1734 1790 substantiae,
1786 1724 2038 1778 tidelium
2091 1740 2250 1776 men-

1698 359 2053 415 RATRAMNI
2084 357 2340 414 (‘ORBEI
2353 357 2544 412 ENSIS
2586 355 2892 411 MONACHI

3944 354 4034 405 [58

2419 490 2527 543 LII.
2599 489 2735 543 Vide
2804 487 3117 541 secundum
3201 487 3353 558 quod
3414 487 3612 541 doctor
3665 487 3769 540 iste
3834 502 4038 556 corpus

2351 577 2556 632 Christi
2596 578 2746 631 dicat
2777 592 2899 630 esse
2942 591 3128 629 escam
3162 591 3331 646 quam
3395 575 3591 629 ﬁdeles
3647 575 3936 646 accipiunt
3981 575 4035 628 in

2353 666 2614 720 Ecclesia.
2648 666 2741 719 Ait
2773 680 3021 734 namque
3056 679 3068 717 :
3107 685 3134 711 ‹‹
3168 665 3274 717 Iste
3306 665 3468 733 panis
3495 665 3654 717 vivus
3676 665 3774 735 qui
3805 665 3874 717 de
3906 665 4038 718 ccelo

2351 754 2659 822 descendit,
2693 754 2822 807 vitae
2856 760 3082 808 aeterna)
3130 752 3500 806 substantiam
3563 753 3976 806 subministrat.
4012 775 4036 800 η

2355 845 2499 898 Num
2527 843 2837 896 secundum
2872 842 2978 893 hoc
3008 841 3159 911 quod
3194 840 3437 906 videtur,
3471 842 3624 911 quod
3671 841 4042 910 corporaliter

2354 933 2620 998 sumitur,
2654 931 2808 1001 quod
2841 933 3008 983 dente
3043 930 3342 996 premitur,
3381 930 3533 999 quod
3583 930 3743 983 fauce
3784 929 4043 1000 glutitur,

2354 1021 2506 1092 quod
2563 1019 2918 1089 receptaculo
2976 1019 3188 1072 ventris
3239 1019 3567 1089 suscipitur,
3634 1023 3866 1072 aeternze
3919 1018 4045 1072 vitae

2356 1108 2733 1162 substantiam
2785 1105 3210 1161 subministrat?
3245 1108 3353 1160 Isto
3403 1124 3653 1178 namque
3713 1108 3885 1161 modo
3928 1124 4042 1160 car-

2356 1215 2490 1252 nem
2548 1197 2728 1268 pascit
2767 1197 3123 1261 morituram,
3182 1212 3286 1249 nec
3342 1196 3596 1266 aliquam
3651 1197 4043 1250 subministrat

2357 1285 2878 1355 incorruptionem;
2915 1301 3097 1356 neque
3127 1284 3237 1338 dici
3281 1301 3411 1338 vere
3441 1289 3624 1353 potest
3654 1292 3715 1338 ut
3745 1287 4048 1353 quicunque

2357 1376 2496 1429 hunc
2542 1375 2970 1438 manducauerit,
3000 1389 3106 1426 non
3161 1376 3419 1426 morietur
3458 1375 3516 1426 in
3557 1378 3815 1427 azternum
3865 1373 4045 1439 (Joan.

2361 1481 2434 1530 γι,
2468 1464 2574 1529 52).
2609 1463 2672 1516 Et
2711 1462 2818 1515 hoc
2847 1462 2999 1514 enim
3033 1461 3184 1530 quod
3207 1461 3383 1514 sumit
3413 1478 3640 1531 corpus,
3681 1463 4049 1531 corruptibile

2361 1557 2445 1605 est
2477 1569 2490 1617 ;
2527 1567 2627 1604 nec
2660 1551 2767 1622 ipsi
2792 1550 3020 1618 corpori
3054 1554 3236 1620 potest
3269 1555 3536 1619 prmstare
3573 1566 3643 1603 ne
3676 1551 3960 1603 moriatur
3996 1552 4051 1604 in

2362 1647 2643 1695 aeternum
2677 1656 2688 1693 :
2723 1638 2994 1710 quoniam
3027 1638 3174 1708 quod
3203 1638 3557 1707 corruptioni
3589 1639 3861 1708 subjacet,
3897 1643 4050 1692 teter-

2360 1730 2598 1784 nitatem
2632 1733 2901 1798 praestare
2948 1743 3066 1780 non
3113 1727 3275 1780 valet.
3331 1727 3423 1780 Est
3467 1742 3603 1795 ergo
3653 1727 3713 1781 in
3767 1728 3867 1781 illo
3907 1744 4050 1798 pane

562 1826 648 1874 tes
683 1789 740 1874 et
765 1823 1006 1890 pascunt
1053 1823 1110 1872 et
1160 1814 1532 1870 sanctiﬁcant.
1587 1789 1754 1883 (Vide
1808 1830 2011 1868 numm.
2044 1815 2133 1882 44,
2162 1817 2248 1881 91,
2283 1789 2322 1842 Β
2367 1818 2501 1886 vita,
2533 1789 2660 1888 quae
2714 1832 2826 1869 non
2881 1815 3056 1868 oculis
3115 1820 3352 1884 apparet
3405 1789 3715 1886 corpbreis,
3767 1816 3863 1869 sed
3907 1789 4052 1870 .ﬁdei

562 1914 613 1963 et
639 1909 748 1969 66.)

637 1997 694 2051 L.
727 1997 851 2050 Jam
884 2011 1038 2048 nunc
1069 1993 1334 2046 secundas
1380 1989 1716 2062 qumstionis
1769 1990 2131 2060 propositum
2178 1997 2260 2045 est

565 2085 1007 2153 inspiciendum,
1067 2088 1124 2134 et
1170 2080 1480 2134 videndum
1550 2084 1746 2131 utrum
1799 2079 1986 2148 ipsum
2057 2096 2262 2150 corpus

568 2173 718 2243 quod
753 2172 823 2224 de
855 2170 1028 2224 Maria
1057 2176 1253 2223 natum
1287 2173 1389 2232 est,
1434 2171 1486 2220 et
1535 2183 1788 2236 passum,
1843 2172 1899 2220 et
1945 2173 2258 2235 mortuum,

568 2265 619 2314 et
649 2259 958 2328 sepultum,
991 2257 1259 2326 quodque
1297 2255 1367 2308 ad
1395 2254 1683 2308 dexteram
1727 2255 1908 2308 Patris
1950 2255 2260 2323 consideat,

568 2347 640 2400 sit
669 2346 823 2418 quod
851 2362 946 2400 ore
975 2345 1234 2399 fidelium
1268 2359 1372 2414 per
1401 2347 1891 2397 sacramentorum
1925 2345 2262 2415 mysterium

570 2437 630 2491 in
663 2436 906 2490 Ecclesia
945 2435 1199 2506 quotidie
1231 2433 1496 2486 sumitur.

645 2526 730 2578 LI.
765 2527 1176 2579 Percontemur
1205 2521 1342 2592 quid
1394 2537 1458 2574 ex
1490 2521 1599 2574 hoc
1645 2525 1872 2574 sanctus
1928 2523 2265 2578 Ambrosius

573 2614 782 2667 sentiat
814 2629 826 2666 :
863 2613 942 2666 ait
971 2627 1222 2682 namque
1252 2611 1309 2663 in
1333 2611 1515 2680 primo
1573 2609 2069 2664 Sacramentorum
2121 2613 2264 2668 libro

573 2702 696 2768 (lib.
731 2705 803 2756 De
832 2704 902 2755 iis
921 2703 1025 2770 qui
1058 2701 1339 2770 mysteriis
1368 2701 1682 2764 initiantur,
1710 2714 1832 2768 cap.
1869 2702 1922 2768 8)
1950 2717 1962 2753 :
1992 2721 2016 2750 (ι
2052 2701 2267 2756 Revera

576 2789 839 2844 mirabile
873 2793 958 2842 est
985 2789 1137 2859 quod
1189 2803 1400 2840 manna
1442 2787 1590 2840 Deus
1639 2787 1863 2856 plueret
1900 2789 2180 2858 patribus,
2213 2797 2268 2845 et

577 2878 910 2949 quotidiano
941 2877 1064 2930 caeli
1104 2875 1482 2947 pascebantur
1521 2875 1824 2942 alimento;
1865 2877 2017 2930 unde
2052 2879 2266 2933 dictum

578 2971 707 3020 est:
773 2969 969 3020 Panem
1051 2966 1364 3033 angelorum
1457 2963 1808 3019 manducavit
1875 2966 2027 3020 homo
2101 2968 2266 3037 (Psal.

577 3071 782 3119 Lxxvu,
814 3055 925 3122 25).
966 3053 1073 3108 Sed
1133 3060 1326 3107 tamen
1382 3069 1590 3123 panem
1651 3053 1814 3106 illum
1867 3054 1966 3124 qui
2021 3056 2268 3109 mandu—
2301 3084 2339 3136 ρ

579 3147 869 3208 caverunt,
905 3158 1104 3195 omnes
1133 3142 1190 3195 in
1220 3142 1441 3195 deserto
1475 3142 1687 3194 mortui
1719 3148 1870 3197 sunt.
1916 3144 2027 3197 Ista
2075 3149 2266 3198 autem

579 3247 704 3285 esca
736 3246 909 3301 quam
945 3229 1173 3300 accipis,
1206 3229 1310 3283 iste
1355 3229 1518 3299 panis
1554 3231 1708 3283 vivus
1731 3231 1829 3302 qui
1882 3232 2174 3286 descendit
2202 3233 2269 3287 de

580 3321 740 3384 caelo,
807 3319 935 3372 vitae
992 3324 1223 3372 aeterna:
1278 3317 1652 3371 substantiam
1715 3319 2144 3386 subministrat;
2217 3325 2273 3374 et

582 3407 912 3476 quicunque
971 3407 1124 3458 hunc
1177 3405 1602 3458 manducaverit
1671 3421 1781 3457 non
1872 3407 2151 3461 morietur
2213 3409 2270 3462 in

583 3499 890 3558 aeternum;
922 3501 946 3525 ⁸
967 3497 1022 3545 et
1058 3507 1262 3560 corpus
1293 3491 1500 3545 Christi
1532 3497 1632 3546 est.
1677 3514 1704 3540 ››

655 3697 676 3721 ο
710 3689 778 3740 Et
808 3699 1000 3753 corpus
1026 3685 1232 3741 Christi
1257 3686 1356 3739 est.
1392 3688 1454 3739 Et
1476 3689 1573 3754 qui
1603 3693 1682 3741 est
1721 3703 1913 3756 corpus
1959 3690 2184 3752 Christi,
2218 3688 2273 3743 id

588 3762 672 3810 est
701 3759 830 3825 quia
859 3762 936 3809 est
963 3771 1154 3824 corpus
1181 3757 1414 3823 Christi,
1445 3774 1512 3810 ex
1560 3763 1752 3811 sancto
1801 3759 2121 3814 Ambrosio.
2179 3761 2271 3815 Di-

590 3843 763 3880 versae
796 3827 972 3896 partis
1025 3827 1310 3896 interpres
1348 3843 1498 3881 anno
1554 3832 1690 3882 1672
1758 3829 1890 3883 huic
1937 3831 2188 3884 versioni
2221 3837 2277 3885 et

589 3897 953 3968 eXplicationi
984 3913 1101 3950 non
1131 3897 1349 3964 abnuit,
1381 3914 1509 3952 nam
1529 3904 1607 3952 est
1637 3915 1829 3968 corpus
1883 3903 2006 3954 Jesu
2050 3903 2272 3958 Christi.

658 3972 683 4011 Ι)
715 3971 896 4024 Nonne
933 3969 1112 4036 majus
1134 3974 1211 4022 est
1231 3985 1396 4022 novas
1435 3985 1519 4024 res
1552 3970 1684 4023 dare
1728 3986 1890 4038 quam
1937 3978 2146 4026 mutare
2175 3989 2273 4026 na-

589 4046 762 4094 turas.
793 4040 996 4112 Eccum
1027 4038 1258 4112 citatum
1290 4039 1465 4093 sancti
1498 4043 1804 4106 Ambrosii,
1847 4059 1960 4112 quo
2011 4059 2275 4112 expresse

590 4116 646 4163 et
673 4110 959 4179 conceptis
991 4109 1176 4162 verbis
1205 4110 1410 4163 format
1449 4113 1827 4166 mutationem
1852 4109 2186 4167 naturarum
2215 4113 2275 4167 in

593 4180 970 4253 Eucharistia.
1035 4181 1562 4253 verumenimvero,
1649 4198 1764 4236 non
1840 4189 2083 4253 possunt
2155 4201 2275 4237 esse

591 4251 871 4324 ejusmodi
906 4250 1130 4319 generis
1159 4256 1380 4324 natura}
1429 4251 1538 4305 nisi
1585 4253 1752 4322 panis
1782 4250 1859 4306 et'
1892 4254 2010 4307 viui
2059 4271 2186 4324 quae
2219 4257 2276 4308 in

592 4321 1142 4396 Christipoarnemet
1171 4322 1510 4396 sanguinem
1541 4321 1980 4396 transferuntur,
2031 4321 2275 4396 ideoque

2367 1911 2670 1960 contuetur
2700 1909 2926 1973 aspectu
2963 1919 2974 1957 :
3015 1902 3117 1973 qui
3170 1903 3339 1957 etiam
3393 1903 3557 1974 panis
3617 1905 3774 1957 vivus
3826 1905 3928 1974 qui
3960 1905 4052 1958 de-

2369 1993 2586 2047 scendit
2614 1993 2683 2046 de
2745 1993 2885 2045 coelo
2939 1991 3144 2054 existit,
3205 1995 3261 2044 et
3322 1991 3390 2044 de
3446 2007 3560 2062 quo
3617 2007 3746 2045 vere
3801 1992 4053 2047 dicitur:

2371 2083 2686 2150 Quicunque
2715 2081 2854 2134 hunc
2901 2079 3332 2142 manducauerit,
3366 2094 3470 2132 non
3523 2081 3783 2133 morietur
3811 2083 3870 2134 in
3900 2087 4058 2134 aeter-

2371 2187 2525 2235 num;
2561 2173 2616 2223 et
2647 2169 2745 2238 qui
2778 2173 2862 2222 est
2892 2184 3096 2239 corpus
3127 2167 3353 2222 Christi.
3383 2188 3430 2215 ν»

2446 2258 2586 2312 LIII.
2621 2259 2760 2310 Item
2799 2256 2858 2310 in
2909 2254 3386 2328 consequentibus
3435 2255 3614 2325 (ibid.,
3643 2271 3764 2325 cap.
3800 2257 3872 2322 9),
3930 2272 4061 2312 cum

2373 2347 2442 2401 de
2469 2345 2862 2415 omnipotente
2892 2344 3099 2397 virtute
3133 2343 3337 2398 Christi
3390 2343 3739 2412 loqueretur,
3804 2344 3879 2395 sit
3936 2343 4018 2397 ait
4050 2361 4062 2398 :

2379 2456 2406 2483 ι(
2431 2435 2630 2490 Sermo
2661 2449 2798 2503 ergo
2844 2431 3071 2498 Christi,
3135 2431 3232 2502 qui
3286 2431 3475 2502 potuit
3512 2446 3580 2485 ex
3635 2431 3816 2484 nihilo
3877 2431 4066 2484 facere

2374 2523 2528 2593 quod
2570 2538 2685 2575 non
2716 2527 2854 2587 erat,
2890 2537 3001 2574 non
3029 2523 3220 2590 potest
3246 2536 3313 2574 ea
3343 2536 3471 2590 qua:
3501 2525 3635 2573 sunt
3662 2519 3723 2572 in
3754 2519 4068 2584 id;mutare

2375 2611 2528 2682 quod
2559 2626 2676 2664 non
2707 2608 2905 2663 erant?
2938 2612 2962 2651 b
2992 2610 3188 2663 Nonne
3237 2608 3422 2678 majus
3453 2613 3537 2662 est
3571 2624 3745 2662 novas
3798 2624 3890 2662 res
3930 2609 4070 2663 dare

2376 2716 2550 2772 quam
2581 2703 2800 2752 mutare
2851 2697 3121 2751 naturas?
3157 2718 3182 2746 ι)
3210 2696 3333 2768 [al.,
3380 2713 3496 2751 non
3545 2696 3699 2751 enim
3752 2697 3947 2751 minus
3993 2703 4076 2752 est

2378 2803 2552 2842 novas
2583 2787 2750 2840 rebus
2795 2783 2978 2857 dare.]

2451 2877 2578 2930 LIV.
2643 2874 2788 2928 Dicit
2841 2880 3068 2927 sanctus
3119 2873 3465 2941 ZAmbrosius
3521 2874 3580 2927 in
3643 2873 3742 2928 illo
3793 2876 4074 2945 mysterio

2379 2963 2674 3033 sanguinis
2731 2968 2788 3017 et
2837 2963 3093 3032 corporis
3148 2963 3355 3017 Christi
3403 2964 3918 3017 commutationem
3948 2981 4078 3020 esse

2380 3055 2608 3117 factam,
2643 3057 2699 3106 et
2729 3052 3082 3118 mirabiliter,
3116 3052 3251 3122 quia
3301 3051 3514 3118 divine,
3568 3057 3624 3106 et
3680 3053 4077 3120 inetfabiliter,

2379 3143 2515 3212 quia
2542 3140 3145 3210 incomprehensibile.
3185 3141 3380 3194 Dicant
3411 3140 3510 3212 qui
3561 3140 3703 3194 nihil
3733 3140 3823 3194 hic
3863 3142 4076 3194 volunt

2381 3230 2693 3284 secundum
2726 3228 2966 3283 interius
3005 3229 3271 3282 latentem
3312 3228 3583 3283 virtutem
3641 3229 3921 3299 accipere,
3976 3230 4079 3283 sed

2380 3325 2561 3375 totum
2587 3319 2741 3390 quod
2773 3323 3012 3388 apparet
3051 3317 3351 3371 visibiliter
3397 3317 3702 3384 aestimare,
3755 3319 4082 3372 secundum

2381 3407 2515 3479 quid
2568 3407 2656 3460 his
2711 3406 2784 3459 sit
2842 3405 3216 3459 commutatio
3276 3405 3438 3459 facta.
3477 3416 3498 3441 °
3564 3407 3704 3460 Nam
3754 3408 4082 3461 secundum

2381 3501 2774 3550 creaturarum
2806 3493 3202 3562 substantiam,
3235 3493 3388 3564 quod
3429 3493 3662 3549 fuerunt
3708 3499 3838 3549 ante
3873 3511 4082 3549 conse-

2383 3703 2513 3740 nem
2540 3687 2598 3740 in
2629 3686 2866 3740 alteram
2915 3685 3227 3752 incurrere,
3259 3702 3324 3739 ac
3376 3685 3590 3755 species
3646 3686 3812 3756 panis
3868 3692 3930 3741 et
3960 3688 4085 3741 vini

2384 3763 2436 3812 et
2476 3759 2665 3828 ipsum
2697 3773 2900 3826 corpus
2936 3757 3139 3810 Christi
3168 3773 3279 3810 non
3307 3757 3514 3828 habere
3557 3758 3699 3828 duas
3748 3758 4086 3812 existentias

2385 3826 2664 3887 diversas:
2731 3828 3098 3898 incogitabile
3146 3832 3230 3880 est
3286 3827 3360 3898 in
3420 3845 3486 3881 ea
3546 3826 3720 3882 fuisse
3787 3831 4086 3883 sententia

2383 3916 2587 3970 corpus
2645 3897 2967 3952 scilicet’et
3019 3897 3394 3970 substantiam
3455 3898 3616 3967 panis
3663 3915 3901 3952 manere
3953 3908 4087 3969 post

2384 3969 2868 4024 consecrationem
2903 3985 2968 4021 eo
2997 3969 3170 4022 modo
3210 3985 3324 4040 quo
3353 3975 3516 4022 erant
3543 3975 3695 4023 ante.
3727 3970 3895 4023 Aliud
3942 3987 4086 4040 ergo

2385 4057 2450 4094 ex
2515 4056 2647 4093 voce
2710 4041 3028 4094 substantiae
3079 4039 3424 4111 intellexisse
3478 4057 3707 4094 necesse
3768 4045 3856 4094 est
3901 4039 4086 4111 quam

2385 4111 2538 4191 quod
2587 4111 2761 4191 vqlgo
2796 4111 2854 4191 in
2904 4111 3094 4191 schola
3146 4110 3459 4191 Aristotelis
3491 4110 4089 4191 philosophicagintel-

2385 4181 2599 4253 ligitur.
2633 4181 2858 4235 Scilicet
2880 4184 3008 4250 post
3052 4182 3537 4234 consecrationem
3569 4197 3775 4249 panem
3797 4189 3852 4234 et
3883 4186 4087 4236 vinum

2386 4269 2507 4306 esse
2539 4268 2627 4305 res
2658 4268 2787 4322 qum
2818 4267 2920 4322 per
2951 4268 3007 4304 se
3031 4253 3404 4305 subsisterent
3456 4253 3614 4306 nulla
3668 4253 3918 4306 admissa
3948 4270 4082 4307 mu-

2384 4323 2616 4377 tatione.
2653 4323 2761 4376 Hac
2793 4322 2998 4392 agendi
3026 4322 3244 4375 ratione
3291 4323 3513 4376 decrevi
3555 4323 3919 4377 substantiam
3963 4341 4086 4378 non

591 4392 651 4443 in
678 4391 933 4444 versione
960 4391 1174 4464 Gallica
1203 4379 1462 4464 additum
1494 4398 1594 4458 est,
1624 4395 1685 4447 id
1725 4403 1803 4448 est
1840 4379 2157 4450 substantia
2182 4379 2273 4449 i'e-
2302 4379 2346 4432 D
2386 4410 2490 4464 per
2520 4379 2894 4446 substantia‘m
2923 4393 3222 4464 explicare,
3250 4394 3349 4464 sed
3378 4393 3468 4447 his
3508 4395 3692 4446 verbis
3739 4400 3799 4448 ut
3851 4411 3940 4448 res
3965 4412 4089 4464 pra:

591 4478 732 4535 rum,
759 4478 899 4535 quas
926 4462 1250 4535 signiﬁcare
1278 4463 1458 4516 voluit
1489 4471 1717 4518 sanctus
1735 4466 2066 4519 Ambrosius
2095 4467 2279 4535 capite

592 4535 622 4585 9
648 4532 780 4586 libri
813 4535 881 4586 De
912 4533 982 4586 iis
1030 4536 1128 4602 qui
1173 4536 1446 4600 mysteriis
1480 4537 1804 4591 initiantur:
1856 4539 2041 4591 Nonne
2079 4532 2280 4592 valebit

594 4603 804 4678 Christi
831 4617 1020 4678 sermo,
1047 4608 1107 4657 ut
1153 4607 1356 4678 species
1410 4610 1577 4678 mutet
1619 4608 2281 4678 etemento-rum?[Quam-

593 4673 790 4727 obrem
857 4674 1666 4748 Rabanus,_archiepiscopus
1718 4673 2106 4747 Moguntinus,
2177 4680 2281 4733 Ra-

591 4748 817 4797 tramno
849 4745 1107 4819 mqualis,
1159 4744 1246 4798 his
1278 4746 1460 4800 verbis
1518 4744 1662 4801 nihil
1721 4744 2042 4818 signiﬁcare
2091 4752 2282 4819 potuit

592 4820 805 4884 praeter
832 4815 1174 4869 sententiam
1214 4832 1343 4884 quae
1383 4818 1655 4886 exprimit
1695 4815 1968 4886 castigate
2027 4815 2107 4873 et'
2131 4826 2279 4874 terse

591 4886 896 4959 reatitatem
927 4891 976 4940 et
993 4887 1674 4959 transsubstantiationem,
1703 4906 1829 4959 quae
1862 4889 2162 4944 incurrunt
2212 4892 2280 4944 li-

592 4956 696 5031 bro
727 4972 821 5031 vn,
851 4957 1065 5031 _capite
1128 4959 1208 5022 IO,
1270 4959 1339 5010 de
1377 4959 1573 5031 sacris
1627 4956 1931 5013 Ordinibus
1991 4978 2163 5031 quem
2203 4962 2280 5016 in-

593 5027 821 5101 scripsit
849 5028 1236 5081 Theotmaro:
1279 5030 1412 5098 Quis
1435 5045 1676 5098 unquam
1719 5031 1953 5086 crederet
1995 5027 2139 5101 quod
2181 5049 2280 5101 pa-

591 5100 678 5151 nis
697 5101 765 5171 in
790 5114 1000 5171 carnem
1025 5102 1200 5171 potuit
1230 5103 1484 5166 converti,
1517 5102 1599 5154 vel
1626 5103 1812 5155 vinum
1844 5105 1902 5154 in
1939 5100 2276 5171 sanguinem,

591 5170 703 5222 nisi
731 5171 849 5237 ipse
879 5170 1132 5224 Salvator
1162 5169 1380 5232 diceret,
1404 5174 1500 5236 qui
1522 5187 1718 5240 panem
1751 5178 1802 5226 et
1843 5169 2281 5228 vinum'creavit

591 5245 640 5293 et
666 5242 844 5293 omnia
890 5255 956 5292 ea:
985 5240 1159 5293 nihilo
1184 5239 1358 5312 fecit?
1396 5239 1639 5296 Facilius
1670 5247 1748 5297 est
1799 5244 2014 5312 aliquid
2055 5261 2122 5298 ea:
2171 5246 2279 5299 alio

590 5312 791 5377 facere,
822 5326 986 5378 quam
1015 5325 1082 5363 ea:
1109 5311 1287 5364 nihilo
1315 5326 1512 5365 creare.

664 5389 684 5412 ο
738 5383 879 5434 Nam
937 5381 1227 5436 secundum
1289 5387 1662 5436 creaturarum
1719 5384 2104 5451 substantiam,
2161 5392 2268 5440 etc.

594 5449 735 5503 Cum
767 5451 1039 5505 anteriori
1072 5467 1312 5505 numero
1362 5459 1560 5506 auctor
1591 5454 1905 5509 instituerit
1946 5449 2279 5510 auctoritate

593 5521 773 5573 sancti
799 5522 1084 5576 Ambrosii
1115 5522 1237 5576 ﬁeri
1267 5523 1328 5576 in
1357 5523 1708 5580 Eucharistia
1757 5531 2089 5580 naturarum
2123 5543 2278 5580 com-

593 5591 992 5657 mutationem,
1027 5609 1143 5646 non
1183 5600 1266 5647 est
1296 5595 1564 5648 credibile
1604 5597 1958 5650 contrarium
2017 5598 2074 5651 in
2108 5599 2279 5651 hocce

591 5675 833 5714 numero
865 5663 931 5716 54
969 5663 1213 5718 voluisse
1248 5664 1454 5719 dicere.
1493 5668 1557 5720 Et
1585 5683 1715 5720 cum
1743 5668 2000 5722 numeris
2027 5669 2277 5721 anterio-

591 5731 748 5784 ribus
777 5731 1036 5787 docuerit
1064 5735 1122 5788 in
1159 5735 1510 5791 Eucharistia
1540 5738 1619 5792 rei
1672 5738 1843 5792 unius
1882 5739 2277 5793 commutatio-

2385 4463 2660 4532 seferunt,
2705 4480 2834 4535 quae
2866 4463 3011 4517 nihil
3040 4464 3194 4517 aliud
3243 4463 3554 4534 indigitant
3605 4482 3702 4517 seu
3749 4463 4089 4535 signiﬁcant

2388 4551 2672 4605 expresse,
2707 4534 2817 4588 nisi
2847 4535 3149 4605 qualitates
3181 4535 3436 4588 sensibus
3467 4535 3761 4597 obnoxias,
3810 4534 3910 4590 Seu
3944 4538 4085 4591 sub-

2380 4607 2558 4676 jectas
2605 4611 2774 4659 antea
2806 4606 2972 4674 panis
3020 4611 3076 4658 et
3114 4605 3232 4658 vini
3274 4606 3500 4659 easdem
3542 4613 3666 4676 post
3703 4610 4087 4662 consecratio-

2386 4694 2518 4731 nem
2573 4693 2905 4748 rcmanere.
2941 4676 3374 4730 Calvinistarum
3425 4676 3672 4748 ministri
3728 4680 4084 4748 prmstantis-

2387 4749 2518 4801 simi
2565 4749 2819 4802 fatentur
2873 4747 3136 4810 libenter,
3195 4749 3386 4801 Patres
3442 4747 3740 4817 antiquos,
3771 4765 3908 4802 usos
3957 4766 4084 4803 esse

2385 4819 2556 4873 verbo
2583 4818 2915 4872 substantiae
2963 4819 3029 4871 ad
3077 4817 3477 4887 signiﬁcandas
3528 4835 3720 4872 rerum
3768 4819 4086 4889 qualitates

2389 4906 2489 4943 seu
2516 4890 2665 4960 quod
2701 4889 2870 4960 alicui
2901 4889 2984 4942 rei
3005 4889 3249 4960 maxime
3275 4889 3576 4958 proprium
3599 4895 3704 4957 est,
3738 4892 4084 4960 neutiquam

2387 4959 2952 5014 vero’substantiam
3010 4959 3302 5028 pr0priam
3363 4975 3549 5013 veram
3619 4963 3675 5013 et
3730 4959 4080 5016 naturalem.

2388 5032 2513 5085 Haec
2541 5031 2860 5100 intelligere
2882 5029 3042 5083 facile
3072 5037 3157 5082 est
3185 5047 3250 5083 ex
3283 5030 3650 5099 responsione
3698 5030 3766 5084 ad
3797 5031 4084 5100 {Ot'ﬁcium

2387 5102 2726 5155 sacramenti
2759 5101 2971 5166 altaris,
3011 5101 3237 5153 Parisiis
3267 5103 3416 5171 typis
3445 5103 3673 5170 vulgata
3722 5118 3876 5155 anno
3925 5107 4085 5169 I665,

2386 5189 2517 5241 pag.
2543 5173 2647 5225 264
2693 5176 2749 5224 et
2786 5172 2926 5235 432;
2975 5172 3133 5240 cujus
3183 5175 3649 5225 concinnatorem
3695 5172 3873 5226 fuisse
3918 5175 4092 5229 intel-

2385 5243 2621 5310 ligimus
2653 5259 2715 5296 ex
2767 5242 3140 5310 Ephemeride
3189 5243 3489 5297 doctorum
3543 5242 3602 5296 in
3649 5244 3906 5308 Batavia,
3945 5247 4090 5300 Mat-

2385 5315 2602 5388 thaaum
2623 5320 3049 5388 Larroquanum
3081 5313 3502 5388 Quevillapum,
3526 5314 4092 5388 ministrumisuper-

2386 5385 2588 5438 stionis
2618 5383 2963 5438 Calvinianze
3020 5383 3080 5437 in
3137 5400 3275 5454 agro
3329 5385 3798 5454 Rothomagensi.
3861 5383 4098 5441 Rei'era

2387 5457 2629 5525 legimus
2659 5471 2782 5524 cap.
2818 5455 2886 5507 46
2917 5454 3050 5508 libri
3084 5471 3142 5507 III
3175 5456 3244 5508 de
3277 5455 3399 5508 Vita
3434 5455 3812 5519 Constantini,
3847 5466 4098 5512 auctore

2387 5526 2625 5580 Eusebio
2658 5525 2989 5579 Caesariensi
3019 5525 3306 5594 episcopo,
3336 5526 3588 5579 animam
3615 5531 3826 5581 sanctae
3845 5530 4099 5584 Helena:

2385 5602 2827 5650 transmutatam
2859 5596 3050 5661 fuisse,
3095 5603 3397 5666 postquam
3428 5596 3655 5662 devixit,
3701 5597 3758 5650 in
3806 5601 4102 5654 substan-

2384 5668 2518 5741 tiam
2540 5667 2882 5741 hangelicam
2915 5683 2933 5741 :7
2961 5667 3402 5741 'Avearorxemujro
3431 5675 3553 5737 γοῦν
3583 5667 3712 5739 αὐτῇ
3764 5666 3955 5741 ψυχῇ,
4007 5670 4105 5724 ἐπὶ

2385 5737 2471 5790 τὸν
2520 5735 2798 5811 igua-ruptor,
2846 5740 2934 5787 καί
2977 5735 3250 5808 etcf/stium
3294 5735 3494 5790 οὐσιςὶν.
3545 5735 3990 5808 Αηὶἡιαῖᾷἰέω·
4031 5743 4107 5796 il-
