4164 6182
213 225 317 277 149

1361 229 1448 283 DE
1489 227 1817 285 CORPORE
1863 230 1951 285 ET
1990 228 2340 286 SANGUINE
2381 231 2648 287 DOillNI.

3647 243 3748 299 150

205 359 571 423 crationem,
618 361 726 414 hoc
750 365 804 414 et
833 363 1032 431 postea
1071 359 1405 414 consistunt.
1457 360 1622 415 Panis
1651 365 1706 414 et
1736 361 1929 416 vinum
1960 364 2004 414 Α
2047 365 2160 414 tem
2189 362 2324 433 quia
2352 362 2493 417 ﬁdes
2519 367 2706 417 totum
2752 364 3034 436 quidquid
3059 366 3198 422 illud
3233 371 3416 426 totum
3460 375 3563 440 est,
3596 375 3746 445 aspi-

209 447 385 515 prius
440 449 747 515 exstitere;
781 458 806 483 ³
858 449 915 502 in
970 465 1083 520 qua
1131 449 1303 502 etiam
1352 449 1539 520 specie
1575 449 1697 520 jam
1742 466 1936 502 conse-

204 543 379 590 crata
416 553 768 607 permanere
815 537 1103 590 videntur.
1165 539 1259 591 Est
1311 554 1446 607 ergo
1502 537 1742 590 interius
1784 554 1936 591 com-

204 631 520 679 mutatum
563 626 808 695 Spiritus
858 625 1035 678 sancti
1075 626 1297 695 potenti
1337 626 1562 690 virtute,
1613 625 1763 695 quod
1799 626 1937 679 tides

205 714 456 782 aspicit,
521 715 777 767 animam
832 717 1036 783 pascit,
1089 719 1318 766 (eterna:
1373 713 1504 767 vita:
1558 713 1933 767 substantiam

205 801 658 857 subministrat.

287 889 408 943 LV.
486 891 628 944 Item
697 891 756 944 in
837 889 1208 960 sequentibus
1269 889 1488 960 (Ibid):
1557 909 1584 941 (ι
1651 890 1795 954 Quid
1846 890 1937 945 hic

206 980 446 1048 quaeris
494 984 717 1033 natura:
789 979 1049 1032 ordinem
1111 978 1170 1031 in
1233 977 1440 1032 Christi
1487 994 1746 1048 corpore,
1805 995 1934 1033 cum

207 1073 447 1137 prater
503 1074 771 1121 naturam
821 1067 894 1121 sit
939 1067 1060 1138 ipse
1109 1067 1379 1120 Dominus
1436 1068 1596 1120 Jesus
1644 1075 1838 1138 partus
1870 1084 1933 1122 ex

209 1155 506 1224 Virgine?
541 1179 568 1203 ι»

295 1244 438 1298 LVI.
498 1244 596 1298 Hic
648 1244 770 1314 jam
825 1243 1009 1313 surgit
1059 1243 1307 1310 auditor,
1369 1245 1394 1286 ι)
1437 1247 1492 1297 et
1548 1243 1683 1297 dicit
1730 1260 1932 1314 corpus

211 1348 351 1385 esse
406 1331 616 1388 Christi
661 1332 816 1402 quod
849 1332 1128 1397 cernitur,
1181 1337 1238 1385 et
1265 1331 1606 1401 sanguinem
1656 1333 1752 1402 qui
1791 1332 1933 1386 bibi-

211 1425 349 1484 tur;
409 1435 516 1472 nec
558 1420 940 1490 quaerendum
991 1420 1281 1489 quomodo
1315 1420 1546 1483 factum,
1600 1421 1694 1473 sed
1732 1426 1930 1474 tenen-

213 1507 373 1562 dum
426 1509 581 1578 quod
616 1508 694 1561 sic
724 1507 936 1562 factum
987 1508 1077 1560 sit.
1143 1508 1289 1561 Bene
1322 1507 1556 1578 quidem
1597 1508 1806 1561 sentire
1848 1509 1928 1562 vi-

211 1596 405 1650 deris.
467 1596 575 1651 Sed
627 1596 675 1650 si
723 1597 840 1650 vim
883 1596 1185 1651 verborum
1231 1597 1540 1666 diligenter
1594 1597 1926 1667 inspexeris,

213 1694 235 1718 °
264 1701 487 1755 corpus
528 1685 760 1756 quidem
794 1685 1002 1739 Christi
1046 1685 1502 1756 sanguinemque
1533 1685 1778 1739 ﬁdeliter
1807 1702 1925 1740 cre-

213 1774 335 1828 dis.
371 1774 482 1830 Sed
513 1775 562 1828 si
602 1773 956 1844 perspiceres
986 1773 1121 1844 quia
1151 1774 1303 1844 quod
1335 1774 1514 1828 credis
1563 1774 1819 1828 nondum
1846 1776 1926 1828 vi-

214 1863 357 1928 des;
410 1879 544 1916 nam
590 1863 635 1916 si
686 1862 927 1928 videres,
977 1861 1225 1916 diceres:
1279 1862 1478 1916 Video:
1515 1879 1628 1916 non
1669 1863 1923 1916 diceres:

215 1951 414 2006 Credo
447 1967 655 2022 corpus
703 1951 1159 2022 sanguinemque
1200 1965 1321 2005 esse
1353 1951 1590 2005 Christi:
1624 1967 1776 2005 nunc
1824 1967 1923 2005 au-

220 2107 337 2159 (ius
358 2109 415 2159 in
444 2107 910 2175 incorruptibilem
935 2112 986 2161 et
1014 2109 1313 2176 angelicam
1341 2109 1708 2163 substantiam
1751 2112 1925 2176 refor-

219 2178 502 2230 mabatur.
540 2179 704 2248 Apud
751 2179 1186 2242 Tertullianum,
1239 2179 1382 2232 libro
1431 2180 1500 2233 de
1547 2181 1922 2250 Monogamia,

220 2264 360 2317 pag.
394 2251 518 2314 887,
554 2250 665 2302 litt.
703 2250 760 2302 Β.
799 2265 813 2302 :
845 2252 1135 2316 Resurgere
1172 2252 1227 2302 in
1267 2266 1429 2317 opera
1451 2253 1632 2304 carnis
1662 2251 1727 2303 de
1751 2254 1921 2305 conti-

218 2322 425 2372 nentiae
464 2322 595 2384 otio,
662 2324 741 2372 est
790 2321 1100 2373 substantia
1148 2322 1411 2373 laterum:
1470 2322 1536 2373 ad
1591 2321 1922 2389 signiﬁcan-

223 2390 360 2442 dam
396 2392 506 2442 vim
555 2396 612 2443 et
638 2391 812 2460 vigori
836 2407 890 2442 m
947 2391 1207 2443 laterum.
1267 2391 1433 2444 Libro
1470 2407 1506 2445 il
1537 2392 1605 2445 de
1637 2393 1803 2445 Cultu
1834 2393 1924 2446 fe-

223 2463 543 2521 minarum,
577 2477 706 2530 pag.
761 2461 886 2524 175,
941 2461 1046 2514 litt.
1102 2463 1158 2513 Β.
1208 2477 1221 2514 :
1273 2462 1536 2516 Debemus
1588 2463 1805 2531 quidem
1845 2466 1925 2517 ita

222 2536 411 2584 sancte
441 2538 489 2584 et
538 2537 652 2585 tota
693 2531 822 2598 ﬁdei
866 2533 1179 2586 substantia
1218 2533 1494 2597 incedere;
1553 2539 1608 2585 et
1659 2533 1803 2586 libro
1853 2534 1921 2587 de

227 2603 632 2655 Exhortatione
677 2603 964 2666 castitatis,
998 2618 1145 2671 pag._
1182 2605 1302 2666 670,
1347 2603 1452 2655 litt.
1489 2604 1568 2656 C:
1603 2605 1702 2657 Per
1748 2607 1922 2657 conti-

223 2677 470 2725 nentiam
523 2674 879 2739 negotiateris
923 2688 1176 2738 magnam
1218 2673 1580 2726 substantiam
1628 2677 1918 2728 castitatis.

221 2746 388 2812 Apud
417 2752 674 2796 sanctum
706 2745 1083 2812 Augustinum
1109 2745 1166 2796 in
1188 2746 1469 2812 psalmum
1491 2760 1675 2809 wau,
1708 2745 1816 2798 litt.
1847 2747 1918 2799 B:

219 2817 328 2868 Per
381 2816 728 2882 iniquitatem
761 2816 912 2867 homo
942 2815 1126 2882 lapsus
1171 2820 1248 2867 est
1275 2815 1586 2868 substantia
1616 2817 1672 2867 in
1699 2831 1806 2883 qua
1830 2820 1914 2881 fa-
1963 2855 1973 2862 .

221 2891 340 2938 ctus
359 2891 458 2938 est.
487 2885 644 2954 Apud
670 2892 925 2937 sanctum
953 2886 1180 2938 Petrum
1203 2884 1636 2954 Cbrysologum,
1660 2902 1920 2940 sermone

2047 451 2140 516 cit,
2173 457 2227 505 et
2259 453 2455 506 oculus
2477 453 2662 505 carnis
2695 453 2835 507 nihil
2869 455 3266 524 apprehendit,
3299 458 3554 529 intelligo
3579 460 3747 532 [quod

2047 556 2161 592 non
2215 539 2274 592 in
2325 539 2534 610 specie,
2597 540 2693 594 sed
2752 541 2810 594 in
2859 542 3065 596 virtute
3123 561 3331 615 corpus
3399 552 3453 601 et
3514 551 3747 619 sanguis

2047 627 2256 681 Christi
2278 628 2524 681 existant
2573 645 2702 699 quia
2740 636 3072 685 cernuntur.
3126 633 3278 687 Unde
3332 633 3468 687 dicit
3516 637 3739 708 (Ibid):

2049 716 2375 770 «Ordinem
2416 723 2637 770 natura;
2692 734 2804 771 non
2846 718 2937 772 hic
2984 719 3347 786 intuendum,
3396 723 3494 776 sed
3535 725 3743 780 Christi

2045 805 2359 875 potentiam
2378 807 2782 873 venerandam,
2811 823 2939 877 quae
2969 807 3242 879 quidquid
3276 811 3412 877 vult,
3455 813 3743 882 quomodo

2044 895 2182 959 vult,
2238 894 2621 965 quodcunque
2679 896 2800 948 vult
2837 899 2893 948 et
2935 901 3088 949 creat
3131 897 3282 966 quod
3327 913 3443 952 non
3498 905 3636 965 erat,
3686 906 3742 956 et

2043 987 2296 1036 creatum
2353 988 2642 1052 permutat
2684 983 2742 1036 in
2792 983 2846 1036 id
2895 984 3051 1053 quod
3109 989 3278 1038 antea
3321 1002 3432 1040 non
3485 987 3737 1043 fuerat.»

2043 1071 2348 1140 Subjungit
2395 1071 2548 1125 idem
2601 1077 2799 1125 auctor
2839 1072 3027 1141 (Ibid)
3059 1091 3074 1126 :
3101 1091 3127 1123 «
3161 1073 3302 1126 Vera
3342 1074 3540 1146 utique
3587 1092 3738 1144 caro,

2044 1175 2170 1228 quae
2220 1149 2489 1212 crucitixa
2550 1163 2654 1224 est,
2710 1175 2837 1229 qua:
2887 1160 3105 1230 sepulta
3158 1165 3279 1224 est;
3340 1162 3366 1202 ά
3418 1179 3547 1216 vere
3603 1180 3738 1234 ergo

2042 1246 2228 1300 carnis
2260 1247 2411 1300 illius
2471 1252 2889 1301 sacramentum
2940 1254 3054 1314 est;
3111 1247 3230 1318 ipse
3279 1251 3486 1304 clamat
3545 1252 3735 1306 Domi-

2043 1352 2148 1388 nus
2180 1337 2339 1388 .lesus
2371 1352 2384 1389 :
2414 1338 2520 1390 Hoc
2545 1341 2622 1390 est
2653 1351 2844 1405 corpus
2873 1352 3064 1390 mcum.
3100 1359 3119 1382 ι
3309 1347 3314 1352 ’

2115 1424 2267 1478 LVII.
2301 1423 2481 1488 Quam
2534 1424 2858 1493 diligenter,
2906 1441 3078 1495 quam
3125 1425 3438 1495 prudenter
3481 1428 3625 1482 facta
3655 1429 3736 1483 di-

2039 1511 2296 1565 stinctio!
2355 1513 2428 1565 De
2472 1528 2641 1564 carne
2694 1513 2920 1579 Christi,
2977 1531 3104 1584 quae
3146 1515 3412 1568 crucilixu
3463 1523 3567 1578 est,
3603 1533 3731 1587 qua,

2039 1599 2258 1669 sepulta
2290 1600 2478 1668 est,§id
2520 1604 2621 1665 est,
2663 1602 2977 1655 secundum
3025 1618 3196 1672 quam
3231 1603 3481 1657 Christus
3513 1611 3570 1658 et
3590 1604 3730 1674 lcru-

2039 1689 2238 1742 ciﬁxus
2272 1691 2358 1741 est
2387 1693 2442 1742 et
2473 1688 2749 1758 sepultus,
2784 1688 2888 1742 ait:
2943 1690 3084 1742 Vera
3115 1691 3309 1760 itaque
3339 1708 3470 1745 caro
3500 1693 3726 1747 Christi.

2037 1780 2107 1829 At
2135 1777 2203 1830 de
2242 1776 2338 1830 illa
2387 1792 2516 1846 qua:
2566 1777 2812 1830 sumitur
2843 1777 2900 1829 in
2939 1777 3324 1844 Sacramento,
3375 1779 3536 1833 dicit:
3590 1781 3729 1835 Vere

2036 1878 2174 1932 ergo
2222 1863 2406 1916 carnis
2452 1863 2607 1916 illius
2656 1871 3078 1917 sacramentum
3135 1870 3238 1932 est,
3295 1876 3316 1900 ο
3371 1867 3728 1936 distinguens

2035 1957 2456 2005 sacramentum
2496 1951 2680 2005 carnis
2725 1967 2758 2004 a
2799 1952 3034 2005 veritate
3090 1952 3307 2006 carnis:
3354 1960 3634 2024 quatenus
3666 1956 3726 2008 in

2033 2111 2132 2162 sed
2161 2109 2426 2180 adversus
2464 2123 2575 2180 eos
2614 2108 2714 2179 qui
2771 2109 3010 2180 credunt
3061 2124 3257 2162 verum
3312 2114 3368 2163 et
3426 2111 3724 2180 proprium

2034 2195 2240 2249 corpus
2268 2179 2475 2234 Christi
2505 2180 2564 2232 in
2621 2196 2686 2232 ea
2717 2179 2975 2234 sensibus
3021 2179 3246 2248 subjici,
3289 2179 3483 2251 ibique
3513 2179 3723 2234 contri-

2035 2256 2156 2303 tum
2187 2256 2243 2303 et
2287 2253 2529 2304 fractum
2579 2250 2750 2303 nullis
2798 2252 2934 2304 velis
2964 2255 3063 2305 aut
3104 2251 3306 2321 ﬁguris
3336 2250 3721 2320 reconditum,

2031 2323 2118 2374 ssd
2153 2321 2403 2390 propriis
2435 2321 2616 2373 oculis
2645 2321 2878 2390 percipi.

2101 2399 2122 2425 ε
2173 2393 2375 2459 Corpus
2443 2391 2660 2458 quidem
2717 2392 2920 2447 Christi
2988 2393 3409 2459 sanguinemque
3492 2393 3726 2459 ﬁdeliter

2031 2461 2224 2526 credis,
2249 2463 2304 2515 id
2339 2467 2443 2526 est,
2475 2463 2633 2514 omni
2661 2462 2832 2515 dubio
2864 2466 3215 2532 postposito;
3253 2464 3465 2532 quippe
3497 2479 3624 2516 cum
3657 2468 3721 2532 ﬁ-

2031 2533 2224 2585 deliter
2271 2533 2498 2596 credere,
2566 2534 2878 2585 secundum
2942 2533 3345 2602 theologorum
3403 2533 3622 2587 dicendi
3669 2540 3724 2587 et

2032 2602 2314 2656 scribendi
2341 2604 2623 2656 rationem
2655 2610 2916 2656 accurate
2947 2608 3002 2656 et
3033 2620 3135 2672 per
3160 2603 3358 2670 ﬁdem,
3396 2603 3537 2657 nihil
3567 2603 3720 2657 aliud

2032 2673 2312 2741 signiﬁcat
2340 2689 2511 2743 quam
2534 2675 2734 2742 procul
2761 2673 2933 2726 dubio
2959 2679 3013 2726 et
3030 2692 3097 2726 eo
3119 2674 3455 2743 postposito,
3505 2675 3602 2744 qui
3640 2680 3723 2727 est

2030 2744 2294 2797 credendi
2327 2745 2587 2797 omnium
2628 2744 2764 2797 ﬁdei
2795 2745 3166 2797 articulorum
3201 2745 3423 2798 modus.
3460 2775 3524 2783 —
3557 2747 3720 2798 Intel-

2031 2815 2136 2880 lige
2166 2815 2308 2882 quod
2338 2831 2441 2868 non
2472 2817 2528 2868 in
2549 2817 2734 2882 specie,
2762 2815 2853 2867 sed
2881 2818 2936 2866 in
2958 2817 3159 2868 virtute
3189 2831 3385 2883 corpus
3416 2820 3467 2868 et
3495 2818 3719 2880 sanguis

2030 2886 2233 2940 Christi
2259 2888 2500 2939 existant
2547 2901 2667 2952 qua
2708 2891 3019 2939 cernuntur.
3072 2886 3183 2938 Vox
3232 2887 3453 2954 species,
3499 2887 3546 2938 si
3577 2887 3718 2938 ratio

221 2958 315 3019 8|,
349 2957 409 3008 in
442 2951 572 3020 line,
606 2955 674 3008 de
716 2955 927 3009 Christi
966 2951 1384 3008 resurrectione
1432 2951 1552 3008 haec
1582 2960 1914 3010 occurrunt:
1951 2951 1990 3006 C
2029 2955 2306 3008 habeatur
2345 2956 2498 3010 modi
2528 2951 2751 3008 dicendi
2784 2961 2839 3009 et
2872 2955 3155 3009 scribendi
3194 2951 3510 3020 Hatramni,
3545 2956 3718 3009 dubio

220 3027 338 3082 Sed
373 3031 615 3079 mutatur
642 3027 848 3092 efﬁgies
880 3025 1009 3078 dum
1045 3028 1282 3092 efﬁcitur
1307 3041 1373 3080 ea:
1396 3028 1614 3081 mortali
1637 3029 1916 3080 immorta-

221 3099 294 3150 lis
333 3103 384 3150 et
431 3113 498 3150 ea:
536 3095 880 3163 corruptibili
923 3096 1392 3165 incorruptibitis;
1444 3103 1503 3150 ut
1543 3098 1635 3150 hoc
1679 3100 1752 3151 sit
1792 3113 1916 3150 mu-

223 3175 372 3223 tasse
399 3169 763 3221 substantiam
805 3183 911 3220 non
939 3173 1174 3221 mutasse
1200 3182 1485 3236 personam
1539 3167 1668 3220 Haec
1701 3171 1913 3233 omnia,

222 3255 291 3292 ex
347 3239 598 3308 antiquis
641 3237 902 3291 Patribus
948 3238 1240 3309 exscripta,
1268 3237 1514 3309 liquido
1567 3237 1918 3309 patefaciunt

222 3311 421 3364 Patres
452 3325 581 3362 usos
611 3324 732 3361 esse
767 3312 945 3361 instar
987 3308 1281 3362 Ratramni
1325 3324 1461 3360 voce
1501 3309 1818 3362 substantia:
1846 3308 1916 3361 ad

222 3379 634 3449 signiﬁcandas
693 3379 1000 3449 qualitates
1059 3396 1159 3433 seu
1216 3379 1593 3449 pr0prietates
1655 3379 1916 3432 sensibus

220 3452 545 3520 subjectas:
607 3449 1090 3521 quemadmodum
1158 3452 1378 3518 psalmo
1442 3464 1634 3503 vam:
1705 3451 1916 3521 Inﬂatus

219 3538 345 3575 sum
398 3524 457 3575 in
506 3520 640 3574 limo
673 3521 940 3589 profundi
990 3526 1040 3574 et
1069 3536 1172 3574 non
1211 3526 1287 3573 est
1316 3521 1654 3574 substantia:
1691 3524 1790 3570 Καὶ
1825 3520 1916 3570 οὐκ

217 3591 365 3643 ἐστιν
413 3594 726 3654 ὑποστάσις,
763 3599 820 3643 et
866 3593 1082 3660 psalmo
1132 3607 1346 3649 CXXXIX.
1404 3607 1548 3642 vers.
1588 3595 1678 3644 il:
1722 3593 1783 3645 In
1815 3593 1914 3644 mi-

217 3667 380 3718 seriis
444 3679 549 3716 non
614 3665 933 3715 subsistent:
1009 3665 1107 3712 Καὶ
1168 3660 1224 3712 ou’
1281 3666 1351 3732 μὴ
1410 3662 1725 3714 ὑποστῶσιν.
1790 3662 1917 3714 Haec

216 3735 376 3788 enim
412 3749 529 3786 non
576 3734 897 3802 signiﬁcant
941 3733 1270 3786 substantiae.
1322 3732 1656 3799 carenti-am,
1701 3732 1796 3785 sed
1829 3732 1912 3784 di-

217 3805 470 3858 scrimen
501 3803 836 3874 qualitatum
887 3809 944 3857 et
985 3803 1403 3872 proprietatum
1440 3803 1696 3855 sensibus
1727 3801 1914 3869 subje-

216 3882 484 3928 ctarum:
542 3874 610 3928 ad
669 3882 918 3927 mentem
976 3874 1290 3940 Batramni,
1349 3874 1483 3926 dum
1542 3874 1649 3925 ait:
1711 3875 1914 3939 Corpus

217 3948 432 4003 Christi
451 3947 751 4014 susceptam
785 3947 840 3997 in
889 3945 1242 3998 Eucharistia
1271 3949 1481 3997 aztcrnae
1509 3946 1635 3998 vitae
1663 3943 1913 4014 substan-

214 4020 356 4070 tiam
397 4013 796 4079 subministrat,
830 4015 887 4068 id
920 4021 1004 4067 est
1043 4016 1281 4085 gratiam
1315 4014 1486 4082 digne
1514 4013 1912 4085 inanducanti-A

211 4087 330 4141 bus
361 4103 587 4139 carnem
617 4093 672 4138 et
693 4085 1022 4139 bibentibus
1051 4083 1413 4154 sanguinem,
1447 4100 1652 4155 corpus
1689 4083 1914 4137 Domini

215 4158 690 4227 dijudicantibus.

292 4231 411 4282 ³1η
467 4245 575 4296 qua
631 4230 794 4280 etiam
847 4228 1019 4295 specie
1064 4241 1186 4294 μνη
1242 4230 1551 4278 consecrata
1601 4241 1914 4294 permanere

216 4299 494 4354 videntur.
544 4300 928 4351 Concuinator
973 4297 1198 4351 Gallicae
1255 4296 1526 4348 versionis
1581 4297 1700 4348 haec
1743 4296 1911 4349 verba
1939 4297 1980 4350 D

217 4377 683 4443 ττοεροεφρσω-τικώςΔ
711 4368 791 4420 sic
832 4369 1123 4443 explanat:
1162 4370 1230 4423 Et
1272 4367 1525 4420 videntur
1571 4372 1692 4443 post
1733 4381 1912 4443 conse-

221 4437 522 4494 crationem
597 4440 914 4494 substantiae
986 4442 1176 4493 creatae
1243 4453 1556 4506 permanere
1612 4441 1668 4490 in
1731 4437 1915 4491 eadem

217 4515 424 4580 specie.
465 4512 590 4564 llaec
619 4511 809 4570 verba,
850 4509 1166 4564 substantia
1208 4514 1399 4562 creatae
1427 4509 1486 4561 in
1537 4513 1689 4561 textu
1714 4507 1914 4580 Latino

221 4578 582 4652 autographo
615 4597 728 4634 non
775 4581 1093 4652 incurrunt.
1135 4580 1547 4652 Quodspectat
1575 4578 1844 4652 speciem,
1872 4579 1918 4631 si

222 4654 298 4707 ad
332 4648 582 4706 ruentem
635 4651 930 4706 Ratramni
980 4667 1080 4720 pro
1128 4648 1486 4720 apparitione
1522 4658 1621 4720 aut
1649 4648 1918 4720 similituf

221 4724 360 4778 dine
393 4730 650 4777 sumatur
681 4719 991 4792 (nusquam
1019 4719 1287 4791 veropro
1317 4721 1439 4791 ipsa
1478 4719 1643 4792 panis
1674 4725 1773 4773 aut
1801 4719 1918 4772 viui

223 4801 436 4848 natura
491 4795 575 4847 uti
608 4790 959 4847 ostendimus
1008 4793 1077 4846 ad
1119 4790 1424 4846 numerum
1460 4794 1564 4859 l2),
1595 4790 1916 4859 haecpara-

223 4865 473 4936 phrasis,
500 4863 730 4918 defendi
778 4868 988 4936 posset,
1041 4864 1138 4917 sed
1183 4861 1481 4917 dubitandi
1507 4862 1701 4936 _locus_
1726 4861 1920 4936 nullus

221 4931 575 5006 relinquitur
621 4931 796 4988 hune
822 4935 1193 5003 interpretem
1253 4933 1623 5006 vernaculum
1688 4931 1918 5006 intellef

226 5007 373 5061 xisse
398 5001 524 5076 'per
550 5006 798 5076 speciem
833 5001 1096 5058 naturam
1125 5010 1180 5057 et
1219 5004 1600 5076 substantiam
1632 5002 1814 5071 panis,
1848 5001 1918 5055 ad

224 5074 482 5132 mentem
541 5074 878 5139 Aristotelis,
927 5076 1182 5145 adeoque
1232 5074 1414 5127 versio
1445 5074 1652 5128 Gallica
1681 5089 1714 5126 a
1751 5089 1917 5126 sensu

224 5147 478 5203 auctoris
525 5147 713 5200 aliena
737 5145 995 5200 videatur
1025 5161 1252 5200 necesse
1283 5149 1385 5197 est.

298 5223 322 5262 ί)
356 5221 422 5274 Et
461 5219 596 5272 dicit
640 5232 830 5286 corpus
866 5232 976 5271 esse
1012 5217 1222 5272 Christi
1258 5215 1402 5284 quod
1431 5217 1672 5269 cernitur
1699 5216 1920 5282 sangui-

226 5309 344 5346 nem
371 5293 468 5358 qui
495 5292 715 5343 bibitur.
751 5290 907 5342 Hanc
936 5287 1394 5358 adversariorum
1416 5302 1646 5340 suorum
1680 5300 1919 5354 respon-

230 5354 448 5415 sionem
509 5376 656 5430 saepe
716 5359 976 5428 recoquit
1028 5371 1096 5406 ac
1155 5354 1372 5427 revellit
1427 5359 1800 5430 Batramnus:
1859 5359 1922 5408 ut

226 5433 408 5487 sciant
436 5447 494 5484 se
525 5428 819 5500 nunquam
854 5444 967 5500 non
997 5433 1231 5500 assequi
1270 5428 1612 5500 tuentisacie
1635 5431 1919 5500 punctum

266 5502 580 5566 uaestionis,
614 5491 756 5554 et.se
803 5499 957 5552 nulla
1000 5491 1428 5569 concéflﬁiione
1462 5491 1782 5569 digladiari,
1825 5501 1923 5549 aut

266 5520 580 5566 uaesuonls,
614 5520 671 5554 et.
698 5520 756 5553 SB
803 5520 957 5552 nuua
1000 5520 1204 5546 UU“"“‘
1223 5520 1428 5549 “'“UIIU
1462 5520 1782 5569 (llglilﬂlal'l,
1825 5520 1922 5549 aur

228 5520 576 5643 geproeliari,
627 5575 724 5643 aut
771 5584 972 5643 manus
1007 5566 1567 5643 cogfffffgcumiis
1597 5569 1694 5640 qui
1718 5583 1922 5643 corpus

233 5634 442 5700 Christi
483 5634 938 5696 in'Eucharistia
1000 5634 1344 5701 permanere
1389 5636 1494 5692 sibi
1537 5634 1919 5710 persuadent:

2030 3027 2225 3094 procul
2248 3026 2531 3095 signiﬁcat
2551 3028 2948 3092 apparitio-nem
2973 3026 3114 3078 visui
3139 3027 3472 3094 subjectum.
3501 3027 3558 3080 Id
3584 3042 3716 3078 vero

2026 3111 2144 3148 non
2177 3097 2287 3148 alia
2334 3097 2553 3163 indiget
2600 3095 2932 3162 probatione
2985 3112 3159 3164 quam
3209 3112 3274 3148 ex
3324 3097 3508 3148 verbis
3538 3097 3718 3149 sancti

2026 3165 2308 3219 Ambrosii
2360 3181 2489 3234 quae
2521 3165 2756 3233 profert,
2803 3165 3008 3233 quibus
3047 3165 3247 3217 asserit
3275 3165 3480 3216 virtute
3520 3181 3584 3217 ac
3612 3181 3716 3233 po-

2025 3241 2226 3289 testate
2279 3236 2408 3288 Jesu
2459 3234 2663 3289 Christi
2717 3249 2806 3286 res
2838 3234 3142 3303 productas
3197 3249 3316 3286 esse
3350 3234 3408 3287 in
3448 3234 3588 3286 alias
3627 3251 3716 3286 res

2025 3323 2151 3377 quae
2200 3310 2365 3358 erant
2401 3312 2570 3358 antea
2618 3310 3019 3357 commutatus:
3074 3307 3142 3359 Et
3180 3309 3418 3358 creatum
3440 3309 3715 3373 permutat

2024 3380 2082 3431 in
2110 3377 2172 3430 id
2195 3377 2338 3444 quod
2367 3382 2526 3429 antea
2555 3391 2659 3428 non
2679 3377 2880 3441 fuerat.

2092 3449 2118 3490 d
2168 3449 2312 3501 VERE
2355 3463 2478 3512 ergo
2528 3449 2708 3500 carnis
2757 3448 2902 3500 illius
2950 3449 3344 3499 sacramentum
3390 3449 3486 3499 est.
3533 3445 3713 3498 Inter-

2025 3535 2154 3589 pres
2184 3518 2544 3571 Calvinianus
2573 3517 2709 3570 anni
2744 3520 2897 3584 1672,
2941 3533 3007 3589 ex
3039 3517 3133 3589 his
3166 3516 3550 3589 oonjecturam
3582 3515 3715 3589 facit

2022 3586 2147 3642 loco
2179 3589 2346 3657 hujus
2381 3590 2532 3641 vocis
2577 3604 2716 3653 vere,
2749 3603 2878 3658 quae
2909 3586 3240 3640 adverbium
3267 3591 3386 3658 est,
3414 3587 3712 3655 legendam

2022 3676 2143 3713 esse
2174 3660 2507 3729 adjectivam
2537 3675 2692 3718 verm.
2727 3657 2941 3711 seilicet
2968 3674 3105 3712 vera:
3134 3659 3314 3711 carnis
3346 3657 3498 3729 illius
3526 3672 3712 3729 sacra-

2022 3728 2255 3784 mentum
2282 3734 2358 3782 est
2413 3730 2540 3782 Haec
2572 3729 2852 3781 restitutio
2886 3729 2944 3780 in
2980 3731 3082 3780 hac
3122 3744 3288 3781 causa
3321 3728 3461 3780 mihi
3491 3728 3714 3780 videtur

2022 3799 2337 3870 aequilibris
2361 3805 2416 3851 et
2447 3814 2794 3870 magnopere
2824 3798 3168 3870 indiii‘erens.
3203 3798 3308 3870 sed
3333 3815 3461 3850 cum
3494 3805 3711 3870 veteres

2022 3868 2243 3924 codices
2275 3868 2648 3936 manuscripti
2669 3868 2845 3921 sancti
2865 3869 3147 3922 Ambrosii
3169 3873 3222 3920 et
3251 3868 3542 3920 Ratramni
3566 3869 3710 3920 hanc

2022 3957 2214 3994 vocem
2264 3940 2602 4009 adjectivam
2664 3955 2779 3991 non
2832 3938 3098 4002 referant,
3148 3937 3440 4009 communi
3481 3939 3708 3990 lectioni

2022 4008 2479 4065 adhmrere’non
2529 4009 2872 4062 destitimus.
2907 4009 3145 4076 Insuper
3198 4023 3330 4060 eum
3364 4008 3708 4061 Ratramnus

2021 4099 2086 4156 ex
2122 4082 2293 4156 verba
2326 4083 2653 4135 sacramenti
2682 4085 2779 4133 aut
2795 4080 3056 4156 mysterii
3081 4078 3366 4156 intelligat
3386 4077 3536 4147 quod
3571 4093 3703 4156 con-

2022 4155 2164 4207 tinet
2196 4152 2445 4223 aliquam
2480 4167 2600 4204 rem
2650 4152 2925 4204 occultam
2961 4156 3016 4202 et
3065 4148 3415 4223 reconditam
3448 4148 3707 4223 sensibus

2021 4220 2309 4278 humanis“
2339 4223 2576 4275 minime
2625 4223 2959 4290 subjectum,
3003 4226 3062 4273 ut
3110 4220 3189 4273 ait
3233 4235 3474 4272 numero
3508 4221 3558 4285 9,
3594 4235 3705 4271 non

2022 4296 2238 4348 alienus
2277 4311 2310 4347 a
2362 4292 2685 4358 Paschasio,
2722 4290 3006 4361 conceptis
3055 4291 3240 4344 verbis
3268 4290 3496 4361 dicente
3517 4291 3708 4361 capite

2025 4369 2054 4421 3
2115 4365 2203 4418 sui
2253 4367 2526 4417 tractatus
2581 4362 2650 4416 de
2704 4359 2954 4431 Corpore
3011 4366 3067 4414 et
3124 4361 3413 4431 Sanguine
3470 4359 3702 4414 Christi:

2028 4437 2176 4491 Unde
2223 4437 2541 4504 mysterium
2589 4434 2672 4487 vel
2715 4437 3133 4504 sacramentum,
3185 4431 3510 4504 quodDeus
3559 4431 3708 4484 homo

2022 4509 2204 4574 factus
2235 4501 2330 4571 est,
2375 4506 2502 4573 jure
2542 4504 2773 4570 dicitur;
2804 4503 2897 4557 sed
2937 4504 3261 4574 mysterium
3295 4501 3498 4574 dictum
3535 4507 3613 4556 est
3652 4517 3708 4556 eo

2026 4571 2169 4646 Quod
2207 4571 2461 4630 secretam
2508 4580 2557 4628 et
2602 4574 2933 4646 reconditam
2978 4577 3035 4646 in
3078 4588 3132 4626 se
3170 4572 3364 4626 habeat
3395 4571 3706 4646 dispositio-

2024 4644 2162 4702 nem.
2201 4647 2384 4701 Nimio
2416 4661 2587 4716 opere
2625 4651 2845 4716 constat
2879 4645 2966 4698 his
2999 4644 3371 4698 Ratramnum
3393 4644 3490 4716 _vel
3514 4644 3710 4716 potius

2026 4723 2284 4771 sanctum
2308 4713 2670 4770 Ambrosium
2688 4715 2779 4768 hic
2801 4731 2867 4768 ex
2895 4731 3024 4767 voce
3043 4717 3369 4768 sacramenti
3391 4713 3709 4782 intelligere

2025 4790 2320 4843 carbasum
2345 4791 2400 4840 et
2421 4787 2662 4856 ﬁguram
2689 4802 2818 4856 quia
2835 4785 2988 4838 intus
3008 4786 3217 4838 occulit
3239 4800 3443 4856 corpus
3464 4784 3669 4838 Christi
3694 4803 3708 4850 ;

2025 4861 2140 4913 sive
2179 4874 2307 4912 vere
2337 4855 2526 4910 velum
2557 4855 2742 4909 carnis
2793 4872 2891 4909 seu
2937 4872 3084 4910 vera:
3133 4855 3336 4920 carnis,
3394 4862 3453 4906 ut
3486 4856 3561 4906 ait.
3605 4870 3710 4906 nu-

2027 4946 2186 4984 mero
2238 4928 2527 4998 sequenti:
2570 4929 2718 4981 Vera:
2764 4925 2914 4980 illius
2962 4929 3143 4980 carnis
3177 4929 3233 4979 in
3282 4941 3390 4994 qua
3422 4927 3708 4990 cniciﬁczis

2026 5007 2103 5055 est
2131 5001 2328 5054 diceret
2344 5014 2454 5052 esse
2481 5001 2895 5052 sacramentum.

2098 5081 2119 5105 ε
2158 5073 2502 5137 Distinguens
2544 5073 2939 5140 sacramentum
2983 5070 3166 5122 carnis
3217 5084 3248 5120 Α
3295 5077 3551 5116 γειιιτΑτε
3591 5076 3710 5140 care

2026 5144 2132 5196 nis.
2178 5141 2557 5204 Quaestionem
2589 5139 2861 5208 disceptat
2904 5140 3246 5193 Batramnus
3291 5150 3362 5209 an
3413 5147 3609 5209 revera
3639 5139 3713 5184 sit

2029 5229 2156 5266 caro
2188 5210 2394 5266 Christi
2441 5227 2569 5281 qum
2627 5204 2888 5264 sensibus
2942 5209 3273 5281 percipitur,
3324 5204 3607 5281 frangitur
3659 5209 3714 5281 et

2029 5284 2312 5337 frustatim
2355 5271 2645 5336 dividitur.
2700 5281 2861 5353 Quod
2905 5271 3114 5353 scilicet
3153 5275 3260 5328 sibi
3292 5271 3714 5353 persuadebant

2029 5353 2210 5408 uitatis
2239 5369 2356 5406 suae
2385 5353 2489 5405 viri
2514 5352 2795 5419 catholici,
2831 5349 3151 5422 postposito
3180 5349 3443 5422 examine
3476 5349 3712 5422 rationis

2029 5441 2127 5477 seu
2169 5423 2322 5478 modi
2354 5439 2469 5493 quo
2511 5439 2599 5476 res
2639 5417 2974 5493 mysterium
3014 5420 3072 5471 in
3115 5417 3465 5470 Eucharistia
3494 5420 3715 5493 poterat

2029 5495 2246 5549 eftieri:
2284 5487 2430 5547 sicut
2459 5511 2562 5547 nec
2591 5510 2662 5547 an
2696 5487 2893 5564 velum,
2915 5496 2971 5542 et
3009 5500 3378 5564 conopazum,
3402 5501 3498 5564 seu
3530 5487 3714 5564 ﬁgura

2030 5567 2243 5636 aliqua,
2274 5565 2332 5618 in
2357 5571 2712 5636 sacramento
2742 5560 3122 5628 contingeret,
3159 5555 3312 5628 quod
3346 5555 3517 5611 iidem
3552 5555 3712 5612 theo-

2031 5633 2146 5709 logi
2176 5636 2418 5690 ﬁrmiter
2447 5633 2858 5706 pernegabant.
