4148 6180
416 241 504 292 liii

1590 236 1816 290 IiA'I‘ItA
1829 234 1945 290 \INI
1985 233 2442 291 CORBEIENSIS
2494 229 2802 286 MONACHI

3818 234 3917 284 lii'l

415 371 653 424 veritate
706 369 893 424 carnis
945 383 1118 439 quam
1167 371 1491 437 sumpserat
1517 365 1585 420 de
1619 366 1869 435 Virgine,
1896 365 2180 419 diceretA
2220 368 2340 418 tum
2388 379 2594 433 corpus
2668 377 2791 415 esse
2848 360 3055 416 Christi
3124 360 3445 415 conﬁtetur.
3520 361 3625 417 Sed
3684 360 3920 416 attende

416 476 548 514 eum
596 464 653 511 et
699 456 1050 521 cruciﬁxum,
1103 459 1158 508 et
1201 456 1519 524 sepultum,
1568 455 1722 525 quod
1772 470 1902 507 vero
1954 470 2106 507 nunc

417 549 606 618 agitur
634 548 692 600 in
741 544 986 599 Ecclesia
1031 544 1392 614 mysterium,
1435 559 1581 596 verae
1625 543 1779 597 illius
1808 543 2013 607 carnis,
2047 543 2104 595 in

404 655 531 708 qua
586 637 888 688 cruciﬁxus
933 638 1038 700 est,
1093 633 1281 684 dicere
1327 649 1448 684 esse
1497 637 1952 685 sacramentum:
2007 649 2103 701 pa-

420 734 604 780 tenter
650 723 846 776 ﬁdeles
890 721 1216 784 instituens,
1267 722 1420 790 quod
1456 721 1554 773 illa
1597 737 1752 785 caro,
1793 721 2108 773 secundum

420 829 592 882 quan;
641 821 698 865 et
736 810 1036 865 cruciﬁxus
1079 814 1161 862 est
1207 809 1458 861 Christus
1486 814 1542 862 et
1573 809 1846 878 sepultus,
1894 825 2005 861 non
2041 808 2114 860 sit

425 901 780 972 mysterium,
811 898 905 950 sed
941 897 1146 949 veritas
1178 901 1424 960 naturae;
1461 897 1582 949 lucc
1614 913 1766 960 vero,
1801 913 1952 957 caro,
1986 913 2112 966 qua:

423 1006 576 1044 nunc
605 986 1044 1040 similitudinem
1076 985 1230 1037 illius
1250 985 1308 1036 in
1334 985 1603 1054 mysterio
1635 987 1904 1048 continet,
1945 994 1969 1018 ⁸
1998 1001 2115 1037 non

426 1079 497 1131 sit
525 1076 710 1146 specie
756 1090 908 1140 caro,
950 1073 1046 1126 scd
1080 1079 1462 1128 sacramento:
1494 1072 1544 1126 si
1576 1073 1808 1142 quidem
1839 1072 1898 1125 in
1928 1073 2115 1142 specie

427 1165 590 1235 panis
621 1167 726 1227 est,
770 1163 827 1214 in
858 1166 1217 1214 sacramento
1264 1177 1461 1214 verum
1514 1161 1718 1214 Christi
1755 1177 1984 1230 corpus,
2012 1162 2116 1213 sic-

429 1257 491 1304 ut
553 1252 671 1322 ipse
731 1252 938 1304 clamat
1003 1250 1278 1303 Dominus
1341 1248 1501 1304 Jesus
1549 1266 1561 1303 :
1633 1252 1740 1304 Hoc
1798 1255 1876 1303 est
1927 1264 2118 1318 corpus

428 1356 619 1393 meum.

502 1428 681 1481 LVIII.
745 1428 885 1480 Item
958 1427 1016 1481 in
1083 1427 1563 1497 consequentibus
1611 1426 1836 1497 (itii):
1903 1447 1924 1473 ι
1976 1425 2118 1488 Quid

431 1516 816 1580 comedamns,
850 1515 986 1585 quid
1025 1515 1310 1578 bibamus,
1345 1515 1481 1568 alibi
1513 1514 1614 1567 tibi
1649 1530 1750 1582 per
1780 1515 2122 1584 l’rophetam

432 1605 674 1674 Spiritus
706 1610 932 1656 sanctus
976 1603 1270 1673 expressit,
1319 1603 1539 1656 dicens:
1579 1604 1830 1670 Gustate,
1873 1608 1922 1656 et
1953 1603 2126 1655 videte

2214 451 2697 524 quemadmodum
2786 449 3110 520 subjungit:
3199 450 3320 502 Non
3391 465 3526 519 ergo
3599 450 3918 520 corporalis

2215 558 2361 604 esca,
2389 541 2486 593 sed
2528 539 2839 610 spiritualis
2883 545 2984 591 est.
3027 560 3045 584 ν
3083 539 3204 591 Non
3251 538 3428 607 igitur
3457 555 3689 592 sensum
3726 540 3919 593 carnis

2217 630 2507 695 adhibeas,
2543 629 2682 681 nihil
2717 628 2869 679 m.i:n
2910 627 3221 680 secundum
3252 644 3384 680 eum
3429 628 3520 680 hic
3559 628 3911 682 decernitur.

2217 732 2236 754 ε
2271 721 2359 772 Bst
2390 719 2624 788 quidem
2670 734 2875 786 corpus
2909 716 3153 782 Christi;
3187 717 3286 771 scd
3324 733 3437 769 non
3466 717 3784 787 corporale,
3818 719 3920 772 sed

2220 808 2550 878 spirituate:
2598 811 2682 859 est
2724 809 2956 874 sanguis
3011 805 3246 872 Christi;
3284 806 3380 858 sed
3420 822 3534 859 non
3581 807 3921 875 corporalis,

2221 897 2320 950 sed
2357 893 2686 965 spiritualis.
2737 893 2884 947 Nihil
2920 893 3090 962 igitur
3119 893 3211 946 hic
3235 893 3630 963 corporaliter,
3659 895 3756 947 sed
3795 895 3921 965 spi-

2222 985 2506 1038 ritualiter
2551 982 2943 1035 sentiendum:
2995 997 3203 1051 corpus
3249 982 3456 1037 Christi
3507 988 3610 1042 est.
3658 983 3753 1037 sed
3803 999 3923 1036 non

2223 1072 2628 1141 corporaliter:
2681 1077 2738 1125 et
2785 1072 3016 1141 sanguis
3049 1071 3255 1124 Christi
3305 1078 3409 1136 est,
3444 1072 3538 1124 sed
3570 1089 3686 1126 non
3715 1059 3924 1141 corpo-

2225 1162 2438 1215 raliter.

2300 1249 2424 1302 LXI.
2489 1249 2626 1300 Item
2680 1251 3093 1316 consequenter
3143 1246 3367 1313 (Ibid.):
3418 1266 3444 1296 ιι
3497 1247 3652 1301 Unde
3700 1252 3754 1301 et
3791 1265 3933 1318 apo-

2227 1339 2423 1404 stolus,
2481 1334 2686 1404 inquit,
2735 1335 2803 1387 de
2835 1339 2970 1404 typo
3015 1335 3140 1403 ejus
3175 1336 3282 1389 ait:
3326 1337 3466 1400 Quia
3517 1341 3702 1405 patres
3750 1341 3934 1391 nostri

2228 1440 2401 1479 escam
2434 1424 2776 1490 Spir-itautem
2824 1423 3307 1484 munducaverunt,
3341 1429 3390 1476 et
3421 1430 3606 1493 potum
3654 1429 3929 1492 Spiritui;-

2231 1514 2331 1567 tem
2377 1512 2622 1565 biberunt
2653 1513 2699 1577 (I
2736 1513 2854 1566 Cor.
2897 1527 2950 1572 Χ,
2985 1514 3035 1578 3,
3071 1511 3144 1580 4).
3189 1515 3404 1582 Corpus
3435 1513 3589 1567 enim
3625 1515 3723 1567 Dei
3755 1513 3931 1583 spiri-

2235 1601 2386 1654 tuale
2417 1607 2532 1665 est;
2579 1616 2786 1669 corpus
2816 1599 3043 1665 Christi,
3073 1616 3278 1670 corpus
3309 1607 3395 1655 est
3425 1601 3601 1655 divini
3641 1602 3929 1672 Spiritus:

433 1697 691 1761 quoniam
737 1696 920 1746 suavis
971 1699 1048 1745 est
1093 1695 1386 1745 Dominus:
1431 1691 1615 1744 beatus
1657 1693 1746 1743 vir
1802 1692 1898 1759 qui
1938 1695 2122 1758 sperat
2161 1661 2197 1714 Β
2236 1689 2370 1758 quia
2400 1688 2634 1758 spiritus
2682 1688 2957 1755 Christus,
3010 1694 3073 1742 ut
3125 1689 3364 1760 legimus
3396 1689 3454 1743 in
3484 1690 3758 1744 Threnis:
3800 1693 3930 1760 Spi-

433 1787 491 1834 in
523 1797 580 1834 eo
609 1783 773 1846 (Psat.
822 1797 1022 1840 xxxm.
1065 1784 1138 1844 9).
1180 1803 1200 1826 ιι
1247 1781 1390 1833 Num
1440 1781 1814 1850 corporaliter
1861 1784 2120 1849 gustatus

435 1871 530 1921 illc
561 1868 742 1937 panis,
776 1875 871 1920 aut
915 1868 1057 1921 illud
1108 1867 1299 1920 vinum
1346 1869 1614 1934 lubitum,
1665 1867 1910 1920 ostendit
1948 1882 2118 1936 quam

433 1959 506 2010 sit
535 1957 722 2009 suavis
758 1955 1031 2009 Dominus
1049 1958 1076 2008 ‘P
1113 1955 1591 2024 Quidqiiid'enim
1623 1955 1790 2025 sapit,
1825 1955 2123 2024 corporale

435 2050 519 2098 est
557 2050 611 2113 et
650 2045 837 2097 fauces
884 2045 1143 2097 delectat.
1191 2043 1460 2113 Nunquid
1512 2043 1821 2096 Dominum
1873 2048 2122 2113 gustare,

437 2111 773 2201 corporeum
805 2138 890 2183 est
918 2130 1134 2200 aliquid
1167 2111 1417 2184 sentire?
1454 2132 1659 2184 Invitat
1688 2147 1822 2200 ergo
1852 2111 2126 2201 spiritua-

441 2221 509 2274 lis
568 2220 718 2289 gusti
747 2217 987 2288 [gustus]
1033 2234 1297 2287 saporem
1345 2218 1609 2289 experiri.
1668 2225 1724 2272 et
1781 2219 1841 2271 in
1900 2219 1996 2272 illo
2041 2219 2125 2270 vel

441 2314 600 2378 potu,
635 2308 723 2360 vel
771 2324 938 2376 pane,
972 2307 1117 2360 nihil
1169 2308 1541 2377 corporaliter
1570 2307 1814 2376 opinari,
1845 2309 1998 2378 bsed
2043 2311 2126 2359 to-

442 2401 565 2450 tum
600 2394 976 2465 spiritualiter
1006 2393 1238 2458 sentire,
1281 2395 1554 2464 quoniam
1595 2395 1866 2448 Dominus
1898 2393 2132 2463 spiritus

443 2489 547 2549 est,
579 2490 635 2536 et
666 2483 850 2537 beatus
881 2470 966 2536 vir
982 2485 1078 2551 qui
1094 2489 1280 2553 sperat
1309 2486 1458 2536 ineo.

517 2571 643 2626 LIX.
695 2572 835 2624 Item
882 2576 1298 2640 consequenter
1342 2570 1530 2639 (Ibid.)
1583 2588 1594 2624 :
1649 2571 1773 2624 «In
1821 2571 1918 2625 illo
1949 2587 2131 2625 sacra-

449 2666 639 2714 mento
691 2659 944 2714 Christus
995 2664 1096 2724 est,
1159 2663 1292 2728 quia
1334 2675 1540 2728 corpus
1589 2659 1792 2715 Christi
1839 2665 1962 2714 est:
2019 2676 2133 2714 non

447 2764 584 2817 ergo
656 2747 965 2817 corporalis
1026 2763 1172 2808 esca,
1231 2747 1326 2800 sed
1374 2747 1688 2816 spiritualis
1734 2754 1835 2800 est.
1905 2770 1930 2795 ν
1991 2750 2134 2812 Quid

451 2835 743 2906 apertius?
763 2835 896 2904 quid
924 2834 1277 2888 manifestius
1299 2835 1326 2888 *ἰ
1353 2836 1486 2905 quid
1512 2835 1803 2889 divinius?
1828 2837 1921 2889 Ait
1945 2837 2095 2890 enim
2120 2854 2132 2890 :

453 2944 479 2973 (ι
522 2926 585 2978 In
620 2924 718 2976 illo
759 2930 1115 2976 sacramento
1157 2923 1413 2978 Christus
1452 2929 1554 2977 est.
1599 2943 1626 2974 ι)
1668 2925 1788 2978 Νοη
1829 2926 1981 2978 enim
2022 2925 2128 2978 ait:
2168 2955 2208 3009 Ω

451 3013 547 3066 llle
574 3012 756 3082 panis,
793 3018 849 3064 et
877 3012 1017 3065 illud
1068 3011 1282 3076 vinum,
1319 3012 1573 3066 Christus
1621 3019 1723 3066 est.
1775 3012 1933 3076 Quod
1965 3014 2009 3066 si
2053 3013 2136 3068 di-

451 3105 624 3164 ceret,
660 3099 944 3152 Christum
995 3099 1426 3168 corruptibilem
1459 3099 1635 3169 (quod
1676 3100 1842 3171 absit)
1895 3105 1951 3154 et
1995 3117 2141 3154 mor-

453 3187 656 3242 talitati
702 3186 1021 3255 subjectum
1050 3186 1419 3256 praedicaret:
1455 3187 1732 3258 quidquid
1764 3190 1915 3242 enim
1956 3190 2015 3242 in
2046 3191 2140 3243 illa

453 3291 576 3330 esca
616 3276 698 3328 vel
742 3274 995 3328 cernitur
1040 3276 1126 3328 vel
1164 3281 1424 3345 gustatur
1470 3277 1864 3347 corporaliter,
1907 3295 2138 3349 CUITUp-

454 3363 705 3418 tibilitati
735 3369 954 3417 constat
982 3363 1291 3416 obnoxium
1319 3380 1459 3418 esse.

527 3453 630 3507 LX.
665 3452 871 3506 Addit:
903 3451 1102 3514 «Quia
1147 3467 1350 3520 corpus
1399 3452 1609 3506 Christi
1658 3457 1761 3506 est.
1817 3476 1843 3502 »
1892 3454 2145 3524 Insurgis

457 3546 514 3594 et
545 3539 718 3594 dicis:
769 3539 906 3592 Ecce
957 3539 1253 3592 manifeste
1295 3539 1454 3592 illum
1506 3556 1713 3609 panem
1750 3545 1806 3594 et
1846 3540 2008 3594 illum
2040 3559 2142 3612 po-

528 3708 552 3733 α
585 3699 701 3754 Νοη
739 3699 812 3751 sit
858 3699 1045 3769 specie,
1079 3712 1222 3769 caro
1251 3696 1346 3769 sed
1391 3703 1742 3752 sacramento.
1793 3699 1867 3753 Ex
1923 3699 2148 3769 integro

458 3772 702 3823 tractatu
755 3766 1050 3821 Batramni
1093 3767 1464 3837 intelligimus
1519 3786 1620 3838 per
1667 3769 1914 3838 speciem
1954 3766 2148 3824 neuti-

460 3855 633 3910 quam
665 3838 982 3909 signiﬁcarc
1009 3839 1151 3910 velle
1187 3844 1398 3893 natura
1425 3844 1724 3904 veritatem,
1754 3857 1851 3894 seu
1883 3847 2148 3895 naturam

461 3909 668 3982 ipsam,
702 3925 875 3982 quam
915 3909 1163 3979 speciem
1212 3915 1416 3964 vocant
1455 3911 1803 3980 philosophi,
1843 3927 1906 3965 ex
1939 3928 2148 3982 genere

463 3986 518 4035 et
547 3980 878 4052 diti'erentia
917 3985 1395 4050 coagmentatam,
1447 3981 1540 4034 sed
1591 3980 2152 4052 solummodo'appa-

462 4053 730 4106 ritionem
770 4056 826 4104 et.
865 4051 1176 4121 imaginem
1225 4067 1548 4121 expressam
1599 4052 1857 4105 sensibus
1886 4051 2151 4107 humanis

463 4121 813 4194 subjectam;
848 4120 962 4174 sive
996 4120 1310 4174 accidentia
1357 4122 1618 4174 sensibus
1660 4129 1910 4193 accepta,
1946 4130 2008 4178 ut
2029 4125 2148 4194 jam

461 4192 822 4245 observatum
852 4195 935 4244 est
964 4206 1204 4244 numero
1240 4194 1322 4245 t2.

534 4260 685 4334 ὕδεο
704 4266 895 4334 totum
931 4262 1302 4334 spiritualiter
1341 4263 1557 4334 sentire.
1585 4262 1815 4334 Scilicet
1863 4264 2013 4334 quod
2048 4281 2149 4317 no-
2176 4249 2219 4302 υ

463 4332 550 4386 bis
588 4331 648 4403 in
703 4331 1070 4385 Eucharistite
1121 4332 1389 4401 mysterio
1438 4333 1774 4403 porrigitur.
1824 4331 1954 4389 Haec
1998 4336 2152 4389 enim

466 4419 582 4455 non
608 4402 932 4474 signiﬁcant
961 4403 1146 4456 solum
1187 4419 1307 4456 esse
1351 4404 1597 4472 ﬁguram
1617 4402 1685 4456 et
1715 4404 1980 4474 spiritum
2005 4407 2062 4459 in
2085 4407 2154 4459 iis

465 4489 594 4542 qua:
627 4473 957 4542 recipimus,
1006 4474 1121 4528 sive
1185 4490 1422 4543 corpore
1478 4474 1702 4539 Christi,
1746 4473 1865 4530 ised
1921 4483 2155 4531 econtra

464 4559 662 4618 verum
691 4543 902 4598 Christi
937 4545 1162 4618 Domini
1192 4561 1398 4618 corpus
1428 4545 1600 4618 nobis,
1621 4546 1836 4618 porrigi
1866 4551 1916 4601 et
1952 4547 2151 4601 admo-

464 4614 582 4688 veri
612 4630 739 4688 cum
773 4631 875 4688 suo
908 4615 1406 4688 sanguine,_modo
1438 4614 1696 4670 sensibus
1725 4614 1841 4671 non
1874 4618 2152 4688 subjecto,

465 4685 560 4758 sed
592 4684 892 4758 spirituali.
941 4684 1093 4740 Mens
1142 4686 1296 4758 enim
1328 4687 1624 4740 Batramni
1652 4705 1763 4740 non
1795 4694 1880 4741 est
1910 4684 2154 4758 probare

466 4755 648 4828 solam
687 4771 806 4807 esse
851 4756 1096 4828 ﬁguram
1143 4757 1200 4810 in
1244 4765 1617 4825 sacramento,
1669 4758 1763 4812 sed
1816 4755 2066 4828 aliquam
2099 4765 2156 4812 et.

465 4825 838 4898 aliquantam.
887 4827 1067 4891 Quam
1104 4829 1440 4882 sententiam
1477 4831 1769 4898 amplexus
1809 4835 1893 4882 est
1914 4825 2156 4884 I’ascha—

465 4897 601 4969 sius,
661 4913 832 4969 quem
894 4913 1062 4969 nemo
1125 4899 1384 4969 eruditus
1431 4897 1719 4954 inﬁciatur
1763 4900 1905 4969 quin
1953 4917 2152 4954 verum

466 4967 675 5022 Christi
711 4983 918 5038 corpus
947 4968 1006 5021 in
1055 4968 1404 5022 Eucharistia
1434 4967 1796 5023 reconditum
1829 4972 2001 5024 latere
2031 4988 2150 5024 cre-

465 5039 672 5093 diderit
700 5054 827 5092 cum
860 5038 1126 5110 universa
1162 5041 1421 5105 Ecclesia,
1457 5046 1516 5093 ut
1556 5057 1729 5110 supra
1759 5043 2110 5095 ostendimus
2137 5059 2147 5095 :

465 5109 680 5180 quippe
720 5125 850 5164 cum
895 5109 1095 5163 eadem
1143 5111 1368 5164 dicendi
1407 5111 1589 5164 forma
1623 5109 1703 5165 uti
1746 5127 1860 5165 non
1891 5113 2151 5166 abnuerit

465 5180 524 5234 in
569 5181 807 5250 epistola
854 5181 922 5233 ad
977 5180 1402 5252 r‘rudgardiim:
1433 5181 1511 5234 Et
1541 5186 1708 5236 totum
1749 5185 2036 5252 spirituate
2075 5187 2154 5237 est

466 5252 611 5321 quod
638 5252 937 5305 celebratur
957 5253 1012 5305 in
1038 5251 1132 5305 hoc
1160 5257 1513 5305 sacramento.

537 5331 556 5356 °
585 5325 789 5392 Corpus
835 5323 1049 5376 Christi
1089 5326 1183 5385 est,
1234 5322 1328 5376 sed
1358 5338 1464 5375 non
1505 5323 1891 5391 corporaliter;
1938 5327 1988 5378 et
2023 5338 2152 5379 san-

464 5395 586 5459 guis
619 5394 826 5448 Christi
854 5399 952 5456 est,
992 5393 1086 5447 sed
1120 5409 1226 5447 non
1269 5392 1644 5461 corporaliter.
1693 5393 1752 5446 Id
1787 5398 1871 5447 est
1895 5394 2152 5448 sensibus

464 5462 803 5532 subjectum,
846 5465 1018 5534 quod,
1051 5464 1332 5518 frustatim
1384 5469 1572 5532 potest
1608 5463 1851 5534 discerpi
1881 5469 1936 5518 et
1966 5465 2152 5520 denti-

465 5535 571 5586 bus
592 5535 777 5587 atteri.
829 5536 1278 5605 Explicationem
1325 5534 1626 5604 adjicimus
1660 5535 1943 5605 ejusmodi
1988 5537 2149 5590 valde

2227 1780 2368 1831 ritus
2422 1780 2546 1829 ante
2583 1776 2783 1842 faciem
2824 1780 3064 1830 nostram
3107 1778 3354 1832 Christus
3392 1781 3651 1833 Dominus
3703 1781 3926 1848 (Thren.

2231 1882 2307 1933 ιν,
2327 1866 2435 1932 20).
2460 1885 2487 1914 »

2306 1955 2458 2008 LXII.
2506 1952 2970 2006 Luculentissime
3009 1952 3308 2024 sanguinis
3339 1960 3396 2008 et
3423 1955 3676 2024 corporis
3720 1955 3936 2010 Christi

2233 2042 2565 2112 mysterium
2608 2041 3095 2110 quemadmodum
3141 2041 3452 2096 debeamus
3481 2044 3803 2114 intelligere
3835 2045 3936 2098 do—

2235 2130 2369 2183 cuit.
2419 2130 2558 2183 Cum
2599 2129 2752 2182 enim
2803 2129 3036 2183 dixiSset
3084 2133 3273 2199 patres
3319 2136 3543 2184 nostros
3583 2147 3766 2186 escam
3819 2135 3936 2203 spi-

2239 2219 2500 2272 ritualem
2530 2219 2922 2284 manducasse,
2957 2224 3012 2271 et
3051 2223 3253 2287 potum
3287 2219 3643 2289 spiritualem
3678 2221 3932 2287 bibisse;

2237 2322 2367 2359 cum
2399 2312 2592 2360 tamen
2616 2322 2825 2359 manna
2848 2307 2988 2360 illud
3020 2307 3178 2377 quod
3210 2308 3602 2378 comederunt,
3634 2314 3689 2362 et
3722 2327 3937 2379 aquam

2240 2411 2412 2465 quam
2457 2393 2746 2462 biberunt,
2793 2411 3069 2464 corporea
3120 2395 3294 2449 fuisse
3340 2413 3508 2450 nemo
3553 2398 3652 2468 qui
3685 2399 3935 2464 dubitet,

2242 2483 2501 2552 adjungit
2521 2482 2589 2536 de
2639 2483 2907 2552 mysterio
2951 2484 3103 2554 quod
3152 2483 3212 2536 in
3257 2485 3496 2538 Ecclesia
3539 2502 3691 2539 nunc
3719 2487 3936 2556 agitur,

2242 2571 2520 2626 deﬁniens
2567 2571 2878 2624 secundum
2929 2572 3063 2643 quid
3107 2589 3313 2643 corpus
3365 2573 3436 2626 sit
3465 2573 3701 2629 Christi:
3739 2597 3768 2625 ‹‹
3799 2576 3936 2630 Cor-

2244 2674 2350 2728 pus
2379 2658 2527 2711 enim
2557 2658 2674 2723 Dei,
2706 2659 2998 2728 inquiens,
3022 2677 3226 2730 corpus
3256 2665 3342 2714 est
3370 2662 3684 2732 spirituale.
3721 2684 3747 2714 ››
3789 2665 3940 2718 Deus

2244 2747 2440 2815 utique
2487 2747 2777 2800 Christus:
2832 2753 2887 2801 et
2933 2765 3136 2818 corpus
3167 2751 3320 2819 quod
3364 2753 3611 2820 sumpsit
3657 2753 3726 2806 de
3764 2754 3941 2808 Maria

2247 2834 2495 2902 Virgine,
2532 2835 2684 2904 quod
2717 2852 2965 2906 passum,
3007 2837 3161 2907 quod
3201 2839 3488 2907 sepultum
3521 2845 3619 2900 est,
3669 2842 3823 2910 quod
3860 2859 3945 2895 re-

2245 2923 2509 2988 surrexit,
2551 2939 2752 2994 corpus
2785 2924 2980 2995 utique
3026 2915 3221 2979 verum
3252 2927 3380 2993 fuit,
3417 2927 3474 2981 id
3504 2934 3588 2981 est
3617 2930 3769 2998 quod
3805 2930 3938 2983 visi-

2245 3011 2358 3065 bile
2408 3016 2576 3082 atque
2623 3013 2904 3082 palpabile
2943 3013 3222 3068 manebat.
3274 3018 3345 3068 At
3376 3033 3506 3070 vero
3547 3033 3754 3086 corpus
3783 3019 3942 3089 quod

2248 3100 2581 3169 mysterium
2624 3100 2724 3154 Dei
2766 3101 2992 3166 dicitur,
3026 3119 3140 3156 non
3177 3108 3259 3156 est
3287 3105 3602 3174 corporale,
3633 3106 3728 3158 sed
3765 3108 3944 3176 spiri-

2248 3189 2438 3242 tualc:
2481 3189 2634 3259 quod
2684 3189 2730 3242 si
2777 3190 3092 3260 spirituale,
3141 3191 3257 3260 jam
3315 3208 3434 3245 non
3480 3193 3701 3247 visibile
3753 3211 3947 3266 neque

2247 3277 2555 3346 palpabile.
2590 3278 2727 3332 Hinc
2769 3278 2970 3331 beatus
2999 3279 3331 3333 Ambrosius
3364 3281 3692 3352 subjungit:
3746 3307 3766 3331 α
3805 3285 3946 3337 Cor-

2251 3381 2378 3434 pus,
2426 3364 2714 3434 inquiens,
2757 3365 2984 3433 Christi,
3035 3385 3240 3437 corpus
3283 3374 3366 3422 est
3405 3369 3580 3422 divini
3611 3370 3878 3438 Spiritus.
3921 3396 3943 3421 ι

2256 3453 2488 3505 Divinus
2516 3457 2709 3506 autem
2748 3453 2992 3524 Spiritus
3040 3455 3184 3509 nihil
3228 3472 3586 3526 corporeum,
3629 3458 3774 3511 nihil
3816 3475 3942 3513 cor-

2253 3539 2544 3610 ruptibile,
2595 3541 2734 3594 nihil
2779 3543 3064 3613 palpabile
3123 3544 3274 3614 quod
3329 3546 3420 3610 sit,
3449 3545 3658 3607 existit.
3720 3549 3792 3600 Αι
3843 3549 3957 3604 hoc

2255 3698 2629 3772 necessariam
2676 3705 2733 3752 et
2778 3701 3194 3755 conducibilem
3233 3703 3300 3756 ad
3342 3704 3777 3772 expungendam
3827 3721 3953 3758 am-

2255 3767 2570 3844 phiboliam
2619 3771 2789 3844 hujus
2837 3772 2985 3844 vocis
3031 3767 3564 3844 corporaliterfquaé
3606 3775 3779 3829 videri
3816 3792 3954 3844 pos-

2256 3845 2342 3892 set
2389 3839 2729 3916 quibusdam
2766 3842 3078 3916 excludere
3109 3839 3185 3916 iet
3234 3839 3954 3916 tollerefqualemcuuque

2256 3912 2621 3980 przesentiam
2663 3913 2779 3965 veri
2818 3914 3074 3977 Corporis
3097 3915 3228 3967 Jesu
3262 3912 3636 3970 ChristiCSed
3671 3933 3798 3970 cum
3829 3912 3954 3970 sin-

2258 3996 2382 4033 cere
2435 3988 2796 4051 recognOscat
2841 3984 3183 4037 Iiatramnus
3238 4001 3435 4038 verum
3475 4001 3680 4052 corpus
3739 3989 3954 4043 Christi

2258 4067 2454 4104 revera
2497 4052 2803 4105 consistere
2871 4070 2969 4106 seu
3046 4071 3383 4123 permanere
3432 4057 3489 4108 in
3559 4057 3955 4124 Eucharistia;

2259 4138 2499 4197 eamque
2539 4128 3116 4197 sacramentumesse
3157 4142 3303 4179 vera:
3345 4127 3548 4189 carnis,
3596 4128 3810 4181 scilicet
3852 4145 3960 4197 pa-

2259 4194 2513 4261 ropidem
2554 4209 2666 4267 qua
2709 4194 3080 4267 praicringitur
3125 4203 3180 4248 et
3217 4197 3515 4259 occulitur,
3562 4199 3696 4267 quia
3727 4194 3957 4254 nullum

2261 4270 2347 4338 est
2389 4264 2723 4338 mysterium
2773 4266 3064 4338 ubirnihil
3124 4269 3497 4334 reconditum,
3549 4264 3777 4338 oportet
3819 4288 3956 4324 eum

2261 4333 2584 4406 intelligere
2613 4351 2683 4388 ex
2706 4335 2811 4389 hoc
2838 4337 3102 4389 adverbio
3137 4340 3488 4406 corporaliter
3520 4333 3754 4392 modum
3788 4348 3956 4394 natu-

2261 4405 2439 4457 ralem
2463 4410 2520 4457 et
2537 4420 2898 4478 communem
2920 4407 3192 4460 existendi
3210 4405 3488 4473 animum,
3517 4411 3673 4463 nullo
3696 4412 3957 4478 dempto,

2262 4491 2588 4544 corporum,
2618 4476 2672 4529 id
2715 4483 2799 4530 est
2828 4479 3086 4531 sensibus
3115 4479 3500 4548 subjectorum
3541 4489 3593 4533 et
3637 4476 3958 4536 friabilium

2263 4562 2390 4622 quae
2424 4553 2662 4622 possunt
2707 4548 2997 4622 frustatim,
3030 4549 3292 4622 discerpi.
3347 4551 3456 4603 [Ioc
3489 4567 3672 4618 genus
3702 4555 3960 4622 corporis

2259 4617 2391 4689 Jesu
2421 4618 2631 4671 Christi
2668 4635 2874 4688 corpus
2916 4617 3228 4686 spirituale'
3248 4617 3508 4689 appellati
3525 4617 3862 4676 Paschasius
3900 4625 3960 4678 in

2262 4687 2502 4764 cpistola
2554 4689 2624 4742 ad
2679 4687 3111 4764 Frudgardum;
3166 4697 3220 4744 et
3271 4687 3614 4745 Hatramnus
3669 4697 3962 4764 conceptis

2259 4758 2446 4831 verbis
2477 4763 2531 4812 et
2559 4775 2820 4828 expresse
2853 4761 2930 4814 ait
2971 4777 3180 4829 corpus
3215 4767 3271 4815 et
3302 4764 3638 4831 sanguinem
3691 4758 3962 4818 Euchari-

2260 4828 2464 4905 sticum
2526 4831 2836 4905 secundum
2906 4828 3150 4905 speciem
3203 4838 3258 4886 et
3310 4828 3726 4902 apparitionem
3784 4844 3961 4905 atque

2261 4901 2436 4952 oculis
2467 4901 2877 4969 subjectioncm
2913 4918 3034 4954 esse
3069 4903 3303 4971 ﬁguras,
3341 4901 3434 4956 sed
3469 4908 3782 4958 secundum
3821 4901 3959 4960 sub-

2261 4971 2528 5044 stantiam
2579 4971 2755 5024 oculis
2804 4987 2919 5024 non
2968 4972 3300 5040 subjectam,
3353 4974 3584 5038 scilicet,
3638 4979 3960 5044 potentiam

2263 5041 2594 5118 Verbi‘esse.
2618 5058 2747 5094 vere
2787 5058 2989 5118 corpus
3012 5051 3065 5095 et
3097 5041 3696 5118 sanguinemiChristi.
3734 5048 3964 5118 Figura?

2259 5117 2404 5173 sunt,
2438 5111 2644 5179 inquit,
2687 5113 2975 5165 secundum
3021 5111 3246 5181 speciem
3275 5117 3561 5176 visibilem,
3612 5123 3670 5169 at
3713 5111 3837 5171 vero
3878 5135 3964 5172 se-

2260 5182 2492 5256 cundum
2517 5182 2843 5236 inuisibilem
2863 5183 3244 5250 substantiam,
3269 5187 3329 5238 id
3350 5194 3425 5239 est
3457 5187 3634 5239 divini
3660 5193 3962 5256 potentiam

2267 5253 2446 5314 Verbi,
2480 5267 2603 5307 vere
2632 5269 2822 5320 corpus
2865 5259 2914 5306 et
2944 5258 3167 5322 sanguis
3199 5259 3410 5310 Christi
3438 5264 3581 5310 sunt.
3617 5253 3753 5322 Quis
3795 5276 3961 5313 meu-

2259 5321 2331 5374 tis
2383 5338 2617 5395 compos
2671 5325 2844 5376 homo
2892 5321 3100 5392 negare
3153 5334 3340 5395 potest
3392 5345 3456 5379 eo
3500 5329 3608 5380 loci
3645 5321 3819 5383 Vnum.
3890 5333 3960 5385 49

2258 5393 2594 5472 vocabulum
2623 5409 2746 5472 pere
2793 5395 3116 5463 signiﬁcare
3154 5393 3361 5466 reapse,
3395 5415 3601 5463 revera,
3645 5405 3700 5453 et
3731 5417 3796 5453 ex
3833 5418 3962 5472 pro-

2259 5463 2432 5533 lapStB
2452 5464 2772 5518 Latinitatis
2805 5483 2907 5520 usu
2937 5482 3216 5521 ItEALl'l‘Elt.
