4148 6180
218 263 232 313 Ι
249 263 316 313 31}

1336 260 1426 315 DE
1467 258 1790 317 CORI’OBE
1834 261 1919 318 ET

2046 262 2300 317 ACUINE
2343 261 2600 316 DUMINI.
3623 269 3713 320 liii

209 411 426 466 corpus
459 394 615 467 quod
670 393 728 447 in
767 392 1014 448 Ecclesia
1043 392 1380 460 celebratur,
1415 394 1729 448 secundum
1779 394 1906 448 visi-
1941 398 1984 450 Α
2023 393 2151 462 ista,
2203 393 2342 448 nihil
2374 393 2434 447 in
2466 397 2600 464 potu
2642 392 2750 447 isto
2799 394 3175 465 corporaliter
3201 396 3582 463 sentiendum,
3616 397 3711 450 sed

213 485 392 540 bilem
425 484 674 555 speciem
691 488 746 537 et
777 481 1148 553 corruptibile
1180 487 1265 536 est
1306 488 1361 536 et
1392 483 1694 553 palpabile.

289 573 472 628 LXIII.
507 571 807 636 Quomodo
848 587 986 639 ergo
1048 571 1225 626 divini
1273 573 1521 642 Spiritus
1553 589 1759 643 corpus
1790 589 1910 626 esse

216 661 470 717 dicitur?
494 661 815 716 Secundum
850 661 956 714 hoc
980 659 1176 730 utique
1208 661 1356 730 quod
1390 660 1682 730 spirituale
1713 666 1817 726 est,
1853 659 1908 712 id

214 759 324 817 est,
363 750 677 804 secundum
723 749 876 820 quod
909 748 1192 803 invisibile
1237 749 1496 802 consistit
1525 755 1581 803 et
1636 750 1912 819 impalpa-

212 837 352 900 bile,
385 853 448 889 ac
476 853 580 906 per
612 838 719 890 hoc
748 835 1199 906 incorruptibile.

289 924 465 978 LXIV.
535 925 676 978 Hinc
724 924 783 976 in
810 923 1293 994 consequentibus
1335 924 1531 992 (ΙὺὶιΙ.)
1595 942 1607 978 :
1669 946 1690 973 ι
1769 925 1913 988 Quia

215 1012 462 1083 Spiritus
516 1013 792 1076 Christus,
838 1017 900 1066 ut
933 1013 1172 1083 legimus
1206 1029 1218 1066 :
1278 1014 1524 1082 Spiritus
1560 1019 1684 1066 ante
1715 1015 1911 1080 faciem

214 1107 458 1156 nostram
503 1104 752 1157 Christus
825 1105 1102 1155 Dominus.
1170 1123 1197 1149 λ
1249 1110 1272 1135 ι
1338 1103 1600 1155 I’atenter
1665 1103 1913 1155 ostendit

215 1191 534 1243 secundum
604 1189 757 1260 quod
815 1189 1092 1243 habeatur
1141 1206 1348 1260 corpus
1382 1191 1608 1258 Christi,
1657 1191 1914 1244 videlicet

216 1279 534 1332 secundum
578 1277 635 1332 id
693 1279 844 1350 quod
883 1279 952 1332 sit
985 1279 1043 1332 iu
1073 1295 1141 1333 eo
1193 1279 1437 1350 Spiritus
1469 1279 1699 1345 Christi,
1739 1279 1794 1333 id
1829 1285 1914 1333 est

218 1367 399 1420 divini
431 1368 685 1436 potentia
715 1368 900 1433 Verbi,
962 1385 1090 1439 qua:
1123 1385 1241 1422 non
1294 1369 1478 1423 solum
1512 1368 1764 1422 animam
1805 1384 1913 1439 pa-

217 1457 345 1521 scit,
391 1473 585 1510 verum
625 1457 795 1510 etiam
822 1463 1043 1526 purgat.

291 1546 438 1599 LXV.
473 1547 709 1616 Propter
739 1547 888 1616 quod
919 1547 1040 1616 ipse
1070 1546 1206 1600 dicit
1260 1552 1459 1601 auctor
1499 1555 1915 1618 consequenter

219 1634 458 1699 (Ibid):
493 1655 518 1681 α
558 1633 812 1704 Denique
860 1650 950 1688 cor
1007 1640 1250 1688 nostrum
1304 1651 1424 1689 esca
1454 1639 1558 1690 ista
1609 1640 1910 1704 conﬁrmat,

221 1729 272 1776 et
325 1727 484 1792 potus
523 1699 761 1786 laetiﬂccit
809 1739 898 1777 cor
954 1723 1188 1778 hominis
1245 1724 1409 1795 (Psal.
1484 1742 1598 1789 CIII,
1689 1699 1789 1790 t5),
1855 1699 1985 1779 ut.B

225 1813 510 1881 Pmpheta
533 1814 1022 1866 commemoravit.
1066 1835 1092 1860 »
1130 1814 1275 1867 Num
1318 1829 1439 1868 esca
1469 1815 1780 1883 corporalis
1821 1831 1919 1869 cor

223 1899 480 1954 hominis
507 1901 828 1966 conﬁrmat,
871 1906 927 1955 et
965 1907 1132 1972 potus
1176 1917 1481 1972 corporeus
1532 1903 1780 1957 laetiﬁcat
1822 1920 1919 1958 cor

225 1986 519 2041 hominis?
569 1988 676 2042 Sed
711 1994 771 2041 ut
808 1989 1132 2042 ostenderet
1168 2007 1296 2060 qua:
1329 2007 1453 2044 esca
1497 1993 1582 2044 vel
1612 1993 1708 2062 qui
1757 1997 1919 2062 potus

225 2076 341 2128 sint
381 2075 452 2129 de
480 2075 688 2146 quibus
734 2077 1007 2146 loquitur,
1051 2078 1267 2132 addidit
1295 2079 1609 2148 signanter,
1655 2096 1772 2133 esca
1813 2084 1919 2134 ista

226 2164 337 2226 vel,
367 2168 528 2232 potus
560 2166 680 2218 iste.
718 2186 741 2213 ς(
772 2166 906 2230 Quae
938 2169 1086 2220 ista?
1141 2169 1222 2220 vel
1259 2169 1356 2238 qui
1411 2171 1552 2223 iste?
1585 2169 1801 2239 Corpus
1833 2171 1918 2224 ni-

227 2253 443 2305 mirum
475 2253 702 2319 Christi,
728 2255 1122 2324 corpusdivini
1157 2255 1431 2326 Spiritus;
1484 2263 1540 2310 et
1580 2263 1640 2309 ut
1670 2257 1921 2326 apertius

224 2340 566 2409 inculcetur,
645 2342 880 2412 spiritus
959 2343 1234 2404 Christus,
1294 2345 1361 2397 de
1421 2361 1534 2414 quo
1619 2345 1918 2414 loquitur:

226 2431 473 2497 Spiritus
518 2435 641 2484 ante
695 2433 892 2496 faciem
948 2437 1189 2486 nostram
1249 2433 1495 2488 Christus
1562 2435 1838 2488 Dominus.
1895 2456 1919 2480 η

226 2517 447 2580 Quibus
479 2518 745 2571 omnibus
795 2519 1086 2574 evidenter
1134 2521 1450 2575 ostenditur
1497 2522 1639 2577 nihil
1689 2524 1748 2576 in
1798 2539 1924 2577 esca

305 2687 329 2710 ³
365 2679 613 2731 Pati-nter
645 2678 876 2731 ostendit
924 2679 1210 2732 secundum
1241 2678 1386 2747 quod
1436 2679 1700 2732 habeatur
1732 2696 1924 2748 corpus

234 2751 465 2813 Christi,
502 2756 606 2801 etc.
641 2749 980 2803 Ratramnus
1002 2750 1243 2818 explicat
1270 2767 1382 2818 qua
1420 2751 1639 2804 ratione
1671 2758 1726 2803 et
1759 2754 1926 2804 modo

237 2820 518 2873 habemus
551 2836 757 2888 corpus
792 2821 999 2873 Christi
1032 2823 1088 2872 in
1130 2821 1345 2873 ratione
1411 2837 1552 2874 esca:
1585 2827 1638 2874 et
1668 2823 1928 2876 alimenti

234 2891 444 2943 animas
477 2898 700 2943 nostras.
741 2891 801 2943 Et.
831 2907 957 2943 cum
986 2897 1201 2943 certum
1235 2893 1306 2944 sit
1353 2892 1635 2960 ejusmodi
1669 2894 1928 2947 aliment-

235 2967 352 3015 tun.
383 2962 635 3039 animam
679 2978 792 3013 non
818 2961 1048 3052 nutrire
1080 2962 1259 3014 instar
1289 2963 1546 3042 alimenti
1578 2964 1851 3016 ordinarii
1874 2969 1928 3017 et
1959 2998 1998 3052 Ο

234 3035 490 3085 consueti
524 3048 748 3100 corpus,
778 3033 1035 3085 videlicet
1089 3049 1187 3102 per
1219 3034 1646 3087 conversionem
1687 3043 1928 3088 natura—

235 3104 349 3156 lem
409 3103 741 3156 substantia;-
797 3103 854 3156 in
906 3105 1140 3157 alterum
1195 3104 1591 3168 substantiam,
1635 3121 1738 3157 nos
1767 3107 1931 3158 dooet

235 3190 577 3243 permanere
621 3190 829 3248 corpus
880 3173 1084 3227 Christi
1144 3175 1538 3248 inanimast
1584 3176 1810 3248 nostris,
1869 3176 1927 3248 in

235 3252 518 3314 quantum
555 3245 718 3298 nobis
743 3252 1063 3314 porrectum
1097 3250 1178 3296 est
1210 3245 1266 3297 in
1299 3245 1670 3310 I'Juclia‘ristia,
1723 3247 1925 3315 praedi-

237 3321 356 3368 tum
392 3315 649 3384 potentia
679 3315 866 3379 Verbi,
899 3332 1026 3385 quae
1059 3332 1173 3368 non
1212 3317 1392 3370 solum
1425 3316 1622 3382 nutrit,
1657 3320 1751 3368 sed
1789 3333 1927 3386 pur-

235 3394 332 3456 gat
370 3392 425 3439 et
467 3387 669 3439 liberat
724 3394 965 3455 peccatis
1011 3389 1260 3440 animam
1324 3396 1589 3448 nostram.
1638 3389 1928 3442 sicundum

235 3457 295 3510 id
321 3457 470 3527 quod
499 3460 571 3510 sit
607 3460 663 3510 in
691 3473 748 3511 eo
780 3459 1020 3526 Spiritus
1046 3459 1269 3523 Christi,
1303 3457 1356 3511 id
1399 3463 1482 3512 est
1514 3459 1692 3512 divini
1726 3466 1928 3529 poten-

233 3530 313 3580 tia
346 3529 533 3580 Verbi.
579 3529 752 3600 Porro
786 3529 843 3581 in
875 3528 962 3580 his
999 3529 1268 3600 omnibus
1304 3529 1443 3582 nihil
1503 3528 1925 3600 videturrepu-

236 3615 414 3668 gnare
469 3599 767 3652 sententiae
827 3616 1016 3652 veram
1081 3599 1197 3653 veri
1255 3601 1511 3670 corporis
1562 3599 1927 3669 praesentiam

235 3671 611 3722 constituenti
645 3670 761 3722 sive
799 3672 1124 3735 realitatem,
1175 3687 1347 3740 quam
1382 3679 1584 3724 vocant
1629 3672 1881 3739 theologi
1911 3689 1924 3726 :

237 3741 294 3792 in
327 3757 444 3810 qua
504 3741 785 3794 sententia
838 3748 894 3793 et
945 3742 1206 3793 suasione
1262 3758 1372 3793 non
1418 3741 1746 3795 dubitamus
1788 3742 1927 3795 reci-

236 3811 448 3880 piendo
485 3827 611 3863 vere
664 3826 852 3863 veram
892 3827 1120 3865 carnem
1180 3812 1386 3865 Christi
1455 3815 1624 3866 modo
1670 3814 1930 3866 sensibus

237 3881 497 3949 Corporis
556 3897 670 3934 non
731 3882 1008 3948 subjecto,
1063 3882 1432 3936 nntritionem
1484 3884 1686 3936 animas
1723 3889 1930 3938 nostra:

242 3953 424 4005 elfieri
453 3968 566 4004 non
600 3953 959 4025 aliter._Quia
989 3954 1242 4025 potentia
1269 3953 1433 4006 Verbi
1472 3953 1669 4019 divini,
1703 3954 1930 4025 corpori

238 4024 405 4076 nnita
430 4030 489 4074 et
521 4023 874 4091 liypostatice
905 4023 1189 4092 colligata,
1222 4024 1279 4076 in
1309 4025 1470 4077 nobis
1494 4026 1690 4094 gratim
1723 4023 1931 4078 munus

239 4101 296 4146 et
324 4095 541 4146 donum
585 4098 735 4146 t'ovet
790 4101 844 4146 et
874 4096 1105 4163 patratis
1136 4095 1444 4147 sceleribus
1477 4109 1531 4148 et
1567 4098 1930 4149 contamina—

244 4165 498 4217 tiouibus
525 4181 628 4216 nos
655 4173 950 4236 expurget.
981 4165 1106 4218 Hth
1137 4172 1266 4218 sunt
1291 4173 1560 4236 concrepta
1613 4168 1782 4220 verba
1816 4169 1930 4220 lla-

241 4236 454 4288 tramni
484 4236 540 4288 in
573 4236 685 4288 line
729 4235 952 4288 numeri
984 4239 1050 4289 65
1085 4252 1098 4289 :
1133 4236 1237 4291 Sed
1267 4243 1324 4290 ut
1344 4235 1639 4291 ostenderit
1669 4254 1784 4306 quae
1812 4254 1932 4291 rsca

2019 488 2201 536 totum
2229 482 2611 552 spiritualiter
2641 483 3074 536 attendendum.

2092 572 2264 626 LXVI.
2305 573 2426 626 Non
2462 571 2617 625 enim
2671 571 2885 635 anima,
2927 589 3055 641 quas
3087 571 3254 625 corde
3288 571 3537 625 hominis
3569 589 3710 642 prte-

2020 662 2166 714 senti
2226 662 2346 715 loco
2378 661 2752 732 signiticatur,
2806 661 2889 713 vel
2933 678 3058 714 esca
3097 678 3389 730 corporea,
3433 662 3517 714 vel
3578 668 3710 732 potu

2021 766 2299 820 corporeo
2343 751 2610 821 pascitur,
2645 751 2741 803 sed
2775 750 2946 802 verbo
2974 749 3068 802 Dei
3103 750 3351 803 nutritur
3379 766 3442 802 ac
3482 755 3711 819 vegeta-

2022 844 2158 892 tur:
2211 839 2364 909 quod
2423 840 2680 909 apertius
2738 837 2798 890 in
2897 838 3044 892 libro
3119 854 3148 888 v
3213 838 3712 892 Sacramentorum

2022 927 2162 997 (cap.
2193 928 2248 997 4)
2284 928 2484 982 doctor
2525 927 2674 980 idem
2704 927 2952 980 aI'tirmat
2985 942 2996 979 :
3043 948 3068 972 ‹‹
3105 926 3227 979 Non
3260 925 3363 977 iste
3414 927 3574 995 panis
3606 931 3709 990 est,

2021 1014 2310 1084 inquiens,
2359 1016 2457 1087 qni
2498 1015 2652 1068 vadit
2706 1015 2766 1068 in
2817 1029 3051 1084 corpus;
3101 1013 3197 1066 sed
3247 1013 3340 1066 ille
3391 1013 3551 1083 panis
3582 1014 3713 1066 vita:

2022 1109 2272 1168 aeternae,
2325 1105 2424 1174 qui
2477 1105 2684 1157 anima:
2748 1111 2954 1156 nostra:
2996 1102 3369 1156 substantiam
3431 1102 3714 1155 submini-

2021 1197 2175 1246 strat.
2210 1215 2237 1241 ››

2096 1282 2294 1336 LXVII.
2332 1283 2394 1335 Iit
2421 1281 2556 1352 quia
2601 1297 2715 1334 non
2772 1280 2840 1334 de
2871 1279 3161 1334 communi
3201 1295 3347 1350 pane
3379 1277 3584 1332 dixerit
3616 1278 3718 1332 hoc

2021 1377 2248 1424 sanctus
2279 1370 2632 1435 Ambrosius,
2681 1386 2873 1422 verum
2901 1370 2969 1422 de
3002 1385 3146 1438 [iane
3194 1369 3448 1440 corporis
3487 1366 3714 1433 Christi,

2023 1459 2321 1530 sequentia
2342 1458 2601 1512 lectionis
2631 1458 3087 1511 manifestissime
3137 1457 3424 1510 declarant
3458 1472 3470 1508 :
3527 1454 3717 1525 loqui-

2022 1552 2116 1601 tur
2163 1549 2317 1600 enim
2376 1548 2444 1601 de
2480 1563 2624 1618 pane
2656 1547 3012 1618 quotidiana,
3047 1562 3217 1618 quem
3267 1545 3561 1599 credentes
3603 1543 3718 1612 sibi

2022 1636 2314 1707 postulant
2353 1636 2496 1689 dari.

2101 1725 2328 1781 LXVIII.
2363 1725 2427 1778 Et
2457 1725 2664 1778 idcirco
2686 1722 2980 1793 subjungit
3015 1739 3026 1776 :
3061 1742 3086 1773 ε(
3119 1722 3177 1776 Si
3227 1720 3596 1793 quotidianus
3635 1723 3719 1772 est

2028 1816 2213 1885 panis,
2239 1831 2339 1868 cur
2368 1819 2495 1884 post
2525 1829 2739 1868 annum
2782 1813 2942 1867 illum
2980 1811 3200 1883 lsumis;
3235 1808 3716 1881 quemadmodum

2027 1903 2205 1958 Cruci
2259 1903 2317 1956 in
2375 1903 2602 1957 Oriente
2642 1903 2824 1956 facere
2873 1899 3256 1955 consuerunt?
3321 1897 3522 1967 Accipe
3580 1912 3717 1964 ergo

2029 1990 2286 2063 quotidie
2317 1991 2468 2062 quod
2503 1989 2756 2061 quotidie
2787 1989 2891 2042 tibi
2920 1989 3098 2058 prosit
3129 2003 3142 2040 :
3182 1987 3262 2039 sic
3291 1986 3436 2053 vive,
3474 1991 3534 2038 ut
3573 2001 3714 2055 quo-

2030 2081 2167 2134 tidie
2226 2079 2499 2134 merearis
2554 2079 2827 2148 recipere.
2888 2078 3033 2146 Ergo
3094 2075 3456 2130 manifestum
3505 2075 3574 2126 de
3607 2088 3719 2142 quo

2030 2185 2175 2240 pane
2228 2168 2496 2239 loquitur,
2545 2168 2615 2222 de
2676 2182 2824 2236 pane
2881 2165 3140 2219 videlicet
3195 2162 3449 2233 corporis
3488 2161 3720 2225 Christi,

2031 2257 2129 2328 qui
2165 2273 2274 2310 non
2301 2272 2368 2310 ex
2407 2273 2474 2309 eo
2505 2256 2656 2326 quod
2694 2254 2842 2308 vadit
2880 2254 2936 2307 in
2978 2268 3202 2323 corpus,
3237 2251 3335 2305 sed
3366 2267 3429 2306 ex
3463 2266 3530 2303 eo
3558 2249 3719 2320 [quod

2031 2346 2195 2416 panis
2227 2345 2300 2399 sit
2353 2345 2483 2398 vita:
2519 2349 2767 2410 aeternae,
2826 2342 3034 2395 anima:
3088 2345 3292 2394 nostra;
3349 2337 3723 2393 substantiam

2031 2436 2274 2579 “1:ng.
2311 2525 2336 2566 ὓ
2385 2523 2561 2592 Hujus
2618 2519 2923 2576 doctissimi
2963 2519 3067 2573 viri
3129 2516 3463 2572 auctoritate
3521 2515 3722 2588 perdo-

2035 2681 2349 2745 catholicae,
2383 2696 2509 2750 qua!
2544 2679 2612 2733 de
2660 2679 2773 2733 tide
2802 2677 3122 2750 Christiana
3175 2693 3295 2730 esse
3327 2693 3447 2750 non
3503 2674 3730 2750 dubitat

2037 2753 2176 2822 quin
2212 2746 2663 2822 recipiamusin
2697 2749 2967 2820 mysterio
2999 2765 3180 2822 sacro,
3215 2746 3599 2822 Eucharistiie
3623 2747 3726 2822 sub

2037 2817 2723 2886 velamine,_reeonditnm
2757 2817 2966 2889 corpus
2997 2820 3146 2873 idem
3179 2820 3413 2872 aflixum
3451 2817 3623 2882 cruci,
3676 2821 3729 2870 et

2038 2895 2300 2948 bibamus
2330 2894 2594 2947 eumdem
2626 2892 2962 2958 sanguinem
2992 2890 3523 2960 proomnibushorn
3543 2889 3728 2942 inibus

2038 2966 2301 3018 etfnsum.
2336 2964 2442 3018 Sed
2483 2963 2619 3016 nihil
2657 2963 2846 3014 minus
2888 2959 3198 3032 his’eloqni
3256 2959 3501 3014 intendit
3538 2960 3729 3032 animo

2041 3036 2399 3090 Hatramnus.
2435 3035 2560 3088 Sive
2619 3034 2794 3102 igitur
2842 3048 3070 3086 necesse
3110 3029 3194 3085 est
3224 3037 3387 3085 aetate
3435 3029 3730 3085 llatramni

2040 3123 2152 3159 non
2188 3122 2349 3158 secus
2379 3121 2442 3157 ac
2472 3110 2664 3156 nostra
2697 3104 2949 3172 corporis
2981 3102 3189 3156 Christi
3232 3119 3441 3155 nomen
3472 3103 3728 3172 impone-

2039 3177 2210 3229 batur
2248 3175 2382 3244 pani
2438 3171 2810 3244 Consecrato,’
2850 3173 3114 3244 videlicet
3158 3172 3238 3224 rei
3281 3172 3466 3244 oculis
3520 3171 3731 3244 nostris

2041 3241 2308 3315 subjecta:
2336 3251 2464 3315 post
2487 3243 2962 3304 conscrationem,
2989 3242 3213 3315 scilicet
3241 3243 3406 3315 albie,
3442 3241 3727 3315 rotundae,

2039 3311 2288 3370 extensae
2336 3311 2600 3369 inanibus
2643 3315 2785 3366 sacri
2843 3312 3111 3377 flaminis,
3170 3317 3232 3365 ut
3292 3311 3482 3380 inquit
3535 3317 3733 3364 auctor

2039 3388 2314 3441 librorum
2345 3387 2413 3440 dc
2448 3383 2827 3441 Sacramentis
2858 3385 2975 3449 (lib.
3004 3399 3073 3448 tv,
3103 3397 3223 3452 cap.
3264 3383 3314 3447 fi»)
3354 3381 3730 3450 ascriptorum

2039 3465 2232 3512 sancto
2265 3457 2570 3514 Ambrosio
2604 3473 2616 3510 :
2652 3456 2762 3513 Sed
2799 3456 2958 3523 panis
2984 3458 3103 3519 iste,
3128 3457 3288 3522 panis
3310 3459 3386 3507 est
3417 3457 3540 3507 ante
3567 3452 3732 3506 verba

2038 3536 2532 3592 sacramentorum;
2568 3529 2662 3581 ubi
2691 3528 2971 3580 accessirit
2998 3527 3342 3589 consecratio,
3369 3524 3435 3577 de
3487 3539 3628 3591 pane
3671 3527 3732 3591 fit

2039 3618 2164 3655 caro
2192 3601 2426 3654 Christi.
2459 3600 2524 3652 Et
2553 3600 2700 3652 infra
2742 3614 2753 3651 :
2785 3599 2902 3652 Non
2958 3602 3076 3650 erat
3102 3598 3340 3663 corporis
3371 3597 3576 3651 Christi
3609 3601 3734 3647 ante

2039 3675 2484 3726 consecrationem
2518 3686 2531 3723 :
2574 3676 2623 3724 et
2645 3674 2768 3738 post
2807 3670 3261 3723 consecrationem
3302 3667 3419 3720 dico
3456 3666 3556 3719 tibi
3575 3665 3733 3738 quod

2029 3743 2152 3811 jam
2182 3758 2372 3811 corpus
2410 3742 2616 3796 Christi
2645 3735 2736 3793 Est.
2773 3739 3001 3811 Etiamsi
3053 3738 3334 3811 ejusmodi
3382 3735 3729 3811 rotundatio,

2040 3806 2244 3866 albedo
2271 3806 2334 3865 et
2378 3811 2628 3864 extensio
2665 3826 2778 3863 non
2824 3810 2940 3862 sint
2988 3806 3216 3878 proprie
3264 3823 3469 3878 corpus
3503 3806 3732 3878 Christi,

2041 3885 2132 3937 sed
2168 3884 2356 3936 velum
2387 3887 2484 3934 aut
2508 3881 2806 3934 inductum
2840 3879 3129 3950 syparium
3161 3877 3379 3949 quibus
3407 3877 3736 3930 reconditur

2043 3959 2100 4008 et
2121 3972 2151 4007 a
2178 3957 2480 4022 conspectu
2516 3955 2814 4005 oculorum
2848 3949 3051 4003 et'acie
3082 3965 3378 4022 sensuum,
3407 3953 3732 4022 nostrorum

2039 4021 2454 4094 eripiturﬁNon
2484 4023 2628 4091 quod
2683 4038 2907 4094 morata
2935 4035 3126 4094 corpus
3157 4021 3273 4087 ejus
3330 4021 3404 4073 sit
3440 4021 3622 4088 panis,
3685 4022 3736 4094 et

2036 4091 2286 4165 poculum
2341 4097 2593 4160 sanguis;
2638 4093 2732 4147 sed
2761 4093 2904 4160 quod
2943 4093 3006 4165 in
3045 4106 3100 4144 se
3131 4094 3445 4165 mysterium
3490 4091 3736 4165 corporis

2040 4161 2156 4235 ejus
2189 4168 2578 4233 sanguiniSque
2616 4166 2940 4223 conti-neunt.
2992 4161 3290 4235 inquiebat
3312 4161 3455 4235 olim
3515 4162 3733 4235 Facun-

2041 4232 2147 4290 dus
2180 4238 2294 4306 (tib.
2332 4253 2406 4301 ix,
2430 4232 2531 4304 pro
2553 4236 2859 4306 defensione
2896 4235 3061 4286 trium
3092 4232 3386 4306 θαμίζω),
3437 4233 3734 4306 episcopus

241 4309 321 4359 vel
347 4309 446 4372 qui
473 4314 631 4373 potus
658 4307 845 4360 sintde
866 4307 1060 4374 quibus
1074 4309 1334 4375 loquitur,
1354 4308 1572 4361 addidit
1607 4297 1924 4375 sirjnantm':
1960 4297 2003 4350 Ι)
2049 4297 2470 4363 Ilermianensis
2501 4307 2555 4359 in
2590 4297 2793 4368 Africa,
2819 4315 2975 4357 sexto
2999 4297 3205 4375 saeculo
3234 4297 3487 4375 ineunte:
3527 4297 3734 4375 Eodem

244 4379 382 4431 Esca
413 4380 538 4438 iste,
577 4379 657 4429 vel
678 4384 838 4445 potus
868 4380 985 4430 iste.
1023 4380 1152 4442 Quae
1181 4379 1327 4432 ista?
1365 4379 1562 4445 relqui
1602 4382 1741 4433 iste?
1808 4382 1934 4434 Cor-

233 4464 340 4516 pus
393 4450 654 4500 nimirum
715 4449 938 4508 Christi,
981 4465 1173 4516 corpus
1229 4449 1407 4502 divini
1461 4451 1738 4517 Spiritus;
1788 4455 1837 4503 et
1876 4455 1933 4503 ut

239 4521 488 4586 apertius
536 4519 851 4584 inculcetur,
906 4521 1148 4587 Spiritus
1182 4521 1449 4580 Christus,
1501 4521 1566 4573 de
1611 4537 1713 4589 quo
1762 4521 1933 4589 loqui-

241 4594 356 4653 tur;
391 4589 636 4657 Spiritus
659 4596 790 4641 ante
831 4590 1032 4643 faciem
1069 4596 1317 4643 nostram
1347 4591 1602 4644 Christus
1635 4593 1927 4645 Dominus.

240 4660 453 4726 Quibus
495 4662 740 4713 omnibus
760 4661 1033 4714 evidenter
1062 4662 1368 4715 ostenditur
1393 4663 1535 4715 nihil
1558 4665 1613 4714 in
1651 4678 1770 4717 esca
1803 4665 1929 4725 ista,

238 4732 380 4784 nihil
434 4734 494 4782 in
560 4737 691 4798 potu
747 4733 848 4783 isto
877 4734 1230 4798 corporaliter
1258 4733 1614 4795 sentientium,
1641 4733 1734 4786 srd
1766 4738 1933 4786 totum

235 4801 1025 4869 spiritualiterattendendum.
1057 4803 1260 4856 Eadem
1289 4804 1403 4856 fere
1425 4804 1565 4856 dixit
1589 4807 1646 4856 in
1689 4805 1933 4872 epistola

238 4873 307 4924 ad
343 4873 737 4940 Frudgardum
773 4873 1133 4936 Paschasius;
1169 4874 1268 4943 qui
1301 4881 1585 4927 annuente
1635 4874 1932 4928 Albertino

237 4951 293 4995 et
319 4944 438 4996 fere
484 4943 752 4995 erunibus
800 4944 970 4996 hodie
1025 4945 1495 5008 Protestantibus,
1547 4947 1850 4999 teali'tatem
1883 4951 1932 4998 et

238 5014 904 5067 transsubstantiationem
929 5015 1050 5068 sine
1071 5016 1395 5085 suspicione
1425 5023 1524 5068 aut
1552 5016 1726 5069 dubio
1769 5022 1932 5070 tuen-

233 5086 365 5139 dam
403 5101 669 5153 eXpressc
703 5086 935 5154 recepit.

307 5159 330 5197 ιι
361 5156 557 5224 Hujus
588 5155 890 5209 doctissimi
924 5158 1034 5208 tiri
1062 5159 1382 5210 auctoritate
1423 5157 1788 5226 perdocemur,
1822 5161 1928 5210 etc.

235 5227 312 5280 Ex
366 5227 455 5279 his
487 5226 830 5296 quibusdam
886 5226 1169 5280 videbitur
1198 5229 1540 5281 Batramuns
1589 5244 1700 5280 non
1759 5228 1931 5282 fuisse

233 5298 292 5350 in
326 5298 614 5350 sententia
630 5313 829 5350 eorum
860 5299 957 5366 qui
989 5297 1095 5350 sibi
1127 5297 1472 5368 persuadent
1494 5315 1698 5366 corpus
1727 5299 1931 5353 Christi

237 5375 438 5421 natum
473 5370 542 5420 de
573 5369 828 5437 Virgine,
855 5369 1084 5421 al'lixum
1121 5370 1295 5436 cruci,
1331 5374 1621 5422 mortuum
1657 5375 1713 5422 et
1743 5373 1930 5438 sepul-

237 5446 382 5498 tum.
417 5456 532 5492 non
559 5439 806 5508 iulipsum
831 5455 950 5491 esse
972 5439 1203 5510 quodin
1227 5439 1570 5493 Eucliaristia
1596 5442 1927 5509 percipitur,

238 5515 500 5580 adeoque
533 5511 842 5562 secundum
891 5518 1104 5579 partrm
1146 5511 1471 5580 quaestionis
1504 5516 1807 5580 proposita:
1841 5512 1931 5564 hic

236 5582 494 5634 ﬁnivisse
525 5582 860 5644 decretorie,
898 5581 1182 5635 scribendi
1211 5582 1490 5651 etagendi
1525 5597 1735 5651 genere
1778 5599 1932 5651 pror-

239 5668 337 5703 sus
368 5652 610 5706 adverso
641 5652 932 5722 opinionis
971 5651 1253 5706 Paschasii
1281 5659 1336 5706 et
1385 5653 1638 5706 suasioni
1673 5653 1930 5706 Ecclesiae

2045 4380 2276 4432 nomine
2327 4377 2578 4448 corporis
2625 4384 2681 4429 et
2702 4375 2997 4448 sanguinis
3039 4373 3272 4448 Christi
3299 4373 3738 4448 nuncupabatur

2045 4465 2239 4502 verum
2255 4443 2458 4518 corpus
2489 4453 2545 4500 et
2576 4463 2739 4500 verus
2781 4443 3014 4518 sanguis
3041 4445 3172 4498 Jesu
3217 4444 3426 4518 Christi
3456 4443 3734 4518 reconditi

2042 4523 2146 4574 sub
2181 4514 2475 4591 speciebus
2521 4521 2692 4591 modo
2724 4515 3006 4591 spirituali
3055 4519 3112 4568 et
3141 4515 3403 4591 sensibus
3455 4514 3738 4591 nonsub-

2035 4585 2345 4659 jectofnec
2379 4589 2683 4656 corporali,
2725 4585 2829 4641 nec
2861 4585 3370 4659 circumscriptivo,
3424 4591 3481 4638 ut
3526 4585 3736 4638 scholas

2042 4656 2374 4733 loquuntur.
2437 4661 2546 4714 Hoc
2579 4660 2919 4733 llatramnus
2983 4661 3140 4709 vocat
3200 4657 3257 4709 in
3314 4656 3422 4708 hoc
3495 4661 3737 4733 tractatu

2043 4726 2336 4803 proprium
2389 4747 2596 4799 corpus
2660 4728 2903 4803 Christi,
2952 4743 3417 4803 veram_carnem
3477 4726 3580 4779 sub
3633 4727 3736 4803 hoc

2041 4797 2312 4874 mysterio
2341 4797 2577 4874 celatam
2612 4805 2668 4853 et
2717 4799 3082 4874 indusiatam.
3116 4798 3284 4874 _E_cce
3326 4799 3516 4874 vid_es,_
3555 4797 3735 4874 amice

2041 4868 2235 4936 lector,
2321 4873 2434 4926 duo
2529 4887 2764 4941 corpora
2817 4871 2948 4923 Jesu
3001 4869 3202 4922 Christi
3265 4869 3322 4941 in
3389 4868 3732 4941 Eucharistia

2042 4945 2498 4998 consideratione
2543 4947 2598 4995 et
2631 4936 3013 5013 meditatione
3053 4941 3247 5013 digna.
3286 4940 3468 4992 Unum
3503 4936 3733 5013 nomine

2041 5022 2204 5069 tenus
2269 5015 2326 5068 in
2399 5015 2535 5067 solis
2610 5012 2903 5082 speciebus
2956 5012 3267 5082 consistens
3331 5016 3386 5062 et
3455 5012 3735 5082 expressis

2041 5086 2390 5156 imaginibus
2445 5101 2572 5155 quas
2641 5079 2704 5136 ex
2766 5082 3083 5156 substantia
3138 5081 3300 5150 panis
3337 5086 3394 5132 et
3448 5079 3562 5156 \ini
3607 5080 3735 5145 post

2040 5154 2526 5210 consecrationem
2585 5159 2922 5225 supersunt;
2974 5154 3215 5205 alterum
3276 5165 3471 5202 verum
3512 5154 3566 5200 et
3597 5163 3731 5225 pro:

2040 5229 2254 5298 prium,
2290 5228 2346 5298 in
2386 5228 2535 5296 quod
2565 5217 2728 5294 panis
2771 5230 2826 5276 et
2862 5217 3056 5298 vinum
3104 5225 3548 5284 commutantur,
3581 5217 3734 5298 quod

2040 5292 2116 5352 ibi
2157 5292 2420 5350 consistit
2467 5304 2523 5350 et
2561 5292 2880 5368 permanet,
2917 5294 3084 5368 modo
3115 5299 3172 5344 et
3219 5306 3440 5368 genere
3472 5292 3736 5368 sensibus

2040 5370 2295 5438 corporis
2327 5385 2442 5422 non
2485 5361 2758 5435 subjecto,
2799 5367 2903 5438 sub
2927 5365 3064 5416 velis
3095 5368 3150 5438 et
3185 5361 3475 5438 expressis
3527 5361 3734 5430 imagio

2040 5431 2208 5493 nibus
2263 5456 2362 5492 seu
2420 5431 2712 5507 speciebus
2746 5431 2923 5507 panis
2979 5441 3033 5486 et
3081 5431 3219 5484 vitii.
3275 5432 3387 5507 Hoc
3426 5432 3613 5507 ipsum
3652 5437 3738 5485 est

2039 5527 2246 5578 corpus
2280 5503 2608 5563 crucifixum
2643 5516 2697 5561 et
2736 5503 2826 5560 hic
2858 5506 3095 5578 ipsemet
3125 5503 3356 5578 sanguis
3387 5503 3598 5556 eII'usus
3632 5520 3735 5572 pro

2040 5574 2234 5648 nobis;
2270 5597 2372 5634 nec
2414 5581 2647 5635 eli-citum
2697 5574 3202 5654 _incurret_alicnbi
3241 5591 3354 5654 quo
3384 5577 3733 5654 contrarium

2040 5646 2246 5708 dixisse
2278 5652 2619 5706 Ratramnus
2659 5649 2934 5700 videatur.
2979 5646 3086 5698 Nec
3126 5646 3518 5716 pertimescam
3551 5648 3736 5700 dicere
