  <div class='ocr_page' id='page_1' title='image "/cluster/home/n/w/nwhite01/storage/ocr_20150623/121/hvd.32044054759832/083.png"; bbox 0 0 4148 6180; ppageno 0'>
   <div class='ocr_carea' id='block_1_1' title="bbox 399 262 2808 326">
    <p class='ocr_par' dir='ltr' id='par_1_1' title="bbox 399 262 2808 326">
     <span class='ocr_line' id='line_1_1' title="bbox 399 262 2808 326; baseline -0.002 -1"><span class='ocrx_word' id='word_1_1' title='bbox 399 275 494 326; x_wconf 76' lang='grc' dir='ltr'>Ιὸὅ</span> <span class='ocrx_word' id='word_1_2' title='bbox 1559 265 1913 321; x_wconf 80' lang='lat' dir='ltr'>BATRAMNI</span> <span class='ocrx_word' id='word_1_3' title='bbox 1953 265 2412 322; x_wconf 77' lang='lat' dir='ltr'>CORBEIENSIS</span> <span class='ocrx_word' id='word_1_4' title='bbox 2451 264 2758 320; x_wconf 80' lang='lat' dir='ltr'>MONACIII</span> <span class='ocrx_word' id='word_1_5' title='bbox 2803 262 2808 267; x_wconf 72' lang='grc'><em>’</em></span> 
     </span>
    </p>
   </div>
   <div class='ocr_carea' id='block_1_2' title="bbox 3795 269 3896 321">
    <p class='ocr_par' dir='ltr' id='par_1_2' title="bbox 3795 269 3896 321">
     <span class='ocr_line' id='line_1_2' title="bbox 3795 269 3896 321; baseline 0.02 -2"><span class='ocrx_word' id='word_1_6' title='bbox 3795 269 3896 321; x_wconf 78' lang='grc'>156</span> 
     </span>
    </p>
   </div>
   <div class='ocr_carea' id='block_1_3' title="bbox 383 398 3899 480">
    <p class='ocr_par' dir='ltr' id='par_1_3' title="bbox 383 398 3899 480">
     <span class='ocr_line' id='line_1_3' title="bbox 383 398 3899 480; baseline -0.003 -16"><span class='ocrx_word' id='word_1_7' title='bbox 383 423 581 464; x_wconf 85' lang='lat' dir='ltr'>cemur</span> <span class='ocrx_word' id='word_1_8' title='bbox 611 407 764 480; x_wconf 91' lang='lat' dir='ltr'>quod</span> <span class='ocrx_word' id='word_1_9' title='bbox 818 405 999 461; x_wconf 89' lang='lat' dir='ltr'>multa</span> <span class='ocrx_word' id='word_1_10' title='bbox 1031 403 1352 460; x_wconf 73' lang='lat' dir='ltr'>differentia</span> <span class='ocrx_word' id='word_1_11' title='bbox 1396 406 1692 474; x_wconf 83' lang='lat' dir='ltr'>separatur</span> <span class='ocrx_word' id='word_1_12' title='bbox 1759 417 1968 473; x_wconf 89' lang='lat' dir='ltr'>corpus</span> <span class='ocrx_word' id='word_1_13' title='bbox 2026 401 2085 454; x_wconf 90' lang='lat' dir='ltr'>in</span> <span class='ocrx_word' id='word_1_14' title='bbox 2118 400 2160 448; x_wconf 84' lang='lat' dir='ltr'><strong>A</strong></span> <span class='ocrx_word' id='word_1_15' title='bbox 2198 401 2353 472; x_wconf 87' lang='lat' dir='ltr'>quod</span> <span class='ocrx_word' id='word_1_16' title='bbox 2391 401 2718 468; x_wconf 86' lang='lat' dir='ltr'>comedunt,</span> <span class='ocrx_word' id='word_1_17' title='bbox 2767 400 2924 455; x_wconf 86' lang='lat' dir='ltr'>aliud</span> <span class='ocrx_word' id='word_1_18' title='bbox 2974 403 3108 454; x_wconf 87' lang='lat' dir='ltr'>sunt</span> <span class='ocrx_word' id='word_1_19' title='bbox 3163 398 3222 454; x_wconf 90' lang='lat' dir='ltr'>in</span> <span class='ocrx_word' id='word_1_20' title='bbox 3261 399 3447 471; x_wconf 85' lang='lat' dir='ltr'>specie</span> <span class='ocrx_word' id='word_1_21' title='bbox 3495 403 3552 454; x_wconf 87' lang='lat' dir='ltr'>et</span> <span class='ocrx_word' id='word_1_22' title='bbox 3617 399 3783 455; x_wconf 86' lang='lat' dir='ltr'>aliud</span> <span class='ocrx_word' id='word_1_23' title='bbox 3833 401 3899 455; x_wconf 89' lang='lat' dir='ltr'>in</span> 
     </span>
    </p>
   </div>
   <div class='ocr_carea' id='block_1_4' title="bbox 385 490 2083 570">
    <p class='ocr_par' dir='ltr' id='par_1_4' title="bbox 385 490 2083 570">
     <span class='ocr_line' id='line_1_4' title="bbox 385 490 2083 570; baseline -0.006 -18"><span class='ocrx_word' id='word_1_24' title='bbox 385 515 501 570; x_wconf 87' lang='lat' dir='ltr'>quo</span> <span class='ocrx_word' id='word_1_25' title='bbox 532 513 730 569; x_wconf 90' lang='lat' dir='ltr'>passus</span> <span class='ocrx_word' id='word_1_26' title='bbox 760 499 844 549; x_wconf 88' lang='lat' dir='ltr'>est</span> <span class='ocrx_word' id='word_1_27' title='bbox 873 493 1147 560; x_wconf 84' lang='lat' dir='ltr'>Christus,</span> <span class='ocrx_word' id='word_1_28' title='bbox 1184 499 1238 546; x_wconf 87' lang='lat' dir='ltr'>et</span> <span class='ocrx_word' id='word_1_29' title='bbox 1267 491 1497 562; x_wconf 79' lang='lat' dir='ltr'>sanguis</span> <span class='ocrx_word' id='word_1_30' title='bbox 1532 507 1706 562; x_wconf 83' lang='lat' dir='ltr'>quem</span> <span class='ocrx_word' id='word_1_31' title='bbox 1743 490 1996 561; x_wconf 87' lang='lat' dir='ltr'>pendens</span> <span class='ocrx_word' id='word_1_32' title='bbox 2021 490 2083 543; x_wconf 93' lang='lat' dir='ltr'>in</span> 
     </span>
    </p>
   </div>
   <div class='ocr_carea' id='block_1_5' title="bbox 383 579 2082 652">
    <p class='ocr_par' dir='ltr' id='par_1_5' title="bbox 383 579 2082 652">
     <span class='ocr_line' id='line_1_5' title="bbox 383 579 2082 652; baseline -0.004 -11"><span class='ocrx_word' id='word_1_33' title='bbox 383 603 546 641; x_wconf 84' lang='lat' dir='ltr'>cruce</span> <span class='ocrx_word' id='word_1_34' title='bbox 576 587 644 640; x_wconf 91' lang='lat' dir='ltr'>de</span> <span class='ocrx_word' id='word_1_35' title='bbox 676 587 850 639; x_wconf 83' lang='lat' dir='ltr'>latere</span> <span class='ocrx_word' id='word_1_36' title='bbox 909 599 1012 636; x_wconf 90' lang='lat' dir='ltr'>suo</span> <span class='ocrx_word' id='word_1_37' title='bbox 1043 581 1315 652; x_wconf 84' lang='lat' dir='ltr'>profudit,</span> <span class='ocrx_word' id='word_1_38' title='bbox 1350 585 1405 633; x_wconf 88' lang='lat' dir='ltr'>et</span> <span class='ocrx_word' id='word_1_39' title='bbox 1455 579 1560 633; x_wconf 90' lang='lat' dir='ltr'>hoc</span> <span class='ocrx_word' id='word_1_40' title='bbox 1591 595 1796 649; x_wconf 89' lang='lat' dir='ltr'>corpus</span> <span class='ocrx_word' id='word_1_41' title='bbox 1823 580 1975 650; x_wconf 91' lang='lat' dir='ltr'>quod</span> <span class='ocrx_word' id='word_1_42' title='bbox 2021 581 2082 634; x_wconf 89' lang='lat' dir='ltr'>in</span> 
     </span>
    </p>
   </div>
   <div class='ocr_carea' id='block_1_6' title="bbox 385 667 2082 745">
    <p class='ocr_par' dir='ltr' id='par_1_6' title="bbox 385 667 2082 745">
     <span class='ocr_line' id='line_1_6' title="bbox 385 667 2082 745; baseline -0.004 -17"><span class='ocrx_word' id='word_1_43' title='bbox 385 673 654 745; x_wconf 84' lang='lat' dir='ltr'>mysterio</span> <span class='ocrx_word' id='word_1_44' title='bbox 687 671 964 744; x_wconf 85' lang='lat' dir='ltr'>passionis</span> <span class='ocrx_word' id='word_1_45' title='bbox 1016 669 1220 724; x_wconf 82' lang='lat' dir='ltr'>Christi</span> <span class='ocrx_word' id='word_1_46' title='bbox 1253 667 1507 738; x_wconf 83' lang='lat' dir='ltr'>quotidie</span> <span class='ocrx_word' id='word_1_47' title='bbox 1542 684 1574 721; x_wconf 93' lang='lat' dir='ltr'>a</span> <span class='ocrx_word' id='word_1_48' title='bbox 1622 667 1888 723; x_wconf 87' lang='lat' dir='ltr'>fidelibus</span> <span class='ocrx_word' id='word_1_49' title='bbox 1927 668 2082 722; x_wconf 91' lang='lat' dir='ltr'>cele-</span> 
     </span>
    </p>
   </div>
   <div class='ocr_carea' id='block_1_7' title="bbox 381 756 2082 830">
    <p class='ocr_par' dir='ltr' id='par_1_7' title="bbox 381 756 2082 830">
     <span class='ocr_line' id='line_1_7' title="bbox 381 756 2082 830; baseline -0.003 -14"><span class='ocrx_word' id='word_1_50' title='bbox 381 762 601 828; x_wconf 85' lang='lat' dir='ltr'>bratur,</span> <span class='ocrx_word' id='word_1_51' title='bbox 627 767 684 816; x_wconf 89' lang='lat' dir='ltr'>et</span> <span class='ocrx_word' id='word_1_52' title='bbox 716 763 811 815; x_wconf 91' lang='lat' dir='ltr'>ille</span> <span class='ocrx_word' id='word_1_53' title='bbox 865 774 1092 830; x_wconf 89' lang='lat' dir='ltr'>quoque</span> <span class='ocrx_word' id='word_1_54' title='bbox 1137 756 1370 827; x_wconf 83' lang='lat' dir='ltr'>sanguis</span> <span class='ocrx_word' id='word_1_55' title='bbox 1402 757 1499 827; x_wconf 91' lang='lat' dir='ltr'>qui</span> <span class='ocrx_word' id='word_1_56' title='bbox 1547 757 1804 812; x_wconf 85' lang='lat' dir='ltr'>fidelium</span> <span class='ocrx_word' id='word_1_57' title='bbox 1838 774 1937 811; x_wconf 91' lang='lat' dir='ltr'>ore</span> <span class='ocrx_word' id='word_1_58' title='bbox 1979 774 2082 811; x_wconf 91' lang='lat' dir='ltr'>su-</span> 
     </span>
    </p>
   </div>
   <div class='ocr_carea' id='block_1_8' title="bbox 380 844 2082 918">
    <p class='ocr_par' dir='ltr' id='par_1_8' title="bbox 380 844 2082 918">
     <span class='ocr_line' id='line_1_8' title="bbox 380 844 2082 918; baseline -0.004 -14"><span class='ocrx_word' id='word_1_59' title='bbox 380 849 575 916; x_wconf 85' lang='lat' dir='ltr'>mitur,</span> <span class='ocrx_word' id='word_1_60' title='bbox 619 854 682 904; x_wconf 89' lang='lat' dir='ltr'>ut</span> <span class='ocrx_word' id='word_1_61' title='bbox 724 845 1057 918; x_wconf 85' lang='lat' dir='ltr'>mysterium</span> <span class='ocrx_word' id='word_1_62' title='bbox 1106 845 1179 898; x_wconf 87' lang='lat' dir='ltr'>sit</span> <span class='ocrx_word' id='word_1_63' title='bbox 1229 844 1382 898; x_wconf 77' lang='lat' dir='ltr'>illitis</span> <span class='ocrx_word' id='word_1_64' title='bbox 1414 845 1712 915; x_wconf 86' lang='lat' dir='ltr'>sanguinis</span> <span class='ocrx_word' id='word_1_65' title='bbox 1768 862 1881 916; x_wconf 91' lang='lat' dir='ltr'>quo</span> <span class='ocrx_word' id='word_1_66' title='bbox 1927 850 2082 900; x_wconf 89' lang='lat' dir='ltr'>totus</span> 
     </span>
    </p>
   </div>
   <div class='ocr_carea' id='block_1_9' title="bbox 381 934 2082 1010">
    <p class='ocr_par' dir='ltr' id='par_1_9' title="bbox 381 934 2082 1010">
     <span class='ocr_line' id='line_1_9' title="bbox 381 934 2082 1010; baseline -0.004 -16"><span class='ocrx_word' id='word_1_67' title='bbox 381 941 713 1010; x_wconf 84' lang='lat' dir='ltr'>redemptus</span> <span class='ocrx_word' id='word_1_68' title='bbox 764 941 847 989; x_wconf 92' lang='lat' dir='ltr'>est</span> <span class='ocrx_word' id='word_1_69' title='bbox 901 934 1168 988; x_wconf 87' lang='lat' dir='ltr'>mundus.</span> <span class='ocrx_word' id='word_1_70' title='bbox 1220 935 1330 988; x_wconf 91' lang='lat' dir='ltr'>Iste</span> <span class='ocrx_word' id='word_1_71' title='bbox 1384 951 1634 1005; x_wconf 83' lang='lat' dir='ltr'>namque</span> <span class='ocrx_word' id='word_1_72' title='bbox 1667 935 1832 1004; x_wconf 89' lang='lat' dir='ltr'>panis</span> <span class='ocrx_word' id='word_1_73' title='bbox 1872 939 1929 989; x_wconf 92' lang='lat' dir='ltr'>et</span> <span class='ocrx_word' id='word_1_74' title='bbox 1975 934 2082 988; x_wconf 91' lang='lat' dir='ltr'>iste</span> 
     </span>
    </p>
   </div>
   <div class='ocr_carea' id='block_1_10' title="bbox 382 1020 2080 1096">
    <p class='ocr_par' dir='ltr' id='par_1_10' title="bbox 382 1020 2080 1096">
     <span class='ocr_line' id='line_1_10' title="bbox 382 1020 2080 1096; baseline -0.002 -17"><span class='ocrx_word' id='word_1_75' title='bbox 382 1031 548 1096; x_wconf 90' lang='lat' dir='ltr'>potus</span> <span class='ocrx_word' id='word_1_76' title='bbox 571 1040 680 1077; x_wconf 91' lang='lat' dir='ltr'>non</span> <span class='ocrx_word' id='word_1_77' title='bbox 712 1022 1030 1076; x_wconf 89' lang='lat' dir='ltr'>secundum</span> <span class='ocrx_word' id='word_1_78' title='bbox 1061 1021 1214 1092; x_wconf 90' lang='lat' dir='ltr'>quod</span> <span class='ocrx_word' id='word_1_79' title='bbox 1240 1020 1506 1075; x_wconf 89' lang='lat' dir='ltr'>videntur</span> <span class='ocrx_word' id='word_1_80' title='bbox 1548 1038 1753 1092; x_wconf 89' lang='lat' dir='ltr'>corpus</span> <span class='ocrx_word' id='word_1_81' title='bbox 1802 1021 1917 1075; x_wconf 89' lang='lat' dir='ltr'>sive</span> <span class='ocrx_word' id='word_1_82' title='bbox 1953 1039 2080 1075; x_wconf 89' lang='lat' dir='ltr'>san-</span> 
     </span>
    </p>
   </div>
   <div class='ocr_carea' id='block_1_11' title="bbox 381 1109 2080 1181">
    <p class='ocr_par' dir='ltr' id='par_1_11' title="bbox 381 1109 2080 1181">
     <span class='ocr_line' id='line_1_11' title="bbox 381 1109 2080 1181; baseline 0 -18"><span class='ocrx_word' id='word_1_83' title='bbox 381 1111 509 1181; x_wconf 78' lang='lat' dir='ltr'>guis</span> <span class='ocrx_word' id='word_1_84' title='bbox 537 1110 786 1164; x_wconf 76' lang='lat' dir='ltr'>existunt</span> <span class='ocrx_word' id='word_1_85' title='bbox 821 1110 1046 1177; x_wconf 83' lang='lat' dir='ltr'>Christi,</span> <span class='ocrx_word' id='word_1_86' title='bbox 1083 1110 1179 1163; x_wconf 89' lang='lat' dir='ltr'>sed</span> <span class='ocrx_word' id='word_1_87' title='bbox 1215 1111 1531 1164; x_wconf 89' lang='lat' dir='ltr'>secundum</span> <span class='ocrx_word' id='word_1_88' title='bbox 1571 1111 1726 1180; x_wconf 91' lang='lat' dir='ltr'>quod</span> <span class='ocrx_word' id='word_1_89' title='bbox 1771 1109 2080 1181; x_wconf 86' lang='lat' dir='ltr'>spirituali-</span> 
     </span>
    </p>
   </div>
   <div class='ocr_carea' id='block_1_12' title="bbox 382 1198 2083 1254">
    <p class='ocr_par' dir='ltr' id='par_1_12' title="bbox 382 1198 2083 1254">
     <span class='ocr_line' id='line_1_12' title="bbox 382 1198 2083 1254; baseline 0 -2"><span class='ocrx_word' id='word_1_90' title='bbox 382 1203 468 1252; x_wconf 87' lang='lat' dir='ltr'>ter</span> <span class='ocrx_word' id='word_1_91' title='bbox 495 1198 621 1252; x_wconf 67' lang='lat' dir='ltr'>vitae</span> <span class='ocrx_word' id='word_1_92' title='bbox 651 1199 1027 1253; x_wconf 86' lang='lat' dir='ltr'>substantiam</span> <span class='ocrx_word' id='word_1_93' title='bbox 1067 1199 1528 1253; x_wconf 84' lang='lat' dir='ltr'>subministrant.</span> <span class='ocrx_word' id='word_1_94' title='bbox 1574 1198 1714 1254; x_wconf 90' lang='lat' dir='ltr'>Illud</span> <span class='ocrx_word' id='word_1_95' title='bbox 1767 1215 1896 1252; x_wconf 87' lang='lat' dir='ltr'>vero</span> <span class='ocrx_word' id='word_1_96' title='bbox 1950 1215 2083 1252; x_wconf 89' lang='lat' dir='ltr'>cor-</span> 
     </span>
    </p>
   </div>
   <div class='ocr_carea' id='block_1_13' title="bbox 379 1286 2082 1358">
    <p class='ocr_par' dir='ltr' id='par_1_13' title="bbox 379 1286 2082 1358">
     <span class='ocr_line' id='line_1_13' title="bbox 379 1286 2082 1358; baseline 0.001 -18"><span class='ocrx_word' id='word_1_97' title='bbox 379 1303 487 1356; x_wconf 88' lang='lat' dir='ltr'>pus</span> <span class='ocrx_word' id='word_1_98' title='bbox 541 1286 747 1358; x_wconf 87' lang='lat' dir='ltr'>inquo</span> <span class='ocrx_word' id='word_1_99' title='bbox 801 1288 974 1341; x_wconf 88' lang='lat' dir='ltr'>semel</span> <span class='ocrx_word' id='word_1_100' title='bbox 1025 1303 1225 1357; x_wconf 89' lang='lat' dir='ltr'>passus</span> <span class='ocrx_word' id='word_1_101' title='bbox 1283 1291 1368 1341; x_wconf 91' lang='lat' dir='ltr'>est</span> <span class='ocrx_word' id='word_1_102' title='bbox 1421 1287 1696 1352; x_wconf 78' lang='lat' dir='ltr'>Christus,</span> <span class='ocrx_word' id='word_1_103' title='bbox 1751 1304 1870 1340; x_wconf 92' lang='lat' dir='ltr'>non</span> <span class='ocrx_word' id='word_1_104' title='bbox 1911 1287 2082 1341; x_wconf 88' lang='lat' dir='ltr'>aliam</span> 
     </span>
    </p>
   </div>
   <div class='ocr_carea' id='block_1_14' title="bbox 381 1374 2083 1447">
    <p class='ocr_par' dir='ltr' id='par_1_14' title="bbox 381 1374 2083 1447">
     <span class='ocr_line' id='line_1_14' title="bbox 381 1374 2083 1447; baseline 0.001 -19"><span class='ocrx_word' id='word_1_105' title='bbox 381 1376 629 1447; x_wconf 88' lang='lat' dir='ltr'>speciem</span> <span class='ocrx_word' id='word_1_106' title='bbox 658 1376 995 1446; x_wconf 68' lang='lat' dir='ltr'>praeferebat</span> <span class='ocrx_word' id='word_1_107' title='bbox 1041 1391 1213 1446; x_wconf 86' lang='lat' dir='ltr'>quam</span> <span class='ocrx_word' id='word_1_108' title='bbox 1268 1375 1330 1428; x_wconf 91' lang='lat' dir='ltr'>in</span> <span class='ocrx_word' id='word_1_109' title='bbox 1377 1391 1490 1446; x_wconf 85' lang='lat' dir='ltr'>qua</span> <span class='ocrx_word' id='word_1_110' title='bbox 1541 1374 1914 1441; x_wconf 87' lang='lat' dir='ltr'>consistebat;</span> <span class='ocrx_word' id='word_1_111' title='bbox 1976 1375 2083 1430; x_wconf 90' lang='lat' dir='ltr'>hoc</span> 
     </span>
    </p>
   </div>
   <div class='ocr_carea' id='block_1_15' title="bbox 380 1463 2078 1535">
    <p class='ocr_par' dir='ltr' id='par_1_15' title="bbox 380 1463 2078 1535">
     <span class='ocr_line' id='line_1_15' title="bbox 380 1463 2078 1535; baseline -0.001 -17"><span class='ocrx_word' id='word_1_112' title='bbox 380 1465 538 1518; x_wconf 89' lang='lat' dir='ltr'>enim</span> <span class='ocrx_word' id='word_1_113' title='bbox 587 1469 708 1518; x_wconf 89' lang='lat' dir='ltr'>erat</span> <span class='ocrx_word' id='word_1_114' title='bbox 765 1465 919 1535; x_wconf 86' lang='lat' dir='ltr'>quod</span> <span class='ocrx_word' id='word_1_115' title='bbox 968 1480 1099 1518; x_wconf 88' lang='lat' dir='ltr'>vere</span> <span class='ocrx_word' id='word_1_116' title='bbox 1164 1464 1474 1530; x_wconf 88' lang='lat' dir='ltr'>videbatur,</span> <span class='ocrx_word' id='word_1_117' title='bbox 1520 1464 1672 1534; x_wconf 91' lang='lat' dir='ltr'>quod</span> <span class='ocrx_word' id='word_1_118' title='bbox 1719 1463 2078 1534; x_wconf 77' lang='lat' dir='ltr'>tangebatur,</span> 
     </span>
    </p>
   </div>
   <div class='ocr_carea' id='block_1_16' title="bbox 382 1552 2083 1625">
    <p class='ocr_par' dir='ltr' id='par_1_16' title="bbox 382 1552 2083 1625">
     <span class='ocr_line' id='line_1_16' title="bbox 382 1552 2083 1625; baseline -0.001 -18"><span class='ocrx_word' id='word_1_119' title='bbox 382 1553 534 1625; x_wconf 90' lang='lat' dir='ltr'>quod</span> <span class='ocrx_word' id='word_1_120' title='bbox 595 1554 1054 1624; x_wconf 86' lang='lat' dir='ltr'>crucifigebatur,</span> <span class='ocrx_word' id='word_1_121' title='bbox 1105 1553 1259 1624; x_wconf 92' lang='lat' dir='ltr'>quod</span> <span class='ocrx_word' id='word_1_122' title='bbox 1323 1552 1724 1623; x_wconf 85' lang='lat' dir='ltr'>sepeliebatur.</span> <span class='ocrx_word' id='word_1_123' title='bbox 1792 1552 2083 1622; x_wconf 57' lang='lat' dir='ltr'>jSimiliter</span> 
     </span>
    </p>
   </div>
   <div class='ocr_carea' id='block_1_17' title="bbox 381 1640 2084 1712">
    <p class='ocr_par' dir='ltr' id='par_1_17' title="bbox 381 1640 2084 1712">
     <span class='ocr_line' id='line_1_17' title="bbox 381 1640 2084 1712; baseline 0 -16"><span class='ocrx_word' id='word_1_124' title='bbox 381 1643 613 1711; x_wconf 81' lang='lat' dir='ltr'>sanguis</span> <span class='ocrx_word' id='word_1_125' title='bbox 642 1641 793 1697; x_wconf 90' lang='lat' dir='ltr'>illius</span> <span class='ocrx_word' id='word_1_126' title='bbox 824 1643 893 1696; x_wconf 92' lang='lat' dir='ltr'>de</span> <span class='ocrx_word' id='word_1_127' title='bbox 926 1642 1096 1696; x_wconf 86' lang='lat' dir='ltr'>latere</span> <span class='ocrx_word' id='word_1_128' title='bbox 1128 1657 1389 1707; x_wconf 89' lang='lat' dir='ltr'>manans,</span> <span class='ocrx_word' id='word_1_129' title='bbox 1427 1656 1541 1694; x_wconf 90' lang='lat' dir='ltr'>non</span> <span class='ocrx_word' id='word_1_130' title='bbox 1573 1640 1729 1696; x_wconf 88' lang='lat' dir='ltr'>aliud</span> <span class='ocrx_word' id='word_1_131' title='bbox 1771 1641 2084 1712; x_wconf 86' lang='lat' dir='ltr'>apparebat</span> 
     </span>
    </p>
   </div>
   <div class='ocr_carea' id='block_1_18' title="bbox 381 1730 2150 1806">
    <p class='ocr_par' dir='ltr' id='par_1_18' title="bbox 381 1730 2150 1806">
     <span class='ocr_line' id='line_1_18' title="bbox 381 1730 2150 1806; baseline -0.001 -22"><span class='ocrx_word' id='word_1_132' title='bbox 381 1731 628 1785; x_wconf 80' lang='lat' dir='ltr'>exterius</span> <span class='ocrx_word' id='word_1_133' title='bbox 665 1737 719 1786; x_wconf 89' lang='lat' dir='ltr'>et</span> <span class='ocrx_word' id='word_1_134' title='bbox 775 1731 931 1786; x_wconf 90' lang='lat' dir='ltr'>aliud</span> <span class='ocrx_word' id='word_1_135' title='bbox 987 1731 1228 1785; x_wconf 87' lang='lat' dir='ltr'>interius</span> <span class='ocrx_word' id='word_1_136' title='bbox 1285 1730 1616 1797; x_wconf 81' lang='lat' dir='ltr'>obvelabat;</span> <span class='ocrx_word' id='word_1_137' title='bbox 1667 1740 1691 1764; x_wconf 80' lang='grc'>⁸</span> <span class='ocrx_word' id='word_1_138' title='bbox 1748 1746 1918 1785; x_wconf 86' lang='lat' dir='ltr'>verus</span> <span class='ocrx_word' id='word_1_139' title='bbox 1974 1730 2150 1806; x_wconf 77' lang='lat' dir='ltr'>ita-C</span> 
     </span>
    </p>
   </div>
   <div class='ocr_carea' id='block_1_19' title="bbox 383 1818 2086 1891">
    <p class='ocr_par' dir='ltr' id='par_1_19' title="bbox 383 1818 2086 1891">
     <span class='ocr_line' id='line_1_19' title="bbox 383 1818 2086 1891; baseline -0.001 -17"><span class='ocrx_word' id='word_1_140' title='bbox 383 1834 496 1891; x_wconf 91' lang='lat' dir='ltr'>que</span> <span class='ocrx_word' id='word_1_141' title='bbox 537 1819 770 1890; x_wconf 83' lang='lat' dir='ltr'>sanguis</span> <span class='ocrx_word' id='word_1_142' title='bbox 818 1821 886 1874; x_wconf 89' lang='lat' dir='ltr'>de</span> <span class='ocrx_word' id='word_1_143' title='bbox 932 1835 1065 1874; x_wconf 86' lang='lat' dir='ltr'>vero</span> <span class='ocrx_word' id='word_1_144' title='bbox 1117 1834 1358 1890; x_wconf 90' lang='lat' dir='ltr'>corpore</span> <span class='ocrx_word' id='word_1_145' title='bbox 1411 1818 1756 1888; x_wconf 87' lang='lat' dir='ltr'>proﬂuebat.</span> <span class='ocrx_word' id='word_1_146' title='bbox 1808 1823 1878 1873; x_wconf 85' lang='lat' dir='ltr'>At</span> <span class='ocrx_word' id='word_1_147' title='bbox 1936 1835 2086 1872; x_wconf 90' lang='lat' dir='ltr'>nunc</span> 
     </span>
    </p>
   </div>
   <div class='ocr_carea' id='block_1_20' title="bbox 382 1909 2084 1982">
    <p class='ocr_par' dir='ltr' id='par_1_20' title="bbox 382 1909 2084 1982">
     <span class='ocr_line' id='line_1_20' title="bbox 382 1909 2084 1982; baseline 0.001 -19"><span class='ocrx_word' id='word_1_148' title='bbox 382 1910 616 1982; x_wconf 81' lang='lat' dir='ltr'>sanguis</span> <span class='ocrx_word' id='word_1_149' title='bbox 645 1910 852 1966; x_wconf 89' lang='lat' dir='ltr'>Christi</span> <span class='ocrx_word' id='word_1_150' title='bbox 884 1925 1057 1980; x_wconf 87' lang='lat' dir='ltr'>quem</span> <span class='ocrx_word' id='word_1_151' title='bbox 1118 1909 1413 1963; x_wconf 89' lang='lat' dir='ltr'>credentes</span> <span class='ocrx_word' id='word_1_152' title='bbox 1457 1909 1718 1978; x_wconf 90' lang='lat' dir='ltr'>ebibunt,</span> <span class='ocrx_word' id='word_1_153' title='bbox 1775 1915 1830 1963; x_wconf 89' lang='lat' dir='ltr'>et</span> <span class='ocrx_word' id='word_1_154' title='bbox 1878 1925 2084 1981; x_wconf 91' lang='lat' dir='ltr'>corpus</span> 
     </span>
    </p>
   </div>
   <div class='ocr_carea' id='block_1_21' title="bbox 382 2064 2080 2134">
    <p class='ocr_par' dir='ltr' id='par_1_21' title="bbox 382 2064 2080 2134">
     <span class='ocr_line' id='line_1_21' title="bbox 382 2064 2080 2134; baseline -0.005 -10"><span class='ocrx_word' id='word_1_155' title='bbox 382 2068 473 2124; x_wconf 86' lang='lat' dir='ltr'>his</span> <span class='ocrx_word' id='word_1_156' title='bbox 503 2067 752 2120; x_wconf 89' lang='lat' dir='ltr'>libenter</span> <span class='ocrx_word' id='word_1_157' title='bbox 777 2064 996 2119; x_wconf 80' lang='lat' dir='ltr'>affatim</span> <span class='ocrx_word' id='word_1_158' title='bbox 1027 2069 1082 2117; x_wconf 90' lang='lat' dir='ltr'>et</span> <span class='ocrx_word' id='word_1_159' title='bbox 1120 2064 1332 2134; x_wconf 89' lang='lat' dir='ltr'>passim</span> <span class='ocrx_word' id='word_1_160' title='bbox 1377 2079 1632 2117; x_wconf 88' lang='lat' dir='ltr'>annuere</span> <span class='ocrx_word' id='word_1_161' title='bbox 1680 2065 2080 2128; x_wconf 83' lang='lat' dir='ltr'>Ratramnum,</span> 
     </span>
    </p>
   </div>
   <div class='ocr_carea' id='block_1_22' title="bbox 381 2133 2083 2208">
    <p class='ocr_par' dir='ltr' id='par_1_22' title="bbox 381 2133 2083 2208">
     <span class='ocr_line' id='line_1_22' title="bbox 381 2133 2083 2208; baseline -0.001 -19"><span class='ocrx_word' id='word_1_162' title='bbox 381 2135 707 2208; x_wconf 64' lang='lat' dir='ltr'>praesertim</span> <span class='ocrx_word' id='word_1_163' title='bbox 740 2151 981 2208; x_wconf 85' lang='lat' dir='ltr'>numero</span> <span class='ocrx_word' id='word_1_164' title='bbox 1011 2135 1099 2198; x_wconf 62' lang='lat' dir='ltr'>2&#39;s,</span> <span class='ocrx_word' id='word_1_165' title='bbox 1122 2133 1215 2208; x_wconf 34' lang='lat' dir='ltr'>lin</span> <span class='ocrx_word' id='word_1_166' title='bbox 1248 2150 1362 2208; x_wconf 84' lang='lat' dir='ltr'>quo</span> <span class='ocrx_word' id='word_1_167' title='bbox 1396 2134 1494 2208; x_wconf 90' lang='lat' dir='ltr'>sic</span> <span class='ocrx_word' id='word_1_168' title='bbox 1524 2135 1691 2188; x_wconf 89' lang='lat' dir='ltr'>fatur.</span> <span class='ocrx_word' id='word_1_169' title='bbox 1714 2137 2083 2208; x_wconf 20' lang='lat' dir='ltr'>Consequen-A</span> 
     </span>
    </p>
   </div>
   <div class='ocr_carea' id='block_1_23' title="bbox 386 2203 2083 2275">
    <p class='ocr_par' dir='ltr' id='par_1_23' title="bbox 386 2203 2083 2275">
     <span class='ocr_line' id='line_1_23' title="bbox 386 2203 2083 2275; baseline -0.001 -14"><span class='ocrx_word' id='word_1_170' title='bbox 386 2203 466 2262; x_wconf 79' lang='lat' dir='ltr'>ter</span> <span class='ocrx_word' id='word_1_171' title='bbox 494 2207 697 2275; x_wconf 77' lang='lat' dir='ltr'>adjecit</span> <span class='ocrx_word' id='word_1_172' title='bbox 739 2206 1028 2272; x_wconf 80' lang='lat' dir='ltr'>Apostolus</span> <span class='ocrx_word' id='word_1_173' title='bbox 1063 2221 1076 2258; x_wconf 94' lang='lat'>:</span> <span class='ocrx_word' id='word_1_174' title='bbox 1132 2203 1409 2258; x_wconf 88' lang='lat' dir='ltr'>Bibebant</span> <span class='ocrx_word' id='word_1_175' title='bbox 1456 2210 1648 2258; x_wconf 88' lang='lat' dir='ltr'>autem</span> <span class='ocrx_word' id='word_1_176' title='bbox 1697 2205 1765 2258; x_wconf 90' lang='lat' dir='ltr'>de</span> <span class='ocrx_word' id='word_1_177' title='bbox 1797 2203 2083 2274; x_wconf 85' lang='lat' dir='ltr'>spirituali</span> 
     </span>
    </p>
   </div>
   <div class='ocr_carea' id='block_1_24' title="bbox 387 2276 2078 2347">
    <p class='ocr_par' dir='ltr' id='par_1_24' title="bbox 387 2276 2078 2347">
     <span class='ocr_line' id='line_1_24' title="bbox 387 2276 2078 2347; baseline -0.002 -16"><span class='ocrx_word' id='word_1_178' title='bbox 387 2277 758 2347; x_wconf 85' lang='lat' dir='ltr'>consequenti</span> <span class='ocrx_word' id='word_1_179' title='bbox 789 2292 887 2328; x_wconf 90' lang='lat' dir='ltr'>eos</span> <span class='ocrx_word' id='word_1_180' title='bbox 943 2282 1149 2347; x_wconf 73' lang='lat' dir='ltr'>petra;</span> <span class='ocrx_word' id='word_1_181' title='bbox 1205 2280 1364 2344; x_wconf 88' lang='lat' dir='ltr'>petra</span> <span class='ocrx_word' id='word_1_182' title='bbox 1396 2280 1585 2328; x_wconf 87' lang='lat' dir='ltr'>autem</span> <span class='ocrx_word' id='word_1_183' title='bbox 1640 2281 1761 2329; x_wconf 90' lang='lat' dir='ltr'>erat</span> <span class='ocrx_word' id='word_1_184' title='bbox 1805 2276 2078 2330; x_wconf 88' lang='lat' dir='ltr'>Christus.</span> 
     </span>
    </p>
   </div>
   <div class='ocr_carea' id='block_1_25' title="bbox 388 2345 2084 2414">
    <p class='ocr_par' dir='ltr' id='par_1_25' title="bbox 388 2345 2084 2414">
     <span class='ocr_line' id='line_1_25' title="bbox 388 2345 2084 2414; baseline -0.002 -10"><span class='ocrx_word' id='word_1_185' title='bbox 388 2351 457 2404; x_wconf 95' lang='lat' dir='ltr'>Ut</span> <span class='ocrx_word' id='word_1_186' title='bbox 508 2345 959 2414; x_wconf 29' lang='lat' dir='ltr'>intelligeremus’</span> <span class='ocrx_word' id='word_1_187' title='bbox 996 2349 1054 2400; x_wconf 88' lang='lat' dir='ltr'>in</span> <span class='ocrx_word' id='word_1_188' title='bbox 1111 2345 1317 2399; x_wconf 84' lang='lat' dir='ltr'>deserto</span> <span class='ocrx_word' id='word_1_189' title='bbox 1367 2347 1650 2400; x_wconf 77' lang='lat' dir='ltr'>Christum</span> <span class='ocrx_word' id='word_1_190' title='bbox 1688 2349 1748 2400; x_wconf 89' lang='lat' dir='ltr'>in</span> <span class='ocrx_word' id='word_1_191' title='bbox 1797 2348 2084 2414; x_wconf 80' lang='lat' dir='ltr'>spirituali</span> 
     </span>
    </p>
   </div>
   <div class='ocr_carea' id='block_1_26' title="bbox 385 2417 2083 2486">
    <p class='ocr_par' dir='ltr' id='par_1_26' title="bbox 385 2417 2083 2486">
     <span class='ocr_line' id='line_1_26' title="bbox 385 2417 2083 2486; baseline -0.001 -14"><span class='ocrx_word' id='word_1_192' title='bbox 385 2423 542 2486; x_wconf 83' lang='lat' dir='ltr'>petra</span> <span class='ocrx_word' id='word_1_193' title='bbox 590 2420 891 2472; x_wconf 68' lang='lat' dir='ltr'>constitisse</span> <span class='ocrx_word' id='word_1_194' title='bbox 933 2423 983 2470; x_wconf 83' lang='lat' dir='ltr'>et</span> <span class='ocrx_word' id='word_1_195' title='bbox 1033 2419 1120 2470; x_wconf 87' lang='lat' dir='ltr'>sui</span> <span class='ocrx_word' id='word_1_196' title='bbox 1149 2418 1432 2481; x_wconf 75' lang='lat' dir='ltr'>sanguinis</span> <span class='ocrx_word' id='word_1_197' title='bbox 1464 2417 1666 2470; x_wconf 86' lang='lat' dir='ltr'>undam</span> <span class='ocrx_word' id='word_1_198' title='bbox 1699 2418 1895 2486; x_wconf 76' lang='lat' dir='ltr'>populo</span> <span class='ocrx_word' id='word_1_199' title='bbox 1942 2434 2083 2486; x_wconf 77' lang='lat' dir='ltr'>prae-</span> 
     </span>
    </p>
   </div>
   <div class='ocr_carea' id='block_1_27' title="bbox 387 2488 2082 2558">
    <p class='ocr_par' dir='ltr' id='par_1_27' title="bbox 387 2488 2082 2558">
     <span class='ocr_line' id='line_1_27' title="bbox 387 2488 2082 2558; baseline -0.001 -15"><span class='ocrx_word' id='word_1_200' title='bbox 387 2490 584 2556; x_wconf 88' lang='lat' dir='ltr'>buisse,</span> <span class='ocrx_word' id='word_1_201' title='bbox 625 2490 723 2556; x_wconf 81' lang='lat' dir='ltr'>qui</span> <span class='ocrx_word' id='word_1_202' title='bbox 752 2494 937 2557; x_wconf 86' lang='lat' dir='ltr'>postea</span> <span class='ocrx_word' id='word_1_203' title='bbox 974 2502 1166 2555; x_wconf 87' lang='lat' dir='ltr'>corpus</span> <span class='ocrx_word' id='word_1_204' title='bbox 1215 2488 1280 2541; x_wconf 88' lang='lat' dir='ltr'>de</span> <span class='ocrx_word' id='word_1_205' title='bbox 1338 2489 1556 2554; x_wconf 78' lang='lat' dir='ltr'>Virgine</span> <span class='ocrx_word' id='word_1_206' title='bbox 1581 2495 1854 2557; x_wconf 84' lang='lat' dir='ltr'>sumptum</span> <span class='ocrx_word' id='word_1_207' title='bbox 1891 2493 1941 2542; x_wconf 89' lang='lat' dir='ltr'>et</span> <span class='ocrx_word' id='word_1_208' title='bbox 1983 2504 2082 2558; x_wconf 85' lang='lat' dir='ltr'>pro</span> 
     </span>
    </p>
   </div>
   <div class='ocr_carea' id='block_1_28' title="bbox 383 2559 2079 2626">
    <p class='ocr_par' dir='ltr' id='par_1_28' title="bbox 383 2559 2079 2626">
     <span class='ocr_line' id='line_1_28' title="bbox 383 2559 2079 2626; baseline 0.001 -13"><span class='ocrx_word' id='word_1_209' title='bbox 383 2561 558 2614; x_wconf 88' lang='lat' dir='ltr'>salute</span> <span class='ocrx_word' id='word_1_210' title='bbox 601 2559 931 2612; x_wconf 77' lang='lat' dir='ltr'>credentium</span> <span class='ocrx_word' id='word_1_211' title='bbox 989 2561 1046 2612; x_wconf 88' lang='lat' dir='ltr'>in</span> <span class='ocrx_word' id='word_1_212' title='bbox 1101 2573 1254 2612; x_wconf 87' lang='lat' dir='ltr'>cruce</span> <span class='ocrx_word' id='word_1_213' title='bbox 1281 2574 1598 2626; x_wconf 86' lang='lat' dir='ltr'>suspensum</span> <span class='ocrx_word' id='word_1_214' title='bbox 1628 2563 1827 2613; x_wconf 78' lang='lat' dir='ltr'>nostris</span> <span class='ocrx_word' id='word_1_215' title='bbox 1871 2561 2079 2614; x_wconf 54' lang='lat' dir='ltr'>seculis</span> 
     </span>
    </p>
   </div>
   <div class='ocr_carea' id='block_1_29' title="bbox 385 2629 2082 2698">
    <p class='ocr_par' dir='ltr' id='par_1_29' title="bbox 385 2629 2082 2698">
     <span class='ocr_line' id='line_1_29' title="bbox 385 2629 2082 2698; baseline 0 -14"><span class='ocrx_word' id='word_1_216' title='bbox 385 2630 634 2684; x_wconf 70' lang='lat' dir='ltr'>erchibuit</span> <span class='ocrx_word' id='word_1_217' title='bbox 662 2635 712 2682; x_wconf 90' lang='lat' dir='ltr'>et</span> <span class='ocrx_word' id='word_1_218' title='bbox 745 2646 811 2682; x_wconf 79' lang='lat' dir='ltr'>ea:</span> <span class='ocrx_word' id='word_1_219' title='bbox 849 2645 906 2682; x_wconf 92' lang='lat' dir='ltr'>eo</span> <span class='ocrx_word' id='word_1_220' title='bbox 943 2631 1230 2697; x_wconf 78' lang='lat' dir='ltr'>sanguinis</span> <span class='ocrx_word' id='word_1_221' title='bbox 1273 2631 1476 2683; x_wconf 87' lang='lat' dir='ltr'>undam</span> <span class='ocrx_word' id='word_1_222' title='bbox 1531 2629 1749 2698; x_wconf 75' lang='lat' dir='ltr'>effudit,</span> <span class='ocrx_word' id='word_1_223' title='bbox 1801 2646 1904 2698; x_wconf 87' lang='lat' dir='ltr'>quo</span> <span class='ocrx_word' id='word_1_224' title='bbox 1976 2647 2082 2684; x_wconf 92' lang='lat' dir='ltr'>non</span> 
     </span>
    </p>
   </div>
   <div class='ocr_carea' id='block_1_30' title="bbox 384 2701 2077 2769">
    <p class='ocr_par' dir='ltr' id='par_1_30' title="bbox 384 2701 2077 2769">
     <span class='ocr_line' id='line_1_30' title="bbox 384 2701 2077 2769; baseline -0.001 -14"><span class='ocrx_word' id='word_1_225' title='bbox 384 2703 556 2756; x_wconf 89' lang='lat' dir='ltr'>solum</span> <span class='ocrx_word' id='word_1_226' title='bbox 608 2701 1012 2765; x_wconf 78' lang='lat' dir='ltr'>redimeremur,</span> <span class='ocrx_word' id='word_1_227' title='bbox 1075 2715 1260 2753; x_wconf 84' lang='lat' dir='ltr'>verum</span> <span class='ocrx_word' id='word_1_228' title='bbox 1313 2703 1476 2754; x_wconf 90' lang='lat' dir='ltr'>etiam</span> <span class='ocrx_word' id='word_1_229' title='bbox 1529 2709 1866 2769; x_wconf 78' lang='lat' dir='ltr'>potaremur.</span> <span class='ocrx_word' id='word_1_230' title='bbox 1923 2702 2077 2755; x_wconf 90' lang='lat' dir='ltr'>Idem</span> 
     </span>
    </p>
   </div>
   <div class='ocr_carea' id='block_1_31' title="bbox 382 2771 2083 2842">
    <p class='ocr_par' dir='ltr' id='par_1_31' title="bbox 382 2771 2083 2842">
     <span class='ocr_line' id='line_1_31' title="bbox 382 2771 2083 2842; baseline 0.001 -18"><span class='ocrx_word' id='word_1_231' title='bbox 382 2777 618 2842; x_wconf 58' lang='lat' dir='ltr'>praestat</span> <span class='ocrx_word' id='word_1_232' title='bbox 649 2772 989 2840; x_wconf 88' lang='lat' dir='ltr'>plerumque</span> <span class='ocrx_word' id='word_1_233' title='bbox 1023 2771 1082 2823; x_wconf 90' lang='lat' dir='ltr'>in</span> <span class='ocrx_word' id='word_1_234' title='bbox 1140 2771 1267 2822; x_wconf 87' lang='lat' dir='ltr'>aliis</span> <span class='ocrx_word' id='word_1_235' title='bbox 1299 2771 1437 2824; x_wconf 89' lang='lat' dir='ltr'>locis</span> <span class='ocrx_word' id='word_1_236' title='bbox 1492 2772 1698 2842; x_wconf 87' lang='lat' dir='ltr'>quibus</span> <span class='ocrx_word' id='word_1_237' title='bbox 1726 2773 2083 2841; x_wconf 78' lang='lat' dir='ltr'>recognoscit</span> 
     </span>
    </p>
   </div>
   <div class='ocr_carea' id='block_1_32' title="bbox 386 2841 2080 2914">
    <p class='ocr_par' dir='ltr' id='par_1_32' title="bbox 386 2841 2080 2914">
     <span class='ocr_line' id='line_1_32' title="bbox 386 2841 2080 2914; baseline -0.001 -18"><span class='ocrx_word' id='word_1_238' title='bbox 386 2841 670 2914; x_wconf 76' lang='lat' dir='ltr'>expresse</span> <span class='ocrx_word' id='word_1_239' title='bbox 717 2841 1218 2914; x_wconf 78' lang='lat' dir='ltr'>commutationem</span> <span class='ocrx_word' id='word_1_240' title='bbox 1271 2843 1435 2910; x_wconf 86' lang='lat' dir='ltr'>panis</span> <span class='ocrx_word' id='word_1_241' title='bbox 1494 2841 1551 2896; x_wconf 77' lang='lat' dir='ltr'>in</span> <span class='ocrx_word' id='word_1_242' title='bbox 1619 2859 1814 2914; x_wconf 87' lang='lat' dir='ltr'>verum</span> <span class='ocrx_word' id='word_1_243' title='bbox 1874 2859 2080 2914; x_wconf 81' lang='lat' dir='ltr'>corpus</span> 
     </span>
    </p>
   </div>
   <div class='ocr_carea' id='block_1_33' title="bbox 383 2911 2080 2984">
    <p class='ocr_par' dir='ltr' id='par_1_33' title="bbox 383 2911 2080 2984">
     <span class='ocr_line' id='line_1_33' title="bbox 383 2911 2080 2984; baseline -0.001 -16"><span class='ocrx_word' id='word_1_244' title='bbox 383 2911 517 2968; x_wconf 78' lang='lat' dir='ltr'>Jesu</span> <span class='ocrx_word' id='word_1_245' title='bbox 545 2911 750 2967; x_wconf 86' lang='lat' dir='ltr'>Christi</span> <span class='ocrx_word' id='word_1_246' title='bbox 783 2915 842 2966; x_wconf 86' lang='lat' dir='ltr'>et</span> <span class='ocrx_word' id='word_1_247' title='bbox 886 2911 1000 2965; x_wconf 89' lang='lat' dir='ltr'>vini</span> <span class='ocrx_word' id='word_1_248' title='bbox 1055 2911 1117 2984; x_wconf 84' lang='lat' dir='ltr'>in</span> <span class='ocrx_word' id='word_1_249' title='bbox 1149 2914 1487 2984; x_wconf 86' lang='lat' dir='ltr'>sanguinem</span> <span class='ocrx_word' id='word_1_250' title='bbox 1554 2913 1873 2984; x_wconf 91' lang='lat' dir='ltr'>proprium.</span> <span class='ocrx_word' id='word_1_251' title='bbox 1919 2911 2080 2976; x_wconf 86' lang='lat' dir='ltr'>Quod</span> 
     </span>
    </p>
   </div>
   <div class='ocr_carea' id='block_1_34' title="bbox 385 2983 2077 3054">
    <p class='ocr_par' dir='ltr' id='par_1_34' title="bbox 385 2983 2077 3054">
     <span class='ocr_line' id='line_1_34' title="bbox 385 2983 2077 3054; baseline -0.001 -16"><span class='ocrx_word' id='word_1_252' title='bbox 385 2988 604 3054; x_wconf 88' lang='lat' dir='ltr'>spectat</span> <span class='ocrx_word' id='word_1_253' title='bbox 631 2984 875 3036; x_wconf 90' lang='lat' dir='ltr'>alterum</span> <span class='ocrx_word' id='word_1_254' title='bbox 917 2983 1069 3054; x_wconf 86' lang='lat' dir='ltr'>quod</span> <span class='ocrx_word' id='word_1_255' title='bbox 1096 2983 1324 3054; x_wconf 83' lang='lat' dir='ltr'>nomine</span> <span class='ocrx_word' id='word_1_256' title='bbox 1355 2989 1520 3036; x_wconf 81' lang='lat' dir='ltr'>tenus</span> <span class='ocrx_word' id='word_1_257' title='bbox 1565 2989 1651 3037; x_wconf 91' lang='lat' dir='ltr'>est</span> <span class='ocrx_word' id='word_1_258' title='bbox 1671 2983 1892 3054; x_wconf 86' lang='lat' dir='ltr'>corpus</span> <span class='ocrx_word' id='word_1_259' title='bbox 1916 2984 2077 3039; x_wconf 90' lang='lat' dir='ltr'>Chri-</span> 
     </span>
    </p>
   </div>
   <div class='ocr_carea' id='block_1_35' title="bbox 386 3053 2079 3123">
    <p class='ocr_par' dir='ltr' id='par_1_35' title="bbox 386 3053 2079 3123">
     <span class='ocr_line' id='line_1_35' title="bbox 386 3053 2079 3123; baseline 0 -15"><span class='ocrx_word' id='word_1_260' title='bbox 386 3055 458 3109; x_wconf 89' lang='lat' dir='ltr'>sti</span> <span class='ocrx_word' id='word_1_261' title='bbox 500 3053 1234 3123; x_wconf 25' lang='lat' dir='ltr'>nuncupatlim,’seiisibiis</span> <span class='ocrx_word' id='word_1_262' title='bbox 1283 3054 1598 3122; x_wconf 81' lang='lat' dir='ltr'>subjectum</span> <span class='ocrx_word' id='word_1_263' title='bbox 1651 3060 1707 3109; x_wconf 84' lang='lat' dir='ltr'>et</span> <span class='ocrx_word' id='word_1_264' title='bbox 1769 3053 1990 3109; x_wconf 79' lang='lat' dir='ltr'>friabile</span> <span class='ocrx_word' id='word_1_265' title='bbox 2022 3054 2079 3108; x_wconf 89' lang='lat' dir='ltr'>in</span> 
     </span>
    </p>
   </div>
   <div class='ocr_carea' id='block_1_36' title="bbox 386 3123 2081 3196">
    <p class='ocr_par' dir='ltr' id='par_1_36' title="bbox 386 3123 2081 3196">
     <span class='ocr_line' id='line_1_36' title="bbox 386 3123 2081 3196; baseline 0 -17"><span class='ocrx_word' id='word_1_266' title='bbox 386 3125 758 3186; x_wconf 86' lang='lat' dir='ltr'>Eucharistia,</span> <span class='ocrx_word' id='word_1_267' title='bbox 787 3141 903 3178; x_wconf 89' lang='lat' dir='ltr'>non</span> <span class='ocrx_word' id='word_1_268' title='bbox 941 3123 1093 3178; x_wconf 88' lang='lat' dir='ltr'>idem</span> <span class='ocrx_word' id='word_1_269' title='bbox 1125 3131 1231 3191; x_wconf 86' lang='lat' dir='ltr'>est,</span> <span class='ocrx_word' id='word_1_270' title='bbox 1287 3126 1478 3195; x_wconf 84' lang='lat' dir='ltr'>aliqua</span> <span class='ocrx_word' id='word_1_271' title='bbox 1508 3124 1750 3192; x_wconf 88' lang='lat' dir='ltr'>ratione,</span> <span class='ocrx_word' id='word_1_272' title='bbox 1785 3126 1937 3196; x_wconf 90' lang='lat' dir='ltr'>quod</span> <span class='ocrx_word' id='word_1_273' title='bbox 1973 3126 2081 3179; x_wconf 88' lang='lat' dir='ltr'>fuit</span> 
     </span>
    </p>
   </div>
   <div class='ocr_carea' id='block_1_37' title="bbox 387 3195 2080 3268">
    <p class='ocr_par' dir='ltr' id='par_1_37' title="bbox 387 3195 2080 3268">
     <span class='ocr_line' id='line_1_37' title="bbox 387 3195 2080 3268; baseline 0.002 -20"><span class='ocrx_word' id='word_1_274' title='bbox 387 3195 538 3268; x_wconf 72' lang='lat' dir='ltr'>cruci</span> <span class='ocrx_word' id='word_1_275' title='bbox 569 3197 822 3249; x_wconf 77' lang='lat' dir='ltr'>affixam.</span> <span class='ocrx_word' id='word_1_276' title='bbox 881 3197 1282 3268; x_wconf 68' lang='lat' dir='ltr'>Verumtamen</span> <span class='ocrx_word' id='word_1_277' title='bbox 1341 3197 1640 3250; x_wconf 82' lang='lat' dir='ltr'>observare</span> <span class='ocrx_word' id='word_1_278' title='bbox 1679 3195 1887 3251; x_wconf 88' lang='lat' dir='ltr'>iterum</span> <span class='ocrx_word' id='word_1_279' title='bbox 1914 3199 2080 3268; x_wconf 86' lang='lat' dir='ltr'>juvat</span> 
     </span>
    </p>
   </div>
   <div class='ocr_carea' id='block_1_38' title="bbox 384 3267 2079 3339">
    <p class='ocr_par' dir='ltr' id='par_1_38' title="bbox 384 3267 2079 3339">
     <span class='ocr_line' id='line_1_38' title="bbox 384 3267 2079 3339; baseline 0 -18"><span class='ocrx_word' id='word_1_280' title='bbox 384 3267 538 3321; x_wconf 87' lang='lat' dir='ltr'>hunc</span> <span class='ocrx_word' id='word_1_281' title='bbox 577 3283 784 3334; x_wconf 87' lang='lat' dir='ltr'>panem</span> <span class='ocrx_word' id='word_1_282' title='bbox 815 3271 871 3319; x_wconf 90' lang='lat' dir='ltr'>et</span> <span class='ocrx_word' id='word_1_283' title='bbox 893 3267 998 3320; x_wconf 92' lang='lat' dir='ltr'>hoc</span> <span class='ocrx_word' id='word_1_284' title='bbox 1020 3268 1891 3339; x_wconf 24' lang='lat' dir='ltr'>vinum‘postconsecrationem</span> <span class='ocrx_word' id='word_1_285' title='bbox 1921 3267 2079 3339; x_wconf 64' lang='lat' dir='ltr'>quae</span> 
     </span>
    </p>
   </div>
   <div class='ocr_carea' id='block_1_39' title="bbox 384 3336 2081 3407">
    <p class='ocr_par' dir='ltr' id='par_1_39' title="bbox 384 3336 2081 3407">
     <span class='ocr_line' id='line_1_39' title="bbox 384 3336 2081 3407; baseline 0.001 -16"><span class='ocrx_word' id='word_1_286' title='bbox 384 3343 606 3392; x_wconf 88' lang='lat' dir='ltr'>tantum</span> <span class='ocrx_word' id='word_1_287' title='bbox 650 3339 772 3391; x_wconf 87' lang='lat' dir='ltr'>vela</span> <span class='ocrx_word' id='word_1_288' title='bbox 804 3343 937 3390; x_wconf 89' lang='lat' dir='ltr'>sunt</span> <span class='ocrx_word' id='word_1_289' title='bbox 965 3343 1021 3390; x_wconf 89' lang='lat' dir='ltr'>et</span> <span class='ocrx_word' id='word_1_290' title='bbox 1049 3336 1296 3407; x_wconf 87' lang='lat' dir='ltr'>syparia,</span> <span class='ocrx_word' id='word_1_291' title='bbox 1340 3337 1394 3389; x_wconf 90' lang='lat' dir='ltr'>id</span> <span class='ocrx_word' id='word_1_292' title='bbox 1437 3343 1524 3390; x_wconf 87' lang='lat' dir='ltr'>est</span> <span class='ocrx_word' id='word_1_293' title='bbox 1571 3339 1790 3402; x_wconf 90' lang='lat' dir='ltr'>albedo,</span> <span class='ocrx_word' id='word_1_294' title='bbox 1824 3336 2081 3392; x_wconf 81' lang='lat' dir='ltr'>rotundi-</span> 
     </span>
    </p>
   </div>
   <div class='ocr_carea' id='block_1_40' title="bbox 387 3407 2076 3478">
    <p class='ocr_par' dir='ltr' id='par_1_40' title="bbox 387 3407 2076 3478">
     <span class='ocr_line' id='line_1_40' title="bbox 387 3407 2076 3478; baseline -0.001 -16"><span class='ocrx_word' id='word_1_295' title='bbox 387 3413 472 3462; x_wconf 87' lang='lat' dir='ltr'>tas</span> <span class='ocrx_word' id='word_1_296' title='bbox 497 3413 553 3460; x_wconf 92' lang='lat' dir='ltr'>et</span> <span class='ocrx_word' id='word_1_297' title='bbox 590 3408 868 3474; x_wconf 85' lang='lat' dir='ltr'>extensio,</span> <span class='ocrx_word' id='word_1_298' title='bbox 901 3425 1029 3477; x_wconf 65' lang='lat' dir='ltr'>quae</span> <span class='ocrx_word' id='word_1_299' title='bbox 1085 3409 1383 3460; x_wconf 89' lang='lat' dir='ltr'>oculorum</span> <span class='ocrx_word' id='word_1_300' title='bbox 1417 3407 1592 3460; x_wconf 89' lang='lat' dir='ltr'>aciem</span> <span class='ocrx_word' id='word_1_301' title='bbox 1645 3410 2076 3478; x_wconf 85' lang='lat' dir='ltr'>perstringunt;</span> 
     </span>
    </p>
   </div>
   <div class='ocr_carea' id='block_1_41' title="bbox 385 3477 2080 3548">
    <p class='ocr_par' dir='ltr' id='par_1_41' title="bbox 385 3477 2080 3548">
     <span class='ocr_line' id='line_1_41' title="bbox 385 3477 2080 3548; baseline -0.001 -16"><span class='ocrx_word' id='word_1_302' title='bbox 385 3479 496 3533; x_wconf 91' lang='lat' dir='ltr'>hoc</span> <span class='ocrx_word' id='word_1_303' title='bbox 523 3479 754 3532; x_wconf 82' lang='lat' dir='ltr'>nomine</span> <span class='ocrx_word' id='word_1_304' title='bbox 782 3494 896 3530; x_wconf 92' lang='lat' dir='ltr'>non</span> <span class='ocrx_word' id='word_1_305' title='bbox 942 3483 1077 3530; x_wconf 80' lang='lat' dir='ltr'>sunt</span> <span class='ocrx_word' id='word_1_306' title='bbox 1107 3485 1450 3548; x_wconf 70' lang='lat' dir='ltr'>nuncupata:</span> <span class='ocrx_word' id='word_1_307' title='bbox 1482 3477 1760 3530; x_wconf 90' lang='lat' dir='ltr'>collectim</span> <span class='ocrx_word' id='word_1_308' title='bbox 1796 3477 1921 3531; x_wconf 76' lang='lat' dir='ltr'>nisi</span> <span class='ocrx_word' id='word_1_309' title='bbox 1946 3481 2080 3548; x_wconf 88' lang='lat' dir='ltr'>quia</span> 
     </span>
    </p>
   </div>
   <div class='ocr_carea' id='block_1_42' title="bbox 388 3547 2079 3619">
    <p class='ocr_par' dir='ltr' id='par_1_42' title="bbox 388 3547 2079 3619">
     <span class='ocr_line' id='line_1_42' title="bbox 388 3547 2079 3619; baseline 0 -16"><span class='ocrx_word' id='word_1_310' title='bbox 388 3554 522 3603; x_wconf 89' lang='lat' dir='ltr'>sunt</span> <span class='ocrx_word' id='word_1_311' title='bbox 559 3549 755 3619; x_wconf 71' lang='lat' dir='ltr'>aliqua</span> <span class='ocrx_word' id='word_1_312' title='bbox 782 3548 988 3619; x_wconf 81' lang='lat' dir='ltr'>agendi</span> <span class='ocrx_word' id='word_1_313' title='bbox 1019 3547 1514 3619; x_wconf 16' lang='lat' dir='ltr'>rationedmirifica</span> <span class='ocrx_word' id='word_1_314' title='bbox 1544 3564 1754 3616; x_wconf 89' lang='lat' dir='ltr'>corpus</span> <span class='ocrx_word' id='word_1_315' title='bbox 1781 3547 2079 3618; x_wconf 81' lang='lat' dir='ltr'>spirituale</span> 
     </span>
    </p>
   </div>
   <div class='ocr_carea' id='block_1_43' title="bbox 387 3617 2079 3687">
    <p class='ocr_par' dir='ltr' id='par_1_43' title="bbox 387 3617 2079 3687">
     <span class='ocr_line' id='line_1_43' title="bbox 387 3617 2079 3687; baseline -0.001 -13"><span class='ocrx_word' id='word_1_316' title='bbox 387 3625 444 3674; x_wconf 86' lang='lat' dir='ltr'>et</span> <span class='ocrx_word' id='word_1_317' title='bbox 473 3617 730 3673; x_wconf 84' lang='lat' dir='ltr'>divinum</span> <span class='ocrx_word' id='word_1_318' title='bbox 749 3621 874 3673; x_wconf 84' lang='lat' dir='ltr'>Jesn</span> <span class='ocrx_word' id='word_1_319' title='bbox 901 3617 1130 3683; x_wconf 70' lang='lat' dir='ltr'>Ctvisti,</span> <span class='ocrx_word' id='word_1_320' title='bbox 1155 3617 1388 3684; x_wconf 82' lang='lat' dir='ltr'>scilicet,</span> <span class='ocrx_word' id='word_1_321' title='bbox 1414 3618 1470 3670; x_wconf 91' lang='lat' dir='ltr'>in</span> <span class='ocrx_word' id='word_1_322' title='bbox 1497 3625 1772 3687; x_wconf 89' lang='lat' dir='ltr'>quantum</span> <span class='ocrx_word' id='word_1_323' title='bbox 1800 3617 1964 3672; x_wconf 86' lang='lat' dir='ltr'>nobis</span> <span class='ocrx_word' id='word_1_324' title='bbox 1986 3636 2079 3672; x_wconf 81' lang='lat' dir='ltr'>ex-</span> 
     </span>
    </p>
   </div>
   <div class='ocr_carea' id='block_1_44' title="bbox 387 3689 2077 3760">
    <p class='ocr_par' dir='ltr' id='par_1_44' title="bbox 387 3689 2077 3760">
     <span class='ocr_line' id='line_1_44' title="bbox 387 3689 2077 3760; baseline 0 -16"><span class='ocrx_word' id='word_1_325' title='bbox 387 3690 648 3760; x_wconf 87' lang='lat' dir='ltr'>primunt</span> <span class='ocrx_word' id='word_1_326' title='bbox 667 3701 723 3743; x_wconf 90' lang='lat' dir='ltr'>et</span> <span class='ocrx_word' id='word_1_327' title='bbox 753 3689 1004 3760; x_wconf 88' lang='lat' dir='ltr'>formant</span> <span class='ocrx_word' id='word_1_328' title='bbox 1022 3689 1077 3741; x_wconf 93' lang='lat' dir='ltr'>in</span> <span class='ocrx_word' id='word_1_329' title='bbox 1097 3689 1372 3742; x_wconf 88' lang='lat' dir='ltr'>memoria</span> <span class='ocrx_word' id='word_1_330' title='bbox 1404 3696 1598 3743; x_wconf 85' lang='lat' dir='ltr'>nostra</span> <span class='ocrx_word' id='word_1_331' title='bbox 1622 3705 1813 3743; x_wconf 86' lang='lat' dir='ltr'>veram</span> <span class='ocrx_word' id='word_1_332' title='bbox 1848 3706 2077 3744; x_wconf 86' lang='lat' dir='ltr'>carnem</span> 
     </span>
    </p>
   </div>
   <div class='ocr_carea' id='block_1_45' title="bbox 389 3759 2081 3831">
    <p class='ocr_par' dir='ltr' id='par_1_45' title="bbox 389 3759 2081 3831">
     <span class='ocr_line' id='line_1_45' title="bbox 389 3759 2081 3831; baseline -0.001 -15"><span class='ocrx_word' id='word_1_333' title='bbox 389 3759 444 3816; x_wconf 81' lang='lat' dir='ltr'>et</span> <span class='ocrx_word' id='word_1_334' title='bbox 471 3760 768 3831; x_wconf 87' lang='lat' dir='ltr'>proprium</span> <span class='ocrx_word' id='word_1_335' title='bbox 791 3759 1128 3830; x_wconf 88' lang='lat' dir='ltr'>sanguinem</span> <span class='ocrx_word' id='word_1_336' title='bbox 1155 3761 1285 3814; x_wconf 87' lang='lat' dir='ltr'>Jesu</span> <span class='ocrx_word' id='word_1_337' title='bbox 1315 3760 1543 3826; x_wconf 87' lang='lat' dir='ltr'>Christi,</span> <span class='ocrx_word' id='word_1_338' title='bbox 1568 3777 1696 3830; x_wconf 65' lang='lat' dir='ltr'>quin</span> <span class='ocrx_word' id='word_1_339' title='bbox 1715 3763 1770 3813; x_wconf 90' lang='lat' dir='ltr'>in</span> <span class='ocrx_word' id='word_1_340' title='bbox 1787 3777 1844 3814; x_wconf 86' lang='lat' dir='ltr'>se</span> <span class='ocrx_word' id='word_1_341' title='bbox 1867 3761 2081 3816; x_wconf 86' lang='lat' dir='ltr'>habent</span> 
     </span>
    </p>
   </div>
   <div class='ocr_carea' id='block_1_46' title="bbox 389 3831 2082 3902">
    <p class='ocr_par' dir='ltr' id='par_1_46' title="bbox 389 3831 2082 3902">
     <span class='ocr_line' id='line_1_46' title="bbox 389 3831 2082 3902; baseline 0.002 -20"><span class='ocrx_word' id='word_1_342' title='bbox 389 3832 655 3884; x_wconf 88' lang='lat' dir='ltr'>virtutem</span> <span class='ocrx_word' id='word_1_343' title='bbox 683 3837 739 3884; x_wconf 91' lang='lat' dir='ltr'>et</span> <span class='ocrx_word' id='word_1_344' title='bbox 769 3831 1080 3902; x_wconf 86' lang='lat' dir='ltr'>potentiam</span> <span class='ocrx_word' id='word_1_345' title='bbox 1117 3831 1278 3884; x_wconf 87' lang='lat' dir='ltr'>Verbi</span> <span class='ocrx_word' id='word_1_346' title='bbox 1314 3833 1380 3884; x_wconf 87' lang='lat' dir='ltr'>ad</span> <span class='ocrx_word' id='word_1_347' title='bbox 1417 3832 1752 3884; x_wconf 75' lang='lat' dir='ltr'>nutriendae</span> <span class='ocrx_word' id='word_1_348' title='bbox 1784 3832 2005 3886; x_wconf 88' lang='lat' dir='ltr'>animas</span> <span class='ocrx_word' id='word_1_349' title='bbox 2025 3838 2082 3886; x_wconf 88' lang='lat' dir='ltr'>et</span> 
     </span>
    </p>
   </div>
   <div class='ocr_carea' id='block_1_47' title="bbox 387 3902 2081 3972">
    <p class='ocr_par' dir='ltr' id='par_1_47' title="bbox 387 3902 2081 3972">
     <span class='ocr_line' id='line_1_47' title="bbox 387 3902 2081 3972; baseline 0.001 -17"><span class='ocrx_word' id='word_1_350' title='bbox 387 3903 514 3955; x_wconf 85' lang='lat' dir='ltr'>labe</span> <span class='ocrx_word' id='word_1_351' title='bbox 537 3909 901 3972; x_wconf 87' lang='lat' dir='ltr'>peccatorum</span> <span class='ocrx_word' id='word_1_352' title='bbox 929 3902 1342 3956; x_wconf 88' lang='lat' dir='ltr'>contaminatas</span> <span class='ocrx_word' id='word_1_353' title='bbox 1367 3903 1782 3972; x_wconf 83' lang='lat' dir='ltr'>expurgandas,</span> <span class='ocrx_word' id='word_1_354' title='bbox 1818 3908 1879 3956; x_wconf 92' lang='lat' dir='ltr'>ut</span> <span class='ocrx_word' id='word_1_355' title='bbox 1908 3919 2081 3972; x_wconf 88' lang='lat' dir='ltr'>supra</span> 
     </span>
    </p>
   </div>
   <div class='ocr_carea' id='block_1_48' title="bbox 390 3972 2077 4040">
    <p class='ocr_par' dir='ltr' id='par_1_48' title="bbox 390 3972 2077 4040">
     <span class='ocr_line' id='line_1_48' title="bbox 390 3972 2077 4040; baseline 0 -13"><span class='ocrx_word' id='word_1_356' title='bbox 390 3973 836 4036; x_wconf 84' lang='lat' dir='ltr'>observavimus,</span> <span class='ocrx_word' id='word_1_357' title='bbox 870 3979 924 4026; x_wconf 88' lang='lat' dir='ltr'>et</span> <span class='ocrx_word' id='word_1_358' title='bbox 967 3973 1208 4040; x_wconf 82' lang='lat' dir='ltr'>gratiam</span> <span class='ocrx_word' id='word_1_359' title='bbox 1245 3972 1410 4024; x_wconf 89' lang='lat' dir='ltr'>nobis</span> <span class='ocrx_word' id='word_1_360' title='bbox 1437 3973 1705 4034; x_wconf 88' lang='lat' dir='ltr'>dandam,</span> <span class='ocrx_word' id='word_1_361' title='bbox 1739 3979 1959 4027; x_wconf 87' lang='lat' dir='ltr'>servata</span> <span class='ocrx_word' id='word_1_362' title='bbox 1991 3975 2077 4027; x_wconf 89' lang='lat' dir='ltr'>in-</span> 
     </span>
    </p>
   </div>
   <div class='ocr_carea' id='block_1_49' title="bbox 391 4043 2078 4112">
    <p class='ocr_par' dir='ltr' id='par_1_49' title="bbox 391 4043 2078 4112">
     <span class='ocr_line' id='line_1_49' title="bbox 391 4043 2078 4112; baseline 0 -14"><span class='ocrx_word' id='word_1_363' title='bbox 391 4045 655 4098; x_wconf 87' lang='lat' dir='ltr'>nocentia</span> <span class='ocrx_word' id='word_1_364' title='bbox 681 4049 738 4096; x_wconf 87' lang='lat' dir='ltr'>et</span> <span class='ocrx_word' id='word_1_365' title='bbox 777 4043 1176 4111; x_wconf 85' lang='lat' dir='ltr'>redemptione</span> <span class='ocrx_word' id='word_1_366' title='bbox 1236 4047 1620 4112; x_wconf 89' lang='lat' dir='ltr'>peccatorum.</span> <span class='ocrx_word' id='word_1_367' title='bbox 1651 4043 1787 4107; x_wconf 83' lang='lat' dir='ltr'>Quae</span> <span class='ocrx_word' id='word_1_368' title='bbox 1840 4060 1968 4097; x_wconf 91' lang='lat' dir='ltr'>cum</span> <span class='ocrx_word' id='word_1_369' title='bbox 2002 4045 2078 4098; x_wconf 88' lang='lat' dir='ltr'>ita</span> 
     </span>
    </p>
   </div>
   <div class='ocr_carea' id='block_1_50' title="bbox 390 4113 2074 4183">
    <p class='ocr_par' dir='ltr' id='par_1_50' title="bbox 390 4113 2074 4183">
     <span class='ocr_line' id='line_1_50' title="bbox 390 4113 2074 4183; baseline 0.001 -16"><span class='ocrx_word' id='word_1_370' title='bbox 390 4115 638 4179; x_wconf 78' lang='lat' dir='ltr'>sint,liee</span> <span class='ocrx_word' id='word_1_371' title='bbox 666 4114 828 4183; x_wconf 86' lang='lat' dir='ltr'>panis</span> <span class='ocrx_word' id='word_1_372' title='bbox 854 4119 912 4166; x_wconf 90' lang='lat' dir='ltr'>et</span> <span class='ocrx_word' id='word_1_373' title='bbox 949 4114 1067 4166; x_wconf 88' lang='lat' dir='ltr'>vini</span> <span class='ocrx_word' id='word_1_374' title='bbox 1122 4113 1338 4182; x_wconf 86' lang='lat' dir='ltr'>species</span> <span class='ocrx_word' id='word_1_375' title='bbox 1389 4120 1518 4183; x_wconf 89' lang='lat' dir='ltr'>post</span> <span class='ocrx_word' id='word_1_376' title='bbox 1567 4117 2074 4182; x_wconf 78' lang='lat' dir='ltr'>consecrationem,</span> 
     </span>
    </p>
   </div>
   <div class='ocr_carea' id='block_1_51' title="bbox 388 4185 2076 4257">
    <p class='ocr_par' dir='ltr' id='par_1_51' title="bbox 388 4185 2076 4257">
     <span class='ocr_line' id='line_1_51' title="bbox 388 4185 2076 4257; baseline -0.001 -18"><span class='ocrx_word' id='word_1_377' title='bbox 388 4185 450 4257; x_wconf 88' lang='lat' dir='ltr'>in</span> <span class='ocrx_word' id='word_1_378' title='bbox 480 4192 758 4257; x_wconf 89' lang='lat' dir='ltr'>quantum</span> <span class='ocrx_word' id='word_1_379' title='bbox 785 4185 909 4257; x_wconf 85' lang='lat' dir='ltr'>vela</span> <span class='ocrx_word' id='word_1_380' title='bbox 942 4189 1076 4236; x_wconf 92' lang='lat' dir='ltr'>sunt</span> <span class='ocrx_word' id='word_1_381' title='bbox 1111 4199 1254 4257; x_wconf 71' lang='lat' dir='ltr'>veras</span> <span class='ocrx_word' id='word_1_382' title='bbox 1285 4185 1472 4257; x_wconf 81' lang='lat' dir='ltr'>carnis</span> <span class='ocrx_word' id='word_1_383' title='bbox 1492 4190 1565 4238; x_wconf 85' lang='lat' dir='ltr'>&#39;et</span> <span class='ocrx_word' id='word_1_384' title='bbox 1595 4185 1810 4257; x_wconf 83' lang='lat' dir='ltr'>proprii</span> <span class='ocrx_word' id='word_1_385' title='bbox 1840 4187 2076 4257; x_wconf 85' lang='lat' dir='ltr'>sangui-</span> 
     </span>
    </p>
   </div>
   <div class='ocr_carea' id='block_1_52' title="bbox 391 4253 2076 4323">
    <p class='ocr_par' dir='ltr' id='par_1_52' title="bbox 391 4253 2076 4323">
     <span class='ocr_line' id='line_1_52' title="bbox 391 4253 2076 4323; baseline 0.001 -15"><span class='ocrx_word' id='word_1_386' title='bbox 391 4256 478 4309; x_wconf 87' lang='lat' dir='ltr'>nis</span> <span class='ocrx_word' id='word_1_387' title='bbox 501 4253 640 4309; x_wconf 24' lang='lat' dir='ltr'>’Jesu</span> <span class='ocrx_word' id='word_1_388' title='bbox 673 4255 879 4308; x_wconf 80' lang='lat' dir='ltr'>Christi</span> <span class='ocrx_word' id='word_1_389' title='bbox 913 4270 1014 4323; x_wconf 89' lang='lat' dir='ltr'>pro</span> <span class='ocrx_word' id='word_1_390' title='bbox 1057 4253 1236 4307; x_wconf 86' lang='lat' dir='ltr'>salute</span> <span class='ocrx_word' id='word_1_391' title='bbox 1285 4254 1536 4308; x_wconf 89' lang='lat' dir='ltr'>fidelium</span> <span class='ocrx_word' id='word_1_392' title='bbox 1570 4253 1751 4321; x_wconf 77' lang='lat' dir='ltr'>effusi,</span> <span class='ocrx_word' id='word_1_393' title='bbox 1788 4263 1918 4309; x_wconf 90' lang='lat' dir='ltr'>sunt</span> <span class='ocrx_word' id='word_1_394' title='bbox 1951 4253 2076 4310; x_wconf 76' lang='lat' dir='ltr'>cor-</span> 
     </span>
    </p>
   </div>
   <div class='ocr_carea' id='block_1_53' title="bbox 389 4325 2076 4397">
    <p class='ocr_par' dir='ltr' id='par_1_53' title="bbox 389 4325 2076 4397">
     <span class='ocr_line' id='line_1_53' title="bbox 389 4325 2076 4397; baseline 0.002 -19"><span class='ocrx_word' id='word_1_395' title='bbox 389 4342 499 4396; x_wconf 91' lang='lat' dir='ltr'>pus</span> <span class='ocrx_word' id='word_1_396' title='bbox 547 4325 849 4397; x_wconf 8' lang='lat' dir='ltr'>spiritualej</span> <span class='ocrx_word' id='word_1_397' title='bbox 893 4331 948 4397; x_wconf 86' lang='lat' dir='ltr'>et</span> <span class='ocrx_word' id='word_1_398' title='bbox 979 4325 1293 4397; x_wconf 9' lang='lat' dir='ltr'>figuratum,</span> <span class='ocrx_word' id='word_1_399' title='bbox 1357 4326 1416 4378; x_wconf 90' lang='lat' dir='ltr'>in</span> <span class='ocrx_word' id='word_1_400' title='bbox 1458 4326 1710 4397; x_wconf 82' lang='lat' dir='ltr'>imagine</span> <span class='ocrx_word' id='word_1_401' title='bbox 1744 4343 2076 4396; x_wconf 80' lang='lat' dir='ltr'>expressum</span> 
     </span>
    </p>
   </div>
   <div class='ocr_carea' id='block_1_54' title="bbox 390 4395 2076 4468">
    <p class='ocr_par' dir='ltr' id='par_1_54' title="bbox 390 4395 2076 4468">
     <span class='ocr_line' id='line_1_54' title="bbox 390 4395 2076 4468; baseline 0.002 -19"><span class='ocrx_word' id='word_1_402' title='bbox 390 4395 589 4449; x_wconf 78' lang='lat' dir='ltr'>mortis</span> <span class='ocrx_word' id='word_1_403' title='bbox 618 4404 675 4450; x_wconf 90' lang='lat' dir='ltr'>et</span> <span class='ocrx_word' id='word_1_404' title='bbox 704 4395 984 4468; x_wconf 81' lang='lat' dir='ltr'>passionis</span> <span class='ocrx_word' id='word_1_405' title='bbox 1012 4397 1145 4468; x_wconf 80' lang='lat' dir='ltr'>.lesu</span> <span class='ocrx_word' id='word_1_406' title='bbox 1170 4396 1409 4468; x_wconf 85' lang='lat' dir='ltr'>Christi,</span> <span class='ocrx_word' id='word_1_407' title='bbox 1431 4395 1602 4468; x_wconf 74' lang='lat' dir='ltr'>quod</span> <span class='ocrx_word' id='word_1_408' title='bbox 1635 4395 1830 4452; x_wconf 77' lang='lat' dir='ltr'>revera</span> <span class='ocrx_word' id='word_1_409' title='bbox 1887 4399 2076 4452; x_wconf 78' lang='lat' dir='ltr'>differt</span> 
     </span>
    </p>
   </div>
   <div class='ocr_carea' id='block_1_55' title="bbox 391 4452 2146 4536">
    <p class='ocr_par' dir='ltr' id='par_1_55' title="bbox 391 4452 2146 4536">
     <span class='ocr_line' id='line_1_55' title="bbox 391 4452 2146 4536; baseline 0.002 -16"><span class='ocrx_word' id='word_1_410' title='bbox 391 4483 571 4520; x_wconf 84' lang='lat' dir='ltr'>avero</span> <span class='ocrx_word' id='word_1_411' title='bbox 601 4452 838 4535; x_wconf 76' lang='lat' dir='ltr'>corpore</span> <span class='ocrx_word' id='word_1_412' title='bbox 864 4466 992 4520; x_wconf 86' lang='lat' dir='ltr'>Jesu</span> <span class='ocrx_word' id='word_1_413' title='bbox 1019 4466 1226 4518; x_wconf 83' lang='lat' dir='ltr'>Christi</span> <span class='ocrx_word' id='word_1_414' title='bbox 1264 4452 1414 4536; x_wconf 81' lang='lat' dir='ltr'>quod</span> <span class='ocrx_word' id='word_1_415' title='bbox 1448 4452 1667 4522; x_wconf 46' lang='lat' dir='ltr'>‘oculos</span> <span class='ocrx_word' id='word_1_416' title='bbox 1726 4473 1943 4522; x_wconf 85' lang='lat' dir='ltr'>nostros</span> <span class='ocrx_word' id='word_1_417' title='bbox 1984 4485 2072 4522; x_wconf 85' lang='lat' dir='ltr'>ce-</span> <span class='ocrx_word' id='word_1_418' title='bbox 2102 4452 2146 4506; x_wconf 81' lang='grc' dir='ltr'>Ῑ)</span> 
     </span>
    </p>
   </div>
   <div class='ocr_carea' id='block_1_56' title="bbox 390 4536 2079 4607">
    <p class='ocr_par' dir='ltr' id='par_1_56' title="bbox 390 4536 2079 4607">
     <span class='ocr_line' id='line_1_56' title="bbox 390 4536 2079 4607; baseline 0.002 -17"><span class='ocrx_word' id='word_1_419' title='bbox 390 4539 511 4591; x_wconf 87' lang='lat' dir='ltr'>lant</span> <span class='ocrx_word' id='word_1_420' title='bbox 540 4543 596 4591; x_wconf 90' lang='lat' dir='ltr'>et</span> <span class='ocrx_word' id='word_1_421' title='bbox 624 4537 960 4590; x_wconf 86' lang='lat' dir='ltr'>recondunt.</span> <span class='ocrx_word' id='word_1_422' title='bbox 1011 4537 1116 4591; x_wconf 90' lang='lat' dir='ltr'>Sed</span> <span class='ocrx_word' id='word_1_423' title='bbox 1175 4536 1296 4590; x_wconf 75' lang='lat' dir='ltr'>haec</span> <span class='ocrx_word' id='word_1_424' title='bbox 1352 4538 1546 4592; x_wconf 90' lang='lat' dir='ltr'>omnia</span> <span class='ocrx_word' id='word_1_425' title='bbox 1577 4539 1919 4607; x_wconf 88' lang='lat' dir='ltr'>significant,</span> <span class='ocrx_word' id='word_1_426' title='bbox 1974 4556 2079 4594; x_wconf 90' lang='lat' dir='ltr'>nec</span> 
     </span>
    </p>
   </div>
   <div class='ocr_carea' id='block_1_57' title="bbox 391 4607 2075 4679">
    <p class='ocr_par' dir='ltr' id='par_1_57' title="bbox 391 4607 2075 4679">
     <span class='ocr_line' id='line_1_57' title="bbox 391 4607 2075 4679; baseline 0.002 -19"><span class='ocrx_word' id='word_1_427' title='bbox 391 4613 682 4678; x_wconf 89' lang='lat' dir='ltr'>utcunque</span> <span class='ocrx_word' id='word_1_428' title='bbox 711 4607 866 4660; x_wconf 90' lang='lat' dir='ltr'>aliud</span> <span class='ocrx_word' id='word_1_429' title='bbox 899 4607 1215 4679; x_wconf 85' lang='lat' dir='ltr'>consistunt</span> <span class='ocrx_word' id='word_1_430' title='bbox 1246 4624 1420 4675; x_wconf 86' lang='lat' dir='ltr'>quam</span> <span class='ocrx_word' id='word_1_431' title='bbox 1452 4611 1602 4679; x_wconf 88' lang='lat' dir='ltr'>quod</span> <span class='ocrx_word' id='word_1_432' title='bbox 1633 4610 1882 4679; x_wconf 80' lang='lat' dir='ltr'>theologi</span> <span class='ocrx_word' id='word_1_433' title='bbox 1911 4612 2075 4664; x_wconf 90' lang='lat' dir='ltr'>scho-</span> 
     </span>
    </p>
   </div>
   <div class='ocr_carea' id='block_1_58' title="bbox 391 4678 2077 4750">
    <p class='ocr_par' dir='ltr' id='par_1_58' title="bbox 391 4678 2077 4750">
     <span class='ocr_line' id='line_1_58' title="bbox 391 4678 2077 4750; baseline 0.002 -18"><span class='ocrx_word' id='word_1_434' title='bbox 391 4679 566 4732; x_wconf 87' lang='lat' dir='ltr'>lastici</span> <span class='ocrx_word' id='word_1_435' title='bbox 603 4694 701 4750; x_wconf 89' lang='lat' dir='ltr'>seu</span> <span class='ocrx_word' id='word_1_436' title='bbox 733 4678 1124 4750; x_wconf 44' lang='lat' dir='ltr'>quaestionarii</span> <span class='ocrx_word' id='word_1_437' title='bbox 1161 4679 1390 4750; x_wconf 73' lang='lat' dir='ltr'>elocuti</span> <span class='ocrx_word' id='word_1_438' title='bbox 1421 4678 1554 4733; x_wconf 89' lang='lat' dir='ltr'>sunt</span> <span class='ocrx_word' id='word_1_439' title='bbox 1593 4681 1663 4733; x_wconf 89' lang='lat' dir='ltr'>ab</span> <span class='ocrx_word' id='word_1_440' title='bbox 1710 4696 1777 4733; x_wconf 91' lang='lat' dir='ltr'>eo</span> <span class='ocrx_word' id='word_1_441' title='bbox 1804 4678 2077 4750; x_wconf 71' lang='lat' dir='ltr'>tempore</span> 
     </span>
    </p>
   </div>
   <div class='ocr_carea' id='block_1_59' title="bbox 393 4749 2078 4820">
    <p class='ocr_par' dir='ltr' id='par_1_59' title="bbox 393 4749 2078 4820">
     <span class='ocr_line' id='line_1_59' title="bbox 393 4749 2078 4820; baseline 0.002 -20"><span class='ocrx_word' id='word_1_442' title='bbox 393 4765 516 4820; x_wconf 87' lang='lat' dir='ltr'>quo</span> <span class='ocrx_word' id='word_1_443' title='bbox 564 4749 860 4801; x_wconf 85' lang='lat' dir='ltr'>ratiocinia</span> <span class='ocrx_word' id='word_1_444' title='bbox 909 4749 1264 4803; x_wconf 81' lang='lat' dir='ltr'>Aristotelica</span> <span class='ocrx_word' id='word_1_445' title='bbox 1319 4755 1377 4802; x_wconf 91' lang='lat' dir='ltr'>et</span> <span class='ocrx_word' id='word_1_446' title='bbox 1438 4751 1814 4820; x_wconf 82' lang='lat' dir='ltr'>peripatetica</span> <span class='ocrx_word' id='word_1_447' title='bbox 1858 4749 2078 4806; x_wconf 83' lang='lat' dir='ltr'>scholas</span> 
     </span>
    </p>
   </div>
   <div class='ocr_carea' id='block_1_60' title="bbox 391 4819 2077 4891">
    <p class='ocr_par' dir='ltr' id='par_1_60' title="bbox 391 4819 2077 4891">
     <span class='ocr_line' id='line_1_60' title="bbox 391 4819 2077 4891; baseline 0.002 -18"><span class='ocrx_word' id='word_1_448' title='bbox 391 4819 738 4891; x_wconf 86' lang='lat' dir='ltr'>Christianas</span> <span class='ocrx_word' id='word_1_449' title='bbox 770 4824 1120 4891; x_wconf 88' lang='lat' dir='ltr'>occuparunt</span> <span class='ocrx_word' id='word_1_450' title='bbox 1152 4819 1402 4891; x_wconf 89' lang='lat' dir='ltr'>:scilicet</span> <span class='ocrx_word' id='word_1_451' title='bbox 1439 4819 1608 4874; x_wconf 86' lang='lat' dir='ltr'>omne</span> <span class='ocrx_word' id='word_1_452' title='bbox 1636 4822 1790 4891; x_wconf 90' lang='lat' dir='ltr'>quod</span> <span class='ocrx_word' id='word_1_453' title='bbox 1825 4827 2077 4876; x_wconf 77' lang='lat' dir='ltr'>exterius</span> 
     </span>
    </p>
   </div>
   <div class='ocr_carea' id='block_1_61' title="bbox 393 4889 2080 4962">
    <p class='ocr_par' dir='ltr' id='par_1_61' title="bbox 393 4889 2080 4962">
     <span class='ocr_line' id='line_1_61' title="bbox 393 4889 2080 4962; baseline 0.001 -18"><span class='ocrx_word' id='word_1_454' title='bbox 393 4889 726 4962; x_wconf 83' lang='lat' dir='ltr'>cernituriu</span> <span class='ocrx_word' id='word_1_455' title='bbox 770 4890 1036 4962; x_wconf 80' lang='lat' dir='ltr'>mysterio</span> <span class='ocrx_word' id='word_1_456' title='bbox 1069 4890 1456 4957; x_wconf 68' lang='lat' dir='ltr'>Eucharistiae,</span> <span class='ocrx_word' id='word_1_457' title='bbox 1482 4893 1597 4944; x_wconf 88' lang='lat' dir='ltr'>sive</span> <span class='ocrx_word' id='word_1_458' title='bbox 1635 4889 1762 4962; x_wconf 77' lang='lat' dir='ltr'>quae</span> <span class='ocrx_word' id='word_1_459' title='bbox 1810 4900 2080 4946; x_wconf 87' lang='lat' dir='ltr'>vocantur</span> 
     </span>
    </p>
   </div>
   <div class='ocr_carea' id='block_1_62' title="bbox 395 4960 2076 5031">
    <p class='ocr_par' dir='ltr' id='par_1_62' title="bbox 395 4960 2076 5031">
     <span class='ocr_line' id='line_1_62' title="bbox 395 4960 2076 5031; baseline 0.001 -17"><span class='ocrx_word' id='word_1_460' title='bbox 395 4960 706 5014; x_wconf 81' lang='lat' dir='ltr'>accidentia</span> <span class='ocrx_word' id='word_1_461' title='bbox 737 4965 793 5012; x_wconf 88' lang='lat' dir='ltr'>et</span> <span class='ocrx_word' id='word_1_462' title='bbox 832 4960 1065 5031; x_wconf 86' lang='lat' dir='ltr'>species,</span> <span class='ocrx_word' id='word_1_463' title='bbox 1100 4976 1217 5014; x_wconf 90' lang='lat' dir='ltr'>non</span> <span class='ocrx_word' id='word_1_464' title='bbox 1271 4968 1405 5014; x_wconf 91' lang='lat' dir='ltr'>sunt</span> <span class='ocrx_word' id='word_1_465' title='bbox 1460 4960 1664 5016; x_wconf 85' lang='lat' dir='ltr'>verum</span> <span class='ocrx_word' id='word_1_466' title='bbox 1688 4979 1894 5031; x_wconf 88' lang='lat' dir='ltr'>corpus</span> <span class='ocrx_word' id='word_1_467' title='bbox 1947 4965 2076 5018; x_wconf 82' lang='lat' dir='ltr'>Jesu</span> 
     </span>
    </p>
   </div>
   <div class='ocr_carea' id='block_1_63' title="bbox 396 5030 2076 5100">
    <p class='ocr_par' dir='ltr' id='par_1_63' title="bbox 396 5030 2076 5100">
     <span class='ocr_line' id='line_1_63' title="bbox 396 5030 2076 5100; baseline 0.001 -14"><span class='ocrx_word' id='word_1_468' title='bbox 396 5031 602 5086; x_wconf 88' lang='lat' dir='ltr'>Christi</span> <span class='ocrx_word' id='word_1_469' title='bbox 629 5035 824 5084; x_wconf 88' lang='lat' dir='ltr'>natum</span> <span class='ocrx_word' id='word_1_470' title='bbox 859 5031 927 5084; x_wconf 92' lang='lat' dir='ltr'>de</span> <span class='ocrx_word' id='word_1_471' title='bbox 962 5030 1191 5100; x_wconf 85' lang='lat' dir='ltr'>Virgine</span> <span class='ocrx_word' id='word_1_472' title='bbox 1223 5035 1279 5085; x_wconf 91' lang='lat' dir='ltr'>et</span> <span class='ocrx_word' id='word_1_473' title='bbox 1303 5032 1456 5085; x_wconf 92' lang='lat' dir='ltr'>cruci</span> <span class='ocrx_word' id='word_1_474' title='bbox 1495 5033 1750 5097; x_wconf 80' lang='lat' dir='ltr'>aftixum,</span> <span class='ocrx_word' id='word_1_475' title='bbox 1787 5030 2076 5088; x_wconf 89' lang='lat' dir='ltr'>mortuum</span> 
     </span>
    </p>
   </div>
   <div class='ocr_carea' id='block_1_64' title="bbox 395 5100 2077 5175">
    <p class='ocr_par' dir='ltr' id='par_1_64' title="bbox 395 5100 2077 5175">
     <span class='ocr_line' id='line_1_64' title="bbox 395 5100 2077 5175; baseline 0.004 -21"><span class='ocrx_word' id='word_1_476' title='bbox 395 5107 451 5175; x_wconf 79' lang='lat' dir='ltr'>et</span> <span class='ocrx_word' id='word_1_477' title='bbox 474 5104 782 5171; x_wconf 90' lang='lat' dir='ltr'>sepultum,</span> <span class='ocrx_word' id='word_1_478' title='bbox 817 5100 915 5154; x_wconf 89' lang='lat' dir='ltr'>sed</span> <span class='ocrx_word' id='word_1_479' title='bbox 947 5103 1069 5171; x_wconf 86' lang='lat' dir='ltr'>ejus</span> <span class='ocrx_word' id='word_1_480' title='bbox 1096 5117 1215 5175; x_wconf 83' lang='lat' dir='ltr'>esse</span> <span class='ocrx_word' id='word_1_481' title='bbox 1257 5103 1464 5168; x_wconf 84' lang='lat' dir='ltr'>velum,</span> <span class='ocrx_word' id='word_1_482' title='bbox 1513 5105 1869 5173; x_wconf 86' lang='lat' dir='ltr'>paropidem,</span> <span class='ocrx_word' id='word_1_483' title='bbox 1929 5111 2077 5175; x_wconf 84' lang='lat' dir='ltr'>tege-</span> 
     </span>
    </p>
   </div>
   <div class='ocr_carea' id='block_1_65' title="bbox 396 5172 2077 5242">
    <p class='ocr_par' dir='ltr' id='par_1_65' title="bbox 396 5172 2077 5242">
     <span class='ocr_line' id='line_1_65' title="bbox 396 5172 2077 5242; baseline 0.002 -17"><span class='ocrx_word' id='word_1_484' title='bbox 396 5172 530 5240; x_wconf 90' lang='lat' dir='ltr'>lem,</span> <span class='ocrx_word' id='word_1_485' title='bbox 591 5187 944 5242; x_wconf 81' lang='lat' dir='ltr'>conopaeum,</span> <span class='ocrx_word' id='word_1_486' title='bbox 1024 5172 1294 5241; x_wconf 89' lang='lat' dir='ltr'>speciem,</span> <span class='ocrx_word' id='word_1_487' title='bbox 1359 5172 1715 5237; x_wconf 87' lang='lat' dir='ltr'>memoriam,</span> <span class='ocrx_word' id='word_1_488' title='bbox 1765 5172 2077 5242; x_wconf 80' lang='lat' dir='ltr'>imaginem</span> 
     </span>
    </p>
   </div>
   <div class='ocr_carea' id='block_1_66' title="bbox 393 5242 2074 5314">
    <p class='ocr_par' dir='ltr' id='par_1_66' title="bbox 393 5242 2074 5314">
     <span class='ocr_line' id='line_1_66' title="bbox 393 5242 2074 5314; baseline 0.004 -20"><span class='ocrx_word' id='word_1_489' title='bbox 393 5258 741 5311; x_wconf 85' lang='lat' dir='ltr'>expressam,</span> <span class='ocrx_word' id='word_1_490' title='bbox 775 5258 889 5296; x_wconf 91' lang='lat' dir='ltr'>uno</span> <span class='ocrx_word' id='word_1_491' title='bbox 925 5243 1102 5314; x_wconf 84' lang='lat' dir='ltr'>verbo</span> <span class='ocrx_word' id='word_1_492' title='bbox 1122 5258 1331 5314; x_wconf 90' lang='lat' dir='ltr'>nomen</span> <span class='ocrx_word' id='word_1_493' title='bbox 1365 5259 1377 5296; x_wconf 93' lang='lat'>:</span> <span class='ocrx_word' id='word_1_494' title='bbox 1414 5244 1547 5314; x_wconf 91' lang='lat' dir='ltr'>quia</span> <span class='ocrx_word' id='word_1_495' title='bbox 1607 5246 1843 5299; x_wconf 87' lang='lat' dir='ltr'>nomina</span> <span class='ocrx_word' id='word_1_496' title='bbox 1882 5242 2074 5300; x_wconf 84' lang='lat' dir='ltr'>rerum</span> 
     </span>
    </p>
   </div>
   <div class='ocr_carea' id='block_1_67' title="bbox 395 5313 2080 5386">
    <p class='ocr_par' dir='ltr' id='par_1_67' title="bbox 395 5313 2080 5386">
     <span class='ocr_line' id='line_1_67' title="bbox 395 5313 2080 5386; baseline 0.004 -22"><span class='ocrx_word' id='word_1_497' title='bbox 395 5328 539 5386; x_wconf 81' lang='lat' dir='ltr'>quas</span> <span class='ocrx_word' id='word_1_498' title='bbox 582 5314 876 5386; x_wconf 77' lang='lat' dir='ltr'>continent</span> <span class='ocrx_word' id='word_1_499' title='bbox 930 5319 986 5367; x_wconf 89' lang='lat' dir='ltr'>et</span> <span class='ocrx_word' id='word_1_500' title='bbox 1021 5313 1403 5386; x_wconf 71' lang='lat' dir='ltr'>adumbrant,</span> <span class='ocrx_word' id='word_1_501' title='bbox 1441 5313 1812 5370; x_wconf 76' lang='lat' dir='ltr'>Sacramentis</span> <span class='ocrx_word' id='word_1_502' title='bbox 1859 5317 2080 5386; x_wconf 89' lang='lat' dir='ltr'>imponi</span> 
     </span>
    </p>
   </div>
   <div class='ocr_carea' id='block_1_68' title="bbox 393 5384 2078 5455">
    <p class='ocr_par' dir='ltr' id='par_1_68' title="bbox 393 5384 2078 5455">
     <span class='ocr_line' id='line_1_68' title="bbox 393 5384 2078 5455; baseline 0.004 -20"><span class='ocrx_word' id='word_1_503' title='bbox 393 5384 630 5455; x_wconf 83' lang='lat' dir='ltr'>soleant.</span> <span class='ocrx_word' id='word_1_504' title='bbox 652 5385 741 5439; x_wconf 89' lang='lat' dir='ltr'>Sic</span> <span class='ocrx_word' id='word_1_505' title='bbox 773 5384 986 5455; x_wconf 84' lang='lat' dir='ltr'>quippe</span> <span class='ocrx_word' id='word_1_506' title='bbox 1020 5385 1240 5437; x_wconf 87' lang='lat' dir='ltr'>locutus</span> <span class='ocrx_word' id='word_1_507' title='bbox 1266 5390 1352 5437; x_wconf 89' lang='lat' dir='ltr'>est</span> <span class='ocrx_word' id='word_1_508' title='bbox 1380 5384 2078 5450; x_wconf 75' lang='lat' dir='ltr'>Berengariiadversarius</span> 
     </span>
    </p>
   </div>
   <div class='ocr_carea' id='block_1_69' title="bbox 394 5454 2080 5524">
    <p class='ocr_par' dir='ltr' id='par_1_69' title="bbox 394 5454 2080 5524">
     <span class='ocr_line' id='line_1_69' title="bbox 394 5454 2080 5524; baseline 0.004 -18"><span class='ocrx_word' id='word_1_509' title='bbox 394 5454 596 5507; x_wconf 88' lang='lat' dir='ltr'>beatus</span> <span class='ocrx_word' id='word_1_510' title='bbox 626 5454 892 5524; x_wconf 75' lang='lat' dir='ltr'>Algerus,</span> <span class='ocrx_word' id='word_1_511' title='bbox 921 5456 1223 5523; x_wconf 82' lang='lat' dir='ltr'>theologus</span> <span class='ocrx_word' id='word_1_512' title='bbox 1263 5455 1612 5522; x_wconf 83' lang='lat' dir='ltr'>Leodiensis,</span> <span class='ocrx_word' id='word_1_513' title='bbox 1650 5457 1792 5510; x_wconf 91' lang='lat' dir='ltr'>libro</span> <span class='ocrx_word' id='word_1_514' title='bbox 1822 5475 1836 5511; x_wconf 83' lang='grc' dir='ltr'>ι</span> <span class='ocrx_word' id='word_1_515' title='bbox 1870 5459 1939 5512; x_wconf 92' lang='lat' dir='ltr'>de</span> <span class='ocrx_word' id='word_1_516' title='bbox 1983 5460 2080 5513; x_wconf 86' lang='lat' dir='ltr'>Sa-</span> 
     </span>
    </p>
   </div>
   <div class='ocr_carea' id='block_1_70' title="bbox 395 5527 2084 5596">
    <p class='ocr_par' dir='ltr' id='par_1_70' title="bbox 395 5527 2084 5596">
     <span class='ocr_line' id='line_1_70' title="bbox 395 5527 2084 5596; baseline 0.004 -19"><span class='ocrx_word' id='word_1_517' title='bbox 395 5527 724 5589; x_wconf 86' lang='lat' dir='ltr'>cramentis,</span> <span class='ocrx_word' id='word_1_518' title='bbox 753 5529 938 5596; x_wconf 90' lang='lat' dir='ltr'>capite</span> <span class='ocrx_word' id='word_1_519' title='bbox 977 5529 1036 5580; x_wconf 88' lang='lat' dir='ltr'>l7</span> <span class='ocrx_word' id='word_1_520' title='bbox 1072 5543 1084 5580; x_wconf 90' lang='lat'><strong>:</strong></span> <span class='ocrx_word' id='word_1_521' title='bbox 1138 5528 1408 5591; x_wconf 82' lang='lat' dir='ltr'>Quantum</span> <span class='ocrx_word' id='word_1_522' title='bbox 1436 5527 1510 5580; x_wconf 87' lang='lat' dir='ltr'>ad</span> <span class='ocrx_word' id='word_1_523' title='bbox 1536 5527 1752 5583; x_wconf 82' lang='lat' dir='ltr'>uisibile</span> <span class='ocrx_word' id='word_1_524' title='bbox 1781 5544 2084 5584; x_wconf 85' lang='lat' dir='ltr'>sacramen-</span> 
     </span>
    </p>
   </div>
   <div class='ocr_carea' id='block_1_71' title="bbox 400 5597 2084 5664">
    <p class='ocr_par' dir='ltr' id='par_1_71' title="bbox 400 5597 2084 5664">
     <span class='ocr_line' id='line_1_71' title="bbox 400 5597 2084 5664; baseline 0.002 -13"><span class='ocrx_word' id='word_1_525' title='bbox 400 5601 531 5662; x_wconf 86' lang='lat' dir='ltr'>tum,</span> <span class='ocrx_word' id='word_1_526' title='bbox 563 5600 763 5664; x_wconf 85' lang='lat' dir='ltr'>species</span> <span class='ocrx_word' id='word_1_527' title='bbox 809 5603 859 5650; x_wconf 89' lang='lat' dir='ltr'>et</span> <span class='ocrx_word' id='word_1_528' title='bbox 901 5597 1200 5651; x_wconf 87' lang='lat' dir='ltr'>similitudo</span> <span class='ocrx_word' id='word_1_529' title='bbox 1225 5598 1443 5652; x_wconf 86' lang='lat' dir='ltr'>illarum</span> <span class='ocrx_word' id='word_1_530' title='bbox 1493 5613 1672 5652; x_wconf 87' lang='lat' dir='ltr'>rerum</span> <span class='ocrx_word' id='word_1_531' title='bbox 1701 5604 1828 5655; x_wconf 89' lang='lat' dir='ltr'>sunt</span> <span class='ocrx_word' id='word_1_532' title='bbox 1867 5604 2084 5654; x_wconf 89' lang='lat' dir='ltr'>nomina</span> 
     </span>
    </p>
   </div>
   <div class='ocr_carea' id='block_1_72' title="bbox 401 5669 2082 5739">
    <p class='ocr_par' dir='ltr' id='par_1_72' title="bbox 401 5669 2082 5739">
     <span class='ocr_line' id='line_1_72' title="bbox 401 5669 2082 5739; baseline 0.002 -18"><span class='ocrx_word' id='word_1_533' title='bbox 401 5681 517 5734; x_wconf 78' lang='lat' dir='ltr'>qua:</span> <span class='ocrx_word' id='word_1_534' title='bbox 547 5672 671 5721; x_wconf 84' lang='lat' dir='ltr'>ante</span> <span class='ocrx_word' id='word_1_535' title='bbox 700 5670 942 5732; x_wconf 81' lang='lat' dir='ltr'>fuerant,</span> <span class='ocrx_word' id='word_1_536' title='bbox 993 5669 1151 5735; x_wconf 82' lang='lat' dir='ltr'>panis</span> <span class='ocrx_word' id='word_1_537' title='bbox 1204 5670 1404 5722; x_wconf 84' lang='lat' dir='ltr'>scilicet</span> <span class='ocrx_word' id='word_1_538' title='bbox 1433 5673 1480 5721; x_wconf 89' lang='lat' dir='ltr'>et</span> <span class='ocrx_word' id='word_1_539' title='bbox 1525 5672 1660 5736; x_wconf 73' lang='lat' dir='ltr'>m’ni,</span> <span class='ocrx_word' id='word_1_540' title='bbox 1691 5686 1794 5722; x_wconf 87' lang='lat' dir='ltr'>non</span> <span class='ocrx_word' id='word_1_541' title='bbox 1845 5674 2082 5739; x_wconf 87' lang='lat' dir='ltr'>corporis</span> 
     </span>
    </p>
   </div>
   <div class='ocr_carea' id='block_1_73' title="bbox 406 5739 2081 5807">
    <p class='ocr_par' dir='ltr' id='par_1_73' title="bbox 406 5739 2081 5807">
     <span class='ocr_line' id='line_1_73' title="bbox 406 5739 2081 5807; baseline 0.001 -14"><span class='ocrx_word' id='word_1_542' title='bbox 406 5739 644 5793; x_wconf 80' lang='lat' dir='ltr'>Christi:</span> <span class='ocrx_word' id='word_1_543' title='bbox 677 5755 873 5807; x_wconf 75' lang='lat' dir='ltr'>corpus</span> <span class='ocrx_word' id='word_1_544' title='bbox 900 5755 1022 5793; x_wconf 74' lang='lat' dir='ltr'>vero</span> <span class='ocrx_word' id='word_1_545' title='bbox 1047 5745 1096 5791; x_wconf 87' lang='lat' dir='ltr'>et</span> <span class='ocrx_word' id='word_1_546' title='bbox 1144 5742 1369 5806; x_wconf 82' lang='lat' dir='ltr'>sanguis</span> <span class='ocrx_word' id='word_1_547' title='bbox 1415 5741 1618 5796; x_wconf 82' lang='lat' dir='ltr'>Christi</span> <span class='ocrx_word' id='word_1_548' title='bbox 1648 5747 1907 5796; x_wconf 82' lang='lat' dir='ltr'>vocantur</span> <span class='ocrx_word' id='word_1_549' title='bbox 1943 5759 2081 5795; x_wconf 90' lang='lat' dir='ltr'>nun-</span> 
     </span>
    </p>
   </div>
   <div class='ocr_carea' id='block_1_74' title="bbox 2190 489 3902 560">
    <p class='ocr_par' dir='ltr' id='par_1_74' title="bbox 2190 489 3902 560">
     <span class='ocr_line' id='line_1_74' title="bbox 2190 489 3902 560; baseline 0 -17"><span class='ocrx_word' id='word_1_550' title='bbox 2190 490 2658 558; x_wconf 86' lang='lat' dir='ltr'>significatione:</span> <span class='ocrx_word' id='word_1_551' title='bbox 2719 489 2895 557; x_wconf 90' lang='lat' dir='ltr'>aliud,</span> <span class='ocrx_word' id='word_1_552' title='bbox 2958 489 3113 560; x_wconf 93' lang='lat' dir='ltr'>quod</span> <span class='ocrx_word' id='word_1_553' title='bbox 3167 493 3410 559; x_wconf 89' lang='lat' dir='ltr'>pascunt</span> <span class='ocrx_word' id='word_1_554' title='bbox 3465 505 3674 560; x_wconf 90' lang='lat' dir='ltr'>corpus</span> <span class='ocrx_word' id='word_1_555' title='bbox 3767 505 3902 544; x_wconf 84' lang='lat' dir='ltr'>esca</span> 
     </span>
    </p>
   </div>
   <div class='ocr_carea' id='block_1_75' title="bbox 2196 577 3900 649">
    <p class='ocr_par' dir='ltr' id='par_1_75' title="bbox 2196 577 3900 649">
     <span class='ocr_line' id='line_1_75' title="bbox 2196 577 3900 649; baseline 0 -17"><span class='ocrx_word' id='word_1_556' title='bbox 2196 595 2506 649; x_wconf 86' lang='lat' dir='ltr'>corporea;</span> <span class='ocrx_word' id='word_1_557' title='bbox 2539 583 2595 632; x_wconf 92' lang='lat' dir='ltr'>et</span> <span class='ocrx_word' id='word_1_558' title='bbox 2643 578 2822 646; x_wconf 88' lang='lat' dir='ltr'>aliud,</span> <span class='ocrx_word' id='word_1_559' title='bbox 2867 578 3022 648; x_wconf 88' lang='lat' dir='ltr'>quod</span> <span class='ocrx_word' id='word_1_560' title='bbox 3086 577 3353 649; x_wconf 88' lang='lat' dir='ltr'>saginant</span> <span class='ocrx_word' id='word_1_561' title='bbox 3399 583 3619 632; x_wconf 88' lang='lat' dir='ltr'>mentes</span> <span class='ocrx_word' id='word_1_562' title='bbox 3663 583 3900 632; x_wconf 63' lang='lat' dir='ltr'>aeterna:</span> 
     </span>
    </p>
   </div>
   <div class='ocr_carea' id='block_1_76' title="bbox 2190 667 2694 722">
    <p class='ocr_par' dir='ltr' id='par_1_76' title="bbox 2190 667 2694 722">
     <span class='ocr_line' id='line_1_76' title="bbox 2190 667 2694 722; baseline -0.002 -1"><span class='ocrx_word' id='word_1_563' title='bbox 2190 667 2318 722; x_wconf 73' lang='lat' dir='ltr'>vitae</span> <span class='ocrx_word' id='word_1_564' title='bbox 2349 667 2668 720; x_wconf 88' lang='lat' dir='ltr'>substantia</span> <span class='ocrx_word' id='word_1_565' title='bbox 2682 707 2694 720; x_wconf 98' lang='lat'>.</span> 
     </span>
    </p>
   </div>
   <div class='ocr_carea' id='block_1_77' title="bbox 2264 753 3901 826">
    <p class='ocr_par' dir='ltr' id='par_1_77' title="bbox 2264 753 3901 826">
     <span class='ocr_line' id='line_1_77' title="bbox 2264 753 3901 826; baseline -0.001 -16"><span class='ocrx_word' id='word_1_566' title='bbox 2264 757 2404 810; x_wconf 83' lang='lat' dir='ltr'>LXX.</span> <span class='ocrx_word' id='word_1_567' title='bbox 2459 757 2535 809; x_wconf 90' lang='lat' dir='ltr'>De</span> <span class='ocrx_word' id='word_1_568' title='bbox 2567 772 2678 826; x_wconf 88' lang='lat' dir='ltr'>qua</span> <span class='ocrx_word' id='word_1_569' title='bbox 2709 770 2770 808; x_wconf 90' lang='lat' dir='ltr'>re</span> <span class='ocrx_word' id='word_1_570' title='bbox 2821 753 3018 808; x_wconf 90' lang='lat' dir='ltr'>beatus</span> <span class='ocrx_word' id='word_1_571' title='bbox 3069 753 3449 825; x_wconf 84' lang='lat' dir='ltr'>Hieronymus</span> <span class='ocrx_word' id='word_1_572' title='bbox 3500 753 3560 808; x_wconf 90' lang='lat' dir='ltr'>in</span> <span class='ocrx_word' id='word_1_573' title='bbox 3609 770 3901 809; x_wconf 85' lang='lat' dir='ltr'>commen-</span> 
     </span>
    </p>
   </div>
   <div class='ocr_carea' id='block_1_78' title="bbox 2189 842 3898 914">
    <p class='ocr_par' dir='ltr' id='par_1_78' title="bbox 2189 842 3898 914">
     <span class='ocr_line' id='line_1_78' title="bbox 2189 842 3898 914; baseline -0.001 -16"><span class='ocrx_word' id='word_1_574' title='bbox 2189 845 2337 899; x_wconf 89' lang='lat' dir='ltr'>tario</span> <span class='ocrx_word' id='word_1_575' title='bbox 2365 845 2626 914; x_wconf 70' lang='lat' dir='ltr'>Epistolae</span> <span class='ocrx_word' id='word_1_576' title='bbox 2660 843 2820 898; x_wconf 89' lang='lat' dir='ltr'>Pauli</span> <span class='ocrx_word' id='word_1_577' title='bbox 2856 843 2926 896; x_wconf 87' lang='lat' dir='ltr'>ad</span> <span class='ocrx_word' id='word_1_578' title='bbox 2963 842 3235 912; x_wconf 87' lang='lat' dir='ltr'>Ephesios</span> <span class='ocrx_word' id='word_1_579' title='bbox 3266 845 3310 903; x_wconf 66' lang='grc' dir='ltr'>ιτ,</span> <span class='ocrx_word' id='word_1_580' title='bbox 3337 843 3413 896; x_wconf 91' lang='lat' dir='ltr'>ita</span> <span class='ocrx_word' id='word_1_581' title='bbox 3443 843 3637 896; x_wconf 88' lang='lat' dir='ltr'>scribit</span> <span class='ocrx_word' id='word_1_582' title='bbox 3667 859 3680 897; x_wconf 90' lang='lat'>:</span> <span class='ocrx_word' id='word_1_583' title='bbox 3719 865 3748 891; x_wconf 89' lang='grc'>‹‹</span> <span class='ocrx_word' id='word_1_584' title='bbox 3780 845 3898 896; x_wconf 90' lang='lat' dir='ltr'>Du-</span> 
     </span>
    </p>
   </div>
   <div class='ocr_carea' id='block_1_79' title="bbox 2191 931 3896 1004">
    <p class='ocr_par' dir='ltr' id='par_1_79' title="bbox 2191 931 3896 1004">
     <span class='ocr_line' id='line_1_79' title="bbox 2191 931 3896 1004; baseline -0.001 -17"><span class='ocrx_word' id='word_1_585' title='bbox 2191 933 2414 1004; x_wconf 90' lang='lat' dir='ltr'>pliciter</span> <span class='ocrx_word' id='word_1_586' title='bbox 2443 933 2669 1003; x_wconf 86' lang='lat' dir='ltr'>sanguis</span> <span class='ocrx_word' id='word_1_587' title='bbox 2704 932 2912 987; x_wconf 88' lang='lat' dir='ltr'>Christi</span> <span class='ocrx_word' id='word_1_588' title='bbox 2941 935 2998 985; x_wconf 90' lang='lat' dir='ltr'>et</span> <span class='ocrx_word' id='word_1_589' title='bbox 3023 947 3152 984; x_wconf 89' lang='lat' dir='ltr'>caro</span> <span class='ocrx_word' id='word_1_590' title='bbox 3178 931 3526 1000; x_wconf 88' lang='lat' dir='ltr'>intelligitur</span> <span class='ocrx_word' id='word_1_591' title='bbox 3559 949 3570 986; x_wconf 95' lang='lat'>:</span> <span class='ocrx_word' id='word_1_592' title='bbox 3611 931 3696 984; x_wconf 87' lang='lat' dir='ltr'>vel</span> <span class='ocrx_word' id='word_1_593' title='bbox 3725 931 3896 1002; x_wconf 86' lang='lat' dir='ltr'>spiri-</span> 
     </span>
    </p>
   </div>
   <div class='ocr_carea' id='block_1_80' title="bbox 2190 1020 3895 1092">
    <p class='ocr_par' dir='ltr' id='par_1_80' title="bbox 2190 1020 3895 1092">
     <span class='ocr_line' id='line_1_80' title="bbox 2190 1020 3895 1092; baseline -0.001 -16"><span class='ocrx_word' id='word_1_594' title='bbox 2190 1022 2360 1076; x_wconf 90' lang='lat' dir='ltr'>tualis</span> <span class='ocrx_word' id='word_1_595' title='bbox 2382 1023 2478 1076; x_wconf 90' lang='lat' dir='ltr'>illa</span> <span class='ocrx_word' id='word_1_596' title='bbox 2508 1028 2678 1092; x_wconf 86' lang='lat' dir='ltr'>atque</span> <span class='ocrx_word' id='word_1_597' title='bbox 2715 1021 2927 1085; x_wconf 89' lang='lat' dir='ltr'>divina,</span> <span class='ocrx_word' id='word_1_598' title='bbox 2959 1021 3027 1074; x_wconf 90' lang='lat' dir='ltr'>de</span> <span class='ocrx_word' id='word_1_599' title='bbox 3060 1037 3172 1090; x_wconf 86' lang='lat' dir='ltr'>qua</span> <span class='ocrx_word' id='word_1_600' title='bbox 3202 1020 3324 1090; x_wconf 92' lang='lat' dir='ltr'>ipse</span> <span class='ocrx_word' id='word_1_601' title='bbox 3357 1020 3495 1074; x_wconf 92' lang='lat' dir='ltr'>dicit</span> <span class='ocrx_word' id='word_1_602' title='bbox 3528 1035 3540 1074; x_wconf 91' lang='lat'>:</span> <span class='ocrx_word' id='word_1_603' title='bbox 3589 1021 3724 1076; x_wconf 87' lang='lat' dir='ltr'>Caro</span> <span class='ocrx_word' id='word_1_604' title='bbox 3775 1036 3895 1075; x_wconf 88' lang='lat' dir='ltr'>mea</span> 
     </span>
    </p>
   </div>
   <div class='ocr_carea' id='block_1_81' title="bbox 2188 1108 3894 1178">
    <p class='ocr_par' dir='ltr' id='par_1_81' title="bbox 2188 1108 3894 1178">
     <span class='ocr_line' id='line_1_81' title="bbox 2188 1108 3894 1178; baseline -0.001 -15"><span class='ocrx_word' id='word_1_605' title='bbox 2188 1125 2307 1164; x_wconf 83' lang='lat' dir='ltr'>vere</span> <span class='ocrx_word' id='word_1_606' title='bbox 2332 1114 2409 1162; x_wconf 89' lang='lat' dir='ltr'>est</span> <span class='ocrx_word' id='word_1_607' title='bbox 2438 1109 2608 1176; x_wconf 85' lang='lat' dir='ltr'>cibus,</span> <span class='ocrx_word' id='word_1_608' title='bbox 2651 1113 2702 1163; x_wconf 87' lang='lat' dir='ltr'>et</span> <span class='ocrx_word' id='word_1_609' title='bbox 2752 1110 2975 1175; x_wconf 85' lang='lat' dir='ltr'>sanguis</span> <span class='ocrx_word' id='word_1_610' title='bbox 3015 1123 3159 1161; x_wconf 88' lang='lat' dir='ltr'>meus</span> <span class='ocrx_word' id='word_1_611' title='bbox 3209 1123 3325 1161; x_wconf 85' lang='lat' dir='ltr'>vere</span> <span class='ocrx_word' id='word_1_612' title='bbox 3367 1112 3445 1162; x_wconf 90' lang='lat' dir='ltr'>est</span> <span class='ocrx_word' id='word_1_613' title='bbox 3494 1113 3653 1176; x_wconf 88' lang='lat' dir='ltr'>potus</span> <span class='ocrx_word' id='word_1_614' title='bbox 3697 1108 3894 1178; x_wconf 85' lang='lat' dir='ltr'>(Joan.</span> 
     </span>
    </p>
   </div>
   <div class='ocr_carea' id='block_1_82' title="bbox 2191 1196 3894 1268">
    <p class='ocr_par' dir='ltr' id='par_1_82' title="bbox 2191 1196 3894 1268">
     <span class='ocr_line' id='line_1_82' title="bbox 2191 1196 3894 1268; baseline 0.001 -20"><span class='ocrx_word' id='word_1_615' title='bbox 2191 1213 2265 1262; x_wconf 76' lang='grc' dir='ltr'>γι,</span> <span class='ocrx_word' id='word_1_616' title='bbox 2299 1199 2413 1268; x_wconf 80' lang='grc'>56);</span> <span class='ocrx_word' id='word_1_617' title='bbox 2474 1199 2558 1250; x_wconf 92' lang='lat' dir='ltr'>vel</span> <span class='ocrx_word' id='word_1_618' title='bbox 2614 1212 2767 1260; x_wconf 89' lang='lat' dir='ltr'>caro,</span> <span class='ocrx_word' id='word_1_619' title='bbox 2802 1212 2925 1267; x_wconf 83' lang='lat' dir='ltr'>quae</span> <span class='ocrx_word' id='word_1_620' title='bbox 2957 1196 3226 1250; x_wconf 81' lang='lat' dir='ltr'>crucifixa</span> <span class='ocrx_word' id='word_1_621' title='bbox 3253 1201 3358 1266; x_wconf 89' lang='lat' dir='ltr'>est,</span> <span class='ocrx_word' id='word_1_622' title='bbox 3392 1201 3450 1251; x_wconf 90' lang='lat' dir='ltr'>et</span> <span class='ocrx_word' id='word_1_623' title='bbox 3497 1196 3731 1268; x_wconf 88' lang='lat' dir='ltr'>sanguis</span> <span class='ocrx_word' id='word_1_624' title='bbox 3788 1197 3894 1267; x_wconf 91' lang='lat' dir='ltr'>qui</span> 
     </span>
    </p>
   </div>
   <div class='ocr_carea' id='block_1_83' title="bbox 2192 1284 3059 1339">
    <p class='ocr_par' dir='ltr' id='par_1_83' title="bbox 2192 1284 3059 1339">
     <span class='ocr_line' id='line_1_83' title="bbox 2192 1284 3059 1339; baseline 0 -1"><span class='ocrx_word' id='word_1_625' title='bbox 2192 1284 2389 1338; x_wconf 91' lang='lat' dir='ltr'>militis</span> <span class='ocrx_word' id='word_1_626' title='bbox 2429 1285 2642 1339; x_wconf 74' lang='lat' dir='ltr'>effusus</span> <span class='ocrx_word' id='word_1_627' title='bbox 2673 1293 2757 1338; x_wconf 89' lang='lat' dir='ltr'>est</span> <span class='ocrx_word' id='word_1_628' title='bbox 2782 1286 2997 1338; x_wconf 88' lang='lat' dir='ltr'>lancea.</span> <span class='ocrx_word' id='word_1_629' title='bbox 3032 1305 3059 1333; x_wconf 85' lang='lat'>»</span> 
     </span>
    </p>
   </div>
   <div class='ocr_carea' id='block_1_84' title="bbox 2262 1373 3893 1444">
    <p class='ocr_par' dir='ltr' id='par_1_84' title="bbox 2262 1373 3893 1444">
     <span class='ocr_line' id='line_1_84' title="bbox 2262 1373 3893 1444; baseline -0.001 -17"><span class='ocrx_word' id='word_1_630' title='bbox 2262 1373 2429 1428; x_wconf 80' lang='lat' dir='ltr'><strong>LXXI.</strong></span> <span class='ocrx_word' id='word_1_631' title='bbox 2465 1375 2586 1427; x_wconf 89' lang='lat' dir='ltr'>Non</span> <span class='ocrx_word' id='word_1_632' title='bbox 2647 1373 3054 1443; x_wconf 82' lang='lat' dir='ltr'>parvadoctor</span> <span class='ocrx_word' id='word_1_633' title='bbox 3096 1373 3199 1426; x_wconf 88' lang='lat' dir='ltr'>iste</span> <span class='ocrx_word' id='word_1_634' title='bbox 3259 1373 3584 1428; x_wconf 78' lang='lat' dir='ltr'>differentia</span> <span class='ocrx_word' id='word_1_635' title='bbox 3633 1373 3893 1444; x_wconf 90' lang='lat' dir='ltr'>corporis</span> 
     </span>
    </p>
   </div>
   <div class='ocr_carea' id='block_1_85' title="bbox 2190 1460 3889 1532">
    <p class='ocr_par' dir='ltr' id='par_1_85' title="bbox 2190 1460 3889 1532">
     <span class='ocr_line' id='line_1_85' title="bbox 2190 1460 3889 1532; baseline 0 -16"><span class='ocrx_word' id='word_1_636' title='bbox 2190 1466 2248 1516; x_wconf 89' lang='lat' dir='ltr'>et</span> <span class='ocrx_word' id='word_1_637' title='bbox 2299 1461 2595 1532; x_wconf 85' lang='lat' dir='ltr'>sanguinis</span> <span class='ocrx_word' id='word_1_638' title='bbox 2639 1461 2848 1515; x_wconf 83' lang='lat' dir='ltr'>Christi</span> <span class='ocrx_word' id='word_1_639' title='bbox 2932 1460 3066 1515; x_wconf 88' lang='lat' dir='ltr'>fecit</span> <span class='ocrx_word' id='word_1_640' title='bbox 3123 1460 3570 1516; x_wconf 86' lang='lat' dir='ltr'>distinctionem.</span> <span class='ocrx_word' id='word_1_641' title='bbox 3628 1462 3889 1532; x_wconf 85' lang='lat' dir='ltr'>Namque</span> 
     </span>
    </p>
   </div>
   <div class='ocr_carea' id='block_1_86' title="bbox 2188 1548 3890 1618">
    <p class='ocr_par' dir='ltr' id='par_1_86' title="bbox 2188 1548 3890 1618">
     <span class='ocr_line' id='line_1_86' title="bbox 2188 1548 3890 1618; baseline -0.002 -15"><span class='ocrx_word' id='word_1_642' title='bbox 2188 1549 2324 1603; x_wconf 91' lang='lat' dir='ltr'>dum</span> <span class='ocrx_word' id='word_1_643' title='bbox 2355 1565 2582 1602; x_wconf 79' lang='lat' dir='ltr'>carnem</span> <span class='ocrx_word' id='word_1_644' title='bbox 2607 1548 2691 1602; x_wconf 92' lang='lat' dir='ltr'>vel</span> <span class='ocrx_word' id='word_1_645' title='bbox 2723 1548 3063 1618; x_wconf 87' lang='lat' dir='ltr'>sanguinem</span> <span class='ocrx_word' id='word_1_646' title='bbox 3104 1564 3232 1618; x_wconf 64' lang='lat' dir='ltr'>qua:</span> <span class='ocrx_word' id='word_1_647' title='bbox 3265 1548 3522 1618; x_wconf 89' lang='lat' dir='ltr'>quotidie</span> <span class='ocrx_word' id='word_1_648' title='bbox 3577 1555 3890 1602; x_wconf 87' lang='lat' dir='ltr'>sumuntur</span> 
     </span>
    </p>
   </div>
   <div class='ocr_carea' id='block_1_87' title="bbox 2187 1637 3888 1708">
    <p class='ocr_par' dir='ltr' id='par_1_87' title="bbox 2187 1637 3888 1708">
     <span class='ocr_line' id='line_1_87' title="bbox 2187 1637 3888 1708; baseline 0.001 -17"><span class='ocrx_word' id='word_1_649' title='bbox 2187 1653 2222 1691; x_wconf 89' lang='lat' dir='ltr'>a</span> <span class='ocrx_word' id='word_1_650' title='bbox 2255 1638 2537 1704; x_wconf 88' lang='lat' dir='ltr'>fidelibus,</span> <span class='ocrx_word' id='word_1_651' title='bbox 2575 1637 2893 1708; x_wconf 89' lang='lat' dir='ltr'>spiritualia</span> <span class='ocrx_word' id='word_1_652' title='bbox 2925 1637 3061 1691; x_wconf 88' lang='lat' dir='ltr'>dicit</span> <span class='ocrx_word' id='word_1_653' title='bbox 3106 1652 3256 1702; x_wconf 89' lang='lat' dir='ltr'>esse;</span> <span class='ocrx_word' id='word_1_654' title='bbox 3304 1642 3362 1690; x_wconf 91' lang='lat' dir='ltr'>at</span> <span class='ocrx_word' id='word_1_655' title='bbox 3408 1652 3542 1690; x_wconf 87' lang='lat' dir='ltr'>vero</span> <span class='ocrx_word' id='word_1_656' title='bbox 3585 1653 3715 1691; x_wconf 88' lang='lat' dir='ltr'>caro</span> <span class='ocrx_word' id='word_1_657' title='bbox 3754 1653 3888 1708; x_wconf 72' lang='lat' dir='ltr'>quas</span> 
     </span>
    </p>
   </div>
   <div class='ocr_carea' id='block_1_88' title="bbox 2189 1724 3885 1795">
    <p class='ocr_par' dir='ltr' id='par_1_88' title="bbox 2189 1724 3885 1795">
     <span class='ocr_line' id='line_1_88' title="bbox 2189 1724 3885 1795; baseline 0.001 -17"><span class='ocrx_word' id='word_1_658' title='bbox 2189 1724 2456 1778; x_wconf 83' lang='lat' dir='ltr'>crucifixa</span> <span class='ocrx_word' id='word_1_659' title='bbox 2487 1730 2588 1792; x_wconf 89' lang='lat' dir='ltr'>est,</span> <span class='ocrx_word' id='word_1_660' title='bbox 2623 1729 2679 1778; x_wconf 89' lang='lat' dir='ltr'>et</span> <span class='ocrx_word' id='word_1_661' title='bbox 2707 1724 2938 1795; x_wconf 84' lang='lat' dir='ltr'>sanguis</span> <span class='ocrx_word' id='word_1_662' title='bbox 2968 1725 3066 1795; x_wconf 89' lang='lat' dir='ltr'>qui</span> <span class='ocrx_word' id='word_1_663' title='bbox 3095 1724 3291 1778; x_wconf 90' lang='lat' dir='ltr'>militis</span> <span class='ocrx_word' id='word_1_664' title='bbox 3319 1724 3531 1778; x_wconf 85' lang='lat' dir='ltr'>effusus</span> <span class='ocrx_word' id='word_1_665' title='bbox 3553 1730 3637 1778; x_wconf 90' lang='lat' dir='ltr'>est</span> <span class='ocrx_word' id='word_1_666' title='bbox 3662 1725 3885 1791; x_wconf 89' lang='lat' dir='ltr'>lancea,</span> 
     </span>
    </p>
   </div>
   <div class='ocr_carea' id='block_1_89' title="bbox 2191 1813 3891 1885">
    <p class='ocr_par' dir='ltr' id='par_1_89' title="bbox 2191 1813 3891 1885">
     <span class='ocr_line' id='line_1_89' title="bbox 2191 1813 3891 1885; baseline 0 -18"><span class='ocrx_word' id='word_1_667' title='bbox 2191 1829 2311 1867; x_wconf 89' lang='lat' dir='ltr'>non</span> <span class='ocrx_word' id='word_1_668' title='bbox 2354 1813 2673 1885; x_wconf 85' lang='lat' dir='ltr'>spiritualia</span> <span class='ocrx_word' id='word_1_669' title='bbox 2703 1829 2822 1867; x_wconf 91' lang='lat' dir='ltr'>esse</span> <span class='ocrx_word' id='word_1_670' title='bbox 2849 1813 3114 1867; x_wconf 87' lang='lat' dir='ltr'>dicuntur</span> <span class='ocrx_word' id='word_1_671' title='bbox 3145 1829 3332 1883; x_wconf 89' lang='lat' dir='ltr'>neque</span> <span class='ocrx_word' id='word_1_672' title='bbox 3381 1813 3570 1868; x_wconf 88' lang='lat' dir='ltr'>divina</span> <span class='ocrx_word' id='word_1_673' title='bbox 3601 1823 3640 1882; x_wconf 77' lang='grc' dir='ltr'>ο,</span> <span class='ocrx_word' id='word_1_674' title='bbox 3683 1818 3891 1884; x_wconf 87' lang='lat' dir='ltr'>paten-</span> 
     </span>
    </p>
   </div>
   <div class='ocr_carea' id='block_1_90' title="bbox 2192 1901 3888 1973">
    <p class='ocr_par' dir='ltr' id='par_1_90' title="bbox 2192 1901 3888 1973">
     <span class='ocr_line' id='line_1_90' title="bbox 2192 1901 3888 1973; baseline 0.001 -19"><span class='ocrx_word' id='word_1_675' title='bbox 2192 1904 2280 1956; x_wconf 91' lang='lat' dir='ltr'>ter</span> <span class='ocrx_word' id='word_1_676' title='bbox 2307 1902 2578 1967; x_wconf 87' lang='lat' dir='ltr'>insinuat,</span> <span class='ocrx_word' id='word_1_677' title='bbox 2614 1901 2768 1973; x_wconf 91' lang='lat' dir='ltr'>quod</span> <span class='ocrx_word' id='word_1_678' title='bbox 2791 1907 3015 1956; x_wconf 89' lang='lat' dir='ltr'>tantum</span> <span class='ocrx_word' id='word_1_679' title='bbox 3046 1901 3197 1956; x_wconf 86' lang='lat' dir='ltr'>inter</span> <span class='ocrx_word' id='word_1_680' title='bbox 3223 1918 3280 1956; x_wconf 89' lang='lat' dir='ltr'>se</span> <span class='ocrx_word' id='word_1_681' title='bbox 3302 1901 3573 1956; x_wconf 78' lang='lat' dir='ltr'>ditl‘erunt</span> <span class='ocrx_word' id='word_1_682' title='bbox 3601 1907 3888 1973; x_wconf 85' lang='lat' dir='ltr'>quantum</span> 
     </span>
    </p>
   </div>
   <div class='ocr_carea' id='block_1_91' title="bbox 2191 2061 3891 2131">
    <p class='ocr_par' dir='ltr' id='par_1_91' title="bbox 2191 2061 3891 2131">
     <span class='ocr_line' id='line_1_91' title="bbox 2191 2061 3891 2131; baseline 0.002 -14"><span class='ocrx_word' id='word_1_683' title='bbox 2191 2064 2460 2131; x_wconf 84' lang='lat' dir='ltr'>cupative,</span> <span class='ocrx_word' id='word_1_684' title='bbox 2497 2077 2552 2116; x_wconf 91' lang='lat' dir='ltr'>eo</span> <span class='ocrx_word' id='word_1_685' title='bbox 2583 2062 2863 2116; x_wconf 88' lang='lat' dir='ltr'>locutionis</span> <span class='ocrx_word' id='word_1_686' title='bbox 2888 2061 3068 2116; x_wconf 83' lang='lat' dir='ltr'>&#39;modo</span> <span class='ocrx_word' id='word_1_687' title='bbox 3111 2076 3215 2130; x_wconf 88' lang='lat' dir='ltr'>quo</span> <span class='ocrx_word' id='word_1_688' title='bbox 3265 2076 3352 2115; x_wconf 87' lang='lat' dir='ltr'>res</span> <span class='ocrx_word' id='word_1_689' title='bbox 3408 2062 3728 2130; x_wconf 76' lang='lat' dir='ltr'>signiﬁcans</span> <span class='ocrx_word' id='word_1_690' title='bbox 3747 2067 3891 2120; x_wconf 84' lang='lat' dir='ltr'>solet</span> 
     </span>
    </p>
   </div>
   <div class='ocr_carea' id='block_1_92' title="bbox 2190 2132 3887 2200">
    <p class='ocr_par' dir='ltr' id='par_1_92' title="bbox 2190 2132 3887 2200">
     <span class='ocr_line' id='line_1_92' title="bbox 2190 2132 3887 2200; baseline 0.002 -12"><span class='ocrx_word' id='word_1_691' title='bbox 2190 2134 2512 2199; x_wconf 67' lang='lat' dir='ltr'>signiﬁcata?</span> <span class='ocrx_word' id='word_1_692' title='bbox 2531 2133 2782 2187; x_wconf 85' lang='lat' dir='ltr'>vocabulo</span> <span class='ocrx_word' id='word_1_693' title='bbox 2816 2135 3139 2200; x_wconf 85' lang='lat' dir='ltr'>nuncupari.</span> <span class='ocrx_word' id='word_1_694' title='bbox 3191 2132 3346 2188; x_wconf 87' lang='lat' dir='ltr'>Nihil</span> <span class='ocrx_word' id='word_1_695' title='bbox 3377 2133 3531 2186; x_wconf 91' lang='lat' dir='ltr'>aliud</span> <span class='ocrx_word' id='word_1_696' title='bbox 3554 2133 3747 2187; x_wconf 88' lang='lat' dir='ltr'>animo</span> <span class='ocrx_word' id='word_1_697' title='bbox 3790 2135 3887 2191; x_wconf 88' lang='lat' dir='ltr'>in-</span> 
     </span>
    </p>
   </div>
   <div class='ocr_carea' id='block_1_93' title="bbox 2188 2202 3889 2274">
    <p class='ocr_par' dir='ltr' id='par_1_93' title="bbox 2188 2202 3889 2274">
     <span class='ocr_line' id='line_1_93' title="bbox 2188 2202 3889 2274; baseline 0.002 -17"><span class='ocrx_word' id='word_1_698' title='bbox 2188 2204 2434 2258; x_wconf 86' lang='lat' dir='ltr'>tendisse</span> <span class='ocrx_word' id='word_1_699' title='bbox 2492 2203 2738 2256; x_wconf 91' lang='lat' dir='ltr'>dilucide</span> <span class='ocrx_word' id='word_1_700' title='bbox 2771 2202 2928 2256; x_wconf 90' lang='lat' dir='ltr'>vobis</span> <span class='ocrx_word' id='word_1_701' title='bbox 2959 2203 3246 2274; x_wconf 87' lang='lat' dir='ltr'>significat</span> <span class='ocrx_word' id='word_1_702' title='bbox 3292 2204 3638 2258; x_wconf 77' lang='lat' dir='ltr'>Ratramnus</span> <span class='ocrx_word' id='word_1_703' title='bbox 3675 2221 3889 2261; x_wconf 87' lang='lat' dir='ltr'>conce-</span> 
     </span>
    </p>
   </div>
   <div class='ocr_carea' id='block_1_94' title="bbox 2189 2273 3884 2344">
    <p class='ocr_par' dir='ltr' id='par_1_94' title="bbox 2189 2273 3884 2344">
     <span class='ocr_line' id='line_1_94' title="bbox 2189 2273 3884 2344; baseline 0.003 -17"><span class='ocrx_word' id='word_1_704' title='bbox 2189 2275 2303 2344; x_wconf 89' lang='lat' dir='ltr'>ptis</span> <span class='ocrx_word' id='word_1_705' title='bbox 2321 2273 2508 2328; x_wconf 86' lang='lat' dir='ltr'>verbis</span> <span class='ocrx_word' id='word_1_706' title='bbox 2551 2275 2637 2328; x_wconf 91' lang='lat' dir='ltr'>his</span> <span class='ocrx_word' id='word_1_707' title='bbox 2667 2290 2733 2327; x_wconf 80' lang='lat' dir='ltr'>ex</span> <span class='ocrx_word' id='word_1_708' title='bbox 2776 2273 3032 2328; x_wconf 80' lang='lat' dir='ltr'>numero</span> <span class='ocrx_word' id='word_1_709' title='bbox 3061 2276 3127 2327; x_wconf 83' lang='lat'>69</span> <span class='ocrx_word' id='word_1_710' title='bbox 3179 2275 3536 2327; x_wconf 88' lang='lat' dir='ltr'>continenter</span> <span class='ocrx_word' id='word_1_711' title='bbox 3557 2275 3884 2342; x_wconf 80' lang='lat' dir='ltr'>exscriptis:</span> 
     </span>
    </p>
   </div>
   <div class='ocr_carea' id='block_1_95' title="bbox 2189 2345 3885 2415">
    <p class='ocr_par' dir='ltr' id='par_1_95' title="bbox 2189 2345 3885 2415">
     <span class='ocr_line' id='line_1_95' title="bbox 2189 2345 3885 2415; baseline 0.001 -15"><span class='ocrx_word' id='word_1_712' title='bbox 2189 2348 2298 2401; x_wconf 89' lang='lat' dir='ltr'>Iste</span> <span class='ocrx_word' id='word_1_713' title='bbox 2324 2361 2556 2413; x_wconf 89' lang='lat' dir='ltr'>namque</span> <span class='ocrx_word' id='word_1_714' title='bbox 2574 2347 2738 2414; x_wconf 83' lang='lat' dir='ltr'>panis</span> <span class='ocrx_word' id='word_1_715' title='bbox 2771 2351 2821 2398; x_wconf 88' lang='lat' dir='ltr'>et</span> <span class='ocrx_word' id='word_1_716' title='bbox 2849 2347 2948 2399; x_wconf 88' lang='lat' dir='ltr'>iste</span> <span class='ocrx_word' id='word_1_717' title='bbox 2989 2352 3147 2415; x_wconf 84' lang='lat' dir='ltr'>potus</span> <span class='ocrx_word' id='word_1_718' title='bbox 3171 2361 3276 2398; x_wconf 88' lang='lat' dir='ltr'>non</span> <span class='ocrx_word' id='word_1_719' title='bbox 3302 2345 3591 2398; x_wconf 81' lang='lat' dir='ltr'>secundum</span> <span class='ocrx_word' id='word_1_720' title='bbox 3618 2347 3762 2414; x_wconf 88' lang='lat' dir='ltr'>quod</span> <span class='ocrx_word' id='word_1_721' title='bbox 3799 2352 3885 2402; x_wconf 82' lang='lat' dir='ltr'>vi-</span> 
     </span>
    </p>
   </div>
   <div class='ocr_carea' id='block_1_96' title="bbox 2189 2417 3881 2484">
    <p class='ocr_par' dir='ltr' id='par_1_96' title="bbox 2189 2417 3881 2484">
     <span class='ocr_line' id='line_1_96' title="bbox 2189 2417 3881 2484; baseline 0.002 -14"><span class='ocrx_word' id='word_1_722' title='bbox 2189 2418 2386 2470; x_wconf 88' lang='lat' dir='ltr'>dentur</span> <span class='ocrx_word' id='word_1_723' title='bbox 2404 2419 2719 2484; x_wconf 84' lang='lat' dir='ltr'>corpussive</span> <span class='ocrx_word' id='word_1_724' title='bbox 2747 2419 2970 2481; x_wconf 88' lang='lat' dir='ltr'>sanguis</span> <span class='ocrx_word' id='word_1_725' title='bbox 2995 2419 3238 2469; x_wconf 66' lang='lat' dir='ltr'>existunt</span> <span class='ocrx_word' id='word_1_726' title='bbox 3279 2417 3505 2480; x_wconf 78' lang='lat' dir='ltr'>Christi,</span> <span class='ocrx_word' id='word_1_727' title='bbox 3556 2417 3652 2469; x_wconf 84' lang='lat' dir='ltr'>sed</span> <span class='ocrx_word' id='word_1_728' title='bbox 3700 2433 3881 2474; x_wconf 87' lang='lat' dir='ltr'>secun.</span> 
     </span>
    </p>
   </div>
   <div class='ocr_carea' id='block_1_97' title="bbox 2189 2487 3883 2557">
    <p class='ocr_par' dir='ltr' id='par_1_97' title="bbox 2189 2487 3883 2557">
     <span class='ocr_line' id='line_1_97' title="bbox 2189 2487 3883 2557; baseline 0.002 -17"><span class='ocrx_word' id='word_1_729' title='bbox 2189 2488 2315 2540; x_wconf 90' lang='lat' dir='ltr'>dum</span> <span class='ocrx_word' id='word_1_730' title='bbox 2341 2487 2484 2557; x_wconf 90' lang='lat' dir='ltr'>quod</span> <span class='ocrx_word' id='word_1_731' title='bbox 2507 2489 2873 2556; x_wconf 87' lang='lat' dir='ltr'>spiritualiter</span> <span class='ocrx_word' id='word_1_732' title='bbox 2894 2491 3018 2540; x_wconf 78' lang='lat' dir='ltr'>vitae</span> <span class='ocrx_word' id='word_1_733' title='bbox 3047 2487 3411 2540; x_wconf 79' lang='lat' dir='ltr'>substantiam</span> <span class='ocrx_word' id='word_1_734' title='bbox 3439 2487 3883 2544; x_wconf 82' lang='lat' dir='ltr'>subministrant.</span> 
     </span>
    </p>
   </div>
   <div class='ocr_carea' id='block_1_98' title="bbox 2189 2559 3887 2626">
    <p class='ocr_par' dir='ltr' id='par_1_98' title="bbox 2189 2559 3887 2626">
     <span class='ocr_line' id='line_1_98' title="bbox 2189 2559 3887 2626; baseline 0.002 -15"><span class='ocrx_word' id='word_1_735' title='bbox 2189 2559 2343 2611; x_wconf 84' lang='lat' dir='ltr'>Illud</span> <span class='ocrx_word' id='word_1_736' title='bbox 2394 2574 2514 2611; x_wconf 86' lang='lat' dir='ltr'>vero</span> <span class='ocrx_word' id='word_1_737' title='bbox 2541 2561 2600 2610; x_wconf 86' lang='lat' dir='ltr'>in</span> <span class='ocrx_word' id='word_1_738' title='bbox 2631 2573 2736 2625; x_wconf 84' lang='lat' dir='ltr'>quo</span> <span class='ocrx_word' id='word_1_739' title='bbox 2762 2559 2920 2611; x_wconf 89' lang='lat' dir='ltr'>semel</span> <span class='ocrx_word' id='word_1_740' title='bbox 2938 2572 3133 2626; x_wconf 85' lang='lat' dir='ltr'>passus</span> <span class='ocrx_word' id='word_1_741' title='bbox 3160 2565 3237 2611; x_wconf 88' lang='lat' dir='ltr'>est</span> <span class='ocrx_word' id='word_1_742' title='bbox 3268 2559 3514 2614; x_wconf 81' lang='lat' dir='ltr'>Christus</span> <span class='ocrx_word' id='word_1_743' title='bbox 3553 2574 3658 2611; x_wconf 87' lang='lat' dir='ltr'>non</span> <span class='ocrx_word' id='word_1_744' title='bbox 3714 2562 3887 2615; x_wconf 88' lang='lat' dir='ltr'>aliam</span> 
     </span>
    </p>
   </div>
   <div class='ocr_carea' id='block_1_99' title="bbox 2188 2629 3887 2698">
    <p class='ocr_par' dir='ltr' id='par_1_99' title="bbox 2188 2629 3887 2698">
     <span class='ocr_line' id='line_1_99' title="bbox 2188 2629 3887 2698; baseline 0.002 -16"><span class='ocrx_word' id='word_1_745' title='bbox 2188 2633 2410 2698; x_wconf 85' lang='lat' dir='ltr'>speciem</span> <span class='ocrx_word' id='word_1_746' title='bbox 2461 2629 2784 2696; x_wconf 68' lang='lat' dir='ltr'>praeferebat</span> <span class='ocrx_word' id='word_1_747' title='bbox 2826 2644 2988 2696; x_wconf 86' lang='lat' dir='ltr'>quam</span> <span class='ocrx_word' id='word_1_748' title='bbox 3053 2631 3112 2681; x_wconf 88' lang='lat' dir='ltr'>in</span> <span class='ocrx_word' id='word_1_749' title='bbox 3164 2645 3272 2696; x_wconf 88' lang='lat' dir='ltr'>qua</span> <span class='ocrx_word' id='word_1_750' title='bbox 3328 2629 3649 2682; x_wconf 84' lang='lat' dir='ltr'>consistebat</span> <span class='ocrx_word' id='word_1_751' title='bbox 3703 2647 3716 2684; x_wconf 90' lang='lat'>:</span> <span class='ocrx_word' id='word_1_752' title='bbox 3791 2633 3887 2685; x_wconf 86' lang='lat' dir='ltr'>hoc</span> 
     </span>
    </p>
   </div>
   <div class='ocr_carea' id='block_1_100' title="bbox 2188 2699 3889 2769">
    <p class='ocr_par' dir='ltr' id='par_1_100' title="bbox 2188 2699 3889 2769">
     <span class='ocr_line' id='line_1_100' title="bbox 2188 2699 3889 2769; baseline 0.002 -16"><span class='ocrx_word' id='word_1_753' title='bbox 2188 2701 2330 2753; x_wconf 89' lang='lat' dir='ltr'>enim</span> <span class='ocrx_word' id='word_1_754' title='bbox 2369 2706 2484 2752; x_wconf 88' lang='lat' dir='ltr'>erat</span> <span class='ocrx_word' id='word_1_755' title='bbox 2512 2699 2659 2768; x_wconf 88' lang='lat' dir='ltr'>quod</span> <span class='ocrx_word' id='word_1_756' title='bbox 2685 2715 2806 2754; x_wconf 84' lang='lat' dir='ltr'>vere</span> <span class='ocrx_word' id='word_1_757' title='bbox 2834 2699 3138 2764; x_wconf 88' lang='lat' dir='ltr'>videbatur,</span> <span class='ocrx_word' id='word_1_758' title='bbox 3173 2699 3317 2769; x_wconf 83' lang='lat' dir='ltr'>quod</span> <span class='ocrx_word' id='word_1_759' title='bbox 3355 2699 3697 2766; x_wconf 84' lang='lat' dir='ltr'>tangebatur,</span> <span class='ocrx_word' id='word_1_760' title='bbox 3741 2703 3889 2769; x_wconf 83' lang='lat' dir='ltr'>quod</span> 
     </span>
    </p>
   </div>
   <div class='ocr_carea' id='block_1_101' title="bbox 2188 2770 3886 2838">
    <p class='ocr_par' dir='ltr' id='par_1_101' title="bbox 2188 2770 3886 2838">
     <span class='ocr_line' id='line_1_101' title="bbox 2188 2770 3886 2838; baseline 0.002 -14"><span class='ocrx_word' id='word_1_761' title='bbox 2188 2771 2621 2838; x_wconf 77' lang='lat' dir='ltr'>cruciﬁgebalur,</span> <span class='ocrx_word' id='word_1_762' title='bbox 2656 2771 2800 2838; x_wconf 75' lang='lat' dir='ltr'>quod</span> <span class='ocrx_word' id='word_1_763' title='bbox 2837 2771 3208 2837; x_wconf 83' lang='lat' dir='ltr'>sepeliebatur.</span> <span class='ocrx_word' id='word_1_764' title='bbox 3250 2770 3514 2824; x_wconf 83' lang='lat' dir='ltr'>Similiter</span> <span class='ocrx_word' id='word_1_765' title='bbox 3542 2774 3765 2838; x_wconf 88' lang='lat' dir='ltr'>sanguis</span> <span class='ocrx_word' id='word_1_766' title='bbox 3816 2777 3886 2827; x_wconf 80' lang='lat' dir='ltr'>il-</span> 
     </span>
    </p>
   </div>
   <div class='ocr_carea' id='block_1_102' title="bbox 2189 2840 3889 2909">
    <p class='ocr_par' dir='ltr' id='par_1_102' title="bbox 2189 2840 3889 2909">
     <span class='ocr_line' id='line_1_102' title="bbox 2189 2840 3889 2909; baseline 0.002 -15"><span class='ocrx_word' id='word_1_767' title='bbox 2189 2843 2295 2895; x_wconf 91' lang='lat' dir='ltr'>lius</span> <span class='ocrx_word' id='word_1_768' title='bbox 2329 2841 2394 2894; x_wconf 84' lang='lat' dir='ltr'>de</span> <span class='ocrx_word' id='word_1_769' title='bbox 2425 2842 2588 2894; x_wconf 85' lang='lat' dir='ltr'>latere</span> <span class='ocrx_word' id='word_1_770' title='bbox 2625 2857 2853 2894; x_wconf 88' lang='lat' dir='ltr'>manans</span> <span class='ocrx_word' id='word_1_771' title='bbox 2912 2856 3017 2894; x_wconf 88' lang='lat' dir='ltr'>non</span> <span class='ocrx_word' id='word_1_772' title='bbox 3047 2840 3203 2894; x_wconf 88' lang='lat' dir='ltr'>aliud</span> <span class='ocrx_word' id='word_1_773' title='bbox 3231 2841 3533 2909; x_wconf 83' lang='lat' dir='ltr'>apparebat</span> <span class='ocrx_word' id='word_1_774' title='bbox 3571 2845 3809 2897; x_wconf 68' lang='lat' dir='ltr'>exterius</span> <span class='ocrx_word' id='word_1_775' title='bbox 3835 2849 3889 2898; x_wconf 88' lang='lat' dir='ltr'>et</span> 
     </span>
    </p>
   </div>
   <div class='ocr_carea' id='block_1_103' title="bbox 2188 2911 3887 2980">
    <p class='ocr_par' dir='ltr' id='par_1_103' title="bbox 2188 2911 3887 2980">
     <span class='ocr_line' id='line_1_103' title="bbox 2188 2911 3887 2980; baseline 0.002 -15"><span class='ocrx_word' id='word_1_776' title='bbox 2188 2912 2342 2965; x_wconf 86' lang='lat' dir='ltr'>aliud</span> <span class='ocrx_word' id='word_1_777' title='bbox 2361 2914 2588 2966; x_wconf 88' lang='lat' dir='ltr'>interius</span> <span class='ocrx_word' id='word_1_778' title='bbox 2619 2911 2899 2965; x_wconf 79' lang='lat' dir='ltr'>obvelabat</span> <span class='ocrx_word' id='word_1_779' title='bbox 2940 2927 2952 2964; x_wconf 91' lang='lat'><strong>:</strong></span> <span class='ocrx_word' id='word_1_780' title='bbox 2987 2927 3142 2965; x_wconf 84' lang='lat' dir='ltr'>uerus</span> <span class='ocrx_word' id='word_1_781' title='bbox 3171 2917 3356 2980; x_wconf 75' lang='lat' dir='ltr'>itaque</span> <span class='ocrx_word' id='word_1_782' title='bbox 3385 2915 3609 2978; x_wconf 83' lang='lat' dir='ltr'>snaguis</span> <span class='ocrx_word' id='word_1_783' title='bbox 3658 2913 3722 2968; x_wconf 88' lang='lat' dir='ltr'>de</span> <span class='ocrx_word' id='word_1_784' title='bbox 3765 2930 3887 2968; x_wconf 75' lang='lat' dir='ltr'>vero</span> 
     </span>
    </p>
   </div>
   <div class='ocr_carea' id='block_1_104' title="bbox 2187 2983 3888 3053">
    <p class='ocr_par' dir='ltr' id='par_1_104' title="bbox 2187 2983 3888 3053">
     <span class='ocr_line' id='line_1_104' title="bbox 2187 2983 3888 3053; baseline 0.002 -17"><span class='ocrx_word' id='word_1_785' title='bbox 2187 2998 2406 3051; x_wconf 86' lang='lat' dir='ltr'>corpore</span> <span class='ocrx_word' id='word_1_786' title='bbox 2461 2983 2780 3051; x_wconf 82' lang='lat' dir='ltr'>proﬂuebat.</span> <span class='ocrx_word' id='word_1_787' title='bbox 2847 2986 2925 3035; x_wconf 83' lang='lat' dir='ltr'>At</span> <span class='ocrx_word' id='word_1_788' title='bbox 2976 2998 3116 3036; x_wconf 89' lang='lat' dir='ltr'>nunc</span> <span class='ocrx_word' id='word_1_789' title='bbox 3159 2985 3382 3048; x_wconf 87' lang='lat' dir='ltr'>sanguis</span> <span class='ocrx_word' id='word_1_790' title='bbox 3436 2985 3658 3048; x_wconf 87' lang='lat' dir='ltr'>Christi,</span> <span class='ocrx_word' id='word_1_791' title='bbox 3728 3001 3888 3053; x_wconf 87' lang='lat' dir='ltr'>quem</span> 
     </span>
    </p>
   </div>
   <div class='ocr_carea' id='block_1_105' title="bbox 2189 3053 3883 3122">
    <p class='ocr_par' dir='ltr' id='par_1_105' title="bbox 2189 3053 3883 3122">
     <span class='ocr_line' id='line_1_105' title="bbox 2189 3053 3883 3122; baseline 0.002 -15"><span class='ocrx_word' id='word_1_792' title='bbox 2189 3053 2457 3107; x_wconf 89' lang='lat' dir='ltr'>credentes</span> <span class='ocrx_word' id='word_1_793' title='bbox 2505 3069 2645 3107; x_wconf 88' lang='lat' dir='ltr'>nunc</span> <span class='ocrx_word' id='word_1_794' title='bbox 2699 3053 2937 3117; x_wconf 79' lang='lat' dir='ltr'>ebibunt,</span> <span class='ocrx_word' id='word_1_795' title='bbox 3007 3058 3058 3106; x_wconf 91' lang='lat' dir='ltr'>et</span> <span class='ocrx_word' id='word_1_796' title='bbox 3111 3068 3301 3122; x_wconf 88' lang='lat' dir='ltr'>corpus</span> <span class='ocrx_word' id='word_1_797' title='bbox 3367 3053 3512 3121; x_wconf 83' lang='lat' dir='ltr'>quod</span> <span class='ocrx_word' id='word_1_798' title='bbox 3581 3057 3883 3117; x_wconf 74' lang='lat' dir='ltr'>comedunt.</span> 
     </span>
    </p>
   </div>
   <div class='ocr_carea' id='block_1_106' title="bbox 2188 3124 3889 3192">
    <p class='ocr_par' dir='ltr' id='par_1_106' title="bbox 2188 3124 3889 3192">
     <span class='ocr_line' id='line_1_106' title="bbox 2188 3124 3889 3192; baseline 0.002 -14"><span class='ocrx_word' id='word_1_799' title='bbox 2188 3124 2343 3178; x_wconf 88' lang='lat' dir='ltr'>aliud</span> <span class='ocrx_word' id='word_1_800' title='bbox 2384 3129 2512 3178; x_wconf 87' lang='lat' dir='ltr'>sunt</span> <span class='ocrx_word' id='word_1_801' title='bbox 2560 3128 2618 3177; x_wconf 88' lang='lat' dir='ltr'>in</span> <span class='ocrx_word' id='word_1_802' title='bbox 2650 3126 2842 3192; x_wconf 82' lang='lat' dir='ltr'>Specie,</span> <span class='ocrx_word' id='word_1_803' title='bbox 2883 3128 2934 3176; x_wconf 89' lang='lat' dir='ltr'>et</span> <span class='ocrx_word' id='word_1_804' title='bbox 2988 3124 3144 3177; x_wconf 87' lang='lat' dir='ltr'>aliud</span> <span class='ocrx_word' id='word_1_805' title='bbox 3175 3127 3232 3177; x_wconf 89' lang='lat' dir='ltr'>in</span> <span class='ocrx_word' id='word_1_806' title='bbox 3261 3126 3675 3190; x_wconf 68' lang='lat' dir='ltr'>signiﬁcatione,</span> <span class='ocrx_word' id='word_1_807' title='bbox 3729 3127 3889 3181; x_wconf 84' lang='lat' dir='ltr'>aliud</span> 
     </span>
    </p>
   </div>
   <div class='ocr_carea' id='block_1_107' title="bbox 2183 3195 3884 3266">
    <p class='ocr_par' dir='ltr' id='par_1_107' title="bbox 2183 3195 3884 3266">
     <span class='ocr_line' id='line_1_107' title="bbox 2183 3195 3884 3266; baseline 0.001 -18"><span class='ocrx_word' id='word_1_808' title='bbox 2183 3201 2417 3266; x_wconf 88' lang='lat' dir='ltr'>pascunt</span> <span class='ocrx_word' id='word_1_809' title='bbox 2468 3207 2660 3264; x_wconf 84' lang='lat' dir='ltr'>corpus</span> <span class='ocrx_word' id='word_1_810' title='bbox 2734 3211 2853 3248; x_wconf 89' lang='lat' dir='ltr'>esca</span> <span class='ocrx_word' id='word_1_811' title='bbox 2893 3209 3165 3266; x_wconf 87' lang='lat' dir='ltr'>corporea,</span> <span class='ocrx_word' id='word_1_812' title='bbox 3211 3199 3260 3248; x_wconf 91' lang='lat' dir='ltr'>et</span> <span class='ocrx_word' id='word_1_813' title='bbox 3305 3195 3462 3248; x_wconf 88' lang='lat' dir='ltr'>aliud</span> <span class='ocrx_word' id='word_1_814' title='bbox 3517 3197 3661 3263; x_wconf 85' lang='lat' dir='ltr'>quod</span> <span class='ocrx_word' id='word_1_815' title='bbox 3728 3201 3884 3265; x_wconf 89' lang='lat' dir='ltr'>sagi-</span> 
     </span>
    </p>
   </div>
   <div class='ocr_carea' id='block_1_108' title="bbox 2187 3265 3886 3336">
    <p class='ocr_par' dir='ltr' id='par_1_108' title="bbox 2187 3265 3886 3336">
     <span class='ocr_line' id='line_1_108' title="bbox 2187 3265 3886 3336; baseline 0.001 -15"><span class='ocrx_word' id='word_1_816' title='bbox 2187 3272 2323 3321; x_wconf 88' lang='lat' dir='ltr'>nant</span> <span class='ocrx_word' id='word_1_817' title='bbox 2351 3272 2549 3320; x_wconf 86' lang='lat' dir='ltr'>mentes</span> <span class='ocrx_word' id='word_1_818' title='bbox 2577 3271 2786 3320; x_wconf 66' lang='lat' dir='ltr'>aeternz</span> <span class='ocrx_word' id='word_1_819' title='bbox 2823 3268 2946 3319; x_wconf 58' lang='lat' dir='ltr'>vita</span> <span class='ocrx_word' id='word_1_820' title='bbox 2974 3265 3299 3319; x_wconf 86' lang='lat' dir='ltr'>substantia.</span> <span class='ocrx_word' id='word_1_821' title='bbox 3340 3267 3452 3318; x_wconf 91' lang='lat' dir='ltr'>Hoc</span> <span class='ocrx_word' id='word_1_822' title='bbox 3478 3273 3563 3319; x_wconf 91' lang='lat' dir='ltr'>est</span> <span class='ocrx_word' id='word_1_823' title='bbox 3600 3272 3886 3336; x_wconf 80' lang='lat' dir='ltr'>quatenus</span> 
     </span>
    </p>
   </div>
   <div class='ocr_carea' id='block_1_109' title="bbox 2189 3336 3882 3405">
    <p class='ocr_par' dir='ltr' id='par_1_109' title="bbox 2189 3336 3882 3405">
     <span class='ocr_line' id='line_1_109' title="bbox 2189 3336 3882 3405; baseline 0.001 -15"><span class='ocrx_word' id='word_1_824' title='bbox 2189 3342 2322 3390; x_wconf 90' lang='lat' dir='ltr'>sunt</span> <span class='ocrx_word' id='word_1_825' title='bbox 2349 3337 2534 3402; x_wconf 77' lang='lat' dir='ltr'>figura</span> <span class='ocrx_word' id='word_1_826' title='bbox 2559 3343 2617 3390; x_wconf 91' lang='lat' dir='ltr'>et</span> <span class='ocrx_word' id='word_1_827' title='bbox 2665 3337 2846 3389; x_wconf 90' lang='lat' dir='ltr'>velum</span> <span class='ocrx_word' id='word_1_828' title='bbox 2878 3336 2995 3389; x_wconf 91' lang='lat' dir='ltr'>veri</span> <span class='ocrx_word' id='word_1_829' title='bbox 3025 3336 3279 3405; x_wconf 88' lang='lat' dir='ltr'>corporis</span> <span class='ocrx_word' id='word_1_830' title='bbox 3327 3336 3554 3396; x_wconf 85' lang='lat' dir='ltr'>Christi.</span> <span class='ocrx_word' id='word_1_831' title='bbox 3605 3339 3696 3390; x_wconf 91' lang='lat' dir='ltr'>cui</span> <span class='ocrx_word' id='word_1_832' title='bbox 3743 3340 3882 3392; x_wconf 83' lang='lat' dir='ltr'>Ver-</span> 
     </span>
    </p>
   </div>
   <div class='ocr_carea' id='block_1_110' title="bbox 2186 3405 3886 3477">
    <p class='ocr_par' dir='ltr' id='par_1_110' title="bbox 2186 3405 3886 3477">
     <span class='ocr_line' id='line_1_110' title="bbox 2186 3405 3886 3477; baseline 0.002 -17"><span class='ocrx_word' id='word_1_833' title='bbox 2186 3407 2325 3460; x_wconf 91' lang='lat' dir='ltr'>bum</span> <span class='ocrx_word' id='word_1_834' title='bbox 2354 3407 2610 3460; x_wconf 90' lang='lat' dir='ltr'>divinum</span> <span class='ocrx_word' id='word_1_835' title='bbox 2639 3405 2964 3459; x_wconf 87' lang='lat' dir='ltr'>admirabili</span> <span class='ocrx_word' id='word_1_836' title='bbox 2997 3407 3211 3460; x_wconf 89' lang='lat' dir='ltr'>unione</span> <span class='ocrx_word' id='word_1_837' title='bbox 3243 3407 3593 3477; x_wconf 86' lang='lat' dir='ltr'>hypostalica</span> <span class='ocrx_word' id='word_1_838' title='bbox 3634 3412 3886 3477; x_wconf 88' lang='lat' dir='ltr'>conjun-</span> 
     </span>
    </p>
   </div>
   <div class='ocr_carea' id='block_1_111' title="bbox 2189 3477 3888 3550">
    <p class='ocr_par' dir='ltr' id='par_1_111' title="bbox 2189 3477 3888 3550">
     <span class='ocr_line' id='line_1_111' title="bbox 2189 3477 3888 3550; baseline 0.002 -19"><span class='ocrx_word' id='word_1_839' title='bbox 2189 3483 2341 3550; x_wconf 87' lang='lat' dir='ltr'>ctum</span> <span class='ocrx_word' id='word_1_840' title='bbox 2396 3484 2501 3542; x_wconf 89' lang='lat' dir='ltr'>est,</span> <span class='ocrx_word' id='word_1_841' title='bbox 2550 3484 2605 3530; x_wconf 89' lang='lat' dir='ltr'>et</span> <span class='ocrx_word' id='word_1_842' title='bbox 2637 3477 2893 3547; x_wconf 85' lang='lat' dir='ltr'>potentia</span> <span class='ocrx_word' id='word_1_843' title='bbox 2922 3493 3023 3531; x_wconf 91' lang='lat' dir='ltr'>sua</span> <span class='ocrx_word' id='word_1_844' title='bbox 3053 3478 3226 3532; x_wconf 84' lang='lat' dir='ltr'>efficit</span> <span class='ocrx_word' id='word_1_845' title='bbox 3253 3477 3312 3531; x_wconf 89' lang='lat' dir='ltr'>in</span> <span class='ocrx_word' id='word_1_846' title='bbox 3339 3477 3503 3532; x_wconf 90' lang='lat' dir='ltr'>nobis</span> <span class='ocrx_word' id='word_1_847' title='bbox 3532 3480 3777 3550; x_wconf 88' lang='lat' dir='ltr'>gratiam</span> <span class='ocrx_word' id='word_1_848' title='bbox 3827 3485 3888 3534; x_wconf 89' lang='lat' dir='ltr'>et</span> 
     </span>
    </p>
   </div>
   <div class='ocr_carea' id='block_1_112' title="bbox 2187 3548 2996 3618">
    <p class='ocr_par' dir='ltr' id='par_1_112' title="bbox 2187 3548 2996 3618">
     <span class='ocr_line' id='line_1_112' title="bbox 2187 3548 2996 3618; baseline 0 -16"><span class='ocrx_word' id='word_1_849' title='bbox 2187 3548 2586 3602; x_wconf 82' lang='lat' dir='ltr'>remissionem</span> <span class='ocrx_word' id='word_1_850' title='bbox 2615 3555 2996 3618; x_wconf 88' lang='lat' dir='ltr'>peccatorum.</span> 
     </span>
    </p>
   </div>
   <div class='ocr_carea' id='block_1_113' title="bbox 2258 3618 3882 3689">
    <p class='ocr_par' dir='ltr' id='par_1_113' title="bbox 2258 3618 3882 3689">
     <span class='ocr_line' id='line_1_113' title="bbox 2258 3618 3882 3689; baseline 0.001 -17"><span class='ocrx_word' id='word_1_851' title='bbox 2258 3628 2283 3653; x_wconf 69' lang='grc' dir='ltr'><strong>δ</strong></span> <span class='ocrx_word' id='word_1_852' title='bbox 2319 3621 2483 3672; x_wconf 85' lang='lat' dir='ltr'>Verus</span> <span class='ocrx_word' id='word_1_853' title='bbox 2531 3621 2716 3689; x_wconf 86' lang='lat' dir='ltr'>itaque</span> <span class='ocrx_word' id='word_1_854' title='bbox 2764 3621 2989 3686; x_wconf 84' lang='lat' dir='ltr'>sanguis</span> <span class='ocrx_word' id='word_1_855' title='bbox 3013 3618 3078 3672; x_wconf 80' lang='lat' dir='ltr'>de</span> <span class='ocrx_word' id='word_1_856' title='bbox 3104 3634 3228 3674; x_wconf 83' lang='lat' dir='ltr'>vero</span> <span class='ocrx_word' id='word_1_857' title='bbox 3284 3634 3504 3688; x_wconf 88' lang='lat' dir='ltr'>corpore</span> <span class='ocrx_word' id='word_1_858' title='bbox 3559 3621 3882 3688; x_wconf 84' lang='lat' dir='ltr'>proﬂuebat.</span> 
     </span>
    </p>
   </div>
   <div class='ocr_carea' id='block_1_114' title="bbox 2188 3689 3887 3746">
    <p class='ocr_par' dir='ltr' id='par_1_114' title="bbox 2188 3689 3887 3746">
     <span class='ocr_line' id='line_1_114' title="bbox 2188 3689 3887 3746; baseline 0 -2"><span class='ocrx_word' id='word_1_859' title='bbox 2188 3690 2312 3744; x_wconf 91' lang='lat' dir='ltr'>Non</span> <span class='ocrx_word' id='word_1_860' title='bbox 2335 3690 2442 3742; x_wconf 83' lang='lat' dir='ltr'>hac</span> <span class='ocrx_word' id='word_1_861' title='bbox 2480 3689 2618 3744; x_wconf 91' lang='lat' dir='ltr'>dicit</span> <span class='ocrx_word' id='word_1_862' title='bbox 2657 3697 2717 3742; x_wconf 90' lang='lat' dir='ltr'>ut</span> <span class='ocrx_word' id='word_1_863' title='bbox 2756 3691 2993 3743; x_wconf 87' lang='lat' dir='ltr'>obsistat</span> <span class='ocrx_word' id='word_1_864' title='bbox 3031 3698 3131 3743; x_wconf 87' lang='lat' dir='ltr'>aut</span> <span class='ocrx_word' id='word_1_865' title='bbox 3169 3690 3360 3743; x_wconf 85' lang='lat' dir='ltr'>veniat</span> <span class='ocrx_word' id='word_1_866' title='bbox 3407 3697 3605 3744; x_wconf 91' lang='lat' dir='ltr'>contra</span> <span class='ocrx_word' id='word_1_867' title='bbox 3651 3699 3887 3746; x_wconf 89' lang='lat' dir='ltr'>senten-</span> 
     </span>
    </p>
   </div>
   <div class='ocr_carea' id='block_1_115' title="bbox 2187 3760 3889 3831">
    <p class='ocr_par' dir='ltr' id='par_1_115' title="bbox 2187 3760 3889 3831">
     <span class='ocr_line' id='line_1_115' title="bbox 2187 3760 3889 3831; baseline 0.001 -17"><span class='ocrx_word' id='word_1_868' title='bbox 2187 3760 2328 3814; x_wconf 88' lang='lat' dir='ltr'>tiam</span> <span class='ocrx_word' id='word_1_869' title='bbox 2353 3761 2759 3814; x_wconf 88' lang='lat' dir='ltr'>catholicorum</span> <span class='ocrx_word' id='word_1_870' title='bbox 2818 3761 3138 3824; x_wconf 89' lang='lat' dir='ltr'>hominum,</span> <span class='ocrx_word' id='word_1_871' title='bbox 3172 3761 3271 3831; x_wconf 87' lang='lat' dir='ltr'>qui</span> <span class='ocrx_word' id='word_1_872' title='bbox 3323 3761 3590 3815; x_wconf 90' lang='lat' dir='ltr'>tuendam</span> <span class='ocrx_word' id='word_1_873' title='bbox 3643 3762 3702 3815; x_wconf 91' lang='lat' dir='ltr'>in</span> <span class='ocrx_word' id='word_1_874' title='bbox 3770 3764 3889 3816; x_wconf 84' lang='lat' dir='ltr'>Eu-</span> 
     </span>
    </p>
   </div>
   <div class='ocr_carea' id='block_1_116' title="bbox 2187 3831 3885 3900">
    <p class='ocr_par' dir='ltr' id='par_1_116' title="bbox 2187 3831 3885 3900">
     <span class='ocr_line' id='line_1_116' title="bbox 2187 3831 3885 3900; baseline 0 -15"><span class='ocrx_word' id='word_1_875' title='bbox 2187 3831 2456 3885; x_wconf 87' lang='lat' dir='ltr'>charistia</span> <span class='ocrx_word' id='word_1_876' title='bbox 2486 3834 2780 3885; x_wconf 86' lang='lat' dir='ltr'>veritatem</span> <span class='ocrx_word' id='word_1_877' title='bbox 2811 3832 2996 3884; x_wconf 85' lang='lat' dir='ltr'>carnis</span> <span class='ocrx_word' id='word_1_878' title='bbox 3029 3837 3086 3884; x_wconf 87' lang='lat' dir='ltr'>et</span> <span class='ocrx_word' id='word_1_879' title='bbox 3115 3831 3410 3900; x_wconf 87' lang='lat' dir='ltr'>sanguinis</span> <span class='ocrx_word' id='word_1_880' title='bbox 3467 3832 3672 3886; x_wconf 86' lang='lat' dir='ltr'>Christi</span> <span class='ocrx_word' id='word_1_881' title='bbox 3723 3849 3885 3886; x_wconf 88' lang='lat' dir='ltr'>rece-</span> 
     </span>
    </p>
   </div>
   <div class='ocr_carea' id='block_1_117' title="bbox 2187 3901 3885 3974">
    <p class='ocr_par' dir='ltr' id='par_1_117' title="bbox 2187 3901 3885 3974">
     <span class='ocr_line' id='line_1_117' title="bbox 2187 3901 3885 3974; baseline 0.001 -19"><span class='ocrx_word' id='word_1_882' title='bbox 2187 3908 2410 3972; x_wconf 83' lang='lat' dir='ltr'>perant,</span> <span class='ocrx_word' id='word_1_883' title='bbox 2437 3909 2494 3956; x_wconf 88' lang='lat' dir='ltr'>et</span> <span class='ocrx_word' id='word_1_884' title='bbox 2517 3903 2746 3955; x_wconf 87' lang='lat' dir='ltr'>vocibus</span> <span class='ocrx_word' id='word_1_885' title='bbox 2772 3905 3018 3955; x_wconf 77' lang='lat' dir='ltr'>veritatis</span> <span class='ocrx_word' id='word_1_886' title='bbox 3050 3909 3105 3955; x_wconf 92' lang='lat' dir='ltr'>et</span> <span class='ocrx_word' id='word_1_887' title='bbox 3131 3905 3248 3955; x_wconf 85' lang='lat' dir='ltr'>veri</span> <span class='ocrx_word' id='word_1_888' title='bbox 3294 3901 3381 3955; x_wconf 90' lang='lat' dir='ltr'>nsi</span> <span class='ocrx_word' id='word_1_889' title='bbox 3412 3910 3546 3955; x_wconf 88' lang='lat' dir='ltr'>sunt</span> <span class='ocrx_word' id='word_1_890' title='bbox 3577 3903 3642 3956; x_wconf 82' lang='lat' dir='ltr'>ad</span> <span class='ocrx_word' id='word_1_891' title='bbox 3701 3905 3885 3974; x_wconf 87' lang='lat' dir='ltr'>signi-</span> 
     </span>
    </p>
   </div>
   <div class='ocr_carea' id='block_1_118' title="bbox 2187 3974 3888 4044">
    <p class='ocr_par' dir='ltr' id='par_1_118' title="bbox 2187 3974 3888 4044">
     <span class='ocr_line' id='line_1_118' title="bbox 2187 3974 3888 4044; baseline 0.001 -17"><span class='ocrx_word' id='word_1_892' title='bbox 2187 3974 2471 4027; x_wconf 89' lang='lat' dir='ltr'>ficandum</span> <span class='ocrx_word' id='word_1_893' title='bbox 2532 3974 2684 4044; x_wconf 91' lang='lat' dir='ltr'>quod</span> <span class='ocrx_word' id='word_1_894' title='bbox 2719 3989 2913 4026; x_wconf 89' lang='lat' dir='ltr'>revera</span> <span class='ocrx_word' id='word_1_895' title='bbox 2953 3974 3146 4026; x_wconf 82' lang='lat' dir='ltr'>existit</span> <span class='ocrx_word' id='word_1_896' title='bbox 3201 3977 3256 4026; x_wconf 92' lang='lat' dir='ltr'>et</span> <span class='ocrx_word' id='word_1_897' title='bbox 3317 3989 3569 4041; x_wconf 60' lang='lat' dir='ltr'>praesens</span> <span class='ocrx_word' id='word_1_898' title='bbox 3623 3979 3739 4039; x_wconf 87' lang='lat' dir='ltr'>est;</span> <span class='ocrx_word' id='word_1_899' title='bbox 3785 3975 3888 4029; x_wconf 86' lang='lat' dir='ltr'>sed</span> 
     </span>
    </p>
   </div>
   <div class='ocr_carea' id='block_1_119' title="bbox 2186 4044 3886 4114">
    <p class='ocr_par' dir='ltr' id='par_1_119' title="bbox 2186 4044 3886 4114">
     <span class='ocr_line' id='line_1_119' title="bbox 2186 4044 3886 4114; baseline 0.001 -17"><span class='ocrx_word' id='word_1_900' title='bbox 2186 4045 2527 4098; x_wconf 87' lang='lat' dir='ltr'>assumendo</span> <span class='ocrx_word' id='word_1_901' title='bbox 2578 4045 2645 4097; x_wconf 92' lang='lat' dir='ltr'>ad</span> <span class='ocrx_word' id='word_1_902' title='bbox 2697 4044 3132 4113; x_wconf 84' lang='lat' dir='ltr'>exprimendum</span> <span class='ocrx_word' id='word_1_903' title='bbox 3191 4047 3342 4113; x_wconf 88' lang='lat' dir='ltr'>quod</span> <span class='ocrx_word' id='word_1_904' title='bbox 3385 4045 3645 4097; x_wconf 87' lang='lat' dir='ltr'>sensibus</span> <span class='ocrx_word' id='word_1_905' title='bbox 3691 4045 3886 4114; x_wconf 90' lang='lat' dir='ltr'>subje-</span> 
     </span>
    </p>
   </div>
   <div class='ocr_carea' id='block_1_120' title="bbox 2187 4114 3888 4186">
    <p class='ocr_par' dir='ltr' id='par_1_120' title="bbox 2187 4114 3888 4186">
     <span class='ocr_line' id='line_1_120' title="bbox 2187 4114 3888 4186; baseline 0.001 -18"><span class='ocrx_word' id='word_1_906' title='bbox 2187 4121 2342 4168; x_wconf 89' lang='lat' dir='ltr'>ctum</span> <span class='ocrx_word' id='word_1_907' title='bbox 2375 4120 2535 4168; x_wconf 86' lang='lat' dir='ltr'>estet</span> <span class='ocrx_word' id='word_1_908' title='bbox 2562 4115 2630 4168; x_wconf 93' lang='lat' dir='ltr'>de</span> <span class='ocrx_word' id='word_1_909' title='bbox 2668 4131 2781 4186; x_wconf 91' lang='lat' dir='ltr'>quo</span> <span class='ocrx_word' id='word_1_910' title='bbox 2813 4129 3011 4167; x_wconf 90' lang='lat' dir='ltr'>sensus</span> <span class='ocrx_word' id='word_1_911' title='bbox 3045 4115 3305 4184; x_wconf 88' lang='lat' dir='ltr'>corporei</span> <span class='ocrx_word' id='word_1_912' title='bbox 3354 4114 3674 4168; x_wconf 88' lang='lat' dir='ltr'>discernere</span> <span class='ocrx_word' id='word_1_913' title='bbox 3752 4133 3888 4185; x_wconf 89' lang='lat' dir='ltr'>pos-</span> 
     </span>
    </p>
   </div>
   <div class='ocr_carea' id='block_1_121' title="bbox 2185 4186 3884 4255">
    <p class='ocr_par' dir='ltr' id='par_1_121' title="bbox 2185 4186 3884 4255">
     <span class='ocr_line' id='line_1_121' title="bbox 2185 4186 3884 4255; baseline 0.001 -16"><span class='ocrx_word' id='word_1_914' title='bbox 2185 4192 2338 4239; x_wconf 90' lang='lat' dir='ltr'>sunt.</span> <span class='ocrx_word' id='word_1_915' title='bbox 2376 4187 2503 4238; x_wconf 66' lang='lat' dir='ltr'>Haec</span> <span class='ocrx_word' id='word_1_916' title='bbox 2531 4192 2652 4238; x_wconf 86' lang='lat' dir='ltr'>erat</span> <span class='ocrx_word' id='word_1_917' title='bbox 2713 4201 2899 4254; x_wconf 73' lang='lat' dir='ltr'>prima</span> <span class='ocrx_word' id='word_1_918' title='bbox 2928 4201 3056 4255; x_wconf 82' lang='lat' dir='ltr'>pars</span> <span class='ocrx_word' id='word_1_919' title='bbox 3103 4186 3434 4254; x_wconf 69' lang='lat' dir='ltr'>quazstionis</span> <span class='ocrx_word' id='word_1_920' title='bbox 3483 4203 3653 4254; x_wconf 63' lang='lat' dir='ltr'>(illam</span> <span class='ocrx_word' id='word_1_921' title='bbox 3687 4186 3884 4240; x_wconf 81' lang='lat' dir='ltr'>discu-</span> 
     </span>
    </p>
   </div>
   <div class='ocr_carea' id='block_1_122' title="bbox 2185 4257 3884 4326">
    <p class='ocr_par' dir='ltr' id='par_1_122' title="bbox 2185 4257 3884 4326">
     <span class='ocr_line' id='line_1_122' title="bbox 2185 4257 3884 4326; baseline 0.001 -17"><span class='ocrx_word' id='word_1_922' title='bbox 2185 4257 2256 4309; x_wconf 89' lang='lat' dir='ltr'>tit</span> <span class='ocrx_word' id='word_1_923' title='bbox 2285 4261 2342 4310; x_wconf 92' lang='lat' dir='ltr'>et</span> <span class='ocrx_word' id='word_1_924' title='bbox 2371 4257 2633 4310; x_wconf 87' lang='lat' dir='ltr'>enucleat</span> <span class='ocrx_word' id='word_1_925' title='bbox 2665 4257 3027 4320; x_wconf 80' lang='lat' dir='ltr'>Ratramnus,</span> <span class='ocrx_word' id='word_1_926' title='bbox 3070 4260 3135 4309; x_wconf 85' lang='lat' dir='ltr'>ad</span> <span class='ocrx_word' id='word_1_927' title='bbox 3171 4257 3613 4311; x_wconf 84' lang='lat' dir='ltr'>discernendum</span> <span class='ocrx_word' id='word_1_928' title='bbox 3645 4262 3700 4308; x_wconf 91' lang='lat' dir='ltr'>et</span> <span class='ocrx_word' id='word_1_929' title='bbox 3730 4257 3884 4326; x_wconf 85' lang='lat' dir='ltr'>diju-</span> 
     </span>
    </p>
   </div>
   <div class='ocr_carea' id='block_1_123' title="bbox 2183 4327 3888 4396">
    <p class='ocr_par' dir='ltr' id='par_1_123' title="bbox 2183 4327 3888 4396">
     <span class='ocr_line' id='line_1_123' title="bbox 2183 4327 3888 4396; baseline 0 -15"><span class='ocrx_word' id='word_1_930' title='bbox 2183 4327 2489 4381; x_wconf 90' lang='lat' dir='ltr'>dicandnm</span> <span class='ocrx_word' id='word_1_931' title='bbox 2563 4343 2634 4379; x_wconf 90' lang='lat' dir='ltr'>an</span> <span class='ocrx_word' id='word_1_932' title='bbox 2718 4333 2901 4380; x_wconf 88' lang='lat' dir='ltr'>totum</span> <span class='ocrx_word' id='word_1_933' title='bbox 2975 4327 3131 4396; x_wconf 91' lang='lat' dir='ltr'>quod</span> <span class='ocrx_word' id='word_1_934' title='bbox 3201 4327 3426 4382; x_wconf 88' lang='lat' dir='ltr'>videtur</span> <span class='ocrx_word' id='word_1_935' title='bbox 3508 4328 3564 4381; x_wconf 91' lang='lat' dir='ltr'>in</span> <span class='ocrx_word' id='word_1_936' title='bbox 3619 4328 3888 4382; x_wconf 86' lang='lat' dir='ltr'>Euchari—</span> 
     </span>
    </p>
   </div>
   <div class='ocr_carea' id='block_1_124' title="bbox 2185 4397 3883 4468">
    <p class='ocr_par' dir='ltr' id='par_1_124' title="bbox 2185 4397 3883 4468">
     <span class='ocr_line' id='line_1_124' title="bbox 2185 4397 3883 4468; baseline 0.001 -17"><span class='ocrx_word' id='word_1_937' title='bbox 2185 4397 2290 4451; x_wconf 88' lang='lat' dir='ltr'>stia</span> <span class='ocrx_word' id='word_1_938' title='bbox 2329 4403 2410 4450; x_wconf 92' lang='lat' dir='ltr'>est</span> <span class='ocrx_word' id='word_1_939' title='bbox 2450 4398 2509 4451; x_wconf 90' lang='lat' dir='ltr'>in</span> <span class='ocrx_word' id='word_1_940' title='bbox 2542 4397 2775 4450; x_wconf 86' lang='lat' dir='ltr'>veritate</span> <span class='ocrx_word' id='word_1_941' title='bbox 2805 4404 2869 4449; x_wconf 89' lang='lat' dir='ltr'>ut</span> <span class='ocrx_word' id='word_1_942' title='bbox 2915 4398 3094 4450; x_wconf 89' lang='lat' dir='ltr'>oculis</span> <span class='ocrx_word' id='word_1_943' title='bbox 3141 4399 3350 4452; x_wconf 90' lang='lat' dir='ltr'>nostris</span> <span class='ocrx_word' id='word_1_944' title='bbox 3393 4414 3722 4468; x_wconf 84' lang='lat' dir='ltr'>expressum</span> <span class='ocrx_word' id='word_1_945' title='bbox 3773 4405 3883 4464; x_wconf 86' lang='lat' dir='ltr'>est,</span> 
     </span>
    </p>
   </div>
   <div class='ocr_carea' id='block_1_125' title="bbox 2185 4468 3890 4540">
    <p class='ocr_par' dir='ltr' id='par_1_125' title="bbox 2185 4468 3890 4540">
     <span class='ocr_line' id='line_1_125' title="bbox 2185 4468 3890 4540; baseline 0.002 -20"><span class='ocrx_word' id='word_1_946' title='bbox 2185 4469 2273 4522; x_wconf 91' lang='lat' dir='ltr'>vel</span> <span class='ocrx_word' id='word_1_947' title='bbox 2333 4469 2517 4539; x_wconf 89' lang='lat' dir='ltr'>figura</span> <span class='ocrx_word' id='word_1_948' title='bbox 2568 4468 2640 4520; x_wconf 87' lang='lat' dir='ltr'>sit</span> <span class='ocrx_word' id='word_1_949' title='bbox 2691 4473 2765 4540; x_wconf 14' lang='lat' dir='ltr'>et,</span> <span class='ocrx_word' id='word_1_950' title='bbox 2799 4468 3282 4540; x_wconf 18' lang='lat' dir='ltr'>aliquodﬂvelum</span> <span class='ocrx_word' id='word_1_951' title='bbox 3351 4470 3506 4540; x_wconf 88' lang='lat' dir='ltr'>quod</span> <span class='ocrx_word' id='word_1_952' title='bbox 3589 4469 3890 4523; x_wconf 88' lang='lat' dir='ltr'>abscondit</span> 
     </span>
    </p>
   </div>
   <div class='ocr_carea' id='block_1_126' title="bbox 2187 4539 3879 4610">
    <p class='ocr_par' dir='ltr' id='par_1_126' title="bbox 2187 4539 3879 4610">
     <span class='ocr_line' id='line_1_126' title="bbox 2187 4539 3879 4610; baseline -0.001 -16"><span class='ocrx_word' id='word_1_953' title='bbox 2187 4545 2241 4594; x_wconf 85' lang='lat' dir='ltr'>et</span> <span class='ocrx_word' id='word_1_954' title='bbox 2270 4543 2417 4593; x_wconf 85' lang='lat' dir='ltr'>celat</span> <span class='ocrx_word' id='word_1_955' title='bbox 2453 4539 2690 4592; x_wconf 85' lang='lat' dir='ltr'>interius</span> <span class='ocrx_word' id='word_1_956' title='bbox 2720 4539 2934 4608; x_wconf 87' lang='lat' dir='ltr'>aliquid</span> <span class='ocrx_word' id='word_1_957' title='bbox 2971 4539 3106 4591; x_wconf 90' lang='lat' dir='ltr'>solis</span> <span class='ocrx_word' id='word_1_958' title='bbox 3154 4539 3287 4592; x_wconf 88' lang='lat' dir='ltr'>fidei</span> <span class='ocrx_word' id='word_1_959' title='bbox 3317 4539 3496 4594; x_wconf 81' lang='lat' dir='ltr'>oculis</span> <span class='ocrx_word' id='word_1_960' title='bbox 3542 4541 3879 4610; x_wconf 85' lang='lat' dir='ltr'>percipitur.</span> 
     </span>
    </p>
   </div>
   <div class='ocr_carea' id='block_1_127' title="bbox 2256 4610 3886 4680">
    <p class='ocr_par' dir='ltr' id='par_1_127' title="bbox 2256 4610 3886 4680">
     <span class='ocr_line' id='line_1_127' title="bbox 2256 4610 3886 4680; baseline 0.001 -16"><span class='ocrx_word' id='word_1_961' title='bbox 2256 4613 2280 4654; x_wconf 73' lang='grc' dir='ltr'>Ι)</span> <span class='ocrx_word' id='word_1_962' title='bbox 2330 4610 2413 4664; x_wconf 79' lang='lat' dir='ltr'>Ad</span> <span class='ocrx_word' id='word_1_963' title='bbox 2464 4611 2584 4663; x_wconf 77' lang='lat' dir='ltr'>haec</span> <span class='ocrx_word' id='word_1_964' title='bbox 2632 4610 2845 4663; x_wconf 86' lang='lat' dir='ltr'>verba:</span> <span class='ocrx_word' id='word_1_965' title='bbox 2901 4611 2969 4665; x_wconf 87' lang='lat' dir='ltr'>In</span> <span class='ocrx_word' id='word_1_966' title='bbox 3024 4625 3128 4678; x_wconf 85' lang='lat' dir='ltr'>quo</span> <span class='ocrx_word' id='word_1_967' title='bbox 3158 4611 3411 4664; x_wconf 88' lang='lat' dir='ltr'>habemus</span> <span class='ocrx_word' id='word_1_968' title='bbox 3463 4611 3886 4680; x_wconf 75' lang='lat' dir='ltr'>redemptionem</span> 
     </span>
    </p>
   </div>
   <div class='ocr_carea' id='block_1_128' title="bbox 2181 4682 2807 4750">
    <p class='ocr_par' dir='ltr' id='par_1_128' title="bbox 2181 4682 2807 4750">
     <span class='ocr_line' id='line_1_128' title="bbox 2181 4682 2807 4750; baseline 0 -18"><span class='ocrx_word' id='word_1_969' title='bbox 2181 4697 2280 4750; x_wconf 80' lang='lat' dir='ltr'>per</span> <span class='ocrx_word' id='word_1_970' title='bbox 2309 4684 2624 4748; x_wconf 85' lang='lat' dir='ltr'>sanguinem</span> <span class='ocrx_word' id='word_1_971' title='bbox 2672 4682 2807 4746; x_wconf 83' lang='lat' dir='ltr'>ejus.</span> 
     </span>
    </p>
   </div>
   <div class='ocr_carea' id='block_1_129' title="bbox 2256 4751 3887 4821">
    <p class='ocr_par' dir='ltr' id='par_1_129' title="bbox 2256 4751 3887 4821">
     <span class='ocr_line' id='line_1_129' title="bbox 2256 4751 3887 4821; baseline 0.001 -16"><span class='ocrx_word' id='word_1_972' title='bbox 2256 4761 2276 4785; x_wconf 74' lang='grc' dir='ltr'><strong>ο</strong></span> <span class='ocrx_word' id='word_1_973' title='bbox 2321 4754 2569 4805; x_wconf 86' lang='lat' dir='ltr'>Patenter</span> <span class='ocrx_word' id='word_1_974' title='bbox 2624 4753 2888 4816; x_wconf 88' lang='lat' dir='ltr'>insinuat,</span> <span class='ocrx_word' id='word_1_975' title='bbox 2956 4757 3062 4804; x_wconf 88' lang='lat' dir='ltr'>etc.</span> <span class='ocrx_word' id='word_1_976' title='bbox 3135 4753 3209 4805; x_wconf 83' lang='lat' dir='ltr'><strong>Ex</strong></span> <span class='ocrx_word' id='word_1_977' title='bbox 3266 4755 3460 4805; x_wconf 88' lang='lat' dir='ltr'>sancto</span> <span class='ocrx_word' id='word_1_978' title='bbox 3537 4751 3887 4821; x_wconf 69' lang='lat' dir='ltr'>Hieronymo</span> 
     </span>
    </p>
   </div>
   <div class='ocr_carea' id='block_1_130' title="bbox 2186 4821 3884 4889">
    <p class='ocr_par' dir='ltr' id='par_1_130' title="bbox 2186 4821 3884 4889">
     <span class='ocr_line' id='line_1_130' title="bbox 2186 4821 3884 4889; baseline 0.001 -14"><span class='ocrx_word' id='word_1_979' title='bbox 2186 4821 2497 4876; x_wconf 86' lang='lat' dir='ltr'>clarissime</span> <span class='ocrx_word' id='word_1_980' title='bbox 2536 4821 2910 4889; x_wconf 86' lang='lat' dir='ltr'>intelligimus</span> <span class='ocrx_word' id='word_1_981' title='bbox 2963 4826 3182 4875; x_wconf 88' lang='lat' dir='ltr'>tantum</span> <span class='ocrx_word' id='word_1_982' title='bbox 3245 4821 3591 4876; x_wconf 89' lang='lat' dir='ltr'>discriminis</span> <span class='ocrx_word' id='word_1_983' title='bbox 3637 4822 3884 4877; x_wconf 82' lang='lat' dir='ltr'>interce-</span> 
     </span>
    </p>
   </div>
   <div class='ocr_carea' id='block_1_131' title="bbox 2187 4892 3885 4963">
    <p class='ocr_par' dir='ltr' id='par_1_131' title="bbox 2187 4892 3885 4963">
     <span class='ocr_line' id='line_1_131' title="bbox 2187 4892 3885 4963; baseline 0.001 -18"><span class='ocrx_word' id='word_1_984' title='bbox 2187 4893 2320 4946; x_wconf 89' lang='lat' dir='ltr'>dere</span> <span class='ocrx_word' id='word_1_985' title='bbox 2351 4892 2498 4945; x_wconf 90' lang='lat' dir='ltr'>inter</span> <span class='ocrx_word' id='word_1_986' title='bbox 2526 4892 2632 4945; x_wconf 91' lang='lat' dir='ltr'>hoc</span> <span class='ocrx_word' id='word_1_987' title='bbox 2675 4908 2878 4962; x_wconf 91' lang='lat' dir='ltr'>corpus</span> <span class='ocrx_word' id='word_1_988' title='bbox 2914 4896 2970 4946; x_wconf 90' lang='lat' dir='ltr'>et</span> <span class='ocrx_word' id='word_1_989' title='bbox 3013 4892 3160 4946; x_wconf 88' lang='lat' dir='ltr'>istud</span> <span class='ocrx_word' id='word_1_990' title='bbox 3193 4908 3423 4963; x_wconf 87' lang='lat' dir='ltr'>corpus.</span> <span class='ocrx_word' id='word_1_991' title='bbox 3452 4894 3602 4946; x_wconf 89' lang='lat' dir='ltr'>hunc</span> <span class='ocrx_word' id='word_1_992' title='bbox 3652 4894 3885 4958; x_wconf 80' lang='lat' dir='ltr'>sangui-</span> 
     </span>
    </p>
   </div>
   <div class='ocr_carea' id='block_1_132' title="bbox 2186 4963 3887 5034">
    <p class='ocr_par' dir='ltr' id='par_1_132' title="bbox 2186 4963 3887 5034">
     <span class='ocr_line' id='line_1_132' title="bbox 2186 4963 3887 5034; baseline 0.001 -17"><span class='ocrx_word' id='word_1_993' title='bbox 2186 4980 2317 5017; x_wconf 87' lang='lat' dir='ltr'>nem</span> <span class='ocrx_word' id='word_1_994' title='bbox 2351 4969 2406 5015; x_wconf 92' lang='lat' dir='ltr'>et</span> <span class='ocrx_word' id='word_1_995' title='bbox 2435 4963 2606 5016; x_wconf 89' lang='lat' dir='ltr'>istum</span> <span class='ocrx_word' id='word_1_996' title='bbox 2636 4963 2996 5032; x_wconf 90' lang='lat' dir='ltr'>sanguinem,</span> <span class='ocrx_word' id='word_1_997' title='bbox 3048 4963 3102 5017; x_wconf 91' lang='lat' dir='ltr'>id</span> <span class='ocrx_word' id='word_1_998' title='bbox 3137 4969 3222 5017; x_wconf 91' lang='lat' dir='ltr'>est</span> <span class='ocrx_word' id='word_1_999' title='bbox 3274 4980 3478 5034; x_wconf 90' lang='lat' dir='ltr'>corpus</span> <span class='ocrx_word' id='word_1_1000' title='bbox 3540 4964 3887 5018; x_wconf 84' lang='lat' dir='ltr'>Eucharisti-</span> 
     </span>
    </p>
   </div>
   <div class='ocr_carea' id='block_1_133' title="bbox 2186 5033 3888 5102">
    <p class='ocr_par' dir='ltr' id='par_1_133' title="bbox 2186 5033 3888 5102">
     <span class='ocr_line' id='line_1_133' title="bbox 2186 5033 3888 5102; baseline 0.001 -15"><span class='ocrx_word' id='word_1_1001' title='bbox 2186 5050 2314 5087; x_wconf 87' lang='lat' dir='ltr'>cum</span> <span class='ocrx_word' id='word_1_1002' title='bbox 2349 5038 2405 5086; x_wconf 90' lang='lat' dir='ltr'>et</span> <span class='ocrx_word' id='word_1_1003' title='bbox 2431 5034 2583 5086; x_wconf 89' lang='lat' dir='ltr'>cruci</span> <span class='ocrx_word' id='word_1_1004' title='bbox 2611 5033 2866 5100; x_wconf 81' lang='lat' dir='ltr'>affixam,</span> <span class='ocrx_word' id='word_1_1005' title='bbox 2898 5039 3177 5102; x_wconf 86' lang='lat' dir='ltr'>quantum</span> <span class='ocrx_word' id='word_1_1006' title='bbox 3229 5033 3388 5088; x_wconf 77' lang='lat' dir='ltr'>inter</span> <span class='ocrx_word' id='word_1_1007' title='bbox 3434 5050 3524 5087; x_wconf 88' lang='lat' dir='ltr'>res</span> <span class='ocrx_word' id='word_1_1008' title='bbox 3555 5037 3888 5102; x_wconf 76' lang='lat' dir='ltr'>corporales</span> 
     </span>
    </p>
   </div>
   <div class='ocr_carea' id='block_1_134' title="bbox 2186 5104 3890 5174">
    <p class='ocr_par' dir='ltr' id='par_1_134' title="bbox 2186 5104 3890 5174">
     <span class='ocr_line' id='line_1_134' title="bbox 2186 5104 3890 5174; baseline 0 -16"><span class='ocrx_word' id='word_1_1009' title='bbox 2186 5113 2243 5158; x_wconf 90' lang='lat' dir='ltr'>et</span> <span class='ocrx_word' id='word_1_1010' title='bbox 2272 5104 2613 5174; x_wconf 89' lang='lat' dir='ltr'>spirituales.</span> <span class='ocrx_word' id='word_1_1011' title='bbox 2641 5105 2782 5158; x_wconf 89' lang='lat' dir='ltr'>Cum</span> <span class='ocrx_word' id='word_1_1012' title='bbox 2812 5120 2940 5157; x_wconf 86' lang='lat' dir='ltr'>vero</span> <span class='ocrx_word' id='word_1_1013' title='bbox 2969 5106 3211 5173; x_wconf 51' lang='lat' dir='ltr'>quaestio</span> <span class='ocrx_word' id='word_1_1014' title='bbox 3235 5106 3592 5160; x_wconf 82' lang='lat' dir='ltr'>aRatramno</span> <span class='ocrx_word' id='word_1_1015' title='bbox 3634 5105 3890 5158; x_wconf 88' lang='lat' dir='ltr'>discussa</span> 
     </span>
    </p>
   </div>
   <div class='ocr_carea' id='block_1_135' title="bbox 2187 5174 3890 5245">
    <p class='ocr_par' dir='ltr' id='par_1_135' title="bbox 2187 5174 3890 5245">
     <span class='ocr_line' id='line_1_135' title="bbox 2187 5174 3890 5245; baseline 0.001 -16"><span class='ocrx_word' id='word_1_1016' title='bbox 2187 5176 2255 5229; x_wconf 84' lang='lat' dir='ltr'>ad</span> <span class='ocrx_word' id='word_1_1017' title='bbox 2281 5175 2430 5228; x_wconf 85' lang='lat' dir='ltr'>istud</span> <span class='ocrx_word' id='word_1_1018' title='bbox 2458 5179 2628 5244; x_wconf 89' lang='lat' dir='ltr'>caput</span> <span class='ocrx_word' id='word_1_1019' title='bbox 2659 5174 2954 5243; x_wconf 90' lang='lat' dir='ltr'>potissime</span> <span class='ocrx_word' id='word_1_1020' title='bbox 2980 5176 3329 5239; x_wconf 87' lang='lat' dir='ltr'>devolvatur,</span> <span class='ocrx_word' id='word_1_1021' title='bbox 3366 5192 3438 5228; x_wconf 88' lang='lat' dir='ltr'>an</span> <span class='ocrx_word' id='word_1_1022' title='bbox 3469 5176 3681 5228; x_wconf 86' lang='lat' dir='ltr'>scilicet</span> <span class='ocrx_word' id='word_1_1023' title='bbox 3728 5178 3890 5245; x_wconf 92' lang='lat' dir='ltr'>quod</span> 
     </span>
    </p>
   </div>
   <div class='ocr_carea' id='block_1_136' title="bbox 2188 5245 3889 5316">
    <p class='ocr_par' dir='ltr' id='par_1_136' title="bbox 2188 5245 3889 5316">
     <span class='ocr_line' id='line_1_136' title="bbox 2188 5245 3889 5316; baseline 0.001 -16"><span class='ocrx_word' id='word_1_1024' title='bbox 2188 5247 2366 5300; x_wconf 86' lang='lat' dir='ltr'>oculis</span> <span class='ocrx_word' id='word_1_1025' title='bbox 2412 5247 2622 5299; x_wconf 89' lang='lat' dir='ltr'>nostris</span> <span class='ocrx_word' id='word_1_1026' title='bbox 2679 5245 2980 5313; x_wconf 86' lang='lat' dir='ltr'>subjicitur</span> <span class='ocrx_word' id='word_1_1027' title='bbox 3034 5251 3092 5299; x_wconf 90' lang='lat' dir='ltr'>et</span> <span class='ocrx_word' id='word_1_1028' title='bbox 3151 5247 3463 5316; x_wconf 84' lang='lat' dir='ltr'>percipitur</span> <span class='ocrx_word' id='word_1_1029' title='bbox 3519 5263 3552 5298; x_wconf 89' lang='lat' dir='ltr'>a</span> <span class='ocrx_word' id='word_1_1030' title='bbox 3618 5247 3889 5301; x_wconf 88' lang='lat' dir='ltr'>sensibus</span> 
     </span>
    </p>
   </div>
   <div class='ocr_carea' id='block_1_137' title="bbox 2189 5316 3890 5387">
    <p class='ocr_par' dir='ltr' id='par_1_137' title="bbox 2189 5316 3890 5387">
     <span class='ocr_line' id='line_1_137' title="bbox 2189 5316 3890 5387; baseline 0.001 -16"><span class='ocrx_word' id='word_1_1031' title='bbox 2189 5317 2438 5371; x_wconf 83' lang='lat' dir='ltr'>exterius</span> <span class='ocrx_word' id='word_1_1032' title='bbox 2479 5317 2534 5369; x_wconf 90' lang='lat' dir='ltr'>in</span> <span class='ocrx_word' id='word_1_1033' title='bbox 2571 5316 2918 5387; x_wconf 81' lang='lat' dir='ltr'>Eucharistia</span> <span class='ocrx_word' id='word_1_1034' title='bbox 2961 5316 3035 5368; x_wconf 91' lang='lat' dir='ltr'>sit</span> <span class='ocrx_word' id='word_1_1035' title='bbox 3079 5318 3265 5387; x_wconf 88' lang='lat' dir='ltr'>ipsum</span> <span class='ocrx_word' id='word_1_1036' title='bbox 3317 5333 3520 5387; x_wconf 87' lang='lat' dir='ltr'>corpus</span> <span class='ocrx_word' id='word_1_1037' title='bbox 3578 5317 3787 5370; x_wconf 90' lang='lat' dir='ltr'>Christi</span> <span class='ocrx_word' id='word_1_1038' title='bbox 3829 5325 3890 5373; x_wconf 87' lang='lat' dir='ltr'>et</span> 
     </span>
    </p>
   </div>
   <div class='ocr_carea' id='block_1_138' title="bbox 2190 5385 3884 5458">
    <p class='ocr_par' dir='ltr' id='par_1_138' title="bbox 2190 5385 3884 5458">
     <span class='ocr_line' id='line_1_138' title="bbox 2190 5385 3884 5458; baseline 0.001 -17"><span class='ocrx_word' id='word_1_1039' title='bbox 2190 5387 2548 5441; x_wconf 86' lang='lat' dir='ltr'>constituerit</span> <span class='ocrx_word' id='word_1_1040' title='bbox 2567 5385 2817 5440; x_wconf 89' lang='lat' dir='ltr'>dilucido</span> <span class='ocrx_word' id='word_1_1041' title='bbox 2849 5385 3401 5456; x_wconf 36' lang='lat' dir='ltr'>aliquam&#39;interesse</span> <span class='ocrx_word' id='word_1_1042' title='bbox 3419 5385 3706 5458; x_wconf 69' lang='lat' dir='ltr'>figuram;</span> <span class='ocrx_word' id='word_1_1043' title='bbox 3750 5404 3884 5442; x_wconf 87' lang='lat' dir='ltr'>cum</span> 
     </span>
    </p>
   </div>
   <div class='ocr_carea' id='block_1_139' title="bbox 2190 5458 3887 5528">
    <p class='ocr_par' dir='ltr' id='par_1_139' title="bbox 2190 5458 3887 5528">
     <span class='ocr_line' id='line_1_139' title="bbox 2190 5458 3887 5528; baseline 0.002 -17"><span class='ocrx_word' id='word_1_1044' title='bbox 2190 5458 2507 5527; x_wconf 78' lang='lat' dir='ltr'>praesertim</span> <span class='ocrx_word' id='word_1_1045' title='bbox 2543 5458 2822 5511; x_wconf 83' lang='lat' dir='ltr'>exteriora</span> <span class='ocrx_word' id='word_1_1046' title='bbox 2881 5459 3045 5528; x_wconf 89' lang='lat' dir='ltr'>panis</span> <span class='ocrx_word' id='word_1_1047' title='bbox 3093 5465 3149 5513; x_wconf 90' lang='lat' dir='ltr'>et</span> <span class='ocrx_word' id='word_1_1048' title='bbox 3186 5458 3303 5512; x_wconf 90' lang='lat' dir='ltr'>vini</span> <span class='ocrx_word' id='word_1_1049' title='bbox 3332 5459 3447 5512; x_wconf 87' lang='lat' dir='ltr'>sint</span> <span class='ocrx_word' id='word_1_1050' title='bbox 3474 5463 3699 5512; x_wconf 87' lang='lat' dir='ltr'>tantum</span> <span class='ocrx_word' id='word_1_1051' title='bbox 3757 5462 3887 5513; x_wconf 87' lang='lat' dir='ltr'>vela</span> 
     </span>
    </p>
   </div>
   <div class='ocr_carea' id='block_1_140' title="bbox 2193 5527 3884 5600">
    <p class='ocr_par' dir='ltr' id='par_1_140' title="bbox 2193 5527 3884 5600">
     <span class='ocr_line' id='line_1_140' title="bbox 2193 5527 3884 5600; baseline 0 -17"><span class='ocrx_word' id='word_1_1052' title='bbox 2193 5535 2243 5583; x_wconf 90' lang='lat' dir='ltr'>et</span> <span class='ocrx_word' id='word_1_1053' title='bbox 2269 5529 2583 5600; x_wconf 89' lang='lat' dir='ltr'>paropides,</span> <span class='ocrx_word' id='word_1_1054' title='bbox 2638 5544 2768 5597; x_wconf 76' lang='lat' dir='ltr'>quae</span> <span class='ocrx_word' id='word_1_1055' title='bbox 2800 5527 3113 5599; x_wconf 86' lang='lat' dir='ltr'>contegunt</span> <span class='ocrx_word' id='word_1_1056' title='bbox 3151 5546 3359 5600; x_wconf 89' lang='lat' dir='ltr'>corpus</span> <span class='ocrx_word' id='word_1_1057' title='bbox 3385 5527 3591 5583; x_wconf 87' lang='lat' dir='ltr'>Christi</span> <span class='ocrx_word' id='word_1_1058' title='bbox 3640 5534 3696 5581; x_wconf 89' lang='lat' dir='ltr'>et</span> <span class='ocrx_word' id='word_1_1059' title='bbox 3750 5545 3884 5583; x_wconf 87' lang='lat' dir='ltr'>san-</span> 
     </span>
    </p>
   </div>
   <div class='ocr_carea' id='block_1_141' title="bbox 2193 5599 3884 5670">
    <p class='ocr_par' dir='ltr' id='par_1_141' title="bbox 2193 5599 3884 5670">
     <span class='ocr_line' id='line_1_141' title="bbox 2193 5599 3884 5670; baseline 0.001 -18"><span class='ocrx_word' id='word_1_1060' title='bbox 2193 5599 2428 5670; x_wconf 86' lang='lat' dir='ltr'>guinem</span> <span class='ocrx_word' id='word_1_1061' title='bbox 2458 5615 2562 5668; x_wconf 90' lang='lat' dir='ltr'>pro</span> <span class='ocrx_word' id='word_1_1062' title='bbox 2599 5600 2778 5654; x_wconf 84' lang='lat' dir='ltr'>salute</span> <span class='ocrx_word' id='word_1_1063' title='bbox 2809 5602 3036 5670; x_wconf 90' lang='lat' dir='ltr'>generis</span> <span class='ocrx_word' id='word_1_1064' title='bbox 3071 5601 3308 5654; x_wconf 69' lang='lat' dir='ltr'>humani</span> <span class='ocrx_word' id='word_1_1065' title='bbox 3341 5600 3606 5670; x_wconf 82' lang='lat' dir='ltr'>effusum,</span> <span class='ocrx_word' id='word_1_1066' title='bbox 3639 5599 3732 5653; x_wconf 91' lang='lat' dir='ltr'>hic</span> <span class='ocrx_word' id='word_1_1067' title='bbox 3761 5601 3884 5654; x_wconf 86' lang='lat' dir='ltr'>evi-</span> 
     </span>
    </p>
   </div>
   <div class='ocr_carea' id='block_1_142' title="bbox 2192 5670 3887 5738">
    <p class='ocr_par' dir='ltr' id='par_1_142' title="bbox 2192 5670 3887 5738">
     <span class='ocr_line' id='line_1_142' title="bbox 2192 5670 3887 5738; baseline 0.001 -13"><span class='ocrx_word' id='word_1_1068' title='bbox 2192 5672 2394 5725; x_wconf 89' lang='lat' dir='ltr'>denter</span> <span class='ocrx_word' id='word_1_1069' title='bbox 2447 5670 2647 5738; x_wconf 85' lang='lat' dir='ltr'>probal</span> <span class='ocrx_word' id='word_1_1070' title='bbox 2677 5670 2795 5724; x_wconf 68' lang='lat' dir='ltr'>ham</span> <span class='ocrx_word' id='word_1_1071' title='bbox 2846 5671 3104 5738; x_wconf 81' lang='lat' dir='ltr'>symbola</span> <span class='ocrx_word' id='word_1_1072' title='bbox 3141 5671 3420 5725; x_wconf 87' lang='lat' dir='ltr'>exteriora</span> <span class='ocrx_word' id='word_1_1073' title='bbox 3472 5687 3601 5724; x_wconf 91' lang='lat' dir='ltr'>cum</span> <span class='ocrx_word' id='word_1_1074' title='bbox 3649 5677 3887 5726; x_wconf 85' lang='lat' dir='ltr'>careant</span> 
     </span>
    </p>
   </div>
   <div class='ocr_carea' id='block_1_143' title="bbox 2193 5741 3882 5813">
    <p class='ocr_par' dir='ltr' id='par_1_143' title="bbox 2193 5741 3882 5813">
     <span class='ocr_line' id='line_1_143' title="bbox 2193 5741 3882 5813; baseline 0.002 -19"><span class='ocrx_word' id='word_1_1075' title='bbox 2193 5741 2566 5813; x_wconf 87' lang='lat' dir='ltr'>qualitatibus</span> <span class='ocrx_word' id='word_1_1076' title='bbox 2594 5741 2852 5795; x_wconf 89' lang='lat' dir='ltr'>sensibus</span> <span class='ocrx_word' id='word_1_1077' title='bbox 2883 5742 3151 5796; x_wconf 83' lang='lat' dir='ltr'>humanis</span> <span class='ocrx_word' id='word_1_1078' title='bbox 3179 5743 3466 5813; x_wconf 83' lang='lat' dir='ltr'>subjectis,</span> <span class='ocrx_word' id='word_1_1079' title='bbox 3501 5741 3710 5813; x_wconf 88' lang='lat' dir='ltr'>quibus</span> <span class='ocrx_word' id='word_1_1080' title='bbox 3743 5743 3882 5798; x_wconf 79' lang='lat' dir='ltr'>affe-</span> 
     </span>
    </p>
   </div>
  </div>
