4148 6180
316 297 409 348 ιὸῒ
1414 294 1504 350 DE
1546 294 1870 352 CORPORE
1912 296 2002 352 ET
2043 296 2390 353 SANGUINE
2433 299 2694 354 DUMINI.

3707 301 3803 351 158

308 429 583 485 differunt
613 429 933 500 corporalia
957 433 1015 484 et
1044 427 1385 499 spiritualia,
1419 429 1661 486 visibilia
1704 437 1760 486 et
1804 432 2005 486 invisi-
2032 434 2079 487 A
2118 433 2185 486 lis
2218 433 2317 504 qui
2363 434 2618 505 quotidie
2675 435 3038 490 credentibus
3096 436 3380 506 potandus
3422 435 3739 501 exhibetur,
3771 452 3802 487 a

306 518 471 587 bilia,
507 519 703 574 divina
728 523 899 590 atque
927 519 1182 573 humana
1210 540 1222 574 :
1258 523 1314 574 et
1345 520 1497 591 quod
1527 538 1560 575 a
1611 538 1670 575 se
1709 522 1999 588 differunt,

312 625 430 662 non
494 609 651 662 idem
711 612 864 662 sunt.
938 608 1215 662 Diiferunt
1269 616 1462 663 autem
1528 625 1658 664 caro
1735 611 2003 682 spiritua-

311 698 382 752 lis
411 714 538 768 quae
569 697 824 752 ﬁdelium
879 713 974 750 ore
1013 697 1280 764 sumitur,
1335 703 1393 751 et
1438 699 1672 770 sanguis
1727 699 2004 770 spiritua-

313 859 468 907 ctum
500 854 684 906 fuerat
713 869 920 923 corpus
953 852 1162 907 Christi
1193 853 1344 906 cruci
1377 854 1633 917 aftixum,
1691 855 1842 910 aliud
1883 873 2003 910 esse

312 930 608 997 nequeunt
639 940 810 997 quam
843 940 1049 993 corpus
1088 923 1400 997 spirituale,
1431 925 1485 978 id
1519 932 1603 979 est
1631 926 1691 980 in
1712 929 2000 997 mysterio,

314 996 372 1049 in
402 996 610 1063 specie,
674 999 729 1047 et
778 995 992 1068 ﬁgura,
1046 1000 1102 1048 et
1152 995 1616 1068 signiﬁcatione:
1674 995 1932 1068 adeoque
1973 1017 2004 1052 a

312 1083 446 1139 vero
472 1082 708 1139 corpore
739 1072 855 1139 tam
889 1065 1117 1119 ditl‘erre
1148 1081 1346 1139 quam_
1371 1067 1692 1139 spiritualia
1741 1087 1774 1122 a
1801 1065 2003 1139 corpo-

313 1138 547 1192 ralibus.
589 1136 1017 1209 Invictissimam
1067 1137 1351 1209 ejusmodi
1409 1138 1745 1192 differentiae
1794 1136 2003 1209 proba-

313 1209 532 1262 tionem
568 1207 728 1260 atfert
759 1224 996 1260 numero
1029 1207 1309 1278 sequenti,
1335 1213 1391 1261 et
1415 1211 1600 1277 palam
1630 1207 2003 1276 demonstrat,

315 1279 445 1352 hac
475 1280 628 1352 bene
664 1279 922 1331 instituta
977 1279 1299 1352 diti’erentia
1354 1279 1505 1332 inter
1535 1280 1743 1334 Christi
1798 1298 2005 1352 corpus

319 1349 766 1403 Eucharisticum
815 1355 869 1401 et
909 1350 1061 1402 cruci
1092 1350 1348 1415 afﬁxam,
1401 1366 1501 1419 per
1557 1349 2004 1406 Eucharisticum

318 1422 373 1474 id
407 1421 728 1492 intell:gere
759 1420 1030 1492 duntaxat
1059 1420 1148 1472 cui
1181 1421 1286 1474 hoc
1335 1436 1543 1474 nomen
1587 1424 1843 1492 corporis
1893 1423 2004 1476 im-

320 1491 569 1562 positum
603 1497 708 1552 est,
741 1491 875 1560 quia
907 1497 1276 1558 sacramenta,
1310 1492 1426 1544 sive
1454 1493 1550 1545 illa
1580 1491 1708 1562 pars
1761 1495 2008 1547 exterior

320 1562 582 1615 sensibus
610 1562 881 1629 subjecta,
923 1577 1112 1614 rerum
1149 1578 1289 1631 quas
1337 1564 1632 1616 continent
1679 1565 2008 1618 nominibus

321 1632 643 1700 nuncupari
675 1633 878 1684 solent.
934 1633 1046 1686 Hoc
1077 1648 1211 1684 vero
1242 1633 1468 1702 integro
1517 1639 1756 1687 tractatu
1813 1636 2005 1688 animo

321 1704 564 1782 probare
611 1703 860 1782 intendit
907 1703 1244 1782 [tatramnus
1274 1710 1332 1782 ut
1375 1705 1724 1782 demonstret
1768 1705 2006 1782 id__qnod

321 1773 381 1827 in
409 1773 765 1827 Eucharistia
791 1773 1048 1826 sensibus
1080 1775 1390 1844 percipitur
1429 1781 1484 1828 et
1514 1776 1740 1829 videtur
1787 1773 2006 1842 album,
2038 1788 2075 1839 Β

321 1846 630 1916 rotundum
674 1850 757 1916 et
805 1852 1123 1905 extensum,
1197 1861 1310 1898 non
1366 1862 1487 1898 esse
1559 1863 2009 1916 reapsecorpus

319 1915 512 1984 ipsum
554 1914 778 1974 Christi,
831 1916 933 1987 sed
985 1920 1228 1987 tegetem
1278 1920 1353 1987 et,
1393 1917 1579 1969 velum
1637 1914 1792 1984 quod
1823 1914 2009 1987 ipsum

321 2003 530 2056 corpus
555 2001 750 2039 verum
792 1985 1087 2039 abscondit
1123 1990 1180 2039 et
1211 1986 1388 2038 oculis
1442 1988 1769 2041 mortalium
1829 1985 2011 2042 homi-

322 2073 464 2110 num
519 2056 710 2125 eripit.
777 2057 904 2110 Haec
958 2064 1146 2110 autem
1204 2057 1448 2110 dilucide
1497 2060 1782 2112 contraria
1838 2060 2010 2113 friant

321 2127 893 2200 opinionemeorum
926 2127 1192 2200 adversus
1241 2144 1383 2200 quos
1415 2129 1711 2193 scribebat,
1755 2130 1851 2200 qui
1884 2147 2011 2183 om-

323 2215 457 2251 nem
489 2205 586 2251 aut
631 2197 990 2270 aliquantam
1030 2198 1274 2270 ﬁguram
1305 2198 1363 2252 in
1408 2197 2010 2270 Eucharistia'perne-

323 2269 558 2339 gahant,
596 2273 651 2322 et
684 2268 823 2341 nihil
860 2269 1175 2341 quidquam
1217 2269 1273 2322 in
1308 2274 1466 2322 tanto
1511 2271 1781 2341 mysterio
1808 2268 2012 2325 recon-

323 2341 504 2393 ditum
532 2345 631 2393 aut
651 2340 932 2392 occultum
959 2340 1356 2403 defendebant,
1381 2346 1437 2393 et
1456 2340 1732 2395 tuendum
1759 2344 2011 2396 et'tlictim

325 2411 727 2475 admittebant,
762 2426 931 2462 omne
960 2410 1111 2480 quod
1144 2416 1265 2464 erat
1295 2412 1554 2465 sensibus
1584 2413 1902 2480 subjectum
1951 2419 2008 2467 et

324 2481 864 2553 oculisperceptum
897 2481 1080 2550 ipsum
1131 2498 1328 2550 reapse
1372 2499 1570 2536 verum
1627 2499 1746 2536 esse
1810 2500 2013 2553 corpus

326 2552 570 2625 Christi.‘
590 2552 1023 2625 Observavimus
1046 2553 1223 2625 lapsu
1239 2554 1514 2622 temporis
1537 2555 1682 2608 hanc
1713 2552 2012 2625 adoptasse

327 2622 671 2676 sententiam
706 2622 966 2676 abbatem
995 2623 1333 2676 Abbaudum
1366 2631 1421 2676 et
1467 2622 1844 2691 Gualterium,
1889 2643 2014 2678 ma-

327 2710 503 2763 gnum
535 2693 785 2762 priorem
817 2694 995 2746 sancti
1028 2694 1261 2746 Victoris
1295 2695 1644 2748 l’arisiensis.
1679 2697 1853 2750 Porro
1881 2713 2013 2749 con-

327 2765 504 2834 ceptis
538 2765 721 2817 verbis
752 2765 830 2817 sic
878 2766 1031 2817 fatur
1083 2766 1424 2818 Ratramnus
1475 2782 1714 2818 numero
1745 2771 1812 2819 7‘2
1848 2784 1860 2821 :
1914 2769 2014 2821 Illa

324 2851 557 2904 namque
577 2851 701 2888 caro
731 2851 848 2904 quae
876 2838 1138 2903 cruciﬁma
1173 2844 1269 2900 est.
1306 2837 1370 2890 de
1405 2838 1644 2902 Virginis
1676 2853 1836 2890 carne
1862 2841 2015 2903 facta

324 2912 425 2967 est,
459 2909 668 2959 ossibus
698 2912 749 2958 et
796 2909 974 2959 nervis
1007 2914 1304 2974 compacta,
1351 2911 1401 2960 et
1444 2909 1802 2961 humanorum
1847 2925 2011 2962 mem-

326 2977 542 3030 brorum
573 2979 908 3029 lineamentis
938 2976 1218 3042 distincta,
1252 2980 1537 3031 rationalis
1568 2982 1761 3033 animae
1815 2983 2015 3046 Spiritu

324 3050 601 3115 m’viﬁcuta
653 3051 709 3099 in
763 3049 1045 3115 prOprinm
1099 3050 1270 3101 vitam
1322 3054 1371 3101 ct
1428 3056 1773 3115 congruentes
1816 3056 2008 3103 motus.

2109 538 2277 577 carne
2309 540 2437 594 qua:
2469 523 2738 578 crucitixa
2784 529 2884 588 est,
2919 529 2975 578 et
3004 541 3037 578 a
3099 525 3380 595 sanguine
3439 526 3539 596 qui
3595 524 3797 580 militis

2111 611 2324 665 effusus
2379 617 2463 666 est
2507 613 2731 678 lancea;
2780 613 2927 666 sicut
2973 613 3284 668 auctoritas
3339 613 3639 685 praesentis
3695 611 3802 666 viri

2110 701 2450 756 testificatur
2481 719 2493 755 :
2528 717 2641 755 non
2680 701 2862 772 igitur
2886 701 3036 756 idem
3067 707 3220 756 sunt.

2113 855 2357 927 speciem
2391 858 2750 924 exteriorem,
2807 874 2936 928 qua:
2976 857 3034 910 in
3083 874 3148 910 eo
3180 857 3646 929 consistitquod
3702 873 3799 927 ap-

2113 933 2275 998 paret
2304 944 2368 980 ex
2396 944 2544 998 aqua
2575 928 2631 981 in
2665 927 2838 982 calice
2871 928 3000 981 vino
3036 929 3225 994 mista,
3267 929 3410 981 sicut
3457 927 3524 980 in
3548 945 3614 982 eo
3645 929 3801 997 quod

2113 1001 2352 1068 apparet
2380 1015 2445 1051 ex
2480 1015 2624 1068 pane
2674 1005 2727 1052 et
2759 999 2913 1066 vino,
2963 999 3130 1052 nobis
3175 999 3404 1052 exhibet
3453 1004 3508 1051 et
3553 999 3799 1051 ostendit

2112 1069 2170 1122 in
2193 1071 2375 1138 tigura
2397 1071 2671 1139 populum
2695 1070 3101 1136 Christianum,
3128 1069 3614 1140 quemadmodum
3638 1069 3800 1138 panis

2115 1147 2171 1194 et
2207 1142 2396 1192 vinum
2431 1156 2634 1209 corpus
2663 1142 2792 1194 Jesu
2826 1141 3034 1194 Christi
3067 1158 3170 1211 pro
3204 1141 3444 1211 peccatis
3471 1146 3796 1211 mactatum.

2115 1213 2175 1264 Et
2205 1227 2336 1264 cum
2368 1211 2667 1264 dubitandi
2703 1213 2854 1264 locus
2885 1209 3082 1264 nullus
3104 1209 3336 1264 relictus
3365 1210 3456 1273 sit,
3508 1209 3798 1262 neminem

2114 1282 2447 1351 theologum
2485 1283 2542 1334 in
2600 1287 2786 1335 mente
2839 1283 3104 1336 habuisse
3154 1283 3340 1335 dicere
3400 1285 3498 1333 aut
3553 1281 3800 1349 cogitire

2113 1353 2258 1406 hanc
2289 1369 2495 1419 aquam
2555 1359 2997 1406 transmutatam
3065 1353 3134 1406 iri
3168 1353 3225 1405 in
3282 1351 3574 1422 mysterio,
3605 1352 3801 1422 rmodo

2115 1439 2390 1491 corporeo
2420 1432 2475 1475 et
2505 1425 2763 1476 sensibus
2791 1424 3064 1494 subjecto,
3100 1424 3156 1476 in
3184 1420 3386 1492 corpus
3419 1421 3616 1492 populi
3647 1420 3804 1476 Chri-

2116 1494 2305 1558 stiani,
2339 1499 2554 1546 certum
2587 1494 2756 1547 etiam
2798 1495 2872 1547 sit
2937 1510 3164 1548 necesse
3214 1501 3296 1547 est
3319 1495 3470 1547 hunc
3513 1508 3716 1562 panem
3747 1496 3804 1544 et

2116 1565 2446 1637 hoc_vinum
2481 1565 2539 1616 in
2569 1567 2751 1634 specie
2780 1581 2894 1634 qua
2927 1566 3108 1618 oculis
3130 1573 3412 1637 apparent
3443 1568 3569 1637 post
3603 1579 3803 1637 conse-j

2115 1634 2426 1688 orationem
2469 1632 2943 1705 non—nuncupari
2999 1632 3221 1704 corpus
3246 1635 3455 1690 Christi
3500 1650 3674 1704 quam
3705 1632 3804 1703 qui

2116 1712 2250 1758 sunt
2281 1707 2449 1758 modo
2482 1711 2537 1758 et
2565 1722 2774 1776 genere
2817 1706 3120 1775 spirituali.
3162 1706 3277 1759 sive
3333 1706 3458 1774 ejus
3505 1709 3719 1776 tegetes
3749 1707 3806 1756 et

2115 1777 2238 1829 vela
2267 1777 2607 1843 consistunt,
2640 1782 2695 1830 et
2742 1777 2798 1829 in
2856 1777 3001 1830 hanc
3059 1793 3291 1830 carnem
3350 1781 3406 1828 et
3460 1775 3804 1843 sanguinem

2122 1847 2291 1900 modo
2321 1848 2598 1916 corporali
2621 1853 2678 1900 et
2707 1848 2968 1900 sensibus
2996 1848 3252 1916 subjecto
3285 1862 3298 1900 :
3331 1845 3484 1916 quod
3518 1845 3803 1916 vindicare

2119 1913 2475 1971 conabantur
2507 1934 2606 1970 seu
2633 1919 2812 1971 animi
2832 1917 3046 1971 viribus
3079 1913 3452 1970 intendebant
3471 1915 3530 1968 hi
3554 1913 3806 1984 theologi

2121 1989 2389 2042 adversus
2423 2004 2566 2059 quos
2600 1989 2945 2042 Ratramnus
3002 1994 3303 2042 tractatum
3352 2003 3518 2059 suum
3569 1985 3804 2059 concin-

2120 2069 2372 2119 uaverat,
2405 2057 2506 2128 qui
2538 2059 2921 2112 defendebant
2952 2059 3163 2112 nullam
3192 2059 3247 2111 in
3277 2057 3642 2111 Eucharistise
3675 2072 3806 2128 my-

2121 2129 2292 2183 sterio
2325 2127 2567 2199 figuram
2608 2129 2937 2194 consistere,
2990 2130 3086 2181 sed
3119 2130 3314 2182 omnia
3367 2128 3702 2199 simpliciter
3747 2127 3808 2180 in

2122 2197 2389 2265 veritate,
2419 2200 2504 2253 uti
2553 2200 2813 2253 sensibus
2872 2199 3127 2269 subjecta
3184 2199 3538 2252 videbantur.
3583 2197 3805 2266 Quippe

2121 2287 2188 2324 eo
2217 2277 2475 2340 tempore
2505 2272 2728 2324 nullum
2759 2271 2994 2324 dubium
3029 2270 3326 2323 subolebat
3359 2269 3517 2340 quin,
3549 2269 3711 2340 panis
3752 2270 3808 2320 et

2120 2342 2316 2395 viuum
2343 2339 2535 2394 essent
2575 2342 2633 2394 in
2674 2357 2880 2408 corpus
2913 2346 2968 2395 et
3005 2341 3344 2410 sanguinem
3390 2339 3598 2393 Christi
3650 2353 3803 2410 com-

2122 2419 2371 2478 mutata;
2407 2412 2504 2466 sed
2535 2418 2652 2465 tota
2681 2412 2984 2465 difﬁcultas
3012 2413 3082 2465 ad
3119 2409 3241 2465 ’hoc
3284 2417 3453 2480 caput
3493 2414 3614 2462 erat
3651 2409 3809 2480 devo-

2122 2485 2244 2537 luta
2274 2499 2344 2536 an
2386 2487 2734 2536 commutata
2766 2489 2953 2536 essent
2984 2485 3150 2536 modo
3179 2479 3452 2552 corporeo
3475 2486 3530 2532 et
3549 2479 3809 2532 sensibus

2122 2553 2399 2623 subjecto.
2436 2555 2508 2606 Ea
2529 2555 2598 2606 de
2629 2570 2798 2607 causa
2850 2555 3040 2623 inquit
3088 2560 3278 2607 noster
3328 2553 3670 2606 Batramnus
3708 2565 3810 2623 nu-

2123 2622 2282 2678 mero
2311 2627 2379 2677 75
2415 2641 2427 2677 :
2464 2623 2660 2690 Igitur,
2695 2627 2745 2678 si
2771 2622 2957 2678 vinum
2988 2625 3127 2678 illud
3159 2626 3554 2691 sanctiﬁcatum
3584 2636 3678 2689 per
3707 2622 3808 2673 mi-

2120 2700 2423 2751 nistrorum
2474 2699 2712 2763 ofﬁcium
2746 2699 2803 2749 in
2848 2697 3061 2749 Christi
3089 2698 3410 2760 sanguinem
3457 2693 3810 2760 corporaliter

2123 2771 2473 2833 convertitur,
2525 2783 2672 2835 aqua
2714 2782 2942 2834 quoque,
3002 2781 3119 2834 quae
3163 2768 3373 2834 pariter
3417 2764 3806 2835 admista_est,

2122 2840 2180 2891 in
2204 2840 2523 2904 sanguinem
2547 2833 2743 2907 populi
2771 2833 3034 2891 credentis
3081 2833 3284 2890 neaesse
3321 2839 3399 2889 est
3455 2833 3810 2903 corpordliter

2124 2915 2486 2962 convertatur.

2194 2979 2298 3032 Sed
2329 2979 2566 3031 fortasse
2604 2978 2795 3032 dicent
2844 2977 3025 3040 nobis,
3086 2975 3295 3047 quibus
3355 2979 3548 3030 nostra
3594 2975 3809 3047 glosse-

2125 3055 2275 3102 mata
2308 3065 2418 3100 non
2449 3050 2690 3118 placent,
2725 3049 2861 3117 quid
2893 3046 3118 3101 necesse
3150 3048 3322 3100 fuerit
3354 3046 3810 3118 hancinstituere

324 3122 404 3171 Αι
432 3133 557 3171 vero
587 3134 710 3171 caro
738 3119 1063 3185 spiritualis,
1102 3134 1220 3186 qua:
1265 3120 1525 3188 populum
1571 3121 1866 3172 credentem
1895 3123 2008 3188 spi-
2042 3133 2082 3187 ρ
2120 3115 2934 3188 comparationemsanguinis
2989 3119 3186 3187 populi
3238 3125 3295 3170 et
3320 3117 3620 3186 sanguinis
3653 3115 3809 3170 Chri-

323 3190 606 3242 ritualiter
667 3191 864 3256 pascit,
933 3189 1227 3242 secundum
1285 3194 1511 3256 speciem
1562 3206 1724 3256 quam
1776 3194 2013 3244 anterius

324 3259 578 3326 ostendit,
629 3261 893 3324 frumenti
967 3261 1157 3328 granis
1218 3276 1382 3314 manu
1443 3263 1680 3328 artiﬁcis
1747 3263 2010 3326 consistit,

323 3331 488 3384 nullis
522 3331 699 3383 nervis
746 3331 1058 3398 ossibusque
1107 3335 1402 3398 compacta,
1447 3333 1600 3384 nulla
1658 3333 2014 3385 membrorum

325 3403 586 3455 varietate
633 3400 910 3466 distincta,
965 3402 1118 3454 nulla
1164 3403 1482 3455 rationabili
1508 3404 1816 3456 substantia
1869 3419 2016 3468 vege-

330 3477 464 3536 tata,
488 3472 662 3524 nullos
691 3474 938 3540 proprios
981 3477 1154 3525 motus
1193 3477 1378 3540 potens
1426 3488 1686 3527 emere-ere.
1737 3473 2016 3542 Quidquid

329 3545 465 3595 enim
517 3546 575 3594 in
603 3558 666 3594 ea
693 3544 816 3614 vita;
842 3544 1039 3609 praebet
1086 3543 1470 3614 substantiam,
1512 3545 1763 3612 specialis
1807 3550 1885 3598 est
1918 3561 2012 3614 po—

332 3615 509 3666 tentiae
546 3618 595 3665 et
625 3613 914 3667 invisibilis
935 3614 1238 3680 efﬁcimtiw
1267 3613 1822 3684 divinat]uejm'rtutis,
1855 3613 2018 3684 algae

332 3684 485 3736 aliud
514 3684 666 3748 longe
704 3686 948 3737 consistit
990 3684 1280 3736 secundum
1322 3685 1466 3753 quod
1511 3687 1754 3739 exterius
1802 3688 2014 3754 conspi-

331 3758 474 3807 citur
502 3761 665 3822 utque
715 3755 870 3807 aliud
891 3755 1180 3807 secundum
1211 3756 1354 3821 quod
1385 3758 1440 3808 in
1472 3760 1730 3824 mysterio
1755 3756 2012 3810 creditur.

331 3827 496 3878 Porro
517 3841 643 3877 caro
686 3826 892 3880 Christi
916 3841 1033 3892 quae
1083 3828 1350 3892 cruci/ima
1388 3833 1485 3890 est,
1531 3843 1635 3879 non
1686 3827 1842 3880 aliud
1870 3833 2016 3880 exte-

331 3898 446 3949 rius
479 3911 643 3964 quam
693 3895 837 3962 quod
899 3898 1124 3948 interius
1163 3900 1301 3963 erat,
1347 3897 1657 3950 ostendebat
1690 3901 1860 3966 :quia
1889 3914 2019 3952 vera

332 3982 454 4020 caro
478 3969 596 4019 veri
649 3967 876 4019 hominis
925 3967 1209 4030 existebat,
1260 3982 1450 4035 corpus
1501 3970 1688 4036 utique
1726 3985 1911 4022 verum
1960 3972 2019 4022 in

330 4039 444 4090 veri
472 4039 712 4105 corporis
743 4038 918 4105 specie
948 4040 1260 4091 consistens.

401 4108 908 4161 Verumenimvero
967 4109 1147 4176 magis
1201 4107 1489 4176 conceptis
1535 4108 1719 4162 verbis
1772 4109 2018 4178 exprimi

330 4184 538 4248 potest,
593 4179 953 4231 solummodo
1011 4180 1153 4232 velle
1209 4178 1277 4232 de
1331 4179 1596 4234 exteriori
1654 4181 2016 4234 Eucharistiae

330 4249 543 4318 eloqui,
580 4266 706 4319 qua:
753 4249 1067 4302 accidentia
1119 4251 1485 4319 appellantur
1535 4256 1591 4304 et
1637 4252 1758 4303 vela
1813 4267 2018 4319 corpus

331 4321 539 4374 Christi
599 4320 977 4389 contegentia.
1039 4319 1418 4384 Quamobrem
1460 4321 1732 4390 appulsus
1779 4322 1846 4374 ad
1889 4337 2021 4375 con-

331 4392 641 4444 clusionem
677 4407 849 4460 quam
869 4407 931 4443 ex
965 4391 1051 4444 his
1080 4392 1348 4444 omnibus
1378 4391 1738 4444 sermonibus
1759 4392 2015 4457 assumit,

2121 3190 2191 3243 sti
2222 3205 2352 3242 cum
2399 3204 2546 3257 aqua
2583 3187 2711 3240 vino
2770 3188 3033 3252 admistu,
3098 3193 3156 3240 et
3212 3203 3408 3240 revera
3468 3188 3811 3257 Batramnus

2122 3261 2181 3314 in
2212 3275 2279 3313 ea
2309 3256 2570 3311 suasione
2602 3274 2712 3311 non
2743 3257 2851 3311 fuit
2893 3257 3232 3327 sanguinem
3278 3259 3406 3310 Jesu
3450 3256 3657 3311 Christi
3689 3270 3810 3308 esse

2123 3329 2479 3386 reconditum
2513 3329 2614 3382 sub
2642 3328 2826 3397 specie
2861 3327 2974 3380 vini
3002 3329 3205 3381 eodem
3239 3327 3448 3397 agendi
3497 3327 3810 3397 modoquo

2124 3402 2355 3468 sanguis
2384 3400 2579 3470 populi
2613 3394 2825 3473 celatus
2855 3405 2938 3452 est
2969 3398 3073 3451 sub
3105 3394 3300 3468 specie
3330 3414 3517 3473 aquae,
3548 3394 3812 3473 videlicet

2122 3474 2181 3527 in
2209 3469 2399 3542 ﬁgura,
2425 3469 2648 3524 tantum
2691 3470 2926 3542 fuit,_et
2957 3485 3150 3542 revera
3207 3485 3305 3542 seu
3357 3469 3578 3522 realiter
3630 3469 3812 3542 neuti-

2124 3538 2317 3614 quam.
2351 3543 2458 3597 Sed
2490 3543 2770 3615 ejusmodi
2802 3540 3183 3610 objectionem
3222 3539 3392 3615 friare
3443 3544 3500 3592 et
3546 3538 3809 3615 retaliare

2124 3608 2287 3670 facile
2323 3618 2425 3679 est,
2478 3608 2718 3666 dicendo
2769 3608 3251 3682 supervacaneum
3303 3610 3472 3663 fuisse
3530 3608 3811 3678 ejusmodi

2124 3685 2425 3739 consilium
2479 3692 2668 3736 mente
2731 3684 3026 3751 concipere
3088 3682 3420 3745 Ratramno,
3485 3695 3558 3732 an
3604 3694 3810 3751 corpus

2126 3755 2334 3812 Christi
2388 3760 2537 3807 esset
2583 3753 2685 3807 sub
2739 3749 3314 3823 pane‘Eucharistico
3358 3752 3446 3804 vel
3502 3751 3700 3823 _vinum
3750 3749 3809 3800 in

2125 3825 2634 3902 saiiguinem_ejus
2689 3821 3045 3902 conversum,
3081 3839 3190 3902 qua
3225 3823 3293 3875 de
3350 3837 3409 3874 re
3463 3821 3584 3902 ejus
3643 3824 3810 3872 aetate

2125 3891 2348 3951 nullum
2399 3891 2638 3948 dubium
2671 3894 2919 3948 restabat
2957 3898 3056 3946 aut
3102 3891 3405 3954 intererat;
3449 3891 3545 3944 sed
3575 3907 3647 3943 an
3695 3906 3812 3942 cor-

2123 3985 2232 4040 pus
2253 3974 2308 4021 et
2337 3965 2569 4036 sanguis
2602 3981 2796 4018 revera
2837 3966 3007 4040 modo
3058 3963 3238 4040 oculis
3277 3962 3639 4040 et__sensibus
3676 3961 3812 4040 sub:

2122 4031 2271 4107 jecto
2332 4031 2696 4108 permaneret
2747 4042 2804 4090 et
2853 4035 3210 4108 consisteret,
3263 4033 3476 4108 scilicet
3534 4048 3604 4084 an
3654 4031 3810 4108 quod

2126 4103 2366 4164 tractum
2403 4115 2459 4160 et
2487 4108 2811 4176 disruptum
2862 4107 2922 4159 in
2980 4104 3328 4159 Eucharistia
3385 4103 3611 4156 videtur
3665 4106 3812 4154 esset

2125 4196 2256 4234 vere
2311 4196 2514 4248 corpus
2567 4179 2792 4233 Christi.
2858 4179 3053 4231 Eccam
3104 4176 3482 4248 quaestionem
3541 4190 3608 4226 ea
3644 4178 3811 4226 mtate

2125 4246 2428 4304 versabant
2454 4249 2726 4323 theologi.
2781 4250 2843 4302 Et
2892 4264 3021 4301 cum
3073 4246 3229 4323 qugd
3265 4247 3520 4323 exterius
3573 4248 3813 4323 apparet

2127 4327 2256 4392 post
2314 4317 2826 4392 consecratiOnem,
2877 4317 3359 4392 corpulehristi
3430 4317 3812 4392 nuncupative

2129 4387 2403 4448 duntaxat
2458 4391 2698 4452 dicatur,
2749 4387 3256 4460 quemadmodum,
3314 4387 3501 4456 inquit
3551 4388 3807 4460 Algerus,

332 4461 568 4538 nuntiis
585 4458 772 4538 verbis
803 4462 1141 4530 simpliciter
1179 4462 1396 4531 colligit
1442 4478 1671 4538 carnem
1720 4462 1927 4538 Christi
1959 4463 2015 4538 i_n
2043 4482 2087 4538 ο
2129 4464 2275 4538 sicut
2311 4478 2461 4538 a_qua
2500 4478 2628 4538 cum
2661 4458 2792 4513 vino
2821 4461 2880 4513 in
2912 4459 3284 4538 caliceqmista
3315 4464 3399 4511 est
3445 4458 3677 4538 sanguis
3707 4471 3812 4524 po-

335 4532 686 4586 Eucharislia
717 4539 1040 4602 susceptam
1090 4549 1208 4585 non
1255 4549 1376 4586 esse
1417 4533 1678 4587 eamdem
1727 4534 1879 4587 cruci
1930 4535 2020 4587 af-

331 4604 522 4670 iixam,
564 4603 661 4656 sed
709 4604 1021 4656 secundum
1070 4603 1320 4657 exterius
1387 4619 1487 4657 seu
1545 4604 1696 4674 quod
1753 4604 2017 4658 sensibus

332 4675 652 4743 subjectum
684 4679 788 4737 est,
817 4674 1079 4727 videlicet
1108 4674 1423 4728 secundum
1467 4675 1788 4729 albedinem
1836 4681 1894 4729 et
1923 4691 2016 4729 ex-

329 4746 649 4799 tensionem
691 4760 819 4814 quas
871 4744 928 4798 in
974 4751 1282 4814 conspectu
1328 4746 1624 4799 oculorum
1674 4745 1828 4799 aliud
1862 4751 2012 4812 sunt,

331 4816 567 4869 omnino
602 4815 854 4886 consistit
894 4815 964 4869 ab
1013 4831 1080 4868 eo
1131 4816 1284 4884 quod
1323 4816 1382 4870 in
1429 4816 1695 4886 mysterio
1743 4817 2009 4870 creditur.

332 4892 515 4956 Atque
567 4885 704 4939 illud
740 4887 893 4954 longe
953 4889 1201 4941 consistit
1251 4885 1541 4941 secundum
1587 4888 1732 4956 quod
1778 4890 2017 4941 exterius

332 4959 663 5022 conspicitur
700 4962 863 5024 atque
926 4957 1066 5011 illud
1113 4957 1403 5011 secundum
1447 4957 1591 5025 quod
1654 4961 1712 5012 in
1763 4960 2017 5025 mysterio

331 5030 587 5081 creditur.
652 5027 1208 5099 Igiturplenissime
1279 5029 1726 5099 planissimeque
1798 5033 2019 5082 constat

333 5100 706 5153 Ratramnum
738 5098 1060 5170 distinxisse
1093 5100 1238 5152 hanc
1266 5115 1490 5151 carnem
1520 5098 1832 5153 secundum
1862 5100 2014 5170 quod

330 5171 575 5223 t-xterius
608 5169 848 5241 videtur,
881 5169 1049 5241 abeo
1083 5170 1397 5241 secundum
1431 5171 1581 5241 quod
1631 5171 1692 5224 in
1749 5172 1857 5224 hoc
1887 5169 2014 5240 my-

329 5241 503 5293 sterio
535 5239 816 5305 creditur;
874 5239 1088 5310 quippe
1144 5256 1274 5294 cum
1333 5240 1394 5294 in
1449 5239 1518 5294 eo
1574 5241 1726 5310 quod
1767 5239 2017 5294 exterius

329 5311 581 5381 praefert,
612 5310 796 5378 tigura
838 5309 907 5363 sit
941 5313 1150 5382 velum,
1197 5318 1354 5382 teges
1413 5316 1469 5364 et
1500 5309 1605 5364 rei,
1630 5312 1870 5365 interius
1901 5327 2015 5365 cre-

328 5382 458 5437 dita
489 5396 850 5449 conopaeum,
884 5396 1013 5434 cum
1053 5381 1292 5434 interius
1335 5398 1530 5435 revera
1561 5382 1758 5436 eadem
1809 5383 2013 5437 Christi

329 5469 458 5507 caro
491 5451 564 5505 sit
591 5467 718 5522 qua:
739 5451 890 5505 cruci
911 5451 1080 5506 afﬁxa
1110 5453 1232 5506 fuit.
1254 5453 1390 5516 Quae
1418 5453 1732 5507 continenti
1755 5470 2015 5508 sermone

330 5523 541 5594 prodit,
581 5522 819 5576 miriiice
863 5523 1247 5594 comprobant
1293 5539 1352 5576 se
1403 5523 1546 5577 nihil
1596 5524 1748 5577 aliud
1791 5541 1855 5578 ex
1906 5525 2014 5577 isto

331 5593 606 5648 exteriore
638 5609 737 5646 seu
767 5593 908 5647 facie
940 5601 1172 5646 externa
1201 5593 1521 5662 intelligere
1563 5612 1580 5645 τ
1602 5611 1733 5648 nam
1767 5595 2016 5664 speciem

333 5671 389 5719 et
417 5680 743 5734 expressam
801 5664 1112 5734 imaginem
1146 5665 1427 5735 corporis
1478 5665 1686 5719 Christi
1724 5665 1785 5718 in
1833 5666 2019 5735 ﬁgura

333 5752 433 5790 seu
478 5735 833 5803 simplicibus
878 5734 1284 5789 accidentibus
1313 5752 1440 5806 qua:
1490 5737 1786 5790 oculorum
1835 5734 2013 5790 aciem

333 5807 727 5876 perstringunt
759 5811 815 5859 et
843 5806 896 5859 ei
932 5807 1330 5875 subjiciuntur.
1385 5808 1523 5861 Nam
1561 5808 1825 5862 observat
1871 5807 2018 5862 hanc

2127 4534 2274 4604 puli.
2327 4529 2659 4601 Exemplum
2722 4547 2835 4604 non
2883 4529 3406 4604 poterat__pro_ferre
3466 4529 3812 4604 Batramnus

2125 4596 2282 4658 omni
2321 4596 2651 4672 exceptione
2683 4596 2964 4671 majus—ut
3010 4596 3446 4672 explicationem
3495 4613 3655 4672 suam
3685 4596 3810 4672 vin-

2125 4677 2340 4730 dicaret
2368 4681 2424 4728 et
2462 4667 2800 4738 absolveret,
2849 4667 3160 4741 postposita
3214 4670 3546 4741 necessitate
3591 4667 3811 4741 facien-

2126 4747 2211 4801 dae
2259 4743 2702 4815 comparationis
2769 4738 2929 4815 cujus
2965 4738 3386 4815 _concinuitudo
3419 4739 3500 4815 _sit
3543 4738 3810 4815 omnibus

2125 4811 2406 4871 numeris'
2431 4815 2679 4885 perfecta
2719 4818 2777 4886 et
2824 4811 3101 4886 absoluta.
3156 4813 3291 4886 _Non
3338 4811 3491 4864 enim
3547 4813 3669 4886 erat
3709 4823 3811 4886 tie-_-

2123 4904 2274 4942 cesse
2305 4903 2408 4940 nec
2431 4879 2596 4939 'valde
2637 4884 2996 4938 conducibile
3049 4883 3288 4953 probare
3342 4896 3546 4949 corpus
3603 4879 3809 4932 Christi

2123 4974 2318 5011 revera
2348 4957 2406 5010 in
2435 4956 2786 5010 Eucharistia
2831 4954 3158 5018 consistere,
3195 4959 3293 5006 aut
3340 4957 3465 5023 post
3510 4963 3806 5023 consecra-

2123 5030 2338 5083 tionem
2371 5043 2566 5082 veram
2617 5026 3075 5098 permansionem
3137 5041 3254 5077 non
3286 5019 3526 5098 habere;
3574 5019 3669 5098 sed
3713 5033 3808 5071 eos

2123 5099 2422 5166 theologos
2455 5098 2553 5166 qui
2584 5090 2690 5151 sibi
2716 5096 3138 5166 persuadebant
3171 5094 3338 5147 modo
3373 5090 3670 5166 corporali
3707 5105 3805 5166 seu

2123 5161 2384 5223 sensibus
2426 5161 2677 5238 subjecto
2716 5161 3044 5238 consistere,
3091 5162 3387 5238 allucinari
3445 5161 3809 5238 vehementer

2124 5245 2180 5294 et
2209 5255 2418 5294 errare.
2459 5231 2797 5292 Su'mmatim
2846 5237 3059 5308 quippe
3107 5251 3174 5288 ex
3232 5235 3353 5308 hacA
3381 5231 3808 5308 comparatiope

2123 5311 2434 5365 solitariam
2468 5310 2614 5364 hanc
2669 5302 3090 5364 conclusion—em
3145 5303 3384 5358 assumit
3440 5302 3594 5356 vafer
3624 5307 3681 5354 et
3722 5302 3808 5355 fu-

2126 5399 2220 5436 sus
2267 5381 2571 5448 theologus
2618 5382 2957 5435 Ratramnus
3007 5391 3244 5431 numero
3271 5377 3387 5428 75:
3449 5377 3528 5427 At
3564 5373 3805 5428 videmus

2123 5456 2182 5508 in
2211 5469 2358 5522 aqua
2394 5451 2683 5508 secundum
2709 5467 2900 5520 corpus
2929 5450 3068 5505 nihil
3095 5462 3203 5502 esse
3248 5459 3593 5522 conuersum;
3632 5459 3806 5499 conse-

2125 5518 2345 5593 quenter
2374 5539 2500 5595 ergo
2529 5527 2580 5576 et
2632 5526 2691 5577 in
2738 5518 2864 5576 vino
2919 5522 3059 5595 nihil
3087 5518 3464 5595 corporaliter
3516 5521 3800 5595 estcnsum.

2124 5587 2412 5664 Accipitur
2431 5587 2821 5662 vspi-ritualiter
2861 5589 3134 5668 quidquid
3191 5592 3248 5642 in
3297 5604 3443 5656 aqua
3494 5587 3560 5641 de
3616 5587 3807 5668 populi

2124 5662 2342 5734 corpore
2370 5669 2713 5732 significatur
2751 5685 2760 5714 :
2798 5665 3276 5734 accipiatur-ergo
3298 5673 3513 5734 necesse
3548 5662 3644 5734 est
3680 5662 3805 5734 ἐρξ-

2122 5728 2398 5790 ritualiter
2421 5728 2700 5806 quidquid
2730 5737 2786 5786 in
2817 5728 2942 5806 uino
2982 5733 3048 5806 de
3099 5729 3307 5806 Christi
3359 5731 3623 5806 sanguine
3669 5728 3802 5779 inti-

2123 5814 2325 5861 matur.
2351 5797 2460 5860 Ηθέ
2489 5797 2696 5874 agendi
2723 5807 2779 5857 et
2809 5802 3032 5856 dicendi
3066 5801 3285 5854 ratione
3316 5802 3522 5870 probat
3551 5797 3803 5866 aliquam
