4164 6182
341 220 433 270 l3!)
1467 216 1828 271 RA'I'RAMNI
1857 217 2319 274 COBBEIENSIS
2360 217 2668 272 MONACIII

3734 224 3830 273 ΗἸΟ

407 352 602 406 LXXII.
658 351 757 405 Illa
815 365 1064 418 namque
1094 364 1226 402 caro
1293 365 1423 419 qum
1471 350 1740 405 cruciﬁxa
1798 356 1899 418 est,
1955 352 2023 405 de
2054 354 2093 405 A
2137 368 2284 405 num.
2327 352 2652 422 8|.)Igitur
2681 352 2725 406 si
2755 352 2950 407 vinum
2986 352 3128 407 illud
3158 355 3575 408 sanctiﬁcatum
3603 351 3840 426 parmis

331 440 582 510 Virginis
608 455 776 494 carne
808 438 950 494 facta
983 443 1087 503 est,
1122 438 1346 492 ossibus
1375 442 1432 493 et
1469 440 1657 493 nervis
1703 447 2017 511 compacta,

331 534 387 583 et
441 530 827 583 humanorum
863 527 1255 580 membrorum
1315 527 1680 581 lineamentis
1732 529 2018 586 distincta.

334 617 625 670 rationalis
656 616 865 670 animae
889 615 1098 686 spiritu
1119 615 1398 669 viviﬁcata
1434 616 1491 669 in
1523 617 1817 686 propriam
1852 617 2020 670 vitam

333 711 387 758 et
413 709 795 770 congruentes
827 710 1034 756 motus.
1079 707 1148 757 At
1201 719 1332 756 vero
1365 719 1494 756 caro
1551 704 1865 773 spiritualis
1896 721 2023 775 qum

330 795 608 864 populum
650 792 977 846 credentem
1030 791 1408 861 spiritualiter
1467 793 1663 863 pascit,
1706 793 2022 846 secundum

330 882 574 952 speciem
609 897 780 950 quam
813 880 963 950 gerit
993 880 1263 948 exterius,
1297 881 1566 934 frumenti
1610 880 1803 951 granis
1849 898 2021 936 manu

328 970 566 1024 artiﬁcis
597 969 877 1034 consistit,
905 969 1079 1022 nullis
1109 970 1296 1023 nervis
1317 969 1668 1041 ﬁossibusque
1707 978 2020 1040 compacta,

332 1059 488 1112 nulla
521 1058 912 1111 membrorum
947 1057 1218 1110 varietate
1251 1058 1536 1127 distincta,
1559 1060 1719 1113 nulla
1757 1059 2023 1112 rationali

329 1146 646 1199 substantia
679 1151 958 1214 vegetata,
1021 1146 1206 1200 nullos
1265 1148 1528 1216 proprios
1587 1153 1777 1202 motus
1825 1154 2025 1218 potens

328 1249 612 1288 exercere.
645 1233 937 1304 Quidquid
969 1234 1122 1288 enim
1154 1234 1213 1288 in
1244 1251 1310 1288 ea
1331 1236 1459 1288 vitze
1491 1237 1707 1306 praebet
1755 1237 2022 1290 substan-

334 1322 496 1388 tiam,
529 1321 840 1392 spiritualis
888 1327 972 1375 est
1003 1322 1278 1392 potentiae
1331 1328 1388 1376 et
1442 1323 1720 1378 invisbilis
1771 1324 2021 1378 efﬁcien-

331 1410 446 1474 tiaz,
478 1410 800 1480 divinmque
832 1411 1054 1463 virtutis
1089 1427 1101 1464 :
1145 1417 1316 1481 atque
1344 1412 1496 1466 aliud
1553 1412 1722 1483 longe
1768 1414 2025 1466 consistit

333 1501 645 1552 secundum
694 1500 844 1570 quod
897 1499 1142 1552 exterius
1189 1500 1556 1571 conspicitur,
1638 1507 1809 1572 atque
1868 1502 2020 1555 aliud

332 1589 644 1642 secundum
689 1589 840 1659 quod
887 1589 942 1642 in
1012 1590 1283 1659 mysterio
1349 1590 1614 1644 creditur.
1663 1592 1835 1644 Porro
1895 1607 2023 1643 caro

334 1677 542 1732 Christi
573 1693 700 1747 quae
731 1677 1000 1731 cruciﬁxa
1047 1684 1150 1740 est,
1187 1695 1298 1731 non
1340 1678 1497 1732 aliud
1554 1679 1802 1733 exterius
1849 1695 2021 1750 quam

332 1759 484 1828 quod
517 1760 757 1813 interius
789 1766 930 1826 erat,
976 1761 1310 1815 ostendebat
1343 1777 1356 1815 :
1387 1761 1521 1832 quia
1568 1779 1698 1814 vera
1745 1779 1873 1816 caro
1908 1761 2024 1815 veri

331 1848 583 1902 hominis
613 1848 946 1916 existebant,
975 1865 1179 1918 corpus
1205 1851 1402 1921 utique
1431 1866 1626 1904 verum
1661 1851 1720 1904 in
1753 1851 1870 1904 veri
1899 1866 2022 1904 cor-

330 1936 484 2006 poris
509 1937 694 2007 specie
727 1937 1062 1991 consistens.

406 2025 624 2080 LXXIII.
696 2025 1189 2080 Considerandum
1267 2041 1499 2095 quoque
1556 2027 1709 2095 quod
1763 2026 1822 2080 in
1878 2043 2024 2096 pane

331 2112 431 2164 illo
465 2128 583 2165 non
614 2114 797 2165 solum
829 2128 1032 2182 corpus
1080 2112 1307 2177 Christi,
1341 2128 1538 2166 verum
1582 2113 1751 2167 etiam
1801 2115 1862 2168 in
1892 2131 2024 2168 eum

332 2199 615 2252 credentis
647 2200 845 2268 populi
893 2201 1225 2268 ﬁguretur:
1290 2200 1442 2254 unde
1502 2202 1697 2254 multis
1750 2202 2024 2257 frumenti

335 2286 528 2356 granis
557 2287 877 2347 coniicitur,
911 2289 1046 2358 quia
1077 2305 1284 2357 corpus
1318 2290 1516 2360 populi
1555 2291 1835 2345 credentis
1877 2293 2024 2345 mul-

334 2376 408 2429 tis
439 2391 543 2446 per
567 2376 802 2429 verbum
837 2376 1044 2430 Christi
1073 2377 1338 2431 ﬁdelibus
1387 2384 1811 2448 augmentatur.
1863 2379 2026 2448 (Vide

334 2481 536 2520 numm.
579 2469 645 2519 96
677 2471 726 2519 ct
757 2468 871 2535 68.)

410 2555 625 2610 LXXIV.
659 2557 781 2618 Qua
820 2555 888 2609 de
941 2570 1023 2620 re,
1082 2554 1227 2608 sicut
1282 2554 1342 2608 in
1375 2555 1645 2626 mysterio
1707 2558 1873 2628 panis
1931 2557 2024 2612 ille

339 2643 548 2698 Christi
612 2659 818 2713 corpus
878 2643 1172 2713 accipitur,
1242 2644 1322 2698 sic
1385 2644 1560 2698 etiam
1629 2644 1688 2698 in
1751 2647 2023 2716 mysterio

341 2732 598 2786 membra
640 2731 839 2802 pepuli
886 2732 1168 2786 credentis
1220 2733 1282 2787 in
1315 2733 1603 2788 Christum
1645 2733 2025 2799 .intimantur;

336 2827 394 2874 et
423 2820 700 2888 sicutfnon
741 2821 1116 2890 corporaliter
1167 2822 1266 2876 sed
1297 2822 1671 2892 spiritualiter
1719 2824 1881 2894 panis
1929 2825 2025 2877 ille

2130 440 2440 494 nistrorum
2485 440 2760 508 ofﬁcium,
2814 442 2872 495 iu
2896 440 3103 496 Christi
3147 443 3490 512 sanguinem
3523 444 3833 514 corporali-

2129 534 2216 583 ter
2243 529 2632 596 convertitur;
2663 546 2813 600 aqua
2851 547 3101 601 quoque,
3143 548 3271 600 qua:
3332 532 3545 601 pariter
3582 533 3828 586 admista

2131 624 2234 683 est,
2270 618 2328 671 in
2359 618 2696 688 sanguinem
2733 619 2933 688 populi
2963 620 3242 673 credentis
3277 638 3504 675 necesse
3536 627 3829 691 estcorpo—

2131 708 2326 760 raliter
2374 712 2754 760 convertatur.
2813 707 2915 760 Ubi
2975 723 3224 777 namque
3273 726 3388 762 una
3447 711 3824 764 sanctiﬁcatio

2132 799 2238 862 est,
2302 811 2417 848 una
2478 800 2897 866 consequenter
2937 797 3226 866 operatio;
3257 803 3312 851 et
3365 797 3460 850 ubi
3508 814 3612 867 par
3659 798 3826 858 ratio,

2133 898 2234 952 par
2263 899 2494 954 quoque
2535 885 2907 954 consequitur
2949 885 3300 954 mysterium.
3344 889 3414 940 At
3465 887 3724 940 videmus
3766 887 3824 940 in

2130 987 2280 1042 aqua
2301 972 2615 1026 secundum
2648 990 2852 1042 corpus
2881 972 3028 1027 nihil
3062 990 3183 1026 esse
3216 990 3582 1040 conversum,
3623 991 3827 1028 conse-

2133 1065 2379 1129 quenter
2405 1077 2540 1131 ergo
2571 1067 2627 1115 et
2656 1061 2713 1114 in
2741 1062 2872 1114 vino
2906 1062 3047 1115 nihil
3089 1063 3460 1132 corporaliter
3505 1069 3823 1117 ostensum.

2132 1144 2425 1214 Accipitur
2477 1145 2854 1216 spiritualiter
2901 1146 3179 1216 quidquid
3231 1148 3290 1200 in
3321 1164 3472 1218 aqua
3520 1147 3589 1201 de
3627 1147 3829 1218 populi

2132 1249 2370 1303 corpore
2427 1233 2810 1303 signiﬁcatur;
2866 1235 3182 1304 accipiatur
3245 1250 3382 1304 ergo
3451 1252 3678 1288 necesse
3745 1240 3830 1290 est

2133 1321 2507 1391 spiritualiter
2565 1322 2847 1394 quidquid
2906 1323 2965 1376 in
3024 1323 3268 1392 vinofde
3301 1324 3508 1378 Christi
3543 1324 3829 1394 sanguine

2134 1409 2452 1464 intimatur.

2209 1499 2418 1552 LXXVI.
2457 1500 2615 1561 Item,
2641 1515 2768 1569 quae
2797 1515 2829 1552 a
2875 1515 2932 1551 se
2961 1499 3237 1553 diﬁ'erunt
3285 1499 3435 1553 idem
3495 1516 3614 1554 non
3670 1505 3826 1554 sunt.

2133 1587 2349 1656 Corpus
2381 1585 2586 1638 Christi
2617 1585 2768 1655 quod
2831 1591 3119 1639 mortuum
3154 1591 3238 1639 est
3271 1593 3326 1638 et
3384 1587 3713 1653 resurrexit,
3775 1593 3832 1642 et

2132 1673 2456 1727 immortale
2483 1674 2691 1726 factum
2719 1675 2840 1742 jam
2858 1691 2961 1728 non
2990 1678 3238 1740 moritur,
3273 1681 3322 1728 et
3374 1691 3514 1730 mors
3546 1678 3630 1730 illi
3674 1677 3826 1730 ultra

2131 1778 2237 1816 non
2279 1763 2648 1817 dominabitur
2719 1763 2893 1831 (Rom.
2958 1781 3027 1826 vt,
3081 1763 3160 1832 9),
3235 1771 3514 1818 internum
3576 1771 3661 1818 est
3720 1783 3826 1820 nec

2124 1851 2247 1922 jam
2283 1852 2544 1922 passibile
2579 1868 2591 1905 :
2627 1852 2730 1905 hoc
2759 1857 2950 1905 autem
3002 1852 3157 1922 quod
3191 1851 3250 1906 in
3303 1854 3547 1906 Ecclesia
3579 1855 3829 1908 celebra-

2131 1946 2244 2007 tur,
2279 1941 2589 2010 temporale
2623 1945 2724 2005 est,
2778 1956 2894 1994 non
2941 1948 3254 2006 aeternum;
3301 1941 3675 2012 corruptibile
3718 1948 3826 2006 est,

2133 2045 2244 2082 non
2278 2029 2705 2098 incorruptum;
2741 2028 2799 2082 in
2831 2028 2919 2081 via
2940 2034 3042 2094 est,
3079 2045 3193 2083 non
3224 2029 3282 2082 in
3315 2030 3518 2099 patria.
3546 2030 3833 2086 Differunt

2132 2117 2308 2186 igitur
2331 2135 2364 2170 a
2393 2133 2472 2181 se,
2507 2122 2856 2186 quapropter
2882 2133 2997 2170 non
3023 2123 3158 2170 sunt
3207 2118 3380 2171 idem.
3415 2119 3710 2183 Quomodo
3741 2136 3832 2174 ve-

2132 2221 2260 2258 rum
2291 2221 2496 2275 corpus
2527 2205 2734 2259 Christi
2765 2205 2972 2258 dicitur
2997 2212 3052 2259 et
3077 2222 3238 2258 verus
3269 2209 3540 2278 sanguis?

2207 2294 2528 2347 LXXVII.Si
2559 2293 2712 2346 enim
2766 2309 2973 2364 corpus
3031 2293 3237 2347 Christi
3289 2301 3486 2352 estzet
3535 2296 3638 2350 hoc
3687 2298 3828 2349 dici-

2132 2387 2226 2434 tur
2257 2398 2383 2434 vere
2414 2381 2550 2452 quia
2579 2397 2788 2450 corpus
2833 2381 3042 2435 Christi
3076 2387 3160 2434 est
3188 2399 3200 2435 :
3237 2383 3295 2435 in
3344 2385 3580 2438 veritate
3620 2394 3834 2454 corpus

2133 2470 2343 2525 Christi
2375 2475 2485 2535 est;
2517 2475 2572 2522 et
2599 2470 2645 2524 si
2675 2470 2735 2524 in
2787 2470 3022 2524 veritate
3081 2488 3284 2542 corpus
3337 2473 3570 2541 Christi,
3603 2480 3656 2528 et
3698 2491 3833 2528 cor-

2134 2575 2240 2629 pus
2271 2559 2477 2613 Christi
2506 2559 2959 2628 [incorruptibile
2995 2564 3098 2625 est,
3147 2565 3204 2613 et
3242 2559 3600 2631 impassibile
3634 2567 3739 2628 est,
3767 2579 3833 2616 ac

2134 2663 2235 2718 per
2264 2648 2368 2701 hoc
2398 2653 2698 2701 aeternum.
2732 2648 2841 2700 Hoc
2868 2647 3046 2717 igitur
3065 2664 3273 2718 corpus
3305 2649 3511 2702 Christi
3543 2651 3692 2720 quod
3717 2649 3832 2721 agi-

2134 2741 2227 2788 tur
2281 2736 2341 2788 in
2401 2736 2662 2802 Ecclesia,
2725 2752 2952 2790 necesse
2999 2741 3082 2790 est
3135 2742 3200 2790 ut
3257 2737 3689 2809 incorruptibile
3760 2740 3833 2792 sit

2134 2830 2189 2878 et
2219 2830 2523 2878 internum.
2563 2825 2667 2880 Sed
2705 2825 2903 2894 negari
2932 2841 3044 2878 non
3091 2830 3274 2895 potest
3327 2827 3618 2898 corrumpi
3671 2829 3828 2897 quod

339 2909 691 2962 credentium
724 2925 930 2979 corpus
959 2910 1185 2974 dicitur,
1219 2910 1298 2965 sic
1329 2927 1559 2981 quoque
1583 2911 1788 2965 Christi
1820 2927 2026 2982 corpus
2057 2940 2097 2994 ρ
2136 2929 2239 2982 per
2268 2918 2456 2982 partes
2487 2914 2906 2966 comminutum
2938 2923 2962 2946 ει
2993 2914 3331 2982 dispertitur
3369 2917 3738 2979 sumendum,
3775 2922 3833 2970 et

341 3015 453 3052 non
498 2998 874 3068 corporaliter
928 2998 1022 3052 sed
1082 2998 1461 3070 spiritualiter
1517 3017 1746 3054 necesse
1795 3009 1880 3054 est
1935 3003 2023 3054 in-

339 3086 651 3153 telligatur.

409 3175 603 3230 LXXV.
637 3175 727 3230 Sic
766 3179 820 3228 et
845 3175 905 3228 in
956 3175 1086 3229 vino
1119 3176 1217 3247 qui
1274 3176 1509 3247 sanguis
1547 3177 1752 3232 Christi
1798 3178 2026 3245 dicitur,

339 3281 486 3333 aqua
511 3263 739 3318 misceri
765 3264 1020 3332 jubetur,
1055 3281 1158 3318 nec
1192 3281 1372 3318 unum
1423 3266 1544 3319 sine
1577 3266 1756 3318 altero
1795 3265 2026 3334 permit-

339 3353 478 3405 titur
525 3353 740 3416 otI‘erri,
801 3353 937 3422 quia
989 3369 1093 3406 nec
1141 3355 1392 3422 populus
1454 3353 1577 3406 sine
1618 3353 1861 3416 Christo,
1928 3370 2031 3406 nec

340 3440 594 3494 Christus
623 3441 744 3493 sine
778 3441 1022 3510 populo;
1057 3441 1204 3494 sicut
1250 3456 1353 3494 nec
1404 3447 1575 3509 caput
1618 3441 1742 3494 sine
1773 3457 2026 3510 corpore,

339 3528 422 3578 vel
469 3543 673 3597 corpus
704 3529 827 3580 sine
857 3528 1057 3598 capite,
1090 3529 1240 3581 valet
1279 3528 1536 3582 existere.
1574 3532 1736 3598 Aqua
1782 3530 2030 3600 denique

340 3615 402 3668 in
442 3615 538 3668 illo
597 3621 953 3668 sacramento
1001 3616 1199 3686 populi
1241 3621 1424 3686 gestat
1482 3616 1813 3687 imaginem.
1869 3617 2032 3686 (Vide

343 3787 463 3843 esse
495 3770 551 3824 in
595 3770 940 3826 Eucharistia
963 3772 1232 3843 ﬁguram,
1257 3777 1312 3826 et
1352 3772 1409 3826 in
1434 3790 1500 3826 ea
1529 3790 1640 3828 non
1674 3774 1867 3828 omnia
1892 3791 2029 3828 eve-

343 3841 465 3915 nire
491 3843 804 3915 secundum
839 3841 1028 3898 oculis
1048 3845 1250 3898 factam
1285 3846 1702 3915 apparitioucm
1755 3852 1812 3898 et
1846 3846 2029 3899 sensi-

340 3912 448 3966 bus
475 3913 905 3982 subjectionem.
957 3916 1288 3970 Continenti
1323 3912 1601 3968 sermone
1653 3917 1851 3984 probat
1891 3916 2030 3970 invi-

341 3985 592 4038 ctissime
633 3985 978 4039 Ratramnus
1009 4003 1066 4040 se
1095 3989 1282 4040 solum
1315 3992 1579 4056 spectare
1600 3987 1752 4056 quod
1781 3987 2028 4040 exterius

339 4062 573 4124 apparet
605 4055 662 4108 in
699 4059 965 4125 mysterio
997 4073 1127 4109 cum
1161 4057 1259 4117 ait,
1293 4073 1498 4126 corpus
1528 4055 1736 4111 Christi
1780 4057 1932 4126 quod
1970 4059 2026 4110 in

344 4126 584 4179 Ecrlesia
615 4127 932 4180 celebratur
981 4127 1141 4178 valde
1202 4126 1428 4180 differre
1486 4127 1554 4178 ab
1588 4144 1654 4179 eo
1696 4128 1844 4196 quod
1875 4129 2026 4181 cruci

343 4197 575 4249 afﬁxum
611 4196 734 4248 fuit.
765 4197 830 4250 Hi
872 4197 1039 4265 paqu
1069 4196 1330 4249 duriores
1373 4197 1658 4250 scribendi
1707 4204 1765 4250 et
1803 4199 2027 4251 dicendi

344 4267 498 4319 modi
523 4266 785 4339 videntur
816 4267 884 4318 iis
910 4267 1007 4339 qui
1039 4267 1335 4320 Butramni
1367 4283 1597 4320 sensum
1648 4285 1758 4320 non
1801 4273 2034 4339 capiunt
2056 4273 2097 4326 Ι)

343 4343 400 4389 et
445 4337 597 4404 quod
621 4338 870 4411 probare
891 4338 1008 4389 vult
1037 4353 1151 4390 non
1172 4345 1573 4411 assequuntur.
1614 4337 1912 4394 Enimvero
1936 4358 2031 4411 pa-

343 4413 424 4479 tet
453 4422 585 4459 eum
611 4410 812 4460 docere
860 4408 965 4460 hoc
1020 4424 1227 4478 corpus
1277 4409 1426 4479 quod
1471 4409 1530 4463 in
1586 4411 1823 4475 Ecclesia
1895 4408 2032 4466 cele-

342 4477 559 4551 bratur,
619 4493 746 4551 esse
794 4479 1145 4551 corruptioni
1205 4477 1536 4543 obnoxium,
1603 4482 1877 4551 temporis
1929 4483 2033 4536 du-

345 4547 555 4600 rationi
601 4551 671 4620 iet
735 4547 997 4602 brevitati
1069 4551 1410 4620 subjectum,
1487 4547 1737 4620 insuper
1778 4553 2030 4617 friabile;

345 4633 475 4688 quas
533 4619 668 4692 solis
713 4621 949 4692 internis
993 4619 1392 4674 aifectibnibus
1438 4619 1742 4676 convenire
1800 4630 2036 4692 possunt
2101 4674 2103 4677 .

345 4693 403 4742 et
433 4689 694 4760 sensibus
718 4690 986 4760 subjectis
1045 4695 1208 4760 panis
1268 4701 1324 4745 et
1372 4693 1490 4746 vini
1549 4689 2029 4760 consecratornm,

344 4775 475 4812 cum
529 4759 715 4829 ipsum
763 4759 969 4830 corpus
1021 4759 1153 4817 Jesu
1207 4763 1416 4818 Christi
1465 4764 1620 4817 cruci
1650 4765 1886 4817 afﬁxam
1916 4759 2032 4818 tam

344 4846 463 4884 non
520 4832 594 4883 sit
648 4832 1001 4902 corruptioni
1053 4839 1152 4888 aut
1203 4835 1454 4903 passiuni
1525 4835 1865 4902 subjectum,
1935 4836 2031 4889 sed

345 4907 648 4976 aeternum,
679 4909 730 4955 et
763 4902 1108 4976 immortale,
1151 4902 1212 4958 et
1234 4905 1572 4976 gloriosum.
1621 4905 1728 4960 Sed
1774 4922 1903 4959 cum
1937 4923 2032 4959 co-

346 4973 652 5046 dcmgloco,
714 4973 925 5027 scilicet
976 4991 1216 5029 numero
1242 4973 1357 5041 ⁷76,
1413 4980 1607 5046 aperte
1659 4977 1922 5029 ostendat
1978 4977 2035 5030 id

345 5044 497 5113 quod
524 5045 778 5098 creditur
807 5047 864 5098 in
900 5046 1170 5113 mysterio
1210 5044 1575 5100 Eucharistite
1609 5046 1835 5100 dilI‘cri-e
1869 5048 1937 5100 ab
1967 5065 2034 5101 eo

345 5114 724 5198 qno‘dgustui
756 5117 1077 5198 subjectum
1105 5122 1324 5198 _est,“et
1371 5123 1747 5198 recognoscat
1793 5119 1846 5172 id
1880 5119 2031 5198 quod

346 5184 596 5258 creditur
616 5201 734 5240 esse
763 5192 1041 5240 aeternum
1066 5193 1122 5241 et
1152 5189 1294 5240 nulli
1314 5184 1667 5258 corruptioni
1698 5184 2032 5252 obnoxium,

347 5255 496 5321 quod
529 5271 660 5308 vero
693 5258 914 5310 videtur
961 5273 1082 5310 esse
1129 5255 1501 5324 corruptione
1537 5264 1593 5312 et
1632 5259 2036 5314 vicissitudinii

348 5326 622 5398 temporis
647 5327 962 5398 subjectum
998 5343 1012 5381 :
1063 5331 1430 5398 consequitur
1474 5330 1835 5398 apertissime
1881 5346 2035 5384 men-

349 5397 465 5470 tem
493 5396 612 5463 cjus
643 5395 812 5470 fuisse
843 5414 1053 5468 corpus
1109 5395 1316 5470 Christi
1357 5395 1734 5470 symb’olicum
1777 5405 1830 5453 et
1886 5403 2030 5470 ﬁgu-

352 5469 556 5542 ratum,
612 5468 768 5534 quod
825 5469 1036 5522 scilicet
1083 5469 1338 5542 sensibut
1388 5468 1713 5542 subjectum
1758 5477 1862 5536 est,
1914 5468 2034 5524 esse

349 5533 645 5591 diversum
707 5553 741 5591 a
787 5555 1026 5611 corpore
1078 5541 1213 5595 Jesu
1274 5533 1695 5614 Christi'quod
1743 5533 2034 5614 corrumpi

2136 3000 2402 3053 dentibus
2433 3000 2826 3053 commolitum
2862 3000 2920 3053 in
2952 3017 3158 3069 corpus
3187 3001 3487 3070 trajicitur.
3525 3001 3628 3056 Sed
3656 3001 3829 3067 faliud

2137 3093 2222 3140 est
2251 3087 2403 3157 quod
2433 3087 2680 3140 exterius
2711 3087 2948 3156 geritur,
2977 3087 3134 3141 aliud
3167 3104 3296 3141 vero
3329 3089 3480 3157 quod
3516 3104 3616 3157 [er
3653 3090 3829 3143 ﬁdem

2137 3176 2435 3229 creditur:
2495 3177 2562 3230 ad
2621 3192 2850 3230 sensum
2910 3177 3059 3247 quod
3121 3177 3369 3247 pertinet
3399 3178 3670 3248 corporis,
3706 3194 3832 3232 coro

2138 3264 2443 3333 ruptibile;
2503 3265 2652 3334 quod
2707 3265 2847 3318 ﬁdes
2899 3282 3030 3318 vero
3113 3265 3313 3330 credit,
3371 3265 3829 3336 incorruptibile.

2138 3355 2162 3394 b
2197 3353 2640 3423 Exteriusigitur
2685 3355 2834 3422 quod
2912 3358 3167 3424 apparet,
3229 3369 3345 3407 non
3399 3360 3482 3407 est
3541 3355 3662 3424 ipsa
3723 3373 3831 3418 res,

2138 3441 2235 3493 sed
2267 3440 2456 3509 imago
2488 3441 2601 3506 rei;
2639 3449 2829 3495 mente
2864 3459 2994 3496 vero
3027 3443 3176 3514 quod
3207 3443 3452 3496 sentitur
3476 3449 3531 3497 et
3565 3444 3837 3514 intelligi-

2139 3533 2248 3595 tur,
2284 3529 2489 3581 veritas
2519 3530 2621 3583 rei.
2783 3587 2793 3594 _
3325 3515 3342 3527 ’

2209 3618 2469 3671 LXXVIII.
2533 3619 2670 3672 Hinc
2731 3619 2928 3673 beatus
2989 3620 3342 3690 Augustinus
3411 3621 3471 3674 in
3540 3622 3832 3692 Evangelii

2137 3790 2418 3847 nusquam
2451 3780 2639 3846 potest
2689 3779 2745 3829 et
2791 3780 3072 3830 aeternum
3113 3781 3216 3844 est,
3275 3777 3430 3847 quod
3489 3777 3744 3831 creditur
3777 3779 3834 3830 in

2137 3845 2406 3914 mysterio
2454 3845 2663 3901 revera
2706 3847 3035 3900 consistere.
3093 3849 3200 3903 Scd
3251 3845 3371 3901 haec
3424 3847 3615 3900 omnia
3689 3849 3831 3902 nihil

2136 3917 2290 3990 aliud
2319 3916 2658 3990 signiﬁcant
2688 3919 2796 3971 nisi
2837 3918 3030 3971 oculos
3077 3920 3266 3973 videre
3319 3920 3574 3990 symbola
3622 3924 3677 3972 et
3708 3937 3836 3987 spe-

2136 3987 2251 4040 cies
2316 3987 2680 4060 Eucharistiaa
2748 3989 3007 4042 sensibus
3071 3987 3369 4060 subjectus,
3445 3990 3616 4042 tidem
3697 4005 3835 4044 vero

2137 4058 2468 4130 conspicere
2533 4075 2620 4111 res
2672 4060 2821 4129 ipsas
2872 4058 3185 4114 existentes
3213 4062 3268 4113 in
3321 4060 3522 4114 eodem
3557 4062 3832 4130 mysterio

2136 4129 2456 4201 reconditas
2495 4135 2552 4201 et
2582 4131 2816 4195 celatas;
2859 4131 3112 4201 symbola
3142 4147 3254 4184 non
3289 4147 3409 4184 esse
3440 4147 3644 4200 corpus
3675 4131 3835 4184 Chri-

2138 4199 2229 4261 sti,
2265 4200 2343 4252 uti
2379 4200 2668 4253 vindicare
2708 4199 3016 4255 studebant
3060 4202 3362 4255 adversarii
3391 4199 3706 4262 Rati-amni,
3741 4218 3833 4255 res

2136 4285 2270 4323 vero
2299 4271 2557 4342 sensibus
2589 4287 2707 4324 non
2734 4273 3035 4342 snhjectas,
3068 4272 3431 4341 incorruptas
3463 4278 3521 4324 et
3563 4279 3832 4337 aeternas,

2145 4357 2287 4414 esse
2315 4341 2502 4414 ipsum
2549 4358 2752 4410 corpus
2803 4341 2997 4414 reapse
3046 4360 3239 4397 verum
3291 4346 3418 4397 Jesu
3480 4342 3687 4414 Christi
3738 4360 3835 4396 se-

2144 4412 2392 4465 cundum
2425 4413 2594 4465 ﬁdem
2626 4412 2913 4467 Ecclesiaf
2937 4416 3227 4469 catholicae
3263 4431 3276 4468 :
3332 4413 3633 4469 Secundum
3685 4416 3835 4468 invi-

2142 4482 2354 4536 sibitem
2412 4483 2795 4547 substantiam,
2855 4485 2916 4537 id
2960 4490 3038 4538 est
3093 4486 3272 4537 divini
3313 4486 3611 4553 potentium
3675 4486 3838 4537 Verbi

2142 4568 2263 4607 vere
2284 4569 2474 4621 corpus
2501 4561 2550 4607 et
2583 4557 2808 4618 sanguis
2840 4555 3043 4611 Christi
3070 4558 3331 4608 existunt.
3363 4585 3431 4594 —
3472 4557 3639 4608 Num.
3671 4556 3760 4607 49.

2213 4634 2234 4658 ³
2261 4625 2320 4677 S.
2344 4627 2533 4698 lgnai.
2577 4628 2734 4694 epist.
2795 4626 2869 4679 ad
2925 4627 3329 4693 Philadelphios
3361 4641 3373 4678 :
3409 4627 3495 4686 Εἰς
3523 4622 3674 4698 ἁρτος
3727 4633 3836 4685 vei;

2143 4699 2302 4745 πᾶσιν
2333 4696 2578 4768 ὁοροφθη.
2645 4699 2793 4751 Unus
2844 4700 3004 4764 panis
3055 4697 3301 4750 omnibus
3348 4701 3426 4750 est
3455 4696 3834 4768 comminutas.

2213 4768 2238 4807 δ
2267 4767 2524 4820 Exiet-ius
2556 4769 2729 4834 igitur
2758 4768 2902 4835 quod
2931 4775 3160 4836 apparet
3190 4783 3294 4820 non
3319 4773 3397 4821 est
3439 4769 3560 4834 ipsa
3606 4767 3714 4829 res,
3743 4767 3839 4820 sed

2146 4837 2322 4901 imago
2347 4840 2454 4905 rei;
2514 4843 2686 4891 mente
2741 4854 2862 4892 vero
2894 4839 3038 4907 quod
3089 4841 3324 4892 sumitur
3381 4843 3430 4891 et
3481 4837 3836 4903 intelligitur,

2142 4910 2342 4978 veritas
2370 4909 2466 4961 rei.
2504 4909 2791 4962 Concinne
2823 4910 3006 4978 magis
3037 4914 3093 4963 et
3121 4915 3383 4962 accurate
3424 4924 3539 4961 non
3569 4909 3721 4960 dotis
3750 4915 3839 4960 est

2144 4977 2463 5045 exprimere
2495 4978 2668 5033 ﬁdem
2723 4977 2999 5044 Ecclesiae,
3059 4997 3187 5048 quae
3241 4996 3339 5032 nos
3393 4978 3556 5031 det-ct
3619 4980 3741 5030 vela
3781 4985 3839 5032 et

2143 5048 2294 5115 quod
2331 5051 2508 5101 oculis
2539 5050 2852 5118 subjectum
2886 5057 2968 5103 est
2998 5050 3052 5102 in
3092 5052 3192 5102 hoc
3227 5051 3492 5118 mysterio
3550 5064 3663 5101 non
3713 5066 3836 5102 esse

2143 5134 2348 5186 corpus
2379 5118 2510 5191 Jesu
2536 5122 2766 5186 Christi,
2799 5121 2952 5191 quod
2986 5121 3108 5190 ipsa
3145 5137 3231 5173 res
3270 5127 3356 5173 est
3385 5135 3515 5190 quae
3563 5120 3680 5191 sub
3699 5121 3838 5172 velis

2144 5196 2200 5241 et
2229 5190 2520 5257 tegetibus
2550 5194 2768 5245 occulta
2797 5189 2901 5244 sibi
2929 5189 3204 5244 annexam
3247 5189 3417 5246 habet
3458 5190 3622 5243 Verbi
3653 5189 3835 5243 divini

2145 5261 2481 5330 potentiam,
2517 5277 2648 5331 quae
2678 5267 2929 5316 animam
2977 5262 3158 5315 nutrit
3205 5267 3260 5315 et
3316 5263 3368 5315 ei
3428 5260 3557 5314 vita:
3601 5267 3835 5314 aeternae

2145 5331 2523 5402 substantiam
2557 5332 2975 5400 subministrat,
3013 5349 3219 5401 nempe
3258 5332 3499 5402 gratiam
3540 5335 3598 5384 et
3646 5333 3836 5384 remis-

2145 5401 2362 5474 sionem
2401 5409 2781 5474 peccatorum,
2817 5409 2877 5456 ut
2901 5405 3248 5474 sazpiusjaln
3270 5401 3498 5458 dictum
3545 5407 3627 5454 est
3661 5419 3835 5474 supra

2146 5472 2219 5525 Eo
2247 5473 2462 5546 quippe
2492 5473 2789 5546 collimant
2814 5472 3010 5529 omnia
3037 5472 3209 5546 supra
3233 5475 3487 5545 exposita
3511 5472 3690 5526 sancti
3721 5478 3834 5527 Au-

2143 5543 2356 5615 gustini
2387 5543 2734 5600 testimonia.
