4164 6182
315 365 403 412 Itil
1438 356 1527 410 DE
1567 356 1894 412 CORPORE
1936 357 2023 411 ΕΤ
2063 355 2412 412 SANGUINE
2455 356 2714 412 DOMINI.

3726 371 3824 422 {6'2

304 495 544 550 Joannis
593 493 962 565 Expositione
1019 495 1200 559 (tract.
1251 492 1420 562 xm),
1476 492 1612 546 dum
1660 493 1728 546 de
1772 509 2011 562 corpore
2041 495 2087 546 Α
2125 509 2358 564 corpus;
2388 499 2536 548 certe
2586 495 2671 550 vel
2714 500 2847 549 tunc
2900 495 3234 567 intelligetis
3288 501 3420 570 quia
3472 504 3657 573 gratia
3700 505 3824 575 ejus

309 585 525 640 Christi
561 585 893 652 Imple-retur
942 587 998 634 et
1044 581 1341 651 sanguine,
1376 582 1453 634 sic
1499 582 1602 635 ait:
1640 601 1666 632 (ι
1714 582 2012 636 Manduca-

309 673 390 726 vit
420 681 480 725 et
530 676 749 741 Moyses
780 687 1008 739 manna,
1043 670 1406 724 manducavit
1435 675 1491 723 et
1528 675 1738 734 Aaron,
1770 672 2013 724 mandu-

312 762 456 815 cavit
505 767 562 814 et
614 761 876 825 Pbiuees,
912 761 1408 814 manducaverunt
1453 758 1530 812 ibi
1563 759 1728 812 multi
1761 761 1859 831 qui
1902 761 2016 814 Deo

312 851 675 922 placuerunt,
709 855 766 902 et
800 849 1011 902 mortui
1066 853 1216 902 sunt.
1263 847 1486 912 Quare?
1542 848 1685 912 Quia
1737 848 2015 902 visibilem

313 941 507 994 cibum
563 937 941 1008 spiritualiter
991 937 1416 997 intellexerunt,
1471 936 1844 1006 spiritualiter
1897 953 2018 990 esu-

315 1029 559 1087 rierunt.
636 1027 1016 1098 spiritualiter
1072 1029 1460 1094 gustavcrunt,
1521 1030 1586 1079 ut
1647 1025 2021 1095 spiritualiter

314 1117 683 1169 satiarentur.
741 1115 878 1169 Nam
912 1119 968 1166 et
1020 1130 1125 1167 nos
1172 1113 1342 1166 hodie
1389 1112 1698 1182 accipimus
1738 1112 2016 1167 visibilem

311 1205 554 1270 cibum;
599 1204 693 1258 sed
737 1202 892 1256 aliud
926 1207 1009 1256 est
1051 1207 1492 1263 sacramentum,
1537 1202 1688 1256 aliud
1724 1201 1899 1255 virtus
1931 1219 2017 1255 sa-

313 1292 614 1346 cramenti.
653 1313 680 1340 ››
711 1292 851 1345 Item
883 1291 942 1343 in
972 1289 1419 1360 posterioribus:
1455 1289 1570 1344 Hic
1605 1296 1682 1343 est
1708 1293 1892 1358 panis,
1925 1292 2022 1358 qui

313 1381 378 1434 de
406 1382 542 1436 caelo
581 1380 856 1434 descendit
895 1379 1068 1448 (Joan.
1106 1395 1179 1444 vr,
1227 1379 1334 1447 59).
1386 1381 1547 1434 Iquc
1589 1395 1797 1448 panem
1841 1379 2020 1448 signi~

314 1469 502 1523 ﬁcavit
553 1485 784 1533 manna,
821 1469 972 1522 hunc
1014 1483 1221 1536 panem
1279 1467 1617 1538 signiﬁcavit
1669 1466 1843 1520 altare
1898 1466 2016 1520 Dei.

314 1558 685 1612 Sacramenta
714 1559 813 1610 illa
854 1557 1126 1621 fuerunt;
1176 1557 1234 1609 in
1280 1555 1459 1625 signis
1507 1555 1724 1608 diversa
1753 1559 1917 1619 sunt;
1965 1555 2021 1608 in

317 1664 374 1700 re
424 1663 555 1716 qum
601 1645 974 1715 signiﬁcatur,
1030 1643 1189 1714 paria
1247 1649 1399 1697 sunt.
1457 1645 1790 1713 Apostolum
1853 1643 2018 1696 audi:

315 1736 448 1789 Nolo
478 1749 572 1787 rus
601 1736 874 1800 ignorare,
923 1736 1145 1798 fratres,
1197 1733 1329 1800 quia
1379 1737 1561 1800 patres
1616 1734 1790 1785 nostri
1846 1747 2022 1785 omnes

315 1823 413 1876 sub
445 1823 587 1876 nube
614 1825 858 1888 fuerunt,
906 1827 954 1874 et
999 1835 1174 1874 omnes
1201 1819 1439 1873 eamdem
1471 1835 1642 1874 escam
1682 1821 2022 1890 spiritualem

316 1913 805 1975 manducaeerunt,
856 1914 905 1963 et
953 1924 1130 1962 omm-s
1178 1909 1418 1962 eumdem
1463 1916 1649 1977 potum
1682 1909 2023 1978 spirituulem

318 1999 568 2053 biberunt
605 1998 660 2068 (Ι
707 2001 836 2052 Cor.
870 2014 922 2065 Χ,
961 1999 1100 2066 1-4).
1157 1997 1526 2067 Spiritualem
1585 1997 1803 2067 utique,
1873 2013 2019 2050 eam-

317 2090 482 2155 dem;
518 2104 634 2142 non
657 2088 1012 2156 corporalem
1047 2090 1326 2150 alterum;
1363 2087 1496 2156 quia
1537 2086 1620 2139 illi
1656 2101 1884 2152 manna,
1919 2103 2023 2139 nos

317 2178 886 2247 aliudzspiritnalem
911 2191 1066 2243 vero,
1097 2191 1268 2246 quam
1299 2191 1420 2228 nos.
1455 2175 1521 2227 Et
1561 2175 1860 2245 adjungit:
1896 2197 1921 2223 ‹‹
1963 2178 2025 2228 Et

317 2283 498 2322 omnes
528 2267 771 2320 eumdem
798 2272 981 2334 potum
1029 2266 1373 2333 spiritualem
1414 2263 1680 2318 biberunt.
1718 2263 1884 2318 Aliud
1919 2265 2019 2330 illi,

317 2359 471 2410 aliud
525 2371 649 2420 nos,
713 2355 809 2406 sed
869 2355 1055 2424 specie
1116 2352 1373 2405 visiluli:
1435 2352 1589 2422 quod
1651 2358 1844 2406 tamen
1917 2353 2024 2406 hoc

317 2446 465 2500 idem
502 2443 848 2514 signiﬁcaret
894 2444 1102 2494 virtute
1155 2441 1458 2511 spirituali.
1504 2441 1798 2505 Quomodo
1844 2443 2021 2506 enim,

319 2533 561 2588 eumdem
615 2531 848 2602 potum?
899 2531 1182 2597 Bibebant,
1245 2529 1453 2599 inquit,
1503 2529 1568 2584 de
1615 2530 1897 2598 Spirituali
1936 2545 2021 2584 se-

318 2627 506 2694 quenti
549 2638 644 2694 .cos
690 2627 882 2691 petra:
931 2627 1091 2690 petra
1148 2625 1328 2673 autem
1377 2625 1494 2672 erat
1551 2619 1827 2674 Christus.
1887 2619 2023 2672 lude

319 2712 486 2783 panis
530 2711 679 2764 unde
730 2716 916 2780 potus.
973 2710 1133 2761 Petra
1166 2707 1418 2761 Christus
1451 2708 1511 2760 in
1559 2708 1810 2776 signum,
1859 2722 2023 2760 verus

320 2801 582 2856 Christus
614 2799 674 2851 in
707 2798 884 2852 Verbo
917 2802 974 2850 et
1008 2797 1065 2849 in
1094 2812 1280 2849 carne.
1323 2818 1344 2843 ι

394 2889 622 2944 LXXIX.
660 2909 686 2936 ‹‹
725 2887 893 2941 Item:
933 2885 1048 2939 Hic
1087 2891 1165 2939 est
1201 2887 1364 2954 panis
1403 2887 1468 2938 de
1507 2885 1637 2939 caelo
1670 2883 2017 2938 descendens:

320 2984 382 3031 ut
411 2979 462 3031 si
490 2979 616 3045 quis
646 2992 714 3029 ea:
753 2977 870 3044 ipso
907 2974 1338 3037 manducauerit,
1388 2989 1492 3027 non
1535 2975 1820 3027 moriatur.
1852 2994 1880 3021 η
1914 2973 2019 3027 Sed

2123 597 2237 635 non
2290 583 2645 636 consumitur
2695 585 3004 649 morsibus;
3057 592 3112 638 et
3160 587 3283 641 ait:
3322 589 3564 658 Spiritus
3597 598 3685 648 est
3725 596 3822 662 qui

2121 673 2378 740 viviﬁcat,
2399 687 2523 726 caro
2548 688 2651 725 non
2675 672 2892 739 prodest
2926 673 3113 742 (Ibid.,
3137 676 3249 742 64).

2197 759 2410 814 LXXXI.
2472 761 2534 813 Et
2585 761 2847 830 pluribus
2895 761 3272 831 interpositis,
3332 779 3531 818 rursus
3588 767 3818 836 adjicit;

2125 847 2383 917 Quisquis
2459 854 2656 909 autem,
2713 849 2901 920 inquit
2955 850 3102 902 idem
3167 853 3494 920 Apostolus,
3551 855 3818 923 Spiritum

2125 937 2332 992 Christi
2385 952 2490 989 uon
2541 937 2699 990 habet
2761 938 2848 990 hic
2904 955 3009 992 non
3066 945 3142 992 est
3192 942 3306 1008 ejus
3375 941 3555 1008 (Rom.
3613 959 3688 1010 γι,
3745 947 3818 1008 9).

2125 1025 2365 1092 Spiritus
2423 1040 2547 1092 ergo
2593 1031 2671 1079 est
2718 1029 2814 1093 qui
2859 1030 3132 1094 uiviﬁcat:
3177 1043 3302 1082 caro
3350 1036 3527 1084 autem
3556 1046 3661 1084 non
3691 1047 3818 1100 pro-

2126 1113 2243 1167 dest
2298 1113 2615 1182 quidquam.
2687 1115 2854 1169 Verba
2912 1131 3030 1183 qua?
3078 1132 3171 1180 ego
3227 1117 3430 1171 locutus
3479 1134 3595 1172 sum
3647 1120 3820 1188 vobis,

2125 1204 2356 1268 spiritus
2401 1208 2449 1254 et
2483 1205 2596 1254 vita
2625 1209 2751 1255 sunt
2782 1202 2961 1271 (Joan.
2997 1219 3070 1270 Vl,
3116 1206 3224 1273 64).
3257 1205 3405 1268 Quid
3449 1212 3552 1272 est,
3588 1209 3819 1275 spiritus

2126 1295 2176 1344 et
2205 1295 2317 1344 vita
2364 1291 2537 1345 sunt?
2581 1291 2965 1361 Spiritualiter
3011 1293 3385 1364 intelligenda
3442 1301 3592 1348 sunt.
3646 1296 3816 1348 Intel-

2130 1379 2311 1432 Iexisti
2343 1379 2735 1450 spiritualiter,
2772 1381 3009 1451 spiritus
3052 1389 3108 1435 et
3137 1382 3251 1436 vita
3291 1388 3450 1438 sunt.
3489 1383 3826 1437 Intellexisti

2129 1467 2453 1535 carnaliter,
2499 1468 2671 1522 etiam
2713 1469 2942 1539 spiritus
2983 1475 3038 1523 et
3075 1470 3192 1524 vita
3230 1476 3384 1538 sunt,
3427 1472 3523 1526 sed
3565 1471 3669 1525 tibi
3709 1488 3823 1526 non

2131 1561 2283 1609 sunt.

2210 1646 2452 1700 LXXXII.
2512 1646 2692 1716 IIujus
2735 1648 3069 1700 auctoritate
3101 1648 3346 1701 doctoris
3376 1648 3546 1702 verba
3597 1648 3825 1702 Domini

2135 1735 2427 1786 tractantis
2477 1733 2545 1787 de
2600 1741 2954 1788 sacramento
3001 1735 3089 1788 sui
3129 1736 3385 1806 corporis
3415 1743 3470 1790 et
3509 1737 3824 1804 sanguinis,

2135 1821 2433 1875 manifeste
2462 1821 2753 1888 docemur,
2781 1823 2934 1892 quod
2969 1823 3064 1876 illa
3095 1823 3264 1876 verba
3303 1825 3527 1878 Domini
3558 1825 3824 1895 spiritua-

2131 1911 2264 1965 Iiter
2294 1915 2349 1963 et
2382 1927 2497 1963 non
2529 1910 2834 1964 carnaliter
2883 1910 3259 1979 intelligenda
3290 1917 3421 1965 sunt
3449 1929 3461 1977 ;
3518 1912 3662 1965 sicut
3708 1913 3828 1982 ipse

2133 1999 2248 2052 ait:
2291 1999 2462 2052 Verba
2501 2014 2618 2067 quae
2647 2014 2741 2066 ego
2771 1999 2958 2067 loquor
2985 2001 3154 2066 vobis,
3189 2003 3419 2068 spiritus
3451 2005 3501 2054 et
3532 2003 3649 2054 vita
3679 2008 3822 2054 sunt.

2133 2085 2311 2139 Verba
2354 2087 2550 2156 utique
2597 2087 2665 2139 de
2713 2102 2816 2139 sua
2861 2103 3031 2140 carne
3063 2087 3479 2154 manducanda,
3534 2094 3590 2141 ct
3623 2088 3690 2140 de
3723 2104 3826 2140 suo

2132 2174 2416 2242 sanguine
2441 2174 2710 2228 bibendo.
2749 2173 2887 2228 Inde
2916 2174 3068 2227 enim
3104 2175 3445 2244 loquebatur
3476 2176 3625 2229 unde
3655 2175 3823 2229 disci-

2131 2263 2252 2332 puli
2303 2262 2528 2314 Iuerant.
2575 2261 2958 2316 scandalizati.
3000 2263 3143 2330 Ergo
3204 2268 3263 2316 ut
3320 2279 3436 2316 non
3485 2263 3829 2316 scandaliza-

2133 2356 2330 2404 rentur
2363 2357 2590 2404 revocat
2619 2367 2718 2404 eos
2750 2351 2979 2406 divinus
3008 2351 3274 2420 Magister
3322 2351 3392 2404 de
3421 2368 3590 2406 carne
3620 2353 3691 2406 ad
3725 2355 3831 2424 spi-

2131 2439 2329 2504 ritum,
2365 2439 2433 2493 de
2483 2454 2760 2510 corporea
2806 2439 3024 2492 visione
3055 2439 3126 2493 ad
3159 2439 3596 2510 intelligentiam
3629 2441 3824 2497 invisi-

2131 2528 2326 2583 bilem.

2204 2616 2472 2671 LXXXIII.
2532 2625 2553 2650 ³
2612 2615 2878 2669 Videmus
2959 2631 3133 2686 ergo:
3215 2631 3340 2669 esca
3404 2616 3500 2670 illa
3570 2620 3826 2689 corporis

2135 2703 2381 2769 Domini,
2415 2709 2472 2758 et
2511 2708 2679 2774 potus
2709 2703 2804 2757 ille
2835 2705 3131 2774 sanguinis
3159 2704 3301 2773 ejus,
3335 2705 3651 2759 secundum
3686 2708 3819 2776 quid

2131 2808 2261 2846 vere
2292 2809 2499 2862 corpus
2528 2792 2652 2861 ejus
2681 2797 2740 2846 et
2769 2808 2897 2845 vere
2926 2792 3161 2861 sanguis
3189 2793 3332 2861 ejus,
3361 2793 3629 2862 existunt,
3669 2795 3824 2850 vide-

2131 2880 2264 2934 licet
2294 2880 2606 2934 secuudum
2631 2879 2784 2950 quod
2815 2879 3049 2950 spiritus
3076 2884 3134 2932 et
3164 2878 3276 2932 vita
3307 2886 3459 2934 sunt.

2204 2968 2466 3024 LXXXIV.
2520 2969 2680 3034 Item,
2741 2984 2868 3038 qute.
2915 2968 3065 3022 idem
3125 2972 3275 3035 sunt,
3329 2984 3442 3022 una
3497 2968 3828 3025 deﬁnitione

326 3066 480 3136 quod
547 3065 797 3136 pertinet
853 3064 922 3116 ad
976 3062 1243 3115 virtutem
1289 3061 1649 3124 sacramenti,
1700 3076 1813 3114 non
1867 3060 2018 3131 quod
2055 3085 2095 3139 ρ
2133 3056 2718 3126 comprehenduntur.
2776 3057 2853 3110 De
2894 3072 3028 3108 vero
3078 3071 3315 3126 corpore
3370 3057 3577 3111 Christi
3620 3058 3830 3114 dicitur

324 3154 578 3225 pertinet
634 3153 700 3206 ad
769 3151 989 3204 visibile
1047 3154 1512 3213 sacramentum;
1571 3148 1670 3219 qui
1717 3147 2024 3201 manducat

327 3244 502 3309 intus,
537 3257 654 3296 non
705 3241 883 3305 foris;
932 3238 1032 3309 qui
1065 3238 1374 3291 manducat
1422 3237 1480 3290 in
1520 3237 1708 3303 corde,
1755 3251 1870 3290 non
1922 3235 2023 3306 qui

324 3330 532 3402 premit
565 3329 752 3382 dente.
790 3348 815 3378 ι)
1319 3395 1325 3401 .

397 3419 590 3474 LXXX.
667 3419 808 3470 Item
868 3416 926 3469 in
995 3413 1408 3485 posterioribus
1468 3412 1639 3466 verba
1715 3413 2022 3467 Salvatoris

324 3508 716 3571 introducens,
777 3507 852 3559 ita
920 3504 1094 3559 dicit:
1157 3505 1264 3558 Hoc
1327 3517 1419 3557 vos
1471 3502 1832 3566 scandalizat,
1891 3505 2023 3570 quia

322 3597 487 3650 dixi:
524 3599 747 3652 Carnem
790 3610 961 3648 meam
1008 3593 1076 3646 do
1123 3593 1270 3646 vobis
1327 3591 1676 3656 manducare,
1723 3597 1772 3645 et
1802 3594 2021 3659 sangui-

321 3703 439 3740 nem
498 3702 672 3739 meum
726 3685 951 3738 bibere?
997 3684 1062 3736 Si
1110 3698 1235 3748 ergo
1275 3681 1522 3734 videritis
1559 3682 1741 3746 lilium
1790 3679 2023 3733 hominis

321 3774 693 3830 ascendentem
734 3773 830 3826 ubi
869 3777 985 3825 erat
1012 3773 1168 3838 prius
1189 3772 1216 3822 ?
1246 3771 1429 3834 (Joan.
1479 3785 1551 3826 γι,
1600 3771 1686 3828 62,
1732 3769 1843 3837 63.)
1876 3767 2021 3831 Quid

323 3869 406 3918 est
441 3865 545 3917 hoc
566 3863 595 3915 ?
629 3861 768 3916 Ilinc
800 3859 969 3913 solvit
996 3859 1146 3929 quod
1180 3857 1305 3910 illos
1330 3862 1603 3918 moverat,
1635 3856 1768 3909 hinc
1798 3855 2025 3924 aperuit

323 3953 477 4008 unde
527 3953 753 4006 fuerant
801 3947 1189 4002 scandalizati.
1250 3946 1334 4000 Illi
1383 3947 1536 4000 enim
1583 3944 1863 4015 putabant
1892 3960 2022 3997 eum

331 4047 697 4112 erogaturum
737 4055 945 4107 corpus
975 4052 1179 4090 suum:
1215 4036 1309 4090 ille
1347 4041 1534 4088 autem
1568 4032 1706 4088 dixit
1738 4049 1796 4086 se
1825 4047 2023 4086 ascen-

331 4147 528 4184 surum
579 4130 638 4183 in
702 4129 905 4181 malum
955 4126 1156 4196 utique
1212 4125 1542 4194 integrum:
1595 4125 1723 4178 Cum
1775 4121 2023 4176 videritis

327 4220 506 4292 ﬁlium
553 4219 783 4272 hominis
813 4215 1180 4270 ascendentem
1222 4214 1317 4267 ubi
1346 4219 1463 4266 erat
1498 4214 1673 4281 prius.
1727 4211 1890 4265 Certe
1938 4211 2021 4263 vel

328 4315 464 4364 tunc
493 4306 782 4371 videbitis,
830 4304 967 4376 quia
997 4321 1113 4358 non
1144 4320 1210 4358 eo
1244 4302 1409 4356 modo
1440 4317 1554 4372 quo
1584 4299 1795 4370 putatis
1826 4303 2026 4368 erogat

406 4503 660 4555 Videmus
709 4515 853 4567 ergo,
910 4505 1016 4551 etc.
1078 4497 1133 4550 Id
1186 4501 1268 4549 est
1317 4511 1432 4548 non
1479 4509 1545 4567 eo
1595 4493 1776 4567 modo
1811 4491 2025 4544 carnali

329 4589 444 4642 quo
504 4565 1002 4624 sumuntucescm
1077 4568 1364 4622 ordinaria
1422 4565 1631 4637 quibus
1699 4565 1916 4618 utimur
1972 4567 2027 4615 et

374 4651 520 4696 otus.

425 4686 428 4688 ,
478 4661 500 4684 ς

328 4659 588 4766 pugilem
618 4718 795 4765 autem
843 4711 971 4763 dum
1019 4725 1236 4778 corpore
1267 4709 1481 4761 Christi
1510 4705 1657 4778 quod
1687 4707 1742 4758 in
1777 4706 2027 4778 Ecclesia

327 4801 426 4854 per
453 4787 769 4849 mysterium
808 4785 1019 4848 geritur
1047 4776 1158 4854 dici
1195 4781 1298 4834 no'n
1324 4783 1574 4854 possunt:
1606 4777 1661 4829 Id
1695 4783 1811 4854 est,_
1919 4792 2022 4854 _eo.

329 4846 480 4920 quod
510 4846 789 4906 'exterins
813 4846 826 4848 “
857 4851 1194 4922 exprimitur
1269 4846 1364 4922 eti
1407 4848 1666 4922 sensibus
1717 4846 2028 4922 subjicitur

332 4917 461 4980 Ilaec
515 4931 597 4977 est
647 4925 801 4976 enim
865 4917 1026 4976 mens
1079 4921 1370 4976 Itatramni
1421 4935 1523 4972 nec
1581 4917 1731 4971 aliud
1783 4917 2026 4988 probare

328 4997 524 5048 animo
565 4995 832 5058 intendit,
887 5001 951 5046 ut
1003 4999 1152 5059 patet
1186 5008 1247 5044 ex
1283 4993 1367 5044 his
1403 4989 1884 5059 consequentibus
1909 5003 2028 5059 ver-

331 5068 416 5120 bi:
476 5067 648 5135 hujus
706 5065 935 5118 numeri
967 5058 1062 5118 3&8:
1123 5066 1243 5116 Dici
1295 5058 1677 5135 nonrpussunt
1736 5058 2026 5135 secundum

329 5131 616 5205 quemdam
679 5136 893 5188 modum
958 5149 1148 5204 corpus
1215 5134 1420 5189 Christi
1484 5147 1593 5186 esse
1650 5131 2024 5205 cognoscitur;

327 5202 378 5260 Et
402 5207 589 5260 modus
620 5209 720 5259 iste
749 5210 803 5259 in
841 5206 1026 5276 ﬁgura
1048 5202 1130 5259 est
1159 5210 1208 5258 et
1248 5205 1485 5264 imagine
1523 5207 1582 5255 ut
1616 5205 1816 5254 veritas
1847 5202 2028 5268 reipsa

326 5281 613 5330 multiatur.

402 5358 419 5382 τ
451 5351 652 5413 Pignus
691 5351 901 5400 arteriam
941 5348 1067 5399 vita:
1105 5345 1396 5411 capientes,
1419 5341 1864 5413 _etc._rlnterpres
1896 5355 2028 5413 _ver_-

331 5409 588 5477 nuculus,
635 5418 732 5486 qui
764 5419 830 5470 de
889 5418 1098 5470 Latinis
1150 5409 1490 5486 Iimc_v_erba
1543 5409 1748 5486 Gallice
1802 5411 2029 5486 scripsit

330 5490 583 5543 deterius
635 5478 785 5541 anno
822 5491 991 5541 1672:
1036 5483 1301 5540 Recevant
1343 5478 1388 5527 le
1415 5496 1550 5546 page
1579 5481 1642 5532 de
1685 5483 1737 5534 la
1769 5484 1852 5534 rie
1889 5478 2023 5533 eler-

329 5561 482 5626 nelle,
514 5575 648 5613 nous
679 5566 726 5611 te
744 5561 1025 5628 suppl-imis
1067 5554 1131 5608 de
1177 5547 1495 5628 nou8_[aii~e
1525 5552 1762 5628 la‘grace
1801 5552 1865 5628 de
1893 5566 2025 5620 par-

330 5616 524 5698 ticiper
574 5616 874 5684 réellemeiit
931 5632 962 5680 ti
1013 5642 1070 5680 ce
1123 5631 1226 5688 que
1277 5616 1427 5666 "0W
1482 5616 1627 5674 main
1685 5623 1850 5687 recoit
1893 5616 2028 5674 'sous

2135 3146 2284 3214 quod
2315 3144 2388 3196 sit
2429 3160 2594 3197 verus
2645 3145 2792 3196 Deus
2840 3149 2896 3196 et
2935 3159 3106 3196 verus
3154 3146 3358 3196 homo:
3411 3146 3578 3213 Deus,
3628 3147 3726 3216 qui
3761 3163 3828 3200 ex

2136 3234 2249 3286 Deo
2281 3233 2444 3286 Patre
2476 3238 2606 3284 ante
2650 3230 2857 3284 saecula
2886 3237 3090 3298 natus;
3127 3233 3320 3296 homo,
3355 3233 3451 3301 qui
3490 3233 3547 3285 in
3583 3233 3698 3286 ﬁne
3723 3251 3828 3286 sa:-

2131 3321 2242 3374 culi
2275 3337 2338 3374 ex
2407 3319 2578 3374 Maria
2627 3319 2845 3388 virgine
2896 3317 3143 3389 genitus.
3195 3319 3219 3360 b
3272 3319 3400 3371 Ilaec
3449 3325 3640 3373 autem
3688 3321 3825 3374 dum

2132 3410 2201 3462 de
2234 3425 2472 3479 corpore
2508 3407 2712 3462 Christi
2761 3407 2911 3478 quod
2949 3407 3006 3460 in
3051 3407 3294 3460 Ecclesia
3351 3422 3452 3476 per
3486 3407 3821 3477 mysterium

2132 3499 2350 3567 geritur
2380 3497 2492 3552 dici
2521 3513 2637 3550 non
2687 3502 2948 3567 possunt,
2997 3496 3314 3550 secundum
3361 3496 3675 3566 quemdam
3706 3511 3825 3549 mo-

2131 3588 2266 3641 dum
2317 3603 2526 3657 corpus
2558 3585 2761 3640 Christi
2790 3601 2912 3638 esse
2967 3585 3366 3655 cognoscitur;
3399 3589 3456 3638 et
3490 3583 3693 3638 modus
3721 3583 3826 3638 iste

2133 3677 2192 3730 in
2236 3676 2420 3747 ﬁgura
2459 3679 2543 3729 est
2589 3679 2646 3728 et
2695 3674 2968 3744 imagine,
3017 3679 3081 3728 ut
3127 3674 3332 3726 veritas
3386 3689 3476 3727 res
3527 3673 3650 3744 ipsa
3698 3688 3825 3727 sen-

2132 3766 2326 3818 tiatur.

2204 3853 2436 3908 LXXXV.
2472 3853 2530 3906 In
2586 3850 2943 3904 orationibus
2986 3864 3115 3918 quae
3166 3853 3296 3919 post
3335 3848 3669 3919 mysterium
3700 3863 3826 3901 cor—

2135 3941 2286 4014 poris
2318 3940 2726 4010 sauguinisque
2758 3937 2966 3992 Christi
3011 3937 3302 4003 dicuntur,
3337 3942 3389 3990 et
3420 3953 3452 3990 a
3483 3938 3696 4006 populo
3730 3953 3823 3991 re—

2133 4031 2469 4102 spondetur,
2539 4029 2746 4091 Amen;
2831 4027 2910 4080 sic
2980 4025 3286 4079 sacerdotis
3362 4041 3498 4078 voce
3579 4024 3822 4080 dicitur:

2133 4130 2153 4153 ⁸
2212 4121 2419 4191 Pignus
2469 4123 2679 4172 aeterna:
2731 4118 2854 4169 vita
2917 4117 3184 4183 capientes
3243 4115 3517 4168 humiliter
3565 4114 3826 4182 implora-

2134 4225 2250 4264 mus
2281 4214 2341 4263 ut
2392 4207 2536 4276 quod
2576 4208 2633 4259 in
2668 4207 2907 4270 imagine
2935 4205 3294 4269 contingimus
3342 4204 3690 4270 sacramenti,
3718 4218 3830 4256 ma-

2132 4302 2335 4366 nifesta
2371 4297 2796 4366 participatione
2823 4307 3116 4347 sumamus.

2135 4492 2352 4555 l'image
2395 4489 2470 4542 du
2508 4490 2821 4542 sacrement.
2881 4487 3083 4538 PIGNUS
3115 4488 3348 4555 iwtemae
3383 4486 3509 4536 vitae
3537 4486 3826 4550 capientes.

2135 4554 2505 4630 supplicamus
2542 4563 2601 4610 ut
2630 4573 2690 4610 ea
2736 4558 2921 4624 gratia
2950 4570 3045 4608 nos
3089 4554 3287 4630 donari
3336 4556 3468 4607 retis
3501 4571 3610 4622 qua
3649 4559 3824 4630 parti-

2135 4627 2370 4700 cipemus
2427 4643 2689 4683 REALITER
2732 4641 2970 4700 eaAquae
3025 4628 3220 4700 recipit
3270 4639 3460 4700 manus
3506 4629 3693 4700 nostra
3730 4627 3827 4678 sub

2136 4696 2374 4767 imagine
2412 4699 2756 4753 sacramenti.
2798 4696 3183 4760 Quamobrem
3225 4696 3534 4767 appellans
3563 4696 3826 4767 animum

2137 4780 2200 4827 ut
2232 4765 2337 4825 hoc
2364 4769 2700 4824 vocabulum
2735 4769 3029 4833 manifesta
3059 4767 3385 4836 explicaret,
3410 4765 3627 4819 addidit
3657 4781 3826 4833 supra

2137 4843 2466 4896 asteriscum
2501 4845 2555 4892 et
2601 4855 2630 4892 e
2663 4839 2894 4908 regione
2946 4838 3003 4890 in
3039 4837 3296 4906 margine
3327 4837 3452 4890 libri
3481 4837 3626 4889 hanc
3657 4839 3826 4908 notu-

2137 4915 2272 4976 Iam,
2307 4913 2365 4965 id
2412 4917 2489 4966 est
2536 4902 2774 4964 realiter.
2827 4909 2944 4976 Ego
2975 4924 3108 4960 vero
3139 4902 3383 4962 defendo
3416 4911 3561 4960 hanc
3595 4921 3715 4957 esse
3747 4902 3826 4956 di-

2137 4985 2385 5038 lucidam
2437 4987 2622 5035 textus
2673 4980 2844 5048 hujus
2895 4979 3167 5032 orationis
3229 4979 3606 5046 corruptelam
3653 4987 3824 5042 quam

2136 5054 2478 5126 prodidit_eo
2511 5052 2613 5126 loci
2649 5051 3024 5126 Batramnus._
3100 5119 3132 5126 __
3299 5117 3333 5126 __
3378 5115 3410 5126 η
3708 5111 3718 5121 ⁸

2213 5131 2266 5178 to
2309 5124 2450 5188 Quia
2484 5124 2643 5176 nullo
2691 5127 2777 5193 est
2807 5119 3166 5190 antiquitatis
3214 5115 3501 5170 codicibus
3544 5115 3824 5193 esscripto

2138 5183 2404 5248 sermone
2437 5192 2712 5247 vindicari
2744 5197 2924 5260 potes!
2947 5183 3129 5244 'hauc
3168 5201 3358 5260 vocem
3410 5183 3703 5260 manifesta
3731 5199 3824 5260 as-

2137 5273 2424 5336 sumplam
2457 5280 2572 5319 non
2623 5256 2794 5316 fuisse
2826 5263 2892 5314 ad
2924 5258 3358 5336 signiﬁcandam
3407 5256 3617 5333 claram
3665 5259 3822 5322 pate-

2137 5329 2443 5390 factibnem
2502 5351 2601 5389 seu
2656 5339 2913 5404 apertam
2981 5329 3371 5400 cognitionem
3434 5329 3825 5395 cujuscunque

2137 5407 2363 5461 obiecti.

2207 5424 2444 5531 gul‘ltec
2475 5475 2656 5529 oratio
2707 5473 2986 5541 exscripta
3030 5471 3118 5541 est
3167 5483 3233 5520 ex
3273 5464 3826 5541 codice_Sacram_en7

2137 5549 2281 5602 tario
2321 5547 2504 5602 Gelasi
2537 5562 2719 5616 papae,
2755 5537 2943 5616 lib:_ii,
2979 5540 3045 5616 ad
3072 5537 3668 5616 postcopniutiionem
3700 5537 3826 5591 festi

2137 5624 2347 5673 octavm
2391 5608 2780 5688 apostolorum
2829 5612 2921 5666 SS.
2981 5608 3132 5663 Petri
3163 5614 3220 5663 et
3254 5609 3412 5663 Pauli
3450 5625 3620 5680 quem
3683 5622 3824 5678 pau-
