4130 6184
390 284 485 336 163

1535 269 1894 326 RATRAMNI
1937 269 2393 324 CORBEIENSIS
2427 266 2735 322 MONACIII

3784 265 3881 315 16-1

458 416 716 471 LXXXVI.
759 415 826 468 Et
873 413 1080 483 pignus
1134 408 1286 462 enim
1339 413 1396 462 et
1447 407 1660 475 imago,
1708 388 1940 460 alterius
1991 406 2072 459 rei
2103 407 2146 460 Α
2185 409 2456 475 tanquam
2511 404 2721 473 imago.
2786 401 3003 455 Veritas
3059 416 3191 454 vero
3251 401 3378 467 erit,
3439 417 3566 454 cum
3615 399 3734 470 jam
3775 415 3881 452 nec

389 511 540 569 sunt,
587 504 641 557 id
675 509 757 555 est
806 517 920 554 non
974 499 1044 552 ad
1103 514 1183 562 se,
1238 497 1335 551 sed
1367 498 1434 552 ad
1466 496 1618 550 aliud
1650 495 1951 566 aspiciunt.
1988 495 2076 549 Pi-

389 610 534 661 gnus
573 591 725 644 enim
775 588 929 642 illius
978 587 1060 640 rei
1109 592 1192 639 est
1238 602 1342 656 pro
1403 601 1516 656 qua
1557 585 1836 649 donatur;
1887 583 2078 653 imago

387 681 536 734 illius
568 680 726 747 cujus
757 675 1196 730 similitudinem
1249 674 1517 728 ostendit.
1552 673 1892 742 Significant
1922 673 2073 725 enim

387 769 491 820 ista
565 782 682 818 rem
754 766 916 833 cujus
992 767 1144 827 sunt,
1216 777 1331 814 non
1392 761 1691 814 manifeste
1747 761 2076 814 ostendunt.

389 854 602 918 “Quod
663 869 790 906 cum
850 851 930 905 ita
989 856 1090 916 est,
1149 855 1388 919 apparet
1441 849 1588 920 quod
1633 849 1738 902 hoc
1793 864 1997 918 corpus
2027 852 2083 900 et

389 943 624 1012 sanguis
670 942 878 1012 pignus
934 945 991 992 et
1030 939 1220 1008 imago
1273 937 1353 991 rei
1401 943 1534 991 sunt
1561 939 1801 1003 futurae;
1838 943 1898 989 ut
1931 936 2079 1006 quod

389 1047 544 1086 nunc
595 1046 697 1100 per
750 1027 1184 1082 similitudinem
1243 1027 1580 1093 ostenditur,
1633 1026 1692 1079 in
1748 1025 1944 1078 futuro
1984 1040 2084 1094 per

390 1117 913 1173 manifestationem
982 1117 1285 1169 reveletur.
1341 1114 1506 1179 Quod
1564 1113 1610 1167 si
1663 1129 1815 1168 nunc
1863 1114 2082 1183 signifi-

391 1211 539 1272 cant,
587 1206 644 1259 in
690 1205 881 1260 futuro
938 1210 1131 1258 autem
1177 1204 1541 1274 patefacient,
1593 1203 1747 1256 aliud
1808 1208 1894 1255 est
1932 1202 2082 1272 quod

393 1310 544 1347 nunc
611 1294 848 1363 geritur,
911 1293 1064 1346 aliud
1141 1292 1294 1363 quod
1356 1291 1417 1346 in
1483 1292 1673 1345 futuro
1749 1289 2084 1344 manifesta-

394 1383 510 1437 bitu
522 1397 564 1434 r.

464 1470 753 1526 LXXXVII.
811 1470 932 1534 Qua
991 1469 1060 1523 de
1119 1485 1178 1522 re
1227 1475 1282 1522 et
1340 1485 1545 1538 corpus
1582 1467 1791 1521 Christi
1843 1473 1897 1522 et
1955 1485 2082 1521 san-

392 1559 520 1630 guis
551 1567 636 1613 est
666 1559 818 1630 quod
842 1556 1088 1611 Ecclesia
1119 1558 1382 1622 celebrat,
1416 1557 1510 1611 sed
1545 1561 1818 1627 tanquam
1853 1556 2081 1626 pignus,

391 1718 470 1771 cis
510 1715 716 1770 abhinc
766 1715 930 1768 annis
973 1714 1119 1782 juris
1165 1714 1376 1784 publici
1425 1713 1557 1767 fecit
1599 1714 1793 1767 Romae
1836 1712 2086 1784 Angelus

392 1787 649 1844 Bernaho
681 1802 831 1839 anno
870 1789 1024 1849 1680,
1066 1800 1133 1837 ex
1165 1783 1358 1838 codice
1400 1785 1786 1854 manuscripto
1820 1783 2083 1836 illustris-

394 1859 523 1912 simi
554 1858 660 1910 viri
691 1857 998 1910 Alexandri
1031 1856 1262 1918 Petavii,
1296 1855 1684 1923 augustissimi
1716 1859 1944 1908 senatus
1978 1855 2086 1907 Pa-

392 1930 650 1982 risiensis
691 1927 1024 1992 consiliarii,
1055 1926 1175 1996 jam
1210 1943 1341 1978 vero
1377 1927 1752 1979 serenissima:
1788 1925 2084 1979 Cliristium

389 2001 701 2054 Suecorum
749 2000 966 2066 regina:
1018 1998 1319 2064 nongentis
1368 1997 1575 2049 abhinc
1622 1996 1788 2048 annis
1835 2004 2084 2060 exarato,

391 2087 454 2124 ex
489 2075 678 2123 mente
710 2067 1023 2120 doctissimi
1052 2067 1288 2120 Joannis
1319 2067 1541 2132 Morini,
1575 2066 1815 2120 Oratorii
1860 2067 1923 2118 D.
1955 2067 2083 2119 Josu

393 2141 572 2194 Patris
626 2139 1042 2208 presbyteriin
1093 2138 1369 2208 execr-ptis
1402 2138 1756 2208 expantiquo
1799 2136 2079 2208 Pmuiten-

391 2210 536 2273 tiali,
596 2205 728 2278 pag.
785 2211 871 2260 52.
940 2205 1205 2278 Eamdem
1255 2206 1595 2278 sententiam
1631 2207 2089 2278 amplexusvest

394 2276 755 2333 doctissimus
816 2277 1094 2346 Iosephus
1151 2277 1321 2330 Maria
1373 2277 1711 2330 Thomasius
1766 2293 1830 2329 ex
1888 2276 2086 2329 ordine

391 2349 819 2413 Theatinorum,
871 2349 928 2399 in
985 2363 1156 2416 quem
1198 2347 1406 2414 gratias
1454 2347 1834 2416 amplissimas
1879 2348 2087 2400 referre

391 2426 619 2474 tenetur
648 2417 968 2487 respublica
1000 2419 1275 2470 litteraria
1315 2419 1387 2470 ob
1431 2418 1684 2487 ejusdem
1730 2417 1937 2471 codicis
1967 2418 2086 2471 edi-

392 2491 637 2556 tionem,
687 2490 786 2559 qui
835 2489 1043 2556 Iibror,
1091 2505 1220 2557 pag.
1269 2492 1335 2542 27
1367 2494 1422 2541 et
1470 2489 1556 2551 34,
1606 2505 1711 2541 nos
1745 2490 1908 2542 docet
1943 2489 2088 2542 hanc

394 2562 711 2615 orationem
745 2560 812 2613 ad
849 2560 1024 2612 Deum
1062 2559 1243 2612 fusam
1277 2559 1347 2612 ad
1389 2559 1757 2612 obtinendam
1791 2577 1889 2612 seu
1931 2576 2084 2612 com-

394 2631 1135 2702 parandamcognitionem,
1170 2646 1361 2682 rerum
1395 2629 1452 2682 in
1488 2631 1852 2684 Eucharistize
1888 2637 2090 2699 myste-

395 2701 480 2756 rio
529 2701 948 2755 reconditarum
982 2709 1036 2752 et
1068 2701 1177 2753 fide
1209 2702 1554 2754 creditarum
1581 2717 1593 2754 :
1646 2703 1730 2756 Da
1761 2716 2085 2768 quesumus,

395 2776 616 2828 Domine
660 2773 875 2842 populis
903 2772 1242 2824 Christianis
1268 2777 1337 2842 et
1383 2773 1527 2840 quod
1571 2773 1896 2842 profitentur
1920 2788 2085 2838 agno-

393 2859 536 2898 scere
597 2841 672 2896 eti
717 2844 918 2896 caeleste
976 2857 1169 2896 munus
1241 2841 1470 2907 diligere
1519 2841 1679 2910 quod
1716 2846 2084 2910 frequmtant.

394 2916 548 2968 Idem
608 2929 838 2983 prorsus
904 2913 1222 2982 intelligere
1272 2913 1434 2966 facile
1492 2921 1576 2965 est
1629 2928 1693 2965 ex
1755 2914 2090 2982 pracfatione

395 2986 584 3038 missae
627 3000 754 3052 quae
809 2984 863 3036 in
915 2983 1114 3036 eodem
1173 2983 1317 3036 libro
1351 2984 1637 3053 profertur
1662 3000 1794 3052 pag.
1847 2988 1903 3037 9|
1942 2985 2089 3038 :Nos

397 3061 444 3108 te
472 3055 797 3124 suppliciter
827 3055 1102 3108 obsecrare
1146 3060 1207 3108 ut
1237 3056 1360 3108 Jesu
1394 3055 1598 3110 Christi
1643 3057 1862 3109 Domini
1891 3056 2084 3117 nostri,

392 3109 552 3194 cujus
578 3109 825 3178 ‘muneris
858 3127 1059 3193 pignus
1097 3109 1414 3193 accipimus,
1452 3127 1745 3191 manifesta
1785 3126 1926 3179 dona
1953 3109 2089 3179 com;
2120 3109 2159 3163 Ο

390 3196 722 3267 prehendere
744 3197 1038 3250 valeamus.

465 3269 523 3321 3°
577 3268 639 3320 In
701 3267 957 3320 Ecclesiis
1023 3266 1309 3336 plerisque
1363 3266 1557 3320 multis
1609 3265 1818 3320 abhinc
1869 3266 2088 3320 saeculis

392 3353 529 3416 usus
573 3339 828 3416 ejusdem
874 3337 1156 3416 orationis
1212 3344 1475 3416 receptus
1539 3342 1640 3402 est,
1697 3353 1918 3416 revera"
1955 3353 2086 3416 cum

395 3409 738 3492 guibiisdam
769 3407 1795 3492 varietatibus.lectionibusguielnihil
1819 3408 2089 3492 'officiunt

393 3477 526 3530 fidei
577 3477 868 3530 communi
922 3477 1319 3540 Ecclesiarum,
1372 3477 1770 3546 profitentium
1817 3478 1920 3532 hac
1951 3494 2085 3531 voce

393 3548 688 3611 manifesta
755 3547 1188 3614 intelligendam
1259 3563 1377 3600 esse
1441 3550 1932 3612 manifestationem
1987 3565 2086 3602 seu

395 3618 857 3688 patefactionem,
903 3633 1031 3670 cum
1061 3633 1163 3685 pro
1192 3620 1490 3682 manifesta
1535 3621 1955 3687 participatione
2004 3620 2088 3671 le-

395 3695 563 3757 gatur
607 3689 961 3750 manifestata
1008 3690 1446 3756 participatione.
1506 3690 1630 3742 Hinc
1685 3690 1874 3743 videre
1926 3690 2086 3742 facile

395 3763 480 3811 est
537 3757 621 3829 in,
659 3759 909 3828 antiquis
979 3758 1298 3812 Missalibus
1363 3759 1780 3829 antiquissimae
1837 3761 2087 3814 ecclesiae

437 3828 858 3901 rimatialiset
925 3829 1385 3901 metropolitano:
1458 3828 1816 3894 Senonensis,
1879 3831 2089 3901 quibus

437 3900 582 3971 odie,
623 3899 880 3952 nesciens
910 3900 1210 3966 novitates,
1246 3917 1375 3954 cum
1408 3917 1630 3954 summa
1675 3899 1968 3971 pietate—et
1997 3917 2089 3954 re-

395 3970 608 4037 ligione
641 3971 823 4024 utitur
855 3971 1005 4038 typis
1032 3971 1323 4040 impressis
1358 3972 1523 4024 annis
1547 3970 1702 4037 1485,
1739 3974 1893 4037 1509,
1931 3974 2082 4036 1529,

399 4043 556 4108 1542,
609 4043 740 4094 1556
781 4046 838 4094 et
873 4043 1026 4095 1575.
1061 4043 1213 4094 Idem
1246 4041 1588 4111 intelligitur
1636 4058 1703 4094 ex
1734 4043 1960 4094 duobus
1995 4058 2091 4094 co-

395 4111 617 4165 dicibus
649 4111 1052 4182 inauuscriptis
1086 4112 1398 4166 Missalibus
1442 4128 1586 4182 quos
1614 4119 1874 4165 exaratos
1917 4113 2089 4165 fuisse

395 4182 658 4233 existimo
691 4181 840 4234 inter
879 4181 1280 4234 duodecimum
1321 4181 1594 4235 saeculum
1626 4187 1682 4235 et
1719 4183 1892 4235 finem
1935 4183 2089 4235 tertii

394 4251 621 4315 decimi,
659 4252 870 4322 quippe.
925 4268 1054 4322 cum
1109 4253 1165 4304 in
1225 4254 1292 4305 iis
1346 4253 1562 4305 mentio
1617 4253 1687 4306 sit
1742 4253 1869 4305 festi
1913 4254 2090 4306 sancti

393 4322 624 4374 Thomas
669 4321 1111 4392 Cantuariensis,
1160 4325 1541 4392 praetermissa
1578 4322 1957 4377 celebratione
1990 4339 2090 4377 seu

395 4393 655 4444 nondum
713 4391 974 4462 instituta
1030 4391 1287 4460 corporis
1344 4394 1572 4459 Christi,
1628 4397 1827 4462 pignus
1879 4401 2088 4448 aeterna

2187 494 2394 564 pignus
2442 509 2546 547 nec
2617 492 2830 561 imago,
2892 490 2985 544 sed
3053 489 3233 561 ipsius
3289 489 3372 544 rei
3428 489 3635 543 veritas
3699 503 3878 559 appa-

2187 583 2353 636 rebit.

2263 670 2552 725 LXXXVIII
2633 670 2774 722 Item
2832 665 2991 721 alibi:
3055 667 3349 734 Perﬁciant
3421 668 3504 722 in,
3545 666 3719 730 nobis,
3773 667 3882 719 Do-

2189 761 2350 824 mine,
2417 773 2741 826 quwsumus,
2817 763 2913 810 tua
2971 761 3310 809 sacramenta
3365 755 3508 824 quod
3565 757 3881 808 continent:

2189 852 2251 902 ut
2323 863 2442 916 quae
2511 862 2652 899 nunc
2707 847 2883 915 specie
2946 847 3202 912 gerimus,
3265 860 3445 898 rerum
3503 846 3730 897 veritate
3793 859 3887 896 ea-

2187 939 2406 1005 piamus
2437 938 2478 989 ι).
2523 935 2668 990 Dicit
2716 935 2869 1006 quod
2927 934 2985 987 in
3035 933 3224 1002 specie.
3279 938 3552 1002 gerantur
3601 933 3725 998 ista,
3771 949 3886 986 non

2192 1025 2250 1076 in
2286 1024 2520 1076 veritate
2553 1038 2566 1088 ;
2603 1021 2656 1074 id
2691 1028 2773 1074 est
2803 1038 2903 1092 per
2931 1020 3397 1088 similitudinem,
3430 1037 3547 1074 non
3577 1037 3680 1091 per
3707 1021 3887 1091 ipsius

2193 1112 2272 1166 rei
2316 1110 2854 1164 manifestationem.
2901 1109 3181 1163 Differunt
3212 1114 3400 1162 autem
3436 1125 3465 1162 a
3499 1124 3556 1162 se
3587 1109 3803 1178 species
3833 1115 3889 1162 et

2193 1201 2420 1255 veritas.
2481 1201 2838 1270 Quapropter
2887 1215 3090 1269 corpus
3135 1202 3192 1250 et
3240 1195 3471 1266 sanguis
3513 1194 3667 1266 quod
3697 1194 3752 1247 in
3786 1193 3886 1246 Ec-

2193 1291 2363 1344 clesia
2413 1290 2652 1360 geritur.
2710 1288 2904 1343 differt
2942 1288 3142 1342 abillo
3203 1302 3444 1356 corpore
3503 1289 3559 1339 et.
3604 1283 3887 1352 sanguine

2195 1379 2348 1448 quod
2384 1379 2439 1432 in
2477 1377 2683 1432 Christi
2723 1391 2962 1446 corpore
3000 1376 3122 1446 jam
3169 1375 3551 1445 glorificatum
3599 1369 3893 1440 cognosci-

2194 1473 2307 1521 tur.
2344 1469 2407 1521 Et
2448 1467 2550 1520 hoc
2579 1481 2786 1535 corpus
2833 1465 3042 1536 pignus
3071 1469 3155 1517 est
3193 1468 3250 1516 et
3279 1461 3534 1532 species;
3579 1460 3719 1514 illud
3754 1475 3888 1512 vero

2193 1556 2314 1626 ipsa
2345 1556 2569 1609 veritas.
2622 1555 2735 1608 Hoc
2765 1554 2917 1608 enim
2967 1558 3201 1624 geretur
3255 1551 3435 1606 donec
3481 1551 3550 1604 ad
3591 1549 3731 1603 illud
3765 1564 3890 1620 per-

2196 1711 2478 1784 apparitio
2526 1711 2689 1779 panis
2737 1716 2793 1764 et
2835 1709 3053 1779 species
3104 1708 3221 1762 vini
3256 1707 3417 1784 quod
3447 1710 3614 1784 antea
3653 1711 3792 1767 erat,
3828 1707 3891 1756 ut

2195 1779 2288 1838 ait.
2324 1789 2514 1838 noster
2569 1784 2911 1837 Ratramnus
2969 1797 3208 1833 numero
3269 1782 3318 1832 9.
3389 1779 3593 1833 Probat
3646 1792 3889 1830 numero

2195 1855 2456 1925 sequenti
2495 1854 2640 1907 hanc
2686 1859 2925 1925 partem,
2951 1851 3212 1925 sensibus
3251 1850 3560 1925 subjectam
3596 1864 3888 1925 nuncupa-

2195 1921 2309 1980 tam
2341 1941 2460 1978 esse
2487 1921 2699 1994 corpus
2725 1923 2930 1978 Christi
2962 1923 3122 1991 cujus
3150 1923 3360 1994 pignus
3391 1927 3446 1994 et
3467 1921 3652 1988 figura
3682 1921 3889 1994 futura:

2196 1988 2602 2067 patefactionis'
2625 1995 2910 2067 prmdictaz
2941 1988 3195 2067 corporis
3227 1988 3430 2046 Christi
3461 2007 3591 2067 cum
3621 1988 3891 2067 omnibus

2197 2060 2312 2122 suis
2354 2069 2523 2126 dime:
2552 2060 2806 2119 sionibus
2868 2060 3249 2133 geometricis,
3302 2078 3544 2130 quarum
3580 2060 3770 2114 habita
3797 2076 3888 2112 ra-

2198 2139 2348 2192 tione
2398 2139 2677 2206 integram
2739 2137 2985 2190 institnit
3044 2134 3422 2206 differentiam
3474 2133 3649 2206 inten
3683 2147 3892 2206 corpus

2197 2209 2346 2262 istud
2380 2201 2805 2278 quod'celehrat
2838 2207 3080 2278 Ecclesia
3109 2205 3391 2278 etipsum
3437 2203 3588 2273 quod
3619 2201 3891 2278 intuebi-

2198 2295 2329 2332 mur
2357 2273 2414 2332 in
2461 2281 2621 2332 casto.
2671 2280 2788 2344 Qua
2833 2277 2900 2329 de
2925 2293 3001 2338 re,
3035 2273 3242 2346 inquit,
3279 2280 3327 2328 ct
3366 2289 3558 2346 corpus
3606 2273 3809 2328 Christi
3838 2278 3890 2326 et

2195 2353 2421 2416 sanguis
2475 2356 2552 2403 est
2609 2350 2753 2416 quod
2830 2348 3070 2402 Ecclesia
3117 2344 3393 2412 celebrat;
3457 2344 3560 2398 sed
3627 2349 3888 2416 tanquam

2194 2413 2392 2490 pignus
2454 2413 2714 2489 tanquam
2764 2421 2962 2485 imago.
3024 2420 3230 2490 Veritas
3274 2432 3396 2469 vero
3453 2417 3575 2478 erit,
3621 2431 3739 2467 cum
3764 2413 3888 2483 jam

2195 2507 2287 2545 nec
2313 2494 2532 2560 pignus,
2583 2506 2674 2543 nec
2714 2492 2911 2556 imago,
2956 2489 3050 2560 sed
3074 2491 3247 2560 ipsius
3293 2490 3373 2541 rei
3418 2491 3617 2540 reritas
3647 2501 3890 2554 appare-

2197 2562 2276 2618 bit
2308 2559 2485 2630 (num.
2523 2560 2635 2629 87).
2674 2560 2915 2616 Dubium
2945 2559 3098 2613 enim
3123 2559 3345 2612 nullum
3378 2573 3675 2630 superesse
3705 2561 3891 2624 potest

2199 2629 2336 2702 quin
2384 2633 2595 2702 passim
2637 2639 2693 2684 et
2739 2631 3040 2702 confestim
3089 2646 3157 2683 ex
3207 2630 3380 2702 verbo
3408 2629 3653 2682 veritatis
3683 2642 3894 2696 corpus

2199 2699 2402 2757 Christi
2467 2703 2810 2756 intellexerit
2867 2699 3122 2754 sensibus
3177 2701 3495 2768 subjectum
3549 2704 3607 2751 et
3650 2712 3888 2768 conspef

2197 2781 2348 2828 ctum
2395 2789 2526 2827 cum
2577 2771 2934 2826 dimensione
2983 2767 3331 2841 geometriae
3381 2779 3437 2824 et
3485 2769 3610 2822 aliis
3649 2767 3893 2841 humani

2197 2846 2454 2914 corporis
2485 2843 2781 2897 affectibus
2821 2839 3031 2914 quibus
3061 2844 3118 2895 in
3162 2843 3304 2895 cmlo
3339 2845 3641 2912 postquam
3676 2839 3894 2914 revixe-

2198 2909 2314 2968 ι’ὶηί
2344 2916 2605 2968 homines
2651 2909 2856 2984 corpus
2897 2913 3106 2967 Christi
3148 2909 3459 2984 gloriosum
3488 2909 3888 2984 :exornabitur.

2197 2985 2367 3040 Suam
2410 3002 2529 3039 esse
2579 2983 2917 3038 sententiam
2971 2985 3260 3053 propriam
3321 2983 3541 3052 liquido
3590 2985 3746 3049 patet
3765 2995 3891 3053 Anu-

2198 3073 2358 3110 mero
2409 3060 2494 3123 87,
2545 3072 2659 3125 quo
2696 3050 2990 3125 explicans
3037 3050 3323 3108 orationes
3378 3050 3633 3125 Ecclesiae
3679 3050 3896 3125 quibus

2197 3144 2230 3180 a
2262 3129 2376 3182 Deo
2410 3123 2706 3181 humiliter
2741 3123 2989 3196 petimus
3027 3135 3092 3179 ut
3122 3126 3290 3180 nobis
3331 3126 3401 3179 ad
3433 3123 3662 3177 modum
3698 3123 3895 3196 propi-

2196 3199 2392 3252 tiantis
2425 3198 2677 3251 numinis
2706 3193 2761 3251 et
2791 3214 2891 3249 sua
2923 3200 3276 3250 sacramenta
3316 3196 3566 3265 perfecte
3596 3193 3897 3245 conferant

2196 3271 2346 3339 quod
2391 3272 2706 3322 continent.
2759 3269 3058 3336 Perﬁciant
3104 3271 3162 3339 in
3220 3268 3394 3330 nobis,
3451 3266 3683 3326 Domine,
3737 3278 3895 3330 que-

2195 3337 2400 3403 siumus,
2460 3345 2554 3394 tua
2592 3346 2931 3392 sacramenta
2972 3337 3116 3405 quod
3159 3340 3451 3398 continent,
3495 3342 3555 3387 ut
3603 3348 3721 3402 qua
3749 3349 3895 3387 nunc

2194 3414 2366 3478 specie
2403 3413 2638 3476 gerimus
2670 3425 2849 3462 rerum
2879 3411 3106 3461 veritate
3135 3410 3437 3476 capiamus.
3477 3407 3548 3459 Ex
3586 3405 3674 3458 his
3704 3405 3897 3457 verbis

2196 3477 2474 3533 orationis
2504 3479 2778 3547 intelligit
2815 3495 2919 3530 nos
2951 3478 3161 3530 habere
3201 3479 3305 3530 sub
3345 3477 3596 3544 imagine
3627 3491 3897 3545 expressa

2197 3566 2286 3602 res
2319 3551 2466 3620 ipsas
2494 3565 2606 3602 non
2640 3549 2804 3620 nobis
2841 3547 3097 3620 absolute
3125 3549 3432 3620 patefactae
3460 3547 3657 3615 quales
3697 3561 3897 3620 revera

2196 3621 2254 3673 in
2286 3615 2355 3674 se'
2375 3621 2710 3673 consistunt.
2740 3618 3107 3672 Verissimum
3130 3615 3311 3671 enim
3352 3622 3435 3670 est
3467 3633 3566 3669 nos
3599 3615 3898 3686 possidere

2196 3707 2288 3744 eas
2332 3707 2418 3744 res
2451 3690 2554 3743 sub
2602 3689 2948 3759 imaginibus
2989 3689 3288 3757 expressis,
3321 3694 3380 3741 et.
3423 3687 3643 3757 liquido
3675 3692 3900 3740 constat

2197 3763 2375 3814 solam
2426 3760 2862 3831 patefactionem
2923 3760 3193 3814 omnibus
3258 3759 3512 3814 numeris
3567 3759 3897 3831 absolutam

2197 3833 2392 3886 deesse
2419 3827 2442 3897 ς’
2491 3832 2773 3900 integram
2824 3831 3210 3885 differentiam
3249 3832 3398 3885 inter
3434 3845 3652 3900 corpus
3679 3827 3899 3882 Christi

2196 3903 2255 3956 in
2310 3905 2584 3974 mysterio
2620 3898 3000 3956 Eucharistize
3047 3909 3104 3956 et
3155 3902 3334 3974 idem_
3367 3916 3574 3970 corpus
3639 3898 3699 3974 i_n
3753 3899 3902 3952 coelo

2197 3969 2732 4044 quod'crucitixum
2782 3973 2909 4037 fuit,
2957 3975 3017 4027 in
3066 3991 3132 4027 eo
3182 3971 3493 4044 consistere
3524 3969 3678 4040 quod
3709 3985 3900 4044 unum

2197 4040 2428 4116 patefiat
2482 4043 2645 4096 nobis
2684 4050 2761 4116 et
2817 4045 3061 4116 alterum
3139 4042 3500 4116 permanebit
3572 4040 3895 4104 occultum;

2198 4113 2452 4184 adeoque
2479 4115 2536 4167 in
2569 4115 2738 4168 modo
2767 4115 3048 4169 existendi
3079 4113 3280 4168 etnon
3313 4113 3370 4166 in
3407 4113 3530 4182 ipsa
3549 4117 3901 4184 naturaseu

2197 4181 2518 4239 existéntia.
2581 4186 2881 4239 Enimvero
2931 4186 3107 4240 satius
3161 4185 3212 4238 ei
3275 4184 3472 4238 fuisset
3531 4181 3717 4234 dicere
3771 4183 3898 4234 loco

2199 4272 2398 4309 eorum
2433 4271 2550 4324 qua:
2599 4272 2740 4308 nunc
2786 4259 2958 4324 specie
3003 4260 3262 4323 gerimus,
3310 4270 3487 4308 rerum
3531 4254 3762 4305 reritale
3810 4267 3901 4304 ca-

2193 4328 2412 4396 piamus
2446 4343 2564 4386 QUAS
2614 4343 2759 4379 NUNC
2801 4343 2938 4380 VERE
2983 4341 3318 4387 NEQUAQCAN
3359 4339 3626 4396 Ηεκιιειιιςε.
3677 4337 3900 4396 ἷζεν-ΕΒΔ

2198 4392 2509 4457 λιιρολχυο
2541 4413 2600 4450 ετ
2630 4413 2765 4451 vena
2821 4413 3190 4452 rencunsnus.
3250 4398 3370 4450 Non
3406 4397 3461 4447 in
3503 4394 3680 4445 alium
3716 4392 3901 4459 igitur

394 4463 519 4514 vita:
543 4537 548 4539 _
572 4463 862 4539 capientes,
933 4456 1230 4539 humiliter,
1286 4466 1521 4539 Domine,
1561 4456 1969 4533 'imploramus;
2027 4469 2087 4517 ut
2119 4456 2160 4510 Ι)
2200 4456 2537 4520 sententiam
2567 4467 2734 4521 ivisse
2765 4475 3122 4539 compertum
3148 4472 3254 4539 est
3302 4467 3674 4539 Ratramnpm
3716 4456 3898 4539 (inani

396 4533 705 4600 apostolicis
724 4533 858 4596 fulti
876 4535 1195 4600 patrociniis
1222 4535 1365 4601 quod
1394 4537 1448 4587 in
1485 4538 1721 4602 imagine
1745 4538 2085 4603 contigimus,

395 4606 720 4656 sacramenti
749 4605 1103 4667 manifestata
1131 4607 1555 4672 participatione
1579 4621 1873 4660 sumamus.

470 4673 1110 4746 (sacrameut.iGelasii,
1161 4674 1227 4746 in
1280 4677 1620 4729 Postcomm.
1673 4677 1791 4730 Oct.
1835 4677 2086 4746 Apostol.

400 4743 551 4816 Petri
606 4745 894 4816 etipauli,
957 4745 1099 4813 prid.
1157 4745 1342 4798 Nonas
1397 4747 1551 4799 Julii.
1604 4747 1642 4800 l.
1677 4762 1754 4812 χι,
1787 4743 1918 4816 pag.
1969 4749 2090 4813 160,

397 4813 614 4866 editum
671 4815 862 4867 Romae
919 4817 1052 4868 1680
1091 4816 1240 4884 typis
1287 4817 1493 4885 Angeli
1540 4813 1818 4871 Bernaho.
1853 4818 2094 4872 Missalia

396 4885 768 4949 Senonensia,
819 4886 1060 4954 antiqua
1109 4892 1165 4939 et
1213 4886 1508 4941 hodierna.
1563 4888 1716 4941 Idem
1763 4888 1934 4942 habet
1965 4889 2092 4941 Mis-

399 4956 516 5008 sale
539 4955 1029 5023 Ambrosianum).

468 5033 492 5058 ι
527 5025 678 5092 Quod
741 5041 860 5079 cum
907 5028 987 5079 ita
1052 5031 1150 5091 est,
1219 5031 1324 5080 etc.
1384 5029 1456 5082 Ex
1513 5027 1600 5080 his
1658 5032 2092 5081 consectaneum

400 5099 652 5168 erumpit
680 5097 803 5149 luce
836 5097 1153 5150 meridiana
1180 5097 1389 5151 clarius
1421 5115 1650 5151 carnem
1678 5104 1731 5151 et
1756 5099 2093 5168 sanguinem

401 5182 530 5236 quas
567 5167 625 5220 iu
658 5173 925 5238 mysterio
969 5168 1404 5236 conspiciuntur
1449 5185 1569 5221 esse
1628 5169 1836 5238 pignus
1867 5167 1922 5221 et
1951 5169 2093 5222 ima-

400 5238 593 5304 ginem
645 5237 727 5290 rei
766 5237 994 5302 futuraa,
1031 5238 1174 5291 adeo
1227 5245 1286 5291 ut
1325 5239 1474 5308 quod
1499 5239 1619 5308 jam
1653 5255 1754 5307 per
1783 5239 2097 5308 imaginem

401 5322 726 5375 expressam
779 5309 958 5361 oculis
989 5308 1290 5375 subjicitur
1319 5318 1376 5360 et
1408 5309 1664 5361 sensibus
1711 5309 1874 5361 nobis
1907 5311 2095 5379 palam

403 5383 459 5448 et
489 5383 699 5448 aperte
727 5379 963 5431 revulsis
1001 5379 1240 5448 sypariis
1270 5387 1323 5432 et
1349 5379 1487 5432 velis
1521 5379 1769 5448 patefiat.
1802 5381 1936 5442 Quis
1966 5397 2098 5434 vero

402 5446 522 5519 jam‘
568 5446 870 5519 dubitandi
923 5446 1110 5502 locum
1155 5447 1409 5519 inveniat
1462 5446 1598 5519 quin
1653 5449 1730 5502 ibi
1759 5449 2101 5504 Ratramnus

403 5516 614 5588 cogitet
663 5517 730 5571 de
777 5519 881 5572 hac
927 5524 1087 5588 parte
1135 5517 1412 5571 exteriore
1467 5516 1609 5572 sacri
1641 5520 1897 5588 mysterii
1929 5522 2102 5573 sensi-

401 5586 507 5640 bus
573 5587 844 5658 subjecta,
913 5586 1258 5660 quamsure
1305 5588 1484 5642 aetatis
1547 5586 1781 5659 quidam
1847 5591 2102 5660 theologi
2145 5629 2166 5636 .-

415 5673 584 5726 psam
619 5674 742 5711 esse
775 5659 1032 5730 corporis
1065 5659 1272 5714 Christi
1306 5660 1550 5729 speciem
1583 5666 1640 5713 et
1679 5659 2097 5730 apparitionem

404 5730 658 5798 corporis
705 5729 835 5780 Jesu
891 5729 1094 5781 Christi
1144 5730 1526 5800 reputabant;
1584 5729 1727 5783 cum,
1759 5737 1985 5784 econtra
2031 5734 2101 5785 sit

2197 4554 2461 4591 verorum
2492 4539 2784 4592 catholicae
2818 4533 3074 4593 Ecclesiae
3105 4538 3513 4607 discipulorum
3563 4533 3900 4607 Berengarii

2198 4609 2698 4676 adversariorum;
2773 4611 2988 4663 scilicet
3073 4603 3388 4671 Lanfranci,
3479 4603 3903 4676 archiepiscopi

2201 4680 2643 4742 Cantuariensis,
2685 4675 2802 4750 iqui
2855 4681 3086 4750 Dialogo
3137 4679 3421 4750 adversus
3461 4675 3899 4750 Bereugariurn,

2202 4750 2492 4802 mentione
2552 4751 2696 4802 facta
2721 4745 2814 4803 'de
2877 4745 3146 4819 mysterio
3199 4747 3457 4819 corporis
3506 4745 3734 4812 Christi,
3785 4745 3898 4798 ait:

2211 4823 2338 4874 Vere
2367 4819 2476 4873 dici
2510 4834 2664 4888 posse
2699 4825 2748 4873 et
2774 4817 2952 4888 ipsum
2977 4835 3168 4887 corpus
3196 4817 3340 4886 quod
3379 4817 3444 4870 de
3485 4819 3710 4888 Virgine
3748 4829 3902 4867 sum-

2201 4897 2354 4958 ptum
2379 4896 2472 4952 est,
2508 4887 2556 4942 et
2589 4896 2763 4943 tamen
2797 4887 2910 4943 non
2944 4893 3155 4958 ipsum:
3198 4893 3379 4957 ipsum
3431 4887 3668 4955 quidem,
3718 4900 3902 4953 quan-

2205 4967 2314 5013 tum
2347 4960 2419 5012 ad
2461 4963 2746 5013 essentiam
2786 4976 3027 5029 veraaque
3071 4965 3283 5013 naturae
3312 4960 3699 5026 proprietatem
3736 4962 3908 5023 atque

2202 5034 2476 5094 virtutem,
2525 5045 2631 5082 non
2673 5035 2850 5084 autem
2892 5033 2941 5084 si
2966 5036 3168 5099 spectes
3202 5033 3367 5098 panis
3398 5030 3618 5099 vinique
3647 5029 3904 5094 speciem.

2205 5102 2360 5154 Idem
2392 5100 2602 5152 habent
2644 5101 2900 5170 Algerus,
2943 5098 3087 5154 libro
3116 5117 3151 5168 ι,
3205 5100 3387 5170 capite
3426 5098 3906 5170 l7r;#Fulbertus,

2206 5170 2503 5240 episcopus
2561 5167 2942 5236 Carnotensis,
3007 5171 3247 5240 epistola
3273 5167 3289 5170 “
3323 5173 3376 5223 11
3427 5169 3527 5240 αόᾼ
3549 5167 3858 5240 Ργίηδτάυω
3889 5186 3907 5232 ;

2207 5237 2513 5310 Rupertus,
2546 5241 2720 5294 abbas
2750 5237 3072 5312 Tuytensis,
3098 5244 3156 5295 in
3190 5237 3532 5312 Epistolaad
3565 5239 3906 5312 (Iunonem;

2207 5307 2313 5381 qui
2339 5328 2539 5364 omnes
2587 5307 2851 5365 eamdem
2896 5329 3066 5382 quam
3115 5307 3397 5382 habemus
3433 5309 3503 5363 de
3541 5324 3737 5361 revera
3784 5307 3909 5360 exi-

2209 5380 2388 5434 stente
2438 5397 2678 5450 corpore
2717 5380 2928 5436 Christi
2975 5384 3036 5436 in
3090 5380 3439 5436 Eucharistia
3489 5385 3546 5432 et
3588 5390 3912 5431 commata.

2208 5453 2364 5505 tione
2388 5452 2553 5522 panis
2583 5458 2637 5505 et
2666 5453 2785 5506 vini
2817 5455 2874 5506 in
2903 5470 3133 5508 carnem
3161 5459 3218 5506 et
3243 5451 3583 5520 sanguinem
3606 5465 3704 5503 seu
3727 5454 3915 5502 trans-

2211 5522 2683 5576 snhstantiatione
2717 5525 2987 5579 tuendam
3021 5525 3192 5579 fidem
3220 5526 3581 5592 receperunt.

2280 5594 2304 5635 ὃ
2355 5593 2519 5647 Missa
2565 5593 2623 5646 in
2667 5593 2912 5649 Sabbato
2963 5595 3217 5658 Quatuor
3267 5588 3634 5661 Teinporum,
3694 5588 3919 5661 mensis

2212 5679 2306 5716 vn.
2366 5693 2434 5702 —
2484 5663 2602 5718 Lib.
2667 5664 3014 5720 Sacrament.
3079 5663 3132 5718 S.
3183 5659 3460 5732 Gregorii,
3509 5677 3565 5731 p.
3610 5662 3708 5713 135
3765 5659 3913 5712 edit.

2217 5735 2357 5803 llug.
2396 5734 2667 5790 Menardi.
