4130 6184
296 246 396 296 165

1403 247 1494 302 DE
1535 247 1860 304 CORPORE
1902 248 1990 303 ET
2030 249 2372 304 SANGUINE
2416 248 2677 305 DOMlNl.

3696 261 3794 311 166

291 377 627 444 veniantur;
661 378 761 432 ubi
788 395 921 432 vero
968 379 1038 433 ad
1099 379 1239 434 illud
1270 386 1614 451 perventum
1673 381 1842 436 fuerit
1885 382 1995 435 hoc
2023 384 2069 435 Α
2107 397 2238 435 nem
2267 381 2500 448 factum,
2561 397 2620 435 se
2652 397 2754 452 pro
2808 381 2974 436 nobis
3013 381 3287 438 obtulisse
3345 385 3708 454 sacriﬁcium,
3741 395 3796 444 et

293 467 706 521 removebitur.

369 557 626 611 LXXXIX.
691 558 945 627 Apparet
999 557 1192 627 itaque
1239 557 1393 627 quod
1455 559 1635 612 multa
1732 558 1882 612 intra
1936 575 1993 612 se

291 646 677 699 differentiam
712 651 1069 716 separantur,
1105 651 1382 717 quantum
1419 649 1671 701 estinter
1697 649 1907 718 pignus
1940 652 1996 700 et

293 749 423 786 eam
445 749 566 786 rem
598 749 701 802 pro
737 749 850 803 qua
893 734 1102 802 pignus
1141 735 1407 801 traditur,
1439 744 1463 768 ³
1500 742 1556 788 et
1589 743 1868 806 quantum
1900 735 1992 788 in-

292 824 381 873 ter
410 820 724 890 imaginem
776 827 833 875 et
875 838 996 875 rem
1045 822 1206 890 cujus
1234 829 1319 875 est
1351 823 1574 893 imago;
1626 829 1681 878 et
1713 829 1992 895 quantum

292 907 446 961 inter
496 909 741 979 speciem
797 910 1194 964 etveritatem.
1258 911 1524 965 Videmus
1556 913 1752 984 itaque
1808 913 1989 966 multa

291 995 622 1051 differentia
654 999 908 1068 separari
934 999 1267 1069 mysterium
1302 1000 1601 1069 sanguinis
1631 1007 1686 1054 et
1734 1001 1991 1071 corporis

291 1084 501 1138 Christi
530 1087 684 1156 quod
714 1103 866 1141 nunc
895 1103 928 1140 a
956 1087 1221 1141 ﬁdelibus
1254 1089 1502 1142 sumitur
1543 1089 1602 1142 in
1637 1090 1900 1156 Ecclesia,
1936 1095 1992 1144 et

292 1174 438 1227 illud
462 1175 618 1244 quod
649 1181 848 1229 natum
875 1182 960 1229 est
993 1177 1061 1230 de
1081 1176 1254 1230 Maria
1275 1177 1516 1247 Virgine,
1552 1179 1701 1249 quod
1735 1194 1988 1249 passum,

292 1264 446 1333 quod
478 1264 788 1333 sepultum,
842 1265 998 1335 quod
1029 1266 1358 1332 resurrexit,
1412 1267 1562 1336 quod
1595 1268 1765 1321 caelus
1795 1283 1987 1320 ascen-

292 1350 397 1418 dit,
438 1353 590 1422 quod
650 1353 721 1406 ad
768 1352 1057 1407 dexteram
1102 1355 1284 1408 Patris
1331 1355 1508 1408 sedet.
1562 1356 1677 1410 Hoc
1737 1371 1990 1426 namque

290 1441 450 1510 quod
504 1441 696 1510 agitur
742 1442 800 1495 in
851 1442 939 1496 via
1001 1443 1376 1513 spiritualiter
1431 1447 1515 1497 est
1569 1445 1986 1514 accipiendum,

288 1529 429 1599 quia
486 1530 629 1583 ﬁdes
687 1530 840 1600 quod
897 1547 1011 1584 non
1064 1531 1239 1599 videt,
1294 1532 1496 1599 credit,
1547 1539 1603 1586 et
1649 1533 1989 1603 spirituliter

285 1617 472 1686 pascit
527 1617 804 1684 animam,
851 1624 906 1670 et
977 1619 1230 1672 laetificat
1280 1636 1400 1687 cor,
1451 1625 1506 1674 et
1563 1622 1736 1674 vitam
1768 1623 1987 1691 praebet

284 1711 565 1759 aeternam
621 1712 678 1760 et
737 1707 1247 1778 incorruptionem,
1307 1709 1444 1762 dum
1506 1726 1618 1764 non
1670 1711 1985 1764 attenditur

283 1796 440 1864 quod
468 1812 674 1866 corpus
707 1797 906 1866 pascit,
956 1797 1110 1867 quod
1142 1798 1312 1852 dente
1358 1799 1662 1868 premitur,
1700 1800 1850 1869 quod
1888 1815 1990 1870 per

281 1891 478 1952 partes
509 1885 943 1950 comminuitur,
989 1886 1082 1939 sed
1117 1885 1268 1956 quod
1333 1887 1392 1940 in
1451 1887 1562 1940 ﬁde
1617 1889 1990 1957 spiritualiter

280 1972 586 2042 accipitur.
625 1979 693 2027 At
714 1990 846 2028 vero
879 1990 1086 2045 corpus
1111 1975 1250 2028 illud
1293 1975 1352 2028 in
1397 1975 1548 2044 quod
1579 1993 1776 2046 passus
1817 1983 1901 2030 est
1933 1981 1990 2031 et

279 2062 602 2114 resurrexit
655 2062 930 2128 Christus,
991 2065 1290 2134 proprium
1355 2064 1478 2133 ejus
1523 2081 1728 2134 corpus
1773 2065 1983 2132 existit,

283 2149 354 2203 de
401 2151 867 2221 Virginisjltlarite
914 2169 1152 2221 corpore
1207 2159 1522 2224 sumptum,
1558 2153 1845 2223 palpabile
1888 2170 1989 2207 seu

285 2240 532 2306 visibile,
558 2240 732 2293 etiam
760 2246 888 2310 post
941 2241 1440 2307 resurrectionem,
1475 2241 1621 2294 sicut
1670 2242 1791 2311 ipse
1822 2241 1989 2295 disci-

285 2328 439 2397 pulis
470 2328 549 2380 ait
588 2345 602 2382 :
645 2329 873 2398 Palpate
901 2335 950 2383 et
1002 2328 1177 2383 videte
1229 2332 1362 2397 quia
1418 2331 1646 2397 spiritus
1694 2345 1907 2383 carnem
1941 2334 1990 2383 et

286 2431 407 2469 ossa
435 2433 540 2470 non
573 2417 730 2470 habet
769 2420 905 2471 sicut
932 2434 1012 2471 me
1048 2418 1246 2471 videtis
1269 2417 1464 2471 habere
1499 2419 1650 2485 (Luc.
1687 2433 1835 2484 xxrv,
1879 2419 1984 2486 39).

359 2505 460 2558 XC.
501 2509 584 2559 Au
607 2506 813 2558 ﬁamus
844 2507 1015 2559 etiam
1058 2505 1206 2574 quod
1241 2505 1440 2558 beatus
1468 2505 1800 2575 Fulgentius
1832 2505 1889 2558 in
1914 2505 1988 2557 li-

285 2591 436 2646 bello
469 2593 540 2647 de
565 2594 696 2647 Fide
717 2594 1017 2663 dicat(cap.
1048 2593 1131 2658 l9)
1156 2609 1168 2645 :
1193 2616 1218 2642 ‹‹
1236 2593 1585 2647 Firmissime
1609 2600 1762 2662 tene,
1793 2599 1848 2647 et
1869 2595 1990 2647 nul-

286 2680 510 2736 latentis
527 2683 776 2749 dubites,
793 2683 981 2752 ipsum
1000 2683 1366 2753 unigenitum
1394 2684 1568 2736 Deum
1595 2682 1838 2736 Verbum
1861 2698 1989 2737 car-
2028 2692 2035 2699 '

356 2849 380 2872 ⁸
414 2840 492 2892 Et
517 2843 782 2906 quantum
811 2841 1192 2908 interspeciem
1213 2841 1573 2892 etveritatem.
1595 2839 1808 2893 Praeter
1837 2840 1992 2894 hunc

284 2908 476 2963 locum
513 2927 628 2962 non
661 2911 772 2962 alio
804 2926 948 2978 opus
970 2915 1053 2963 est
1081 2911 1151 2963 ad
1183 2910 1692 2963 demonstrandum
1721 2912 1989 2965 omnibus

285 2981 624 3034 hominibus
657 2982 757 3050 qui
818 2976 887 3034 de
924 2987 1203 3050 potestate
1235 2981 1444 3033 mentis
1475 2997 1588 3033 non
1621 2982 1982 3048 excesserint,
2017 2976 2058 3029 (ἒ

286 3051 667 3105 Ratramnum
709 3067 814 3120 per
852 3052 1099 3120 speciem
1145 3052 1205 3104 in
1234 3053 1340 3104 hoc
1366 3056 1607 3123 tractatu
1641 3051 1708 3104 de
1738 3053 1984 3123 Corpore

287 3130 344 3193 et
401 3123 696 3192 Sanguine
760 3123 984 3176 Domini
1041 3123 1180 3175 nihil
1239 3122 1391 3175 aliud
1443 3122 1781 3175 intellexisse
1813 3122 1986 3193 quam

284 3192 602 3262 imaginem
636 3208 956 3261 expressam
1000 3209 1097 3246 seu
1125 3192 1464 3246 exteriorem
1508 3198 1729 3260 partem
1770 3192 1984 3247 Eucha-

286 3264 465 3316 ristite
484 3288 498 3327 ;
517 3269 575 3315 et
603 3278 705 3331 per
725 3267 1005 3316 veritatem
1036 3265 1266 3316 modum
1297 3264 1615 3317 naturalem
1647 3269 1703 3316 et
1725 3264 1984 3316 sensibus

289 3334 611 3401 subjectum
645 3335 900 3404 corporis
923 3335 1055 3388 Jesu
1115 3334 1320 3388 Christi
1349 3349 1478 3386 cum
1512 3335 1628 3386 suis
1662 3335 1984 3404 proprieta-

285 3405 442 3458 tibus
472 3411 528 3458 et
566 3405 923 3458 dimensione
953 3405 1296 3474 geometrica
1327 3411 1381 3457 et
1403 3404 1672 3458 naturali.
1705 3406 1808 3460 Cui
1830 3405 1984 3459 enim

286 3476 482 3544 aliquo
515 3475 756 3528 dubium
807 3475 1068 3528 subolere
1125 3475 1304 3542 possit
1365 3474 1570 3528 auditis
1605 3476 1693 3528 his
1760 3476 1986 3530 verbis?

293 3547 555 3599 Videmus
584 3551 772 3614 itaque
813 3547 983 3599 multa
1037 3547 1350 3613 differentia
1388 3549 1642 3614 separari
1671 3551 1985 3613 mysterium

287 3619 577 3683 sanguinis
607 3622 658 3669 et
679 3619 916 3684 corporis
948 3619 1151 3672 Christi
1192 3616 1335 3685 quod
1366 3632 1504 3670 nunc
1535 3632 1568 3669 a
1604 3616 1851 3684 ﬁdelibus
1892 3633 1982 3670 su-

286 3691 461 3741 mitur
487 3690 546 3740 in
575 3689 835 3748 Ecclesia,
898 3692 948 3741 et
992 3687 1132 3740 illud
1159 3688 1302 3756 quod
1335 3693 1522 3740 natum
1579 3692 1656 3740 est
1685 3687 1750 3739 de
1803 3690 1985 3742 Maria

286 3761 524 3824 virgine,
556 3759 701 3826 quod
726 3773 968 3826 passum,
1002 3758 1146 3828 quod
1172 3757 1444 3827 sepultum
1475 3757 1655 3826 (num.
1692 3759 1802 3818 89).

361 3830 490 3882 Haec
521 3829 678 3881 enim
705 3829 1052 3882 conﬁrmant
1071 3829 1362 3882 evidenter
1391 3845 1518 3898 quae
1546 3833 1714 3880 antea
1737 3828 1984 3882 diximus

289 3899 672 3964 abundanter,
722 3915 850 3952 cum
891 3901 1242 3953 consectaria
1292 3915 1361 3951 ex
1391 3900 1478 3951 his
1509 3914 1816 3967 erumpens
1847 3915 1982 3952 con-

288 3971 469 4023 clusio
501 3971 575 4022 sit
605 3986 810 4039 corpus
858 3970 1060 4024 Christi
1094 3971 1244 4039 quod
1286 3985 1350 4022 ex
1387 3971 1696 4022 Ratramno
1729 3975 1812 4022 est
1857 3975 1984 4022 tan-

285 4045 412 4094 tum
446 4042 656 4109 ﬁgura,
682 4041 891 4105 velum,
944 4041 1135 4110 imago
1185 4055 1468 4110 expressa,
1503 4040 1713 4108 pignus
1766 4045 1823 4093 et
1855 4057 1985 4110 spe-

288 4111 423 4176 cies,
458 4112 691 4165 dill‘erre
727 4128 1015 4181 acorpore
1048 4109 1407 4166 Christinato
1429 4126 1495 4163 ex
1529 4109 1757 4179 Virgine
1791 4109 1980 4177 Maria,

287 4188 521 4236 mortuo
553 4188 606 4235 et
638 4183 889 4252 sepulto;
946 4183 1158 4252 quippe
1191 4197 1321 4234 cum
1371 4181 1426 4234 in
1469 4197 1536 4234 eo
1577 4187 1726 4234 statu
1777 4181 1985 4252 habeat

289 4269 494 4307 omnes
523 4250 906 4322 proprietates
955 4250 1242 4306 naturales
1273 4251 1534 4305 sensibus
1585 4257 1641 4322 et
1677 4250 1819 4304 visui
1854 4252 1981 4305 sub-

281 4326 464 4393 jectas
502 4310 560 4376 et
589 4310 1008 4388 dimensiones;
1050 4339 1180 4376 cum
1220 4339 1286 4376 ex
1335 4323 1570 4393 adverso
1619 4321 1676 4374 in
1709 4323 1979 4391 mysterio
2009 4310 2052 4363 D

289 4392 645 4464 percipiatur
675 4410 771 4446 ore
819 4395 1099 4461 ﬁdelium,
1153 4394 1366 4463 absque
1398 4392 1484 4446 his
1531 4393 1980 4464 proprietatibus

289 4463 344 4517 et
370 4465 849 4530 dimensionibus,
895 4465 1058 4518 modo
1091 4464 1398 4533 spirituali,
1439 4479 1540 4533 per
1571 4463 1763 4528 ﬁdem,
1807 4479 1978 4532 quam

287 4536 580 4588 credimus
643 4536 746 4589 sub
806 4537 893 4588 his
946 4535 1082 4588 velis
1135 4533 1394 4587 sensibus
1458 4533 1724 4602 subjectis
1781 4550 1979 4586 Verum

289 4606 500 4660 Christi
531 4621 738 4674 corpus
778 4622 807 4658 a
838 4605 1000 4659 nobis
1030 4604 1245 4675 percipi
1276 4605 1634 4658 reconditum
1668 4604 1772 4656 sub
1805 4605 1892 4657 his
1927 4609 1984 4657 et

287 4680 559 4738 celatum,
593 4677 686 4727 cui
717 4677 875 4729 unita
919 4674 1320 4745 seu’colligata
1376 4680 1461 4728 est
1506 4677 1762 4744 potentia
1796 4674 1978 4740 Verbi,

288 4763 419 4816 quas
453 4747 758 4799 animabus
787 4749 991 4799 nostris
1022 4748 1148 4799 vitae
1179 4753 1404 4799 aiternte
1438 4745 1812 4798 substantiam
1843 4746 1982 4798 sub-

288 4815 599 4880 ministrat,
634 4833 842 4886 easque
875 4818 1076 4880 nutrit,
1111 4822 1165 4870 et
1201 4824 1564 4886 peccatorum
1599 4815 1749 4886 labes
1777 4831 1981 4884 expur-

287 4893 384 4956 gat
415 4895 472 4940 et
501 4887 806 4956 cxpungit;
868 4888 1124 4957 adeoque
1167 4885 1482 4940 secundum
1523 4885 1843 4957 doctrinam
1872 4887 1982 4939 Ra-

288 4958 522 5022 tramni,
560 4964 620 5010 ut
638 4958 757 5023 jam
791 4956 1217 5011 fortassenimio
1241 4973 1410 5026 opere
1443 4956 1984 5022 adnotaviums,duo

287 5045 530 5097 corpora
597 5028 804 5082 Christi
857 5029 918 5081 in
977 5027 1330 5081 Eucharistia
1411 5027 1763 5080 observanda
1827 5031 1980 5092 sunt,

289 5116 469 5152 unum
498 5100 559 5152 in
595 5101 800 5168 figura,
828 5099 1012 5166 specie
1062 5104 1161 5151 aut
1191 5097 1462 5166 imagine,
1506 5098 1746 5151 alterum
1780 5113 1982 5168 recon-

289 5171 474 5224 ditum
508 5170 616 5222 sub
650 5167 793 5222 velis
831 5175 888 5222 et
919 5169 1250 5239 speciebus;
1281 5185 1409 5239 quas
1439 5170 1551 5222 duo
1579 5185 1675 5221 ore
1727 5167 1984 5221 ﬁdelium

287 5241 688 5310 percipiuntur
719 5240 890 5293 modo
921 5238 1204 5309 spirituali
1225 5259 1240 5305 ;
1263 5238 1536 5310 quoniam
1568 5239 1618 5292 vi
1641 5238 1774 5292 ﬁdei
1796 5254 1983 5310 unum

289 5309 394 5363 sub
421 5309 603 5364 altero
644 5311 929 5364 occultum
971 5311 1245 5375 creditur,
1283 5309 1430 5363 adeo
1461 5315 1523 5362 ut
1555 5309 1837 5362 utrumvis
1899 5310 1982 5360 vi-

291 5382 445 5445 deas,
470 5397 705 5450 semper
735 5387 1045 5450 utrumque
1085 5381 1348 5450 recipias,
1399 5385 1674 5450 quoniam
1708 5380 1820 5432 ﬁde
1859 5395 1984 5432 ere-

293 5452 445 5505 ditur
501 5468 687 5506 unum
735 5452 914 5504 altero
953 5449 1333 5513 reconditum,
1389 5449 1445 5503 et
1487 5466 1600 5502 una
1657 5449 1986 5520 recipiendo

295 5521 836 5594 utrumqueyirtus
879 5521 1121 5594 Spiritus
1176 5522 1355 5575 sancti
1404 5536 1626 5594 annexa
1657 5520 1989 5594 communi-

297 5598 382 5646 cat
421 5591 730 5646 animabus
778 5591 989 5646 nostris
1027 5593 1177 5646 viam
1227 5596 1523 5646 aeternam.
1580 5591 1833 5646 Primum
1885 5607 1987 5660 ap-

2107 469 2352 524 liostiam
2386 471 2498 523 Deo
2523 469 2582 522 in
2611 470 2846 523 odorem
2878 471 3206 537 suavitatis;
3257 473 3346 526 cui
3387 489 3513 528 cum
3546 477 3710 530 Patre
3740 483 3798 530 et

2104 556 2325 628 Spiritu
2356 563 2585 611 sanctoa
2616 557 2975 628 patriarcbis,
3004 564 3060 611 et
3088 561 3402 629 prophetis,
3439 569 3496 616 et
3535 566 3795 620 sacerdo-

2107 647 2276 713 tibus,
2312 652 2568 717 tempore
2633 647 2844 700 Veteris
2891 647 3238 701 Testamenti
3287 650 3557 704 animalia
3588 653 3796 708 sacriﬁ-

2104 735 2378 789 cabantur
2414 751 2425 788 :
2461 742 2515 789 et
2546 735 2637 788 cui
2679 750 2850 798 nunc,
2898 734 2955 788 id
3018 740 3096 788 est
3132 741 3387 807 tempore
3424 740 3559 792 Novi
3602 742 3793 794 Testa-

2104 824 2302 891 menti,
2337 841 2466 877 cum
2499 825 2665 877 Patre
2706 829 2761 876 et
2790 822 3009 893 Spiritu
3039 830 3249 888 sancto,
3296 841 3423 879 cum
3457 826 3665 897 quibus
3712 823 3808 881 illi

2103 928 2218 965 una
2251 917 2336 964 est
2363 912 2653 981 divinitas,
2681 911 3023 965 sacriﬁcium
3057 912 3218 980 panis
3249 917 3303 966 et
3325 913 3461 979 vini,
3506 915 3564 967 in
3596 915 3708 970 ﬁde
3739 922 3795 970 et

2101 1001 2397 1067 charitate,
2465 1007 2654 1054 sancta
2717 1000 2995 1053 catholica
3038 1000 3281 1053 Ecclesia
3333 1016 3435 1071 per
3467 1003 3793 1058 universum

2100 1089 2296 1143 orbem
2326 1095 2493 1143 terrae
2523 1090 2728 1144 offerre
2776 1105 2888 1142 non
2931 1094 3130 1142 cessat.
3167 1090 3228 1142 ln
3266 1089 3374 1142 illis
3405 1089 3556 1143 enim
3596 1106 3792 1145 carna-

2099 1177 2250 1232 libus
2297 1178 2542 1232 victimis
2594 1177 2934 1248 signiﬁcatio
2991 1177 3101 1230 fuit
3126 1177 3310 1231 carnis
3359 1177 3591 1244 Christi,
3623 1196 3794 1250 quam

2100 1283 2204 1337 pro
2236 1268 2481 1337 peccatis
2515 1269 2723 1320 nostris
2758 1267 2878 1336 ipse
2911 1265 3032 1319 sine
3092 1270 3324 1336 peccato
3357 1268 3542 1320 fuerat
3571 1267 3797 1322 oblatu-

2103 1372 2219 1419 rus,
2253 1361 2310 1410 et
2339 1356 2633 1425 sanguinis
2655 1372 2827 1426 quem
2855 1360 2976 1409 erat
3002 1355 3288 1410 effusurus
3317 1355 3373 1408 in
3397 1356 3797 1411 remissionem

2098 1449 2462 1514 peccatorum
2491 1450 2838 1499 nostrorum.
2874 1446 2935 1498 In
2990 1445 3099 1498 isto
3134 1450 3325 1498 autem
3358 1445 3635 1498 sacriﬁcio
3667 1462 3798 1515 gra-

2101 1533 2312 1586 tiarum
2345 1532 2493 1585 actio
2534 1537 2706 1603 atque
2737 1532 3208 1586 commemoratio
3238 1539 3322 1586 est
3350 1533 3538 1586 carnis
3587 1534 3794 1588 Christi

2100 1637 2272 1692 quam
2305 1637 2408 1690 pro
2442 1621 2604 1674 nobis
2645 1621 2875 1689 obtulit,
2916 1626 2969 1674 et
3000 1621 3294 1691 senguinis
3338 1637 3508 1691 quem
3557 1639 3660 1692 pro
3689 1639 3790 1676 no-

2100 1709 2187 1763 bis
2220 1709 2438 1763 effudit.
2477 1709 2552 1762 De
2608 1725 2720 1780 quo
2751 1708 2950 1762 beatus
2997 1710 3207 1762 Paulus
3244 1711 3538 1778 apostolus
3577 1710 3710 1764 dicit
3737 1713 3794 1764 in

2096 1798 2326 1852 Actibus
2359 1799 2748 1867 apostolorum
2781 1797 3088 1863 {Attendite
3117 1797 3266 1850 vobis
3302 1803 3350 1850 et
3372 1800 3620 1851 universo
3641 1798 3795 1866 gregi

2096 1891 2155 1940 in
2189 1902 2292 1954 quo
2321 1901 2412 1940 vos
2443 1885 2690 1954 Spiritus
2721 1891 2939 1940 sanctus
2969 1887 3153 1954 posuit
3175 1887 3444 1953 episcopus
3474 1901 3658 1953 regere
3677 1887 3791 1940 Et:-

2097 1977 2316 2029 clesiam
2366 1977 2481 2038 Dei,
2518 1990 2680 2042 quam
2733 1975 3026 2042 acquisivit
3063 1974 3330 2037 sanguine
3370 1987 3465 2026 suo
3503 1974 3654 2041 (Act.
3697 1990 3788 2040 xx,

2097 2064 2210 2131 28).
2253 2065 2314 2116 In
2349 2062 2460 2115 illis
2491 2080 2628 2132 ergo
2669 2062 2962 2115 sacriﬁciis
2993 2062 3132 2131 quid
3168 2061 3332 2114 nobis
3379 2067 3525 2114 esset
3581 2063 3793 2116 donan-

2097 2150 2256 2209 dum.
2309 2150 2549 2220 figurate
2582 2149 3040 2219 signiﬁcabatur;
3075 2148 3132 2201 in
3157 2149 3264 2201 hoc
3295 2154 3488 2202 autem
3520 2149 3792 2204 sacriﬁcio

2099 2244 2233 2314 quid
2261 2244 2380 2314 jam
2410 2243 2573 2296 nobis
2613 2244 2887 2298 donatum
2920 2242 3013 2310 sit,
3070 2242 3364 2296 evidenter
3394 2243 3731 2297 ostenditur.
3763 2263 3789 2293 ι)

2167 2333 2296 2385 XCI.
2359 2331 2557 2386 Diceris
2615 2331 2765 2402 quod
2828 2330 2886 2383 in
2947 2329 3059 2383 illis
3103 2329 3392 2383 sacriﬁciis
3452 2329 3586 2400 quid
3631 2330 3793 2384 nobis

2101 2426 2248 2474 esset
2277 2420 2611 2475 donandum
2662 2418 3125 2490 signiﬁcabatur;
3185 2417 3243 2470 in
3277 2418 3381 2471 isto
3416 2434 3547 2472 vero
3580 2418 3792 2472 sacrifi-

2099 2511 2187 2562 cio
2248 2509 2386 2579 quid
2427 2508 2501 2561 sit
2551 2508 2828 2561 donatum
2879 2511 3379 2574 commemoretur,
3413 2509 3678 2577 patenter
3708 2507 3792 2560 in-

2099 2595 2226 2649 nuit
2264 2594 2417 2665 quod
2447 2596 2473 2637 Ι)
2503 2593 2648 2648 sicut
2707 2594 2804 2647 illa
2836 2595 3078 2664 ﬁguram
3129 2593 3381 2647 habuere
3444 2593 3788 2661 futurorum,

2099 2684 2179 2738 sic
2209 2690 2264 2738 et
2302 2683 2410 2737 hoc
2439 2683 2780 2736 sacriﬁcium
2807 2683 2992 2753 ﬁgura
3023 2682 3095 2736 sit
3128 2683 3574 2753 praeteritorum.

2098 2842 2345 2910 pellatur
2387 2839 2720 2910 mysterium
2777 2843 2834 2893 et
2883 2843 3325 2903 sacramentum,
3385 2843 3440 2892 et
3471 2843 3555 2893 est
3584 2854 3790 2910 corpus

2099 2912 2310 2966 Christi
2358 2911 2832 2980 nuncupativum,
2866 2917 2930 2963 ut
2963 2910 3152 2980 inquit
3185 2911 3420 2979 Algerus
3458 2911 3569 2978 glib.
3628 2927 3665 2975 1,
3701 2928 3789 2964 ca-

2100 2985 2218 3050 pite
2257 2985 2342 3049 1‘7,
2373 2979 2659 3035 diversum
2693 2999 2723 3033 a
2753 2996 2995 3050 corpore
3028 2979 3232 3034 Christi
3275 2980 3345 3034 de
3372 2980 3602 3050 Virgine
3637 2985 3787 3034 nato.

2096 3053 2420 3106 Secundum
2455 3069 2586 3105 vero
2611 3052 2681 3104 ab
2721 3067 2788 3103 eo
2819 3068 2932 3104 non
2965 3051 3187 3104 differet
3219 3067 3321 3104 nec
3352 3051 3640 3104 diversum
3674 3059 3786 3106 est:

2097 3139 2292 3175 revera
2341 3128 2426 3175 est
2453 3139 2542 3175 ex-
2575 3122 2809 3174 adverso
2866 3122 3052 3190 ipsum
3110 3137 3307 3188 reapse
3340 3137 3535 3173 verum
3586 3138 3791 3190 corpus

2097 3193 2322 3258 Christi,
2379 3193 2477 3246 sed
2545 3192 2851 3257 occultum,
2911 3206 3016 3243 nec
3061 3191 3332 3256 velatum,
3380 3206 3484 3243 nec
3525 3191 3789 3244 dentibus

2096 3263 2319 3316 friabile
2368 3268 2467 3315 aut
2513 3262 2858 3330 discerptum
2890 3260 3166 3330 partitim,
3203 3267 3258 3313 et
3292 3277 3404 3313 uno
3429 3261 3600 3312 verbo
3632 3261 3691 3312 in
3720 3277 3788 3313 eo

2093 3340 2239 3410 statu
2281 3339 2365 3410 est
2393 3349 2506 3410 quo
2555 3332 3006 3410 proprietatibus
3035 3330 3284 3410 physicis
3324 3336 3400 3410 et.
3426 3331 3789 3410 geometricis

2094 3400 2788 3467 dimension'ibus'careat,
2825 3400 3084 3473 quamvis
3119 3400 3178 3454 in
3211 3402 3443 3472 propria
3473 3400 3547 3454 sit
3584 3403 3790 3454 natura

2095 3482 2150 3529 et
2179 3475 2492 3529 substantia
2528 3475 2580 3526 in
2613 3490 2725 3544 qua
2756 3471 2920 3542 panis
2947 3478 3004 3526 et
3031 3471 3226 3525 vinum
3254 3477 3390 3526 sunt
3415 3476 3786 3544 commutata.

2097 3547 2216 3600 Hoc
2273 3552 2358 3599 est
2386 3546 2535 3616 quod
2571 3543 2917 3599 Batramnus
2949 3544 3200 3613 appellat
3233 3543 3531 3614 proprium
3585 3558 3790 3612 corpus

2093 3616 2324 3671 Christi.

2163 3689 2188 3730 ι)
2227 3688 2380 3741 Sicut
2409 3688 2506 3740 illa
2533 3688 2768 3753 ﬁguram
2829 3685 3060 3738 habuere
3111 3685 3445 3750 futurorum,
3487 3685 3565 3737 sic
3596 3687 3646 3736 et
3695 3683 3789 3738 hoc

2092 3760 2420 3824 sacriﬁcium
2449 3760 2628 3824 ﬁgura
2657 3759 2726 3809 sit
2755 3758 3172 3823 praeteritorum.
3196 3756 3336 3808 Cum
3361 3770 3492 3807 vero
3534 3754 3789 3808 Christus

2097 3828 2374 3881 Dominus
2442 3825 2806 3879 Eucharistia:
2843 3825 3184 3878 sacriﬁcium
3236 3824 3551 3877 instituerit
3584 3826 3641 3877 in
3675 3841 3789 3878 me-

2095 3899 2336 3951 moriam
2391 3912 2504 3949 suae
2546 3895 2745 3948 mortis
2809 3902 2867 3948 et
2905 3894 3206 3963 passionis,
3237 3894 3496 3947 doctrina
3530 3895 3788 3948 Ecclesiae

2093 3968 2388 4022 catholicae
2418 3983 2644 4034 semper
2692 3965 2802 4018 fuit
2858 3964 3216 4034 mysteriumr
3253 3963 3619 4016 Eucharistia:
3667 3981 3787 4018 esse

2093 4039 2334 4108 ﬁguram
2369 4036 2848 4108 sacriﬁciicrucis.
2883 4035 2988 4108 sed
3023 4050 3137 4087 non
3171 4033 3250 4085 ait
3276 4034 3617 4108 Batramnus
3643 4034 3786 4108 sun-

2095 4103 2303 4179 plicem
2337 4107 2737 4179 tantummodo
2769 4123 2890 4179 esse
2926 4106 3196 4179 figuram,
3233 4103 3384 4179 quod
3433 4104 3550 4179 sibi
3601 4104 3786 4179 vindi-

2094 4175 2228 4234 cant
2250 4184 2633 4249 protestantes
2685 4176 2960 4249 haeretici.
2996 4175 3592 4249 Probat_solum_modo
3630 4175 3688 4228 in
3721 4191 3787 4228 eo

2095 4246 2344 4320 aliquam
2378 4266 2498 4303 esse
2528 4249 2795 4320 ﬁguram,
2825 4247 3039 4320 scilicet
3071 4247 3223 4320 quod
3257 4246 3506 4320 exterius
3526 4253 3782 4320 apparet.

2093 4316 2209 4375 Sed
2248 4321 2456 4374 fatetur
2503 4316 2746 4372 rotunde
2806 4318 2963 4370 aliud
3014 4317 3256 4370 interius
3311 4316 3618 4369 consistere
3676 4316 3787 4370 ﬁde
3845 4326 3862 4333 '

2089 4392 2553 4460 intelligendum.
2609 4391 2777 4443 Num.
2831 4391 2897 4441 92
2932 4403 2944 4439 :
2980 4389 3086 4441 Hoc
3117 4402 3255 4460 vcro_
3291 4389 3597 4454 mysticum,
3631 4387 3788 4440 aliud

2089 4457 2330 4516 emterius
2360 4477 2456 4529 per
2476 4461 2720 4529 figuram
2750 4464 3046 4520 ostentans,
3098 4457 3255 4510 aliud
3302 4459 3529 4529 interius
3574 4473 3673 4525 per
3700 4462 3784 4510 in-

2090 4527 2502 4600 tellectumﬁdei
2529 4535 2937 4599 repraesentans.
3003 4529 3078 4581 De
3107 4545 3221 4598 quo
3273 4527 3354 4580 ait
3399 4544 3640 4581 numero
3670 4529 3738 4600 49
3767 4543 3780 4581 :

2098 4605 2226 4657 Vere
2264 4598 2456 4670 corpus
2493 4606 2542 4655 et
2579 4598 2804 4668 sanguis
2876 4600 3082 4670 Christi
3133 4600 3393 4651 emisi-unt.
3455 4600 3590 4652 Ecce
3670 4598 3784 4652 duo

2089 4669 2408 4727 clarissima
2457 4672 2680 4725 suntin
2722 4669 3076 4724 Eucharistia
3119 4685 3300 4721 unum
3356 4670 3622 4734 exterius,
3674 4670 3786 4722 sci—

2090 4744 2222 4797 licet
2271 4745 2476 4813 ﬁgura,
2535 4743 2776 4796 alterum
2836 4738 3102 4802 interius,
3157 4738 3307 4813 quod
3367 4739 3784 4813 est__objeetum

2090 4814 2262 4880 ﬁdei;
2314 4809 2368 4866 et
2398 4818 2483 4866 est
2527 4829 2659 4866 vere
2699 4828 2906 4881 corpus
2938 4815 2993 4864 et
3019 4811 3250 4878 sanguis
3278 4810 3408 4881 Jgesu
3439 4809 3680 4881 Christi.‘
3715 4812 3786 4861 At

2091 4901 2222 4938 vero
2251 4900 2382 4938 cum
2416 4884 2703 4954 objectnm
2736 4879 2866 4936 ﬁdei
2907 4881 2966 4935 in
3001 4879 3350 4935 Eucharistia
3385 4895 3499 4932 non
3548 4880 3608 4932 ﬁt
3640 4879 3781 4930 sim-

2090 4955 2318 5024 pliciter
2369 4956 2426 5007 in
2485 4954 2690 5022 figura,
2740 4967 3147 5024 recognoscere
3199 4965 3428 5024 necesse
3459 4954 3547 5024 est
3577 4965 3783 5024 corpus

2091 5020 2300 5079 Christi
2334 5020 2570 5095 quodin
2590 5023 2862 5095 mysterio
2882 5020 3361 5095 credim_us,quod
3393 5026 3478 5095 est
3497 5020 3784 5095 objectnm

2094 5097 2247 5160 ﬁdei,
2281 5090 2396 5154 non
2428 5094 2508 5147 ibi
2557 5090 2894 5160 simpliciter
2923 5093 3062 5146 etin
3095 5090 3278 5162 ﬁgura
3309 5090 3635 5152 consistere,
3671 5106 3782 5143 no-

2095 5171 2393 5235 strumque
2460 5166 2837 5235 Ratramnnm
2886 5163 3056 5235 longe
3109 5162 3521 5216 alienissimum
3561 5176 3787 5235 semper

2092 5236 2265 5290 fuisse
2286 5231 2355 5290 ab
2387 5235 2490 5289 hac
2511 5233 2793 5287 sententia
2815 5233 3062 5302 partium
3095 5235 3539 5287 Prostetantum.
3595 5231 3784 5302 Enim-7

2093 5323 2226 5359 vero
2257 5323 2363 5359 noc
2391 5305 2755 5374 participium
2808 5301 3200 5374 repraesentans
3261 5320 3373 5357 non
3403 5302 3689 5372 signiﬁcat
3709 5301 3788 5356 ibi

2095 5377 2244 5448 quod
2273 5373 2811 5448 verbunrexliibere
2845 5381 2902 5427 et
2931 5373 3124 5425 sistere
3153 5379 3488 5448 praesentem
3528 5390 3627 5427 seu
3669 5389 3786 5448 rem

2093 5444 2436 5519 praesentem
2479 5447 3078 5519 efﬁcacitergprgistare
3108 5449 3186 5519 .et
3219 5444 3458 5519 reddere
3493 5460 3506 5497 :
3543 5444 3790 5519 exempli

2140 5518 2300 5586 ratia,
2333 5518 2468 5572 dum
2501 5517 2560 5570 in
2595 5512 2844 5571 secunda
2873 5512 3189 5586 Philippica
3220 5513 3301 5586 ait
3321 5515 3537 5586 Marcus
3573 5512 3792 5568 Tullius

2140 5535 2300 5586 raua,
2333 5535 2468 5572 cum
2501 5535 2560 5570 1n
2595 5535 2844 5571 secunua
2873 5535 3189 5582 ιἰιιιιρβιαει
3220 5535 3301 5566 Ηιι
3323 5535 3537 5567 marcus
3583 5535 3792 5568 111111113

2096 5535 2292 5644 Cicero
2329 5589 2515 5654 :Quin
2539 5589 2701 5642 etiam
2722 5601 2914 5655 corpus
2937 5583 3159 5639 libenter
3187 5584 3489 5649 obtulerim,
3517 5586 3567 5638 si
3593 5600 3792 5652 reprae-
