4148 6180
426 296 524 368 (67

1569 303 1934 358 RATBAIINI
1969 301 2426 358 CORBEIENSIS
2466 299 2773 357 MONACHI

3827 304 3928 354 i68

493 451 648 506 XCII.
703 447 920 514 Quibus
978 443 1162 510 dictis,
1221 443 1436 512 quanta
1485 439 1807 494 differentia
1853 438 1926 492 sit
1965 437 2117 492 inter
2147 441 2191 491 A
2232 435 2690 507 poralem;quod
2718 431 3925 504 intelligitur,fructumhabetspirituatem.

426 555 631 608 corpus
689 538 747 590 in
793 551 906 605 quo
963 547 1166 602 passus
1223 535 1306 583 est
1334 527 1607 592 Christus,
1661 532 1716 580 et
1772 527 1878 580 hoc
1908 542 2116 596 corpus

425 628 577 698 quod
608 641 710 696 pro
732 625 855 694 ejus
885 620 1165 692 passionis
1190 616 1740 672 commemoratione
1774 616 1889 669 sive
1917 615 2120 668 mortis

427 716 517 778 sit,
587 711 1010 767 evidentissime
1071 706 1404 762 declaravit.
1472 706 1615 760 Illud
1674 720 1924 774 namque
1976 720 2118 773 pro—

423 802 612 872 prium
671 805 725 854 et
757 815 976 863 verum,
1038 797 1183 850 nihil
1214 796 1430 850 habens
1488 793 1544 847 in
1600 810 1658 846 se
1693 793 1779 846 vel
1815 793 2114 862 mysticum

422 891 509 943 vel
554 891 902 959 ﬁguratum;
957 887 1063 939 hoc
1106 901 1230 938 vers
1268 883 1607 955 mysticum;
1653 882 1807 935 aliud
1870 881 2122 934 exterius

421 995 525 1049 per
585 979 830 1047 figuram
881 979 1194 1038 ostentans,
1258 973 1413 1026 aliud
1445 971 1682 1025 interius
1748 986 1850 1041 per
1897 969 2122 1024 intelle-

425 1072 578 1120 ctum
606 1065 737 1120 ﬁdei
760 1069 1127 1134 praesentans.
1156 1061 1315 1129 (Vide
1341 1077 1490 1114 num.
1520 1059 1638 1129 9l.)

495 1155 675 1209 XCIII.
710 1155 996 1206 Ponamus
1037 1151 1224 1204 adhuc
1279 1166 1458 1202 unum
1492 1149 1673 1202 Patris
1708 1146 2009 1217 Augustini
2039 1151 2123 1200 te-

426 1241 782 1308 stimonium,
866 1239 1020 1310 quod
1081 1243 1136 1292 et
1202 1238 1485 1291 dictorum
1545 1236 1716 1290 ﬁdem
1799 1239 2122 1288 nostrorum

428 1335 646 1385 astruat
694 1336 750 1382 et
791 1328 1071 1382 sermonis
1123 1327 1442 1396 marginem
1495 1329 1690 1395 ponat.
1749 1325 1810 1377 In
1860 1339 2125 1376 sermone

430 1435 602 1490 quem
633 1417 767 1472 fecit
793 1417 860 1470 ad
905 1416 1183 1487 populum
1251 1414 1320 1468 de
1377 1413 1744 1468 Sacramenta
1806 1412 2000 1465 altaris
2050 1410 2127 1464 sic

429 1509 552 1563 inﬁt
584 1523 596 1561 :
629 1529 655 1556 ι(
689 1507 804 1560 Hoc
855 1505 1008 1574 quod
1051 1504 1250 1557 videtis
1300 1502 1358 1556 in
1405 1501 1572 1555 altari
1633 1501 1900 1570 Dei,jam
1955 1505 2129 1552 trans-

427 1601 550 1648 acta
595 1601 756 1648 nocte
789 1593 1037 1658 vidistis;
1102 1591 1200 1644 sed
1233 1591 1369 1660 quid
1404 1594 1568 1653 esset,
1601 1589 1737 1660 quid
1787 1588 1894 1641 sibi
1941 1589 2124 1653 vellet,

430 1700 599 1754 quam
631 1698 856 1752 magna:
889 1681 968 1734 rei
1001 1685 1421 1733 sacramentum
1480 1679 1820 1741 contineret,
1867 1676 2123 1729 nondum

434 1770 748 1823 audivistis.
802 1768 961 1832 Quod
1023 1784 1160 1836 ergo
1218 1766 1442 1834 videtis,
1499 1765 1666 1835 panis
1725 1769 1810 1818 est
1851 1769 1906 1816 et
1956 1763 2118 1828 calix,

426 1857 586 1928 quod
619 1857 776 1910 vobis
806 1856 981 1909 etiam
1015 1856 1166 1908 oculi
1196 1855 1367 1908 vestri
1399 1852 1750 1907 renuntiant.
1806 1852 1964 1916 Quot
2021 1868 2115 1904 au-

431 1952 546 2000 tem
579 1944 720 1998 ﬁdes
752 1952 940 1997 vestra
980 1945 1232 2013 postulat
1264 1941 1620 2007 instruenda,
1653 1939 1818 2010 panis
1867 1943 1956 1992 est
1993 1954 2123 1990 cor—

429 2050 537 2104 pus
570 2033 796 2097 Christi,
824 2033 967 2085 calix
1001 2037 1086 2085 est
1133 2030 1366 2100 sanguis
1423 2029 1656 2083 Christi.
1712 2027 1970 2081 Breviter
1996 2027 2121 2096 qui-

429 2123 560 2176 dem
590 2122 697 2173 hoc
725 2120 940 2173 dictum
977 2124 1078 2182 est,
1113 2118 1267 2188 quod
1322 2117 1455 2171 ﬁdei
1512 2118 1658 2170 forte
1720 2115 1993 2179 sufﬁciat;
2030 2114 2124 2167 sed

432 2209 572 2262 ﬁdes
597 2208 1029 2260 instructionem
1081 2207 1382 2259 desiderat.
1438 2205 1584 2259 Dicit
1612 2205 1766 2258 enim
1801 2204 2078 2274 propheta
2111 2219 2122 2256 :

431 2299 553 2352 Nisi
579 2296 940 2360 credideritis,
973 2311 1078 2349 non
1104 2295 1417 2360 intelligetis
1466 2294 1594 2364 (Isa.
1646 2309 1740 2360 vu,
1768 2293 1842 2362 9).
1887 2292 2128 2345 Potestis

431 2401 568 2455 ergo
601 2386 787 2439 dicere
825 2384 966 2438 mihi
1002 2401 1014 2438 :
1059 2383 1381 2453 Praecepisti
1418 2389 1481 2436 ut
1547 2382 1864 2447 credamus,
1907 2397 2127 2450 expone

429 2478 494 2527 ut
524 2473 932 2543 intelligamus.
971 2473 1157 2526 Potest
1197 2470 1348 2524 enim
1412 2469 1608 2522 animo
1666 2468 1986 2538 cujuspiam
2031 2483 2128 2521 co-

385 2626 393 2634 .
428 2561 630 2630 gitatio
661 2561 783 2634 trlis
813 2559 1028 2614 oboriri
1061 2575 1075 2612 :
1131 2559 1406 2612 Dominus
1437 2562 1627 2611 noster
1683 2557 1844 2610 Iesus
1873 2556 2127 2609 Christus

431 2633 693 2702 novimus
717 2633 878 2701 Iit-uide
909 2646 1192 2716 acceperit
1224 2662 1478 2709 carnem,
1511 2646 1580 2699 de
1636 2644 1857 2713 virgine
1917 2645 2129 2703 scilicet:

430 2736 630 2802 Maria;
687 2735 877 2789 infans
929 2736 1167 2788 Iactatus
1224 2739 1328 2802 est,
1368 2733 1616 2787 nutritus
1674 2737 1777 2798 est,
1829 2733 2005 2786 crevit
2055 2733 2123 2787 ad

425 2823 739 2893 juvenilem
771 2826 998 2876 aetatem
1039 2821 1350 2891 perductus
1380 2827 1483 2887 est,
1535 2821 1816 2889 alludzeis
1861 2837 2124 2891 persecu-

431 2912 646 2966 tionem
679 2927 876 2980 passus
899 2915 1004 2976 est,
1048 2910 1204 2978 ligno
1271 2925 1581 2980 suspensus
1620 2914 1726 2975 est,
1793 2908 2126 2962 interfectus

432 3005 538 3066 est,
572 3000 640 3053 de
670 3000 830 3068 ligno
870 2998 1164 3068 depositus
1203 3004 1308 3063 est,
1355 2998 1612 3068 sepultus
1661 3003 1763 3064 est,
1809 2997 1978 3050 tertio
2032 2995 2123 3050 die
2158 3031 2197 3084 Ο

433 3087 771 3142 ressurrexit
798 3103 810 3140 :
835 3102 949 3158 quo
979 3086 1070 3141 die
1103 3086 1303 3154 voluit,
1339 3086 1395 3139 in
1425 3086 1632 3139 caelum
1667 3085 1950 3150 ascendit;
1991 3084 2126 3138 illuc

431 3176 633 3229 levavit
663 3191 869 3245 corpus
901 3190 1098 3242 suum;
1132 3175 1266 3229 inde
1299 3179 1571 3228 venturus
1608 3175 1702 3245 {est
1753 3173 2011 3244 judicare
2053 3173 2129 3226 vi—

433 3280 529 3316 vos
553 3269 610 3316 et
639 3268 931 3329 mortuos;
961 3262 1040 3317 ibi
1087 3267 1173 3316 est
1230 3263 1401 3317 modo
1463 3263 1667 3317 sedens
1699 3262 1765 3316 ad
1834 3262 2126 3316 dexteram

429 3351 942 3415 Patris.Quom0do
964 3351 1126 3422 panis
1157 3367 1366 3422 corpus
1386 3351 1549 3421 ejus?
1579 3351 1816 3420 etzcalix,
1853 3351 1936 3403 vel
1972 3350 2126 3420 quod

429 3440 603 3494 habet
632 3440 798 3506 calix,
833 3441 1121 3510 quomodo
1153 3439 1276 3510 ejus
1327 3444 1412 3492 est
1453 3439 1731 3509 sanguis?
1759 3439 1884 3503 Ista,
1926 3438 2129 3491 fratres

428 3527 845 3597 ideojdicuntur
873 3532 1248 3594 sacramenta,
1283 3527 1417 3598 quia
1446 3527 1505 3580 in
1537 3527 1616 3580 eis
1638 3525 1791 3579 aliud
1822 3526 2046 3580 videtur
2075 3530 2130 3580 et

427 3616 586 3671 aliud
613 3615 976 3686 intelligitur:
1011 3615 1169 3686 quod
1197 3615 1440 3681 videtur,
1490 3615 1738 3685 speciem
1785 3613 1958 3669 habet
1996 3630 2128 3668 cor—

429 3777 638 3829 sentari
665 3779 834 3828 morte
856 3789 974 3828 mea
996 3773 1221 3828 libertas
1243 3775 1484 3828 civitatis
1521 3777 1712 3843 potest.
1749 3774 1873 3828 Non
1899 3773 1958 3828 in
2011 3775 2126 3828 ani-

428 3861 523 3899 mo
553 3845 756 3899 habuit
806 3851 1048 3899 mortem
1111 3861 1272 3897 suam
1313 3846 1434 3898 fore
1466 3845 1784 3915 simplicem
1812 3845 2124 3914 imaginem

427 3923 528 3969 aut
576 3917 1149 3987 repraesentationem
1179 3931 1414 3969 vacuam
1444 3919 1502 3969 et
1543 3922 1830 3987 carentem
1866 3917 2128 3970 libertate

430 3985 709 4051 Romana,
743 3987 838 4040 sed
873 4003 904 4040 a
937 4004 1037 4039 sua
1069 3992 1255 4040 morte
1295 3991 1350 4038 et
1381 4001 1512 4038 casu
1548 3985 1857 4039 efﬁcaciter
1909 3993 1965 4039 et
1997 4003 2126 4040 vere

427 4058 756 4110 restitutum
782 4056 880 4108 ibi.
918 4057 1028 4108 Nec
1049 4057 1289 4108 inliciari
1310 4057 1436 4124 quis
1451 4062 1639 4125 potest
1667 4057 1820 4109 hunc
1851 4072 1973 4109 esse
2006 4073 2129 4110 sen-

429 4143 555 4179 sum
589 4125 885 4179 Ratramni
930 4127 1285 4193 genuinum;
1319 4142 1449 4177 cum
1507 4142 1572 4178 ex
1623 4125 1860 4178 adverso
1897 4133 1952 4180 et
1983 4144 2011 4180 e
2044 4144 2128 4181 re-

429 4197 596 4263 giona
628 4195 798 4263 hujus
824 4195 1112 4263 participii
1160 4200 1434 4249 ostentans
1481 4211 1547 4248 eo
1577 4202 1969 4264 repraesentans
1999 4204 2125 4251 utr-

429 4272 542 4338 tur,
579 4268 729 4338 quod
761 4265 962 4338 ﬁgurae
1008 4267 1392 4338 characterem
1435 4266 1720 4338 exprimit,
1757 4283 1884 4337 quae
1918 4269 2128 4338 simpli-

2299 525 2476 578 XCIV.
2510 526 2622 577 Ista
2662 523 3000 577 venerabilis
3032 527 3230 575 auctor
3278 521 3471 574 dicens
3520 521 3756 575 instruit
3820 538 3928 576 nos

2232 615 2368 686 quid
2403 614 2470 668 de
2500 630 2601 684 pro
2637 613 2762 682 prio
2787 627 3025 681 corpore
3052 609 3305 677 Domini,
3338 609 3490 680 quod
3521 609 3590 663 de
3615 610 3790 664 Maria
3825 628 3927 663 na-

2230 710 2374 768 tum,
2427 708 2482 756 et
2515 718 2663 755 nunc
2715 700 2783 754 ad
2845 700 3131 754 dexteram
3170 697 3351 752 Patris
3407 697 3584 763 sedet,
3614 699 3757 752 etin
3814 716 3932 770 quo

2233 797 2505 846 venturus
2529 791 2785 861 judicare
2830 789 2987 842 vivos
3036 793 3091 840 et
3122 793 3407 852 mortuos;
3442 791 3496 840 et
3527 787 3663 857 quid
3715 787 3784 842 de
3820 788 3931 840 isto

2233 880 2387 952 quod
2419 895 2590 950 super
2619 880 2797 932 altare
2853 877 3086 948 ponitur
3144 881 3199 928 et
3239 876 3455 946 populo
3521 875 3926 945 participatur,

2233 968 2444 1022 sentire
2507 967 2836 1038 debeamus.
2885 965 3028 1019 Illud
3083 965 3370 1033 integrum
3426 968 3532 1032 est,
3584 967 3774 1035 neque
3813 965 3935 1018 ulla

2233 1055 2482 1108 sectione
2513 1053 2804 1116 dividitur,
2858 1068 2960 1105 nec
3004 1050 3135 1104 ullis
3193 1049 3392 1119 ﬁguris
3440 1051 3786 1118 obvelatur}
3824 1050 3934 1104 hoc

2233 1161 2366 1197 vero
2400 1143 2551 1214 quod
2604 1158 2774 1212 supra
2804 1156 3058 1193 mensam
3112 1138 3336 1192 Domim
3369 1139 3710 1204 continetur,
3771 1145 3829 1193 et
3859 1139 3930 1194 ﬁ-

2235 1247 2376 1302 gura
2406 1236 2512 1294 est,
2546 1231 2681 1300 quia
2723 1233 3140 1282 sacramentum
3201 1233 3315 1292 est;
3368 1232 3424 1280 et
3466 1228 3718 1281 exterius
3771 1227 3935 1298 quod

2234 1320 2476 1382 videtur,
2513 1334 2780 1389 speceum
2813 1318 2983 1371 habet
3027 1332 3357 1386 corpoream
3410 1332 3539 1387 quae
3571 1316 3751 1386 pascit
3806 1333 3935 1370 cor—

2234 1424 2344 1478 pus
2386 1416 2446 1462 :IL
2478 1407 2719 1460 interius
2751 1422 2882 1460 vero
2939 1405 3092 1475 quod
3117 1404 3480 1475 intelligitur,
3527 1405 3778 1459 fructum
3823 1406 3934 1459 ba—

2235 1497 2330 1551 bet
2360 1495 2715 1567 spiritualem
2746 1495 2844 1566 qui
2875 1493 3120 1547 viviﬁcat
3140 1493 3423 1548 animam.

2305 1587 2455 1640 XCV.
2489 1587 2554 1638 Et
2601 1585 2670 1638 de
2730 1584 2835 1637 hoc
2892 1583 3126 1652 mystico
3178 1599 3414 1652 corpore
3444 1582 3639 1635 volens
3672 1583 3932 1652 apertius

2237 1679 2293 1728 et
2341 1674 2694 1727 manifestius
2761 1672 2942 1743 loqui,
2994 1672 3071 1724 sic
3124 1671 3261 1725 dicit
3312 1672 3372 1724 in
3438 1669 3937 1742 consequentibus

2236 1763 2419 1832 (Ibid,
2454 1762 2510 1814 in
2545 1749 2694 1827 ﬁne;'
2727 1763 2884 1830 epist.
2920 1761 2976 1816 S.
3014 1759 3383 1827 Fulgentiiad
3400 1759 3755 1814 Fcrnandum
3805 1759 3935 1812 dia-

2232 1848 2441 1917 conum)
2477 1866 2489 1902 :
2526 1870 2553 1899 ‹‹
2588 1851 2806 1916 Corpus
2856 1864 2992 1916 ergo
3025 1847 3232 1901 Christi
3265 1847 3312 1900 si
3346 1847 3516 1900 vultis
3575 1847 3931 1915 intelligere,

2233 1939 2568 2008 Apostolum
2595 1938 2786 1990 audite
2809 1937 3091 1990 dicentem
3129 1952 3140 1989 :
3184 1937 3285 1989 Vos
3315 1939 3443 1988 estis
3474 1951 3670 2003 corpus
3715 1937 3936 1990 Christi

2234 2032 2282 2080 et
2311 2027 2547 2080 membra
2579 2027 2634 2090 (Ι
2679 2027 2797 2081 Cor.
2849 2041 2947 2090 xu,
2999 2026 3120 2094 27);
3165 2025 3496 2094 mysterium
3557 2031 3810 2078 vestrum
3872 2026 3934 2078 in

2235 2131 2432 2168 mensa
2462 2114 2685 2168 Domini
2717 2114 2962 2184 positum
3005 2119 3109 2178 est,
3151 2112 3485 2182 mysterium
3543 2117 3794 2166 vestrum
3847 2131 3938 2168 ac-

2235 2203 2440 2274 cipitis.
2474 2203 2557 2257 Ad
2588 2203 2642 2256 id
2693 2203 2843 2273 quod
2883 2201 3034 2267 es'is,
3087 2203 3259 2256 Amen
3295 2201 3678 2272 respondetis;
3735 2208 3790 2256 et
3842 2219 3935 2257 re-

2237 2293 2572 2364 Spondendo
2603 2290 2974 2352 subscribitis,
3002 2290 3178 2343 Audis
3230 2305 3386 2359 ergo,
3449 2291 3652 2356 Corpus
3703 2291 3931 2357 Christi,

2237 2387 2292 2436 et
2322 2381 2688 2451 respondens.
2723 2382 2912 2446 Amen,
2955 2385 3073 2432 esto
3115 2379 3434 2432 membrum
3481 2378 3737 2446 corporis
3769 2380 3938 2433 Chri-

2236 2470 2329 2537 sti,
2365 2474 2424 2522 ut
2462 2485 2659 2521 verum
2684 2468 2756 2521 sit
2785 2469 2974 2521 Amen.
3024 2467 3208 2530 Quare
3252 2483 3387 2537 ergo
3416 2467 3474 2519 in
3531 2466 3717 2536 pane?
3778 2468 3932 2521 Nihil

2236 2557 2327 2610 hic
2358 2556 2426 2610 de
2457 2561 2653 2610 nostro
2686 2555 3018 2618 atferamus;
3056 2555 3242 2624 ipsum
3269 2554 3602 2623 Apostolum
3642 2554 3933 2610 dicentem

2235 2646 2557 2709 audiamus,
2591 2661 2721 2697 cum
2765 2643 2833 2696 de
2865 2643 2972 2696 isto
2999 2649 3353 2696 sacramento
3388 2643 3743 2712 loqueretur,
3809 2644 3931 2698 ait:

2242 2738 2388 2790 Unus
2430 2736 2616 2803 panis,
2675 2747 2841 2786 unum
2912 2746 3104 2800 corpus
3160 2733 3320 2786 multi
3357 2746 3540 2786 sumus
3581 2732 3642 2785 in
3702 2732 3934 2786 Christo

2238 2822 2289 2892 (Ι
2306 2825 2433 2876 Cor.
2465 2838 2518 2886 Χ,
2545 2822 2653 2890 17),
2688 2842 2714 2870 ››
2748 2826 2805 2875 et
2835 2821 3076 2891 reliqua.

2305 2911 2481 2965 XCVI.
2511 2912 2752 2963 Sanctus
2781 2909 3136 2979 Augustinus
3167 2908 3304 2961 satis
3335 2924 3438 2961 nos
3487 2907 3718 2962 instruit
3771 2911 3933 2979 quod

2237 2999 2380 3053 sicut
2435 2999 2495 3051 in
2541 3015 2688 3069 pane
2741 3012 2913 3068 super
2962 2998 3135 3049 altare
3183 2997 3436 3066 positum
3513 3012 3722 3066 corpus
3769 2998 3939 3052 Chri-

2236 3088 2306 3141 sti
2362 3087 2643 3157 signatur,
2695 3084 2772 3139 sic
2823 3085 3003 3138 etiam
3067 3089 3124 3137 et
3177 3100 3384 3154 corpus
3441 3084 3775 3154 accipientis
3829 3102 3936 3155 po-

2235 3176 2377 3248 puli,
2438 3180 2498 3229 ut
2580 3174 2872 3229 evidenter
2937 3173 3198 3226 ostendat
3252 3173 3405 3243 quod
3471 3189 3677 3243 corpus
3727 3175 3940 3229 Christi

2236 3265 2540 3336 proprium
2570 3264 2707 3317 illud
2732 3263 2946 3323 existat,
2983 3262 3040 3315 in
3081 3278 3194 3333 quo
3242 3262 3501 3327 Iactatus,
3534 3263 3592 3315 in
3625 3278 3739 3332 quo
3796 3279 3938 3334 pas-

2235 3371 2351 3414 sus,
2381 3353 2439 3406 in
2474 3369 2587 3423 quo
2621 3357 2900 3416 mortuus,
2930 3351 2986 3404 in
3013 3366 3128 3422 quo
3164 3351 3442 3420 sepultus,
3480 3351 3542 3402 in
3579 3366 3693 3421 quo
3742 3366 3939 3405 resur-

2235 3442 2398 3507 rexit,
2429 3441 2489 3494 in
2523 3456 2636 3510 quo
2668 3441 2838 3493 caelos
2869 3439 3140 3504 ascendit,
3173 3439 3234 3492 in
3264 3455 3377 3509 quo
3398 3439 3580 3492 Patris
3637 3439 3703 3492 ad
3739 3440 3937 3494 dexte-

2235 3545 2357 3582 ram
2388 3528 2574 3596 sedet;
2637 3528 2697 3581 in
2729 3543 2844 3598 quo
2884 3532 3158 3582 venturus
3187 3533 3271 3582 est
3309 3527 3380 3581 ad
3421 3527 3726 3598 judicium.
3762 3530 3788 3572 ἱ)
3820 3529 3940 3584 Hoc

2237 3622 2430 3672 autem
2454 3617 2608 3688 quod
2639 3632 2812 3688 supra
2841 3633 3097 3671 mensam
3133 3615 3493 3671 Dominicam
3525 3617 3775 3686 positum
3819 3624 3931 3687 est,

2235 3791 2334 3829 cus
2364 3791 2427 3829 ac
2453 3774 2700 3846 figuram
2748 3773 3062 3829 solitariam
3119 3774 3320 3846 populi
3359 3774 3712 3846 ﬁdelis;sed
3745 3775 3935 3830 solum

2237 3848 2492 3916 corporis
2508 3845 2730 3900 Christi
2753 3851 2802 3899 et
2836 3847 3036 3916 populi
3059 3845 3240 3900 ﬁdelis
3280 3846 3526 3916 ﬁguram
3582 3845 3880 3900 incurrere
3919 3864 3932 3900 :

2236 3918 2422 3970 ethoc
2467 3918 2603 3970 satis
2634 3923 2718 3970 est
2765 3917 3072 3970 Itatramno
3121 3923 3184 3969 ut
3227 3918 3378 3986 quod
3441 3917 3632 3970 animo
3683 3917 3941 3971 intendit

2235 3989 2606 4058 comprobare
2637 3988 2847 4058 possit;
2895 3987 3105 4040 scilicet
3151 3993 3334 4041 totum
3369 3988 3516 4058 quod
3550 3988 3608 4040 in
3660 3990 3936 4057 mysterio

2237 4065 2340 4123 est,
2375 4075 2491 4112 non
2539 4075 2660 4111 esse
2693 4063 2755 4110 ut
2787 4059 2961 4111 oculis
3007 4059 3214 4110 nostris
3261 4059 3563 4124 subjicitur
3584 4063 3640 4111 et
3669 4066 3933 4128 apparet.

2238 4129 2333 4182 sed
2362 4130 2595 4198 insuper
2625 4129 2876 4198 aliquam
2909 4129 3303 4198 superimponi
3338 4131 3582 4198 ﬁguram
3623 4132 3680 4181 et
3700 4146 3936 4198 expres-

2236 4216 2356 4265 sam
2411 4200 2745 4267 imaginem.
2795 4199 3026 4252 Interim
3059 4215 3192 4252 vero
3249 4215 3379 4252 cum
3459 4199 4002 4267 animadverterit-7

2241 4270 2346 4323 hos
2405 4270 2630 4323 dicendi
2685 4275 2741 4322 et
2773 4269 3054 4323 scribendi
3104 4269 3298 4323 modos
3352 4269 3692 4339 quibusdam
3754 4272 3938 4324 videri

429 4335 572 4410 ci‘ter
594 4328 856 4410 '_format
879 4333 1223 4410 __imaginem
1309 4341 1364 4390 et
1412 4328 1554 4391 nihil
1613 4328 1810 4392 revera
1876 4328 2126 4409 praesens
2158 4328 2202 4382 D
2241 4356 2405 4410 posse
2437 4341 2694 4394 duriores
2715 4346 2773 4393 et
2801 4340 3231 4405 salebrosiores,
3269 4345 3324 4393 et
3355 4328 3458 4392 sub
3489 4340 3933 4409 intelligentiam

431 4404 736 4459 efﬁcaciter
756 4404 960 4458 reddit.

497 4477 760 4530 “Interius
792 4492 914 4529 vero
938 4475 1082 4544 quod
1123 4477 1446 4545 intelligitur
1501 4479 1742 4544 fructum
1781 4479 1938 4533 habet
2009 4483 2125 4548 spi-

427 4548 681 4620 ritualem
711 4548 1347 4620 quivieiﬁcatanimam.
1387 4550 1509 4602 Non
1539 4550 1693 4620 quod
1735 4550 1974 4603 interius
2039 4553 2125 4602 in-

427 4618 710 4684 telligitur
731 4634 852 4670 esse
882 4617 1131 4670 fructum
1166 4617 1670 4687 spiritualem,_sed
1697 4621 1938 4684 fructum
1970 4621 2128 4674 habet

426 4689 788 4761 spiritualem».
861 4689 999 4761 Nam
1040 4705 1244 4761 corpus
1277 4689 1485 4743 Christi
1555 4691 1706 4761 quod
1743 4707 1938 4744 revera
1978 4708 2124 4759 pra).-

427 4774 557 4830 sens
585 4765 668 4812 est
695 4759 798 4811 sub
829 4759 964 4830 velis
996 4760 1250 4829 corporis
1279 4761 1538 4814 sensibus
1569 4759 1857 4830 subjectis,
1912 4761 2127 4815 scilicet

427 4829 590 4899 panis
639 4835 696 4883 et
744 4829 858 4882 vini
887 4830 1203 4899 speciebus,
1263 4846 1380 4884 non
1412 4832 1516 4885 alit
1541 4829 1795 4885 animam
1854 4847 1958 4900 per
1987 4848 2124 4885 con-

425 4900 749 4953 versionem
800 4916 918 4953 suae
975 4901 1308 4954 substantias
1368 4902 1515 4955 sicut
1589 4908 1791 4954 caetera
1851 4903 2125 4956 alimenta

426 4971 717 5041 ordinaria
750 4986 988 5040 corpora
1030 4977 1222 5024 nostra
1278 4978 1622 5037 sustentant,
1675 4974 1769 5026 sed
1802 4987 1901 5041 per
1945 4973 2124 5026 virtu-

425 5047 540 5095 tem
576 5040 742 5113 verbi
764 5041 939 5113 divini
961 5047 1326 5111 aggregatam
1357 5046 1670 5113 gratiarum
1701 5040 2123 5096 accessionibus

425 5111 668 5184 inﬁnitis
697 5112 972 5174 cumulat,
1008 5121 1059 5164 et
1081 5111 1467 5184 innocentiam
1487 5113 1703 5178 fovens,
1758 5121 2122 5184 peccatorum

425 5183 820 5235 remissionem
855 5187 1086 5252 praestat
1109 5187 1164 5235 et
1192 5183 1428 5239 format.

493 5255 519 5294 Ι)
553 5255 662 5306 Hoc
691 5259 868 5305 autem
923 5252 1067 5320 quod
1102 5268 1272 5320 supra
1315 5270 1551 5307 mensam
1615 5255 1826 5308 Domini
1885 5257 2121 5322 positum

424 5327 522 5388 est,
555 5330 654 5375 etc.
690 5323 844 5375 Idem
895 5324 1103 5391 repetit
1163 5340 1300 5376 nun.
1336 5326 1402 5376 98
1437 5340 1448 5376 :
1503 5327 1576 5377 At
1607 5326 1666 5377 in
1704 5326 1805 5377 isto
1845 5325 1990 5390 quod
2027 5342 2124 5394 per

423 5395 712 5464 myrtetum
741 5396 969 5458 geritur,
1010 5396 1188 5458 ﬁgura
1217 5399 1295 5446 est
1321 5409 1427 5445 non
1483 5395 1651 5446 solum
1681 5397 1898 5461 proprii
1934 5411 2120 5464 corpo-

425 5465 502 5534 ris
538 5463 761 5534 Christi,
798 5479 994 5534 perum
1030 5466 1193 5516 etiam
1217 5466 1482 5534 credentis
1509 5469 1565 5516 in
1594 5466 1876 5518 Christum
1905 5468 2116 5534 pepuli.

427 5531 549 5604 Non
579 5533 674 5591 ait,
709 5531 768 5584 in
797 5532 905 5586 hoc
934 5549 1175 5602 corpore
1203 5533 1355 5603 quod
1386 5549 1488 5602 per
1509 5535 1843 5604 mysterium
1877 5531 2120 5590 habetur

429 5601 608 5655 solam
643 5616 765 5654 esse
797 5601 1048 5671 ﬁguram
1074 5601 1290 5674 proprii
1317 5601 1582 5674 corporis
1603 5605 1833 5674 Christi,
1887 5621 1997 5659 non
2030 5623 2115 5658 se-

2237 4411 2516 4481 projicere
2548 4427 2742 4463 verum
2801 4427 3006 4480 corpus
3062 4412 3197 4464 Jesu
3252 4410 3458 4464 Christi
3518 4418 3634 4464 tam
3675 4413 3936 4465 alienum

2237 4497 2356 4535 esse
2389 4482 2458 4534 ab
2483 4482 2834 4534 Eucharistia
2863 4497 3036 4551 quam
3068 4497 3272 4550 corpus
3315 4483 3503 4550 ipsum
3561 4482 3760 4550 populi
3798 4483 3940 4536 lide-

2237 4552 2324 4617 lis,
2357 4553 2435 4604 sic
2464 4553 2618 4606 fatur
2656 4567 2816 4605 num.
2857 4554 2978 4619 tOt,
3039 4553 3327 4620 explicans
3387 4557 3638 4604 mentem
3698 4568 3864 4605 suam
3920 4570 3932 4606 :

2235 4624 2341 4676 Nec
2381 4623 2499 4676 ideo
2560 4625 2815 4691 quoniam
2853 4625 2961 4675 ista
3017 4621 3265 4687 dicimus,
3315 4627 3534 4690 putetur
3587 4624 3644 4675 in
3678 4626 3938 4688 mysteria

2233 4699 2565 4746 sacramenti
2592 4697 2830 4761 corporis
2862 4695 3097 4756 Domini,
3140 4695 3220 4744 rel
3269 4695 3589 4760 sanguinem
3619 4695 3798 4760 ipsius
3830 4711 3939 4747 non

2234 4780 2265 4814 a
2291 4764 2540 4831 ﬁdelibus
2585 4766 2746 4817 sumi.
2782 4764 3094 4818 Observare
3126 4763 3302 4816 etiam
3335 4780 3478 4832 opus
3509 4768 3593 4816 est
3637 4765 3938 4831 appellare

2235 4849 2443 4904 corpus
2485 4835 2541 4886 in
2560 4835 2713 4904 quod
2731 4834 2987 4888 Christus
3008 4849 3214 4903 panem
3236 4834 3610 4886 commutavit
3636 4838 3692 4886 et
3708 4834 3938 4896 vinum,

2234 4903 2290 4956 in
2341 4903 2702 4957 institutione
2734 4905 2903 4973 hujus
2943 4904 3304 4971 sacramenti,
3365 4920 3572 4974 corpus
3631 4907 3937 4974 proprium

2233 4976 2384 5042 quod
2420 4991 2717 5045 passurum
2755 4981 2896 5040 erat,
2929 4983 2993 5028 ut
3026 4977 3266 5027 habetur
3291 4991 3532 5028 numero
3581 4976 3668 5041 28,
3717 4991 3896 5044 supra
3926 4994 3939 5030 :

2233 5045 2384 5098 Sicut
2435 5060 2560 5108 ergo
2609 5047 2772 5113 paulo
2811 5051 3099 5112 antequam
3117 5052 3417 5113 pateretur,
3482 5048 3642 5114 panis
3675 5047 3944 5100 Substan-

2234 5117 2368 5168 tiam
2396 5121 2445 5168 et
2473 5118 2591 5167 vini
2621 5121 2924 5168 creaturam
2972 5121 3274 5169 convertere
3327 5119 3506 5185 potuit
3558 5118 3614 5168 in
3653 5120 3944 5184 proprium.

2232 5201 2423 5253 corpus
2453 5186 2598 5254 quod
2635 5201 2924 5254 passurum
2959 5192 3094 5238 erat.
3134 5186 3379 5239 Dubium
3412 5187 3676 5240 subolere
3718 5188 3944 5241 nemini

2230 5257 2447 5309 homini
2481 5257 2704 5309 erudito
2728 5262 2911 5324 potest
2941 5258 3081 5324 quin
3113 5257 3219 5309 sibi
3251 5259 3598 5326 persuaserit
3648 5263 3703 5311 et
3749 5259 3941 5312 credi-

2231 5329 2379 5380 derit
2417 5327 2779 5390 Ratramnns,
2814 5328 3113 5396 proprium
3147 5343 3354 5396 corpus
3381 5328 3508 5380 Jesu
3542 5327 3770 5394 Christi,
3819 5329 3942 5383 sive

2231 5402 2428 5450 natum
2463 5397 2530 5450 de
2566 5397 2794 5465 Virgine
2835 5403 2892 5450 et
2915 5399 3069 5450 croci
3095 5399 3354 5464 aflixum,
3388 5398 3446 5451 in
3499 5399 3769 5468 mysterio
3819 5400 3940 5452 Eu-

2229 5468 2514 5539 charistia:
2536 5471 2868 5539 consistere,
2898 5469 3123 5522 tametsi
3148 5469 3531 5539 permanserit
3554 5471 3609 5521 in
3637 5468 3932 5538 suasione,

2229 5538 2381 5606 quod
2414 5537 2692 5608 quidquid
2734 5539 2912 5592 oculis
2971 5537 3181 5592 nostris
3239 5539 3542 5608 subjicitur
3570 5540 3630 5592 in
3687 5539 3794 5593 hoc
3840 5537 3932 5593 saé

2228 5614 2518 5661 cramento
2568 5613 2623 5661 et
2661 5623 2870 5678 corpus
2909 5610 3116 5663 Christi
3165 5613 3554 5679 muneupatur
3606 5609 3732 5678 ejus
3783 5617 3935 5664 esset
