4148 6180
276 228 373 278 169

1379 229 1467 283 DE
1510 229 1834 285 CORPORE
1890 233 1976 287 ET
2015 231 2361 287 SANGUINE
2404 231 2663 286 DOMINI.

3676 246 3772 296 170

268 355 613 425 mysterium
681 355 938 411 continet
987 355 1162 423 illius,
1229 358 1373 411 sicut
1429 359 1598 413 etiam
1656 360 1966 415 identidem
2008 368 2048 418 Α
2156 363 2215 416 C.
2248 363 2529 421 Docemur
2564 380 2596 415 a
2643 361 2956 429 Salvatore,
3006 381 3225 420 necnon
3272 383 3305 421 a
3354 376 3547 425 sancto
3598 375 3771 429 Paulo

270 445 613 513 mysterium
644 444 901 499 continet
928 445 1183 514 corporis
1213 446 1412 515 populi
1462 449 1765 513 credentis,
1809 454 1969 518 Apo-

270 534 413 585 stoIo
453 538 697 587 testante
729 550 740 587 :
784 535 930 587 Unus
950 536 1139 602 panis,
1170 550 1335 587 unum
1367 551 1559 604 corpus
1598 540 1757 591 multi
1784 553 1971 592 sumus

272 621 332 675 in
365 622 612 676 Christo.

341 711 543 765 XCVII.
604 711 1056 776 Animadvertat,
1144 712 1456 767 clarissime
1518 715 1802 784 princeps,
1882 733 1970 769 sa-

274 800 495 868 pientia
523 805 706 853 vestra
737 800 887 870 quod
936 800 1133 870 positis
1167 806 1490 856 sanctarum
1547 804 1969 873 Scripturarum

277 888 619 941 testimoniis
647 894 703 941 et
737 894 1064 942 sanctorum
1120 891 1352 943 Patrum
1408 890 1570 944 dictis
1614 893 1969 946 evidentissi-

275 992 365 1029 me
399 982 779 1030 monstratum
812 983 918 1045 est,
950 978 1101 1048 quod
1136 980 1299 1047 panis
1345 980 1445 1049 qui
1506 997 1713 1051 corpus
1746 982 1971 1050 Christi,

276 1070 331 1117 et
364 1066 505 1117 calix
538 1065 637 1135 qui
687 1067 921 1135 sanguis
979 1066 1187 1120 Christi
1238 1070 1579 1137 appellatur,
1635 1070 1820 1138 ﬁgura
1876 1071 1971 1139 sit,

277 1154 413 1225 quia
441 1154 775 1223 mysterium
811 1172 822 1208 :
857 1160 913 1208 et
951 1155 1106 1225 quod
1154 1172 1266 1209 non
1318 1173 1493 1226 parva
1541 1158 1862 1211 diﬁ'erentia
1902 1158 1974 1211 sit

276 1245 428 1296 inter
460 1259 666 1313 corpus
699 1243 850 1312 quod
884 1260 985 1313 per
1028 1244 1364 1313 mysterium
1416 1246 1627 1311 existit,
1683 1252 1738 1299 et
1769 1263 1973 1316 corpus

278 1331 435 1403 quod
464 1347 695 1400 passum
724 1338 831 1398 est,
881 1337 938 1385 et
987 1334 1301 1402 sepultum,
1334 1337 1390 1386 et
1449 1335 1777 1389 resurrexit.
1822 1335 1973 1399 Quo-

276 1421 435 1473 niam
468 1420 575 1472 hoc
608 1421 903 1491 proprium
925 1420 1234 1475 Salvatoris
1264 1438 1469 1492 corpus
1521 1423 1731 1489 existit,
1782 1439 1885 1476 nec
1915 1422 1973 1475 in

279 1526 346 1563 eo
376 1510 464 1562 vel
499 1510 690 1580 aliqua
722 1510 924 1579 ﬁgura,
964 1510 1049 1563 vel
1092 1510 1286 1581 aliqua
1316 1510 1678 1580 signiﬁcatio,
1723 1511 1817 1564 sed
1853 1511 1975 1581 ipsa

280 1599 361 1652 rei
397 1598 781 1652 manifestatio
813 1598 1193 1668 cognoscitur,
1229 1604 1283 1652 et
1320 1599 1502 1668 ipsius
1538 1600 1817 1653 visionem
1852 1616 1971 1653 cre-

2080 451 2357 520 apostolo,
2397 450 2547 521 quod
2590 451 2693 504 iste
2728 453 2893 521 panis
2942 457 2997 506 et
3040 454 3145 507 iste
3183 458 3413 527 sanguis
3444 461 3543 530 qui
3600 480 3773 533 super

2079 541 2256 591 altare
2286 545 2598 609 ponuntur,
2631 539 2688 592 in
2738 540 2985 610 ﬁguram
3031 542 3145 595 sive
3196 547 3534 601 memoriam
3572 551 3767 605 Domi-

2080 630 2222 681 nica:
2256 628 2455 681 mortis
2487 633 2795 697 ponantur,
2833 635 2892 682 ut
2922 630 3075 701 quod
3125 638 3349 701 gestum
3402 642 3484 688 est
3531 638 3587 690 in
3618 654 3771 707 prai-

2080 717 2265 781 terito,
2299 716 2569 786 praesenti
2597 722 2821 770 revocet
2853 720 3179 785 memorim;
3216 726 3279 774 ut
3307 722 3461 774 illius
3488 727 3771 793 passionis

2081 820 2362 858 memores
2393 806 2597 871 etfecti,
2633 821 2735 874 per
2770 822 2895 859 eam
2927 807 3245 861 efﬁciamur
3296 810 3473 864 divini
3519 816 3772 867 muneris

2080 899 2393 961 consortes,
2428 910 2530 963 per
2556 910 2729 964 quam
2764 911 2963 948 sumus
2994 912 3026 948 a
3058 902 3241 950 morte
3270 898 3491 952 liberati
3523 916 3534 953 :
3561 917 3768 971 cogno-

2082 987 2297 1035 scentes
2328 983 2482 1052 quod
2519 983 2613 1035 ubi
2646 984 3074 1052 pervenerimus
3104 985 3175 1037 ad
3229 985 3506 1039 visionem
3540 990 3771 1056 Christi,

2080 1070 2289 1123 talibus
2342 1087 2457 1123 non
2515 1088 2659 1140 opus
2706 1071 3041 1125 habebimus
3093 1074 3506 1141 instrumentis,
3566 1079 3773 1147 quibus

2082 1159 2499 1211 admoneamur
2551 1160 2686 1229 quid
2720 1176 2824 1229 pro
2881 1161 3045 1213 nobis
3112 1162 3394 1216 immensa
3452 1164 3774 1234 benignitas

2083 1246 2448 1311 sustinuerit;
2491 1247 2766 1317 quoniam
2821 1248 3009 1318 ipsum
3057 1250 3197 1303 facie
3256 1251 3323 1303 ad
3383 1252 3585 1305 faciem
3634 1270 3773 1307 con-

2083 1337 2449 1405 templantes,
2475 1352 2590 1389 non
2625 1351 2723 1406 per
2753 1338 3091 1391 exteriorem
3144 1341 3546 1410 temporalium
3580 1358 3774 1395 rerum

2082 1424 2534 1477 admonitionem
2567 1426 3076 1491 commovebimur,
3140 1427 3236 1480 sed
3270 1444 3373 1496 per
3428 1428 3607 1498 ipsius
3638 1446 3773 1483 con-

2082 1513 2517 1582 templationem
2575 1512 2829 1566 veritatis
2878 1514 3221 1583 aspiciemus
3285 1517 3772 1585 quemadmodum

2085 1606 2290 1654 nostrm
2315 1600 2512 1653 salutis
2547 1602 2765 1653 auctori
2796 1604 3009 1671 gratias
3039 1619 3209 1672 agere
3256 1605 3589 1660 debeamus.

278 1687 481 1741 dentes
520 1687 879 1753 desiderant;
930 1688 1203 1757 quoniam
1258 1688 1447 1758 ipsum
1500 1694 1587 1742 est
1635 1693 1805 1758 caput
1860 1705 1971 1742 no-
2014 1668 2052 1721 Β
2156 1689 2236 1741 Cl.
2273 1689 2383 1741 Nec
2424 1688 2553 1741 ideo
2609 1668 2883 1757 quoniam
2938 1691 3047 1743 ista
3079 1668 3368 1757 ‘dicimus,
3434 1699 3667 1763 putetur
3715 1695 3773 1748 in

279 1781 483 1841 strum,
519 1781 574 1827 et
604 1775 727 1845 ipso
760 1777 876 1829 viso
926 1777 1227 1829 satiabitur
1292 1777 1643 1830 desiderium
1678 1782 1972 1843 nostrum;

279 1881 395 1935 quo
427 1864 549 1934 ipse
580 1869 636 1916 et
683 1866 845 1916 Pater
892 1880 1070 1917 unum
1112 1870 1265 1930 sunt,
1302 1881 1420 1918 non
1476 1867 1789 1919 secundum
1824 1866 1973 1936 quod

279 1969 490 2022 corpus
520 1952 693 2005 habet
735 1952 1015 2014 Salvator,
1056 1953 1153 2007 sed
1206 1954 1517 2007 secundum
1550 1954 1974 2024 plenitudinem

278 2040 593 2095 divinitatis
621 2056 749 2111 quas
789 2040 1008 2093 habitat
1038 2042 1093 2095 in
1130 2041 1365 2095 homine
1400 2042 1641 2096 Christo.

350 2128 585 2182 XCVIII.
618 2132 689 2181 At
716 2128 771 2180 in
825 2128 934 2181 Esto
987 2130 1140 2198 quod
1200 2146 1301 2199 per
1362 2130 1695 2200 mysterium
1757 2130 1977 2200 geritur

282 2217 472 2287 ﬁgura
511 2222 595 2269 est
622 2232 736 2269 non
771 2217 955 2270 solum
988 2219 1205 2287 proprii
1236 2219 1487 2287 corporis
1518 2219 1741 2284 Christi,
1778 2235 1975 2272 verum

280 2305 457 2357 etiam
484 2305 767 2358 credentis
798 2305 857 2357 in
899 2306 1185 2359 Christum
1216 2308 1414 2377 populi
1446 2308 1610 2374 (Vide
1631 2324 1778 2362 num.
1810 2311 1929 2373 116)
1962 2324 1973 2361 :

280 2392 585 2463 utriusque
617 2409 865 2464 namque
907 2396 1179 2464 corporis,
1213 2396 1268 2449 id
1319 2402 1404 2449 est
1453 2402 1508 2449 et
1562 2397 1789 2461 Christi,
1825 2398 1979 2467 quod

281 2497 517 2551 passum
548 2486 630 2535 est
659 2488 714 2535 et
742 2483 1077 2549 resurrexit;
1112 2489 1168 2537 et
1200 2486 1399 2554 populi
1428 2485 1487 2538 in
1534 2486 1756 2539 Christo
1782 2485 1979 2556 renati

284 2577 457 2639 atque
488 2572 557 2625 de
588 2571 831 2623 mortuis
857 2571 1145 2637 viviﬁcati,
1176 2573 1420 2642 ﬁguram
1453 2577 1655 2640 gestat.

354 2658 517 2712 XCIX
592 2659 882 2713 Addamus
926 2660 1098 2713 etiam
1131 2662 1280 2731 quod
1345 2662 1449 2714 iste
1508 2662 1672 2731 panis
1721 2665 1776 2715 et
1837 2661 1975 2714 calix

283 2747 453 2813 (Vide
480 2763 629 2800 num.
664 2747 775 2815 96),
810 2747 908 2816 qui
940 2764 1145 2817 corpus
1177 2753 1230 2801 et
1272 2750 1503 2818 sanguis
1553 2749 1761 2802 Christi
1791 2750 1979 2802 nomi-

285 2840 460 2889 natur
494 2840 552 2887 et
588 2835 800 2899 existit,
844 2837 1179 2889 memoriam
1240 2842 1615 2907 repraesentat
1668 2838 1980 2891 Dominicas

2082 1777 2351 1846 mysterio
2385 1778 2725 1829 sacramenti
2768 1794 2977 1847 corpus
3023 1780 3246 1832 Domini
3292 1782 3377 1833 vel
3437 1784 3775 1851 sanguinem

2082 1864 2262 1933 ipsius
2293 1880 2410 1917 non
2442 1882 2472 1916 a
2504 1864 2768 1917 ﬁdelibus
2809 1866 2956 1918 sumi
2988 1866 3151 1923 (Vide
3197 1882 3343 1920 num.
3380 1870 3492 1934 96),
3547 1870 3775 1939 quando

2082 1953 2221 2005 ﬁdes
2253 1968 2367 2004 non
2400 1952 2551 2022 quod
2582 1953 2780 2004 oculus
2819 1953 2990 2019 videt,
3038 1954 3133 2007 sed
3183 1955 3333 2024 quod
3381 1956 3582 2024 credit,
3631 1956 3775 2009 acci-

2082 2040 2167 2110 pit
2200 2057 2211 2093 :
2245 2040 2519 2109 quoniam
2563 2040 2875 2109 spiritualis
2906 2048 2989 2094 est
3019 2058 3168 2108 esca,
3222 2048 3278 2095 et
3329 2044 3639 2112 spiritualis
3670 2062 3775 2115 po-

2086 2134 2199 2195 tus,
2230 2128 2609 2197 spiritualiter
2639 2128 2893 2181 animam
2932 2144 3191 2198 pascens,
3225 2136 3279 2181 et
3327 2139 3555 2183 aeternas
3611 2134 3778 2186 satie-

2084 2217 2217 2270 tatis
2250 2216 2424 2269 vitam
2458 2215 2745 2281 tribuens;
2780 2216 2926 2269 sicut
2964 2217 3085 2285 ipse
3130 2216 3388 2270 Salvator
3442 2219 3776 2287 mysterium

2082 2306 2186 2358 hoc
2213 2304 2620 2358 commendans
2680 2305 2977 2374 loquitur:
3040 2306 3282 2373 Spiritus
3335 2310 3413 2358 est
3462 2308 3559 2372 qui
3589 2305 3778 2372 vivi/i-

2085 2399 2201 2459 cat;
2230 2409 2357 2446 nam
2385 2409 2508 2447 caro
2542 2394 2682 2447 nihil
2706 2393 2929 2462 prodest
2952 2395 3127 2461 (Joan.
3165 2408 3241 2457 v1,
3278 2393 3387 2461 6i).

2159 2482 2267 2535 CII.
2306 2483 2551 2551 Imperio
2584 2487 2784 2535 vestrm
2833 2481 3251 2551 magnitudinis
3305 2497 3505 2550 parere
3538 2482 3780 2550 cupien-

2088 2576 2190 2636 tes,
2232 2571 2574 2641 prassumpsi
2606 2586 2816 2639 parvus
2846 2571 3019 2641 rebus
3049 2570 3117 2623 de
3148 2586 3264 2623 non
3302 2571 3555 2623 minimis
3584 2570 3780 2639 dispu-

2090 2666 2229 2722 tare,
2264 2676 2378 2712 non
2421 2666 2728 2729 sequentes
2762 2658 3157 2712 aestimationis
3201 2665 3407 2712 nostra:
3458 2675 3781 2730 praesump-

2088 2747 2327 2815 tionem,
2372 2748 2466 2800 sed
2519 2748 2803 2815 majorum
2858 2748 3146 2800 intuentes
3192 2748 3607 2800 auctoritatem.
3644 2746 3781 2809 Quae

2089 2836 2135 2887 si
2166 2836 2542 2905 probaveritis
2573 2836 2850 2890 catholice
2902 2836 3069 2902 dicta,
3123 2841 3326 2890 vestrae
3383 2836 3601 2889 meritis
3650 2835 3782 2889 ﬁdei

283 2923 570 2993 passionis
600 2923 714 2976 sive
748 2923 965 2989 mortis,
995 2925 1481 2994 quemadmodum
1516 2926 1636 2996 ipse
1694 2926 1753 2979 in
1794 2927 1977 2979 Evan-
2020 2964 2059 3017 Ο
2094 2925 2384 2993 deputate,
2413 2941 2563 2995 quae,
2590 2926 2850 2994 deposita
2878 2926 3082 2994 regalis
3115 2926 3550 2994 magniﬁcentia;
3579 2924 3776 2995 gloria,

285 3012 437 3079 gelio
504 3011 683 3064 dixit:
745 3012 868 3066 Hoc
924 3015 1092 3078 facite
1141 3016 1199 3066 in
1264 3017 1369 3067 mei
1428 3018 1975 3068 commemorationem

288 3102 433 3165 (Luc.
485 3115 619 3163 xxii,
683 3103 789 3165 19).
849 3101 1013 3163 Quod
1071 3117 1360 3171 exponens
1420 3104 1713 3172 apostolus
1772 3103 1979 3155 Paulus

284 3190 364 3241 ait
403 3204 415 3239 :
453 3191 877 3257 Quotiescunque
908 3189 1311 3244 manducabitis
1357 3205 1553 3259 panem
1599 3191 1755 3252 hunc,
1793 3195 1842 3242 et
1887 3206 1979 3243 ca-

286 3277 439 3329 licem
508 3275 721 3339 biberis,
779 3282 1001 3331 mortem
1069 3280 1284 3331 Domini
1347 3279 1747 3333 annuntiabitis
1821 3278 1981 3331 donec

286 3367 470 3418 veniat
504 3366 551 3430 (1
581 3365 697 3419 Cor.
734 3381 806 3431 x1,
839 3368 948 3435 26).

288 3537 476 3611 ﬁgura
506 3536 770 3611 simplex,
806 3542 862 3591 et
886 3539 1078 3609 imago
1110 3555 1396 3609 expressa,
1432 3544 1489 3594 et
1529 3539 1980 3611 repraesentatio,

292 3625 406 3681 non
436 3608 719 3672 Tulliana,
748 3613 812 3661 ut
837 3608 1482 3679 supra'observavimus,
1533 3608 1639 3679 {sed
1699 3614 1984 3681 prolapsas

294 3679 617 3731 Latinitatis
648 3696 747 3731 usu
780 3687 1025 3749 reCepta.
1062 3682 1136 3734 Ea
1184 3682 1253 3735 de
1303 3698 1468 3735 causa
1508 3679 1821 3735 continenti
1861 3679 1986 3735 Ser-

296 3766 487 3822 mone,
522 3750 620 3813 ait,
665 3750 998 3819 impositum
1056 3752 1231 3805 fuisse
1284 3753 1419 3821 pani
1474 3769 1684 3805 nomen
1731 3753 1987 3822 corporis

294 3821 521 3885 Christi,
556 3827 611 3872 et
642 3821 850 3893 liquori
909 3839 1003 3875 seu
1074 3823 1205 3875 vino
1254 3840 1401 3893 aqua
1460 3825 1638 3876 mixto
1676 3824 1735 3876 in
1792 3821 1983 3889 culice,

295 3907 509 3944 nomen
538 3891 853 3961 sanguinis,
895 3899 952 3945 et
1008 3908 1203 3946 revera
1251 3891 1537 3947 existere:
1592 3899 1651 3945 ut
1702 3894 1984 3961 intelliga-

293 3978 420 4015 mus
452 3962 513 4013 in
546 3977 612 4013 ea
662 3962 923 4015 suasione
979 3979 1091 4015 non
1123 3964 1297 4017 fuisse
1329 3981 1533 4032 corpus
1596 3965 1725 4016 Jesu
1781 3963 1990 4017 Christi

294 4033 600 4105 subsistere
635 4034 729 4105 _in
788 4034 1134 4087 Eucharistia
1192 4051 1293 4105 per
1344 4035 1832 4104 nuncupationem
1891 4050 1985 4086 seu

295 4103 839 4169 denominationem,
871 4105 965 4157 sed
1004 4103 1208 4157 revera
1229 4103 1556 4173 efﬁcaciter,
1593 4122 1711 4170 seu,
1746 4111 1805 4157 ut
1855 4121 1991 4157 con-

296 4174 459 4226 tinuo
493 4174 782 4233 dixerunt,
814 4175 1055 4228 realiter.
1104 4177 1312 4228 Videsis
1360 4192 1518 4229 num.
1555 4178 1640 4228 99.
1703 4175 1991 4229 Addamus

2093 3030 2207 3066 non
2239 3013 2470 3066 erubuit
2504 3013 2571 3065 ab
2603 3013 2809 3066 humili
2841 3030 3099 3083 quaerere
3130 3030 3463 3083 responsum
3508 3013 3779 3066 veritatis.

2088 3101 2186 3153 Sin
2224 3106 2414 3153 autem
2458 3102 2645 3154 minus
2695 3102 3033 3170 placuerint,
3096 3101 3151 3154 id
3208 3108 3418 3154 nostra:
3480 3101 3785 3170 deputetur

2089 3174 2456 3257 insipientias,
2491 3204 2619 3258 quas
2651 3189 2804 3259 quod
2838 3189 3075 3258 optavit,
3112 3188 3303 3242 minus
3352 3189 3659 3241 efﬁcaciter
3686 3204 3781 3241 va-

2090 3276 2199 3330 luit
2229 3276 2531 3346 explicare.

2092 3539 2239 3609 typis
2276 3539 2480 3592 excudi
2541 3543 2881 3592 curaverunt
2918 3539 3316 3610 :sedgnegare
3378 3556 3490 3593 uon
3550 3545 3787 3610 possunt

2095 3610 2335 3679 reperiri
2367 3611 2425 3662 in
2452 3611 2644 3664 codice
2683 3610 2922 3663 abbatia:
2952 3609 3269 3676 Lobiensis,
3302 3611 3386 3664 uti
3422 3609 3785 3681 jam’obser-

2095 3688 2287 3733 vatum
2325 3681 2429 3733 fuit
2458 3697 2489 3733 a
2520 3681 2849 3752 doctissimo
2883 3682 3045 3734 Patre
3097 3682 3423 3735 Mabillonio
3469 3681 3529 3734 in
3582 3682 3784 3752 praefa-

2095 3751 2250 3804 tione
2284 3752 2547 3803 secundae
2580 3751 2755 3820 partis
2794 3756 3065 3804 Actorum
3098 3751 3615 3819 Benedictinorum,
3650 3768 3781 3821 pag.

2097 3822 2182 3885 6i,
2216 3825 2242 3885 ξ
2282 3824 2398 3882 I30,
2433 3822 2605 3873 fronti
2638 3823 2891 3889 praeﬁxa.
2923 3822 3154 3876 Miriﬁce
3184 3822 3523 3876 conﬁrmant
3571 3823 3782 3876 admit-

2097 3895 2329 3944 tendam
2354 3908 2475 3943 esse
2510 3892 2806 3944 lectionem
2860 3892 2917 3944 in
2965 3892 3159 3945 codice
3212 3910 3317 3945 ms.
3355 3893 3616 3947 Lobiensi
3656 3893 3786 3945 scri-

2099 3968 2277 4031 ptam,
2308 3963 2459 4031 quod
2492 3978 2557 4013 ea
2586 3978 2719 4014 usus
2776 3962 2848 4014 sit
2879 3963 3183 4031 praedictus
3232 3964 3574 4017 Ratramnus
3622 3979 3782 4016 num.

2105 4036 2186 4099 16,
2222 4034 2277 4085 in
2313 4049 2426 4102 quo
2481 4032 2838 4102 distinguens
2896 4033 3111 4101 species
3140 4035 3302 4102 panis
3341 4040 3395 4087 et
3438 4034 3557 4087 vini
3596 4052 3629 4088 a
3658 4049 3782 4086 cor-

2100 4119 2240 4172 pore
2272 4111 2327 4155 et
2356 4103 2633 4171 sanguine
2662 4103 2791 4156 Jesu
2828 4103 3054 4168 Christi,
3109 4121 3235 4174 qua:
3285 4105 3453 4157 modo
3503 4104 3788 4174 spirituali

2101 4180 2157 4227 et
2178 4174 2435 4227 sensibus
2469 4190 2583 4227 non
2631 4174 2886 4243 subjecto
2941 4175 3046 4227 sub
3103 4175 3239 4227 velis
3292 4175 3681 4228 reconduntur
3736 4179 3792 4228 et

295 4247 457 4298 etiam
485 4245 632 4311 quod
668 4248 770 4297 iste
797 4249 955 4312 panis
1010 4251 1057 4298 et
1088 4248 1236 4299 cutim
1275 4249 1371 4313 qui
1426 4261 1618 4314 corpus
1667 4252 1715 4299 et
1761 4248 1991 4312 sanguis
2032 4262 2074 4315 ι)
2103 4245 2379 4309 celantur,
2410 4246 2511 4311 ait,
2544 4260 2673 4298 cum
2711 4246 3010 4298 Paschasio
3040 4245 3099 4298 in
3131 4246 3368 4314 epistola
3401 4246 3470 4298 ad
3505 4247 3789 4314 Frudgar-

296 4317 502 4370 Christi
524 4317 839 4367 nominatur
872 4321 922 4368 et
955 4318 1163 4369 existit.
1200 4318 1329 4369 Haec
1364 4317 1518 4369 enim
1570 4317 1810 4384 repetita
1857 4322 1990 4369 sunt

297 4401 358 4437 ex
388 4401 631 4438 numero
659 4387 951 4454 superiore
986 4388 1075 4439 29.
1113 4392 1190 4439 At
1218 4403 1339 4440 vero
1385 4387 1679 4441 secundum
1730 4387 1987 4441 invisibi-

300 4458 398 4508 lem
427 4457 816 4521 substantiam,
844 4457 904 4509 id
947 4463 1045 4521 est,
1088 4458 1266 4509 divini
1310 4460 1606 4525 potentiam
1638 4459 1822 4523 Verbi,
1870 4472 1991 4510 vere

299 4541 490 4594 corpus
538 4532 586 4579 et
629 4530 854 4593 sanguis
892 4529 1097 4582 Christi
1125 4532 1387 4582 existunt.
1447 4530 1710 4582 Fatemur
1749 4529 1990 4581 rotunde

302 4598 378 4649 ibi
408 4598 744 4650 adverbium
776 4614 895 4651 vere
925 4615 1129 4651 sonare
1158 4600 1350 4652 Latine
1396 4600 1546 4668 quod
1595 4615 1699 4651 vox
1753 4599 1995 4651 barbara

300 4669 523 4722 realiter
554 4669 857 4736 signiﬁcat.
913 4670 1318 4721 Verumtamen
1368 4670 1556 4722 dicent
1606 4671 1992 4722 Protestantes

304 4738 403 4790 has
442 4754 608 4791 voces
655 4744 705 4791 et
743 4741 931 4792 existit
986 4756 1100 4792 non
1135 4756 1429 4793 occurrere
1480 4741 1538 4792 in
1596 4739 1995 4809 manuscriptis

307 4809 595 4861 codicibus
625 4808 694 4862 ad
726 4826 970 4879 quorum
1005 4810 1175 4864 ﬁdem
1199 4812 1353 4864 hunc
1374 4814 1675 4864 tractatum
1700 4808 1993 4863 Batramni

681 5696 963 5761 Paruor.
1017 5694 1228 5758 CXXI.

2104 4316 2240 4368 dum
2276 4332 2287 4367 :
2324 4318 2591 4379 Quoniam
2636 4316 2732 4368 sub
2772 4318 3065 4369 velamento
3107 4319 3348 4384 corporei
3384 4319 3547 4383 panis
3599 4332 3792 4384 corpo-

2102 4388 2287 4455 reique
2312 4388 2426 4438 vini
2452 4388 2741 4455 spirituale
2766 4402 2955 4455 corpus
2982 4389 3185 4442 Christi
3232 4387 3649 4455 spiritualisque
3670 4401 3793 4439 san-

2099 4460 2221 4523 guis
2242 4459 2450 4510 emistit.
2488 4458 2728 4525 Insuper
2768 4458 2959 4509 nullus
2999 4456 3299 4510 dubitandi
3348 4459 3501 4509 locus
3558 4456 3792 4510 relictus

2100 4532 2184 4580 est
2214 4527 2352 4595 quin
2392 4527 2565 4579 codex
2602 4529 3023 4596 manuscriptus
3054 4527 3296 4580 abbatiee
3326 4526 3615 4579 Lobiensis
3634 4531 3795 4579 ante-

2103 4596 2239 4650 ferri
2280 4596 2484 4649 debeat
2527 4597 2747 4648 czeteris
2800 4597 3087 4659 omnibus,
3134 4597 3331 4649 habita
3384 4597 3603 4649 ratione
3647 4596 3795 4649 anti-

2102 4666 2340 4737 quitatis
2370 4670 2427 4718 et
2476 4666 2901 4729 concinnitatis,
2956 4673 3019 4718 ut
3067 4669 3124 4718 in
3169 4667 3503 4735 praefatione
3558 4667 3795 4720 adnota-

2105 4753 2308 4791 vimus.
