4148 6180
470 312 558 362 171
1197 301 1652 358 DlSSERTATlO
1695 301 1760 355 lN
1806 301 1930 354 LIB.
1975 299 2063 354 DE
2102 299 2428 355 CORPOBE
2469 299 2555 353 ET
2595 295 2939 352 SANGUINE
2981 294 3238 351 DOMINI.

1345 475 1618 484 .__———.

3874 294 3971 344 i7?

1801 661 2634 749 DISSERTATIO

1953 932 1964 939 I
2027 853 2094 906 ΙΝ
2150 853 2405 907 LIBRUM

811 1047 899 1151 D
922 1047 994 1150 Ε

1114 1041 1775 1150 CORPORE
1904 1040 2069 1145 ET
2180 1038 2906 1146 SANGUINE
3029 1035 3604 1165 DOMINI,

1443 1268 1702 1325 Auctore
1731 1264 1952 1322 Jacobn
1985 1264 2297 1333 BmLEAU,
2332 1261 2600 1342 Ilzeologo
2634 1261 2985 1320 Pariis-iens”.

476 1444 827 1506 RATRAMNO
886 1439 1213 1501 asseritur
1277 1437 1448 1497 liber
1487 1435 1564 1494 do
1627 1433 1913 1514 Corpore
1971 1436 2038 1494 et
2094 1431 2447 1510 Sanguine
2509 1431 2798 1505 Domini,
2863 1435 2930 1492 et
2991 1435 3219 1492 contra
3289 1429 3621 1491 Joannem
3679 1429 3969 1492 Hardui-

565 1550 750 1606 num,
799 1525 1324 1590 societatisJesu
1363 1525 1859 1605 presbyterum,
1915 1522 1995 1583 ab
2047 1522 2232 1583 omni
2268 1521 2590 1582 novitatis
2633 1525 2749 1582 aut
2795 1519 3074 1581 haeresis
3124 1519 3527 1581 Calviniauae
3574 1519 3972 1599 suspicione

567 1626 633 1682 et.
664 1618 1058 1680 inventione
1095 1615 1494 1682 vindicatur,

547 1925 686 1977 Cum
717 1938 867 1975 anno
907 1922 1038 1975 1689
1069 1918 1153 1971 vir
1199 1917 1501 1984 theologus
1548 1914 1831 1968 societatis
1879 1913 2160 1967 Jesuitica:
2202 1917 2246 1966 A
2278 1913 2572 1967 Ratramni
2605 1913 2818 1983 pariter
2847 1913 3186 1980 inscriptum
3219 1918 3319 1965 est.
3352 1914 3659 1966 Porroacta
3684 1914 3976 1983 ejusmodi

480 1995 692 2063 publici
719 1994 866 2062 juris
889 1991 1085 2063 fecerit
1116 1985 1536 2063 Parisiis,_typis
1562 1985 2170 2063 Francisciitiuguetii,

486 2055 631 2134 iugis
683 2055 1157 2117 Christianissimi
1227 2066 1284 2134 et
1333 2056 1702 2134 illustrissimi
1759 2055 2170 2134 archiepiscopi

480 2126 1171 2201 Parisiensisbibliopolae,
1197 2128 1494 2197 epistolam
1517 2127 1570 2180 S.
1594 2126 1828 2201 Joannis
1850 2127 2173 2201 Chrysosto-

481 2209 559 2259 ini
592 2207 661 2259 ad
694 2197 1401 2262 Caesarium'monacbum,
1436 2213 1605 2266 quam
1641 2197 1790 2249 notis
1821 2203 1878 2248 et
1905 2197 2170 2248 disserta-

481 2277 624 2329 tioni
655 2277 724 2329 de
756 2278 1109 2328 sacramento
1143 2269 1336 2322 altaris
1366 2268 1692 2331 associavit;
1746 2266 1980 2319 consilio
2035 2267 2169 2319 mihi

482 2363 598 2400 non
651 2343 941 2410 cognobili
1008 2349 1066 2395 et
1112 2339 1485 2410 incogitabili,
1541 2337 1855 2410 occasione,
1893 2338 2021 2390 data
2053 2340 2171 2410 _vel

481 2424 664 2486 capia,
716 2408 1087 2470 Ratramnnm
1153 2408 1584 2486 presbyterum,
1639 2409 1981 2486 monachum
2037 2408 2170 2486 Cor-

481 2478 793 2553 lieiensem,
827 2500 938 2537 non
969 2499 1089 2536 esse
1121 2478 1435 2553 genuinum
1468 2485 1754 2553 auctorem
1804 2478 1934 2553 libri
1986 2478 2171 2553 octin-

482 2558 670 2629 gentis
701 2549 907 2629 abhinc
934 2553 1099 2629 annis
1121 2549 1163 2629 ξε
1199 2552 1267 2605 de
1308 2553 1552 2629 Corpore
1590 2555 1674 2629 [et
1715 2549 2003 2627 Sanguine
2059 2551 2174 2629 Do—

482 2620 625 2682 mini
661 2649 681 2675 ι
719 2627 789 2680 ad
823 2625 1086 2680 Carolum
1121 2624 1386 2691 Magnum
1419 2621 1534 2691 sive
1585 2620 1837 2691 Calvum
1866 2620 2170 2691 imperato-

483 2716 603 2753 rem
631 2696 916 2766 inscripti,
948 2695 1052 2766 sibi
1090 2689 1390 2766 persuasit,
1424 2690 1756 2766 dictumque
1787 2690 1994 2742 librum
2026 2689 2170 2740 mul-

480 2772 553 2822 tis
585 2763 862 2823 haereseos
893 2763 1227 2834 sphalmatis
1247 2766 1687 2834 conspurcatnin
1709 2765 1879 2834 atque
1911 2775 2168 2834 errorum

481 2837 846 2894 contumeliis
881 2831 1242 2904 inquinatum
1276 2833 1389 2885 sive
1417 2832 1728 2904 impiatum
1761 2831 2011 2904 existere
2034 2831 2169 2882 totis

484 2912 696 2963 viribus
727 2901 1285 2976 comprobavitsEgo
1313 2919 1450 2976 vero
1479 2917 1605 2954 cum
1642 2901 2167 2976 animadvertissem

484 2981 761 3050 placuisse
794 2972 1076 3050 ejusmodi
1105 2974 1457 3050 dissertatori
1501 2977 1836 3040 argumenta
1865 2972 2170 3050 confutare

485 3041 538 3103 et
571 3041 842 3120 frangere
868 3047 1073 3120 quibus
1110 3043 1773 3120 Hatramni__suas10nem
1831 3041 1947 3094 sive
1997 3041 2166 3120 ﬁdem

485 3123 553 3174 ab
583 3111 738 3173 omni
775 3111 1004 3172 [Heresis
1035 3115 1353 3184 suspicione
1385 3112 1650 3166 liberasse
1692 3127 2003 3184 omnesque
2043 3111 2168 3164 libri

485 3193 552 3245 de
583 3193 833 3260 Corpore
860 3195 914 3240 et
936 3182 1222 3256 Sanguine
1260 3184 1500 3260 Domini
1548 3182 1937 3260 contumelias
1962 3199 2168 3260 expun-

483 3264 629 3315 xisse
663 3253 804 3313 inihi
843 3253 1543 3328 persuaseram,editione
1577 3253 2009 3328 Latino-Gallica
2033 3259 2168 3328 _stu-

485 3335 579 3385 diu
607 3339 664 3384 et
689 3324 1006 3383 cura—mea
1073 3327 1220 3381 facta
1277 3325 1504 3378 Parisiis
1556 3325 1705 3394 apud
1757 3325 1961 3376 Joann.
2025 3324 2168 3394 Bon—

483 3404 575 3455 dot
614 3403 721 3456 sub
767 3401 891 3454 Sole
944 3401 1132 3453 Aureo
1190 3413 1340 3449 anno
1402 3396 1556 3458 1686,
1592 3393 1785 3460 ίῳιδηι
1841 3393 2172 3460 praefatione

485 3473 841 3542 apologetica
870 3483 1273 3542 exornaveram
1325 3472 1512 3542 atque
1544 3463 1963 3542 accessionibus
2000 3469 2169 3542 nota-

485 3533 610 3596 rum
651 3533 1101 3595 cumulaveram:
1153 3539 1220 3590 ad
1253 3533 1611 3588 scribendam
1654 3535 1800 3586 hanc
1850 3533 2170 3602 responsio-

483 3630 614 3666 nem
649 3614 907 3666 animnm
938 3608 1154 3679 appuli,
1187 3608 1244 3660 in
1278 3622 1391 3676 qua
1419 3605 1531 3679 duo
1556 3605 1763 3679 recepi
1801 3604 2170 3679 comproban-

486 3685 577 3747 da,
611 3699 735 3752 quae
785 3681 926 3736 mihi
972 3674 1084 3733 non
1129 3674 1312 3752 solum
1372 3674 1941 3752 probab_ilia,_ve_rum
2000 3675 2168 3727 etiam

485 3745 794 3807 certissima
835 3767 1060 3821 semper
1117 3749 1232 3801 visa
1271 3752 1418 3821 sunt
1449 3745 1746 3821 :mscilicet
1799 3745 2169 3821 Ratramnnm

485 3841 606 3877 esse
634 3840 830 3876 verum
860 3839 922 3876 ac
956 3815 1236 3874 sincerum
1269 3818 1438 3886 hujus
1464 3815 1594 3868 libri
1625 3820 1938 3876 auctorem,
1986 3816 2168 3868 nulla-

484 3895 853 3964 quelurresis
911 3899 1007 3964 aut
1062 3891 1272 3944 erroris
1320 3886 1676 3964 contumelia
1735 3886 1935 3964 fcedari
1987 3901 2168 3964 posse.

486 3955 733 4036 Exsurge
765 3964 960 4036 igitur.
985 3963 1169 4036 lector
1198 3958 1439 4019 erudite,
1475 3963 1542 4036 et.
1581 3955 2174 4036 postpositismpiniu-

482 4025 1026 4101 nihusfanticipatis
1064 4033 1399 4101 plerumque
1426 4026 1632 4096 quibus
1662 4025 1873 4101 indocti
1904 4025 2171 4101 doctique

481 4095 691 4177 passim
725 4095 1026 4177 scriptores
1064 4095 1322 4177 ilieotogi
1365 4095 1618 4148 mentem
1659 4096 1738 4177 Ide
1789 4095 1896 4177 hoc
1943 4095 2168 4177 negotio

482 4165 854 4242 occuparunt,
889 4173 1033 4224 lianc
1058 4169 1250 4242 judica
1282 4181 1508 4219 causam
1543 4181 1555 4218 :
1592 4183 1624 4218 a
1654 4171 1751 4218 tua
1783 4165 2003 4242 scilicet
2053 4181 2172 4218 sen-

481 4237 662 4296 tentia
691 4244 839 4295 facta
896 4241 1199 4310 sponsione
1257 4253 1287 4290 a
1348 4253 1438 4289 me
1483 4253 1776 4307 nunquam
1821 4237 2169 4305 appellatum

485 4331 574 4367 lI‘l.

555 4383 848 4451 Optimum
917 4377 1239 4450 argumenti
1297 4391 1477 4451 genus
1538 4376 1604 4429 ad
1663 4377 2055 4451 ascribendum
2116 4383 2171 4451 et

481 4449 921 4520 adjudicandum
960 4449 1168 4502 librum
1198 4449 1422 4520 auctori
1448 4463 1550 4520 suo
1581 4449 1892 4500 assumitur
1911 4463 1978 4500 ex
2019 4449 2165 4500 anti-

482 4518 609 4593 quis
678 4521 1096 4593 manuscriptirs,
1153 4519 1359 4588 quibus
1410 4518 1894 4593 hujnsqauctoris
1960 4535 2167 4571 nomen

480 4587 819 4663 prtetigitur,
854 4587 1254 4663 sinc'eris,4n’_on
1279 4587 1682 4663 conimentitis,
1714 4605 1900 4663 neque
1941 4605 2164 4663 sursum

483 4659 674 4733 neque
734 4664 999 4717 deorsum
1047 4659 1972 4733 radulte‘ratis.“Verumenimvero
2019 4660 2169 4733 inter

480 4729 760 4787 litteratos
800 4731 1080 4801 ejusmodi
1113 4731 1263 4784 tituli
1297 4746 1394 4782 seu
1438 4729 1640 4782 litterzn
1693 4735 1826 4781 sunt
1870 4732 2166 4781 auctorita-

478 4811 562 4858 tes
621 4805 934 4858 cardinales
989 4818 1170 4856 causzp
1230 4801 1458 4870 litisque
1510 4801 1839 4852 decretoriae
1881 4801 2162 4865 videntur,

479 4891 582 4930 nec
615 4875 844 4929 suffulta
876 4876 961 4928 liis
989 4875 1120 4941 jura
1148 4871 1506 4941 longitudine
1548 4870 1824 4938 temporis
1864 4871 2166 4941 emoriun-

475 4955 588 5000 tur.
632 4951 704 5000 At
733 4962 865 4999 vero
901 4940 1199 4997 dubitandi
1257 4940 1413 4995 locus
1473 4956 1584 4992 non
1629 4940 1973 5010 relinquitur
2024 4941 2162 5009 quin

475 5017 757 5088 ejusmodi
811 5017 1028 5088 codices
1067 5011 1413 5088 autographi
1465 5011 1597 5088 ipsa
1644 5015 1808 5088 astate
1869 5011 2164 5088 Batramni

473 5080 670 5158 scripti
699 5093 754 5140 et
783 5085 997 5158 exarati
1049 5080 1232 5158 eique
1274 5082 1500 5158 ascripti
1557 5080 1709 5158 sint,_
1744 5083 2162 5158 cumanomine

473 5150 600 5225 ejus
623 5156 882 5210 exornati
916 5150 1295 5225 reperiantur.
1332 5154 1398 5225 Ex_
1440 5151 1769 5225 apographo
1811 5150 2162 5225 octingenta:

472 5220 598 5279 rum
623 5242 902 5278 annorum
964 5220 1207 5276 abbatite
1267 5220 1559 5275 LobienSis
1613 5221 1824 5289 publici
1866 5220 2011 5288 juris
2057 5221 2162 5273 feci

471 5312 599 5348 cum
634 5297 892 5349 versione
924 5294 1153 5358 Gallica,
1187 5293 1347 5361 cujus
1363 5307 1523 5344 usum
1551 5291 1691 5342 mihi
1723 5290 1933 5342 fecerat
1961 5291 2161 5343 doctis-

473 5368 652 5418 simus
681 5365 1059 5427 Mabillonins,
1095 5363 1313 5415 ordinis
1350 5363 1404 5415 S.
1450 5361 1731 5413 Benedicti
1766 5361 2000 5413 illustris
2043 5377 2161 5413 mo-

471 5437 706 5500 nachus,
737 5437 1066 5489 sinceritate
1098 5441 1155 5485 et
1185 5432 1415 5484 sublimi
1446 5430 1767 5482 humilitate
1815 5431 2158 5498 perinsignis

469 5503 526 5574 in
562 5521 622 5556 re
675 5505 943 5558 litteraria
977 5501 1362 5574 diplomatica,
1419 5506 1476 5553 et
1528 5501 1915 5574 discernendis
1953 5503 2099 5574 veris
2129 5519 2160 5554 a

468 5573 625 5645 falsis
653 5569 1056 5645 manuscriptis
1111 5573 1422 5645 codicibns_
1448 5569 1852 5645 peritissimus.
1915 5571 2160 5645 A_l_t_eri_us

469 5639 965 5713 septingentorum
1027 5659 1305 5697 annorum
1374 5639 1628 5713 abbatiae
1695 5641 1892 5713 Salemn
1943 5643 2160 5697 Weillcr

465 5711 822 5769 mentionem
856 5715 991 5768 facit
1021 5715 1078 5767 in
1120 5715 1329 5769 Itinere
1369 5711 1702 5766 Germanico
1742 5727 1754 5764 :
1807 5711 1898 5764 cui
1945 5727 2154 5764 nomen

2281 1985 2661 2037 instrumenta
2696 1984 2802 2037 nisi
2829 1987 3101 2037 ementita
3152 1985 3482 2052 probentur,
3535 1985 3842 2037 obtrectari
3873 1992 3979 2037 aut

2281 2055 2591 2108 contradici
2625 2072 2736 2107 nou
2771 2062 3026 2124 possunt.
3063 2055 3244 2122 Igitur
3276 2071 3403 2107 cum
3453 2056 3783 2108 dissertator
3813 2057 3975 2108 codi-

2281 2142 2371 2177 ces
2423 2126 2839 2194 manuscriptos
2902 2126 3194 2178 Ratramui
3251 2126 3482 2177 nomine
3541 2127 3847 2195 inscriptos
3913 2128 3973 2179 in

2281 2197 2405 2250 falsi
2437 2197 2758 2264 suspicione
2789 2213 2899 2249 non
2961 2202 3159 2264 ponat,
3203 2196 3484 2264 jacturam
3537 2197 3977 2250 contradicendi

2282 2272 2378 2319 aut
2419 2266 2699 2320 refutandi
2728 2273 2930 2336 sponte
2962 2267 3159 2320 fecisse
3202 2267 3459 2319 videatur
3491 2283 3715 2318 necesse
3755 2274 3858 2320 est.

2353 2337 2773 2390 lllustrissimus
2843 2339 3038 2390 Petrus
3101 2337 3168 2389 de
3238 2339 3438 2400 Marca,
3508 2337 3977 2406 archiepiscopus

2283 2407 2636 2475 Parisiensis,
2669 2409 2727 2460 in
2760 2410 2922 2476 cujus
2971 2408 3310 2460 sententiam
3366 2407 3614 2461 novitate
3674 2410 3977 2478 perculsus

2281 2479 2612 2532 dissertator
2663 2485 2865 2548 sponte
2910 2479 3084 2542 venit,
3153 2478 3436 2547 ejusmodi
3492 2479 3713 2532 codices
3770 2495 3979 2532 manu-

2281 2551 2518 2618 scriptos
2547 2565 2650 2601 nec
2682 2549 2918 2612 viderat,
2950 2565 3053 2600 nec
3083 2549 3138 2601 in
3171 2564 3360 2601 rerum
3413 2554 3616 2602 natura
3669 2566 3978 2618 superesse

2280 2619 2637 2672 intellexerat
2672 2636 2684 2672 :
2727 2624 2782 2672 et
2816 2635 3010 2672 revera
3038 2620 3093 2670 in
3127 2619 3395 2687 Opinione
3422 2621 3490 2672 de
3540 2619 3834 2673 Ratramni
3863 2638 3976 2673 no-

2280 2689 2436 2742 mine
2469 2689 2852 2742 lucubrationi
2893 2690 2961 2742 de
3001 2688 3249 2758 Corpore
3281 2694 3338 2742 et
3393 2690 3680 2758 Sanguine
3740 2693 3976 2745 Domini

2279 2760 2419 2813 falso
2468 2761 2710 2830 ascripto
2759 2776 2876 2812 non
2929 2760 3352 2829 permansisset,
3411 2776 3516 2813 nec
3547 2762 3748 2813 Joanni
3798 2763 3976 2815 Scuto

2280 2830 2616 2883 vindicasset
2657 2831 2714 2883 in
2767 2831 3007 2899 epistola
3057 2831 3122 2882 ad
3165 2832 3440 2884 domuum
3495 2832 3696 2885 Lucam
3749 2834 3979 2886 Dache-

2281 2901 2452 2965 rium,
2487 2901 2703 2954 ordinis
2729 2901 2784 2954 S.
2824 2901 3107 2953 Benedicti
3146 2901 3534 2954 doctissimum
3567 2907 3623 2955 et
3660 2904 3980 2956 illustrissi—

2282 2987 2438 3024 mum
2472 2973 2840 3034 monaclium,
2895 2987 3046 3025 anno
3107 2973 3332 3024 Domini
3390 2974 3544 3035 16359,
3587 2975 3632 3025 si
3684 2975 3975 3041 ejusmodi

2281 3042 2503 3095 codices
2552 3041 2620 3094 ad
2673 3058 2837 3094 aures
2881 3042 3004 3110 ejus
3056 3043 3474 3111 pervenissent;
3517 3045 3622 3096 hoc
3678 3045 3834 3097 enim
3903 3047 3978 3098 de

2280 3118 2440 3164 tanto
2470 3113 2612 3175 viro,
2642 3116 2758 3165 tam
2792 3113 2976 3175 docto,
3010 3117 3125 3165 tam
3165 3112 3331 3166 home
3361 3113 3524 3166 famae
3573 3114 3722 3166 inter
3749 3114 3978 3168 littera-

2280 3187 2368 3234 tos
2397 3183 2604 3252 cupido
2635 3183 2796 3236 valde
2825 3184 3098 3236 credibile
3126 3189 3227 3236 est.
3265 3183 3377 3253 Ego
3417 3199 3551 3236 vero
3597 3185 3980 3253 probabiliter

2281 3253 2540 3325 existimo
2573 3254 2639 3306 ad
2671 3254 2972 3325 pristinam
3005 3253 3344 3325 sententiam
3373 3255 3606 3307 rediisse
3651 3255 3731 3307 vel
3778 3258 3979 3325 potius

2280 3324 2534 3391 pristina:
2595 3324 2891 3377 sententias
2944 3323 3355 3388 defensionem,
3405 3330 3467 3377 ut
3512 3341 3572 3377 ex
3615 3323 3860 3378 tractatu
3905 3328 3979 3380 de

2284 3394 2632 3446 Eucharistia
2663 3394 2992 3464 lintelligere
3038 3394 3198 3446 facile
3229 3400 3334 3458 est,
3369 3395 3439 3448 ab
3492 3397 3612 3465 ejus
3670 3397 3982 3450 contuber-

2281 3465 2395 3516 nali
2445 3469 2501 3516 et
2552 3465 2977 3536 consanguineo
3035 3465 3234 3536 abbate
3279 3466 3496 3532 Fagetio
3553 3466 3764 3534 publici
3828 3468 3982 3536 juris

2281 3537 2449 3598 facto,
2504 3539 2560 3586 et
2615 3551 2680 3586 ex
2737 3534 2916 3586 libera
2977 3535 3228 3603 praedicti
3284 3536 3550 3589 antistitis
3613 3534 3979 3592 confessione

2281 3608 2492 3676 domno
2524 3604 2683 3676 Lucae
2717 3605 2989 3676 Dacherio
3013 3605 3166 3676 facta
3197 3611 3504 3674 antequam
3559 3605 3611 3658 ei
3667 3609 3982 3676 epistolam

2282 3675 2435 3748 illam
2488 3675 2786 3748 celebrem,
2834 3675 3192 3748 inscriberet,
3229 3683 3386 3728 tomo
3435 3677 3487 3748 ill
3541 3675 3984 3748 Spicilegiipu-

2281 3745 2567 3798 tilicatam.
2618 3746 2695 3799 De
2743 3745 3038 3798 clarissimi
3098 3745 3268 3814 hujus
3327 3745 3595 3799 antistitis
3647 3745 3984 3802 sinceritate

2281 3815 2580 3868 dubitandi
2611 3817 2796 3868 locum
2862 3832 2974 3868 non
3023 3816 3259 3885 reliquit
3310 3817 3670 3871 doctissimus
3713 3819 3983 3874 Mabillo-

2280 3887 2408 3967 nius
2434 3887 2491 3967 in
2522 3886 2855 3967 praefatione
2889 3887 3156 3967 secundm
3189 3887 3365 3955 partis
3405 3888 3609 3967 quarti
3635 3890 3832 3942 szeculi
3869 3892 3981 3944 Be-

2280 3957 2572 4018 nedictini,
2596 3972 2723 4027 pag.
2758 3957 2845 4021 45,
2889 3955 2916 4026 §
2948 3960 3005 4021 6;
3040 3973 3150 4026 qua
3178 3955 3464 4027 conceptis
3494 3960 3682 4012 verbis
3714 3969 3982 4015 mentem

2280 4027 2409 4098 ejus,
2443 4025 2841 4098 testificatione
2883 4025 3422 4098 umnilexceptione
3471 4031 3686 4098 majore
3735 4047 3799 4084 ex
3868 4032 3985 4085 hac

2279 4097 2633 4150 confessione
2665 4097 2910 4167 explicat
2943 4114 2956 4151 :
2997 4119 3016 4145 ε
3051 4097 3196 4161 Quid
3231 4099 3300 4152 de
3334 4099 3441 4152 hoc
3484 4097 3778 4154 Ratramni
3823 4102 3982 4156 libro

2279 4167 2514 4220 sentiret
2537 4167 2954 4238 eruditissimus
2983 4170 3218 4221 antistes
3271 4169 3720 4238 interrogaverat
3756 4173 3984 4227 Dache-

2279 4237 2397 4290 rius
2431 4255 2443 4290 :
2473 4237 2659 4291 verbis
2696 4239 2993 4306 respondit
3030 4254 3088 4291 se
3121 4240 3296 4308 probe
3343 4241 3588 4306 sentire;
3625 4248 3682 4294 at
3735 4250 3984 4298 senten—

2277 4307 2418 4361 tiam
2451 4308 2702 4379 proferre
2735 4315 2986 4379 rogatus,
3017 4309 3075 4362 in
3105 4307 3274 4362 aliam
3310 4317 3530 4379 partem
3570 4312 3728 4366 abiit.
3766 4332 3795 4363 ι)

2349 4378 2586 4448 Insuper
2615 4395 2728 4448 qua
2766 4378 2953 4453 specie
3011 4380 3289 4453 veritatis
3315 4378 3562 4453 Joannes
3593 4382 3789 4438 Scotus
3847 4401 3988 4453 per-

2279 4464 2476 4501 sonam
2511 4459 2568 4501 et
2635 4452 2848 4502 larvam
2905 4450 3220 4514 Ratramni,
3277 4450 3526 4504 hominis
3578 4453 3723 4506 forte
3779 4450 3988 4510 adhuc

2278 4519 2588 4591 vivitinter
2627 4519 2902 4572 litteratos
2956 4520 3093 4573 clari
3147 4527 3202 4573 et
3260 4523 3696 4585 consuetissimi,
3758 4525 3982 4591 induit,

2278 4589 2376 4657 qui
2417 4589 2655 4642 faciliter
2720 4591 2970 4643 abnuere
3027 4597 3083 4644 et
3136 4591 3494 4645 insolentiam
3556 4595 3864 4649 retundere
3919 4589 3988 4652 et

2278 4660 2488 4735 larvam
2545 4661 2765 4735 eripere
2817 4665 3140 4735 poteratne
3187 4662 3542 4735 mendacium
3596 4667 3983 4735 exprobare?

2277 4730 2434 4804 Quod
2465 4730 2845 4804 patrocinium
2885 4731 2944 4784 in
2989 4732 3168 4804 celato
3218 4733 3450 4785 nomine
3501 4734 3606 4787 sibi
3657 4730 3986 4804 procurare

2277 4801 2484 4868 putuit,
2516 4801 2859 4869 imperatore
2905 4803 3101 4855 Carolo
3158 4804 3324 4856 Calvo
3375 4801 3668 4858 doctorum
3731 4815 3982 4862 senten-

2274 4871 2412 4923 tiam
2444 4872 2511 4947 de
2529 4887 2773 4947 corpore
2801 4873 3005 4925 Christi
3056 4873 3113 4925 in
3143 4873 3515 4947 ‘Eucbaristia
3551 4878 3739 4947 palam
3783 4878 3990 4947 inqui-

2276 4941 2468 5018 rente?
2520 4942 2686 5018 Quid
2720 4942 2967 5018 diver_sa_
3013 4943 3387 5018 sentientibus
3458 4941 3732 4999 catholice
3791 4941 3939 5002 viris
3969 4995 3984 5018 ,

2274 5011 2502 5063 nemine
2533 5012 2766 5064 homine
2809 5012 3045 5065 crimine
3081 5014 3311 5066 hmresis
3355 5025 3615 5068 accnsato
3670 5022 3768 5069 aut
3799 5011 3986 5074 accu;

2272 5087 2640 5156 sante,_opus
2673 5081 2778 5134 fuit
2812 5085 3206 5156 commentito
3255 5087 3490 5138 nomine
3547 5087 3989 5156 pseudepigra-

2271 5150 2386 5223 pha
2416 5151 2685 5223 adespota
2718 5152 3002 5220 scriptain
3047 5153 3248 5223 vulgus
3305 5150 3602 5210 emittere?
3652 5150 3778 5210 Haec
3808 5150 3986 5217 enim

2272 5222 2395 5273 luce
2428 5222 2744 5274 meridiana
2797 5223 3005 5274 clarius
3046 5231 3243 5290 patent.
3291 5241 3356 5277 ex
3407 5227 3658 5280 secundo
3715 5245 3988 5285 numero

2270 5291 2400 5366 libri
2437 5293 2504 5345 de
2537 5292 2788 5366 Corpore
2821 5293 3184 5355 ctSanguinc
3215 5297 3464 5358 Domini,
3500 5313 3560 5349 ex
3591 5315 3706 5366 quo
3756 5299 3994 5355 intelli-

2204 5387 2241 5438 η
2272 5361 2459 5438 trimus
2491 5367 2668 5438 totam
2702 5362 3324 5438 hanc_c_ontroversiam
3358 5367 3510 5419 inter
3543 5361 3753 5438 nfideles
3786 5377 3843 5422 et
3877 5389 3989 5426 ca-

2270 5432 2508 5509 iholicos
2541 5434 2687 5484 viros
2716 5433 3028 5509 exstitisse.
3071 5436 3275 5488 Verum
3337 5452 3465 5489 cum
3523 5437 3784 5491 ducentis
3838 5451 3992 5509 post

2270 5501 2399 5576 l_ibri
2436 5503 2726 5576 Itatramni
2761 5505 3080 5576 editionem
3127 5507 3311 5570 annis,
3364 5516 3707 5576 eXsnrgente
3757 5501 3992 5568 haeresi

2272 5573 2612 5646 iierengarii,
2675 5573 2772 5646 qui
2827 5590 2989 5646 secta:
3029 5576 3352 5646 istiusmodi
3403 5573 3612 5632 nomen
3663 5579 3988 5646 dederant,

2267 5643 2476 5719 librum
2535 5643 2769 5697 Joannis
2828 5645 2978 5698 Scoti
3034 5645 3103 5719 ad
3162 5663 3278 5700 suae.
3327 5663 3522 5719 causae
3569 5643 3985 5719 patrocinium

2267 5714 2665 5782 prodiderunt,
2694 5730 2987 5786 nunquam
3026 5716 3292 5769 dixerunt
3325 5717 3468 5773 libro
3513 5714 3582 5773 de
3629 5723 3883 5790 Corpore
3918 5734 3987 5782 et
