4148 6180
358 189 386 210 Ι

240 306 327 355 Π3
948 303 1404 359 DlSSERTA'I‘lO
1442 303 1510 358 IN
1555 305 1684 359 LIB.
1730 305 1818 359 DE
1858 305 2180 361 CORPORE
2223 307 2309 362 ET
2348 307 2689 363 SANGUINE
2730 307 2988 364 DOMINI.

3622 321 3718 373 174

239 435 513 512 Sanguine
546 435 719 512 citato
778 434 1098 512 subjectum
1121 435 1308 512 fuisse
1339 452 1561 512 nomen
1587 437 1914 512 ‘Ratrarnni
1951 442 1997 493 A
2029 438 2202 512 gguine
2225 437 2452 491 Domini
2481 438 2770 512 mentione
2801 455 3028 510 semper
3059 444 3369 512 postposita
3405 449 3461 498 et
3491 445 3717 501 silentio

240 514 329 560 aut
359 507 632 560 Bertrami
667 507 787 560 loco
832 507 1072 560 Joannis
1119 507 1286 560 Scoti.
1335 508 1447 560 Nec
1497 508 1598 560 viri
1652 508 1918 560 catholici

240 579 330 648 qui
377 578 646 631 adversus
699 579 1106 646 Berengarium
1161 593 1389 630 causam
1440 578 1573 631 ﬁdei
1625 579 1917 631 catholicae

241 649 494 702 tuendam
531 653 869 717 receperunt
915 648 1192 716 ejusmodi
1247 648 1495 701 nominis
1544 650 1916 702 mutationem

239 725 356 790 aut
388 735 797 772 ixscntrrtonen
837 720 1254 790 iobjectarunt.
1323 720 1540 773 Revera
1614 721 1918 790 scriptores

241 789 459 860 quidam
500 790 783 851 catholici,
836 789 1175 842 humilitatis
1215 805 1405 856 causa,
1455 791 1634 843 celato
1683 789 1918 844 nomine

239 861 809 913 suaslucubrationes
858 861 995 912 olim
1045 864 1104 913 in
1134 860 1425 929 publicam
1483 862 1666 914 lucem
1708 863 1915 914 emise-

240 938 381 996 runt,
415 931 499 984 uti
552 931 834 997 contingit
882 931 1097 983 auctori
1146 931 1420 984 librorum
1479 932 1548 985 de
1591 933 1917 986 lmitatione

240 1001 454 1068 Christi,
492 1001 648 1054 libris
682 1001 751 1054 de
795 1001 1169 1054 Sacramentis
1201 1002 1255 1056 S.
1311 1001 1614 1068 Ambrosii,
1648 1004 1917 1056 Commo-

236 1073 431 1125 nitorio
482 1071 761 1125 Vincentii
796 1071 1106 1142 Lirinensis
1145 1077 1201 1142 et
1254 1072 1511 1141 pluribus
1559 1074 1707 1138 aliis,
1761 1075 1916 1142 ejus-

238 1144 380 1196 modi
412 1144 710 1195 nominum
739 1141 1118 1196 dissimulatio
1151 1141 1335 1196 locum
1370 1144 1525 1196 dedit
1551 1141 1913 1212 inscriptioni

235 1219 288 1266 et
314 1213 655 1283 subjectioni
682 1213 959 1266 falsorum
992 1213 1291 1266 nominum
1323 1219 1494 1284 atque
1539 1230 1602 1267 ex
1654 1215 1741 1267 his
1787 1215 1914 1267 inli-

236 1289 345 1336 mta
409 1285 768 1337 eruditorum
835 1284 1090 1336 virorum
1150 1284 1440 1338 involucra
1497 1291 1697 1338 exorta
1763 1291 1912 1347 sunt,

235 1371 498 1425 variaeque
529 1356 597 1407 de
630 1354 916 1424 plerisque
947 1355 1272 1408 auctoribus
1301 1355 1640 1424 conjecturae
1671 1357 1730 1408 in
1765 1372 1917 1408 men-

236 1429 314 1478 tes
350 1425 652 1478 hominum
708 1425 1092 1478 incurrerunt.
1145 1425 1250 1478 Sed
1299 1426 1389 1478 vix
1453 1431 1578 1495 post
1625 1426 1914 1479 inventam

232 1503 402 1549 artem
471 1496 963 1565 typographicam,
1027 1496 1308 1549 industria
1365 1497 1647 1565 ejusmodi
1724 1498 1916 1550 dedita

233 1583 397 1636 opera
453 1567 796 1635 subjiciendi
858 1567 1094 1619 nomina
1141 1568 1536 1619 commentitia
1591 1584 1694 1636 pro
1767 1568 1914 1620 veris

233 1642 450 1707 reperta
505 1643 610 1701 est,
670 1653 732 1689 ac
785 1637 1010 1705 coxiges
1069 1637 1300 1690 litterati
1342 1654 1444 1690 Ova
1503 1654 1603 1690 sua
1656 1638 1712 1690 in
1772 1638 1917 1691 alie-

233 1725 300 1760 no
331 1707 462 1760 nido
513 1723 712 1776 parere
759 1710 1071 1778 coeperunt.
1131 1709 1434 1761 Inventum
1493 1709 1644 1760 enim
1686 1708 1917 1762 difﬁcile

232 1778 436 1831 habent
491 1784 653 1849 ante
684 1778 803 1830 lizec
844 1783 1156 1849 Atempora.
1211 1778 1406 1848 paucis
1450 1779 1718 1849 exceptis,
1777 1780 1912 1832 scri-

229 1853 411 1918 ptores
479 1847 877 1918 pseudonymi,
947 1849 1080 1902 licet
1147 1847 1420 1918 anonymi
1481 1847 1602 1902 non
1681 1850 1912 1903 desint:

231 1920 531 1988 scriptores
559 1919 788 1983 scilicet,
841 1919 958 1988 qui,
1005 1921 1184 1972 celato
1237 1919 1472 1989 proprio
1524 1919 1756 1974 nomine
1803 1921 1917 1973 suis

231 1989 934 2043 lucubrationibusfalsum
963 2006 1024 2042 ac
1051 1990 1870 2060 supposititiumimposuerint
1901 2008 1912 2044 :

230 2062 309 2113 vix
351 2062 504 2112 enim
535 2060 593 2112 in
624 2060 866 2113 historia
899 2063 1190 2113 vetustatis
1229 2062 1509 2120 invenies,
1543 2066 1750 2130 printer
1771 2066 1917 2131 Apo-

227 2132 432 2201 logiam
466 2131 749 2200 Origenis,
781 2147 912 2200 quae
948 2132 1178 2184 nomine
1212 2132 1499 2200 Pamphili
1534 2132 1800 2201 martyris
1827 2136 1912 2184 in-

229 2203 451 2271 scripta,
512 2201 739 2254 Eusebii
803 2201 1166 2255 Cesariensis
1219 2218 1251 2254 a
1305 2202 1593 2272 plerisque
1642 2203 1912 2256 creditur.

229 2273 451 2327 Constat
481 2272 632 2341 apud
667 2287 865 2325 omnes
897 2273 1104 2325 librum
1141 2273 1210 2325 de
1243 2273 1489 2342 Corpore
1538 2277 1595 2325 et
1627 2273 1916 2335 Sanguine

230 2343 452 2397 Domini
508 2345 670 2410 jussu
731 2343 1091 2412 imperatoris
1159 2343 1346 2396 Caroli
1408 2345 1557 2396 Calvi
1638 2344 1914 2413 scriptum

227 2415 424 2478 fuisse;
451 2419 861 2483 auctoremque
891 2429 1011 2466 esse
1037 2413 1224 2466 virum
1260 2415 1486 2466 doctum
1521 2413 1578 2466 in
1629 2431 1743 2484 quo
1775 2415 1914 2466 sub-

228 2485 376 2538 limis
406 2484 705 2543 humilitas
731 2499 859 2536 cum
893 2483 1174 2554 sapientia
1195 2485 1464 2550 decertat,
1499 2483 1662 2552 cujus
1693 2492 1917 2537 senten-

225 2557 358 2609 tiam
392 2558 462 2608 de
496 2557 601 2608 hoc
632 2555 901 2622 mysterio
933 2571 1026 2607 rex
1087 2560 1453 2623 percontatus
1501 2557 1705 2608 fuerat.
1756 2556 1915 2607 Insu-

225 2643 323 2696 per
351 2626 642 2695 applicata
676 2632 866 2678 mente
895 2630 950 2677 et
994 2627 1282 2678 voluntate
1335 2630 1615 2696 praecavet
1659 2643 1729 2679 ne
1779 2626 1911 2694 quid

225 2714 287 2750 ex
315 2700 506 2765 seipso
559 2697 828 2765 proferat,
880 2696 972 2748 sed
1025 2696 1332 2748 sententias
1381 2697 1614 2749 Patrum
1664 2696 1914 2766 undique

228 2767 414 2836 prodit
446 2773 502 2818 et
531 2768 727 2836 spirat.
762 2766 907 2830 Quid
936 2782 1072 2835 ergo
1099 2767 1141 2818 si
1166 2766 1534 2819 metuendum
1564 2772 1686 2819 erat
1711 2772 1766 2819 et
1787 2783 1914 2836 quze

225 2855 392 2891 causa
423 2837 761 2905 subjiciendi
793 2837 1073 2906 ejusmodi
1125 2837 1532 2902 lucubrationi,
1563 2842 1658 2898 ,tot
1689 2844 1912 2890 senten-

227 2911 315 2962 tiis
377 2910 611 2961 Patrum
660 2909 900 2977 expletas
950 2923 1162 2961 nomen
1217 2908 1716 2962 commentitium?
1769 2907 1913 2971 Quid

227 2980 518 3048 proprium
563 2980 746 3031 celare
795 2978 1031 3045 juvabat
1084 2977 1375 3032 hominem
1438 2979 1808 3046 instigatione
1861 2984 1916 3031 et

218 3056 374 3118 jussu
443 3049 806 3116 imperatoris
883 3050 1263 3101 scribentem?
1325 3051 1445 3101 Haec
1498 3065 1649 3101 enim
1709 3049 1910 3102 Joanni

2026 510 2306 582 altissimo
2335 512 2573 582 sepulta.
2608 510 2819 582 Revera
2863 510 3104 581 scriptOr
3134 510 3449 582 antinymus
3479 533 3507 568 a
3539 517 3718 572 Cello-

2029 579 2126 654 tio,
2159 580 2439 654 Jesuiticae
2468 580 2766 654 societatis
2788 579 3081 648 theologo,
3126 579 3335 653 publici
3361 587 3507 654 juris
3539 588 3717 642 factus

2027 650 2085 702 in
2110 651 2424 719 appendice
2456 652 2523 703 ad
2559 651 2867 704 Historiam
2899 650 3289 720 Gotteschalci,
3335 650 3483 708 inter
3514 660 3717 712 adver-

2028 723 2204 773 sarios
2234 723 2514 775 Paschasii
2545 721 2764 774 abbatis
2805 723 3159 775 Corbeiensis
3206 725 3578 779 Hatramnum
3615 746 3714 781 no-

2029 792 2595 867 minatimrecenset.
2629 792 2733 867 Sed
2763 791 2911 844 inter
2939 809 3288 862 anonymum
3324 803 3379 847 et
3420 797 3714 867 Erigerum

2029 864 2273 938 multum
2303 863 2540 938 interest
2570 879 2582 938 _:
2627 863 2841 938 quippe
2872 880 2998 938 cum
3032 880 3061 916 e
3085 873 3280 938 contra
3312 863 3572 935 Erigerus
3595 871 3715 938 ipse

2027 933 2292 985 adversus
2325 933 3038 1006 Paschasiumscripserit,
3099 935 3182 1006 uti
3234 933 3715 1006 intelligimus-ex

2026 1006 2431 1076 continuatore
2457 1003 2717 1076 Chronici
2750 1004 2989 1076 abbatiaz
3026 1005 3316 1059 Lobiensis
3355 1003 3453 1076 qui
3508 1011 3712 1063 exscri-

2025 1076 2138 1144 psit
2170 1074 2289 1126 haec
2321 1075 2492 1127 verba
2517 1091 2582 1126 ex
2618 1074 2895 1128 Chronico
2936 1075 3237 1140 Sigebertt,
3283 1074 3499 1130 abbatis
3544 1080 3710 1134 Gem-

2028 1145 2303 1198 blacensis
2338 1161 2348 1197 :
2384 1167 2410 1192 ‹‹
2441 1145 2739 1213 Congessit
2784 1147 2952 1198 etiam
3006 1149 3268 1215 Erigerus
3319 1155 3516 1200 contra
3569 1150 3715 1202 Rad-

2026 1215 2250 1268 bertum
2285 1217 2460 1288 multa
2493 1216 2898 1288 catholicorum
2947 1219 3174 1270 Patrum
3223 1219 3429 1288 scripta
3476 1220 3542 1272 de
3571 1219 3714 1273 Cor-

2027 1302 2165 1355 pore
2207 1292 2262 1339 et
2300 1287 2601 1358 Sanguine
2662 1287 2905 1340 Domini.
2947 1308 2966 1334 ι
3029 1288 3164 1350 Quae
3225 1287 3400 1341 videri
3469 1297 3713 1358 possunt

2025 1365 2163 1409 tom.
2192 1358 2256 1409 Vl
2291 1357 2576 1426 Spicilegii
2636 1358 2992 1422 Dacheriani,
3046 1360 3143 1411 fol.
3204 1362 3325 1412 591.
3388 1357 3498 1413 Nec
3544 1361 3717 1414 etiam

2027 1427 2306 1496 ejusmodi
2346 1430 2642 1480 nominum
2681 1429 2954 1481 Bertrami
2989 1433 3043 1480 et
3083 1429 3374 1482 Ratramni
3423 1433 3717 1483 conversio

2028 1504 2125 1551 aut
2153 1498 2350 1550 mixtio
2396 1498 2582 1550 fraudi
2635 1498 2743 1550 fuit
2786 1499 3109 1567 Sigeberto,
3155 1501 3477 1553 duodecimi
3525 1503 3716 1554 saeculi

2027 1569 2309 1641 scriptori.
2341 1574 2404 1621 ut
2433 1569 2780 1641 dissertatori
2817 1570 3017 1638 placet,
3050 1586 3180 1622 nam
3207 1588 3338 1624 vero
3370 1588 3431 1623 ac
3463 1574 3717 1641 genuino

2026 1640 2243 1691 auctori
2275 1640 2423 1710 hunc
2455 1639 2665 1692 librum
2701 1644 2769 1693 de
2805 1643 3052 1710 Corpore
3085 1645 3138 1694 et
3169 1639 3484 1704 Sanguine
3509 1643 3717 1696 Christi

2027 1709 2285 1782 ascripsit
2311 1709 2639 1782 Sigebertus
2670 1710 2727 1762 in
2758 1726 2859 1762 suo
2903 1709 3413 1782 ecclesiasticarum
3465 1712 3718 1782 Scripto-

1961 1790 1998 1843 Β
2028 1796 2157 1853 rum
2188 1781 2475 1853 Catalogo,
2531 1781 2743 1853 scilicet
2783 1781 3124 1834 nominatim
3176 1782 3507 1850 Ratramno,
3561 1781 3714 1853 quod

2029 1851 2257 1920 quxdem
2291 1859 2356 1903 ad
2389 1852 2558 1904 ﬁdem
2596 1851 3250 1923 antiquorumcodicum
3309 1851 3718 1923 manuscripto-

2024 1937 2154 1974 rum
2182 1923 2521 1993 expressisse
2550 1923 2776 1993 videtur
2825 1922 3090 1974 dilucide.
3141 1924 3203 1976 Et
3257 1939 3448 1975 revera
3510 1923 3554 1975 si
3588 1922 3711 1993 qui-

2025 1993 2155 2045 dam
2191 1992 2476 2063 Sigvberti
2508 1992 2728 2043 codices
2759 1994 3133 2061 manttscripti
3164 1995 3480 2058 incurrant,
3510 1994 3564 2046 in
3592 1992 3715 2063 qui-

2025 2063 2130 2114 bus
2164 2062 2442 2115 Bertrami
2473 2079 2680 2114 nomen
2719 2063 2942 2128 legatur
2990 2079 3102 2115 non
3150 2065 3459 2127 Retro-mni,
3519 2062 3715 2118 recen-

2026 2133 2201 2185 tiores
2233 2139 2444 2184 suntet
2478 2134 2850 2201 emporeutici
2887 2148 2897 2185 :
2937 2149 3037 2185 nec
3067 2134 3204 2185 alibi
3254 2135 3455 2203 legisse
3505 2133 3717 2186 disser-

2027 2209 2270 2255 tatorem
2314 2208 2452 2272 puto
2492 2219 2661 2273 quam
2705 2203 2762 2254 in
2813 2203 2963 2272 typis
3011 2204 3290 2272 expressis
3337 2204 3460 2256 sine
3505 2219 3641 2257 cura
3663 2211 3719 2258 et

2025 2274 2138 2326 ﬁde
2165 2273 2442 2342 Sigeberti
2475 2273 2912 2342 exemplaribus.

2097 2345 2170 2397 Ex
2208 2345 2292 2397 his
2325 2344 2482 2396 facile
2515 2351 2600 2395 est
2632 2344 2952 2413 intelligere
2983 2359 3154 2414 quam
3205 2360 3406 2413 parum
3450 2345 3614 2398 ﬁrma
3645 2346 3719 2398 sit

2026 2415 2223 2468 critica
2253 2415 2652 2480 dissertatoris,
2703 2415 2838 2466 dum
2888 2414 2992 2468 sibi
3027 2415 3211 2478 ﬁngit,
3264 2431 3393 2485 pag.
3449 2419 3569 2484 166,
3605 2418 3716 2469 Pa-

2022 2485 2306 2538 schasium
2341 2485 2708 2543 Radbertum.
2759 2485 3018 2556 abbatem
3051 2485 3446 2556 Corbeiensem
3497 2488 3714 2556 signiﬁ—

2025 2572 2152 2608 care
2177 2557 2419 2626 voluisse
2447 2561 2736 2608 auctorem
2773 2555 2904 2608 libri
2938 2556 3005 2608 de
3046 2555 3294 2625 Corpore
3342 2563 3398 2608 et
3426 2555 3714 2626 Sanguine

2028 2625 2253 2680 Domini
2319 2627 2406 2679 his
2470 2627 2656 2678 verbis
2709 2626 3068 2697 inrepistola
3116 2623 3184 2679 ad
3270 2623 3710 2697 Frudgardum:

2027 2718 2049 2745 ‹ι
2102 2697 2366 2760 Quamvis
2423 2712 2488 2749 ex
2544 2698 2650 2749 hoc
2707 2696 2939 2766 quidam
2999 2696 3067 2749 de
3124 2696 3447 2766 ignorantia
3502 2705 3712 2764 errent,

2026 2783 2194 2820 nemo
2225 2774 2415 2820 tamen
2446 2771 2531 2820 est
2570 2767 2754 2820 adhuc
2787 2767 2844 2819 in
2901 2773 3098 2836 aperto
3157 2767 3256 2837 qui
3308 2769 3414 2822 hoc
3469 2769 3545 2821 ita
3593 2786 3714 2822 esse

2023 2838 2373 2891 contradicat
2404 2837 2556 2908 quod
2605 2843 2760 2890 totus
2812 2837 2964 2890 orbis
3002 2838 3181 2891 credit
3228 2843 3281 2891 et
3329 2840 3648 2894 conﬁtetur.
3686 2857 3713 2888 η

2026 2909 2156 2962 Hmc
2187 2908 2339 2961 enim
2371 2909 2538 2961 verba
2569 2908 2647 2962 sic
2686 2909 3095 2977 interpretatur
3123 2908 3470 2963 dissertator.
3521 2910 3716 2963 lnnuit

2024 2978 2175 3032 haud
2208 2979 2400 3044 dubie,
2431 2979 2640 3047 inquit,
2679 3001 2698 3023 -
2737 2979 2824 3031 his
2855 2979 3041 3031 verbis
3072 2984 3272 3032 notum
3307 2981 3413 3033 sibi
3447 2981 3711 3034 volumen

2025 3066 2161 3121 esse
2188 3050 2347 3117 cujus
2405 3050 2604 3121 artifex
2665 3065 2780 3121 non
2845 3049 3079 3101 auderet
3133 3058 3298 3121 γυμνῇ
3342 3051 3496 3118 quf‘d
3554 3052 3716 3104 aiunt

222 3117 385 3174 Scoto
419 3122 752 3187 neutiquam
787 3121 1151 3183 conveniunt,
1185 3135 1356 3188 quem
1395 3120 1566 3171 etiam
1621 3120 1910 3187 improba-
1954 3137 1992 3188 ρ
2023 3117 2212 3189 κεφαλῇ
2275 3119 2589 3189 congredi,
2633 3120 2725 3170 sed
2759 3120 3002 3170 larvatus
3057 3117 3371 3172 incederet.
3427 3121 3715 3174 Scribebat

222 3191 334 3244 bile
365 3195 515 3242 esset
545 3196 602 3243 et
630 3189 964 3242 incredibile
995 3190 1221 3242 ﬁnxisse
1253 3196 1307 3240 et
1356 3191 1664 3257 subjecisse
1715 3206 1772 3242 se
1806 3189 1912 3241 im-

226 3262 694 3329 peratorisjussu
753 3261 818 3313 ad
871 3260 1235 3312 scribendum
1287 3259 1496 3312 librum
1555 3259 1914 3328 compulsum

225 3334 417 3384 fuisse.
455 3331 684 3385 Nemini
714 3332 869 3384 enim
919 3331 1144 3384 homini
1191 3332 1400 3384 mentis
1450 3331 1698 3399 compoti
1759 3331 1919 3382 frons

224 3405 364 3455 adeo
393 3403 588 3472 periit,
626 3406 707 3466 ut,
767 3417 901 3469 rege
932 3405 989 3453 et
1035 3401 1376 3472 imperatore
1420 3400 1478 3454 in
1535 3401 1670 3452 vivis
1719 3416 1915 3469 super-

222 3475 371 3536 stite,
394 3471 598 3542 palam
633 3478 687 3524 et
716 3473 943 3539 publice
974 3472 1189 3540 ﬁngere
1221 3471 1427 3524 audeat
1456 3488 1513 3524 se
1543 3472 1735 3540 magni
1767 3472 1920 3541 prin-

221 3545 362 3613 cipis
389 3547 554 3612 jussu
588 3543 834 3595 scribere
865 3544 932 3596 de
965 3551 1189 3594 summo
1224 3542 1519 3613 religionis
1550 3542 1801 3610 negotio,
1836 3557 1918 3613 se-

223 3612 333 3684 que
363 3616 419 3666 in
455 3613 766 3666 imminens
793 3613 1110 3681 periculum
1135 3630 1198 3664 ac.
1225 3614 1350 3664 vitae
1389 3612 1669 3681 famzeque
1718 3612 1916 3684 discri-

225 3683 355 3738 men
388 3685 674 3738 adducere
719 3689 776 3736 et
814 3685 1013 3736 saltem
1066 3684 1486 3736 accusationem
1543 3683 1760 3736 falsarii
1795 3698 1915 3734 om-

223 3772 323 3808 nes
355 3753 710 3808 verecundia:
741 3754 885 3806 fines
923 3754 1293 3823 impudenter
1341 3754 1692 3806 transeuntis
1743 3753 1917 3804 susti-

225 3843 379 3878 nere.

293 3895 608 3965 lmaginosi
674 3894 901 3965 videtur
953 3895 1150 3965 etiam,
1183 3909 1304 3946 esse
1364 3893 1581 3947 cerebri
1647 3895 1919 3947 Bertrami

221 3964 436 4020 nomen
468 3966 575 4018 sibi
609 3964 952 4035 persuadere
997 3967 1056 4017 in
1121 3964 1484 4017 Ratramuum
1534 3966 1602 4016 ah
1661 3965 1916 4016 exeuntis

221 4038 415 4090 srecnli
458 4037 598 4089 noni
629 4041 684 4088 et
716 4035 965 4088 ineuntis
996 4035 1200 4087 decimi
1234 4035 1619 4088 libellionibus
1647 4051 1743 4086 seu
1769 4049 1919 4086 ama-

223 4107 542 4161 nuensibus
575 4122 907 4159 conversum
940 4105 1132 4158 fuisse.
1177 4106 1315 4158 Nam
1357 4121 1422 4157 ea
1470 4109 1632 4157 astate
1679 4106 1822 4157 liber
1848 4107 1917 4156 de

223 4181 476 4248 Corpore
507 4181 564 4230 ct
591 4177 880 4248 Sanguine
924 4174 1170 4248 Domini,
1221 4175 1306 4228 vel
1351 4176 1781 4248 haereticusvel
1814 4191 1910 4248 _ca-

221 4245 490 4312 tholicus,
536 4249 595 4300 in
651 4247 914 4300 manibus
945 4246 1204 4298 omnium
1239 4247 1590 4298 versabatur.
1627 4246 1684 4297 Si
1723 4245 1916 4297 catho-

223 4321 385 4382 licus,
447 4318 585 4388 quid
620 4333 846 4388 necesse
878 4323 999 4388 erat
1029 4315 1234 4388 Joanni
1266 4316 1431 4388 Scoto
1462 4317 1643 4388 celato
1684 4317 1916 4388 nomine.

220 4393 279 4443 in
313 4387 520 4459 vulgus
548 4387 846 4441 emittere?
876 4387 933 4441 Si
963 4403 1094 4440 vero
1124 4387 1692 4459 haeresiinquinatus
1739 4387 1916 4459 habe-

219 4457 565 4534 baturfqua
593 4459 781 4534 specie
799 4463 1033 4534 poterat
1063 4473 1269 4534 nomen
1299 4458 1361 4534 ei
1379 4457 1623 4534 inscribi
1668 4457 1915 4534 auctor-is
1958 4482 1998 4534 ο

221 4532 290 4584 de.
315 4527 598 4600 religione
625 4529 901 4600 catholica
931 4528 1158 4600 egregie
1201 4527 1414 4600 meriti,
1464 4527 1567 4579 viri
1618 4527 1913 4600 sanctitate

221 4610 276 4653 et.
307 4598 570 4656 doctrina
601 4599 991 4665 illustrissimi,
1043 4599 1158 4651 imo
1214 4599 1506 4651 Ratramni
1559 4598 1915 4651 Corbeieusis

225 4673 496 4725 monachi
532 4675 588 4721 et
618 4668 958 4739 presbyteri,
1004 4668 1226 4721 abbatis
1284 4668 1638 4731 Orbacensis,
1686 4672 1758 4739 ut
1792 4668 1913 4739 Flo-

219 4743 475 4796 doardus
508 4738 699 4804 refert,
752 4741 911 4808 cujus
965 4756 1073 4807 ope
1125 4740 1376 4808 episcopi
1423 4738 1696 4793 Gallicani
1730 4738 1918 4791 Eccle—

221 4813 367 4866 siam
397 4811 719 4867 Occidentis
749 4811 1018 4863 adversus
1048 4810 1270 4863 Grtecos
1310 4811 1580 4863 tuendam
1627 4809 1916 4860 existima-

222 4890 454 4936 verant'
491 4882 592 4952 qui
624 4881 940 4952 doctrinam
974 4880 1028 4933 S.
1072 4880 1378 4952 Augustini
1427 4879 1498 4952 de
1545 4879 1917 4952 Praedestina-

221 4955 382 5007 tione
425 4948 664 5006 nervose
720 4951 1050 5004 defenderat
1094 4951 1261 5018 jussu
1317 4950 1504 5004 Caroli
1560 4949 1713 5004 Calvi
1771 4948 1920 5017 regis

222 5023 526 5078 Francize?
562 5022 743 5074 Fateri
792 5022 968 5089 igitur
997 5036 1228 5073 necesse
1285 5025 1368 5073 est
1426 5021 1572 5073 hanc
1623 5019 1918 5072 ﬁctionem

221 5103 277 5147 et
314 5093 747 5164 impositionem
771 5091 1020 5164 nominis
1053 5090 1349 5143 Ratramni
1372 5091 1518 5164 libro
1541 5090 1610 5143 de
1630 5090 1919 5164 Sanguine

219 5160 488 5234 corporis
529 5163 738 5216 Christi
769 5161 997 5234 defendi
1030 5177 1144 5234 non
1177 5176 1343 5230 posse
1391 5160 1500 5234 nisi
1533 5178 1565 5213 a
1619 5160 1923 5213 temerario

219 5230 448 5288 critico.
495 5236 671 5288 Porro
699 5250 762 5286 ex
795 5233 882 5286 his
916 5230 1160 5285 maxime
1193 5231 1566 5300 consequitur
1593 5247 1707 5283 non
1757 5246 1923 5299 posse

223 5308 469 5376 Erigere
504 5304 733 5368 ascribi,
754 5303 906 5376 quod
937 5308 1174 5372 propter
1205 5301 1350 5376 hanc
1377 5300 1636 5376 nominis
1657 5303 1929 5354 Bertrami

221 5379 285 5429 in
318 5371 615 5431 Ratramni
643 5371 1076 5426 translationem
1123 5372 1425 5425 undecimo
1470 5371 1678 5424 sarculo
1730 5379 1922 5423 aucto-

221 5463 356 5500 rem
386 5446 521 5500 libri
554 5445 622 5498 de
644 5443 893 5512 Corpore
914 5449 971 5495 et
997 5443 1286 5511 Sanguine
1311 5442 1533 5495 Domini
1553 5442 1925 5494 Ratramnum

222 5515 608 5587 appellaverit
641 5514 796 5587 :Ahoc
827 5512 1156 5587 enim_inter
1186 5529 1345 5565 veras
1366 5519 1450 5587 _et
1479 5513 1759 5587 genuinas
1808 5512 1926 5566 Eri-

224 5582 358 5656 εἰξὲὶ
395 5583 844 5656 lucubrationes
882 5582 1089 5656 nullibi
1127 5583 1202 5656 _i_n
1255 5583 1448 5656 oculos
1499 5582 1785 5656 incurrit,
1826 5598 1930 5656 nec

224 5652 388 5728 apud
423 5657 606 5728 ullum
644 5653 933 5708 undecimi
972 5653 1166 5728 saeculi
1218 5652 1567 5728 scriptorent
1594 5652 1929 5706 ecclesiasti-

225 5723 388 5789 cum.
421 5745 538 5799 quo
569 5727 697 5780 lites
729 5729 786 5778 et
814 5723 1213 5799 controversiae
1245 5723 1574 5799 Derengarii
1603 5728 1930 5799 contestata:

227 5805 286 5852 et
315 5793 724 5866 redintegrata
754 5800 907 5859 sunt,
943 5795 1110 5864 hujus
1140 5794 1264 5846 libri
1298 5793 1366 5847 de
1415 5797 1664 5863 Corpore
1701 5801 1754 5847 et
1792 5795 1930 5846 San-

2027 3188 2217 3241 autem
2252 3190 2395 3241 hanc
2426 3188 2728 3256 epistolam
2756 3189 3084 3240 Paschasius
3117 3189 3220 3240 sub
3263 3205 3476 3241 annum
3527 3193 3649 3244 860.
3686 3213 3711 3236 ιι

2031 3260 2330 3312 Enimvero
2363 3259 2407 3311 si
2444 3273 2637 3310 revera
2664 3258 2810 3311 hanc
2840 3258 3139 3326 epistolam
3194 3258 3264 3310 ad
3316 3259 3708 3328 Frudgardum

2027 3346 2178 3383 anno
2212 3332 2314 3383 860
2366 3328 2588 3398 scripsit
2647 3329 2997 3392 Paschasius,
3077 3329 3451 3396 improbabile
3509 3337 3589 3382 est
3641 3332 3709 3382 ad

2028 3401 2234 3454 librum
2267 3401 2334 3454 de
2366 3400 2612 3468 Corpore
2646 3405 2700 3451 et
2728 3399 3016 3467 Sanguine
3050 3399 3276 3452 Domini
3314 3399 3604 3454 Ratramni
3637 3417 3716 3453 re-

2030 3471 2318 3540 spexisse:
2351 3471 2564 3540 quippe
2595 3487 2723 3523 cum
2766 3471 2975 3523 scilicet
3006 3469 3172 3522 annis
3219 3470 3334 3522 fere
3384 3471 3712 3540 quindecim

2026 3545 2157 3612 post
2189 3542 2339 3594 hunc
2369 3557 2582 3594 annum
2616 3542 2964 3612 compositus
2995 3543 3089 3604 sit,
3115 3556 3228 3609 quo
3249 3546 3508 3609 tempore.
3541 3544 3711 3595 Caro-

2027 3611 2114 3666 lus
2149 3613 2347 3666 Calvus
2379 3613 2448 3665 ad
2489 3612 2794 3680 imperium
2827 3611 3146 3664 Occidentis
3179 3612 3458 3679 pervenit,
3488 3613 3570 3664 uti
3592 3628 3713 3682 per-

2027 3691 2281 3752 spectum
2319 3683 2594 3735 habemus
2631 3698 2696 3734 ex
2742 3683 2909 3734 titulo
2958 3681 3309 3751 prmfationis
3349 3682 3518 3752 hujus
3559 3681 3712 3744 libri,

2027 3753 2116 3806 ltis
2142 3753 2326 3805 verbis
2361 3759 2668 3818 concepto:
2708 3771 2733 3800 α
2766 3753 2846 3804 Ad
2879 3753 3141 3804 Carolum
3177 3753 3440 3822 Magnum
3471 3754 3714 3822 impera-

2026 3829 2233 3887 torem,
2259 3843 2286 3872 »
2313 3823 2481 3891 quiin
2507 3823 2755 3891 antiquis
2778 3823 3069 3874 codicibus
3090 3823 3492 3890 manuscriptis
3515 3839 3709 3876 occur-

2028 3895 2118 3959 rit,
2149 3894 2217 3946 ad
2249 3909 2491 3962 quorum
2525 3892 2698 3945 ﬁdem
2741 3892 2884 3944 liber
2923 3894 2990 3945 de
3038 3895 3285 3961 Corpore
3322 3900 3377 3945 et
3422 3894 3712 3962 Sanguine

2029 3965 2255 4018 Domini
2286 3963 2598 4032 primulum
2659 3963 2807 4032 typis
2865 3978 3161 4030 expressus
3192 3971 3275 4015 est.
3339 3980 3489 4015 anno
3555 3967 3710 4018 l352.

2033 4036 2171 4088 Nam
2203 4050 2269 4086 ex
2301 4034 2566 4086 omnibus
2597 4033 2878 4086 chronicis
2903 4033 3278 4100 intelligimus
3311 4034 3570 4087 Carolum
3597 4035 3716 4089 Cal-

2028 4122 2183 4168 vum,
2226 4106 2329 4158 hoc
2361 4105 2526 4156 titulo
2557 4104 2945 4172 designatum,
2982 4103 3047 4156 ad
3085 4105 3388 4174 imperium
3426 4122 3535 4157 non
3578 4121 3715 4173 per-

2030 4177 2248 4228 venisse
2282 4182 2412 4227 ante
2465 4191 2679 4227 annum
2733 4176 2855 4240 8'75,
2906 4190 3020 4244 quo
3077 4191 3109 4226 ξι
3165 4191 3390 4229 summo
3448 4177 3715 4245 pontiﬁce

2026 4247 2244 4299 Joanne
2266 4245 2386 4298 Vlll
2422 4250 2729 4298 coronatus
2775 4245 2909 4316 fuit,
2961 4245 3014 4297 vi
3069 4251 3126 4298 et
3173 4247 3348 4298 armis
3410 4246 3716 4316 profligato

2031 4316 2312 4370 Ludovico
2344 4332 2475 4384 rege
2523 4315 2861 4379 Germaniae,
2920 4323 3302 4385 cognomento
3357 4317 3712 4376 Germanico,

2030 4387 2129 4457 qui
2165 4386 2509 4440 Francot’urti
2545 4402 2696 4438 anno
2724 4387 3039 4439 continenti
3071 4389 3193 4448 876,
3225 4389 3292 4439 28
3323 4387 3588 4457 _Augusti
3629 4388 3715 4439 in-

2028 4455 2202 4509 teriit.
2243 4458 2472 4509 Constat
2511 4457 2682 4508 etiam
2731 4457 2881 4524 apud
2924 4473 3124 4509 omnes
3177 4455 3438 4509 Carolum
3486 4459 3714 4511 Calvum

2027 4528 2248 4580 duobus
2272 4532 2492 4579 tantum
2522 4527 2686 4579 annis
2715 4527 3044 4594 imperasse,
3072 4532 3360 4579 mortuum
3393 4528 3606 4580 scilicet
3627 4528 3717 4580 die

2026 4602 2056 4650 6
2088 4598 2347 4651 Octobris
2377 4613 2525 4648 anno
2561 4600 2683 4649 877.
2715 4597 2819 4649 Sed
2856 4602 3010 4666 patet
3036 4596 3396 4649 abundanter
3427 4614 3596 4667 quam
3636 4604 3715 4650 te-

2029 4683 2181 4720 mere
2213 4667 2543 4719 dissertator
2568 4668 2626 4718 in
2684 4682 2932 4718 errorem
2991 4667 3256 4719 inductus
3296 4668 3390 4732 sit,
3445 4669 3578 4720 dum
3612 4667 3718 4721 hoc

2027 4754 2178 4790 anno
2209 4740 2312 4790 860
2345 4737 2704 4788 Paschasium
2738 4737 3037 4805 epistolam
3073 4737 3146 4789 ad
3172 4737 3564 4805 Frudgardum
3589 4739 3721 4790 scri-

2033 4808 2205 4877 psisse
2237 4807 2487 4859 defendit
2518 4823 2530 4858 :
2564 4808 2776 4875 quippe
2805 4823 2932 4858 cum
2967 4824 3032 4859 eo
3064 4809 3258 4876 plures
3291 4810 3428 4860 anni
3459 4825 3491 4860 a
3539 4816 3719 4861 morte

2031 4878 2315 4932 Paschasii
2338 4880 2457 4946 jam
2493 4877 2830 4929 effluxerant
2858 4894 3029 4946 quam
3058 4883 3188 4930 ante
3221 4895 3432 4930 annum
3462 4881 3563 4932 853
3587 4893 3718 4929 con-

2031 4949 2224 5018 tigisse
2253 4963 2500 5018 necesse,
2535 4947 2773 5010 videtur,
2805 4963 3014 5018 nempe
3042 4963 3156 5017 quo
3185 4949 3358 5000 abbas
3409 4948 3721 5018 Corbeien-

2032 5020 2126 5082 sis,
2163 5019 2392 5072 nomine
2426 5017 2567 5084 Odo,
2605 5017 2853 5070 secundo
2894 5018 3131 5070 concilio
3161 5018 3553 5071 Suessoniensi
3584 5017 3721 5069 sub-

2033 5091 2279 5157 scripsit,
2335 5088 2432 5158 qui
2486 5087 2545 5140 in
2595 5089 2780 5140 locum
2835 5087 3113 5141 Paschasii
3167 5093 3529 5141 successerat.
3569 5088 3725 5158 Dicet

2034 5156 2269 5214 fortasse
2301 5156 2632 5212 dissertator
2663 5159 3023 5212 Paschasium
3055 5158 3343 5211 abdicasse
3391 5173 3585 5209 curam
3626 5156 3723 5209 ab-

2034 5231 2203 5283 batiae
2235 5228 2592 5282 Corbeiensis
2625 5245 2692 5281 eo
2721 5245 2868 5282 anno
2899 5231 3001 5282 852
3047 5233 3144 5281 aut
3203 5231 3326 5291 853,
3379 5233 3435 5280 et
3465 5227 3723 5280 nondum

2037 5299 2407 5366 obiisse;sed
2459 5307 2746 5368 utcunque
2777 5316 2866 5352 res
2925 5302 3014 5366 sit,
3076 5313 3191 5350 non
3254 5297 3517 5366 probabit
3574 5298 3727 5351 ultra

2037 5387 2250 5424 annum
2287 5373 2387 5424 859
2445 5371 2530 5422 vel
2587 5373 2654 5423 60
2709 5370 2959 5423 vixisse:
3021 5369 3278 5437 adeoque
3341 5368 3727 5422 abundantius

2038 5441 2257 5512 patebit
2288 5442 2496 5495 librum
2527 5441 2824 5495 Ratramni
2868 5442 2926 5493 in
2984 5445 3235 5512 mentem
3255 5509 3268 5512 _
3294 5439 3591 5512 Paschasii
3631 5440 3727 5492 iu-

2040 5509 2267 5566 currere
2295 5528 2408 5565 non
2477 5512 2732 5582 potuisse
2788 5512 2845 5564 in
2904 5510 3156 5582 epistola,
3202 5509 3272 5563 ad
3307 5509 3722 5582 Frtidgardum.

2041 5600 2168 5636 cum
2204 5599 2316 5636 non
2349 5582 2456 5635 nisi
2480 5581 3032 5653 ’imperantegCarolo
3067 5581 3256 5653 Calvo,
3291 5581 3380 5633 cui
3423 5581 3529 5633 sub
3563 5581 3731 5653 titulo

2041 5654 2406 5724 imperatoris
2448 5651 2754 5722 inscriptus
2798 5651 2928 5724 fuit,
2969 5673 3005 5724 _n
3059 5653 3125 5724 ad
3178 5652 3442 5724 Carolum
3498 5652 3731 5704 Calvum

2041 5722 2470 5793 imperatorem,
2505 5744 2531 5772 ››
2561 5722 2905 5792 compositus
2937 5722 3028 5793 sit,
3064 5722 3215 5775 intra
3244 5723 3460 5775 scilicet
3514 5737 3730 5775 annum

2043 5792 2168 5860 873,
2205 5812 2319 5865 quo
2350 5794 2418 5848 ad
2452 5792 2760 5864 imperium
2795 5792 3051 5860 pervenit
3076 5793 3325 5855 Carolus,
3351 5799 3407 5844 et
3448 5795 3569 5856 877,
3620 5809 3736 5862 quo
