4148 6180
485 283 583 334 175

1202 271 1655 328 DlSSERTATIO
1695 270 1766 326 ΙΝ
1807 272 1934 327 LIB.
1979 273 2068 327 DE
2120 271 2448 330 CORPORE
2496 273 2584 328 ET
2624 273 2964 328 SANGUINE
3017 272 3279 328 DOMINI.

3881 277 3975 327 176

485 425 706 464 veneno
748 424 782 462 a
833 405 1057 461 medico
1113 403 1386 459 Zedechia
1441 401 1549 456 sibi
1604 401 1910 473 propinato
1962 401 2174 455 exstin-
2211 404 2257 457 A
2359 406 2450 470 At,
2480 401 2672 473 inquit
2705 400 3073 473 dissertator,
3133 405 3391 473 tempore
3430 401 3793 473 ABerengarii
3857 419 3972 456 non

487 483 752 606 aliialii;
782 546 1030 603 dilucide
1063 545 1430 614 consequitur
1461 559 1632 614 quam
1679 542 1787 597 sibi
1831 543 2178 614 persuadeat

484 636 788 694 perperam
830 618 1163 694 dissertator
1208 619 1600 694 Iiincmarqm,
1657 614 2034 694 Rhcmerisem
2079 630 2178 694 ar-

483 685 932 760 chiepiscopum,
961 689 1197 758 hujusce
1229 687 1360 740 libri
1384 688 1452 760 de
1485 686 1734 760 Corpore
1769 691 1838 744 .et
1889 685 2176 760 Sanguine

485 756 738 827 Domini,
774 756 960 830 quem
1017 756 1351 830 Hatramnoi
1384 756 1760 830 vindicamus.
1787 757 2175 830 ‘mentionem

483 834 681 888 fecisse
715 825 866 886 anno
917 833 1039 896 859,
1073 835 1227 883 tomo
1272 831 1288 881 Ι
1341 827 1469 881 libri
1515 827 1583 880 de
1645 825 2174 893 Praedestinatione,

485 921 616 973 cap.
655 907 746 965 2t,
781 918 913 972 pag.
946 903 1050 955 232
1084 917 1096 954 :
1130 900 1209 954 ibi
1240 897 2037 973 enim‘conceptisverbis__ait
2061 914 2176 950 non

486 969 884 1036 Batramnum,
932 973 1025 1025 sed
1071 973 1348 1025 Joannem
1402 969 1628 1023 Scotum
1676 969 1745 1021 ab
1787 969 2052 1021 omnibus
2084 984 2180 1038 pa-

487 1047 598 1099 lam
643 1062 705 1097 ac
767 1042 994 1113 publice
1049 1042 1302 1113 reputari
1361 1046 1671 1113 auctorem,
1737 1039 1990 1113 capitum
2049 1055 2176 1108 qua:

486 1109 838 1169 confutanda
867 1109 1163 1182 receperat
1193 1111 1385 1182 dictus
1415 1111 1785 1182 Hincmarus._
1807 1109 1914 1164 Sed
1946 1111 2181 1182 insuper

490 1203 621 1256 quae
687 1190 917 1256 contra
953 1180 1144 1256 ﬁdem,
1181 1181 1444 1256 Ecclesia!
1501 1197 1565 1256 ex
1611 1180 1868 1256 doctrina
1926 1185 1982 1233 et
2033 1181 2177 1234 libro

487 1252 722 1310 Joannis
775 1255 925 1309 Scoti
971 1254 1346 1322 exscripserat
1394 1252 1452 1304 in
1513 1252 1656 1305 libro
1697 1252 1777 1322 de,
1815 1254 2065 1320 Corpore
2125 1257 2180 1304 et

488 1327 776 1396 Sanguine
810 1325 1058 1389 Domini,
1092 1321 1194 1378 sub
1223 1325 1456 1396 nomine
1488 1321 1784 1396 Batramni
1841 1322 2178 1391 neutiquam

491 1393 815 1451 occurrunt.
858 1397 986 1449 Haec
1039 1397 1192 1448 enim
1253 1395 1424 1448 verba
1479 1395 1564 1446 vel
1618 1393 1920 1445 verborum
1982 1409 2179 1446 sensus

493 1486 606 1539 quo
634 1483 872 1521 numero
904 1468 1271 1539 innotescunt
1303 1464 1447 1534 apud
1477 1463 1891 1517 Ratramnum‘?
1931 1467 1982 1517 l°
2035 1481 2178 1523 QUOD

490 1537 648 1593 iam
690 1555 767 1591 Sl'l‘
819 1539 1031 1591 DEITAS.
1066 1539 1124 1589 '20
1171 1537 1332 1599 Quon
1380 1550 1572 1587 ANGELI
1622 1550 1738 1586 SINT
1785 1551 1992 1588 mrum
2044 1552 2179 1588 con-

493 1609 766 1664 Ροιιλιεδῖ
818 1609 968 1670 Ουοῐ)
1024 1623 1193 1660 ΑΝΙΜΑ
1253 1622 1472 1658 HOMINIS
1511 1621 1619 1658 NON
1670 1621 1748 1657 sir
1786 1621 1839 1657 IN
1890 1608 2174 1660 conpone?

492 1683 550 1734 3°
599 1681 756 1743 QUOD
795 1694 1134 1732 sacmnaum
1197 1691 1416 1730 ALTABIS
1473 1691 1584 1728 NON
1623 1691 1803 1729 VERUM
1863 1692 2062 1730 coueus
2120 1693 2179 1729 nr

2286 473 2391 527 sub
2420 473 2534 527 alio
2561 471 2791 526 nomine
2823 487 2995 542 quam
3027 472 3263 526 Joannis
3294 471 3441 526 Scoti
3473 473 3738 542 cognitus
3789 478 3873 526 est
3904 473 3980 525 li-

2283 543 2388 597 ber
2419 544 2487 598 de
2521 544 2763 614 Corpore
2795 547 2850 597 et
2887 543 3179 610 Sanguine
3240 543 3486 596 Domini.
3545 543 3844 597 Solitarius
3895 543 3978 598 Si-

2285 615 2554 684 gebertus
2585 615 2794 667 iterum
2823 615 3051 667 ascribit
3089 615 3401 667 Bertramo.
3443 615 3757 682 Responsio
3802 615 3982 667 facilis

2285 690 2370 739 est
2399 685 2609 739 librum
2636 687 2705 738 de
2738 686 2984 754 Corpore
3014 689 3071 738 et
3100 685 3391 753 Sanguine
3425 685 3653 738 Domini
3681 685 3984 739 Ratramni

2285 773 2318 809 a
2350 757 2728 810 sectatoribus
2778 755 3106 825 Berengarii
3154 757 3487 826 neutiquam
3536 755 3594 808 in
3648 756 3734 808 sui
3767 759 3978 809 erroris

2285 827 2667 896 patrocinium
2735 826 3021 896 proditum
3081 825 3277 890 fuisse,
3336 825 3432 880 Sed
3499 826 3683 879 solum
3743 827 3977 880 Joannis

2285 897 2435 952 Scoti
2460 897 2748 951 erroribus
2789 896 3121 967 Berengarii
3151 896 3334 966 magis
3373 896 3691 968 propitium
3739 903 3794 951 et
3846 914 3979 952 con-

2286 969 2614 1022 ducibilem.

2358 1040 2598 1109 Insuper
2657 1037 2974 1092 continenti
3062 1053 3324 1109 sermone
3392 1037 3550 1092 addit
3631 1037 3980 1105 dissertator,

2289 1115 2350 1162 ut
2404 1108 2606 1179 probet
2667 1110 3006 1179 opusculum
3054 1108 3262 1162 Joanni
3312 1110 3480 1163 Scoto
3532 1109 3843 1178 ascriptum
3894 1123 3979 1162 re:

2286 1196 2417 1233 vera
2444 1182 2511 1234 ad
2545 1181 2919 1234 Ratramnum
2969 1179 3256 1248 pertinere
3315 1184 3371 1233 et
3425 1180 3476 1232 ei
3535 1179 3852 1248 adjudicari
3885 1180 3984 1233 dc-

2286 1250 2443 1314 bere,
2484 1250 2791 1320 Epistolam
2824 1249 3070 1305 Ascelini
3109 1249 3377 1303 monachi
3430 1249 3500 1303 ad
3546 1251 3982 1320 Berengarium,

2288 1321 2628 1391 exscriptam
2662 1327 2716 1374 et
2758 1321 3104 1391 publicatam
3137 1321 3289 1374 inter
3333 1325 3498 1374 notas
3547 1321 3768 1374 domini
3823 1322 3986 1375 Lucae

2289 1392 2551 1446 Dacherii
2584 1393 2653 1445 ad
2712 1391 2895 1444 Vitam
2932 1391 3246 1458 Lanfranci,
3312 1391 3737 1448 Cantuariensis
3795 1393 3986 1446 archi-

2289 1463 2565 1533 episcopi,
2596 1480 2725 1533 pag.
2759 1465 2846 1526 25,
2882 1463 2939 1515 in
2973 1478 3086 1532 qua
3117 1463 3371 1532 prodidit
3399 1463 3520 1515 haec
3563 1464 3735 1516 verba
3769 1465 3983 1533 quibus

2289 1534 2581 1602 designari
2636 1535 2846 1586 librum
2907 1534 3203 1587 Rotramni
3253 1549 3425 1603 quem
3475 1533 3853 1598 vindicamus,
3885 1535 3985 1587 de-

2287 1605 2513 1658 fendit:
2577 1605 2902 1658 «Joannem
2951 1604 3182 1658 Scotum
3229 1620 3334 1657 nec
3388 1604 3828 1668 inconsiderate,
3878 1621 3982 1658 nec

2286 1675 2480 1745 impie,
2527 1691 2628 1728 nec
2683 1675 2914 1745 indigne
2972 1675 3286 1745 sacerdotio
3345 1690 3471 1726 meo
3533 1675 3761 1728 habeo:
3806 1691 3980 1745 quem

493 1767 716 1804 SANGUIS
792 1766 906 1801 sm'r
983 1750 1180 1801 DOMINI
1259 1763 1351 1799 seu
1433 1762 1646 1799 TANTUM
1729 1763 1972 1800 animum
2054 1764 2175 1800 vam
2218 1744 2410 1807 Btoto
2444 1746 2571 1799 nisu
2602 1744 2835 1816 totaque
2866 1747 3181 1798 intentione
3213 1744 3283 1798 ad
3336 1745 3444 1798 hoc
3501 1747 3685 1799 solum
3741 1744 3980 1800 tendere

491 1837 746 1873 CORPORIS
779 1836 839 1871 ar
877 1834 1160 1872 SANGUINIS
1200 1834 1342 1870 EJUS.
1393 1816 1606 1870 Revera
1661 1816 1795 1870 dicit
1840 1819 2179 1871 ﬁatramnus

490 1907 650 1944 num.
687 1892 752 1943 99
789 1895 844 1942 et
878 1892 975 1943 100
1011 1905 1022 1942 :
1063 1908 1090 1939 «
1120 1889 1279 1951 Quod
1315 1889 1420 1940 iste
1448 1888 1611 1956 panis
1643 1893 1700 1940 et
1732 1889 1893 1948 calix,
1929 1888 2026 1958 qui
2057 1905 2179 1941 cor-

489 1978 597 2032 pus
626 1966 682 2014 et
712 1960 944 2029 sanguis
983 1959 1186 2032 Christi
1234 1959 1665 2032 nominaturet
1690 1960 1920 2032 existit,
1965 1975 2178 2032 memo-

490 2029 633 2085 riam
666 2035 1040 2101 repraesentat
1093 2029 1405 2101 Dominicae
1451 2029 1752 2098 passionis,
1797 2030 2181 2098 quemadmo—

490 2104 626 2156 dum
679 2100 800 2172 ipse
857 2101 1000 2154 dixit
1028 2101 1088 2153 in
1145 2100 1447 2172 Evangelio
1485 2116 1504 2172 ;Δ
1533 2101 1653 2172 ΑΙΙοσ
1695 2101 1970 2172 facitcin
2009 2116 2181 2154 meam

490 2169 1058 2227 commemorationem.
1118 2191 1143 2217 ››
1197 2171 1357 2233 Quod
1413 2169 1642 2239 quidem
1702 2170 2056 2222 verissimum
2127 2177 2182 2223 et

491 2244 784 2297 catholicae
812 2242 945 2296 ﬁdei
986 2239 1568 2310 congruentissimum
1600 2244 1702 2293 est.
1750 2242 1869 2293 Non
1915 2242 2065 2294 enim
2101 2242 2182 2294 ait

492 2314 835 2368 Ratramnus
872 2328 978 2366 non
1019 2328 1129 2366 esse
1156 2327 1339 2364 verum
1390 2326 1604 2380 corpus,
1655 2312 1772 2364 imo
1821 2327 1953 2363 vero
1987 2326 2179 2381 corpus

491 2391 541 2438 ct
573 2387 802 2449 sanguis
827 2383 1035 2439 Christi
1065 2385 1380 2436 nominatur
1408 2387 1457 2435 et
1509 2383 1717 2435 existit.
1783 2381 1895 2434 Nec
1951 2382 2030 2434 ait
2059 2399 2179 2436 esse

492 2461 702 2520 tantum
749 2457 1080 2520 memoriam,
1131 2469 1263 2506 nam
1323 2453 1380 2505 in
1430 2452 1533 2504 hac
1582 2468 1716 2504 voce
1758 2467 1970 2506 TANTL'N
2021 2453 2180 2506 virus

489 2515 758 2580 immanis
807 2524 1041 2578 haaresis
1069 2515 1359 2576 consistit.
1416 2523 1698 2576 Praeterea
1752 2538 1821 2575 ne
1881 2539 1943 2575 ex
1993 2524 2179 2577 verbis

492 2596 786 2651 Ratramni
816 2594 1221 2648 contumeliam
1271 2598 1539 2663 caperent
1569 2592 1672 2646 viri
1723 2592 2004 2657 catholici,
2045 2610 2176 2646 con-

489 2668 696 2720 tinenti
735 2682 1000 2719 sermone
1038 2665 1301 2734 prudenti
1348 2664 1616 2717 cautione
1649 2663 1716 2716 ab
1754 2663 1910 2716 omni
1959 2680 2176 2717 veneno

490 2745 547 2791 et
577 2739 726 2792 malo
759 2737 992 2790 haeresis
1023 2733 1268 2789 declinat
1295 2733 1383 2786 his
1414 2734 1596 2787 verbis
1630 2749 1642 2786 :
1679 2752 1705 2784 «
1748 2735 1857 2787 Nec
1905 2735 2179 2804 quoniam

492 2809 595 2862 ista
628 2809 869 2861 dicimus
900 2811 1133 2875 putetur
1162 2805 1220 2858 in
1265 2805 1534 2875 mysterio
1583 2805 1924 2858 sacramenti
1975 2822 2178 2874 corpus

491 2879 718 2932 Domini
746 2877 829 2930 vel
865 2877 1204 2946 sanguinem
1233 2875 1412 2945 ipsius
1450 2891 1563 2946 non
1608 2891 1641 2927 a
1688 2875 1955 2928 ﬁdelibus
2007 2876 2176 2942 sumi,

491 2949 720 3020 quando
751 2945 1035 3020 ﬁdesnOn
1063 2947 1217 3020 quod
1250 2947 1448 2999 oculus
1471 2945 1648 3020 videt,
1683 2947 1778 3020 sed
1805 2946 1970 3020 quod
1999 2948 2181 3020 credit

492 3015 712 3089 accipit.
748 3040 774 3068 ››
810 3015 1112 3073 Enimvero
1143 3018 1187 3070 si
1223 3033 1337 3089 non
1367 3015 1681 3089 accipiatur
1715 3017 1768 3089 in
1804 3015 2171 3089 Eucharistia,

2291 1817 2474 1883 video,
2507 1822 2572 1870 ut
2602 1816 2742 1869 mihi
2771 1816 3109 1885 persuadeat
3138 1817 3261 1878 hoc,
3297 1816 3560 1887 videlicet
3613 1817 3763 1887 quod
3814 1818 3871 1868 in
3907 1819 3981 1870 al-

2287 1887 2395 1940 tari
2459 1893 2844 1955 consecratur,
2921 1902 3106 1956 neque
3169 1901 3301 1940 vere
3362 1886 3571 1941 Christi
3633 1886 3979 1958 sanguinem

2289 1973 2427 2010 esse.
2462 1978 2489 2005 ἱ)

2361 2029 2567 2081 Verum
2591 2028 2700 2081 hoc
2731 2043 2940 2098 genere
2979 2026 3301 2098 argumenti
3332 2030 3449 2080 tam
3504 2027 3770 2098 iniquum
3803 2044 3981 2098 quam

2286 2099 2624 2168 probrosum
2657 2097 2712 2151 et
2745 2097 3055 2152 Ratramuo
3090 2098 3373 2167 ejusmodi
3425 2097 3764 2152 sententiam
3810 2097 3981 2152 ascri-

2289 2170 2444 2233 bere,
2472 2185 2600 2222 cum
2631 2169 2949 2238 praesertim
2976 2184 3273 2238 nunquam
3323 2169 3402 2220 sic
3432 2169 3653 2222 locutus
3685 2169 3776 2222 sit.
3824 2171 3979 2223 Nihil

2288 2241 2469 2309 magis
2499 2257 2532 2293 a
2563 2256 2729 2292 sensu
2779 2239 3070 2293 communi
3101 2240 3399 2292 hominum
3449 2240 3700 2292 alienum
3752 2239 3985 2293 videtur

2288 2326 2460 2380 quam
2492 2310 2598 2363 sibi
2629 2310 2845 2379 ﬁngere
2867 2315 2923 2363 et
2955 2311 3200 2363 formare
3233 2310 3523 2362 hominem
3556 2310 3655 2380 qui
3708 2311 3804 2364 hoc
3833 2313 3985 2379 quod

2286 2384 2343 2433 in
2373 2382 2542 2452 altari
2583 2385 2944 2446 consecratur,
3002 2397 3108 2434 non
3167 2381 3351 2434 credat
3396 2396 3516 2433 uere
3561 2396 3760 2452 corpus
3806 2397 3985 2452 neque

2286 2466 2408 2522 igere
2436 2451 2645 2505 Christi
2691 2454 3018 2522 sanguinem,
3053 2455 3289 2522 resse;et
3317 2455 3509 2504 tamen
3576 2451 3682 2504 sibi
3737 2451 3984 2522 persua-

2287 2521 2437 2585 deat,
2475 2526 2530 2574 et
2560 2522 2892 2591 neutiquam
2927 2521 3170 2588 dubitet,
3220 2537 3325 2590 per
3373 2526 3711 2592 mysterium
3741 2521 3984 2578 Eucha-

2287 2593 2460 2645 ristiae
2487 2608 2692 2662 panem
2728 2599 2782 2644 et
2811 2593 3008 2646 vinum
3057 2592 3117 2644 in
3168 2592 3423 2661 corporis
3452 2598 3508 2645 et
3567 2594 3862 2662 sanguinis
3890 2596 3984 2647 sui

2287 2679 2560 2716 conversa
2626 2663 3024 2726 substantiam,
3084 2679 3116 2715 a
3172 2663 3435 2716 ﬁdelibus
3470 2663 3766 2716 sumenda.
3827 2664 3986 2728 Quid

2286 2733 2439 2786 enim
2471 2750 2573 2786 nos
2604 2734 2772 2786 docet
2817 2734 2958 2787 ﬁdes
3005 2731 3305 2786 Ecclesiae“?
3338 2733 3473 2803 quid
3506 2751 3572 2786 ea
3629 2736 3736 2787 ﬁde
3787 2736 3984 2788 credi-

2288 2820 2415 2857 mus
2448 2809 2503 2857 et
2534 2805 2914 2857 conﬁtemur?
2941 2804 3052 2857 nisi
3083 2820 3188 2873 per
3229 2805 3562 2874 mysterium
3609 2804 3987 2860 Eucharistiae

2287 2890 2492 2946 panem
2526 2879 2580 2946 et
2608 2877 2800 2928 vinum
2831 2891 2959 2946 qua!
2987 2881 3390 2946 consecrantur
3418 2874 3694 2946 inaltari,
3729 2892 3859 2930 vere
3919 2878 3984 2930 in

2287 2945 2660 3016 substantiam
2698 2947 2952 3014 corporis
2995 2951 3057 3016 et
3103 2945 3397 3016 sanguinis
3449 2945 3656 2999 Christi
3703 2963 3989 3000 conversa

2288 3032 2319 3068 a
2349 3015 2616 3069 ﬁdelibus
2646 3017 2814 3084 sumi,
2849 3034 2881 3069 a
2915 3015 3079 3069 nobis
3105 3015 3358 3086 perCipi‘?
3389 3019 3461 3069 At
3511 3033 3642 3069 vero
3691 3018 3797 3070 hoc
3837 3035 3987 3071 con-

490 3086 748 3144 sive_non
807 3091 1075 3143 credatur
1133 3088 1329 3159 accipi,
1392 3087 1540 3157 quod
1603 3088 1803 3159 oculus
1851 3087 2024 3153 videt,
2077 3089 2172 3142 sed
2216 3102 2256 3156 ε
2287 3087 2464 3156 ceptis
2495 3087 2681 3159 verbis
2711 3104 2807 3140 ore
2849 3087 2992 3140 dixit
3033 3093 3104 3159 eti
3139 3103 3322 3159 manu
3354 3086 3584 3155 scripsit
3633 3094 3828 3159 noster
3866 3089 3988 3142 Ra-

489 3164 638 3232 quod
673 3161 849 3232 credit
893 3158 1333 3232 iides,ineces$e
1387 3164 1472 3232 est
1519 3158 1673 3232 credi
1719 3174 1918 3232 verum
1969 3159 2176 3214 Christi

489 3228 694 3301 corpus
725 3231 903 3300 accipi
938 3248 950 3284 :
987 3231 1202 3300 quippe
1237 3245 1367 3282 cum
1399 3228 1538 3281 ﬁdes
1599 3229 1927 3301 ibimcredat
1977 3245 2175 3301 verum

489 3297 695 3355 Christi
723 3297 930 3369 corpus
957 3297 1218 3364 existere,
1249 3301 1564 3351 nominatur
1590 3297 1821 3369 _seilicet
1873 3304 1922 3351 ct
1960 3299 2172 3369 existit.

488 3373 727 3440 Insuper
759 3367 879 3424 haec
917 3371 1162 3438 capitula
1191 3385 1318 3440 qua!
1348 3370 1554 3440 refutat
1587 3367 1924 3440 Hincmarus
1973 3368 2175 3440 obser-

490 3447 583 3492 vat
611 3437 775 3494 aétate
807 3456 907 3492 sua
940 3437 1128 3508 palam
1174 3437 1417 3506 ascripta
1457 3437 1655 3508 fuisse,
1702 3437 1952 3508 nemine,
2001 3439 2175 3491 recla-

491 3516 704 3575 mante,
762 3506 966 3562 Joann'i
1023 3508 1338 3576 Scotigenm
1398 3511 1453 3560 et
1510 3506 1837 3568 Prudentio,
1913 3509 2175 3562 Trecensi

489 3581 775 3650 episcopo,
831 3579 1163 3650 neutiquam
1196 3593 1328 3630 vero
1347 3577 1687 3650 ARatramno,
1720 3576 1882 3650 cujus
1904 3578 2082 3650 virtus
2115 3596 2176 3632 ac

489 3647 651 3715 ﬁlivs,
677 3647 919 3703 sordidae
951 3647 1180 3702 haeresis
1208 3648 1418 3712 nescia,
1463 3647 1815 3700 intaminatis
1862 3647 2176 3703 honoribus

489 3722 686 3791 fulget.
733 3721 876 3790 Lege
924 3720 1134 3773 librum
1184 3719 1252 3791 de
1298 3719 1803 3791 Prtedestiuatione
1859 3719 2172 3787 Hincmari,

488 3788 609 3861 cap'.
648 3794 735 3857 21,
770 3788 897 3861 pag.
935 3792 1038 3844 330
1073 3807 1085 3844 :
1125 3790 1426 3854 «Quorum
1457 3788 1837 3857 capitulorum
1886 3795 2167 3858 auctores,

491 3863 700 3932 inquit,
734 3863 821 3914 vel
849 3863 1038 3932 potius
1068 3861 1174 3914 sibi
1207 3865 1703 3932 compugnatores,
1749 3866 1803 3912 et
1841 3861 1898 3913 in
1933 3861 2174 3931 quibus-

487 3930 618 3987 dam
669 3930 921 3986 veritatis
983 3934 1436 4002 impuguatores,
1499 3930 1840 4002 jaetitanlur
1887 3947 1920 3984 a
1951 3930 2173 3986 imultis

489 4004 828 4058 Prudentius
861 4000 1168 4070 episcopus
1191 4007 1247 4053 et
1273 4003 1521 4054 Joannes
1549 4000 1868 4069 Scotigena.
1905 4020 1931 4050 »

555 4075 672 4126 Non
698 4074 813 4142 juri
845 4080 936 4124 aut
970 4071 1175 4124 rationi
1232 4071 1648 4142 congruentius
1701 4070 1808 4124 sibi
1866 4072 2171 4140 persuadet

486 4140 830 4204 dissertator,
861 4159 987 4210 pag.
1027 4145 1146 4200 167,
1196 4142 1428 4212 vultum
1477 4140 1743 4212 retexisse
1791 4156 1900 4212 seu,
1936 4143 2172 4212 paropi-

485 4214 612 4266 dem
651 4211 962 4265 detraxisse
994 4211 1208 4264 auctori
1241 4211 1368 4264 libri
1399 4211 1468 4264 de
1501 4211 1748 4279 Corpore
1789 4216 1843 4264 et
1881 4211 2171 4281 Sanguine

489 4283 712 4336 Domini
755 4283 1156 4345 Adrevaldum,
1205 4282 1547 4334 monachum
1591 4281 1999 4335 Floriacensem
2034 4289 2173 4337 tern-

483 4369 622 4434 pore
647 4353 839 4434 _Caro_li
872 4353 1043 4432 Calvi,
1073 4351 1134 4434 in
1161 4351 1350 4431 libello
1368 4369 1435 4434 ea
1469 4351 1536 4406 de
1557 4353 2165 4434 _causa_seriptouco_ntra

483 4421 723 4494 ineptias
782 4423 1013 4494 Joannis
1073 4421 1241 4487 Scoti,
1273 4423 1478 4494 relato
1552 4426 1691 4494 tom.
1727 4423 1844 4494 XII,
1873 4423 2163 4494 Spicilegii

483 4492 836 4547 Daetieriani.
909 4492 1206 4546 Enimvero
1268 4493 1492 4546 libellus
1549 4493 1850 4546 Adrevaldi
1915 4492 2165 4563 '3criptus

479 4570 735 4634 tempore
769 4564 954 4618 Caroli
988 4563 1178 4634 Calvi,
1214 4563 1300 4616 vel
1347 4563 1456 4616 fuit
1495 4567 1803 4633 antequam
1853 4563 2162 4633 imperium

479 4633 800 4704 capesseret
834 4634 918 4687 vel
952 4641 1094 4703 post.
1126 4633 1185 4687 Si
1223 4638 1375 4704 ante,
1433 4634 1648 4686 larvam
1703 4634 2002 4688 detrahere
2048 4652 2161 4689 non

479 4703 664 4775 potuit
697 4704 844 4759 libro
875 4704 1130 4758 nondum
1180 4703 1464 4774 confecto;
1499 4704 1545 4757 si
1589 4720 1721 4757 vero
1771 4714 1916 4775 post,
1953 4705 2163 4760 scilicet

477 4777 547 4829 ab
575 4793 724 4829 anno
746 4779 846 4830 875
881 4775 948 4829 ad
979 4791 1193 4828 annum
1227 4777 1351 4838 877,
1398 4775 1684 4845 quomodo
1737 4775 1951 4828 larvam
1983 4777 2164 4829 detra-

477 4847 611 4900 here
643 4847 869 4916 potuit‘?
915 4847 1126 4916 quippe
1157 4861 1285 4898 cum
1344 4861 1409 4898 ea
1454 4851 1619 4898 aetate
1676 4846 1891 4899 nemini
1939 4846 2155 4900 homini

474 4918 714 4971 dubium
748 4917 1089 4988 isuboleret,
1161 4932 1227 4968 ex
1280 4921 1468 4988 mente
1526 4917 1927 4988 dissertatoris,
1963 4986 1972 4988 4
2016 4917 2155 4988 quin

474 4996 672 5042 auctor
703 4987 832 5040 libri
863 4993 1010 5040 esset
1050 4988 1298 5040 Joannes
1341 4987 1559 5051 Scotus,
1614 4991 1669 5038 et
1723 4987 1844 5055 ipse
1896 4985 2159 5040 Adreval-

471 5061 578 5112 dus
603 5076 721 5112 non
752 5065 948 5110 contra
978 5057 1218 5127 ineptias
1253 5058 1546 5110 Ratramni
1577 5063 1676 5110 aut
1704 5057 2005 5126 Bertrami,
2059 5059 2156 5112 sed

470 5131 704 5183 Joannis
735 5129 880 5183 Scoti
915 5129 1254 5181 nominatim
1285 5127 1591 5196 scripserit.

544 5202 820 5253 Praeterea
852 5199 896 5251 si
931 5199 1272 5252 Ratramnus
1315 5196 1513 5249 fuisset
1561 5201 1757 5249 auctor
1796 5196 2025 5250 illarum
2067 5196 2153 5250 in-

469 5271 754 5338 eptiarum
810 5269 1110 5339 quassub
1168 5267 1398 5339 nomine
1444 5267 1681 5339 Joannis
1738 5268 1911 5339 Scoti
1944 5269 2154 5321 refutat

470 5337 843 5403 Adrevaldus,
899 5338 1170 5392 deberent
1226 5337 1547 5389 istiusmodi
1600 5337 1832 5405 ineptia:
1899 5337 1956 5390 in
2010 5339 2152 5391 libro

470 5408 763 5462 Rati-amni
794 5409 1053 5478 reperiri,
1099 5408 1181 5460 vel
1214 5406 1448 5478 omnino
1481 5409 1565 5478 vel
1599 5424 1661 5460 ex
1695 5413 1874 5476 parte.
1917 5412 1988 5461 At
2022 5425 2152 5461 vero

2285 3162 2546 3229 tramnus
2594 3158 2707 3210 sive
2740 3159 3062 3211 Bertramus
3094 3157 3189 3211 lib.
3213 3158 3281 3211 de
3299 3158 3549 3229 Corpore
3601 3164 3659 3211 et
3683 3158 3987 3229 Sanguine

2287 3228 2535 3294 Domini,
2569 3244 2728 3281 num.
2773 3230 2839 3282 30
2870 3245 2882 3281 :
2919 3229 3125 3281 «Tunc
3152 3228 3484 3297 intelligetis
3516 3229 3665 3298 quod
3687 3228 3993 3284 non’sicnt

2286 3298 2546 3351 inﬁdeles
2583 3299 2934 3352 arbitrantur
2989 3315 3218 3351 carnem
3277 3315 3462 3352 meam
3522 3315 3555 3352 a
3607 3299 3988 3354 credentibus

2285 3369 2723 3433 comedendum;
2759 3370 2864 3421 hoc
2923 3373 3026 3435 est,
3080 3374 3139 3421 ut
3171 3385 3343 3438 supra
3394 3373 3577 3435 docet,
3629 3371 3834 3424 eodem
3866 3389 3986 3425 nu-

2285 3452 2460 3500 mero,
2507 3454 2621 3491 non
2680 3455 2782 3508 per
2834 3444 3022 3508 partes
3073 3439 3359 3492 frustatim
3408 3440 3862 3495 distribuendam
3925 3449 3994 3496 et

2283 3507 2863 3580 discerpendam,sed
2898 3526 3032 3562 vena
3067 3526 3170 3578 per
3199 3511 3554 3579 mysterium,
3588 3527 3794 3580 panem
3812 3514 3985 3566 etvi-

2282 3594 2420 3631 num
2448 3578 2504 3631 in
2535 3579 2786 3647 corporis
2816 3585 2872 3632 et
2901 3580 3197 3649 sanguinis
3230 3578 3342 3634 mei
3395 3578 3662 3636 conversa
3711 3583 3994 3638 substan-

2284 3649 2419 3702 tiam
2451 3666 2483 3702 a
2516 3650 2781 3702 ﬁdelibus
2813 3653 3106 3703 sumenda.
3144 3671 3170 3701 ιι

2355 3720 2690 3791 Incredibile
2734 3726 2838 3786 est,
2871 3721 3236 3790 incogitabile
3295 3725 3350 3774 et
3396 3737 3630 3791 prorsus
3684 3718 3985 3790 ἀδύνατον,

2281 3789 2406 3862 nisi
2423 3791 2616 3843 omnia
2637 3791 2996 3862 naturalisfet
3015 3789 3372 3845 rationabilis
3394 3789 3826 3862 aequitatisjura
3848 3789 3991 3847 vio-

2280 3860 2447 3914 landa
2476 3863 2605 3926 sint,
2633 3861 2926 3914 hominem
2952 3877 3062 3915 non
3085 3863 3409 3916 credentem
3439 3860 3582 3932 quod
3594 3866 3649 3915 in
3662 3860 3835 3917 altari
3846 3880 3994 3919 con-

2277 3936 2522 3984 secratur
2540 3947 2709 4000 neque
2737 3948 2856 3985 vere
2875 3948 3066 4001 corpus
3095 3948 3264 4001 neque
3287 3949 3408 3986 vere
3427 3935 3631 3988 Christi
3647 3939 3995 3999 sanguinem

2278 4016 2409 4068 esse,
2449 4003 2676 4055 credere
2698 4002 2912 4055 sincere
2935 4004 3246 4056 secundum
3281 4004 3658 4057 substantiam
3703 4005 3994 4060 invisibi-

2281 4072 2416 4134 lem,
2434 4072 2537 4146 hoc
2551 4078 2748 4146 estper
2761 4074 3138 4146 omnipotenti
3148 4090 3236 4127 am
3252 4074 3438 4139 Verbi,
3453 4091 3659 4146 corpus
3672 4081 3730 4146 et
3742 4079 3998 4146 sangui-

2280 4157 2409 4194 nem
2447 4143 2653 4197 Christi
2685 4159 2814 4196 vere
2845 4143 3082 4197 existere
3112 4143 3171 4197 in
3205 4146 3368 4198 altari
3403 4161 3415 4198 :
3450 4143 3572 4198 haec
3621 4145 3776 4199 enim
3826 4143 3998 4203 adeo

2281 4218 2625 4282 repugnant,
2673 4218 2736 4266 ut
2775 4213 2833 4266 in
2881 4216 3080 4267 eodem
3125 4215 3358 4268 cerebro
3407 4232 3522 4268 non
3576 4215 3997 4273 interturbato

2280 4299 2514 4351 prorsus
2581 4283 2933 4338 insociabilia
3005 4285 3324 4340 videantur.
3383 4286 3791 4340 Verumtamen
3848 4288 3998 4346 haec

2277 4353 2480 4427 ultima
2508 4355 2676 4408 verba
2715 4361 2964 4409 mentem
2999 4355 3312 4427 iRthramni
3353 4357 3581 4425 penitus
3627 4357 3936 4427 explicant
3986 4379 4003 4416 :

2207 4453 2246 4507 α
2272 4425 2622 4507 quippecum
2643 4426 3264 4507 ex.pum.li9dicti_libri
3287 4429 3572 4507 exscripta
3593 4425 3730 4507 sint.
3777 4430 3950 4500 Lege
3981 4449 3994 4486 :

2277 4514 2303 4543 et
2335 4496 2407 4548 Ex
2438 4495 2526 4548 his
2556 4496 2825 4551 omnibus
2855 4513 2982 4566 qua:
3012 4501 3144 4550 sunt
3190 4495 3642 4551 hactenus’dicta
3677 4495 3999 4554 monsfra-

2273 4569 2396 4618 tum
2428 4569 2512 4618 est
2542 4567 2689 4634 quod
2723 4583 2928 4635 corpus
2960 4573 3016 4620 et
3046 4567 3280 4636 sanguis
3309 4568 3516 4621 Christi
3542 4584 3669 4637 qum
3699 4566 4004 4628 ﬁdelium

2274 4652 2372 4688 ore
2397 4637 2452 4707 in
2483 4637 2728 4689 Ecclesia
2755 4637 3170 4707 percipiuntur,
3213 4638 3410 4706 ﬁgurae
3464 4645 3596 4691 sunt
3641 4641 4005 4698 secundum

2271 4706 2517 4774 speciem
2576 4707 2878 4760 visibilem.
2915 4706 3012 4761 ’At
3058 4724 3191 4761 vero
3245 4709 3558 4762 secundum
3614 4710 4007 4769 invisibilem

2272 4776 2669 4838 substantiam,
2729 4778 2784 4830 id
2843 4783 2929 4832 est
2983 4778 3162 4832 divini
3221 4780 3538 4846 potentiam
3599 4780 3786 4846 Verbi,
3830 4797 4007 4840 vere

2269 4861 2473 4914 corpus
2505 4853 2561 4899 et
2609 4847 2841 4916 sanguis
2874 4847 3080 4901 Christi
3135 4850 3412 4903 existunt.
3452 4877 3470 4894 η
3525 4849 3730 4903 Eadem
3790 4851 4010 4909 iterat

2271 4933 2429 4970 num.
2467 4919 2580 4996 99_:
2611 4939 2631 4963 α
2667 4918 2979 4996 Addamus.
3005 4919 3154 4996 quod
3204 4919 3331 4996 ister
3360 4920 3524 4988 panis
3561 4927 3630 4996 et
3663 4921 3808 4996 calix
3875 4928 4011 4996 qui

2267 5002 2475 5054 corpus
2505 4993 2562 5039 et
2591 4987 2821 5056 sanguis
2853 4987 3058 5041 Christi
3084 4987 3431 5053 nominatur,
3465 4997 3521 5043 et
3549 4991 3756 5044 existit.
3787 5014 3808 5039 ι

2335 5057 2442 5110 Sed
2479 5062 2540 5109 ut
2570 5058 2971 5126 probationum
3029 5067 3347 5113 nostrarum
3399 5061 3825 5114 accessionibus
3888 5069 4009 5120 ni-

2267 5126 2346 5180 hil
2379 5127 2540 5189 desit,
2577 5143 2775 5196 quaero
2806 5128 3053 5180 libenter
3083 5145 3112 5181 a
3143 5129 3509 5183 dissertatore
3543 5148 3678 5184 num
3716 5132 3828 5185 sibi
3869 5137 4014 5191 ﬁn-

2255 5213 2398 5266 gere
2428 5199 2605 5265 possit
2637 5198 2930 5251 hominem
2962 5214 3192 5268 prorsus
3228 5200 3573 5254 abnuentem
3605 5202 3738 5256 ﬁdei
3776 5205 4015 5260 Eccle-

2264 5269 2361 5320 siae
2393 5269 2701 5333 catholicae,
2736 5269 2947 5322 scilicet
2975 5272 3277 5340 lioc,‘quod
3306 5271 3363 5324 in
3397 5273 3561 5325 altari
3588 5284 4019 5334 consecratur

2265 5354 2628 5412 neque_vere
2681 5355 2887 5412 corpus
2934 5355 3136 5412 neque
3179 5357 3310 5394 vere
3363 5341 3570 5395 Christi
3615 5345 4020 5412 sanguinem

2261 5425 2384 5482 esse
2413 5408 2519 5462 sibi
2552 5410 3009 5477 persuadentem,
3031 5408 3142 5482 'qui
3181 5412 3336 5464 nefas
3367 5413 3652 5465 existimet
3696 5408 3814 5467 [fon
3892 5437 4018 5476 so-

467 5480 792 5532 nullatenus
822 5475 1123 5532 incurrunt
1157 5478 1214 5530 in
1245 5475 1437 5530 oculos
1477 5475 1724 5530 hominis
1779 5484 2035 5530 accurate
2069 5480 2149 5532 le-

464 5550 688 5619 gentis;
720 5551 912 5619 itaque
945 5567 1014 5602 ne
1045 5549 1280 5619 quidem
1312 5548 1380 5601 de
1409 5548 1553 5601 libro
1586 5548 2051 5619 [tatramni,sive
2080 5549 2150 5604 de

460 5617 610 5689 libro
631 5617 1194 5688 quem—defendimus
1222 5619 1290 5673 de
1321 5619 1569 5689 Corpore
1623 5624 1679 5672 et
1716 5618 2008 5689 Sanguine
2040 5620 2150 5674 Do-

459 5688 630 5756 mini,
663 5689 926 5759 cogitavit
957 5689 1328 5744 Adrevaldus.

2263 5479 2390 5552 l_um_
2445 5495 2653 5552 negare
2714 5495 2919 5550 corpus
2960 5479 3084 5534 esse
3129 5483 3584 5552 sanguinemque
3621 5483 3838 5539 Christi
3935 5492 4024 5550 in

2261 5549 2634 5621 Eucharistia,
2666 5566 2862 5604 verum
2895 5552 3068 5605 etiam
3121 5549 3389 5621 cogitare.
3440 5549 3564 5607 Haec
3621 5555 3780 5607 enim
3847 5549 4023 5619 noli

2262 5620 2451 5673 minus
2504 5623 2888 5690 repugnantia
2948 5627 3002 5675 et
3067 5620 3422 5676 insociabilia
3470 5628 3620 5677 sunt.
3677 5628 4020 5690 Attamen

2258 5690 2451 5746 nullus
2481 5690 2780 5746 dubitandi
2825 5692 2976 5747 locus
3013 5692 3363 5764 relinquitur
3410 5695 3552 5768 quin
3604 5693 4024 5762 Rati-amans
