4130 6184
188 269 285 317 177

917 265 1368 321 DISSERTATJO
1409 265 1475 321 IN
1518 266 1646 321 LIB.
1692 265 1782 320 DE
1819 264 2151 323 CORPORE
2192 266 2281 320 ET
2318 265 2663 323 SANGUINE
2706 267 2960 324 DOMINI.

3592 276 3691 326 l78

178 392 479 462 conceptis
509 392 692 445 verbis
722 392 872 448 dicat
897 408 1056 446 num.
1096 396 1197 448 15:
1234 416 1260 442 «
1308 394 1743 465 Compellantur
1774 412 1879 449 ue-
1919 398 1961 450 A
1997 396 2209 450 tramni
2244 396 2401 449 nulla
2430 396 2643 451 habere
2692 398 3221 453 dissimilitudinem
3270 418 3302 454 a
3347 402 3492 456 libro
3520 404 3689 457 Joan-

180 479 317 534 gare
353 480 561 532 corpus
601 480 721 517 esse
752 466 1204 533 sanguinemque
1255 466 1481 525 Christi,
1528 467 1681 534 quod
1725 470 1881 521 nefas

181 542 269 587 est
305 551 422 586 non
470 538 653 587 solum
688 536 898 599 dicere,
942 552 1138 589 verum
1184 538 1351 589 etiam
1384 538 1655 606 cogitare.
1688 558 1714 587 »
1749 544 1881 602 Qum

180 622 309 657 cum
343 606 425 657 ita
464 608 597 664 sint,
630 609 754 659 luce
791 606 1109 659 meridiana
1161 608 1370 660 clarius
1418 614 1635 661 constat
1671 609 1877 662 librum

178 678 420 729 Joannis
456 676 628 738 Scoti,
661 678 731 729 de
776 694 891 747 quo
927 679 1276 731 mentionem
1324 679 1458 732 facit
1504 681 1795 732 Ascelinus
1824 682 1881 733 in

182 750 422 816 epistola
481 748 551 800 ad
602 748 1028 817 Berengarium,
1088 751 1422 819 neutiquam
1505 752 1710 803 debere
1787 751 1882 804 Ba-

180 824 411 897 tramno
464 818 687 885 ascribi,
734 820 834 872 sed
893 835 995 872 suo
1044 818 1514 875 auctori’Joanni
1563 822 1881 892 Scotigena:

184 898 413 941 ῑεδιιιω
428 929 440 941 .

250 962 341 1025 At,
377 959 569 1030 inquit
612 959 964 1024 dissertator,
1024 976 1153 1030 qum
1201 961 1261 1014 in
1292 960 1437 1014 libro
1467 962 1699 1016 Joannis
1731 962 1881 1016 Scoti

183 1045 514 1095 occurrunt,
574 1032 808 1083 totidem
868 1032 1095 1101 syllabis
1144 1033 1421 1102 exscripta
1478 1041 1779 1085 recurrunt
1822 1035 1880 1087 in

185 1102 329 1154 libro
364 1102 681 1172 Hatramni,
735 1117 892 1154 num.
928 1105 1015 1168 88,
1048 1108 1112 1156 ut
1157 1118 1220 1155 ex
1254 1105 1494 1172 epistola
1523 1104 1769 1157 Ascelini
1801 1104 1883 1157 in-

185 1174 446 1241 telligere
490 1171 653 1224 facue
684 1179 796 1227 est:
835 1174 1009 1245 «Hoc
1038 1179 1250 1238 autem,
1285 1171 1496 1227 Scilicet
1530 1191 1715 1245 neque
1753 1191 1881 1228 vere

184 1259 392 1313 corpus
444 1259 629 1312 neque
684 1243 1021 1314 sanguinem
1077 1260 1218 1309 esse,
1277 1250 1529 1298 astruere
1580 1243 1783 1299 nititur
1813 1263 1879 1299 ex

184 1320 514 1366 sanctorum
556 1316 787 1367 Patrum
836 1316 1124 1384 opusculis
1172 1331 1301 1385 qua:
1352 1316 1600 1386 exponit,
1634 1332 1879 1386 quorum

187 1385 343 1436 illam
398 1386 575 1437 sancti
613 1386 868 1454 Gregorii
899 1387 1220 1438 orationem
1281 1387 1374 1439 hic
1421 1385 1692 1439 adnotare
1724 1388 1878 1441 sufﬁ-

183 1458 330 1508 ciat:
368 1459 659 1522 Ριςγίὶυὶιιηε
688 1459 747 1509 in
786 1456 937 1509 nobis
988 1463 1103 1520 tua,
1155 1460 1392 1523 Domine,
1438 1473 1760 1525 quwsumus,
1792 1474 1879 1511 sa-

184 1532 461 1579 cramenta
488 1527 632 1595 quod
683 1530 979 1592 continent,
1014 1533 1073 1581 ut
1098 1544 1215 1594 quae
1252 1544 1392 1580 nunc
1444 1531 1617 1595 specie
1645 1532 1881 1594 gerimus

186 1612 365 1650 rerum
398 1600 628 1650 veritate
672 1600 971 1665 capiamus.
1006 1598 1186 1661 Quam
1211 1600 1548 1667 exponendo
1581 1600 1881 1667 pra-dictus

184 1669 434 1721 Joannes
473 1668 626 1720 inter
670 1674 875 1721 cetera
906 1675 1113 1721 nostra:
1145 1670 1279 1722 fidei
1323 1671 1605 1722 contraria
1634 1686 1645 1723 :
1677 1672 1879 1738 Specie,

188 1739 398 1809 inquit,
430 1745 693 1805 geruntur
735 1741 863 1803 ista,
894 1756 999 1792 non
1027 1742 1290 1803 veritate;
1330 1740 1485 1810 quod
1524 1757 1637 1793 non
1688 1741 1879 1793 catho-

183 1811 309 1872 lice,
364 1810 603 1871 dictum,
665 1809 713 1863 si
756 1810 901 1863 bene
960 1815 1119 1863 tuam
1161 1809 1519 1881 vigilantiam
1578 1812 1726 1879 novi,
1763 1828 1880 1865 non

186 1881 439 1949 ignoras.
480 1900 506 1929 ι)

257 1951 654 2019 Objectiouem
697 1955 855 2004 tuam
905 1950 1065 2005 facile
1098 1951 1377 2006 friabilem
1413 1953 1676 2006 omittere
1718 1957 1879 2022 pote-

188 2028 273 2074 rat
301 2023 654 2074 dissertator.
709 2024 925 2077 Revera
969 2023 1124 2076 enim
1173 2023 1293 2076 haec
1325 2026 1505 2077 oratio
1546 2025 1879 2077 Sacramen-

188 2094 315 2145 tarii
356 2094 541 2145 sancti
600 2093 855 2164 Gregorii
898 2094 1186 2162 conceptis
1234 2095 1418 2147 verbis
1469 2096 1676 2164 legitur
1728 2094 1880 2161 apud

190 2164 587 2228 Ratramutim,
624 2165 719 2217 sed
770 2165 826 2217 in
861 2165 1238 2233 patrocinium
1284 2182 1478 2218 sensus
1518 2166 1777 2219 catholici
1827 2169 1882 2219 et

188 2236 252 2286 ab
278 2236 568 2306 opinione
604 2235 837 2288 Joannis
867 2235 1014 2288 Scoti
1062 2236 1393 2289 alienissimi
1442 2252 1567 2289 eam
1598 2237 1871 2306 prodidit.

188 2305 408 2375 Quippe
451 2307 697 2358 Joannes
726 2306 923 2359 Scotus
957 2323 1018 2359 ex
1068 2306 1155 2359 his
1184 2308 1391 2371 verbis,
1444 2324 1561 2376 qua
1599 2305 1738 2361 nunc
1767 2323 1881 2375 spe-

190 2381 261 2428 cie
288 2379 554 2442 gerimus,
586 2392 766 2429 rerum
795 2380 1021 2430 veritate
1067 2380 1368 2446 capiamus,
1420 2378 1763 2431 defendebat
1793 2380 1880 2431 in-

188 2448 363 2515 telligi
398 2463 609 2516 corpus
640 2448 848 2501 Christi
888 2448 947 2500 in
978 2449 1161 2517 ﬁgura
1192 2454 1415 2502 tantum
1448 2449 1709 2515 existere,
1743 2466 1881 2502 neu-

189 2518 409 2588 tiquam
456 2534 591 2570 vero
631 2520 753 2588 ejus
811 2519 1195 2585 existentiam,
1249 2536 1369 2572 rem
1420 2524 1476 2573 et
1505 2520 1881 2573 substantiam

188 2588 241 2641 in
302 2589 663 2642 Eucharistia
716 2590 971 2659 reperiri.
1023 2590 1130 2663 Sed
1178 2606 1410 2663 sensum
1450 2606 1703 2663 prorsus
1737 2592 1883 2644 alie-

190 2676 317 2712 num
354 2666 414 2713 et
460 2668 885 2732 repugnantem
932 2676 993 2713 ex
1021 2660 1141 2732 hac
1195 2660 1473 2714 oratione"
1495 2661 1731 2732 percipit
1773 2664 1881 2716 Ra-

188 2736 469 2802 tramuus.
526 2730 898 2802 Existimabat
941 2731 1094 2784 enim
1125 2748 1331 2802 corpus
1364 2737 1417 2784 et
1447 2730 1788 2801 sanguinem
1825 2732 1884 2785 iu

190 2800 394 2870 ﬁgura,
446 2801 555 2854 hoc
595 2805 681 2854 est
726 2801 830 2855 sub
875 2803 1197 2855 velamento
1228 2800 1301 2854 “et
1333 2800 1623 2870 conopeis,
1673 2802 1884 2871 speciei

186 2871 488 2925 invisibilis
522 2887 718 2925 revera
763 2873 1028 2926 existere:
1057 2873 1155 2926 sed
1183 2873 1381 2926 nonin
1422 2873 1606 2941 ﬁgura
1636 2879 1882 2941 tantum,

188 2949 242 2995 et
288 2959 396 3011 per
443 2943 567 2995 haec
614 2944 810 3010 verba,
852 2959 1029 2997 rerum
1063 2947 1290 2997 veritate
1328 2948 1628 3012 capiamus,
1679 2944 1886 2997 intelli-

192 3014 359 3082 gebat
402 3013 927 3067 manifestatiouem
962 3019 1016 3067 et
1059 3019 1315 3084 apertam
1367 3016 1623 3083 corporis
1666 3021 1722 3068 et
1755 3031 1883 3068 san-

189 3084 377 3152 guinis
407 3084 620 3138 Christi
668 3085 1109 3138 declarationem
1161 3085 1316 3138 omui
1346 3085 1530 3155 ﬁgura
1570 3102 1803 3139 vacuam
1838 3090 1890 3138 et

189 3162 502 3225 expertem.
533 3155 940 3226 Quamobrem
990 3157 1069 3209 sic
1112 3157 1355 3226 explicat
1403 3157 1719 3210 orationem
1762 3172 1888 3209 san-

190 3228 258 3278 cti
298 3225 595 3296 Gregorii:
636 3248 655 3273 ι
713 3226 857 3280 Dicit
906 3227 1057 3296 quod
1102 3227 1163 3280 in
1188 3225 1391 3297 specie
1444 3228 1537 3279 illa
1583 3232 1881 3296 geruntur,

189 3314 299 3349 non
333 3297 397 3349 in
442 3297 697 3362 veritate,
729 3297 785 3350 id
840 3302 923 3350 est
960 3313 1061 3367 per
1098 3298 1556 3364 similitudinem,
1608 3314 1724 3350 non
1785 3312 1888 3366 per

190 3369 363 3436 ipsius
419 3369 504 3420 rei
534 3368 1074 3421 manifestationem.
1115 3391 1133 3415 ι
1171 3368 1229 3422 Si
1260 3369 1380 3422 haec
1410 3368 1583 3421 verba
1610 3384 1705 3436 per
1733 3370 1887 3421 simi-

191 3439 499 3502 litudinem,
551 3454 661 3491 non
711 3455 808 3507 per
851 3441 1023 3508 ipsius
1069 3442 1151 3493 rei
1181 3442 1692 3505 manifestationem,
1734 3438 1889 3491 addi-

192 3510 368 3562 disset
395 3511 645 3562 Joannes
674 3510 891 3573 Scotus,
935 3526 1233 3580 nunquam
1272 3527 1403 3564 eum
1435 3510 1672 3562 crimine
1708 3510 1887 3563 haere-

192 3582 261 3632 sis
308 3581 668 3649 postulasset
722 3581 1056 3645 Ascelinus;
1112 3582 1235 3634 hmo
1287 3581 1442 3634 enim
1486 3597 1592 3633 vox
1640 3582 1887 3633 veritatis

194 3651 441 3720 quadam
490 3650 863 3720 amphibolia,
905 3652 961 3705 id
995 3658 1077 3704 est
1121 3652 1590 3722 aequivocatione,
1646 3652 1885 3715 laborat,

198 3723 273 3775 uti
332 3722 766 3775 observavimus
825 3723 881 3775 in
941 3723 1270 3792 praefatione
1327 3723 1565 3791 hujusce
1627 3722 1888 3791 opusculi

196 3793 512 3846 Ratramni.
542 3794 654 3846 Nec
677 3795 861 3846 solum
888 3794 1172 3862 signiﬁcat
1213 3793 1295 3847 rei
1353 3792 1710 3846 existentiam
1760 3809 1888 3862 qua:

194 3865 295 3917 sub
328 3864 536 3931 ﬁguris
591 3880 687 3916 seu
736 3864 871 3917 velis
923 3881 985 3916 ac
1031 3864 1399 3933 paropidibus
1441 3864 1749 3917 consistere
1786 3880 1887 3933 po-

195 3940 319 3997 test,
356 3950 557 3987 verum
612 3934 784 3987 etiam
835 3935 1275 4004 patefactiouem
1322 3951 1418 3987 seu
1478 3933 1886 3987 manifestatiu-

198 4022 324 4059 nem
356 4004 522 4059 omni
560 4006 747 4074 ﬁgura
777 4022 840 4058 ac
879 4012 1062 4075 tropo,
1097 4007 1241 4072 velo,
1295 4006 1559 4076 paropidi
1591 4004 1889 4076 insociabi-

198 4077 326 4129 lem.
374 4076 652 4145 Adeoque
702 4076 1066 4142 Ratramnus,
1131 4081 1193 4129 ut
1238 4075 1469 4129 sensum
1514 4092 1583 4129 ex
1631 4075 1889 4128 oratione

197 4148 372 4200 sancti
432 4146 696 4216 Gregorii
771 4163 941 4217 quem
1008 4148 1287 4200 tuendum
1347 4147 1561 4215 recepit
1616 4146 1886 4217 explicet,

196 4220 364 4271 aliam
421 4220 743 4271 orationem
794 4216 951 4272 nam.
987 4221 1051 4271 75
1092 4234 1158 4270 ex
1205 4217 1413 4271 Missali
1445 4216 1650 4271 Gelasii
1681 4232 1893 4269 assum-

199 4290 325 4356 psit,
359 4290 421 4341 in
458 4304 573 4358 quo
613 4289 733 4342 haec
763 4290 934 4342 verba
966 4290 1253 4357 leguntur,
1290 4293 1349 4342 ut
1388 4288 1531 4356 quod
1569 4290 1627 4340 in
1658 4289 1892 4352 imagine

196 4362 583 4427 contingimus,
622 4362 949 4414 sacramenti
998 4362 1291 4425 manifesta
1339 4361 1763 4429 participatione
1800 4372 1889 4411 su—

198 4446 425 4484 mamus.
456 4431 609 4483 Hanc
630 4430 1108 4498 orationem,suis
1133 4432 1299 4483 rebus
1329 4447 1443 4484 non
1474 4429 1889 4482 conducibilem

198 4503 287 4555 scd
335 4502 793 4565 incommodam,
868 4518 985 4555 nou
1052 4500 1305 4570 prodidit
1372 4503 1615 4554 Joannes
1670 4499 1886 4553 Scotus.

199 4574 437 4626 Sensum
473 4572 816 4625 catholicum
860 4589 887 4625 a
936 4573 1246 4625 Ratramuo
1294 4571 1423 4624 huic
1476 4570 1595 4623 voci
1642 4571 1892 4623 veritatis

201 4645 513 4712 ascriptum
569 4643 863 4712 adoptavit
909 4642 1275 4707 Lanfrancus,
1326 4640 1748 4696 Cantuariensis
1781 4656 1894 4712 ar-

200 4715 622 4783 chiepiscopus,
678 4711 811 4767 ﬁdei
850 4714 1142 4767 catholicae
1173 4714 1442 4766 adversus
1484 4711 1894 4781 Berengarium

202 4785 465 4838 defensor
521 4784 880 4848 fortissimus,
936 4784 1020 4837 uti
1078 4801 1144 4837 ex
1178 4784 1411 4853 Dialogo
1466 4784 1589 4851 ejus
1628 4783 1894 4836 adversus

203 4855 637 4926 Berengarium,
678 4855 1071 4926 intelligimus,
1126 4854 1185 4908 in
1247 4871 1360 4924 quo
1410 4855 1531 4926 haec
1594 4854 1891 4926 leguntur:

209 4949 227 4974 ι
257 4923 516 4981 Postulat
546 4925 760 4996 quippe
808 4923 1071 4979 sacerdos
1121 4930 1184 4978 ut
1228 4923 1433 4995 corpus
1476 4924 1679 4996 Christi
1743 4923 1896 4996 quod

202 4999 299 5051 sub
328 4998 523 5069 specie
564 4994 731 5066 panis
761 4996 990 5066 vinique
1024 5012 1172 5069 nunc
1218 4994 1895 5069 geritur,_manifestagvi-

206 5066 377 5121 sione'
397 5068 550 5120 sicut
599 5083 792 5120 revera
839 5073 924 5119 est
955 5067 1300 5137 quandoque
1359 5066 1637 5135 capiatur,
1696 5066 1896 5137 ueritas

205 5139 351 5192 enim
384 5154 495 5208 pro
524 5134 1047 5203 manifestationeiu
1085 5134 1266 5208 sacris
1296 5134 1502 5190 litteris
1534 5134 1840 5208 reperitur.
1872 5155 1893 5182 ι

206 5208 334 5271 Quis
382 5207 521 5261 vero
564 5209 713 5263 dicat
753 5208 927 5262 verba
968 5207 1200 5262 Joannis
1249 5207 1397 5261 Scoti
1443 5207 1679 5260 totidem
1728 5208 1897 5275 plane

206 5280 430 5349 syllabis
457 5280 515 5332 in
557 5279 855 5333 Lanfranci
884 5279 1031 5332 libro
1063 5277 1352 5347 reperiri?
1382 5277 1684 5349 Contendit
1715 5276 1900 5349 adhuc

205 5348 328 5419 plus
356 5366 538 5422 quam
572 5356 756 5422 potest
793 5350 1130 5403 dissertator
1161 5349 1219 5422 in
1242 5365 1309 5402 eo
1342 5348 1900 5422 quodBerengarius

213 5417 268 5492 in
308 5417 673 5492 epistola—ad
720 5420 1098 5474 Laufrancum
1149 5419 1226 5492 ait
1279 5417 1621 5492 sententiam
1667 5417 1901 5471 Joannis

209 5490 352 5545 Scoti
373 5506 500 5545 esse
532 5491 880 5544 contrariam
927 5491 1224 5545 Paschasio
1266 5495 1324 5543 et
1351 5490 1473 5544 fore
1504 5490 1673 5542 aliam
1706 5506 1740 5542 a
1770 5505 1899 5542 san-

212 5562 309 5614 ctis
340 5561 591 5631 epistola
626 5561 699 5615 ad
747 5562 1121 5616 Lanfrancum
1170 5560 1248 5614 ait
1291 5559 1635 5614 sententiam
1666 5558 1902 5613 Joannis

212 5631 350 5686 Scoti
381 5649 507 5685 esse
547 5633 895 5686 contrariam
940 5632 1239 5686 Paschasio
1272 5635 1328 5684 et
1358 5631 1475 5685 fore
1508 5632 1677 5683 aliam
1712 5648 1744 5683 a
1772 5646 1900 5683 san-

214 5703 311 5755 ctis
365 5704 693 5770 Ambrosio,
740 5704 1083 5773 Hieronymo
1135 5711 1190 5756 et
1235 5701 1554 5771 Augustino
1584 5700 1903 5771 cuicunque

214 5774 495 5829 adversari
540 5775 788 5829 voluerit
833 5772 1035 5829 Joanni
1065 5774 1259 5839 Scoto;
1309 5772 1769 5828 tucubratiouem
1799 5773 1904 5827 Ra-

1991 468 2079 520 nis
2128 467 2303 533 Scoti,
2360 467 2574 538 quippe
2626 485 2755 522 cum
2808 472 3032 524 eosdem
3094 473 3284 525 Patres
3344 474 3688 528 Hatramnus

1991 538 2260 613 proferat,
2317 540 2530 613 scilicet
2562 539 2971 613 Augustinum,
3021 542 3432 613 Hieronymum
3465 552 3519 596 et
3551 548 3685 598 Aui-

1990 610 2268 662 brosium.
2324 610 2497 663 Addit
2543 612 2716 662 etiam
2780 612 3080 679 Erigenam
3128 610 3278 667 inter
3333 617 3687 669 adversarios

1991 680 2271 754 Paschasii
2306 696 2596 733 recensere
2634 682 3007 754 Batramuum
3037 700 3048 735 :
3083 688 3177 736 sed
3212 685 3347 754 quid
3384 692 3503 737 tum
3528 686 3554 739 ?
3591 689 3684 739 Ni-

1992 752 2069 825 hil
2099 752 2251 825 enim
2289 757 2439 804 vetat
2472 752 2839 825 sententiam
2878 753 3109 806 Joannis
3161 752 3308 808 Scoti
3361 772 3685 825 repugnare

1992 823 2313 885 Paschasio,
2361 829 2413 876 et
2468 824 2843 876 Batramuum
2900 840 3029 877 cum
3088 841 3153 876 eo
3209 823 3545 879 concordem
3580 829 3681 880 do-

1990 894 2192 957 cuisse,
2230 894 2346 946 inio
2384 909 2518 947 vero
2553 894 2633 947 ita
2684 911 2740 947 se
2772 910 2889 947 rem
2937 896 3146 947 habere
3196 897 3358 948 valde
3389 899 3682 965 probabile

1990 970 2091 1037 est.
2129 965 2410 1037 Praeterea
2459 966 2602 1037 sigex
2632 982 2698 1018 eo
2750 966 2905 1037 quod
2949 967 3291 1019 Ratramuus
3331 968 3463 1019 citet
3494 975 3682 1037 Augu-

1990 1036 2227 1095 stinum,
2271 1035 2631 1088 Ambrosium
2684 1041 2738 1088 et
2798 1036 3230 1105 Hieronymum,
3278 1053 3390 1090 non
3432 1035 3683 1093 differta

1987 1106 2205 1159 Joanne
2254 1106 2440 1172 Scoto,
2495 1106 2839 1159 Lanfrancus
2889 1108 3258 1160 concordabit
3299 1109 3356 1161 in
3406 1110 3680 1177 Berenga-

1989 1176 2094 1238 rio,
2132 1177 2453 1231 Sanctesius
2482 1193 2611 1230 cum
2645 1178 2895 1243 Calvino,
2941 1178 3245 1231 Perronius
3287 1195 3415 1231 cum
3463 1176 3683 1233 Plessco

1991 1249 2257 1301 Morneio.
2311 1249 2465 1301 Itane
2507 1249 2637 1301 licet
2684 1249 2903 1301 ratione
2943 1256 2998 1301 et
3037 1265 3202 1302 sensu
3237 1250 3687 1318 intemperanter

1990 1318 2193 1390 abuti?
2244 1319 2535 1388 Ejusmodi
2576 1320 2999 1373 ratiocinationi
3049 1336 3113 1372 ac
3156 1320 3497 1390 conjecturae
3530 1322 3685 1373 locus

1989 1389 2226 1442 fortasse
2259 1406 2371 1441 non
2405 1393 2624 1442 deesset
2658 1390 2702 1441 si
2731 1397 2938 1460 praeter
2967 1389 3373 1459 Augustinum,
3412 1392 3682 1460 Hierony-

1990 1475 2127 1512 num
2153 1465 2208 1512 et
2230 1460 2592 1512 Ambrosium
2620 1463 2808 1513 nullos
2833 1463 3027 1514 Patres
3048 1462 3105 1515 in
3132 1462 3383 1515 medium
3403 1464 3685 1531 proferret

1990 1531 2350 1595 Ratramnus,
2376 1531 2470 1583 sed
2499 1533 3020 1599 iusuperconlinuo
3052 1533 3302 1599 prodidit
3325 1534 3378 1585 S.
3409 1533 3681 1585 lsidorum

1994 1602 2383 1671 Hispaleusem
2435 1617 2594 1654 num.
2664 1603 2749 1666 40,
2917 1609 2973 1655 et
3018 1604 3122 1665 47;
3183 1603 3235 1656 S.
3299 1604 3679 1672 Fulgentium,

1993 1688 2148 1725 num.
2194 1675 2296 1737 89;
2344 1672 2861 1725 Sacramentarium
2919 1674 2972 1727 S.
3032 1673 3310 1743 Gregorii,
3369 1690 3525 1726 num.
3578 1676 3680 1739 88;

1925 1752 1961 1804 Β
1993 1743 2211 1796 Missale
2242 1743 2467 1805 Gelasii,
2500 1759 2659 1803 num,
2710 1745 2810 1807 85;
2849 1745 2917 1796 de
2969 1744 3195 1812 quibus,
3231 1745 3463 1813 dempto
3495 1745 3684 1797 Sacra-

1994 1814 2274 1867 mentario
2318 1814 2373 1866 S.
2410 1814 2691 1882 Gregorii,
2740 1814 2899 1867 nulla
2939 1815 3154 1867 mentio
3210 1816 3360 1883 apud
3399 1816 3677 1868 Joannem

1990 1884 2239 1938 Scotum.
2292 1884 2573 1938 Caeterum
2639 1883 2905 1952 Erigerus
2958 1900 3072 1938 non
3122 1884 3264 1937 dixit
3304 1887 3679 1938 Ratramnum

1991 1971 2111 2007 esse
2156 1956 2542 2008 adversarium
2577 1954 2884 2017 Paschasii,
2938 1956 3031 2008 sed
3065 1971 3386 2024 anonymus
3441 1956 3683 2024 scriptor

1992 2027 2231 2086 Cellotii.
2260 2042 2430 2095 quem
2460 2042 2588 2078 cum
2622 2025 2851 2095 Erigero
2880 2026 3232 2079 confundere
3265 2026 3538 2095 injurium
3574 2031 3676 2078 est'

1991 2097 2257 2160 Quamvis
2290 2096 2444 2149 enim
2484 2096 2543 2148 in
2576 2096 2767 2164 aliquo
2825 2096 3018 2149 codice
3076 2098 3463 2164 manuscripto
3507 2096 3681 2166 quin-

1993 2174 2299 2233 gentorum
2326 2167 2558 2220 fortasse
2590 2181 2872 2220 annorum
2910 2166 3137 2219 libellus
3166 2166 3441 2236 anonymi
3472 2182 3679 2234 przese-

1993 2240 2137 2291 ferat
2167 2254 2376 2291 nomen
2410 2237 2651 2306 Erigeri,
2696 2237 2897 2290 melius
2944 2244 3348 2307 argumentum
3393 2252 3680 2290 assumen-

1992 2310 2128 2362 dum
2160 2314 2246 2361 est
2274 2310 2343 2361 ad
2386 2308 2779 2362 ascribendam
2827 2308 2949 2361 viro
2983 2308 3226 2377 sapienti
3257 2313 3314 2361 et
3343 2308 3410 2360 de
3441 2307 3682 2360 Ecclesia

1992 2396 2104 2433 non
2139 2379 2426 2432 immerito
2456 2384 2569 2431 tam
2604 2379 2827 2432 futilem
2860 2396 2923 2431 ac
2956 2395 3157 2431 vanam
3200 2378 3678 2431 lucubrationem.

2066 2452 2321 2520 Denique
2357 2450 2684 2502 dissertator
2740 2450 2819 2502 ait
2867 2466 2995 2519 pag.
3036 2453 3133 2503 108
3175 2449 3577 2518 Berengarium
3623 2449 3682 2501 in

1994 2522 2237 2589 cpistola
2297 2521 2365 2573 ad
2424 2520 2791 2584 Hichardum,
2856 2523 3037 2573 relata
3089 2525 3247 2573 tomo
3302 2522 3347 2573 ll
3394 2520 3684 2589 SpiCilegii

1996 2591 2353 2657 Dacheriani,
2386 2591 2575 2644 dicere
2623 2592 2898 2644 Joannem
2949 2592 3175 2645 Scotum
3227 2590 3516 2659 scripsisse
3566 2606 3685 2642 mo-

1995 2663 2119 2716 nitu
2161 2668 2218 2715 et
2273 2662 2529 2730 precario
2581 2662 2766 2715 Caroli
2816 2663 2992 2725 Calvi,
3049 2663 3209 2731 cujus
3260 2662 3476 2731 pariter
3520 2661 3684 2729 jussu

1994 2733 2283 2802 scripsisse
2336 2734 2708 2786 Ratramnum
2755 2733 2920 2785 multi
2966 2733 3276 2802 opinantur
3318 2732 3421 2785 sub
3468 2747 3683 2784 annum

1995 2808 2118 2868 855,
2163 2819 2275 2873 quo
2302 2819 2453 2855 anno
2487 2804 2666 2856 multa
2704 2804 2993 2857 catholicas
3019 2804 3150 2858 ﬁdei
3197 2802 3482 2857 contraria
3513 2802 3571 2854 in
3596 2818 3683 2873 re-

1995 2892 2108 2945 gno
2143 2871 2346 2937 Caroli,
2378 2875 2513 2945 ipso
2563 2890 2794 2945 quoque
2840 2890 2956 2928 non
2991 2875 3202 2944 nescio,
3236 2874 3482 2927 Annales
3514 2871 3685 2927 Berti-

1997 2944 2155 2999 niani
2191 2944 2512 3013 prodidere.

2069 3016 2151 3069 Ad
2175 3016 2297 3069 haec
2326 3015 2493 3083 plura
2516 3015 2860 3084 respondere
2892 3014 3054 3069 facile
3084 3020 3186 3069 est.

2071 3088 2118 3138 Ι.
2145 3087 2283 3139 Cum
2308 3086 2553 3137 multum
2585 3085 2930 3137 discriminis
2973 3085 3289 3139 intercedat
3320 3085 3469 3138 inter
3489 3099 3685 3152 preces

2000 3162 2057 3209 et
2089 3157 2268 3225 jussa,
2303 3156 2546 3208 multum
2583 3171 2814 3224 quoque
2844 3155 3071 3208 differre
3103 3172 3330 3207 necesse
3361 3156 3432 3208 sit
3476 3155 3684 3206 librum

1995 3227 2227 3281 Joannis
2279 3226 2429 3280 Scoti
2486 3231 2539 3278 et
2588 3226 2924 3290 Ratramni;
2975 3226 3188 3295 quippe
3253 3240 3383 3277 cum
3441 3225 3685 3278 Joannes

1997 3299 2195 3352 Scotus
2229 3297 2447 3349 monitu
2481 3300 2535 3349 et
2586 3296 2841 3364 precario
2896 3294 3102 3361 Caroli,
3124 3294 3131 3295 ί
3153 3296 3495 3349 Batramnus
3521 3294 3685 3363 jussu

1998 3368 2304 3438 scripserit.
2360 3368 2454 3420 His
2500 3366 2684 3419 verbis
2724 3367 2926 3436 incipit
2957 3368 3099 3419 liber
3130 3366 3459 3420 Ratramni:
3502 3366 3685 3438 Jussi-

1998 3435 2127 3504 stis,
2150 3440 2378 3507 gloriose
2420 3440 2710 3506 princeps;
2755 3443 2811 3491 et
2849 3435 2925 3490 ex
2966 3438 3207 3506 epistola
3239 3436 3567 3505 Berengarii
3595 3435 3682 3488 in-

1997 3510 2311 3579 telligimus
2340 3511 2613 3563 Joannem
2646 3508 2874 3562 Scotum
2905 3511 3187 3576 scripsisse
3234 3508 3445 3562 monitu
3479 3512 3529 3579 et
3554 3521 3683 3579 pre;

1998 3574 2162 3635 curio.
2215 3582 2578 3646 Ratramnus,
2620 3579 2853 3631 humilis
2894 3574 3204 3633 monachus
3241 3579 3300 3632 in
3339 3578 3427 3631 sui
3456 3574 3687 3630 claustri

2000 3652 2225 3705 abditus
2256 3650 2526 3715 tenebris,
2572 3651 2744 3718 jussis
2774 3651 3137 3719 imperatoris
3166 3666 3231 3704 ac
3279 3650 3430 3719 regis
3466 3650 3687 3701 obtem-

1998 3727 2163 3792 perat
2192 3726 2246 3773 et
2276 3722 2335 3773 iu
2370 3723 2551 3773 lucem
2582 3721 2800 3792 prodit:
2846 3722 3092 3773 Joannes
3124 3718 3365 3792 Scotus,’
3385 3718 3687 3792 supercilio

2000 3789 2243 3847 doctoris
2276 3792 2475 3857 elatus,
2514 3790 2789 3860 principis
2821 3791 3052 3843 monitis
3084 3797 3138 3844 et
3166 3791 3430 3860 precibus
3459 3789 3681 3842 annuit.

2072 3864 2140 3916 ΙΙ.
2175 3863 2424 3916 llaereses
2449 3861 2656 3930 quibus
2688 3860 3011 3929 agitabatur
3050 3861 3369 3929 respublica
3389 3877 3539 3912 anno
3560 3862 3683 3925 855,

2001 3949 2241 4005 quarum
2267 3930 2612 3985 mentionem
2636 3931 2849 4005 faciunt
2867 3931 3111 4005 Annales
3137 3930 3470 4005 Bertiuiani,
3493 3946 3683 4005 erum-

2000 4000 2135 4074 pere
2168 4020 2280 4056 non
2312 4006 2626 4074 potuerunt
2658 4018 2734 4074 ex
2762 4002 2908 4074 libro
2944 4001 3269 4074 Ratramni,
3295 4001 3394 4069 qui
3421 4016 3550 4074 cum
3584 4000 3684 4074 Ca-

2002 4071 2120 4129 rolo
2149 4071 2328 4127 Calvo
2359 4072 2693 4142 imperatori
2722 4072 3027 4141 inscriptus
3063 4073 3154 4137 sit,
3197 4072 3270 4125 ad
3297 4071 3545 4127 Carolum
3575 4072 3687 4142 Ma-

2000 4162 2164 4214 gnum
2189 4140 2586 4212 imperatorem,
2608 4159 2721 4195 non
2744 4144 2931 4214 potuit
2951 4144 3097 4197 efﬁci
3130 4148 3185 4196 et
3209 4142 3267 4195 in
3291 4142 3474 4195 lucem
3497 4140 3684 4214 emitti

2003 4211 2131 4269 ante
2162 4211 2390 4284 tempus
2421 4214 2571 4283 quod
2603 4211 2884 4267 interfluit
2923 4213 3072 4267 inter
3101 4230 3317 4267 annum
3345 4215 3446 4267 875
3478 4216 3534 4265 et
3560 4211 3686 4284 877,

2001 4303 2114 4357 quo
2144 4281 2311 4339 desiit
2339 4281 2647 4355 imperium
2679 4286 2863 4357 Caroli
2903 4284 3055 4338 Calvi
3081 4301 3095 4348 ;
3132 4284 3427 4357 siquidem
3450 4298 3524 4357 ex
3548 4281 3690 4357 anti-

2002 4353 2131 4428 quis
2160 4353 2443 4409 codicibus
2476 4355 2899 4428 manuscriptis,
2930 4353 3241 4425 exscriptus
3270 4355 3343 4408 sit
3374 4354 3474 4428 hic
3491 4353 3688 4407 titulus

1933 4453 1975 4505 ι)
2002 4424 2074 4505 ad
2105 4428 2362 4505 garotum
2388 4427 2610 4505 Calvum
2638 4428 3041 4505 imperatorem.
3076 4424 3147 4480 At
3180 4442 3310 4505 vero
3331 4424 3690 4505 continenter

2003 4499 2080 4551 ait
2106 4498 2438 4551 dissertator
2469 4498 2664 4549 eadem
2712 4497 2943 4565 pagina,
2987 4497 3194 4550 librum
3235 4498 3302 4550 de
3353 4497 3600 4562 Corpore
3636 4499 3689 4547 et

2001 4568 2288 4638 Sanguine
2329 4567 2557 4638 Domini
2589 4567 2760 4620 fuisse
2805 4568 3142 4620 damnatum
3178 4568 3235 4620 in
3276 4566 3512 4619 concilio
3556 4567 3689 4619 Ver-

2000 4637 2236 4694 cellensi
2266 4643 2322 4691 et
2364 4637 2668 4691 Parisiensi
2699 4653 2847 4691 anno
2885 4640 3037 4705 1050,
3084 4639 3431 4707 tandemque
3466 4638 3690 4691 tlamnis

2001 4716 2316 4764 crematum
2344 4708 2402 4761 in
2434 4707 2674 4761 concilio
2716 4709 2976 4763 Romano
3021 4710 3126 4779 sub
3169 4709 3396 4763 Nicolao
3446 4710 3492 4762 Il
3542 4725 3690 4761 anno

2011 4784 2161 4845 1059,
2196 4796 2325 4833 cum
2364 4778 2735 4848 inscriptione
2764 4779 3014 4833 nominis
3054 4780 3286 4834 Joannis
3329 4780 3515 4845 Scoti;
3554 4795 3690 4849 quo-

2002 4852 2157 4906 niam
2189 4857 2324 4904 tunc
2367 4849 2644 4919 temporis
2689 4865 2857 4904 verus
2898 4857 3095 4905 auctor
3135 4856 3258 4905 erat.
3305 4850 3589 4905 indicatus
3636 4852 3692 4919 et

2003 4928 2356 4994 perspectus,
2401 4918 2580 4994 eaque
2631 4921 2710 4994 de,
2747 4938 2917 4975 causa
2961 4922 3304 4994 paucissima
3346 4918 3691 4994 exemplaria

2004 4986 2220 5047 exstare
2262 4986 2366 5045 sub
2414 4986 2646 5045 nomine
2698 4986 2991 5046 Ratramui
3035 4994 3150 5047 sive
3191 4986 3690 5058 Bertramifquod

2002 5064 2209 5118 horum
2242 5062 2614 5135 conciliorum
2663 5064 3035 5135 temporibus,
3068 5063 3427 5135 suppositum
3479 5073 3689 5113 nomen

2007 5134 2545 5204 recognoscebatur:
2582 5137 2634 5185 et
2658 5132 2816 5187 addit
2841 5150 2965 5187 eam
2990 5134 3061 5187 ob
3086 5132 3203 5188 rem
3230 5149 3343 5186 non
3365 5132 3547 5204 visum
3572 5145 3691 5183 esse

2006 5206 2113 5259 sub
2145 5201 2379 5257 nomine
2437 5204 2733 5257 Ratramni
2765 5210 2895 5258 ante
2951 5221 3169 5259 annum
3206 5206 3362 5265 1526,
3424 5201 3492 5254 ad
3519 5215 3689 5270 quem

2008 5291 2188 5346 usque
2222 5290 2286 5328 ex
2310 5291 2375 5346 eo
2398 5278 2656 5344 tempore
2678 5277 2856 5328 altum
2889 5276 3075 5329 fuerat
3095 5276 3245 5346 apud
3268 5288 3465 5346 omnes
3492 5271 3561 5325 de
3588 5272 3693 5346 hoc

2009 5343 2153 5400 libro
2185 5345 2499 5399 silentium.
2525 5343 2656 5399 'Jam
2703 5362 2834 5399 vero
2867 5348 2912 5399 si
2944 5363 3032 5399 res
3062 5343 3140 5398 ita
3166 5344 3296 5405 sint,
3342 5344 3493 5396 dicat
3531 5343 3694 5397 nobis

2008 5417 2340 5471 dissertator
2370 5416 2479 5487 qui,
2501 5416 2624 5470 ﬁeri
2666 5417 2920 5487 potuerit
2953 5421 3012 5469 ut
3060 5420 3140 5468 tot
3160 5414 3429 5487 concilia,
3462 5418 3543 5467 tot
3588 5414 3697 5467 vir-

2006 5488 2276 5549 illustres,
2343 5485 2707 5552 Lanfrancus,
2778 5487 3090 5551 Ascelinus,
3156 5485 3478 5550 Duraudus,
3557 5486 3696 5540 adeo

2009 5558 2290 5628 consopiti
2321 5558 2534 5612 fuerint
2563 5558 2801 5629 utghanc
2830 5556 3166 5629 érspwwpiau
3193 5555 3422 5629 silentio
3461 5563 3699 5628 praeter-

2009 5629 2289 5694 miseriut,
2326 5645 2431 5682 nec
2468 5633 2583 5681 tam
2632 5627 2975 5681 insolentem
3009 5627 3260 5680 nominis
3290 5627 3698 5697 subjeCtiouem

2007 5700 2216 5756 Joanni
2245 5700 2411 5753 Scoto
2442 5698 2905 5763 obtrectaverint,
2941 5704 2997 5751 et
3022 5699 3363 5753 memoriam
3411 5698 3701 5753 Ratramni

2009 5772 2118 5825 viri
2163 5771 2335 5835 docti,
2382 5770 2485 5839 pii,
2517 5770 2587 5822 de
2635 5769 2877 5823 Ecclesia
2919 5770 3207 5824 Gallicana
3254 5770 3496 5824 inﬁnitis
3524 5768 3703 5822 titulis
