4148 6180
383 321 483 378 179

1094 314 1542 372 DISSERTATIO
1585 316 1647 370 IN
1693 315 1818 371 LIB.
1865 314 1951 370 DI“.
1989 311 2329 371 CORPORE‘
2365 313 2452 369 ET
2491 309 2844 368 SANGUINE
2889 306 3149 365 DOMINI.

3795 307 3896 362 l80

385 459 534 513 bene
562 455 774 520 meriti,
815 456 884 509 ab
917 451 1202 522 ejusmodi
1247 451 1483 506 haeresis
1522 450 1870 506 contumelia
1898 456 1955 504 et
1983 467 2080 521 ορ-
2117 449 2157 499 Α
2189 465 2303 503 non
2324 449 2496 522 modo
2518 465 2702 518 nuper
2731 464 2764 502 a
2786 445 3135 502 Tridentinis
3166 445 3493 500 censoribus
3523 443 3892 516 summisque

397 529 624 598 probrio
655 544 768 580 non
798 525 1226 598 vindicaverint.
1265 525 1376 592 ligo
1417 524 1769 598 vero__l'ateor
1799 539 1895 598 me
1921 523 2082 575 intel-

395 593 574 669 iigere
598 614 708 650 non
739 612 900 669 posse
933 610 1139 669 exquu
1172 593 1632 669 dissertatorsibi
1666 593 1906 669 suaserit
1935 598 2084 663 post-

398 664 570 734 quam
594 664 842 720 cremata
872 665 1089 718 fuerint
1119 665 1468 733 exemplaria
1498 664 1625 718 libri
1657 665 1724 717 de
1757 665 2006 733 Corpore
2029 669 2085 717 et

399 739 687 808 Sanguine
731 737 980 801 Domini,
1017 752 1129 808 non
1163 737 1296 808 visaﬁ
1326 752 1445 788 esse
1497 741 1626 808 ante
1670 751 1901 808 annum
1927 736 2080 797 1525,

399 811 502 862 sub
523 806 774 861 'nomiue
817 807 1117 861 Bertramii
1143 815 1241 858 aut
1275 806 1566 859 Rati-amni
1595 823 1724 858 nam
1754 806 2086 873 Sigebertus

399 880 604 932 saeculo
655 895 752 938 xu.
802 877 1016 931 scilicet
1063 894 1213 930 anno
1258 877 1695 944 quadragesimo
1743 882 1871 945 post
1902 876 2081 928 conci-

399 950 538 1002 lium
581 951 925 1004 Bomanum.
960 954 1215 1001 recenset
1245 948 1452 1000 librum
1487 947 1554 999 de
1587 949 1831 1015 Corpore
1863 951 1918 999 et
1943 947 2085 1001 San-

398 1020 572 1086 guine
606 1019 836 1074 Domini
868 1019 973 1071 sub
1000 1019 1231 1071 nomine
1261 1019 1554 1071 Ratramni
1587 1018 1736 1070 inter
1765 1016 1973 1086 scripta
2004 1033 2089 1070 ca-

398 1090 607 1144 tholica
638 1095 693 1142 et
729 1090 1044 1142 orthodoxa
1074 1088 1437 1151 'l‘ritliemius,
1463 1088 1636 1141 abbas
1666 1088 2091 1156 Spanemiensis

400 1161 604 1214 saeculo
655 1176 721 1212 xv
763 1161 820 1213 in
864 1161 1132 1227 Catalogo
1181 1159 1530 1228 Scriptorum
1583 1159 2089 1212 ecclesiasticorum

402 1232 551 1284 idem
589 1235 837 1300 praestat,
871 1237 927 1283 et
957 1231 1194 1299 vestigia
1232 1230 1513 1299 Sigeberti
1544 1230 1886 1298 ingeminat.
1911 1236 2092 1282 Antea

351 1308 734 1371 -Anonymus
800 1301 1171 1364 Cellotiauus,
1226 1303 1362 1366 sive,
1413 1307 1473 1353 ut
1531 1307 1693 1369 putat
1740 1301 2090 1364 dissertator,

405 1370 685 1440 Erigerus,
740 1372 1116 1426 Ratramnum
1157 1372 1411 1440 ejusdem
1459 1371 1591 1424 libri
1629 1376 1918 1424 auctorem
1955 1370 2095 1423 indi-

403 1442 576 1522 gitat:
639 1447 694 1494 et
739 1443 1007 1522 Joannes
1039 1442 1377 1522 .Ij‘i'scherius.
1441 1443 1740 1522 episcopus
1795 1440 2091 1506 Rotfensis,

403 1512 530 1582 ipso
560 1530 711 1565 anno
738 1516 891 1567 1526.
925 1513 1075 1566 Nihil
1101 1514 1273 1582 igitur
1296 1518 1407 1565 tam
1433 1530 1463 1564 a
1484 1528 1617 1564 vero
1638 1512 1888 1564 alienum
1921 1527 2092 1580 quam

405 1584 556 1652 quod
593 1584 731 1636 dixit
777 1585 1106 1636 dissertator
1154 1599 1331 1652 usque
1380 1583 1450 1634 ad
1502 1598 1714 1634 annum
1753 1583 1884 1635 1526
1915 1583 2093 1634 altum

405 1655 554 1722 apud
602 1671 799 1706 omnes
845 1656 966 1723 ejus
1015 1654 1147 1707 libri
1192 1653 1295 1706 sub
1326 1653 1616 1706 Ratramni
1659 1653 1893 1705 nomine
1926 1653 2096 1704 fuisse

404 1726 711 1778 silentium.
764 1724 1044 1778 Caeterum
1097 1724 1142 1776 si
1191 1723 1318 1791 quis
1369 1723 1540 1776 libros
1568 1724 1800 1776 Joannis
1832 1723 1981 1776 Scoti
2030 1723 2099 1776 de

405 1795 911 1848 Praedcstinatione
959 1801 1057 1846 aut
1109 1797 1230 1867 Περὶ
1261 1796 1464 1867 Srio-am
1516 1798 1771 1867 μερίς-μον
1817 1794 2100 1867 applicata

405 1870 595 1917 mente
626 1866 797 1928 legat,
830 1869 1046 1917 tantam
1080 1864 1207 1932 styli
1240 1864 1622 1918 differentiam
1662 1864 2094 1928 animadvertet,

404 1941 491 1987 tot
529 1937 719 1988 Patres
748 1935 968 1988 Graecos
1001 1935 1265 2003 mysticus
1308 1941 1361 1987 et
1408 1937 1677 1987 asceticos
1707 1937 1906 1988 citatos
1939 1951 2098 2002 repe-

407 2005 515 2058 riet
547 2021 792 2074 quorum
827 2006 1052 2058 nullum
1094 2005 1397 2072 vestigium
1438 2011 1534 2058 aut
1569 2006 1791 2058 sulcum
1836 2006 2096 2057 interno-

405 2092 558 2128 scere
591 2077 720 2128 licet
753 2077 809 2128 in
849 2076 1008 2128 libris
1045 2077 1361 2139 Ratramni,
1395 2076 1687 2129 utlibrum
1738 2076 1806 2128 de
1853 2077 2100 2144 Corpore

407 2152 462 2199 et
491 2146 780 2215 Sanguine
809 2146 1032 2199 Domini
1061 2147 1165 2199 sub
1206 2146 1502 2200 Ratramni
1539 2146 1770 2198 nomine
1803 2147 2100 2214 vulgatum

407 2217 610 2270 Joanni
657 2217 971 2286 Scutigenz-e
1005 2216 1330 2286 adjudicare
1371 2222 1425 2268 et
1464 2217 1718 2269 insolens
1748 2222 1805 2270 et
1833 2233 2100 2287 superva-

411 2303 651 2340 caneum
675 2303 796 2340 esse
832 2287 1106 2341 videatur.

481 2358 882 2410 Verumtamen
915 2359 1006 2411 hic
1040 2375 1217 2410 unum
1249 2357 1687 2427 prmtermittere
1719 2375 1830 2411 non
1872 2374 2100 2426 possum

411 2429 562 2496 quod
594 2428 829 2497 hujusce
860 2429 971 2482 litis
1011 2429 1242 2482 omnino
1285 2429 1663 2481 decretorium
1709 2445 1828 2482 esse
1861 2429 2099 2482 videtur.

412 2501 642 2551 Constat
685 2501 838 2552 enim
881 2501 1157 2552 Joannem
1208 2501 1439 2553 Scotum
1495 2516 1701 2567 corpus
1741 2500 1946 2553 Christi
1978 2505 2105 2568 post

412 2570 884 2623 resurrectionem
925 2587 1026 2623 nec
1069 2571 1326 2622 sensibus
1360 2570 1652 2623 tractabile
1703 2586 1805 2622 nec
1834 2586 2101 2623 carneum

412 2640 785 2706 existimasse,
835 2646 898 2692 ut
935 2641 1306 2710 intelligimus
1345 2656 1408 2693 ex
1443 2641 1586 2692 libro
1631 2656 1660 2690 v
1691 2641 1760 2693 de
1815 2640 2103 2694 Divisione

414 2715 652 2773 naturae,
678 2727 806 2779 pag.
833 2714 958 2771 293.
995 2727 1153 2763 num.
1188 2715 1250 2764 37
1281 2728 1293 2763 :
1334 2733 1354 2758 ι
1407 2711 1671 2780 Quisquis
1702 2715 1893 2763 autem
1926 2711 2105 2763 sancti

409 2781 693 2834 Ambrosii
728 2781 1100 2851 Gregoriique
1133 2781 1428 2849 Theologi,
1463 2781 1790 2845 diligentius
1822 2782 1970 2834 dicta
2014 2781 2102 2832 in-

412 2853 678 2920 spexerit,
721 2851 973 2904 inveniet
1006 2852 1260 2921 profecto
1293 2868 1409 2904 non
1444 2854 1822 2904 mutationem
1855 2851 2105 2920 corporis

413 2923 627 2975 terreni
676 2922 735 2978 in
778 2924 1003 2976 cwleste
1032 2938 1256 2991 corpus,
1289 2922 1386 2974 sed
1421 2923 1656 2974 omnino
1704 2922 2004 2974 transitum
2047 2922 2102 2974 in

412 2993 599 3061 ipsum
633 2992 938 3055 spiritum:
973 3009 1085 3045 nou
1109 2993 1166 3045 iu
1189 2993 1349 3046 illum
1375 2992 1472 3061 qui
1505 2993 1703 3053 aelher,
1729 2993 1821 3043 sed
1857 2992 1912 3044 in
1942 2993 2101 3044 illum

413 3062 508 3132 qui
527 3063 844 3116 intellectus
857 3063 1151 3116 vocitatur.
1173 3085 1192 3110 ι
1217 3063 1544 3117 Ambrosius
1567 3063 1848 3131 siquidem
1869 3079 2100 3116 omnem

410 3133 882 3201 compositionem
930 3135 1134 3199 aufert,
1191 3134 1268 3187 ita
1317 3139 1379 3187 ut
1443 3139 1572 3203 post
1627 3135 2098 3187 resurrectionem
2139 3146 2179 3200 ο

411 3221 635 3272 corpus,
669 3210 724 3258 et
751 3206 963 3270 anima,
1012 3210 1068 3258 et
1098 3205 1442 3273 intellectus,
1471 3221 1649 3258 unum
1683 3205 1795 3257 sint
1833 3210 1890 3256 et
1922 3221 2097 3257 unum

412 3274 648 3344 simplex
678 3292 864 3344 neque
891 3293 957 3329 ex
988 3276 1170 3330 tribus
1203 3276 1592 3344 conjunctum,
1625 3280 1681 3327 et
1710 3291 1838 3344 quae
1875 3275 1967 3328 hic
1999 3277 2111 3328 tria

411 3346 693 3412 videntur,
751 3347 866 3399 illic
924 3363 1069 3399 unus
1126 3346 1443 3399 intellectus
1493 3345 1756 3398 efticitur.
1806 3347 2110 3414 Gregorius

412 3415 674 3467 similiter
725 3423 780 3468 et
828 3416 1223 3468 incunctanter
1276 3416 1481 3467 astruit
1540 3415 1919 3467 mutationem
1985 3431 2111 3468 cor-

415 3486 566 3552 poris
596 3491 850 3552 tempore
890 3485 1321 3537 resurrectionis
1353 3485 1408 3536 in
1469 3485 1742 3547 animam,
1792 3484 2002 3537 anima:
2049 3485 2108 3537 in

414 3553 793 3619 intellectum,
844 3559 900 3606 et
941 3555 1258 3607 intellectus
1292 3556 1347 3606 iu
1388 3555 1586 3618 Deum,
1615 3571 1678 3606 ac
1710 3553 1788 3606 sic
1819 3555 2011 3606 omnia
2053 3555 2107 3606 in

413 3623 680 3676 omnibus
714 3625 858 3676 Deus
893 3624 1023 3689 erit,
1057 3625 1200 3676 sicut
1229 3641 1326 3676 aer
1359 3624 1610 3681 vertitur.
1646 3624 1705 3677 in
1739 3625 1940 3678 lucem.
1979 3645 2004 3675 ››
2047 3627 2112 3680 Et

412 3693 670 3764 ejusdem
712 3695 838 3748 libri
872 3710 1032 3748 num.
1073 3698 1168 3749 38:
1203 3716 1230 3745 ((
1260 3695 1316 3750 Si
1365 3711 1499 3764 ergo
1531 3695 1933 3748 transformata
1978 3712 2108 3749 caro

411 3763 619 3817 Christi
663 3770 746 3836 est
785 3766 845 3818 in
893 3766 991 3819 Dei
1042 3766 1306 3818 virtutem
1366 3773 1422 3818 et
1461 3766 1693 3836 spiritus
1731 3766 2110 3832 incorruptio-

412 3849 565 3899 nem,
601 3835 850 3903 profecto
898 3836 1020 3902 ipsa
1050 3853 1178 3890 caro
1218 3838 1396 3889 virtus
1435 3835 1520 3890 est
1555 3843 1610 3889 et
1661 3836 2110 3904 incorruptibilis

410 3905 680 3973 spiritus;
715 3923 776 3959 ac
807 3908 851 3960 si
882 3907 980 3961 Dei
1011 3909 1188 3961 virtus
1219 3909 1473 3975 spiritus,
1510 3908 1722 3977 ubique
1757 3914 1844 3960 est
1873 3924 1986 3961 non
2019 3926 2108 3960 su-

409 3977 528 4029 lum
557 3993 729 4047 super
759 3979 878 4031 loca
909 3983 962 4032 et
991 3984 1271 4048 tempora,
1308 3995 1501 4032 verum
1536 3979 1706 4031 etiam
1739 3995 1910 4047 super
1940 3995 2109 4032 omne

408 4048 558 4116 quod
604 4053 690 4101 est
722 4050 863 4102 nulli
913 4049 1149 4102 dubium
1208 4049 1345 4118 quin
1396 4049 1517 4114 ipsa
1558 4066 1688 4100 caro
1746 4049 2012 4102 virtutem
2055 4056 2109 4102 et

408 4117 673 4187 spiritum
733 4119 1133 4171 transformata
1181 4117 1337 4171 nullo
1370 4120 1489 4170 loco
1529 4118 1906 4183 contineatur,
1951 4121 2106 4172 nullo

407 4195 664 4255 tempore
717 4193 997 4252 mutetur;
1040 4190 1134 4241 sed
1183 4190 1323 4241 sicut
1390 4189 1487 4242 Dei
1538 4189 1716 4242 virtus
1758 4194 1815 4242 et
1853 4189 2105 4259 spiritus,

411 4259 655 4312 Verbum
700 4259 961 4312 videlicet
1007 4259 1155 4328 quod
1186 4259 1358 4312 etiam
1408 4259 1466 4311 in
1507 4261 1783 4313 unitatem
1825 4260 1935 4313 sibi
1978 4262 2102 4314 sub-

408 4328 632 4398 stantia:
666 4334 974 4396 acceperat,
1007 4329 1201 4382 omnia
1231 4330 1354 4383 loca
1397 4335 1453 4382 et
1489 4335 1746 4398 tempore
1782 4337 1839 4383 et
1876 4331 2109 4384 univer-

408 4397 602 4469 saliter
616 4414 845 4452 omnem
867 4399 1454 4469 circumscriptionem
1483 4397 1731 4454 excedat.
1771 4424 1791 4448 ι
1817 4403 1941 4455 Jam
1977 4419 2108 4455 vero

407 4468 535 4540 quis
557 4468 837 4537 ejusmodi
864 4468 1233 4539 opinamenta
1257 4472 1476 4524 auctori
1515 4472 1644 4524 libri
1674 4472 1742 4525 de
1772 4472 2021 4540 Corpore
2052 4479 2107 4527 et

407 4539 696 4611 Sanguine
730 4541 952 4594 Domini
997 4541 1282 4595 ascribat?
1329 4543 1428 4611 qui
1461 4559 1687 4610 prorsus
1730 4539 2018 4596 contraria
2050 4551 2105 4595 et

406 4613 524 4662 toto
551 4610 827 4663 diametro
860 4612 1123 4680 opposita
1154 4610 1371 4674 doceat,
1395 4617 1452 4664 et
1484 4613 1798 4672 praesertim
1841 4630 2000 4667 num.
2038 4618 2105 4668 30

407 4682 527 4732 haec
559 4681 727 4743 verba
759 4681 843 4734 ori
875 4683 1081 4737 Christi
1111 4683 1358 4736 inducit:
1395 4703 1419 4733 «
1463 4684 1601 4737 Cum
1652 4691 1780 4753 post
1819 4701 2099 4738 resurrec-

406 4753 618 4804 tionem
663 4753 833 4805 visuri
866 4756 986 4806 sitis
1034 4770 1123 4807 me
1163 4756 1336 4807 caelos
1370 4770 1760 4819 escensurum,
1804 4771 1934 4809 cum
1964 4756 2101 4808 inle-

402 4823 488 4889 gri
528 4822 779 4886 corporis
844 4825 958 4876 sive
1019 4824 1310 4893 sanguinis
1365 4825 1471 4877 mei
1536 4825 1912 4894 plenitudine.
1961 4847 1986 4873 ι)
2038 4828 2100 4879 Et

403 4909 561 4946 num.
597 4895 699 4947 99:
737 4916 761 4966 (ς
795 4897 866 4946 At
896 4911 1027 4947 vero
1075 4895 1294 4962 Corpus
1338 4896 1478 4950 illud
1508 4896 1564 4948 in
1599 4913 1712 4966 quo
1767 4911 1967 4964 passus
2015 4903 2098 4951 est

401 4974 456 5036 et.
485 4965 791 5036 resurrexit
837 4966 1110 5025 Christus,
1157 4967 1452 5036 proprium
1501 4965 1627 5035 ejus,
1661 4983 1868 5036 corpus
1911 4967 2098 5020 existit

399 5035 467 5087 de
513 5035 758 5098 Virginis
809 5036 993 5088 Mariae
1024 5035 1605 5104 corporeisumptum,
1659 5037 1940 5106 palpabile
1980 5040 2094 5090 sive

399 5105 618 5158 visibile
669 5107 839 5160 etiam
891 5114 1019 5174 post
1065 5111 1562 5169 resurrectionem,
1613 5105 1755 5160 sicut
1792 5109 1908 5176 ipse
1937 5108 2094 5161 disci-

398 5177 544 5240 pulis
592 5177 704 5230 ait:
758 5179 982 5246 Palpate
1019 5184 1070 5230 et
1110 5179 1286 5231 videte
1337 5181 1469 5245 quia
1520 5181 1749 5246 spiritus
1797 5194 2009 5232 carnem
2044 5187 2093 5232 ct

396 5261 668 5318 essanun
719 5248 876 5302 habet
915 5251 1053 5302 sicut
1094 5265 1173 5302 me
1218 5249 1415 5303 videtis
1461 5250 1670 5302 habere.
1711 5270 1730 5296 ι
1771 5249 1865 5302 His
1915 5250 2092 5318 igitur

396 5317 642 5388 amplius
673 5318 966 5372 immorari
1002 5335 1111 5372 non
1155 5336 1300 5388 opus
1332 5326 1433 5382 est,
1466 5320 1557 5372 sed
1609 5317 1985 5388 ad_tueudam
2036 5326 2092 5373 et

397 5383 789 5461 vindicandam
843 5389 1012 5457 hujus
1055 5383 1207 5461 libri'
1235 5390 1405 5442 tidem
1454 5394 1510 5441 et
1537 5385 1850 5461 cptiodo'imv
1892 5390 2090 5443 leviter

394 5453 726 5528 placideque
779 5453 1085 5527 procedere
1128 5460 1306 5528 juvat.
1354 5483 1372 5503 «
1432 5453 1610 5528 Hujus
1651 5465 1824 5512 autem
1872 5461 2017 5527 libri,
2058 5481 2082 5509 ι)

394 5522 579 5604 infligit
612 5522 941 5604 dissertator
968 5522 1243 5604 pag._'lt_56
1277 5536 1331 5583 et
1361 5531 1484 5604 '28_8.
1512 5522 1792 5604 zcolumna
1822 5522 2084 5604 interiori

391 5589 654 5672 editionis
702 5589 1455 5672 novarAms‘telodami-usis
1509 5589 1668 5653 hum.
1742 5604 1857 5662 I66,
1903 5622 1930 5650 ‹‹
1983 5602 2082 5672 qui

391 5663 698 5743 [iatramno
729 5667 1020 5743 tribuitur,
1069 5671 1168 5743 qui
1197 5670 1300 5724 hac
1344 5676 1509 5743 astate
1543 5672 1924 5739 patrocinium
1962 5663 2081 5725 sus-

387 5737 643 5804 ciperent
675 5737 836 5791 valde
869 5739 1045 5792 miror
1074 5737 1291 5810 aliquos
1331 5760 1452 5795 esse
1489 5737 1746 5796 inventos
1776 5747 2074 5814 postquam

2192 521 2559 592 pontificibus
2589 535 2828 574 censura
2852 523 3078 573 notatus
3108 523 3210 572 est.
3243 541 3262 565 ι

2880 639 3190 678 RESPONSIO.

2266 731 2325 786 Si
2363 736 2538 785 tanta:
2583 728 2952 784 admirationi
3001 729 3191 782 locum
3241 726 3494 780 inveniat
3541 726 3898 795 dissertator,

2196 821 2259 855 ex
2291 821 2357 854 eo
2394 802 2548 872 quod
2585 804 2860 854 tuendum
2901 799 3452 872 rem-perint_libruin
3493 799 3790 872 Batramni
3825 800 3901 852 de

2194 869 2446 941 Corpore
2471 879 2525 926 et
2545 873 2834 939 Sanguine
2873 871 3097 922 Domini
3133 869 3234 922 viri
3276 870 3508 941 quidam
3535 870 3791 936 theologi
3826 877 3903 922 ta-

2199 939 2362 997 metsi
2389 960 2626 996 censura
2649 949 2906 994 notatum
2938 951 2994 994 et
3024 942 3083 993 in
3119 940 3364 993 indicem
3397 939 3671 992 librorum
3707 941 3902 1008 prohi-

2196 1015 2456 1068 bitorum
2497 1015 2813 1081 relegatum
2865 1013 2934 1064 ab
2985 1011 3473 1064 examinatoribus
3532 1012 3820 1079 deputatis
3870 1028 3903 1062 a

2199 1085 2443 1138 concilio
2473 1084 2806 1138 Tridentino
2840 1089 2897 1135 et
2929 1083 2997 1134 ab
3031 1082 3290 1149 ipsismet
3318 1082 3588 1135 Romanis
3619 1082 3907 1150 pontitici-

2200 1156 2305 1209 bus
2349 1157 2622 1225 majorem
2654 1154 2822 1207 faciet
2851 1153 3286 1225 admirationem
3325 1153 3567 1225 antiqua,
3591 1154 3759 1225 missa
3797 1153 3903 1206 La-

2201 1233 2320 1280 tina
2351 1223 2522 1295 quam
2560 1225 2818 1279 Matthias
2856 1225 3081 1277 Flaccus
3124 1223 3378 1295 lllyricus
3414 1223 3905 1295 proximeelapso

2201 1293 2407 1350 sacculo
2455 1297 2781 1364 Argentinaa
2827 1296 2972 1365 typis
3013 1293 3273 1365 mandari
3312 1296 3549 1346 curavit.
3597 1294 3905 1346 Enimvero

2203 1369 2517 1437 primulum
2552 1368 2730 1419 lucem
2785 1364 3239 1437 publicamrvidit
3272 1381 3379 1432 ope
3421 1365 3670 1437 hominis
3711 1365 3905 1417 haere-

2203 1435 2319 1499 tici,
2363 1437 2848 1508 quemadmodum
2883 1436 3027 1508 liber
3057 1435 3375 1508 Ratramni,
3413 1440 3469 1508 et
3495 1435 3563 1508 ab
3603 1437 3904 1508 examina-

2206 1505 2426 1561 toribiis
2461 1509 2685 1561 concilii
2708 1506 3020 1560 Tridentini
3053 1505 3410 1575 atquabilitcr
3437 1506 3490 1557 in
3525 1505 3706 1558 indice
3738 1506 3907 1559 libris

2207 1579 2509 1659 pro-bibitis
2542 1584 2796 1659 coaptala
2841 1578 2992 1659 fuit,‘
3018 1578 3095 1629 uti
3150 1579 3467 1645 perspicere
3521 1577 3684 1659 facile
3715 1582 3803 1656 est
3843 1577 3906 1630 in

2206 1647 2407 1703 indicis
2439 1650 2751 1718 appendice
2785 1647 3068 1711 secunda;
3118 1655 3510 1699 verumtamen
3542 1648 3712 1700 hodie
3744 1647 3904 1716 ejus-

2211 1720 2362 1773 modi
2389 1717 2554 1772 missa
2581 1719 2782 1789 Illyrici
2801 1718 3076 1771 catholica
3097 1722 3151 1770 et
3171 1717 3484 1789 orthodoxa
3509 1724 3809 1785 reputatur
3831 1719 3909 1772 ab

2140 1798 2178 1851 Β
2209 1791 2476 1844 omnibus
2504 1788 2684 1843 doctis
2719 1788 2976 1843 Ecclesia:
3001 1788 3392 1856 scriptoribus,
3427 1795 3483 1840 et
3512 1789 3581 1840 ab
3614 1789 3751 1857 ipsis
3779 1805 3911 1858 pro-

2205 1862 2541 1915 testantibus
2567 1860 3182 1928 hominibustanquam
3207 1860 3323 1910 suis
3343 1858 3513 1928 dogin
3535 1859 3706 1911 itihus
3732 1860 3906 1912 valde

2210 1948 2538 2002 repugnans
2570 1938 2626 1984 et
2652 1932 2892 2002 adversa
2937 1930 3287 2002 repudiatur.
3339 1930 3468 1998 Ejus
3501 1930 3674 2002 tidem
3720 1936 3776 1982 et
3809 1930 3905 2002 ὀρ-

2210 1999 2449 2063 θοδόξιαν
2509 2001 2811 2054 vindicavit
2867 2001 3354 2052 eminentissimus
3403 2000 3707 2052 cardinalis
3751 1999 3911 2054 Bona

2210 2074 2417 2127 Rerum
2456 2072 2845 2138 Iiturgicarum
2878 2071 2977 2123 lib.
3011 2087 3047 2134 ι,
3081 2086 3199 2137 cap.
3243 2073 3325 2133 -t"2,
3350 2086 3673 2140 novamque
3703 2071 3909 2124 editio-

2211 2160 2338 2196 nem
2375 2144 2496 2196 tieri
2527 2144 2583 2195 in
2615 2141 2939 2211 Appendice
2962 2141 3027 2193 ad
3059 2141 3268 2193 librum
3293 2143 3360 2192 de
3385 2142 3575 2194 Rebus
3599 2142 3904 2205 liturgicis,

2209 2221 2265 2266 et
2287 2215 2346 2268 P.
2383 2214 2659 2277 Cointius,
2687 2212 3099 2267 Oratoriidom.
3129 2213 3257 2264 Jesu
3294 2211 3608 2280 Presbyter,
3639 2212 3695 2264 in
3718 2216 3913 2264 Anna-

2212 2286 2359 2338 libus
2389 2283 2791 2337 Ecclesiasticis
2845 2284 3211 2348 Francorum,
3247 2288 3589 2335 curaverunt
3627 2283 3908 2336 emenda-

2210 2356 2412 2407 tiorem
2441 2363 2495 2408 et
2525 2355 2705 2423 magis
2726 2354 3078 2418 castigatam,
3109 2354 3256 2406 sicut
3279 2354 3570 2406 Ratramni
3594 2353 3803 2407 librum
3835 2355 3910 2407 de

2211 2427 2458 2493 Corpore
2477 2432 2533 2477 et
2552 2425 2841 2489 Sanguine
2865 2425 3090 2477 Domini
3109 2424 3557 2476 emendatiorem
3579 2440 3639 2477 ex
3665 2426 3909 2493 antiquo

2210 2497 2399 2548 codice
2451 2498 2834 2564 manuscripto
2884 2511 3012 2547 cum
3062 2511 3197 2547 cura
3251 2501 3304 2546 et
3355 2495 3466 2547 tide
3497 2496 3907 2562 expressimus.

2215 2567 2480 2620 Eamdem
2534 2567 2762 2619 missam
2808 2566 3059 2619 Latinam
3102 2564 3472 2634 inquisitores
3518 2566 3773 2635 Ilispani,
3815 2583 3910 2618 re-

2211 2645 2420 2706 gnante
2451 2638 2718 2705 Philippo
2747 2637 3017 2699 secundo,
3050 2651 3285 2688 censura
3306 2636 3637 2702 alfeceruut,
3672 2636 3906 2704 instiga-

2212 2709 2364 2760 tione
2399 2707 2739 2760 Ferdiuandi
2786 2707 3060 2769 Toletani,
3112 2707 3270 2759 ducis
3319 2707 3600 2769 Albensis,
3655 2707 3912 2759 hominis

2212 2780 2399 2830 studio
2422 2779 2620 2846 religio
2634 2778 2714 2830 nis
2727 2778 3019 2829 catholicas
3038 2793 3150 2829 non
3167 2777 3350 2829 solum
3367 2777 3680 2846 flagrantis,
3703 2794 3910 2831 verum

2212 2848 2383 2900 etiam
2420 2849 2678 2911 furentis,
2728 2864 2899 2918 quem
2940 2848 3079 2900 dicit
3122 2848 3332 2901 Jesinta
3377 2848 3678 2901 Famianus
3707 2849 3912 2901 Strada

2213 2935 2278 2971 ex
2307 2919 2520 2971 bellicis
2551 2919 2850 2972 tormentis
2883 2918 3072 2970 fusum
3104 2918 3435 2980 Antuerpiaa
3465 2918 3520 2970 in
3546 2919 3742 2971 eadem
3787 2919 3912 2973 bel-

2215 2989 2317 3042 lica
2349 2995 2633 3042 tormenta
2665 2990 2915 3041 refusum
2943 2989 3132 3040 fuisse.
3162 2989 3459 3041 Enimvero
3486 2989 3623 3042 nihil
3658 2990 3910 3042 admira-

2210 3060 2367 3112 tione
2393 3061 2627 3127 dignum
2653 3059 2699 3111 si
2722 3060 2789 3112 ab
2811 3059 3094 3126 ejusmodi
3121 3060 3417 3111 tribunalis
3437 3059 3746 3122 judicibus,
3773 3061 3908 3130 qui-

2211 3132 2316 3183 bus
2368 3131 2678 3184 inerrantia
2726 3131 2885 3182 nulla
2914 3147 2946 3182 a
2993 3131 3130 3183 caelo
3185 3130 3390 3182 tradita
3435 3136 3539 3194 est,
3570 3131 3824 3197 judicata
3859 3137 3916 3184 et

2219 3203 2598 3255 condemnata
2646 3201 2896 3253 virorum
2927 3200 3221 3253 doctorum
3278 3216 3451 3267 opera
3482 3200 3695 3254 auxilio
3727 3208 3785 3254 ct
3811 3201 3908 3255 de-

2218 3273 2540 3326 fensoribus
2569 3277 2790 3340 egeant.
2827 3272 2979 3324 Inter
3002 3271 3424 3323 lucubrationes
3445 3271 3814 3324 illustrissimi
3847 3290 3915 3326 ac

2219 3343 2532 3396 doctissimi
2563 3343 2779 3396 Claudii
2813 3341 3117 3410 Espeucmi,
3151 3340 3398 3394 doctoris
3449 3341 3698 3411 theologi
3747 3343 3914 3395 Pari—

2220 3413 2438 3478 siensis,
2469 3413 2619 3464 inter
2646 3414 2839 3466 Patres
2869 3416 3228 3482 purpuratos,
3264 3412 3320 3464 ni
3354 3428 3528 3480 prava
3549 3412 3783 3465 consilia
3815 3414 3917 3467 ob-

2220 3483 2823 3552 stitissentcoaptandi,
2854 3488 2916 3534 ut
2936 3483 3266 3535 testificatur
3280 3483 3595 3536 D.Jacobus
3619 3488 3915 3551 Augustus

2218 3555 2489 3606 Thuanus
2514 3559 2571 3605 et
2595 3555 2841 3620 ipsemet
2878 3555 3228 3622 Espencazus,
3261 3554 3382 3621 ejus
3417 3555 3814 3606 commentarii
3853 3555 3913 3608 in

2222 3625 2531 3692 Epistulam
2561 3625 2631 3676 ad
2664 3625 2852 3677 Titum
2883 3629 2938 3695 et
2968 3629 3240 3677 tractatus
3284 3626 3352 3677 de
3385 3624 3748 3678 Continentia
3793 3642 3913 3695 prae.

2219 3695 2436 3748 caeteris
2467 3695 2770 3759 evincunt;
2804 3694 3014 3764 quippe
3057 3711 3184 3747 cum
3219 3711 3333 3748 non
3366 3695 3549 3747 solum
3585 3694 3912 3749 eruditione

2219 3782 2445 3818 summa
2474 3767 2828 3834 expleantur,
2873 3781 3071 3817 verum
3117 3766 3286 3818 etiam
3328 3765 3529 3834 spiritu
3582 3765 3807 3818 consilii
3854 3772 3914 3820 et

2221 3836 2570 3889 fortitudinis
2603 3836 2810 3903 scripta
2851 3835 2966 3888 sint
2995 3835 3263 3908 adversus
3297 3835 3506 3908 abusus
3533 3841 3589 3888 et
3621 3836 3914 3908 vitiaquio

2218 3908 2322 3960 bus
2353 3911 2528 3960 ferme
2561 3923 2761 3959 omnes
2792 3922 2857 3958 eo
2889 3908 3091 3958 saeculo
3127 3906 3592 3959 deformabantur
3622 3906 3909 3973 homines,

2218 3983 2608 4030 verumtamen
2632 3977 2772 4029 tanti
2804 3976 2908 4028 viri
2936 3982 3205 4029 tractatus
3227 3976 3438 4044 proditi
3469 3979 3523 4028 in
3560 3976 3748 4030 indice
3780 3995 3914 4031 exao

2219 4049 2560 4101 minaturum
2593 4047 2817 4100 concilii
2843 4047 3155 4100 Tridentini
3203 4063 3330 4100 cum
3369 4047 3679 4100 Batramno
3712 4055 3912 4103 nostro

2217 4126 2274 4172 et
2317 4119 2487 4171 missa
2536 4118 2731 4171 Latina
2779 4117 2984 4188 Illyrici
3030 4117 3334 4171 infeliciter
3385 4125 3600 4181 errant,
3652 4135 3764 4171 non
3812 4122 3915 4173 mi-

2218 4191 2343 4242 nori
2387 4189 2806 4241 existimatione
2859 4188 3016 4255 digni
3049 4189 3198 4255 apud
3230 4205 3427 4240 omnes
3486 4189 3762 4243 eruditos.
3798 4191 3914 4244 Nec

2216 4259 2370 4312 enim
2393 4259 2691 4312 dubitandi
2709 4260 2860 4312 locus
2882 4259 3226 4328 relinquitur
3246 4259 3384 4328 quin
3416 4259 3536 4328 ipse
3577 4260 3915 4314 dissertator

2218 4338 2408 4382 noster
2437 4330 2802 4397 Espencazum
2834 4329 2984 4382 inter
3016 4331 3270 4382 doctores
3299 4330 3603 4382 catholicus
3629 4338 3685 4383 et
3719 4332 3912 4387 omni-

2217 4401 2321 4453 bus
2362 4401 2633 4453 doctrina:
2677 4405 2733 4453 et
2780 4400 2913 4453 tidei
2955 4401 3209 4452 numeris
3251 4400 3545 4452 absolutus
3592 4410 3906 4457 recenseat.

2149 4493 2189 4545 ι)
2218 4472 2583 4545 Percontarer
2611 4471 2856 4545 libenter
2887 4488 2916 4522 a
2947 4471 3317 4545 dissertatore
3342 4471 3601 4545 nunquid
3634 4472 3909 4545 articulos

2215 4543 2348 4595 cleri
2380 4541 2651 4595 Gallicani
2683 4541 2750 4594 de
2797 4547 3072 4610 potestate
3123 4541 3519 4606 ecclesiastica,
3551 4543 3673 4611 regi
3720 4543 3907 4597 Chris-

2214 4612 2529 4666 tianissimo
2560 4612 2780 4666 oblatos
2813 4628 2962 4664 anno
3017 4614 3171 4671 l682.
3221 4628 3364 4680 quos
3406 4628 3598 4663 revera
3646 4613 3714 4664 ab
3747 4615 3909 4666 Inno-

2213 4683 2396 4737 centio
2436 4683 2501 4736 XI
2558 4683 2962 4736 condemnatos
3016 4683 3186 4735 fuisse
3228 4698 3342 4734 non
3383 4684 3630 4750 ignorat,
3672 4683 3904 4739 defendi

2212 4770 2374 4822 posse
2406 4754 2729 4806 existimet?
2749 4757 2833 4806 An
2862 4769 3028 4822 aequo
3059 4754 3144 4805 vel
3179 4752 3376 4822 iniquo
3399 4753 3594 4805 animo
3626 4753 3801 4808 ferret
3833 4758 3909 4808 vi~

2211 4825 2435 4891 tuperio
2465 4825 2613 4876 attici
2654 4840 2919 4876 censuras
2973 4824 3271 4876 Facultatis
3331 4823 3661 4875 Parisiensis
3708 4826 3908 4879 adver-

2209 4912 2303 4948 sus
2333 4895 2703 4948 Vernantium
2759 4898 2856 4947 aut
2905 4893 3240 4948 Amadazum
3291 4895 3672 4963 Guymenium
3723 4897 3902 4961 latas;

2207 4981 2277 5017 an
2324 4965 2601 5034 ejusmodi
2644 4981 3016 5017 censurarum
3050 4965 3317 5018 defensor
3365 4964 3415 5016 ei
3455 4965 3901 5020 admirationem

2207 5037 2505 5088 moveret?
2535 5035 2683 5098 Quas
2704 5042 2895 5088 tamen
2931 5035 3116 5088 sciunt
3147 5051 3345 5087 omnes
3371 5051 3481 5087 non
3515 5037 3698 5088 solum
3729 5036 3787 5088 in
3823 5037 3905 5090 in-

2205 5106 2325 5160 dice
2350 5107 2628 5159 librorum
2652 5105 3080 5174 prohibitorum
3103 5107 3420 5169 collocatas,
3451 5105 3546 5158 sed
3572 5106 3642 5158 ab
3659 5107 3906 5161 Alexan-

2201 5178 2302 5230 dro
2332 5178 2428 5230 VII
2463 5193 2688 5229 summo
2722 5177 2990 5246 pontifice
3021 5177 3220 5229 vetitas
3247 5181 3302 5228 et
3344 5176 3687 5245 proscriptas
3720 5177 3902 5232 fuisse

2199 5247 2354 5300 bulla
2384 5248 2714 5300 authentica
2755 5247 3026 5301 adversus
3067 5264 3159 5299 eas
3192 5263 3462 5300 censuras
3507 5247 3641 5299 data
3677 5247 3898 5314 Romae,

2199 5318 2463 5386 imposita
2515 5334 2681 5381 poena
2724 5318 3330 5370 excommunicationis
3361 5317 3486 5385 ipso
3519 5317 3664 5368 facto
3701 5318 3897 5372 incur-

2198 5389 2390 5442 rendae
2413 5405 2484 5442 vn
2511 5388 2792 5441 Kalendas
2821 5389 2953 5441 Julii
2986 5389 3122 5441 anni
3149 5389 3331 5456 (1665)
3367 5387 3669 5442 undecimo
3696 5391 3899 5459 ponti-

2197 5461 2396 5512 ficatus'
2429 5458 2728 5514 Alexandri
2751 5459 3002 5528 septimi.

2269 5529 2489 5582 Nullius
2543 5529 2787 5582 auctoris
2839 5530 2967 5583 libri
3021 5529 3200 5597 magis
3242 5544 3480 5582 censura
3529 5529 3706 5582 vexati
3761 5537 3898 5584 sunt

2193 5616 2362 5670 quam
2399 5600 2658 5668 Origenis
2683 5599 3032 5662 Adamantii;
3063 5616 3177 5652 non
3204 5615 3317 5650 una
3347 5599 3464 5652 vice
3495 5600 3588 5651 sed
3625 5601 3895 5668 pluribus

2192 5669 2487 5736 pontifices
2518 5675 2574 5723 et
2603 5670 2841 5723 concilia
2871 5676 3041 5723 etiam
3098 5669 3386 5739 generalia
3422 5671 3891 5739 proscripserunt

2189 5741 2834 5811 Origenianadogmata.
2852 5742 3253 5794 Verumtamen
3272 5757 3384 5794 non
3402 5740 3710 5795 humillimi
3728 5741 3887 5814 inge-
