4148 6180
207 268 307 322 181

932 269 1392 327 DISSERTATJO
1442 270 1510 326 IN
1568 269 1693 328 LIB.
1738 275 1826 329 DE
1866 273 2190 332 CORPORE
2232 276 2319 331 ET
2359 278 2699 334 SANGUlNE
2741 278 3003 335 DOMINI.

3616 289 3713 342 l8?

203 401 449 476 niiJesn
464 406 544 457 ita
572 406 760 459 Petrus
789 406 1014 460 Halloia:
1038 406 1361 459 Leodiensis
1390 408 1581 475 amplo
1613 409 1903 462 volumine
1943 414 1988 465 Α
2020 409 2245 464 differre
2290 411 2715 467 dissertatorem
2775 431 2803 466 a
2851 413 3247 469 defensoribus
3299 418 3594 475 Ratrnmni
3628 423 3710 476 si-

205 473 262 526 in
286 474 443 540 folio,
481 475 603 543 pari
629 483 1012 528 crassamento
1047 492 1174 529 cum
1219 473 1528 544 majoribus
1562 479 1743 542 libris,
1776 481 1902 534 Ori-

204 560 411 613 genem
442 546 697 599 defendit
754 552 810 599 et
837 551 959 615 ejus
988 548 1052 600 ad
1091 550 1421 601 PontiliCem
1472 552 1787 603 niaximum
1823 552 1907 603 lu-

204 617 540 689 nocentiuiu
572 618 611 670 Χ
641 633 873 670 causam
913 618 1053 686 egit.
1106 620 1413 682 Origeuem
1469 621 1765 673 defensum
1802 637 1897 689 ap-

204 688 593 753 probaverunt
628 697 877 756 quatuor
906 689 1157 741 celebres
1190 698 1397 757 pietate
1421 694 1476 742 et
1506 693 1739 744 scientia
1773 688 1905 744 1υεὶ-

204 772 343 830 gues
389 758 621 810 Jesuilie
678 767 735 810 et
772 760 1189 825 examinarunt,
1225 760 1399 829 jussis
1442 762 1903 830 obtemperantes

205 828 270 879 lt.
306 828 364 880 P.
397 830 631 900 ζει-ἰήιε,
669 830 841 881 totius
871 830 1156 882 societatis
1205 828 1455 899 prwfecti
1487 828 1789 900 generalis,
1841 834 1899 885 in

200 899 444 981 collegio
505 898 759 981 Romano
816 915 973 980 anno.
995 901 1162 979 1.646;
1190 898 1302 981 ista
1343 898 1590 981 denique
1637 904 1902 981 Origenis

199 968 456 1043 defensio
498 986 626 1021 cuni
668 972 1232 1043 licentiavisitatol'is
1261 968 1555 1036 Flandriée,
1596 968 1815 1043 Angliaa
1847 980 1902 1027 et

199 1038 634 1104 Gallo-Belgica
662 1042 966 1111 provinciae
1005 1042 1221 1111 publici
1272 1043 1418 1110 juris
1447 1046 1591 1096 facta
1621 1038 1713 1096 est
1762 1046 1897 1098 Leo-

200 1110 279 1163 dii
309 1127 464 1163 anno
511 1112 665 1165 1648.
735 1110 1137 1165 Verumtamen
1196 1114 1468 1181 Origenes
1501 1114 1766 1167 defensus
1811 1115 1897 1167 in-

198 1182 589 1248 gressusviam
609 1182 944 1235 universalis
973 1184 1359 1252 inquisitionis
1385 1184 1598 1245 Romte,
1630 1185 1683 1237 in
1707 1185 1896 1239 indice

201 1252 483 1304 librorum
502 1252 920 1317 prohibiturum
948 1255 1129 1306 locum
1146 1254 1395 1307 obtinuit
1415 1255 1893 1323 acceptissimum,

197 1323 295 1374 sed
350 1324 408 1374 in
458 1323 817 1376 bibliothecis
864 1325 1211 1377 Jesuitarum
1258 1325 1439 1392 magis
1482 1326 1892 1391 honoriﬁcum;

199 1392 649 1466 nullibienimin
663 1394 808 1446 serie
825 1394 1098 1447 librorum
1121 1413 1152 1463 p
1165 1396 1543 1449 rohibilorum
1568 1403 1768 1466 reptat.
1797 1398 1893 1450 De—

199 1464 374 1531 nique
407 1464 691 1517 famosum
720 1466 927 1517 librum
956 1466 1214 1519 Ludovici
1267 1467 1488 1519 Molinae
1543 1464 1771 1520 Jesbitm
1824 1469 1893 1522 de

196 1533 513 1587 Concordia
543 1536 738 1603 gratiae
772 1543 827 1588 et
860 1536 1019 1589 liberi
1052 1536 1272 1589 arbitrii
1298 1539 1366 1589 ab
1395 1538 1762 1591 L'niversitate
1796 1539 1891 1592 Sa-

196 1606 599 1658 lamanticensi
654 1623 806 1658 anno
866 1610 1018 1673 l593,
1058 1609 1125 1660 22
1158 1608 1291 1660 Julii
1339 1608 1692 1673 damnatum,
1738 1615 1793 1661 et
1823 1612 1891 1662 ab

192 1675 481 1744 episcopis
508 1676 797 1745 Hispania:
820 1678 1201 1745 periculosum
1225 1682 1281 1730 et
1301 1694 1607 1731 erroneum
1638 1680 1889 1732 declara-

2016 481 2331 559 lentio_non
2362 484 3041 559 prastermitteudumest,
3069 488 3219 557 quod
3251 489 3372 557 ipse
3400 492 3623 559 primus
3646 495 3709 548 in

2012 551 2147 626 orbe
2188 551 2509 607 Christiano
2559 555 2877 608 doctrinam
2918 551 3490 626 hujus'epistolae'ad
3525 564 3704 618 Caesa-

2013 622 2159 674 rium
2213 626 2555 677 monachum
2614 626 2947 679 defenderat
2993 622 3048 679 et
3088 622 3264 681 fetum
3318 631 3466 683 inter
3505 650 3703 689 omnes

2012 694 2266 771 eruditos
2294 695 2350 772 in
2383 696 2561 773 spurii
2600 703 2657 748 et
2693 697 2850 749 nothi
2885 699 3203 773 suspicione
3236 701 3506 768 positum,
3542 704 3701 773 inge-

2011 765 2244 838 nuitatis
2290 766 2417 838 jure
2468 766 2641 818 donet
2688 784 2751 819 ac
2800 765 2996 820 sancto
3048 765 3447 838 Chrysustomo
3508 765 3700 828 Latine

2012 850 2123 886 non
2156 836 2344 887 (ἓν-ωερε
2378 835 2638 904 loquenti
2670 838 2915 890 vindicet
2946 846 3001 891 et
3028 855 3139 891 non
3162 835 3373 893 leviter
3400 845 3700 899 reluctanti

2010 904 2312 978 adjudicet.
2367 906 2505 978 Cum
2538 923 2567 959 e
2615 915 2808 959 contra
2856 908 3046 977 plures
3088 911 3389 978 scriptores
3438 915 3697 968 ecclesia-

2009 976 2153 1047 stici,
2185 976 2421 1028 scientia
2455 982 2509 1029 et
2543 978 2749 1047 pietate
2777 995 2905 1047 jure
2939 976 3214 1045 illustres,
3248 982 3373 1032 libri
3405 982 3697 1039 Ratramni

2009 1045 2077 1097 de
2130 1049 2378 1123 corpore
2431 1053 2487 1099 et
2534 1045 2823 1118 Sanguine
2872 1051 3098 1123 Domini
3138 1047 3471 1123 ὐρθοὸὸξιαν
3529 1058 3696 1109 susti-

2009 1117 2239 1195 nuerint
2260 1124 2314 1170 et
2354 1125 2480 1195 ante
2510 1124 2563 1171 et
2596 1117 3101 1195 postcardinalem
3148 1117 3520 1195 Perroninm;
3554 1142 3695 1195 qua-

2006 1187 2086 1238 les
2140 1188 2371 1241 fuerunt
2399 1187 2643 1242 Joannes
2685 1190 2998 1251 Fischerus,
3043 1190 3459 1245 illustrissimus
3492 1187 3696 1250 Christi

2008 1263 2259 1332 martyr;
2286 1259 2635 1332 Sigebertus,
2666 1262 2841 1313 abbas
2876 1262 3291 1315 Gemblacensis
3331 1266 3538 1317 saeculo
3584 1283 3691 1332 xu;

2004 1328 2251 1400 Joannes
2284 1330 2627 1383 Trithemius
2656 1332 3120 1400 Spanbemiensis
3148 1350 3211 1385 xv
3239 1351 3251 1397 ;
3298 1334 3556 1387 doctores
3591 1328 3693 1390 L04

2005 1399 2303 1451 vanienses
2370 1407 2496 1469 post
2580 1399 2883 1455 concilium
2951 1404 3378 1469 Tridentinum;
3452 1407 3693 1461 Jacobus

2003 1469 2649 1545 Gretzerus;‘Antonius
2697 1473 3071 1538 Possevinus;
3116 1476 3399 1528 Gilbertus
3430 1477 3693 1545 Maugui-

2002 1555 2151 1602 nus;
2185 1541 2516 1593 Godefridus
2568 1544 2944 1605 Hermannus,
2992 1545 3187 1597 doctor
3242 1547 3430 1598 socius
3481 1541 3690 1601 Surho-

2000 1611 2161 1682 uicus
2200 1612 2303 1663 sub
2343 1613 2577 1665 nomine
2629 1613 2942 1682 Hieronymi
2993 1616 3060 1668 ab
3110 1618 3317 1680 Angelo
3366 1617 3557 1682 Forli;
3598 1621 3689 1671 Ja—

1998 1681 2172 1758 cobus
2212 1682 2601 1758 Samboevius,
2635 1700 2805 1758 sacrae
2837 1681 3233 1758 theologiasin
3267 1687 3524 1758 Sorbona
3548 1681 3687 1758 pro-

194 1752 340 1821 tum,
362 1747 1882 1821 quotidieJesuitazpluresquenotaainonintimastheo-
1929 1764 1968 1817 Β
1998 1752 2201 1803 fesssor
2231 1754 2457 1821 regius;
2492 1747 2736 1807 domnus
2782 1747 3431 1821 Joaniievaabillonius,
3472 1747 3673 1810 doctis-

192 1817 311 1883 logi
346 1817 680 1882 defendunt,
725 1818 1211 1887 quemadmodum
1246 1825 1303 1871 et
1331 1820 1503 1872 libros
1531 1822 1599 1872 de
1632 1821 1887 1873 Romano

192 1887 469 1940 Pontifice
494 1888 800 1940 cardinalis
828 1889 1175 1954 Bellarmini,
1201 1896 1265 1942 ut
1294 1890 1467 1942 refert
1508 1891 1746 1943 Jacobus
1781 1891 1886 1944 Fu-

191 1957 374 2025 ligati,
415 1959 562 2010 alter
588 1958 823 2030 Jesuita,
852 1961 908 2011 in
939 1961 1063 2012 Vita
1088 1960 1337 2024 Roberti,
1377 1961 1725 2025 Bellarmini,
1761 1978 1883 2030 cap.

196 2032 247 2080 ll
289 2044 302 2080 :
333 2045 465 2098 qua:
499 2045 626 2081 eum
658 2031 735 2082 ita
760 2029 892 2095 sint,
926 2030 1163 2083 dubium
1187 2046 1299 2083 non
1330 2036 1416 2083 est
1439 2030 1613 2084 libros
1650 2029 1885 2085 censura

192 2102 419 2151 notatos
452 2116 516 2152 ae
575 2116 660 2152 res
684 2100 964 2168 judicatas
1012 2101 1386 2169 recognitioni
1423 2102 1696 2154 obnoxias
1744 2119 1885 2169 esse,

190 2170 310 2222 sive
336 2170 693 2237 adjudicium
716 2171 1162 2224 instauratitiuin
1189 2171 1390 2224 referri
1413 2188 1608 2241 posse;
1631 2173 1888 2241 adeoque

190 2257 389 2292 causas
417 2242 475 2313 in
502 2241 703 2313 caduci
752 2257 943 2294 casum
976 2242 1255 2309 delapsas,
1297 2241 1356 2294 in
1403 2242 1639 2311 gradum
1666 2245 1888 2313 reponi

192 2312 462 2363 curriculi
488 2311 800 2379 judicialis.
833 2313 946 2365 Hoc
990 2313 1249 2365 Ecclesia:
1281 2319 1380 2365 aut
1414 2312 1705 2381 religionis
1744 2311 1888 2367 nihil

195 2384 433 2433 interest
462 2398 473 2434 :
511 2382 668 2453 licuit
690 2385 841 2434 enim
862 2399 1199 2453 semperque
1231 2383 1419 2435 licebit
1451 2384 1673 2453 aliquos
1701 2392 1891 2437 auctu-

195 2467 281 2525 res
298 2452 371 2525 ab
393 2452 753 2506 accusatione
769 2454 985 2525 violata:
1016 2453 1473 2525 tideivindicare.
1489 2456 1644 2507 Adeo
1677 2456 1889 2525 quippe

193 2522 339 2574 nihil
371 2529 522 2575 vetat
552 2524 763 2575 litteras
796 2524 1028 2577 Honorii
1063 2525 1079 2576 l
1129 2539 1293 2593 papae
1320 2540 1353 2577 a
1399 2522 1747 2583 contumelia
1774 2522 1889 2579 hie-

194 2592 337 2644 resis
383 2594 882 2646 Monothelitarum
940 2592 1217 2663 purgare;
1251 2596 1362 2648 Hoc
1394 2595 1524 2663 jure
1571 2596 1886 2662 Facundus,

194 2663 623 2743 Hermianensis
644 2664 1348 2743 ‘Africmepiscopusutria
1376 2666 1635 2743 capitula
1671 2667 1892 2743 fo_r_titer

192 2751 253 2785 ac
296 2750 533 2786 nervose
564 2735 821 2787 defendit
859 2735 916 2787 in
950 2735 1191 2803 gratiam
1214 2736 1328 2788 Iba:
1376 2736 1659 2796 Edesseni,
1707 2738 1891 2790 Theo-

190 2804 319 2875 dori
350 2804 714 2874 Mupsnestini
763 2811 819 2858 et
869 2806 1212 2859 Theodoreti
1264 2806 1519 2874 episcopi
1572 2807 1717 2875 Cyri,
1779 2823 1892 2875 quo

192 2874 365 2927 etiam
452 2876 745 2928 Batramni
826 2876 1146 2930 doctrinam
1208 2877 1476 2929 tuendam
1563 2874 1887 2945 recipimus.

194 2946 399 2998 Molina
428 2952 483 2998 et
515 2946 912 3009 Bellarminus,
968 2947 1026 2999 in
1062 2948 1273 3000 indices
1326 2948 1603 3001 librorum
1638 2947 1891 3016 prohibi-

193 3022 381 3068 turum
396 3017 629 3079 detrusi,
659 3033 723 3069 ex
748 3017 816 3069 iis
846 3018 1057 3070 exitum
1091 3018 1311 3071 facilem
1340 3018 1728 3071 obtinuerunt.
1780 3018 1884 3071 Sed

191 3086 636 3165 sitastringiinus
685 3094 1026 3156 argumenta
1083 3090 1148 3141 ad
1206 3089 1613 3165 conterendam
1660 3088 1875 3165 calu_m-
1919 3114 1958 3165 ρ

193 3158 347 3208 niam
389 3174 503 3227 qua
542 3158 695 3210 fama
728 3161 851 3226 ejus
913 3164 967 3210 et
1002 3175 1209 3211 nomen
1242 3158 1642 3228 inquinentur,
1680 3159 1880 3226 proba-

190 3229 327 3279 bilia
349 3234 404 3281 et
427 3228 496 3280 ad
550 3228 869 3281 faciendam
922 3229 1093 3281 ﬁdem
1133 3231 1317 3291 lirma,
1353 3230 1533 3280 multo
1568 3229 1886 3280 mirabilius

188 3304 272 3350 est
307 3300 682 3351 Hatramnum
721 3299 940 3368 judices
973 3300 1253 3352 invenisse
1285 3299 1527 3368 injurios
1576 3315 1746 3369 quam
1796 3299 1888 3351 de-

191 3371 447 3422 fensores
476 3370 777 3439 prOpitios.

626 3475 850 3528 VERBA
889 3475 1447 3529 DISSERTATORIS.

266 3564 461 3615 Verum
487 3565 649 3615 etiam
678 3579 802 3616 mox
831 3562 1041 3616 dicetur
1066 3563 1402 3631 jampridem
1440 3580 1473 3615 a
1491 3562 1757 3631 plenuriis
1796 3576 1884 3628 sy-

186 3635 342 3685 nodis
372 3636 732 3700 universaque
768 3635 1006 3686 Ecclesia
1056 3636 1346 3687 damnatus
1386 3639 1436 3686 et
1464 3636 1579 3700 igni
1610 3634 1882 3695 addictus,

187 3708 433 3769 proxime
450 3720 574 3757 vero
604 3707 877 3770 superiore
904 3710 1061 3757 aetate
1111 3706 1178 3757 ab
1225 3705 1611 3757 illustrissimis
1682 3705 1879 3756 doctis-

185 3776 446 3841 simisque
503 3775 841 3828 antistitibus
868 3776 1142 3829 Sanctesio
1180 3777 1510 3838 Ebroicensi,
1544 3782 1591 3826 et
1630 3776 1884 3828 Perronio

184 3845 481 3909 curdinali,
548 3846 949 3914 archiepiscopo
1002 3848 1311 3910 Senonensi,
1373 3850 1619 3915 apertum
1699 3845 1883 3899 docere

188 3920 431 3970 heresim
453 3915 834 3984 deprehensus.

872 4020 1186 4061 RESPONSIO.

254 4096 473 4148 Revera
505 4108 622 4146 non
667 4092 984 4146 diffitemur
1011 4094 1225 4147 librum
1283 4092 1389 4145 sub
1422 4091 1587 4145 titulo
1637 4092 1705 4145 de
1753 4094 1881 4147 Cor-

188 4180 319 4233 pore
361 4170 419 4216 et
478 4163 769 4231 Sanguine
801 4164 1023 4217 Domini
1056 4164 1389 4217 damnatum
1436 4164 1610 4216 fuisse
1652 4164 1710 4215 in
1742 4181 1877 4216 cun-

185 4237 312 4287 eilio
342 4235 688 4287 Vercellensi
717 4234 821 4287 sub
852 4235 1037 4288 Leone
1070 4236 1155 4302 lx,
1212 4240 1270 4288 et
1307 4240 1623 4287 crematum
1682 4233 1878 4287 Romae

185 4306 287 4357 sub
320 4305 579 4370 Nicolao,
615 4306 683 4369 ll,
743 4321 896 4357 anno
935 4308 1096 4369 1055;
1155 4306 1250 4358 sed
1310 4320 1541 4373 prorsus
1575 4304 1878 4356 abnuimus

186 4377 567 4429 Ratramnum
600 4380 698 4428 aut
730 4376 1088 4429 Paschasium
1128 4376 1365 4443 hujusce
1394 4374 1525 4427 libri
1590 4380 1875 4428 auctorem

183 4450 359 4499 tuisse
396 4461 410 4500 :
444 4446 661 4515 quippe
683 4462 811 4497 cum
843 4452 1059 4499 constet
1082 4448 1442 4515 apudomnes
1475 4445 1626 4497 hunc
1664 4447 1874 4498 librum
1918 4464 1956 4516 ι)

182 4518 551 4570 combustum
606 4516 840 4569 Joannis
895 4517 1041 4570 Scoti
1095 4532 1327 4583 nomen,
1413 4516 1641 4568 nemine
1698 4518 1871 4569 recla-

187 4597 403 4653 mante,
469 4588 869 4655 praasetulisse,
954 4588 1059 4639 sub
1115 4603 1296 4657 eoque
1346 4587 1577 4639 nomine
1626 4587 1683 4639 in
1745 4603 1872 4654 gra-

187 4660 323 4712 tiam
358 4673 596 4711 suorum
627 4672 881 4710 errorum
910 4674 942 4710 θ,
988 4658 1363 4711 sectatoribus
1386 4657 1713 4727 Berengarii
1742 4674 1873 4727 pro-

188 4736 368 4782 latum
395 4729 590 4782 fuisse.
626 4729 701 4782 De
732 4736 935 4781 castero
964 4729 1270 4781 cardinalis
1318 4728 1622 4781 Perronius
1650 4735 1705 4781 et
1731 4730 1877 4781 San-

184 4801 398 4853 etesius
479 4798 736 4868 opinioni
784 4798 1077 4852 communi
1130 4798 1469 4866 scriptorum
1519 4815 1636 4851 suae
1694 4799 1876 4851 astatis

188 4881 352 4924 lrena
372 4869 778 4939 permiserunt,
820 4870 921 4938 qui
955 4868 1198 4922 nimium
1234 4869 1390 4921 vanis
1434 4870 1876 4922 Protestantium

189 4942 495 4994 hominum
526 4940 886 4992 sermonibus
924 4956 983 4992 se
1038 4940 1453 5010 permittentes,
1489 4940 1770 5008 ejusmodi
1810 4942 1876 4993 ll-

191 5020 357 5064 hrum
416 5017 633 5063 temere
694 5010 1010 5078 nimiopere
1069 5010 1358 5063 erroribus
1443 5010 1877 5063 Calvinistarum

190 5082 510 5151 propitium
560 5080 666 5133 sibi
722 5086 1147 5149 persuaserunt.
1197 5080 1303 5134 Sed
1335 5081 1454 5133 hinc
1503 5082 1881 5133 nihilominus

190 5154 423 5206 obstant
476 5153 645 5219 justas
702 5151 864 5203 istius
913 5151 1039 5204 libri
1081 5151 1396 5204 defensioni
1432 5166 1493 5203 ac
1530 5152 1877 5220 patrocinio;

190 5224 568 5294 quippecum
591 5292 602 5294 ξ
625 5220 770 5294 ipse
798 5220 1128 5294 dissertator
1169 5222 1480 5294 epistolam
1503 5222 1681 5275 sancti
1713 5223 1884 5291 Chry-

190 5290 429 5347 s'ost'oini
464 5293 530 5344 ad
569 5290 877 5345 Caesarium
911 5292 1253 5345 monachum
1308 5291 1581 5345 tuendam
1623 5290 1880 5361 recipiat,

192 5380 366 5433 quam
382 5362 690 5415 cardinalis
715 5363 1019 5415 Perronius
1049 5379 1191 5432 opus
1217 5363 1646 5431 supposititium
1662 5380 1694 5415 a
1716 5365 1883 5416 Petro

198 5434 471 5488 Vermillo
503 5441 774 5500 martyre,
820 5434 1088 5486 hteretico
1136 5434 1485 5495 Florentino,
1549 5434 1883 5487 fabricatum

198 5507 252 5559 in
286 5504 534 5569 gratiam
571 5502 899 5556 Calvinismi
941 5504 1246 5565 existimat,
1281 5503 1425 5555 sicut
1456 5504 1665 5557 librum
1700 5506 1889 5557 Batra-

199 5576 319 5629 mni
342 5576 413 5627 ab
442 5574 881 5643 (Ecolampadio
906 5575 1103 5628 fictum
1126 5580 1425 5644 potaverat
1441 5575 1563 5643 ipse
1586 5575 1890 5628 Petronius

197 5655 254 5699 et
298 5648 494 5700 Sixtus
523 5644 834 5698 Senensis:
889 5648 1020 5705 mod
1073 5650 1430 5714 perspectum
1467 5646 1673 5698 habere
1728 5646 1888 5698 facile

197 5723 284 5770 est
342 5732 407 5769 ex
468 5720 709 5769 tractatu
742 5715 810 5769 de
864 5716 1216 5770 Eucharistia
1246 5717 1527 5778 Perronii,
1587 5733 1714 5785 pag.
1768 5719 1891 5770 381-

199 5791 323 5853 383,
357 5794 413 5840 et
441 5785 783 5841 Bibliotheca
831 5786 971 5840 Sixti
1023 5787 1304 5841 Senensis.
1346 5788 1423 5840 De
1455 5787 1675 5857 reliquo
1716 5786 1773 5840 in
1826 5803 1893 5839 eo

1996 1823 2174 1873 simus
2232 1825 2543 1876 monachus
2598 1825 2775 1878 sancti
2836 1827 3140 1891 Benedicti,
3197 1831 3252 1878 et
3310 1826 3520 1880 infiniti
3589 1829 3686 1881 alii

1998 1891 2250 1961 theologi
2282 1894 2623 1947 Parisienses
2668 1896 2787 1964 qui,
2824 1897 2881 1949 in
2924 1897 3181 1949 tliesibus
3227 1896 3364 1960 suis,
3410 1898 3682 1951 innocen-

1996 1963 2133 2015 tiam
2162 1971 2221 2035 _et
2270 1966 2659 2035 integritatem
2689 1963 2998 2019 Rati-amni
3051 1975 3179 2019 ante
3212 1974 3270 2019 et
3322 1974 3449 2035 post
3481 1969 3679 2021 editio-

1998 2048 2129 2085 nem
2162 2033 2690 2108 Latino—’Gallican)
2734 2052 2863 2087 cum
2897 2037 3224 2105 praefatione
3250 2033 3478 2108 etrnotis
3510 2054 3680 2108 quam

1999 2106 2427 2171 procuravimus
2458 2122 2607 2157 anno
2658 2109 2787 2159 l686
2820 2108 3188 2159 fortissimum
3223 2106 3554 2176 praesidium
3596 2116 3679 2161 at-

1999 2176 2269 2228 tulerunt.
2329 2177 2477 2228 luter
2527 2192 2667 2244 quos
2719 2177 2952 2228 honoris
2999 2194 3166 2228 causa
3221 2178 3519 2230 nominare
3568 2195 3679 2231 non

1998 2250 2247 2297 metuam
2278 2246 2652 2299 clarissimum
2698 2248 2923 2300 Petrum
2961 2248 3167 2312 Berthe,
3209 2250 3424 2300 socium
3475 2248 3679 2301 Sorbu-

1996 2316 2208 2393 nicum,
2244 2324 2451 2397 nostra:
2480 2317 2754 2397 Sqrbopas
2779 2319 2901 2397 jam
2935 2318 3346 2397 peritissimum
3378 2318 3680 2397 bibliothe-

1997 2389 2236 2450 carium,
2287 2387 2607 2440 Academias
2666 2387 3003 2441 Parisieusis
3064 2394 3341 2441 rectorem
3403 2389 3691 2457 amplissi-

2000 2473 2177 2523 mum,
2212 2458 2268 2510 in
2304 2474 2368 2510 ea
2401 2458 2543 2510 thesi
2576 2474 2749 2528 quam
2776 2461 3036 2512 minorem
3082 2458 3423 2512 ordinarium
3464 2476 3689 2512 nuncu-

1997 2543 2201 2599 pavere
2236 2528 2480 2598 majores
2531 2530 2731 2595 nostri,
2766 2530 2951 2583 dicata
3001 2534 3055 2582 et
3100 2529 3369 2599 inscripta
3405 2530 3688 2582 Ludovico

2000 2598 2199 2666 Magno
2231 2600 2463 2651 nomine
2495 2600 2817 2653 Academias
2850 2600 3217 2664 Parisiensis;
3251 2598 3341 2652 cui
3374 2601 3602 2667 prmfuit
3634 2608 3690 2653 et

1998 2668 2331 2740 subscripsit
2374 2686 2477 2738 pro
2526 2686 2629 2722 sua
2686 2670 2942 2740 praesidis
3000 2676 3056 2723 et
3106 2674 3261 2740 actus
3314 2670 3687 2723 moderatoris

1999 2739 2377 2806 amplitudine
2410 2739 2825 2793 illustrissimus
2872 2757 2934 2794 ac
2969 2739 3472 2793 reverentissimus
3510 2741 3686 2793 Fran-

1998 2807 2178 2860 cisrus
2220 2810 2287 2861 de
2341 2811 2562 2879 Harlay,
2614 2812 3070 2881 archiepiscopus
3103 2810 3451 2873 Parisiensis,
3496 2812 3687 2879 regiu-

2002 2894 2126 2951 rnm
2160 2880 2423 2951 ordinum
2471 2880 2920 2943 commendatur,
2956 2882 3225 2935 Sorbonaa
3265 2881 3538 2951 provisor,
3578 2883 3687 2934 Re-

2000 2949 2107 3021 gia:
2146 2950 2405 3002 Navarree
2459 2952 2704 3004 director
2748 2968 2811 3004 ac
2859 2953 3139 3021 superior,
3188 2949 3281 3005 die
3329 2954 3398 3006 '20
3426 2951 3684 3021 Septem-

2001 3019 2134 3084 bris,
2166 3036 2313 3071 anno
2360 3023 2513 3083 1685,
2551 3022 2609 3073 in
2641 3038 2753 3091 qua
2784 3022 2902 3074 hzec
2927 3019 3102 3074 verba
3127 3024 3394 3075 columna
3415 3027 3445 3075 6
3476 3019 3684 3075 exscri-

1996 3095 2091 3159 pta
2135 3096 2299 3142 sunt:
2345 3112 2369 3136 α
2422 3092 2577 3143 Unde
2624 3108 2727 3143 nec
2762 3092 3091 3144 Anastasius
3144 3093 3377 3155 Sinaita,
3433 3109 3536 3146 nec
3578 3095 3682 3146 Da-

1995 3176 2294 3213 mascenus
2345 3160 2493 3211 inter
2550 3161 2793 3227 Grzecos,
2846 3177 2948 3213 nec
3012 3162 3357 3225 Paschasius,
3410 3168 3509 3214 aut
3556 3166 3680 3228 ejus

1995 3231 2335 3282 verbotenus
2385 3231 2583 3290 hostis,
2616 3231 2676 3282 in
2706 3247 2808 3283 suo
2840 3230 2990 3300 quod
3033 3236 3212 3282 exstat
3248 3248 3439 3298 opere,
3483 3233 3682 3285 Batra-

1995 3317 2162 3352 mnus
2202 3300 2261 3352 in
2303 3300 2511 3352 Latinis
2570 3302 2787 3370 aliquid
2818 3307 3188 3366 novaverunt,
3243 3301 3340 3352 sed
3372 3302 3563 3364 ﬁdem,
3619 3310 3683 3355 ut

1994 3370 2215 3424 fortiter
2244 3372 2659 3432 defenderunt,l
2683 3372 2762 3425 ita
2800 3372 3031 3441 penitus
3062 3371 3457 3423 intaminatam
3502 3388 3683 3423 serva-

1995 3449 2147 3494 runt.
2185 3462 2211 3492 »
2246 3443 2369 3494 Jam
2403 3458 2532 3494 vero
2573 3442 2709 3512 quid
2743 3447 2913 3494 restat
2944 3442 3051 3494 nisi
3084 3448 3147 3494 ut
3184 3441 3370 3510 ipsum
3414 3442 3677 3494 disserta-

1993 3517 2173 3564 torem
2220 3529 2409 3565 sec-ini
2474 3513 2595 3581 ipse
2650 3528 3013 3582 componam,
3065 3519 3121 3565 et
3175 3512 3679 3565 admirabilitatem

1993 3583 2114 3651 ejus
2164 3586 2591 3636 accommodem
2653 3584 2769 3637 sive
2822 3584 3255 3636 admirationem
3305 3599 3675 3652 compescam.

1994 3654 2291 3705 Enimvero
2333 3671 2460 3706 cum
2518 3656 2657 3707 adeo
2712 3654 2955 3707 libenter
2999 3653 3329 3706 auctoritati
3375 3653 3680 3705 cardinalis

1995 3724 2248 3776 Perronii
2283 3724 2799 3793 obtemperaudum
2835 3740 2957 3777 esse
3008 3731 3233 3791 reputet
3275 3725 3343 3775 de
3379 3724 3518 3775 libro
3568 3724 3675 3775 Ra-

1992 3795 2223 3857 tramni,
2249 3795 2435 3847 eidem
2468 3794 2786 3861 refragatur
2811 3795 3177 3846 vehementer
3210 3800 3265 3846 et
3299 3801 3581 3863 repugnat
3610 3793 3678 3844 de

1992 3865 2195 3917 haeresi
2268 3865 2828 3927 Stercoranistarum,
2897 3864 3353 3933 sententiamque
3425 3870 3678 3916 nostram

1990 3936 2059 3989 de
2117 3936 2392 4005 figmento
2436 3935 2671 4004 hujusce
2735 3934 2986 4000 haeresis,
3050 3934 3367 4003 postposita
3423 3934 3575 3986 fama
3624 3941 3679 3986 et

1991 4004 2303 4059 eminentia
2334 4005 2614 4069 Perronii,
2643 4005 2859 4059 alfatim
2886 4004 3251 4073 amplectitur
3281 4020 3414 4074 pag.
3443 4006 3535 4058 171
3562 4020 3677 4057 sua:

1992 4076 2423 4128 dissertationis.

2060 4146 2195 4210 Quae
2242 4148 2351 4199 huc
2403 4162 2584 4215 usque
2627 4145 2872 4199 diximus
2921 4160 3224 4215 personam
3273 4144 3567 4198 Ratramni
3624 4150 3680 4199 et

1988 4224 2279 4269 auctorem
2315 4217 2444 4270 libri
2471 4214 2539 4269 de
2576 4217 2824 4286 Corpore
2873 4214 2937 4269 et
2960 4214 3249 4286 Sanguine
3305 4215 3528 4268 Domini
3585 4231 3679 4284 ge-

1991 4290 2227 4339 neratim
2262 4292 2538 4356 spectant.
2575 4288 2697 4340 Jam
2743 4302 2874 4339 vero
2908 4286 3225 4339 doctrinam
3271 4286 3505 4355 hujusce
3548 4286 3678 4339 libri

1989 4359 2310 4426 expendere
2365 4363 2421 4410 et
2458 4358 2529 4411 ab
2569 4357 2727 4410 omni
2777 4356 3007 4410 haaresis
3063 4356 3387 4426 suspicione
3436 4357 3679 4410 liberare

1990 4428 2153 4481 nobis
2199 4428 2478 4481 incumbit
2514 4428 2773 4498 adeoque
2819 4428 2889 4479 ab
2920 4426 3077 4480 omni
3117 4426 3462 4481 contumelia
3493 4428 3676 4479 vindi-

1987 4515 2134 4552 care.

2054 4570 2095 4622 Ι.
2129 4569 2487 4633 Ratramnus,
2523 4567 2712 4636 inquit
2748 4568 3079 4620 dissertator
3110 4582 3238 4635 pag.
3282 4568 3375 4620 174
3410 4567 3678 4619 editionis

1984 4640 2205 4706 primae,
2252 4639 2349 4690 lin.
2398 4641 2449 4702 8,
2514 4653 2617 4689 non
2676 4638 2810 4705 quid
2866 4639 3100 4691 Ecclesia
3146 4637 3351 4697 doceat,
3402 4637 3496 4689 sed
3542 4638 3678 4705 quid

1986 4712 2099 4778 ipse
2139 4711 2406 4778 privatim
2443 4711 2661 4772 sentiat,
2722 4710 2935 4775 aperire
2979 4722 3032 4760 se
3076 4713 3186 4760 tum
3240 4709 3296 4760 in
3356 4710 3678 4775 praefatione

1987 4786 2097 4833 tum
2115 4784 2172 4833 in
2197 4782 2338 4833 calce
2367 4779 2483 4847 ejus
2516 4779 2648 4831 libri
2676 4780 2969 4846 signiﬁcat.

2670 4915 2982 4953 RESPONSlO.

2059 5012 2179 5064 lmo
2205 5026 2335 5061 vero
2361 5025 2373 5061 :
2401 5023 2532 5061 nam
2566 5005 2944 5074 cumjusserit
2974 5003 3297 5072 gimperator
3334 5004 3677 5074 sententiam

1988 5098 2150 5134 suam
2189 5080 2431 5133 scribere
2462 5079 2531 5130 de
2553 5073 2791 5151 corpore
2821 5080 2878 5129 et
2908 5074 3186 5151 sanguine
3228 5073 3453 5151 Domini
3480 5075 3539 5126 in
3566 5074 3676 5151 Eu-

1989 5151 2275 5217 charistia,
2306 5151 2493 5218 palam
2519 5150 2819 5216 profitetur
2848 5162 2906 5200 se
2936 5146 3076 5218 nihil
3105 5161 3172 5218 ex
3194 5145 3428 5213 proprio
3458 5145 3676 5218 praedio

1990 5224 2134 5276 velle
2167 5216 2477 5285 assumere,
2528 5220 2625 5273 sed
2657 5234 2884 5286 semper
2929 5216 3181 5286 vestigiis
3221 5220 3548 5286 sanctorum
3583 5217 3679 5269 Pa-

1994 5300 2145 5347 trum
2179 5284 2480 5354 inhasrere,
2522 5296 2572 5342 et
2618 5284 2983 5358 antiquorum
3018 5284 3113 5340 seu
3165 5284 3450 5358 majorum
3494 5287 3680 5358 sulcos

1994 5366 2255 5418 diductos
2293 5379 2407 5416 non
2457 5355 2772 5427 declinare,
2822 5360 2905 5411 uti
2955 5358 3300 5427 intelligitur
3356 5355 3445 5408 his
3491 5357 3679 5411 verbis

1996 5451 2154 5488 num.
2187 5438 2217 5488 5
2252 5433 2571 5501 descriptis,
2606 5448 2734 5503 qua:
2768 5446 2870 5484 nec
2902 5428 3314 5503 commentario
3345 5442 3447 5479 nec
3476 5428 3678 5503 ampli-

1996 5507 2156 5558 ﬁcata
2202 5498 2579 5571 explicatione
2625 5498 2915 5576 indigent:
2948 5520 2976 5576 gi
3027 5500 3177 5576 Quid
3204 5514 3270 5552 ex
3301 5498 3408 5576 hoc
3441 5500 3681 5576 sentiam

1997 5576 2220 5644 aperire
2242 5569 2495 5636 tentabo,
2531 5590 2643 5627 non
2678 5573 2911 5646 proprio
2942 5572 3119 5646 fretus
3167 5569 3421 5646 ingenio,
3458 5569 3680 5646 sed-ve-

1999 5640 2167 5715 stigia
2198 5647 2427 5718 Patrum
2462 5640 2883 5718 prosequendo.
2909 5641 3025 5718 alit
3051 5655 3209 5692 num.
3248 5640 3364 5698 102,
3405 5640 3678 5718 in'calce:

2003 5738 2029 5763 ‹‹
2072 5712 2332 5788 imperio
2366 5720 2564 5768 vestra!
2631 5712 3040 5788 magnitudinis
3097 5725 3296 5788 parere
3327 5712 3681 5788 cupientes,

2000 5781 2338 5859 praesumpsi
2372 5802 2575 5856 parvus
2620 5787 2689 5840 de
2727 5781 2897 5839 rebus
2938 5784 3007 5836 de
3043 5797 3159 5835 non
3198 5781 3455 5834 minimis
3483 5781 3686 5848 dispu—
