4130 6184
391 364 486 418 183

1105 359 1549 414 DISSERTATIO
1589 359 1656 412 IN
1700 358 1827 413 LIB.
1872 359 1959 413 DE
1999 355 2324 411 COltl’OBE
2365 355 2452 408 ET
2491 354 2836 409 SANGUINE
2879 352 3139 410 DOMINL

3779 357 3877 409 l84

385 499 528 565 tare,
572 513 687 552 non
743 497 1042 565 sequentes
1096 491 1492 565 mstimationis
1540 497 1750 565 nostrae
1794 506 2070 562 praesum-
2104 490 2151 543 Α
2183 486 2526 565 incurreret.
2584 487 2803 565 _Eccam
2861 487 3266 565 quasstio_nem_
3313 486 3580 565 Carolum
3631 487 3870 565 Calvum

387 563 667 638 ptionem,
693 565 787 619 sed
819 563 1104 638 majorum
1134 563 1430 638 intuentes
1452 564 1871 638 auctoritatem.
1907 582 1934 612 »

462 642 527 694 ll.
564 633 747 692 Ex’eo
783 635 938 705 quod
989 650 1148 688 num.
1200 636 1279 705 30,
1316 635 1511 687 multis
1558 633 1843 687 adversari
1889 650 1946 686 se
1994 633 2077 705 l‘a-

389 715 578 764 teatur
607 704 970 772 Ratrarnnus,
1021 704 1310 758 contendit
1349 705 1680 758 dissertator
1725 711 1924 758 contra
1976 704 2076 757 do-

389 779 628 834 ctrinam
654 777 914 830 Ecclesiae
958 777 1299 846 disputasse.

1079 880 1389 917 RESPONSIO.

460 955 610 1019 Esto,
637 953 694 1007 id
716 954 963 1007 fateatur
993 953 1359 1016 Ratramnus,
1403 953 1497 1006 sed
1532 953 1838 1006 multitudo
1873 953 2080 1005 adver—

389 1025 671 1079 sariorum
721 1025 1071 1078 coalescebat
1108 1039 1175 1076 ex
1231 1022 1297 1074 iis
1346 1023 1443 1092 qui
1496 1023 1711 1076 nullam
1767 1040 1886 1076 esse
1926 1023 2080 1092 ﬁgu-

388 1113 534 1159 ram,
577 1096 676 1150 sed
720 1096 1010 1148 omniain
1058 1094 1561 1164 apertopatetieri
1609 1095 1666 1147 in
1726 1094 2082 1147 Eucharistia

390 1167 800 1221 defendebant:
851 1183 979 1235 qua:
1037 1163 1321 1218 sententia
1379 1180 1612 1231 prorsus
1674 1181 1911 1217 erronea
1978 1168 2078 1229 est,

393 1238 693 1292 Paschasio
749 1243 804 1290 et
839 1238 1148 1290 Ratramno
1203 1235 1566 1302 aequabiliter
1619 1251 1969 1304 repugnans,
2027 1239 2084 1287 et

391 1309 659 1362 omnibus
714 1307 966 1376 antiquis
1022 1304 1277 1360 Ecclesia:
1327 1305 1655 1359 doctoribus
1710 1306 1963 1359 adversa.
2024 1306 2082 1358 Id

393 1379 754 1433 abundanter
783 1383 940 1447 patet
979 1394 1045 1430 ex
1094 1377 1179 1430 his
1215 1391 1373 1428 num.
1425 1380 1491 1431 32
1522 1377 1740 1430 verbis:
1781 1399 1802 1424 ι
1843 1377 1939 1429 llic
1963 1376 2082 1444 jam

392 1451 493 1503 illa
538 1449 828 1503 suboritur
883 1447 1144 1518 quaestio,
1191 1461 1362 1518 qnam
1413 1448 1649 1517 plurimi
1699 1453 2084 1518 proponentes

392 1522 709 1590 loquuntur
738 1535 854 1572 non
888 1516 944 1572 in
982 1521 1186 1586 ﬁgura,
1216 1516 1315 1569 sed
1346 1516 1686 1579 in’veritate,
1717 1519 1769 1590 id
1792 1522 1876 1570 est
1911 1517 2085 1570 mani-

392 1588 531 1646 feste
564 1591 727 1644 ﬁeri:
765 1591 870 1642 ista
900 1591 1153 1644 dicentes
1207 1595 1532 1641 sanctorum
1581 1588 1801 1658 scriptis
1853 1590 2083 1641 Patrum

393 1661 674 1715 contraire
714 1660 1174 1731 comprobantur.
1220 1678 1246 1731 >3
1297 1659 1402 1731 Sed
1452 1659 1590 1730 quid
1623 1661 1781 1712 tum?
1817 1659 2083 1728 Nunquid

395 1748 513 1785 non
545 1728 874 1786 Paschasius
904 1733 1113 1785 multos
1143 1748 1201 1784 se
1234 1728 1443 1783 habere
1469 1728 1682 1783 fatetur
1709 1731 2078 1794 adversarios,

396 1819 510 1856 non
541 1819 700 1855 secus
729 1819 792 1855 ac
825 1802 1208 1856 Ratramnus?
1248 1802 1399 1872 quod
1451 1800 1826 1864 intelligimus
1878 1817 1944 1853 ex
1999 1801 2086 1852 his

393 1874 581 1926 verbis
611 1873 866 1942 epistolae
897 1872 964 1926 ad
1000 1871 1386 1942 Frudgardum
1423 1888 1552 1942 pag.
1611 1874 1779 1924 1625:
1817 1893 1838 1919 ι
1876 1873 2090 1924 Tamen

397 1945 468 1998 ad
507 1943 947 2013 intelligentiam
982 1944 1153 2012 hujus
1183 1943 1439 2015 mysterii
1481 1944 1674 2015 plures
1704 1942 2025 2006 commovi;
2051 1963 2087 2015 _n

399 2015 645 2068 etinitio
694 2015 864 2083 hujus
903 2015 1177 2086 epistolae,
1220 2013 1346 2086 pag.
1387 2016 1550 2086 l6|9z
1598 2013 1803 2086 Quaeris
1856 2015 1994 2066 enim
2027 2013 2092 2086 de

397 2101 457 2139 re
475 2102 542 2138 ea:
572 2101 682 2153 qua
719 2085 878 2138 multi
900 2085 1172 2139 dubitant.
1206 2083 1269 2139 l'n
1296 2085 1496 2137 eadem
1528 2085 1768 2152 epistola
1806 2083 2092 2152 conceptis

399 2155 587 2208 verbis
619 2157 926 2208 Ratramno
956 2156 1262 2210 assentitur
1301 2154 1656 2219 Paschasius,
1694 2154 1903 2224 pagina
1939 2155 2092 2207 scili-

403 2231 492 2279 cet
524 2228 679 2290 1620,
728 2226 836 2278 litt.
891 2227 948 2292 E,
982 2226 1059 2296 Vin
1112 2242 1224 2296 qua
1269 2231 1486 2280 textum
1539 2225 1835 2279 Batramni
1887 2241 1954 2278 ex
1988 2225 2094 2296 hoc

404 2311 646 2350 numero
693 2298 761 2350 32
816 2294 1173 2366 εχεονίρδὶεεέι
1219 2297 1482 2351 videtur:
1523 2319 1541 2343 ι
1603 2296 1670 2349 Et
1707 2296 1835 2348 ideo
1870 2297 1917 2348 si
1967 2294 2095 2365 quis

405 2367 543 2420 dicit
580 2366 725 2419 hanc
769 2383 997 2420 carnem
1039 2372 1094 2420 et
1132 2367 1282 2420 hunc
1329 2366 1665 2436 sanguinem
1709 2367 1785 2418 sic
1826 2367 1947 2435 ipsa
1974 2382 2094 2418 esse

405 2437 619 2506 absque
676 2437 945 2506 mysterio
991 2443 1046 2491 et
1097 2444 1470 2499 sacramento,
1531 2453 1636 2490 nec
1689 2438 1745 2490 in
1796 2439 1980 2505 ﬁgura
2027 2453 2094 2489 ex

405 2513 566 2577 parte
610 2509 976 2571 sumendum,
1012 2513 1073 2560 ut
1109 2509 1193 2562 illi
1226 2516 1363 2562 tunc
1394 2509 1649 2561 carnales
1684 2508 1988 2560 carnaliter
2015 2524 2097 2558 sa-

406 2578 651 2650 pientes,
677 2578 1126 2650 totumdissipat.
1165 2602 1184 2626 ι
1213 2582 1482 2650 Adeoque
1507 2579 1735 2631 difﬁcile
1757 2577 2099 2642 intelligitur

408 2649 545 2716 quid
578 2648 933 2702 conducibile
961 2649 1030 2702 sit
1053 2648 1405 2702 dissertatori
1428 2665 1489 2702 ex
1523 2650 1630 2702 hoc
1653 2666 1894 2702 numero
1922 2652 2008 2714 52,
2038 2653 2100 2701 ut

411 2721 784 2774 Batramnum
805 2720 1091 2773 adversari
1113 2721 1372 2774 Ecclesiae
1395 2721 1696 2774 Catholicae
1720 2721 2093 2773 demonstret.

481 2791 574 2843 ΙΙΙ.
631 2791 762 2843 Eam
814 2791 886 2843 ob
935 2807 1054 2843 rem
1112 2791 1191 2842 sic
1235 2791 1544 2844 continenti
1603 2807 1866 2844 sermone
1914 2790 2101 2860 pergit

411 2860 762 2926 dissertator,
797 2877 930 2928 pag.
978 2863 1112 2915 175:
1152 2864 1393 2915 Primum
1434 2863 1626 2928 igitur,
1664 2861 1855 2929 inquit
1881 2861 1948 2914 de
1991 2861 2095 2914 Ra-

409 2936 659 2993 tramno,
691 2947 851 2984 num.
885 2935 938 2993 8,
979 2936 1212 2998 ﬁguram
1248 2949 1278 2984 a
1312 2933 1534 2985 veritate
1562 2933 1854 2997 distinguit
1884 2937 2100 2986 eatenus

413 3002 556 3069 quod
586 3006 644 3054 in
676 3005 856 3069 ﬁgura
903 3003 1056 3054 aliud
1101 3002 1431 3068 intelligitur
1479 3018 1640 3069 quam
1690 3002 1909 3056 dicitur.
1965 3004 2103 3065 Quo-

413 3075 556 3124 circa
587 3088 679 3125 nec
730 3075 860 3126 vitis
908 3071 1121 3125 Christi
1170 3089 1262 3126 nec
1307 3075 1557 3141 palmites
1603 3075 1851 3140 apostoli,
1891 3075 1992 3126 etsi
2044 3074 2103 3124 in

412 3145 584 3196 sacris
634 3145 854 3209 paginis
885 3143 943 3195 id
991 3159 1178 3197 nomen
1216 3145 1446 3196 habent:
1494 3147 1543 3195 et
1599 3144 1814 3212 quando
1858 3144 2104 3199 Christus

415 3212 619 3266 dicitur
646 3219 806 3266 natus
837 3229 1113 3282 passusve,
1159 3230 1281 3268 vere
1320 3229 1514 3283 passus
1542 3231 1602 3268 ac
1649 3230 1769 3268 vere
1820 3219 1981 3267 nutus
2013 3218 2103 3267 in-

417 3284 697 3348 telligitur,
733 3285 849 3342 hoc.
882 3287 1083 3352 inquit,
1124 3289 1325 3339 veritas
1362 3291 1440 3338 est
1469 3288 1526 3338 in
1574 3289 1906 3350 narratione,
1929 3285 1990 3338 id
2027 3290 2108 3338 est

415 3353 566 3406 nuda
597 3358 646 3406 et
684 3360 876 3421 aperta
923 3371 1108 3408 vocum
1158 3355 1567 3422 signiﬁcatione.
1625 3357 1752 3411 Cum
1797 3363 1959 3423 negat
2002 3355 2106 3407 ibi-

418 3424 538 3477 dem
568 3429 618 3477 et
646 3427 852 3492 passim
882 3428 938 3477 in
986 3430 1092 3479 toto
1141 3441 1314 3493 opere,
1366 3427 1663 3490 praesertim
1696 3441 1841 3478 num.
1900 3428 1986 3488 32,
2021 3425 2108 3477 id-

420 3494 565 3563 quod
589 3500 668 3548 est
709 3498 764 3548 in
809 3497 978 3548 altari
1013 3511 1123 3548 esse
1156 3510 1348 3563 corpus
1398 3497 1616 3548 Christi
1663 3497 1720 3547 in
1752 3497 1998 3560 veritate,
2047 3512 2110 3548 ac

420 3566 591 3618 solum
621 3567 701 3618 ait
722 3581 832 3619 esse
864 3569 920 3618 in
945 3568 1190 3630 mysterii
1213 3569 1414 3633 ﬁgura,
1448 3571 1608 3632 negat
1633 3580 1743 3618 esse
1772 3567 1935 3633 hujus
1967 3568 2110 3619 vocis

420 3651 612 3703 corpus
652 3637 866 3696 Christi
893 3637 1096 3688 nudum
1136 3641 1186 3689 et
1229 3640 1475 3702 apertam
1521 3637 1998 3702 signiﬁcationem:
2026 3651 2108 3688 ne-

419 3712 514 3774 gat
540 3707 776 3771 intelligi
804 3705 990 3758 debere
1019 3707 1162 3773 quod
1191 3706 1395 3760 dicitur
1423 3707 1540 3762 vult
1565 3721 1621 3760 eo
1657 3706 1932 3761 duntaxat
1969 3705 2113 3775 quod

419 3777 615 3831 videtis
640 3791 832 3845 corpus
865 3779 1186 3844 signiﬁcari.

1109 3880 1421 3920 RESPONSIO.

495 3953 616 4005 Non
648 3955 806 4006 tanto
855 3952 1162 4006 verborum
1193 3953 1431 4006 circuitu
1481 3969 1624 4022 opus
1675 3957 1758 4006 est
1795 3970 1895 4007 nec
1925 3969 1988 4006 ex
2021 3969 2111 4006 ca-

421 4023 533 4077 libe
578 4025 768 4077 oleum
827 4024 1144 4090 exprimere
1193 4023 1265 4076 ad
1318 4023 1781 4091 perspiciendum
1833 4024 1970 4093 quid
2011 4040 2114 4092 per

422 4098 654 4159 ﬁguram
704 4100 760 4146 et
798 4097 1077 4146 veritatem
1126 4093 1409 4162 intelligat
1465 4095 1826 4147 Ratramnus.
1872 4095 2112 4147 Mentem

424 4163 575 4216 enim
629 4163 811 4231 aperit
853 4164 1163 4232 clarissime
1212 4178 1371 4216 num.
1418 4168 1448 4216 7
1481 4171 1534 4215 et
1567 4167 1641 4218 8:
1681 4185 1701 4211 ‹
1753 4163 1970 4232 Figura.
2026 4165 2114 4217 in-

424 4233 570 4303 quit,
603 4239 686 4283 est
715 4231 1074 4303 obumbratio
1103 4233 1384 4303 quaedam
1435 4234 1776 4303 quibusdam
1809 4231 2110 4287 velamini-

422 4301 528 4355 bus
561 4302 903 4367 ostendens;
956 4302 1112 4356 verbi
1139 4301 1386 4371 gratia;
1436 4301 1675 4358 verbum
1732 4306 1985 4358 volentes
2027 4305 2112 4359 di-

424 4387 571 4436 cere,
618 4388 824 4441 panem
875 4377 1256 4442 nuncupatus,
1311 4373 1456 4427 sicut
1506 4375 1564 4428 in
1620 4376 1886 4430 Oratione
1928 4376 2113 4430 Domi-

425 4443 549 4516 n-ica
588 4458 791 4516 panem
843 4444 1244 4516 quotidianum
1273 4445 1953 4516 gnobisexpostulamus.
2009 4449 2112 4500 Ve-

2185 557 2549 628 proposuisse
2583 557 2894 612 Ratramno
2927 558 3368 612 examinandam
3400 559 3776 628 intelligimus
3804 575 3869 612 ex

2186 645 2344 684 num.
2389 633 2418 681 5
2459 643 2472 681 :
2507 649 2534 676 ‹‹
2593 628 2752 692 Quod
2783 630 2843 682 in
2878 631 3122 683 Ecclesia
3175 646 3272 682 ore
3325 630 3582 684 ﬁdelium
3631 629 3878 683 sumitur

2187 716 2390 770 corpus
2451 705 2506 752 et
2566 701 2801 770 sanguis
2831 700 3060 766 Christi,
3103 700 3309 771 quaerit
3349 708 3545 753 vestrae
3589 701 3874 769 magnitu-

2187 772 2337 825 dinis
2366 770 2702 824 excellentia
2773 772 2829 824 in
2863 770 3133 836 mysterio
3168 773 3267 824 ﬁat
3313 786 3383 824 an
3417 772 3473 824 in
3536 772 3792 837 veritate,
3822 772 3878 824 id

2187 847 2270 896 est
2331 847 2520 894 utrum
2564 841 2763 895 secreti
2811 845 2961 912 aliqu
2994 843 3021 894 d
3069 843 3356 895 contineat
3385 841 3536 912 quod
3570 843 3749 894 oculis
3779 859 3878 894 so—

2189 914 2483 966 lummodo
2525 913 2655 966 ﬁdei
2685 919 2872 982 pateat
2894 930 2957 966 ac
3005 916 3124 965 sine
3156 929 3544 983 cujuscunque
3598 913 3880 965 velatione

2189 983 2448 1053 mysterii
2489 985 2596 1036 hoc
2653 991 2914 1052 aspectus
2971 985 3262 1037 intueatur
3313 984 3568 1053 corporis
3626 985 3880 1036 exterius

2188 1055 2343 1125 quod
2387 1053 2596 1107 mentis
2628 1055 2779 1107 visus
2834 1055 3069 1123 aspiciat
3099 1055 3358 1121 interius,
3394 1060 3456 1107 ut
3492 1060 3677 1108 totum
3725 1053 3876 1124 quod

2191 1125 2380 1193 agitur
2436 1125 2494 1177 in
2552 1125 3029 1178 manifestationis
3086 1126 3210 1179 luce
3264 1128 3553 1178 clarescat.
3625 1146 3652 1172 ››
3689 1126 3882 1195 Itaque

2189 1212 2318 1250 cum
2400 1196 2744 1249 Ratramnus
2801 1197 3013 1265 passim
3087 1199 3258 1264 negat
3296 1212 3504 1265 Corpus
3558 1196 3765 1248 Christi
3820 1196 3881 1248 in

2191 1266 2541 1320 Eucharistia
2591 1283 2710 1320 esse
2763 1267 2823 1320 in
2878 1270 3122 1332 veritate,
3176 1283 3292 1320 non
3354 1273 3658 1336 propterea
3735 1282 3880 1335 prm-

2190 1340 2418 1391 sentium
2456 1338 2651 1391 realem
2710 1344 3004 1408 pernegat,
3057 1338 3152 1391 sed
3217 1338 3575 1390 solummodo
3633 1353 3879 1407 praesen-

2192 1408 2328 1463 tiam
2371 1408 2652 1461 visibilem
2685 1415 2742 1461 et
2792 1409 2848 1461 in
2904 1424 3104 1462 sensus
3162 1408 3442 1460 humanos
3469 1410 3880 1469 incurrentem,

2193 1479 2406 1532 scilicet
2469 1480 2701 1545 claram,
2784 1480 3167 1548 perspicuam,
3218 1480 3390 1531 nullis
3443 1479 3723 1548 tegetibus
3781 1494 3884 1531 seu

2192 1550 2488 1613 lodicibus,
2536 1552 2671 1602 velis
2705 1555 2801 1602 aut
2851 1550 3049 1618 ﬁguris
3099 1550 3433 1602 involutam.
3465 1551 3524 1602 [n
3557 1566 3625 1602 eo
3657 1565 3766 1601 non
3801 1554 3884 1602 est

2191 1637 2224 1673 a
2255 1625 2443 1674 mente
2475 1625 2532 1673 et
2567 1621 2851 1674 sententia
2880 1621 2932 1674 S.
2969 1621 3253 1673 Paschasii
3288 1622 3527 1673 alienus.
3583 1621 3884 1673 Enimvero

2192 1693 2676 1761 quemadmodum
2730 1692 2917 1761 inquit
2967 1692 3310 1745 Ratrarnnus
3377 1708 3534 1744 num.
3569 1693 3636 1744 49
3672 1708 3684 1744 :
3725 1710 3750 1740 (ι
3785 1691 3885 1744 Se-

2194 1763 2443 1816 cundum
2496 1761 2841 1816 invisibilem
2899 1762 3292 1823 substantiam,
3339 1761 3390 1814 id
3435 1767 3518 1814 est
3551 1761 3726 1814 divini
3784 1776 3883 1830 po-

2129 1841 2169 1894 B
2198 1835 2436 1886 tentiam
2487 1833 2672 1899 Verbi,
2725 1849 2855 1886 vere
2902 1849 3108 1902 corpus
3163 1840 3219 1885 et
3276 1832 3507 1902 sanguis
3539 1832 3745 1886 Christi
3777 1831 3889 1884 exi-

2197 1910 2370 1958 stunt.
2410 1925 2434 1954 ι)
2472 1905 2637 1958 Num.
2682 1909 2748 1957 77
2791 1920 2803 1956 :
2840 1923 2866 1951 ¢
2899 1904 3154 1956 Exterius
3202 1903 3379 1972 igitur
3431 1904 3584 1972 quod
3623 1907 3886 1971 apparet,

2198 1992 2311 2029 non
2334 1980 2413 2028 est
2447 1975 2571 2044 ipsa
2623 1991 2730 2041 res,
2773 1975 2871 2028 sed
2920 1976 3110 2043 imago
3161 1976 3273 2038 rei;
3332 1981 3522 2027 mente
3555 1990 3690 2026 vero
3732 1973 3885 2043 quod

2199 2048 2442 2100 sentitur
2502 2052 2558 2098 et
2613 2045 2971 2115 intelligitur.
3031 2044 3235 2097 veritas
3293 2045 3396 2097 rei.
3455 2065 3482 2095 n
3536 2045 3703 2098 Num.
3765 2048 3825 2097 15
3875 2059 3888 2095 :

2204 2141 2224 2166 ιι
2263 2120 2480 2185 Negare
2508 2132 2711 2186 corpus
2760 2133 2880 2169 esse
2913 2117 3117 2171 Christi
3153 2131 3252 2168 nec
3274 2115 3356 2168 fas
3387 2120 3488 2176 est,
3542 2131 3656 2168 non
3706 2115 3891 2186 solum

2200 2189 2388 2242 dicere
2415 2185 2635 2250 verum,
2671 2189 2840 2241 etiam
2875 2188 3197 2256 cogitare.»
3237 2187 3298 2238 Et
3332 2201 3491 2238 num.
3527 2187 3593 2238 30
3632 2202 3644 2238 :
3679 2205 3706 2235 ‹‹
3735 2185 3894 2238 Tunc

2201 2259 2535 2328 intelligetis
2585 2260 2740 2327 quod
2826 2274 2962 2322 non,
3011 2257 3154 2310 sicut
3202 2257 3463 2328 inﬁdeles
3516 2257 3888 2320 arbitrantur,

2201 2327 2430 2384 carnem
2474 2344 2660 2382 meam
2689 2347 2719 2382 a
2745 2328 3108 2382 credentibus
3150 2327 3582 2391 comedendam,
3612 2327 3708 2380 sed
3757 2342 3892 2380 vere

2201 2418 2306 2471 per
2346 2401 2676 2470 mysterium
2703 2415 2908 2469 panem
2943 2402 2998 2471 et
3029 2399 3221 2471 vinum
3257 2399 3315 2449 in
3349 2399 3608 2471 corporis
3635 2404 3714 2471 et
3769 2413 3895 2449 san-

2203 2468 2534 2541 guinis‘mei
2559 2468 2834 2522 conversa
2875 2469 3285 2541 substantiam,
3335 2468 3756 2541 acredentibus
3799 2485 3893 2520 su-

2204 2534 2432 2596 menda.
2496 2543 2573 2594 [tu
2631 2541 2965 2594 Paschasius
3010 2534 3175 2592 docet
3241 2541 3296 2592 in
3367 2540 3473 2592 hoc
3530 2544 3890 2592 sacramento

2203 2619 2434 2682 ﬁguram
2487 2618 2537 2666 et
2597 2615 2897 2682 veritatem”
2931 2626 3245 2679 permanere
3288 2609 3489 2682 iisdem
3551 2610 3667 2662 fere
3709 2609 3898 2662 verbis

2206 2681 2302 2738 lib.
2359 2684 2427 2736 de
2471 2685 2718 2753 Corpore
2769 2688 2824 2735 et
2879 2681 3166 2748 Sanguine.
3230 2681 3453 2734 Domini
3500 2682 3725 2753 cap._4.
3759 2696 3895 2750 pag.

2209 2756 2389 2831 {5643
2420 2774 2448 2831 ει
2491 2750 2712 2831 Veritas
2763 2768 2899 2831 ergo
2956 2757 3054 2831 est
3089 2753 3224 2804 dum
3276 2768 3500 2831 corpus
3524 2750 3731 2831 Christi
3783 2753 3896 2831 vir-

2206 2832 2325 2879 tute
2357 2824 2599 2894 Spiritus
2653 2824 2710 2876 in
2744 2823 2912 2875 verbo
2953 2823 3130 2892 ipsius
3165 2839 3229 2875 ex
3278 2821 3442 2892 partis
3482 2821 3718 2890 vinique
3760 2821 3896 2894 sub:

2207 2891 2413 2949 stantia
2472 2895 2742 2957 et'licitur;
2805 2891 2991 2961 ﬁgura
3039 2909 3171 2945 vero
3235 2891 3372 2946 dum
3417 2893 3675 2946 sacerdos
3733 2891 3900 2960 quasi

2207 2967 2360 3020 aliud
2407 2966 2657 3019 exterius
2709 2980 2914 3034 gerens
2945 2964 3019 3016 ob
3048 2964 3499 3017 recordationem
3539 2979 3710 3034 sacrze
3778 2979 3904 3032 pas-

2210 3038 2387 3090 sionis
2410 3036 2476 3090 ad
2513 3052 2689 3102 aram,
2721 3033 2870 3106 Quod
2903 3038 3074 3087 semel
3101 3040 3322 3103 gestum
3355 3041 3458 3106 est,
3497 3033 3787 3106 quotidie
3809 3049 3904 3086 tn-

2214 3110 2390 3162 molat
2447 3111 2688 3176 Agnum.
2739 3105 2849 3159 Sed
2916 3107 2964 3158 si
3001 3106 3294 3176 veraciter
3357 3105 3715 3173 inspicimus,
3769 3105 3906 3176 jure

2145 3191 2184 3245 ρ
2215 3179 2383 3232 simul
2417 3175 2624 3231 veritas
2650 3183 2705 3231 et
2729 3178 2914 3245 ﬁgura
2957 3175 3164 3247 dicitur
3197 3180 3291 3241 ;ut
3321 3176 3394 3228 sit
3424 3177 3610 3247 ﬁgura
3643 3177 3723 3228 vel
3771 3175 3902 3228 cha-

2215 3256 2397 3303 racter
2426 3249 2681 3302 veritatis
2713 3247 2865 3317 quod
2897 3246 3144 3300 exterius
3175 3247 3420 3299 sentitur
3449 3246 3708 3300 :veritas
3735 3261 3894 3306 vero,

2215 3320 2495 3390 quidquid
2532 3321 2601 3373 de
2631 3321 2736 3372 hoc
2769 3317 3038 3390 mysterio
3059 3317 3494 3390 interiusgrecte
3553 3317 3906 3390 intelligitur

2215 3387 2313 3442 aut
2334 3387 2626 3442 creditur?
2657 3411 2683 3438 ››
2710 3390 2892 3456 Igitur
2921 3387 3201 3441 Paschasii
3232 3394 3288 3440 et
3321 3388 3614 3441 Ratramni
3644 3403 3757 3439 non
3793 3387 3913 3439 fue-

2215 3467 2353 3514 runt
2392 3461 2628 3512 diversae
2686 3463 3186 3529 repugnantesque
3245 3459 3564 3522 sententiae,
3625 3458 3913 3529 necinter

2217 3547 2274 3584 se
2303 3531 2618 3600 depraeliati
2647 3535 2798 3583 sunt.
2845 3528 2976 3582 Etsi
3029 3530 3180 3582 enim
3232 3529 3562 3600 Paschasius
3602 3528 3916 3582 crediderit

2219 3599 2467 3670 aliquam
2493 3618 2612 3654 esse
2645 3601 2704 3654 in
2729 3600 3076 3654 Eucharistia
3108 3601 3372 3669 ﬁguram,
3420 3599 3799 3652 nihilominus
3825 3616 3915 3651 ca-

2216 3672 2460 3726 tholicus
2512 3677 2631 3726 est:
2697 3671 2839 3742 quin
2871 3671 3043 3724 fuerit
3071 3673 3245 3742 etiam
3285 3673 3629 3725 Ratramnus
3662 3670 3911 3722 dubium

2218 3759 2330 3795 non
2364 3747 2477 3810 est;
2514 3741 2809 3812 nunquam
2835 3742 2986 3793 enim
3038 3741 3177 3793 dixit
3230 3757 3422 3811 corpus
3478 3743 3693 3812 Christi
3716 3742 3919 3812 solum

2217 3815 2274 3867 in
2300 3813 2483 3881 figura
2511 3829 2622 3867 esse
2648 3811 2705 3866 in
2752 3813 3132 3877 Eueharistia,
3189 3812 3270 3864 uti
3331 3812 3383 3865 ei
3437 3811 3659 3864 afﬁnxit
3699 3811 3915 3864 disser-

2218 3888 2368 3938 tator
2389 3901 2517 3953 pag.
2551 3887 2675 3948 175;
2711 3899 2841 3936 nam
2883 3883 3027 3936 hanc
3094 3897 3288 3935 vocem
3347 3898 3517 3936 sonum
3568 3881 3920 3950 excogitavit

2222 3955 2574 4020 dissertator,
2632 3960 2688 4008 et
2721 3954 2779 4006 in
2839 3953 3074 4022 integrae
3115 3959 3169 4006 et
3200 3953 3439 4006 eruditae
3495 3953 3916 4006 lucubrationis

2220 4025 2388 4078 sulcis
2419 4042 2448 4077 ει
2472 4025 2778 4079 Batramno
2804 4023 3044 4094 diductis
3082 4023 3283 4076 nullibi
3317 4024 3582 4077 occurrit.

2292 4097 2376 4150 IV.
2429 4098 2603 4162 Negat
2658 4093 2841 4162 igitur
2870 4111 2988 4148 vere
3052 4095 3164 4148 dici
3190 4110 3362 4163 posse,
3420 4096 3514 4148 hoc
3540 4093 3683 4163 quod
3714 4094 3921 4146 ridetis

2221 4167 2279 4220 in
2346 4167 2516 4219 altari
2554 4168 2668 4231 Dei,
2707 4180 2830 4219 vere
2876 4170 2952 4218 est
2996 4180 3188 4234 corpus
3247 4167 3451 4222 Christi
3505 4164 3650 4233 quod
3719 4169 3924 4217 natum

2219 4242 2402 4361 estt‘egq
2441 4238 2697 4304 Virgine;
2749 4236 2906 4306 quod
2955 4251 3222 4306 expresse
3278 4241 3452 4306 negat
3511 4251 3666 4288 num.
3721 4235 3810 4299 50,
3846 4237 3920 4287 59

2222 4324 2251 4361 e
2415 4345 2430 4361 .

2222 4324 2280 4361 θι,
2312 4324 2430 4361 IUL

2921 4410 3223 4448 RESPONSIO.

427 4513 564 4591 ritas
592 4529 725 4591 vero
760 4515 941 4591 (num.
975 4515 1036 4591 8)_
1079 4514 1286 4591 estrei
1336 4513 1638 4591 manifesta
1680 4518 2109 4591 demonstratio,
2153 4539 2197 4591 ι)
2297 4517 2528 4591 Etiamsi
2559 4517 2728 4591 unica
2772 4517 2841 4570 sit
2894 4517 3232 4571 substiantia
3286 4518 3344 4570 iu
3379 4518 3728 4591 Eucharistia
3758 4518 3922 4572 scili-

424 4583 604 4658 nullis
626 4585 990 4658 tenebrarum
1023 4585 1372 4658 imaginibus
1406 4587 1687 4654 obvelata,
1729 4589 1826 4642 sed
1870 4588 2029 4658 puris
2058 4594 2116 4642 et

425 4655 868 4727 apertistutque
899 4656 1124 4726 planius
1155 4657 1513 4726 eloquamur,
1547 4655 1897 4712 naturalibus
1934 4660 2107 4727 signi-

425 4725 783 4780 ﬁcationibus
827 4725 1132 4790 insinuata,
1183 4725 1380 4797 utpote
1423 4744 1551 4782 cum
1608 4729 1813 4782 dicitur
1855 4725 2108 4783 Christus

422 4801 591 4850 natus
637 4797 707 4851 de
738 4797 991 4865 Virgine,
1023 4813 1240 4866 passus,
1283 4800 1602 4865 cruciﬁxus,
1644 4805 1904 4853 mortuus
1935 4807 1989 4852 et
2019 4817 2108 4853 se-

422 4869 636 4937 pultus.
676 4888 697 4915 ι
730 4869 1001 4938 Adeoque
1052 4885 1282 4923 necesse
1328 4875 1412 4923 est
1442 4887 1570 4923 cum
1615 4870 1695 4922 ait
1743 4887 1901 4924 num.
1956 4872 2022 4924 32
2053 4875 2111 4924 et

424 4937 863 5010 aliisquosdam
911 4937 1018 4992 Sibi
1057 4940 1401 5010 persuadere
1441 4957 1644 5010 corpus
1676 4941 1882 4994 Christi
1914 4939 1973 4993 in
2010 4943 2110 4994 Eu-

423 5008 694 5082 charis_tia
725 5025 868 5082 esse,
903 5025 1009 5082 non
1050 5011 1107 5082 in
1135 5009 1338 5079 ﬁgura,
1369 5011 1464 5064 sed
1491 5008 1553 5064 in
1577 5014 1823 5082 veritate,
1867 5027 1962 5064 eos
1987 5028 2112 5082 Vspe-

422 5085 573 5132 ctare
605 5079 864 5132 homines
913 5080 1013 5150 qui
1051 5080 1110 5132 in
1156 5081 1509 5134 Eucharistia
1546 5081 1764 5134 nullam
1804 5079 2108 5135 obumbra-

423 5150 658 5221 tionem,
694 5151 916 5203 nullum
957 5151 1165 5216 velum,
1208 5152 1424 5204 nullam
1472 5152 1714 5221 ﬁguram
1755 5168 1876 5205 esse
1915 5153 2109 5206 crede-

421 5218 576 5284 bant,
611 5220 705 5273 sed
735 5223 929 5274 omnia
962 5222 1260 5274 manifesta
1292 5226 1349 5273 et
1374 5218 1538 5274 clara'
1557 5227 1768 5291 patere.
1807 5224 1930 5276 Non
1956 5224 2107 5276 enim

423 5305 489 5342 eo
519 5291 930 5346 devolvebalur
972 5292 1231 5362 quaestio,
1255 5307 1428 5362 quam
1468 5292 1803 5347 discutiebat
1843 5295 2108 5348 Hatram-

421 5374 550 5431 _nus,
601 5365 792 5415 utrum
842 5378 1047 5430 corpus
1105 5361 1312 5416 Christi
1367 5377 1560 5416 revera
1616 5379 1710 5416 seu
1761 5365 1998 5431 realiter,
2049 5370 2112 5418 ut

420 5429 739 5501 quuuntur
780 5429 1056 5501 theolOgi,
1105 5431 1161 5485 in
1195 5432 1542 5486 Eucharistia
1571 5434 1856 5498 existeret,
1907 5429 1993 5488 vel
2022 5451 2108 5488 so-

422 5499 718 5575 lummodo
756 5502 816 5557 in
846 5499 1032 5575 ﬁgura
1059 5518 1170 5575 seu
1223 5503 1464 5575 ﬁgurate
1503 5511 1682 5571 esset;
1719 5504 1788 5557 de
1835 5505 1942 5559 hoc
1968 5505 2108 5575 dog-

421 5576 574 5625 mate
606 5573 820 5642 quippe
853 5573 1071 5627 nemini
1111 5573 1328 5628 homini
1367 5574 1608 5628 dubium
1645 5575 1977 5629 subolebat:
2012 5573 2109 5629 sed

419 5644 786 5714 quaerebatur
815 5659 890 5698 an
929 5644 1224 5698 manifeste
1259 5649 1314 5698 et
1351 5645 1498 5700 clare
1529 5645 1704 5700 oculis
1736 5645 2112 5714 subjiceretur

416 5716 474 5786 et
497 5713 850 5786 divideretur
879 5714 1000 5768 sine
1043 5715 1189 5782 velo,
1227 5715 1349 5769 sine
1379 5719 1568 5786 tropo,
1600 5717 1722 5770 sine
1754 5713 1952 5783 ﬁgura,
1987 5715 2109 5770 sine

415 5783 874 5851 obumbratione,
932 5786 1020 5838 vel
1070 5801 1144 5838 an
1201 5783 1489 5841 occultum
1549 5792 1606 5841 et
1667 5787 1934 5853 celatum,
2002 5788 2108 5841 sub

415 5853 636 5906 umbris
670 5868 769 5907 seu
815 5855 1017 5924 ﬁguris
1054 5871 1251 5910 verum
1285 5873 1490 5927 corpus
1533 5857 1780 5912 existens
1825 5857 1881 5910 in
1915 5859 2109 5913 oculos

2223 4594 2329 4654 cet,
2361 4595 2426 4642 ut
2454 4589 2643 4659 inquit
2677 4591 3022 4643 Ratramnus
3056 4605 3214 4641 num.
3256 4592 3338 4654 l6,
3374 4605 3480 4642 non
3525 4591 3636 4642 sint
3675 4589 3928 4644 duarum

2217 4662 2517 4714 existentia:
2540 4675 2720 4713 rerum
2751 4663 2892 4713 inter
2921 4675 2977 4713 se
2990 4659 3348 4726 diversarum,
3382 4664 3773 4712 verumtamen
3795 4675 3930 4714 non

2216 4735 2402 4800 potest
2429 4730 2538 4784 dici
2564 4730 2751 4800 ipsum
2783 4746 2990 4800 corpus
3020 4729 3228 4784 Christi
3258 4731 3318 4783 in
3352 4730 3699 4783 Eucharistia
3730 4729 3929 4784 videri

2217 4817 2318 4853 seu
2334 4801 2526 4854 sensui
2557 4801 2853 4854 oculorum
2881 4800 3102 4868 subjici.
3145 4800 3263 4854 Hoc
3292 4817 3424 4852 vero
3461 4800 3790 4854 Paschasius
3834 4807 3932 4855 at-

2218 4887 2328 4941 que
2359 4887 2556 4924 omnes
2585 4871 2847 4924 catholici
2887 4871 3156 4941 fatentur.
3199 4871 3428 4923 Etiamsi
3459 4871 3634 4939 igitur
3662 4872 3933 4927 rotunde

2216 4940 2452 5011 negaret
2483 4943 2826 4996 Ratramnus
2879 4940 3059 4993 videri
3114 4956 3319 5011 corpus
3350 4941 3555 4995 Christi
3587 4942 3647 4994 in
3700 4942 3934 4997 Eucha-

2216 5010 2394 5077 ristia,
2457 5012 2599 5065 nulli
2642 5010 3072 5082 reprehensioni
3120 5010 3393 5065 obnoxius
3449 5013 3684 5066 efﬁeret.
3717 5013 3930 5067 Enim-

2216 5099 2349 5136 vero
2379 5083 2489 5136 hoc
2527 5083 2680 5152 quod
2709 5081 2956 5135 ’videtur
3000 5081 3060 5134 in
3103 5082 3457 5135 Eucharistia
3490 5088 3576 5136 est
3647 5082 3881 5137 visibile
3914 5103 3931 5151 ;

2217 5169 2420 5223 corpus
2448 5157 2637 5206 autem
2660 5153 2867 5207 Christi
2912 5153 3295 5223 verumquod
3349 5169 3544 5206 revera
3575 5157 3659 5207 est
3709 5153 3766 5206 in
3801 5154 3934 5209 Eu-

2216 5222 2486 5278 charistia
2509 5224 2613 5277 sub
2640 5223 2934 5293 speciebus
2966 5222 3286 5277 visibilibus
3317 5240 3431 5278 non
3462 5228 3546 5278 est
3573 5223 3632 5276 in
3659 5239 3720 5276 se
3767 5225 3936 5280 visui

2217 5294 2578 5364 subjectum:
2623 5310 2758 5364 ergo
2799 5294 2908 5346 hoc
2947 5294 3101 5363 quod
3156 5293 3382 5348 videtur
3432 5294 3491 5348 in
3560 5293 3936 5352 Eucharistia

2216 5363 2335 5435 non
2364 5370 2451 5435 est
2479 5363 2961 5435 corpus’Cbristi;
3018 5365 3234 5435 quippe
3298 5380 3426 5418 cum
3482 5365 3592 5419 hoc
3635 5365 3793 5434 quod
3829 5375 3939 5424 est

2217 5434 2459 5501 visibile,
2504 5450 2608 5489 nec
2636 5434 2697 5487 in
2725 5450 2923 5488 sensus
2951 5441 3137 5504 potest
3167 5434 3488 5496 incurrere.
3532 5451 3648 5488 non
3681 5436 3756 5488 sit
3786 5453 3933 5492 cor-

2218 5521 2324 5574 pus
2349 5505 2578 5578 Christi,
2628 5505 2724 5558 sed
2755 5505 2970 5578 velum,
3005 5506 3229 5566 umbra.
3270 5505 3425 5578 lodix
3461 5511 3537 5578 et
3557 5507 3743 5577 ﬁgura
3775 5524 3931 5578 qua

2217 5575 2467 5646 contegit
2516 5581 2572 5629 et
2623 5576 2830 5630 occulit
2891 5592 3100 5646 corpus
3159 5576 3389 5630 Christi.
3452 5575 3650 5631 Sciunt
3706 5575 3936 5634 omnes

2217 5662 2424 5772 corpus
2477 5647 2682 5701 Christi
2737 5647 2796 5700 in
2824 5653 3181 5700 sacramento
3230 5652 3459 5717 captum
3519 5664 3795 5702 sensuum
3858 5658 3938 5707 et

2217 5733 2320 5770 ocu
2348 5733 2515 5771 orum
2547 5733 2834 5772 sunerare.
2865 5717 2998 5772 auia
3041 5734 3251 5772 cornus
3281 5722 3367 5771 est
3394 5717 3690 5772 snirituale
3736 5724 3789 5772 et
3824 5724 3933 5772 to-

2217 5717 2515 5772 oculorum
2547 5733 2834 5787 superare,
2865 5717 2998 5787 quia
3041 5734 3251 5787 corpus
3281 5722 3367 5771 est
3394 5717 3690 5788 spirituale
3736 5724 3789 5773 et
3824 5724 3933 5774 to-

2219 5794 2331 5842 tum
2376 5789 2666 5858 spirituale
2690 5793 2788 5852 est,
2837 5787 3028 5858 inquit
3073 5787 3437 5854 Paschasiusi
3487 5789 3581 5842 sed
3614 5789 3796 5842 solam
3830 5791 3936 5844 di-

2219 5859 2600 5925 mensionem,
2655 5858 2998 5923 albedinem,
3027 5875 3290 5928 saporem
3348 5866 3405 5913 et
3458 5859 3692 5914 odorem
3723 5864 3936 5917 sensi~
