4148 6180
184 349 313 419 ,185

915 348 1369 405 DISSERTATIO
1408 350 1474 404 IN
1517 352 1648 405 LIB.
1702 352 1792 407 DE
1835 353 2161 408 CORPOHE
2206 354 2291 408 ET
2331 353 2678 408 SANGUINE
2720 353 2986 409 DOMINI.

3611 362 3712 415 186

215 483 314 536 bus
348 481 583 551 percipi,
619 481 727 554 nisi
776 481 920 535 forte
952 480 1247 534 sententize
1270 481 1584 554 recentium
1611 498 1895 551 quorum-
1936 486 1977 537 A
2009 500 2256 554 suosque
2289 483 2465 537 libros
2513 483 2643 543 igne
2678 484 2992 554 absumpsit
3022 501 3211 539 coram
3262 488 3489 542 Nicolao
3520 506 3715 544 secun-

214 554 337 607 dam
374 553 848 622 philosophorum
894 554 1127 620 placeat,
1182 568 1352 621 quam
1396 553 1745 621 amplissime
1795 560 1904 605 tra-

215 625 381 677 ctavit
451 624 516 677 R.
544 625 709 676 Pater
777 625 1016 691 ltlagnau
1058 632 1081 655 ⁸
1144 639 1207 675 ex
1276 624 1473 677 ordine
1539 624 1903 677 Minimorum

215 695 267 749 S.
320 695 604 748 Francisci
652 696 719 747 de
771 695 963 757 Paula,
1021 693 1119 763 qui
1169 694 1512 747 existimavit
1571 697 1746 749 Deum
1804 710 1905 764 per

217 781 555 818 concursum
589 781 759 835 quem
793 766 1037 833 praebuit
1068 765 1202 833 pani
1228 772 1359 817 aute
1390 767 1899 831 consecrationem,

217 836 475 889 eamdem
524 844 652 905 post
693 836 750 887 in
780 838 973 887 oculos
1026 851 1282 888 exercere
1318 837 1627 889 motionem
1678 852 1776 889 seu
1824 838 1904 889 fa-

218 923 340 959 cere
388 907 828 975 impressionem
871 922 1042 975 quam
1086 907 1247 975 panis
1289 914 1344 959 et
1383 924 1575 959 Vinum
1625 907 1908 959 faciebant

218 984 346 1030 ante
405 978 924 1041 consecrationem;
978 977 1061 1029 vel
1119 977 1465 1030 clarissimus
1518 979 1580 1031 1).
1634 979 1904 1041 Hohault,

221 1048 598 1117 philosophus
632 1048 1013 1110 Cartesiauns,
1052 1048 1109 1099 in
1166 1047 1307 1100 libro
1357 1049 1655 1100 vernacule
1696 1049 1906 1115 scripto

222 1121 275 1171 in
322 1136 437 1188 quo
476 1120 656 1183 docet,
709 1135 912 1187 corpus
960 1119 1185 1181 Christi,
1226 1134 1355 1171 cum
1407 1120 1693 1187 integrum
1742 1135 1905 1171 occu-

220 1197 315 1259 pet
389 1193 577 1241 locum
653 1205 821 1256 quem
898 1189 1211 1257 occupabat
1284 1206 1486 1258 corpus
1560 1190 1743 1259 panis,
1822 1207 1910 1241 ea-

221 1263 349 1313 dem
402 1261 702 1329 superficie
758 1260 1169 1312 circumdatum
1221 1278 1320 1313 seu
1371 1260 1567 1313 eadem
1619 1264 1909 1332 περιφέρεια

220 1348 314 1383 seu
403 1331 865 1383 circumferentia
949 1332 1340 1390 terminatum.
1417 1332 1623 1383 debere
1683 1331 1908 1384 eodem

219 1417 456 1470 prorsus
507 1403 673 1453 modo
716 1402 940 1453 afﬁcere
991 1405 1182 1453 oculos
1221 1419 1335 1471 quo
1385 1403 1550 1471 panis
1594 1407 1723 1453 ante
1766 1418 1909 1454 eon-

221 1474 599 1525 secrationem
661 1470 961 1524 afﬁciebat.
1012 1473 1068 1526 Si
1127 1489 1214 1525 res
1240 1470 1335 1525 fita
1385 1490 1441 1524 se
1485 1473 1738 1533 haberet,
1797 1474 1909 1525 du-

220 1543 314 1596 bio
361 1546 565 1611 procul
611 1544 732 1595 haec
780 1543 981 1595 albedo
1023 1548 1079 1594 et
1120 1544 1438 1596 rotunditas
1478 1560 1608 1612 quae
1650 1544 1910 1595 videntur

221 1620 407 1667 essent
454 1614 558 1666 hoc
602 1630 806 1683 corpus
850 1614 1053 1667 Christi
1087 1616 1237 1682 quod
1276 1615 1564 1667 videretur
1594 1619 1650 1667 et
1680 1614 1735 1665 iu
1782 1630 1911 1665 ocu-

221 1685 302 1737 los
363 1685 713 1749 incurreret;
766 1684 864 1737 sed
912 1684 1190 1751 ejusmodi
1232 1685 1426 1753 opinio
1473 1700 1589 1737 non
1646 1684 1905 1748 delectat,

218 1756 275 1808 ni
308 1756 497 1817 fallor,
531 1756 979 1817 dissertatorem,
1012 1756 1129 1807 imo
1164 1756 1443 1809 subtilitas
1486 1756 1597 1807 alia
1644 1754 1909 1817 quaedam

219 1772 275 1808 ui
308 1772 497 1817 iauor,
531 1772 979 1817 dissertatorem,
1012 1772 1129 1807 uno
1164 1772 1443 1809 subtilitas
1486 1772 1597 1807 ana

219 1826 560 1878 scholastica
600 1826 711 1891 ipsi
755 1826 986 1888 arridet,
1029 1826 1241 1878 scilicet
1278 1826 1385 1878 sibi
1433 1772 1677 1895 persuag

220 1912 416 1949 revera
457 1898 550 1949 hoc
582 1896 726 1965 quod
777 1902 873 1959 est,
906 1913 1001 1948 seu
1036 1897 1175 1950 latet
1207 1902 1264 1950 et
1306 1896 1585 1949 occulitur
1627 1897 1685 1948 in
1730 1913 1908 1948 sacra-

220 1974 415 2020 mento
467 1969 539 2019 sit
571 1984 775 2036 corpus
815 1967 1021 2020 Christi
1066 1982 1283 2031 verum,
1326 1983 1423 2019 seu
1456 1967 1644 2036 potius
1683 1967 1755 2019 sit
1787 1967 1905 2035 ipsa

220 2038 537 2091 substantia
588 2038 836 2107 corporis
885 2038 1110 2103 Christi,
1154 2039 1259 2091 hoc
1308 2038 1520 2104 pariter
1566 2037 1716 2106 quod
1760 2038 1911 2088 vide-

220 2114 310 2162 tur
342 2125 468 2161 esse
497 2125 704 2177 corpus
734 2110 920 2174 ipsum
951 2109 1175 2162 Christi.
1236 2110 1341 2162 Sed
1377 2109 1717 2177 respondere
1750 2108 1909 2160 facile

222 2186 303 2232 est
329 2180 711 2231 substantiam
748 2180 1001 2247 corporis
1043 2180 1247 2232 Christi
1294 2196 1414 2231 esse
1462 2195 1655 2232 revera
1691 2179 1751 2231 in
1804 2180 1906 2231 liu-

222 2250 512 2309 charistia,
547 2250 642 2302 sed
693 2266 806 2302 non
836 2255 1140 2318 propterea
1171 2251 1347 2303 oculis
1381 2250 1585 2301 nostris
1624 2265 1687 2301 ac
1727 2249 1911 2301 sensi-

221 2322 325 2373 bus
374 2321 681 2373 obnoxiam
729 2321 907 2373 efﬁeri
962 2337 975 2373 :
1021 2321 1294 2389 quoniam
1350 2320 1595 2373 mirabili
1646 2320 1814 2373 modo
1857 2324 1913 2371 et

220 2398 440 2445 natura;
485 2392 700 2444 viribus
741 2391 1042 2459 superiori,
1096 2392 1181 2444 his
1222 2392 1518 2455 delitescit,
1567 2408 1667 2443 nec
1714 2392 1911 2444 ullate-

222 2479 324 2515 nus
365 2462 631 2514 sensibus
673 2462 886 2531 percipi
926 2467 1127 2531 potest.
1182 2463 1258 2515 De
1305 2462 1525 2530 reliquo
1554 2462 1673 2530 jam
1721 2460 1910 2530 inqui-

223 2532 461 2585 rendum
508 2540 767 2601 superest
816 2549 928 2601 qua
985 2533 1209 2585 ratione
1258 2533 1600 2586 Ratramnus
1654 2548 1913 2601 expresse

219 2603 518 2673 negaverit
563 2620 721 2655 num.
776 2607 863 2667 50,
909 2606 975 2656 352
1025 2609 1083 2656 et
1138 2606 1228 2656 101
1273 2620 1479 2673 corpus
1524 2604 1675 2672 quod
1727 2607 1812 2654 est
1856 2602 1912 2654 in

220 2674 382 2727 altari
426 2690 551 2726 esse
594 2690 802 2743 corpus
857 2675 1043 2743 ipsum
1095 2674 1248 2743 quod
1299 2682 1493 2726 natum
1543 2680 1627 2726 est
1675 2690 1740 2726 ex
1793 2673 1913 2724 Vir-

219 2746 371 2813 gine.
423 2746 582 2813 Nego
628 2762 691 2797 ac
745 2761 995 2815 pernego
1047 2747 1419 2799 Itatramnum
1469 2745 1526 2797 iu
1574 2745 1662 2797 his
1716 2760 1915 2796 nume-

219 2817 293 2868 ris
349 2832 608 2883 unquam
664 2831 899 2884 negasse
956 2832 1161 2884 corpus
1220 2816 1372 2885 quod
1438 2815 1494 2868 in
1564 2815 1918 2869 Eucharistia

219 2888 354 2938 latet
389 2902 513 2939 esse
553 2902 756 2956 corpus
800 2904 868 2940 ex
902 2888 1131 2956 Virgine
1170 2894 1387 2953 natum,
1438 2902 1670 2955 passum
1712 2892 1769 2940 et
1820 2902 1914 2939 se-

222 2957 472 3027 pultum.

289 3028 402 3082 Sed
460 3028 702 3080 rotunde
753 3027 916 3081 fateri
972 3043 1197 3081 necesse
1254 3033 1339 3081 est
1388 3043 1653 3095 magnam
1713 3028 1918 3080 consti-

218 3104 378 3152 tuere
427 3098 811 3151 differentiam
843 3098 1034 3152 habita
1064 3099 1285 3152 diversa
1328 3099 1548 3151 ratione
1582 3100 1727 3151 inter
1768 3100 1916 3151 idem

2011 555 2083 608 do
2119 571 2264 623 papa
2287 571 2439 607 anno
2468 559 2598 609 l039
2641 556 2811 609 fuerit
2858 573 3022 608 verus
3056 563 3108 610 et
3152 559 3432 611 maximus
3465 560 3594 615 ﬁdei
3623 578 3714 614 ca-

2014 627 2237 678 tholicm
2272 626 2535 679 defensor
2565 627 2819 696 adeoque
2852 627 2964 679 ﬁde
3000 629 3273 695 praeditus
3295 636 3452 682 extra
3483 647 3713 685 omnem

2013 696 2396 770 suspicionem
2434 696 2636 770 posita.
2672 702 2753 770 At?
2793 714 2923 770 vero
2957 698 3034 770 sic
3068 700 3219 751 fatur
3249 700 3305 752 in
3360 701 3591 770 Dialogo
3643 703 3713 756 ad

2012 784 2206 820 versus
2261 768 2664 835 Berengarium
2727 769 2793 821 de
2854 768 3257 823 Eucharistia:
3321 790 3347 820 α
3408 768 3547 824 Vere
3598 773 3712 825 dici

2013 854 2176 907 posse
2211 844 2265 889 et
2296 838 2483 907 ipsum
2512 855 2717 905 corpus
2745 841 2894 908 quod
2929 839 2997 891 de
3030 841 3254 908 Virgine
3277 847 3569 909 sumptum
3604 850 3707 906 est,

2013 914 2067 961 et
2096 914 2285 961 tamen
2323 926 2435 961 non
2482 910 2667 977 ipsum
2702 910 2934 979 quidem
2976 918 3252 980 quantum
3289 912 3357 963 ad
3409 914 3711 967 BS>ellii8m

2016 995 2273 1048 veraeque
2310 987 2529 1033 naturae
2562 981 2967 1049 proprietatem
3020 988 3189 1051 atque
3223 983 3489 1035 virtutem
3528 1000 3540 1035 :
3594 1000 3706 1037 non

2016 1056 2204 1122 autem
2250 1051 2295 1101 si
2321 1055 2547 1122 _spectes
2604 1051 2766 1120 panis
2798 1052 3029 1121 vinique
3083 1052 3349 1121 speciem.
3402 1074 3421 1099 ι
3460 1053 3516 1106 Si
3548 1054 3704 1122 ejus—

2016 1120 2171 1173 modi
2221 1120 2385 1172 verba
2426 1123 2575 1189 apud
2630 1122 3000 1175 Batramnum
3054 1120 3698 1187 invenirentur,disser-

2017 1197 2261 1243 tatorem
2297 1208 2475 1261 usque
2525 1193 2591 1245 ad
2626 1193 2994 1245 articulorum
3051 1194 3336 1262 fragorem
3379 1210 3708 1246 commove-

2016 1267 2160 1315 reut.
2225 1262 2320 1315 Sat
2378 1268 2460 1315 est
2530 1264 2838 1317 Ratramno
2914 1264 3145 1334 aliquod
3204 1264 3509 1316 discrimen
3562 1265 3715 1316 inter

2016 1349 2220 1404 corpus
2262 1338 2315 1385 et
2346 1349 2554 1403 corpus
2612 1335 2906 1397 attulisse;
2945 1351 3239 1404 nunquam
3273 1334 3417 1387 dixit
3457 1351 3560 1387 nec
3592 1350 3710 1387 esse

2018 1403 2203 1471 ipsum
2238 1420 2443 1472 corpus
2476 1405 2626 1473 quod
2660 1405 2729 1456 de
2781 1406 2949 1457 Maria
3001 1403 3295 1475 sumptum
3349 1411 3451 1457 est.
3498 1405 3603 1459 Sed
3640 1405 3709 1458 ad

2018 1481 2271 1526 mentem
2311 1476 2603 1527 itatramni
2638 1477 3049 1543 Congruentius
3080 1479 3263 1529 adhuc
3294 1477 3452 1545 loqin
3486 1477 3711 1529 videtur

2018 1545 2214 1597 beatus
2248 1546 2507 1610 Algerus,
2540 1547 2801 1613 egregius
2842 1546 2974 1599 ﬁdei
3006 1547 3270 1599 defensor
3296 1549 3565 1599 adversus
3612 1547 3711 1598 Be-

2020 1616 2367 1687 rengarium,
2399 1617 2434 1669 l.
2468 1633 2477 1668 l
2514 1618 2581 1669 de
2616 1618 2984 1683 Eucharistia,
3019 1635 3140 1686 cap.
3180 1620 3279 1670 l7:
3318 1640 3341 1664 ‹‹
3383 1617 3712 1687 Dupliciter,

2018 1686 2227 1754 inquit,
2262 1687 2490 1755 sanguis
2532 1688 2736 1740 Christi
2792 1696 2848 1740 et
2878 1704 3007 1741 caro
3042 1688 3384 1757 intelligitur
3416 1704 3428 1740 :
3474 1688 3559 1740 vel
3594 1687 3716 1756 spi-

2020 1757 2242 1809 ritualis
2276 1758 2370 1809 illa
2404 1764 2574 1826 atque
2620 1758 2834 1821 divina,
2879 1760 2947 1811 de
2979 1776 3092 1828 qua
3124 1760 3242 1826 ipse
3268 1760 3377 1810 ait:
3414 1760 3550 1813 Caro
3602 1772 3717 1810 mea

1682 1832 1736 1878 et
1778 1842 1905 1877 cum
1951 1840 1987 1892 Β
2018 1843 2136 1880 vere
2157 1832 2234 1880 est
2272 1828 2420 1881 cibus
2450 1834 2499 1880 et
2538 1831 2759 1893 sanguis
2790 1844 2933 1882 meus
2964 1845 3082 1882 vere
3111 1835 3187 1882 cst
3232 1834 3389 1898 potus
3416 1848 3430 1893 ;
3462 1829 3546 1880 vel
3584 1844 3714 1881 caro

2016 1898 2115 1950 illa
2164 1915 2291 1967 qua:
2333 1899 2599 1952 cruciﬁxa
2648 1907 2733 1951 est
2778 1905 2833 1951 et
2865 1900 3096 1969 sanguis
3131 1900 3229 1969 qui
3264 1900 3463 1952 militis
3497 1898 3709 1952 effusus

2018 1974 2103 2021 est
2133 1969 2363 2030 lancea;
2404 1972 2554 2038 quod
2591 1986 2704 2021 non
2738 1970 2943 2023 dixisse
2979 1977 3253 2040 quantum
3306 1969 3372 2022 ad
3421 1970 3706 2040 duplicem

2019 2040 2141 2107 ejus
2172 2040 2548 2092 substantiam
2579 2040 2893 2093 credendus
2926 2039 3030 2101 est,
3066 2042 3159 2092 sed
3194 2046 3471 2109 quantum
3506 2040 3572 2091 ad
3604 2039 3711 2092 du~

2019 2110 2225 2179 pliceni
2252 2110 2374 2179 ejus
2406 2110 2736 2162 substantim
2759 2112 2998 2162 formam
3038 2127 3166 2180 qum
3202 2127 3351 2162 nunc
3379 2110 3436 2162 in
3470 2112 3719 2163 humana

2019 2181 2183 2250 panis
2215 2185 2271 2232 et
2303 2182 2418 2232 vini
2468 2180 2809 2249 intelligitur
2865 2182 3067 2233 forma.
3108 2202 3127 2226 ι
3180 2181 3243 2233 Et
3272 2182 3441 2249 paulo
3475 2180 3714 2232 inferius

2020 2251 2220 2304 eodem
2248 2251 2428 2318 capite
2458 2268 2469 2304 :
2521 2275 2539 2298 α
2576 2253 2799 2319 Species
2831 2257 2883 2303 et
2913 2250 3227 2303 similitudo
3264 2252 3490 2303 illarum
3526 2265 3716 2302 rerum

2021 2322 2401 2374 suntnomina
2430 2338 2558 2391 qua).
2598 2329 2728 2375 ante
2762 2322 3015 2387 fuerunt,
3053 2323 3213 2391 panis
3256 2322 3470 2376 scilicet
3496 2326 3552 2373 et
3579 2320 3717 2391 vini,

2022 2409 2137 2445 non
2170 2392 2425 2461 corporis
2448 2390 2681 2446 Christi.
2734 2394 2952 2462 Corpus
2998 2390 3128 2444 vero
3157 2398 3211 2444 et
3247 2393 3482 2461 sanguis
3514 2390 3717 2444 Christi

2025 2468 2295 2515 vocantur
2344 2465 2728 2532 uuncupative
2778 2482 2844 2515 eo
2904 2464 3211 2516 locutionis
3244 2463 3414 2515 modo
3468 2478 3580 2532 quo
3631 2476 3720 2532 res

2022 2534 2349 2601 signiﬁcans
2377 2536 2515 2586 solet
2548 2531 2631 2588 rei
2660 2535 2988 2604 significatus
3015 2534 3288 2586 vocabulo
3320 2531 3663 2601 nuncupari.
3690 2552 3715 2604 ri

2025 2606 2087 2657 Et
2116 2620 2237 2673 cap.
2282 2607 2367 2658 l8:
2409 2606 2470 2657 Et
2509 2606 2577 2657 de
2609 2602 2959 2658 sacramento
2998 2604 3229 2674 quidem
3277 2604 3441 2672 panis
3501 2609 3556 2655 et
3604 2602 3717 2655 vini

2024 2675 2173 2743 quod
2207 2676 2491 2743 signiﬁcet
2540 2680 2597 2729 et
2627 2678 2699 2729 sit
2727 2679 3107 2745 nuncupative
3138 2691 3345 2744 corpus
3377 2674 3586 2728 Christi
3618 2689 3717 2745 suf

2026 2742 2217 2825 peritis
2243 2746 2461 2825 dictum
2510 2752 2613 2801 est.
2673 2747 2833 2825 Quod
2867 2742 2997 2799 vero
3032 2742 3488 2825 verum—corpus
3514 2742 3720 2823 Christi

2026 2814 2312 2869 invisibile
2344 2822 2473 2885 post
2534 2820 3007 2871 resurrectionem
3065 2817 3138 2869 sit
3176 2820 3596 2868 sacramentum
3638 2814 3721 2866 vi-

2028 2888 2208 2940 sibilis
2247 2888 2502 2957 corporis
2534 2889 2736 2942 Christi
2774 2890 2829 2940 iu
2865 2888 3127 2958 passione
3155 2887 3446 2958 suiipsius,
3481 2891 3723 2958 testatur

2025 2956 2380 3027 Augustinus
2417 2959 2474 3011 in
2527 2960 2668 3011 libro
2710 2956 3135 3012 Sententiarum
3178 2957 3474 3027 Prosperi:
3513 2978 3539 3004 ‹‹
3579 2956 3718 3009 Caro

2029 3031 2152 3097 ejus
2184 3035 2268 3081 est
2330 3045 2501 3098 quam
2540 3030 2728 3082 forma
2769 3029 2932 3099 panis
2965 3035 3222 3098 opertam
3268 3029 3325 3099 in
3368 3030 3723 3099 sacramento

2032 3097 2362 3167 accipimus,
2408 3104 2461 3152 et
2495 3102 2724 3167 sanguis
2764 3097 3082 3176 ejiiquuem
3116 3099 3222 3176 sub
3280 3098 3398 3151 vini
3448 3097 3636 3176 specie
3668 3100 3725 3149 et

217 3186 431 3247 corpus
462 3170 844 3247 quatenus-in
896 3170 1138 3223 Ecclesia
1184 3170 1532 3247 celebratum
1576 3186 1676 3247 per
1711 3175 1917 3238 myste-
1953 3187 1992 3242 (ς
2028 3185 2226 3247 sapore
2262 3175 2545 3237 potamus,
2580 3185 2709 3221 caro
2741 3168 2999 3247 videlicet
3029 3167 3214 3247 carnis
3248 3174 3304 3220 et
3335 3167 3567 3236 sanguis
3606 3182 3724 3245 san-

219 3242 394 3302 riuni,
460 3247 513 3291 et
578 3240 878 3309 prOprium
937 3257 1111 3310 copiis
1157 3257 1257 3293 seu
1312 3240 1755 3310 proprietatibus
1796 3255 1911 3310 core

218 3311 413 3381 poreis
445 3310 711 3363 affectum
753 3312 905 3380 quod
937 3309 1013 3363 ex
1056 3311 1262 3380 Virgne
1293 3309 1464 3366 Maria
1503 3317 1721 3375 natum,
1762 3309 1915 3362 cruci

218 3383 479 3447 aflixnni,
517 3383 831 3449 sepultum,
865 3389 1058 3450 postea
1098 3382 1437 3435 mirabiliter
1470 3382 1690 3445 revixit,
1723 3386 1777 3432 et
1826 3382 1912 3434 in-

219 3454 392 3507 cazlos
442 3453 719 3505 ascendit.
766 3454 891 3506 Haec
942 3454 1264 3522 intelligere
1305 3470 1420 3505 non
1450 3454 1693 3505 arduum
1724 3456 1808 3504 est
1850 3467 1914 3504 ex

220 3540 387 3578 num.
425 3525 493 3576 88
529 3522 587 3575 in
628 3539 742 3591 quo
790 3524 868 3576 sic
906 3524 1056 3576 fatur
1089 3540 1101 3577 :
1141 3544 1168 3574 (ι
1211 3526 1571 3593 Quapropter
1612 3538 1816 3592 corpus
1861 3527 1917 3574 et

220 3594 460 3663 sanguis
525 3594 675 3663 quod
748 3592 807 3646 in
866 3594 1105 3647 Ecclesia
1161 3595 1381 3662 geritur
1438 3594 1629 3648 differt
1683 3594 1753 3646 ab
1820 3594 1916 3645 illo

216 3680 460 3734 corpore
550 3669 607 3717 et
681 3666 957 3732 sanguine
1034 3666 1188 3734 quod
1263 3666 1320 3718 in
1398 3664 1607 3718 Christi
1680 3679 1917 3732 corpore

218 3753 348 3789 cum
384 3734 770 3805 gloriﬁcatum
811 3738 1173 3799 cognoscitur
1206 3752 1218 3789 :
1254 3741 1311 3789 et
1340 3736 1445 3788 hoc
1475 3751 1680 3803 corpus
1713 3736 1917 3805 pignus

221 3812 306 3859 est
334 3811 393 3859 et
444 3806 681 3873 species,
726 3806 866 3858 illud
924 3822 1057 3859 vero
1117 3813 1197 3859 est
1250 3808 1371 3875 ipsa
1408 3807 1631 3858 veritas.
1673 3828 1691 3851 ι
1749 3807 1915 3859 Num.

219 3880 287 3931 89
312 3893 325 3930 :
358 3899 386 3924 α
416 3876 896 3946 Videmusitaque
920 3877 1429 3931 multaditt‘erentia
1447 3877 1918 3945 separarimyste-

220 3950 375 4001 rium
408 3948 667 4015 corporis
686 3952 740 3999 et
766 3948 1059 4015 sanguinis
1104 3948 1310 4000 Christi
1351 3948 1499 4017 quod
1533 3963 1683 3999 nunc
1728 3964 1758 3999 a
1793 3946 1921 3999 ﬁde-

223 4019 374 4071 libus
407 4018 657 4070 sumitur
688 4017 745 4069 iu
780 4018 1040 4081 Ecclesia,
1072 4024 1127 4070 et
1149 4019 1287 4071 illud
1318 4019 1468 4088 quod
1498 4026 1694 4070 natum
1730 4034 1793 4070 ex
1823 4017 1925 4088 Ma-

225 4090 309 4142 ria
357 4088 610 4157 Virgine,
665 4088 820 4156 quod
884 4105 1137 4157 passum,
1192 4087 1346 4159 quod
1402 4089 1710 4158 sepultum,
1769 4087 1922 4157 quod

223 4160 560 4223 resurrexit,
596 4159 749 4227 quod
775 4160 832 4211 in
859 4159 1027 4213 caelos
1053 4160 1327 4226 ascendit,
1351 4160 1501 4228 quod
1532 4160 1600 4211 ad
1630 4159 1919 4211 dexteram

227 4230 416 4284 Patris
448 4231 625 4282 sedet.
665 4253 691 4275 ››
746 4231 887 4283 Num
926 4234 988 4283 97
1028 4247 1040 4284 :
1089 4252 1115 4277 ‹‹
1167 4230 1597 4284 Evidentissime
1648 4236 1925 4282 monstra-

225 4307 351 4354 tum
389 4306 476 4351 est
520 4300 672 4369 quod
706 4302 869 4369 panis
911 4301 1007 4371 qui
1038 4318 1241 4371 corpus
1284 4301 1511 4359 Christi.
1547 4306 1601 4352 et
1632 4300 1773 4352 calix
1824 4299 1923 4368 qui

228 4372 470 4441 sanguis
497 4372 701 4424 Christi
738 4373 1081 4441 appellatur,
1110 4370 1298 4441 ﬁgura
1320 4372 1392 4423 sit
1414 4372 1550 4441 quia
1564 4370 1921 4441 mysterium,

224 4450 283 4496 et
308 4441 467 4512 quod
502 4457 617 4494 non
660 4440 831 4511 parva
862 4440 1179 4497 differentia
1213 4443 1286 4495 sit
1325 4440 1473 4495 inter
1516 4440 1720 4511 corpus
1769 4440 1921 4510 quod

2025 3237 2214 3308 guinis
2260 3244 2699 3292 sacramentum.
2746 3259 2772 3289 ι)
2831 3239 3007 3307 Igitur
3059 3238 3294 3290 minime
3352 3237 3723 3308 consequitur

2025 3306 2398 3364 Ratramnum
2433 3326 2548 3363 non
2601 3310 2709 3362 sibi
2751 3306 3097 3379 persuasisse
3148 3323 3354 3378 corpus
3394 3323 3457 3359 ex
3492 3306 3720 3379 Virgine

2026 3386 2321 3449 sumptum
2354 3381 2414 3433 in
2462 3375 2814 3434 Eucharist'ia
2848 3397 2962 3433 non
3011 3375 3269 3444 existere,
3304 3377 3588 3449 quamvis!
3613 3375 3718 3449 dif-

2024 3446 2322 3505 ferentiam
2379 3452 2737 3505 constituerit
2794 3453 2942 3505 inter
2996 3451 3136 3504 illud
3186 3446 3392 3519 corpus
3441 3447 3592 3519 quod
3655 3446 3723 3500 de

2028 3522 2200 3576 Maria
2233 3526 2528 3591 sumptum
2581 3528 2682 3588 est,
2718 3529 2774 3576 et
2804 3523 3049 3592 idipsum
3083 3521 3231 3592 quod
3263 3517 3320 3592 in
3364 3517 3606 3592 Ecclesia
3634 3532 3723 3592 ce-

2028 3593 2325 3658 lebratur;
2362 3588 2575 3663 quippe
2619 3610 2748 3646 cum
2797 3588 3334 3663 conceptis'verbis
3360 3590 3557 3643 doceat
3598 3588 3725 3641 sub-

2028 3665 2296 3716 stantiam
2329 3661 2593 3733 panis'et
2640 3666 2753 3716 vini
2784 3680 2903 3717 esse
2950 3679 3277 3716 conversam
3322 3661 3380 3715 in
3431 3676 3634 3728 corpus
3668 3663 3724 3711 et

2029 3735 2370 3799 sanguinem
2404 3734 2632 3800 Christi,
2654 3738 2810 3795 nefas
2832 3750 2940 3787 esse
2970 3750 3073 3786 non
3095 3735 3263 3786 solum
3293 3747 3509 3797 negare,
3542 3744 3725 3783 verum

2027 3808 2191 3858 etiam
2216 3808 2451 3868 cogitare
2497 3820 2602 3857 non
2645 3820 2754 3857 esse
2783 3820 2974 3873 corpus
3007 3806 3219 3856 Christi
3245 3820 3257 3867 ;
3294 3803 3559 3870 dicatque
3591 3816 3723 3873 cor-

2028 3892 2135 3945 pus
2167 3876 2453 3928 nominari
2498 3885 2555 3927 et
2605 3876 2845 3928 existere
2872 3871 2951 3927 'ut
3000 3890 3173 3942 supra
3203 3874 3575 3945 ostendimus.
3618 3871 3719 3923 Ea-

2029 3944 2157 4000 dem
2212 3963 2447 4016 prorsus
2490 3945 2772 3999 habentur
2822 3945 2972 4014 apud
3021 3946 3268 3997 Yvonem
3321 3944 3726 4016 Carpotensem

2031 4017 2088 4069 in
2135 4012 2374 4085 epistola
2413 4016 2478 4069 ad
2532 4012 2873 4083 Finardum,
2916 4020 2970 4067 et
3010 4020 3177 4067 antea
3216 4014 3377 4085 apud
3416 4012 3725 4085 iRahanum

2033 4084 2288 4141 Maurum
2311 4088 2367 4140 in
2393 4087 2632 4155 epistola
2654 4089 2719 4139 ad
2757 4086 3122 4141 Ileribaldum
3165 4084 3721 4155 Altissiodorensem,

2032 4175 2205 4227 quam
2268 4153 2481 4227 publici
2532 4158 2679 4226 juris
2750 4158 2878 4211 fecit
2927 4156 3285 4209 doctissimus
3335 4153 3643 4227 Baluzius,_
3676 4157 3731 4204 et

2032 4223 2205 4297 quam
2228 4223 2297 4281 ab
2325 4228 2481 4281 omni
2510 4223 2607 4281 aut
2636 4228 2865 4281 haeresis
2896 4233 2992 4280 aut
3023 4227 3231 4279 erroris
3274 4226 3591 4297 suspicione
3622 4223 3731 4276 for-

2034 4296 2166 4352 t’iter
2195 4300 2499 4353 vindicavit
2552 4315 2728 4352 rever.
2792 4301 2953 4353 Pater
3012 4297 3367 4352 Christianus
3424 4296 3609 4365 Lupus
3638 4310 3730 4365 or-

2036 4370 2185 4423 dinis
2242 4372 2296 4423 S.
2357 4370 2681 4439 Augustini,
2733 4386 2905 4422 sacra:
2954 4369 3278 4439 Thcologim
3326 4364 3613 4439 professor
3673 4364 3729 4417 in

2032 4442 2339 4494 Academia
2389 4437 2744 4503 Lovaniensi,
2798 4440 2857 4492 in
2901 4438 3301 4492 dissertatione
3337 4437 3529 4489 dedita
3561 4451 3733 4502 opera

226 4507 345 4582 [δι”
365 4507 699 4580 mysterium
737 4512 922 4565 existit
951 4519 1006 4565 et
1053 4530 1260 4583 corpus
1291 4513 1441 4582 quod
1483 4507 1709 4581 passum
1756 4507 1837 4564 est
1864 4517 1920 4564 et
1959 4514 2002 4567 D
2030 4512 2099 4564 ad
2148 4512 2587 4583 explicationem
2632 4510 3094 4583 testimoniorum
3121 4508 3502 4583 quorumdam
3534 4507 3590 4559 S.
3618 4507 3728 4583 Ῥᾷ-

224 4585 520 4653 sepultum
582 4585 906 4636 resurrexit.
958 4605 982 4631 ››
1040 4582 1174 4636 Ecca
1223 4585 1392 4636 verba
1436 4584 1678 4636 debebat
1734 4582 1919 4652 specie

226 4654 482 4724 quadam
515 4655 749 4706 rationis
778 4670 843 4706 ex
869 4654 1093 4722 scriptis
1133 4656 1427 4708 Ratramni
1461 4654 1776 4706 exscribere
1822 4654 1929 4705 dis-

226 4730 477 4805 sertator
526 4740 557 4805 ς⁵
584 4740 658 4803 εχ,
689 4725 893 4805 quibus
928 4726 1245 4805 potuisset,
1287 4742 1401 4805 non
1448 4725 1666 4805 violatis
1709 4724 1929 4792 legibus

225 4795 692 4848 ratiocinationis
740 4795 1067 4861 dialecticae,
1130 4796 1497 4865 comprobare
1556 4796 1927 4849 Ratramnum

226 4882 344 4918 non
388 4866 703 4919 credidisse
758 4882 963 4935 corpus
1014 4867 1167 4935 quod
1214 4867 1273 4919 in
1327 4866 1567 4919 Ecclesia
1611 4866 1929 4919 celebratur

223 4936 488 5007 idipsum
547 4952 667 4989 esse
725 4937 880 5005 quod
921 4937 981 5007 in
1027 4943 1188 4989 utero
1230 4937 1479 5005 Virginis
1538 4936 1924 4999 efformatum,

225 5006 386 5060 cruci
416 5008 674 5072 affixam,
702 5014 756 5060 et
788 5006 1076 5075 sepultum
1114 5011 1310 5077 postea
1342 5006 1566 5060 revixit.
1611 5008 1722 5060 Hoc
1753 5007 1930 5075 igitur

224 5078 283 5131 in
315 5084 575 5131 mentem
604 5078 989 5130 dissertatoris
1020 5081 1133 5148 jam
1182 5077 1569 5131 iutromittere
1616 5094 1719 5130 nos
1744 5078 1924 5145 juvat,

223 5154 402 5219 atque
425 5150 550 5214 ejus
591 5149 981 5217 intelligentiae
1022 5150 1299 5217 subjicere
1339 5150 1485 5201 hanc
1515 5150 1770 5216 ejusdem
1804 5164 1927 5201 cor-

226 5220 387 5287 poris
432 5220 842 5284 differentiam,
888 5219 1157 5272 inviolata
1197 5224 1250 5272 et
1283 5221 1507 5287 integra
1556 5224 1929 5287 permanente

226 5291 298 5342 de
348 5290 661 5359 praesentia
705 5291 823 5342 veri
888 5290 1144 5360 corporis
1188 5294 1246 5343 et
1292 5290 1591 5359 sanguinis
1637 5290 1843 5344 Christi
1871 5290 1929 5342 in

228 5360 592 5414 Eucharistia
625 5360 885 5414 Ecclesiae
916 5362 1209 5414 catholicae
1251 5361 1388 5415 ﬁde.
1432 5360 1658 5413 Nemini
1704 5360 1929 5414 homini

227 5431 534 5484 dubitandi
566 5432 723 5483 locus
753 5432 979 5485 relictus
1020 5439 1105 5485 est
1140 5432 1279 5501 quin
1308 5430 1673 5493 Lanfrancus,
1707 5432 1927 5484 archie-

228 5501 499 5572 piscopus
544 5502 987 5567 Cantuariensis,
1052 5502 1398 5557 fortissimus
1452 5502 1778 5572 Berengarii
1827 5502 1924 5555 ad-

228 5574 538 5640 versarius,
570 5575 732 5641 cujus
764 5573 1135 5643 instigatioue
1179 5590 1280 5627 sua
1314 5574 1638 5643 sphalmata
1688 5572 1931 5643 ejuravit

299 5776 325 5801 ³
355 5765 657 5837 Appendix
690 5765 762 5821 ad
807 5765 1194 5838 Philosphiam
1225 5782 1461 5821 sacram.

2038 4587 2188 4634 trum
2221 4577 2617 4650 spectantium
2668 4582 2734 4633 ad
2809 4581 3075 4634 haeresim
3126 4578 3493 4650 Berengarii,
3553 4577 3731 4650 relata

2037 4656 2193 4704 tomo
2225 4647 2517 4703 Vsuarum
2554 4658 2815 4704 notarum
2848 4652 2916 4704 ad
2966 4648 3238 4711 Concilia,
3291 4664 3418 4718 pag.
3470 4650 3590 4712 3l7,
3625 4647 3731 4699 im-

2037 4739 2228 4792 presso
2264 4723 2539 4775 Bruxellis
2571 4738 2721 4774 anno
2746 4722 2950 4777 Christi
2992 4723 3141 4774 1672.

2108 4794 2168 4844 V.
2202 4795 2366 4846 Num.
2408 4796 2506 4846 l0:
2541 4794 2735 4851 Claret.
2788 4791 2978 4859 inquit
3011 4792 3362 4855 dissertator,
3403 4790 3535 4857 quia
3572 4788 3731 4859 panis

2036 4864 2126 4916 ille
2198 4866 2488 4931 imumque
2548 4868 2780 4931 ﬁgurate
2837 4858 3043 4918 Christi
3115 4875 3306 4929 corpus
3380 4866 3429 4912 et
3508 4858 3731 4921 sanguis

2035 4937 2243 4988 emistit.

2728 5027 3041 5066 RESPONSIO.

2107 5127 2243 5192 Quis
2284 5127 2503 5181 dubitat
2551 5125 2743 5196 aliqua
2793 5125 3023 5196 dicendi
3074 5127 3129 5177 et
3179 5120 3461 5175 scribendi
3512 5118 3734 5172 ratione

2038 5216 2136 5252 seu
2167 5215 2376 5269 genere
2434 5194 2663 5266 panem‘
2688 5202 2743 5250 et
2770 5196 2963 5249 vinum
2998 5194 3239 5264 ﬁgurate
3274 5207 3479 5316 corpus
3518 5195 3573 5243 et
3605 5205 3735 5242 san-

2038 5270 2269 5316 guinem
2332 5269 2535 5316 Christi
2607 5268 2847 5316 exister’e
2873 5266 2899 5316 ?
2960 5264 3313 5316 Paschasius.
3410 5261 3734 5316 anfrancus.

2036 5261 2271 5339 guiném
2328 5261 2537 5341 Christi
2607 5266 2899 5341 existere?
2960 5261 3331 5341 Paschasiust
3369 5261 3734 5341 Lanfraucus,

2036 5333 2412 5396 Cuitmondus
2441 5344 2496 5393 et
2524 5356 2722 5393 omnes
2768 5339 2987 5409 antiqui
3021 5344 3078 5389 et
3125 5333 3467 5409 recentiores
3506 5333 3613 5385 viri
3643 5348 3735 5385 ca-

2035 5412 2233 5465 tholici
2295 5413 2441 5464 ultro
2514 5409 2787 5469 fatentur.
2864 5407 3181 5463 dummodo
3251 5421 3445 5458 revera
3526 5419 3732 5472 corpus

2037 5483 2245 5537 Christi
2273 5482 2512 5535 interius
2543 5486 2599 5534 et.
2640 5481 2743 5534 sub
2777 5480 3096 5550 speciebus
3121 5476 3735 5550 contineri_recognos-

2035 5559 2211 5606 catur.
2266 5554 2381 5607 Hoc
2434 5569 2566 5605 vero
2607 5547 2893 5621 conceptis
2943 5548 3131 5621 verbis
3182 5548 3347 5621 docet
3394 5547 3737 5621 Ratragmnus

2038 5640 2195 5677 num.
2225 5626 2285 5678 9:
2325 5646 2343 5672 ε
2381 5622 2640 5694 Exterius
2683 5617 2916 5694 quidem
2974 5617 3343 5694 panis__quod
3392 5624 3523 5671 ante
3554 5617 3739 5694 fuerat

2034 5695 2218 5748 forma
2276 5688 2912 5765 praetenditurfcolor
2962 5688 3300 5765 ostenditur,
3358 5704 3529 5765 sapor
3584 5688 3733 5765 acci-

2035 5766 2191 5836 pitur
2216 5782 2229 5819 :
2263 5758 2349 5818 ast
2374 5764 2612 5818 interius
2648 5758 2821 5837 longe
2846 5763 2997 5819 aliud
3022 5762 3206 5817 multo
3236 5758 3551 5833 pretiosius
3577 5758 3733 5812 mul-
