4148 6180
379 301 475 372 ιεῑ

375 500 515 560 ιιιιῖιι
567 521 793 577 quoque
826 501 974 572 quod
1023 500 1359 554 sacerdotali
1406 501 1828 577 co‘nsecratione
1850 500 2071 577 Christi

375 571 608 646 sanguis
635 571 895 646 efficitur,
959 577 1377 646 sacramentum
1408 571 1563 625 aliud
1600 571 2070 641 superﬁcietenus

376 642 639 708 oste'ndit,
668 644 822 697 aliud
856 643 1097 695 interius
1126 642 1403 696 continet.
1439 662 1465 692 ia

445 718 528 769 Vl.
569 717 630 768 Et
662 730 820 767 num.
866 717 926 767 t9
982 713 1173 782 inquit
1209 713 1560 777 dissertator,
1599 727 1725 782 pag.
1758 714 1882 775 29t,
1931 711 2066 765 edit.

370 786 704 850 Amstelod.,
740 785 892 837 linea
929 787 1010 843 t8.
1042 786 1098 836 iu
1132 785 1341 836 colum.
1379 790 1570 835 exter:
1606 785 1719 837 Non
1768 788 1896 835 sunt
1925 783 2067 836 idem

369 856 513 924 quod
559 856 873 909 creduntur.
948 857 1074 922 Quae
1129 857 1416 919 sententia,
1478 857 1526 907 si
1575 855 1796 922 praecise
1844 871 1906 906 ac
1955 855 2071 906 sola

367 931 653 994 spectetur,
706 929 922 980 tametsi
971 926 1302 994 probabilem
1351 925 1544 977 habere
1597 931 1768 992 potest
1825 926 2068 976 intellec-

370 1003 502 1063 tum,
549 1013 664 1051 cum
721 1013 777 1050 eo
825 1008 1000 1050 (auten
1057 997 1277 1050 consilio
1332 999 1649 1062 proferatur
1688 1000 1746 1047 ut
1796 996 2070 1048 catholicae

371 1068 493 1121 huic
539 1072 655 1121 voci
683 1068 1015 1120 adversetur.
1065 1067 1188 1120 Hoc
1242 1067 1386 1133 quod
1424 1067 1639 1119 videtur
1687 1069 1745 1118 in
1775 1067 1946 1119 altari
1988 1068 2068 1119 est

369 1154 562 1208 corpus
594 1140 816 1203 Christi,
838 1141 1104 1207 pestifera
1127 1142 1203 1191 est
1243 1140 1478 1191 hxresis.

1063 1275 1377 1313 RESI’ONSIO.

443 1369 600 1423 Unde
630 1367 965 1421 dissertator
1017 1366 1233 1436 accepit
1288 1371 1344 1419 et
1399 1381 1462 1418 ex
1501 1364 1725 1436 quibus
1771 1366 2063 1419 Batramni

286 1481 297 1494 .
368 1441 554 1492 verbis
577 1439 920 1492 intellexerit
950 1455 1016 1491 eo
1046 1435 1286 1490 consilio
1315 1435 1603 1504 scripsisse
1633 1452 1738 1489 non
1769 1442 1894 1489 sunt
1922 1437 2062 1490 idem

370 1510 514 1578 quod
559 1515 852 1563 cernuntur
899 1515 948 1562 et
997 1511 1140 1576 quod
1169 1508 1482 1572 creduntur,
1538 1512 1597 1559 ut
1636 1508 1909 1560 catholicx
1938 1508 2062 1560 huic

367 1584 484 1633 voci
513 1581 914 1645 adversaretur,
946 1582 1052 1632 Hoc
1082 1579 1226 1648 quod
1255 1579 1470 1631 videtur
1519 1579 1575 1629 in.
1630 1578 1799 1630 altari
1825 1584 1902 1630 est
1947 1595 2056 1631 cur-

365 1667 470 1720 pus
529 1653 752 1716 Christi,
798 1651 939 1703 nihil
984 1651 1138 1702 enim
1191 1648 1345 1701 aliud
1390 1649 1509 1700 vult
1563 1649 1902 1720 Ratramnus
1952 1649 2060 1701 nisi

368 1718 570 1791 corpus
628 1721 833 1776 Christi
887 1720 1039 1790 quod
1079 1735 1294 1791 revera
1344 1720 1446 1791 sub
1501 1718 1796 1791 speciebus
1825 1719 1974 1791 latet
2007 1723 2062 1772 et

369 1788 557 1844 existit
585 1792 640 1845 in
699 1791 864 1844 altari
905 1788 1024 1844 non
1073 1790 1364 1843 incurrere
1413 1790 1471 1842 in
1525 1790 1736 1854 oculos,
1793 1788 1908 1841 sive
1943 1806 2059 1842 non

368 1878 487 1913 esse
519 1863 814 1915 oculorum
864 1878 1032 1914 sensu
1081 1861 1397 1930 subjectum
1440 1859 1555 1912 sive
1599 1859 1837 1912 visibile.
1896 1859 2055 1923 Quod

367 1933 610 1985 rotunde
663 1935 933 1993 fatentur,
970 1939 1180 2000 praeter
1231 1931 1507 2002 quosdam
1551 1931 1899 2002 recentiores
1930 1931 2057 2002 phi-

365 2003 652 2072 losophos,
685 2019 882 2056 omnes
911 2002 1210 2072 Theologi,
1251 2001 1373 2054 imo
1430 2016 1628 2053 omnes
1658 2001 2059 2055 hominesuec

366 2071 558 2126 mente
590 2089 692 2125 nec
738 2073 916 2126 oculis
970 2073 1136 2141 capti.
1195 2071 1298 2125 Sed
1359 2087 1449 2141 res
1507 2071 1765 2139 exemplo
1817 2072 2059 2125 faciliter

365 2143 570 2196 confici
598 2149 816 2211 potest;
846 2143 1002 2194 verbi
1041 2140 1256 2208 gratia,
1289 2141 1334 2193 si
1366 2140 1570 2193 horum
1601 2141 1903 2194 verborum
1934 2143 2058 2195 loco

365 2229 470 2266 non
501 2219 628 2266 sunt
655 2213 796 2264 idem
844 2212 988 2280 quo-1
1015 2217 1306 2265 cernuntur
1352 2217 1402 2263 et
1441 2211 1584 2279 quod
1630 2211 1943 2273 creduntur,
1980 2213 2060 2265 di-

366 2283 543 2336 xisset
577 2283 938 2346 Ratranmns,
980 2298 1084 2335 non
1114 2288 1239 2335 sunt
1275 2282 1417 2335 idem
1461 2281 1605 2349 quod
1643 2288 2061 2350 corrumpuntur

366 2359 414 2405 et
463 2353 607 2420 quod
659 2353 966 2411 creduntur.
1001 2369 1107 2405 non
1162 2359 1287 2406 sunt
1336 2352 1479 2405 idem
1529 2353 1673 2421 quod
1703 2357 1760 2405 in
1802 2369 2059 2407 secessum

365 2425 656 2478 mittuntur
673 2429 723 2476 et
751 2423 894 2490 quod
915 2423 1226 2487 credantur,
1259 2438 1364 2476 non
1394 2427 1521 2476 sunt
1549 2423 1689 2476 idem
1719 2423 1864 2491 quod
1890 2427 2057 2489 fran-

364 2501 569 2560 guntur
620 2503 670 2547 et
703 2494 846 2562 quod
897 2493 1229 2547 creduntur:
1263 2493 1548 2563 objectare
1600 2494 1932 2562 neutiquam
1963 2511 2058 2546 au-

367 2565 528 2617 deret
557 2564 889 2616 dissertator
920 2564 1021 2616 has
1062 2565 1494 2634 propositiones,
1532 2564 1759 2616 tametsi
1791 2565 2055 2634 probabi-

367 2635 479 2687 lem
515 2635 724 2688 habere
780 2635 1001 2704 possint
1041 2635 1391 2688 intellectum
1450 2639 1492 2686 si
1547 2635 1783 2702 prascise
1817 2641 1872 2687 et
1924 2637 2059 2688 solas

367 2711 716 2774 spectentur,
753 2721 882 2759 cum
913 2722 981 2758 eo
1019 2705 1259 2758 consilio
1314 2705 1680 2775 proferantur
1711 2711 1776 2758 ut
1820 2707 2057 2759 catholi-

366 2778 444 2828 cis
473 2775 560 2828 his
612 2775 844 2829 vocibus
877 2776 1275 2829 adversentur:
1331 2776 1454 2829 Hoc
1493 2775 1636 2843 quod
1686 2778 1974 2842 frangitur
2002 2780 2080 2830 in-

365 2848 535 2900 altari
562 2852 639 2899 est
675 2861 891 2914 corpus.
923 2846 1173 2910 Christi;
1208 2847 1303 2900 hoc
1329 2845 1472 2916 quod
1528 2849 1585 2898 in
1625 2861 1884 2901 secessum
1926 2851 2060 2901 mit-

366 2918 504 2970 titur
525 2922 604 2972 est
630 2932 822 2984 corpus
853 2918 1086 2970 Christi.
1130 2919 1237 2970 Hoc
1289 2916 1432 2986 quod
1454 2918 1511 2969 in
1543 2917 1713 2970 altari
1753 2921 2060 2986 corrumpi-

367 2993 570 3041 tur.....
613 2988 881 3040 Pestifera
913 2994 998 3040 est
1028 2987 1277 3051 haeresis,
1315 2987 1584 3058 quoniam
1615 3003 1822 3058 corpus
1850 2990 2058 3043 Christi

366 3074 479 3112 non
529 3064 718 3124 potest
755 3059 1069 3127 corrumpi,
1127 3073 1235 3110 nec
1287 3058 1344 3110 in
1393 3072 1678 3111 secessum
1735 3059 1904 3124 mitti,
1953 3076 2056 3112 nec

1076 291 1531 350 DISSERTATIO
1573 293 1638 347 IN
1682 291 1818 346 LIB.
1871 291 1957 347 DE
1997 244 2321 348 CORPCRE
2383 291 2468 346 ET
2518 288 2860 344 SANGUINE
2913 289 3169 345 DOMINI.

373 439 545 508 toque
601 431 971 508 excellentius
1021 427 1355 508 intimatur;
1397 448 1424 480 ν
1462 431 1522 483 Et
1581 445 1740 508 nuru.
1782 431 1939 508 l0:__«
1975 428 2066 508 _Vi-.
2105 431 2143 481 Α
2181 426 2275 508 sed
2308 427 2462 481 aliud
2489 425 2639 508 quod
2676 442 2957 508 non-esse
2991 426 3306 508 secundum
3333 425 3656 508 Iporopriarn‘
3678 441 3874 508 e_ssen-
3928 440 3930 442 ·
3982 433 3994 442 ’

3780 293 3877 344 188

2183 499 2319 551 tiam
2351 495 2683 551 cernuntur.
2723 519 2749 546 ι
2792 497 2866 550 Ex
2906 497 2992 550 his
3021 498 3174 550 enim
3207 495 3584 566 intelligimus
3617 497 3878 550 Butram-

2179 585 2318 622 num
2371 585 2486 622 non
2537 569 2862 639 repudiasse
2895 567 3617 639 transsubstantiationem,
3654 569 3875 636 quippe

2179 655 2307 693 cum
2351 640 2472 693 huic
2504 638 2757 692 assumat
2783 639 2852 692 ad
2883 638 3339 691 concludendum
3383 655 3478 691 eos
3516 638 3619 707 qui
3655 641 3877 691 nollent

2180 727 2589 780 reCognuscere
2636 711 2692 762 in
2742 710 2909 762 terris
2961 710 3338 762 mutationem
3384 724 3505 762 esse
3552 711 3758 762 factam
3815 710 3876 762 in

2183 779 2554 845 Eucharistia,
2620 781 2955 849 neutiquam
3007 796 3139 832 vero
3199 781 3259 832 in
3308 779 3376 832 iis
3439 795 3568 849 qua:
3619 780 3874 832 exterius

2182 854 2478 905 manifesta
2544 858 2696 916 sunt,
2755 852 2823 904 ad
2891 851 3183 916 angustias
3242 851 3560 919 constringi
3620 850 3876 920 negandi

2179 939 2386 992 corpus
2437 922 2642 975 Christi
2701 921 2760 974 in
2809 927 3164 992 sacramento
3215 921 3478 983 existere,
3543 923 3693 990 quod
3754 937 3876 974 non

2177 990 2298 1046 sine
2329 993 2567 1046 crimine
2612 993 2722 1046 dici
2779 998 2877 1044 aut
2924 990 3161 1062 cogitari
3211 996 3418 1059 potest.
3455 1013 3482 1039 ι(
3513 996 3625 1044 Aut
3650 992 3716 1054 si,
3781 993 3872 1044 in-

2177 1064 2322 1132 quit,
2376 1063 2632 1132 protiteri
2684 1062 2994 1126 noluerint,
3046 1063 3472 1130 compelluntur
3523 1078 3874 1131 negarecor-

2175 1150 2281 1202 pus
2309 1152 2426 1187 esse
2466 1136 2800 1203 sanguinem
2828 1133 3034 1187 Christi
3069 1148 3081 1185 :
3120 1133 3274 1202 quod
3308 1135 3467 1185 nefas
3501 1142 3585 1186 (st
3616 1149 3731 1186 non
3773 1150 3870 1185 so—

2175 1207 2292 1258 lum
2321 1206 2527 1264 dicere,
2566 1221 2758 1257 verum
2783 1207 2953 1256 etiam
2987 1203 3257 1273 cogitare.
3285 1224 3311 1250 ››
3350 1205 3461 1271 Ego
3510 1219 3648 1256 vero
3678 1206 3864 1256 fateor

2173 1276 2416 1329 libenter
2448 1292 2536 1328 me
2568 1275 2709 1328 nihil
2751 1275 3095 1327 intellexisse
3128 1290 3382 1344 unquam
3407 1275 3537 1328 tidei
3567 1275 3867 1327 catholicae

2172 1347 2607 1400 convenientius
2652 1362 2824 1416 quam
2860 1361 3085 1398 necesse
3127 1361 3249 1397 esse
3298 1361 3695 1412 recognoscere
3733 1362 3867 1414 per-

2172 1423 2356 1470 actam
2415 1419 2474 1470 in
2527 1425 2881 1470 sacramento
2942 1416 3306 1469 Eucharistiae
3373 1417 3746 1468 mutationem
3809 1416 3866 1467 in

2171 1505 2371 1540 sensus
2413 1488 2697 1541 humanos
2756 1487 2992 1539 minime
3046 1487 3454 1548 incurrentem,
3507 1487 3592 1539 vel
3652 1501 3866 1553 negare

2168 1574 2374 1628 corpus
2407 1559 2613 1612 Christi
2647 1574 2841 1611 revera
2877 1557 2936 1610 in
2970 1558 3072 1610 hoc
3118 1564 3474 1610 sai-ramento
3527 1557 3861 1617 consistere,

2169 1629 2320 1698 quod
2355 1631 2512 1682 nefas
2550 1629 2621 1682 sit
2671 1645 2782 1682 non
2822 1630 3009 1681 solum
3051 1629 3259 1692 dicere,
3313 1643 3512 1680 verum
3542 1630 3715 1680 etiam
3765 1644 3865 1680 co-

2213 1701 2372 1753 itare.

2421 1769 2624 1839 (Ibid.)
2655 1771 2749 1824 Sic
2794 1784 2948 1822 num.
3014 1771 3096 1822 t8.
3154 1766 3469 1836 mysterium
3508 1771 3864 1838 proprietati,

2168 1842 2262 1895 hoc
2299 1847 2377 1894 est
2422 1843 2658 1910 propria:
2702 1855 2879 1893 rerum
2926 1842 3186 1905 essentia,
3237 1843 3478 1908 opponit.
3527 1841 3658 1895 Cum
3699 1846 3869 1906 negat

2167 1915 2340 1978 igitur
2386 1927 2578 1980 corpus
2625 1911 2831 1966 Christi
2871 1912 2926 1963 in
2970 1926 3153 1964 mensa
3205 1910 3490 1964 Dominica
3532 1913 3764 1964 existere
3805 1912 3869 1962 in

2166 1987 2413 2048 veritate,
2448 1988 2609 2050 negat
2648 1985 2704 2034 in
2741 1984 2968 2050 propria
2998 1983 3228 2035 essentia
3248 1983 3501 2035 existere.

2858 2102 3171 2142 RESPONSIO.

2239 2193 2578 2264 Neutiquam
2611 2193 2851 2263 opponit
2879 2209 2946 2246 eo
2975 2192 3084 2246 loci
3119 2192 3530 2262 proprietatem
3563 2193 3863 2263 mysterio,

2166 2280 2296 2317 cum
2330 2271 2561 2318 econtra
2589 2265 2710 2318 haec
2743 2279 2864 2317 esse
2891 2264 3183 2317 sociabilia
3230 2265 3588 2317 demonstret
3617 2270 3674 2317 et
3701 2279 3864 2318 com-

2168 2337 2373 2405 probet
2403 2335 2664 2404 exemplo
2693 2334 2982 2404 baptismi,
3021 2335 3077 2387 in
3104 2351 3216 2404 quo
3243 2351 3392 2405 aqua
3420 2351 3768 2402 permanens
3801 2335 3864 2388 in

2169 2422 2271 2458 sua
2319 2406 2666 2474 proprietate
2731 2405 2975 2458 naturali
3033 2405 3274 2458 interius
3331 2407 3537 2459 occulit
3587 2406 3863 2459 virtutem

2170 2477 2485 2529 sanctitatis
2515 2482 2572 2529 et
2596 2476 3064 2529 immortalitatis.
3111 2477 3224 2530 Hoc
3253 2477 3467 2545 quippe
3517 2484 3863 2545 argumento

2167 2547 2370 2616 probat
2401 2547 2620 2616 species
2670 2547 3078 2601 Eucharisticas
3119 2547 3178 2598 in
3225 2563 3327 2598 sua
3368 2547 3719 2616 proprietate
3754 2563 3863 2600 na—

2167 2619 2340 2670 turali
2413 2618 2810 2685 consistentes,
2883 2617 3060 2670 veluti
3121 2622 3334 2684 tegetes
3392 2635 3454 2670 ac
3525 2618 3859 2686 paropides,

2169 2687 2378 2742 Christi
2444 2705 2648 2756 corpus
2705 2693 2963 2741 sanctum
3035 2691 3091 2741 et
3146 2688 3469 2741 immortale
3529 2690 3861 2741 recondere.

2171 2781 2194 2807 (ι
2232 2759 2428 2824 Igitur,
2461 2779 2487 2808 ι)
2513 2758 2700 2829 inquit
2725 2760 3087 2825 Ratramnus,
3125 2780 3147 2807 ι
3177 2760 3235 2811 in
3272 2759 3625 2828 proprietate
3647 2759 3865 2812 humor

2168 2829 2573 2897 corruptibilis,
2641 2830 2700 2882 in
2760 2830 3027 2899 mysterio
3080 2845 3214 2882 vero
3262 2830 3439 2882 virtus
3498 2830 3783 2884 salutaris.
3833 2851 3862 2877 ››

2169 2900 2599 2954 Conclusionem
2648 2916 3129 2968 supervacaneam
3178 2915 3242 2952 ex
3283 2916 3350 2953 eo
3399 2900 3520 2953 loco
3554 2901 3866 2968 assumpsit

2169 2971 2520 3024 dissertator.
2559 2971 2690 3025 Cum
2739 2976 2919 3039 negat,
2949 2971 3139 3042 inquit
3195 2973 3368 3036 igitur
3407 2987 3599 3039 corpus
3654 2972 3866 3026 Christi

2167 3045 2224 3094 in
2261 3057 2445 3094 mensa
2488 3043 2776 3095 Domi-nica
2805 3045 3031 3095 existere
3065 3044 3122 3094 in
3157 3044 3404 3105 veritate,
3446 3047 3608 3106 negat
3636 3045 3692 3094 in
3719 3057 3860 3111 pro-

861 3109 1228 3182 nius
1435 3109 1596 3180 aliud

2171 3114 2562 3197 priaessentia
2599 3113 2854 3197 existere;
2893 3113 3107 3181 quippe
3137 3128 3267 3164 cum
3314 3128 3415 3180 per
3440 3109 3731 3166 veritatem
3760 3130 3858 3197 so-

318 3209 320 3211 ’
361 3216 468 3270 pus
507 3199 738 3264 Christi,
795 3199 947 3268 quod
1000 3215 1123 3270 esse
1167 3215 1363 3252 revera
1396 3199 1454 3251 in
1500 3199 1846 3253 Eucharistia
1877 3201 2060 3254 credi-

360 3269 472 3336 tur,
507 3286 623 3323 non
656 3275 942 3336 cernatur,
981 3269 1125 3323 sicut
1154 3270 1370 3339 species
1408 3285 1535 3339 quas
1566 3271 1910 3340 franguntur
1939 3289 2061 3324 cor-

363 3345 714 3409 rumpuntur
742 3347 798 3392 et
829 3341 886 3393 in
919 3355 1198 3392 secessum
1228 3341 1551 3406 mittuntur,
1607 3357 1720 3394 non
1755 3348 1886 3394 sunt
1916 3341 2060 3410 idip-

361 3427 486 3462 sum
519 3427 723 3480 corpus
763 3409 993 3472 Christi,
1027 3410 1177 3480 quod
1202 3411 1456 3480 creditur
1494 3411 1598 3463 sub
1637 3411 1724 3462 his
1766 3409 2062 3480 speciebus

361 3481 536 3533 latere
557 3479 906 3551 et’existere.
932 3480 1015 3551 ⁸[ζιῐ
1047 3479 1133 3530 his
1166 3479 1708 3551 abundanterpatet
1756 3479 1928 3551 quam
1961 3498 2060 3534 su—

360 3563 775 3620 pervacaneum
809 3549 882 3620 sit
919 3547 988 3620 in
1017 3552 1103 3601 tot
1134 3547 1313 3620 nubes
1353 3547 1728 3620 subtilitatem
1771 3547 1832 3604 et
1878 3552 2060 3620 aequi-

362 3619 721 3671 vocationum
801 3617 1071 3670 distillare
1133 3619 1450 3684 cerebrum,
1515 3619 1585 3672 ad
1662 3617 2059 3675 stabiliendum

360 3689 507 3740 hanc
563 3687 1010 3756 propositionem
1058 3689 1433 3760 catholicam:
1486 3692 1595 3744 Hoc
1644 3693 1787 3760 quod
1845 3693 2062 3747 videtur

361 3761 417 3811 in
463 3759 634 3812 altari
680 3763 758 3811 est
786 3774 976 3827 corpus
1006 3759 1230 3826 Christi,
1290 3760 1380 3813 cui
1414 3759 1698 3814 contraria
1757 3763 1831 3815 sit
1871 3764 2057 3816 Inani-

359 3830 498 3903 feste
531 3829 828 3903 haeretica;
885 3830 1108 3903 quippe
1137 3846 1265 3884 cum
1317 3831 1459 3884 nihil
1501 3833 1654 3886 aliud
1714 3834 1817 3886 hac
1858 3850 2060 3903 propo-

359 3901 563 3952 sitione
594 3899 1286 3971 signiticariintelligatur
1316 3918 1489 3971 quam
1541 3904 1696 3956 haec:
1756 3899 1876 3958 Hoc
1915 3899 2060 3973 quod

357 3974 644 4038 frangitur
671 3975 728 4025 in
758 3973 926 4025 altari
963 3978 1040 4026 est
1079 3987 1272 4042 corpus
1325 3973 1548 4038 Christi,
1583 3975 1640 4026 in
1668 3990 1780 4043 qua
1811 3977 2058 4043 particu-

360 4044 409 4094 la
452 4059 553 4096 noc
587 4058 702 4094 non
731 4043 1013 4110 significat
1066 4044 1366 4112 proprium
1425 4048 1480 4096 et
1546 4045 1803 4097 naturale
1853 4061 2058 4112 corpus

358 4113 565 4166 Christi
595 4113 700 4164 sub
731 4113 1025 4180 speciebus
1058 4114 1236 4164 latens
1285 4118 1343 4165 et
1371 4114 1748 4176 reconditum,
1799 4115 1891 4168 sed
1941 4132 2057 4168 cor-

356 4199 464 4250 pus
497 4183 968 4253 nuncupativum,
1023 4189 1084 4234 ut
1110 4182 1371 4252 loquitur
1398 4183 1598 4236 beatus
1636 4184 1894 4253 Algerus,
1929 4202 2058 4239 cor—

357 4268 463 4321 pus
495 4251 553 4304 in
583 4251 769 4326 figura
821 4252 974 4326 quod
1005 4251 1302 4326 proprium
1336 4259 1390 4306 et
1427 4255 1683 4307 naturale
1714 4251 1940 4309 occulit
1979 4257 2058 4326 ip-

359 4338 503 4444 zulm,
567 4321 717 4391 quod
767 4322 946 4375 oculis
993 4322 1200 4376 nostris
1241 4329 1500 4394 ’Ἃφαντον
1529 4325 1718 4394 ἐγένετο
1743 4328 1816 4380 sit
1869 4321 2058 4381 invisi-

395 4408 480 4444 te.

395 4393 480 4445 ile.

430 4462 541 4514 VII.
595 4461 763 4531 (Pag.
823 4462 974 4527 29L)
1021 4463 1127 4518 Sed
1172 4464 1318 4532 quod
1367 4469 1530 4532 caput
1583 4472 1659 4518 est
1707 4465 1857 4520 docet
1914 4468 2051 4521 idem

357 4535 693 4604 apertissime
719 4548 870 4585 num.
919 4537 978 4586 t5
1008 4549 1114 4587 non
1160 4549 1270 4588 esse
1302 4535 1517 4602 aliquid
1565 4538 1623 4589 in
1662 4539 1910 4604 veritate,
1947 4555 2056 4593 esse

357 4602 498 4682 idem
525 4607 688 4671 atque
743 4619 848 4656 non
877 4619 987 4658 esse
1026 4605 1138 4658 tale
1168 4605 1484 4660 secundum
1528 4607 1817 4678 propriam
1863 4602 2053 4664 essen-

357 4678 514 4726 tiam.

1051 4779 1361 4818 RESPONSIO.

430 4867 579 4921 Nihil
613 4869 705 4939 est
751 4867 930 4936 magis
961 4867 1064 4922 hac
1094 4868 1440 4939 cogitatione
1475 4871 1860 4926 dissertatoris
1889 4891 1921 4927 a
1959 4891 2052 4928 ve-

358 4939 520 5014 ritate
549 4937 800 5014 alieuuin
829 4955 842 5004 ;
877 4939 1009 5014 haec
1043 4937 1198 5014 enim
1229 4941 1398 4994 verba
1429 4957 1535 4996 non
1581 4959 1690 4997 esse
1737 4945 1966 5014 aliquid
1997 4948 2054 4998 in

354 5013 582 5063 veritate
611 5008 944 5077 neutiquam
969 5011 1290 5081 significant
1307 5028 1421 5065 non
1448 5029 1570 5066 esse
1596 5015 1708 5067 tale
1739 5008 2051 5068 secundum

356 5081 650 5150 propriam
688 5081 1028 5146 essentiam;
1081 5082 1175 5136 sed
1232 5083 1394 5137 fateri
1447 5099 1676 5137 necesse
1720 5101 1840 5138 esse
1872 5091 2054 5138 muta-

354 5151 595 5224 tionem,
623 5152 678 5203 in
716 5151 1064 5204 Eucharistia
1094 5160 1379 5224 peractam
1409 5169 1522 5207 non
1553 5154 1610 5208 in
1644 5155 1711 5208 iis
1743 5173 1870 5224 quae
1904 5162 2053 5209 exte-

357 5220 799 5297 riusvidentur,
849 5239 960 5297 seu
1001 5223 1318 5297 manifesta
1368 5231 1667 5293 apparent,
1723 5220 2047 5297 contigisse,

358 5290 452 5340 sed
482 5291 537 5342 in
583 5291 652 5342 iis
685 5306 812 5359 quae
845 5292 1086 5346 interius
1137 5309 1241 5346 nec
1272 5293 1330 5346 in
1383 5290 1580 5347 sensus
1611 5290 1921 5351 exteriores
1966 5299 2052 5350 in-

358 5367 614 5412 currunt.
650 5360 764 5414 Hac
806 5364 960 5416 enim
994 5369 1112 5415 arte
1163 5364 1515 5416 demonstrat
1563 5367 1902 5421 Ratramnus
1944 5370 2053 5422 alia

359 5442 480 5503 esse
511 5444 637 5502 qua:
668 5441 983 5487 cernuntur
1019 5440 1075 5485 et
1117 5449 1244 5502 qua:
1275 5434 1603 5501 creduntur,
1633 5453 1732 5490 seu
1764 5440 1875 5492 alia
1907 5439 2049 5493 inte-

360 5503 767 5578 rius-esistere,
802 5504 1260 5578 alia‘manifesta
1303 5505 1550 5578 exterius
1579 5507 1774 5561 videri.
1806 5529 1833 5560 α
1892 5511 2048 5563 Fate-

358 5566 592 5644 buntur,
622 5586 650 5615 ι»
694 5569 882 5638 inquit
910 5573 1273 5644 Rati-amans,
1311 5597 1338 5623 «
1367 5575 1542 5644 igitur
1572 5593 1797 5631 necesse
1843 5585 1928 5631 est
1957 5586 2054 5634 aut

361 5642 599 5718 mutata_
618 5652 741 5691 esse
766 5643 1074 5696 secundum
1095 5645 1246 5718 aliud
1277 5642 1448 5716 quam
1482 5649 1793 5702 secundum
1823 5665 2050 5718 corpus,

358 5725 422 5763 ac
453 5724 558 5780 per
586 5708 692 5761 hoc
752 5721 862 5758 non
926 5726 1047 5762 esse
1103 5714 1206 5767 hoc
1237 5708 1388 5786 quod
1443 5718 1501 5771 in
1535 5719 1772 5773 veritate
1806 5708 2048 5786 videtur,

2169 3182 2417 3236 litariain
2462 3183 2543 3235 rei
2585 3183 3100 3236 inanifestationem
3133 3199 3232 3235 seu
3281 3189 3577 3236 externam
3629 3183 3858 3252 patefa—

2168 3254 2415 3307 ctionem
2440 3253 2744 3321 intelligat,
2776 3269 2904 3322 quae
2927 3269 3158 3306 omnem
3190 3254 3388 3320 ﬁgurae.
3419 3261 3518 3307 aut
3545 3255 3860 3307 obumbra-

2169 3324 2340 3376 tionis
2370 3324 2694 3377 societatem
2741 3323 2989 3392 perimit,
3025 3323 3353 3393 neutiquam
3389 3340 3520 3376 vero
3551 3327 3861 3378 essentiam

2169 3395 2464 3462 propriam
2500 3410 2714 3459 rerum,
2745 3411 2870 3463 quae
2905 3394 3218 3464 figurarum
3260 3394 3586 3449 societatem
3620 3412 3730 3448 non
3774 3412 3861 3447 re-

2169 3465 2340 3533 spuit.
2387 3465 2522 3528 Qum
2568 3480 2697 3517 cum
2746 3465 2824 3517 ita
2872 3464 3005 3528 sint,
3052 3464 3276 3517 etiamsi
3331 3466 3548 3531 darem,
3591 3466 3736 3519 absit
3781 3473 3862 3518 ta-

2170 3551 2300 3588 men
2354 3541 2419 3588 ut
2474 3537 2860 3599 concederem,
2930 3536 3303 3589 Ratramnum
3368 3551 3578 3605 negare
3638 3537 3860 3605 Corpus

2168 3605 2375 3659 Christi
2406 3622 2525 3658 esse
2570 3606 2628 3658 in
2663 3605 3010 3659 Eucharistia
3070 3607 3130 3658 in
3176 3606 3431 3671 veritate,
3496 3606 3638 3660 nihil
3697 3608 3854 3661 aliud

2168 3684 2404 3745 negaret
2435 3677 2541 3729 nisi
2572 3677 2787 3729 dictum
2812 3691 3018 3746 corpus
3049 3693 3160 3729 non
3194 3693 3314 3729 esse
3341 3682 3440 3729 aut
3475 3677 3762 3746 palpabile
3793 3695 3861 3732 ac

2168 3763 2400 3816 prorsus
2429 3747 2551 3800 sine
2588 3748 2770 3816 figura
2803 3763 3143 3817 quacunque
3179 3753 3234 3799 et
3263 3747 3697 3801 obumbratione
3729 3763 3862 3802 con-

2166 3819 2384 3871 sistere.
2439 3818 2804 3887 Incogitabile
2848 3817 3000 3870 enim
3041 3825 3124 3871 est
3173 3817 3358 3871 dicere
3390 3819 3632 3871 voluisse
3664 3835 3861 3888 corpus

2165 3904 2271 3942 non
2334 3891 2583 3953 existere,
2653 3890 2721 3941 de
2789 3905 2902 3956 quo
2970 3887 3051 3941 ait
3114 3904 3353 3940 numero
3420 3891 3506 3953 96,
3565 3887 3862 3957 conceptis

2167 3959 2375 4024 verbis,
2421 3974 2613 4028 corpus
2649 3959 2856 4014 Christi
2885 3963 3197 4013 nominatur
3225 3963 3274 4012 et
3301 3962 3507 4013 existit.
3553 3960 3617 4012 Et
3645 3960 3862 4013 fatetur

2163 4029 2406 4083 interius
2449 4031 2572 4083 ﬁeri
2613 4030 2985 4083 mutationem
3019 4046 3190 4099 quam
3222 4030 3471 4082 exterius
3498 4045 3699 4083 sensus
3740 4047 3862 4085 non

2166 4100 2510 4170 percipiunt,
2559 4101 2931 4170 corporisque
2979 4101 3341 4154 existentiam
3383 4100 3442 4153 in
3497 4101 3859 4156 Eucharistia

2166 4172 2286 4223 sine
2316 4171 2519 4240 grandi
2542 4171 2766 4241 piaculo
2795 4171 2993 4239 negari
3021 4187 3134 4224 non
3167 4188 3349 4238 posse.

2237 4242 2312 4294 IX.
2370 4240 2524 4310 (Pag.
2547 4240 2710 4293 Cedit.
2747 4243 2980 4296 Amstel.
3015 4243 3146 4304 29l;
3182 4241 3326 4294 Edit.
3360 4257 3492 4293 vero
3523 4241 3861 4295 Parisiensis

2168 4311 2365 4380 primas
2403 4328 2536 4380 pag.
2572 4315 2718 4374 175.)
2750 4314 2901 4366 Hanc
2941 4328 3105 4365 unum
3145 4313 3358 4366 Joanni
3402 4313 3580 4376 Scoto,
3633 4313 3854 4367 scilicet

2167 4381 2496 4448 Batramno,
2547 4383 2819 4450 placuisse
2867 4385 3224 4451 acccptionem
3255 4385 3565 4437 elocutionis
3601 4398 3658 4436 IN
3696 4399 3856 4438 VBRI-

2099 4460 2312 4518 [)nra,
2372 4455 2477 4506 imo
2534 4459 2584 4507 et
2641 4455 2920 4507 catholicis
2975 4455 3220 4506 omnibus
3275 4455 3538 4521 intelliget
3595 4455 3856 4508 cordatus

2163 4525 2409 4591 quisque,
2454 4526 2550 4590 qui
2596 4527 2901 4578 meminerit
2955 4524 3270 4577 damnatum
3313 4538 3423 4578 esse
3465 4526 3858 4591 Bcrengarium

2163 4596 2306 4662 quod
2351 4597 2562 4662 pariter
2591 4596 2864 4648 asserebat
2891 4597 2950 4647 in
2981 4597 3162 4662 ﬁgura
3199 4600 3250 4647 et
3293 4597 3349 4648 in
3386 4600 3724 4649 sacramento
3770 4602 3855 4649 ιο-

2163 4672 2275 4717 tum
2299 4666 2426 4727 ﬁeri
2466 4666 2605 4717 nihil
2637 4681 2688 4717 IN
2735 4681 3015 4728 γειιῐτΑτιες
3062 4680 3181 4718 cum
3228 4669 3527 4731 praesertim
3581 4668 3852 4732 Berenga-

2159 4738 2236 4788 rii
2266 4738 2426 4802 quasi
2454 4741 2726 4803 susceptus
2759 4751 2824 4789 ac
2854 4736 3136 4789 deliciosus
3180 4738 3408 4790 Joannes
3447 4737 3634 4790 Scotus
3674 4741 3856 4790 exsti-

2161 4807 2305 4858 terit.
2337 4807 2398 4859 ln
2439 4806 2584 4859 hanc
2623 4821 2740 4857 rem
2788 4805 3037 4875 prodidit
3086 4806 3421 4859 dissertator
3462 4807 3858 4876 fragmentum

2160 4876 2453 4940 Gualterii,
2491 4875 2699 4943 prioris
2726 4876 2780 4929 S.
2835 4877 3093 4940 Victoris,
3121 4877 3361 4930 relatum
3385 4883 3542 4930 tomo
3574 4879 3643 4932 ΙΙΙ
3695 4882 3858 4931 Ana-

2161 4948 2435 5000 lectorum
2490 4961 2783 4999 sacrorum
2829 4947 3141 5000 doctissimi
3180 4947 3512 5013 Mabiltouii,
3551 4964 3682 5018 pag.
3723 4951 3855 5003 450.

2853 5069 3162 5107 ΒεεΡοΝδιο.

2234 5158 2378 5229 Bene
2446 5174 2509 5210 ac
2565 5157 2856 5226 sapienter
2925 5159 3226 5212 damnatus
3283 5163 3370 5213 est
3439 5161 3856 5229 Berengarius;

2160 5228 2376 5298 quippe
2414 5244 2544 5281 cum
2588 5244 2692 5296 per
2745 5243 2935 5280 vocem
2971 5245 3022 5281 IN
3079 5245 3330 5284 νεῐιιτΑτε
3389 5230 3744 5301 intelligeret
3795 5228 3855 5286 in

2156 5301 2386 5371 propria
2413 5302 2494 5352 rei
2522 5304 2724 5352 natura
2751 5302 3107 5353 seu’esscntia
3134 5320 3151 5354 :
3189 5302 3450 5371 adeoque
3479 5301 3586 5354 sibi
3616 5317 3859 5370 persna-

2159 5370 2319 5423 deret
2347 5370 2405 5422 in
2452 5376 2811 5441 sacramento
2865 5375 3051 5422 totum
3083 5371 3208 5424 fieri
3256 5372 3314 5424 in
3357 5370 3562 5441 tigura,
3611 5371 3753 5425 nihil
3797 5375 3859 5428 in

2158 5456 2215 5493 re
2237 5445 2288 5492 et
2313 5444 2543 5493 essentia
2586 5439 2848 5508 corporis
2875 5441 3104 5494 Christi.
3147 5442 3251 5495 Sed
3285 5439 3596 5496 absurdum
3637 5451 3722 5495 est
3773 5445 3860 5496 in-

2159 5511 2367 5563 ducere
2409 5511 2816 5579 Berengarium
2846 5511 3220 5579 interpretem
3253 5513 3547 5566 Ratramni
3592 5513 3858 5568 ducentis

2160 5587 2290 5634 ante
2329 5582 2494 5634 annis
2535 5581 2655 5651 jam
2687 5581 2905 5636 dudum
2935 5583 3223 5648 defuncti;
3262 5599 3391 5636 cum
3426 5583 3546 5652 ipse
3587 5584 3860 5638 Ratram-

2161 5667 2267 5704 nus
2297 5653 2632 5706 testiticatur
2662 5658 2719 5705 et
2742 5655 2930 5721 palam
2960 5653 3240 5723 significat
3266 5670 3323 5706 se
3356 5670 3460 5724 per
3481 5655 3626 5706 hanc
3657 5670 3857 5709 vocem

2161 5738 2211 5774 ιιι
2289 5738 2544 5777 γειιιτΑτε
2594 5725 2914 5794 intelligere
2968 5725 3049 5777 rei
3081 5725 3606 5779 manifestationem
3663 5732 3851 5780 exter-
