  <div class='ocr_page' id='page_1' title='image "/cluster/home/n/w/nwhite01/storage/ocr_20150623/121/hvd.32044054759832/100.png"; bbox 0 0 4148 6180; ppageno 0'>
   <div class='ocr_carea' id='block_1_1' title="bbox 213 330 344 414">
    <p class='ocr_par' dir='ltr' id='par_1_1' title="bbox 213 330 344 414">
     <span class='ocr_line' id='line_1_1' title="bbox 213 330 344 414; baseline 0.008 -30"><span class='ocrx_word' id='word_1_1' title='bbox 213 330 344 414; x_wconf 47' lang='lat' dir='ltr'><strong><em>t89&#39;</em></strong></span> 
     </span>
    </p>
   </div>
   <div class='ocr_carea' id='block_1_2' title="bbox 933 328 2986 418">
    <p class='ocr_par' dir='ltr' id='par_1_2' title="bbox 933 328 2986 418">
     <span class='ocr_line' id='line_1_2' title="bbox 933 328 2986 418; baseline 0.003 -32"><span class='ocrx_word' id='word_1_2' title='bbox 933 328 1386 387; x_wconf 79' lang='lat' dir='ltr'><strong><em>DlSSERTATIO</em></strong></span> <span class='ocrx_word' id='word_1_3' title='bbox 1426 329 1490 386; x_wconf 80' lang='grc' dir='ltr'>ΙΝ</span> <span class='ocrx_word' id='word_1_4' title='bbox 1533 331 1658 386; x_wconf 88' lang='lat' dir='ltr'><strong><em>LlB.</em></strong></span> <span class='ocrx_word' id='word_1_5' title='bbox 1706 331 2163 418; x_wconf 68' lang='lat' dir='ltr'><strong><em>DECOltPORE</em></strong></span> <span class='ocrx_word' id='word_1_6' title='bbox 2198 334 2285 390; x_wconf 87' lang='lat' dir='ltr'><strong><em>ET</em></strong></span> <span class='ocrx_word' id='word_1_7' title='bbox 2323 333 2681 392; x_wconf 82' lang='lat' dir='ltr'><strong><em>SANGUINE</em></strong></span> <span class='ocrx_word' id='word_1_8' title='bbox 2725 334 2986 393; x_wconf 82' lang='lat' dir='ltr'><strong><em>DOMINI.</em></strong></span> 
     </span>
    </p>
   </div>
   <div class='ocr_carea' id='block_1_3' title="bbox 3612 344 3710 397">
    <p class='ocr_par' dir='ltr' id='par_1_3' title="bbox 3612 344 3710 397">
     <span class='ocr_line' id='line_1_3' title="bbox 3612 344 3710 397; baseline 0 0"><span class='ocrx_word' id='word_1_9' title='bbox 3612 344 3710 397; x_wconf 74' lang='lat'><strong><em>190</em></strong></span> 
     </span>
    </p>
   </div>
   <div class='ocr_carea' id='block_1_4' title="bbox 213 461 3710 536">
    <p class='ocr_par' dir='ltr' id='par_1_4' title="bbox 213 461 3710 536">
     <span class='ocr_line' id='line_1_4' title="bbox 213 461 3710 536; baseline 0.003 -19"><span class='ocrx_word' id='word_1_10' title='bbox 213 479 348 536; x_wconf 78' lang='lat' dir='ltr'><strong><em>nam</em></strong></span> <span class='ocrx_word' id='word_1_11' title='bbox 386 462 848 533; x_wconf 85' lang='lat' dir='ltr'><strong><em>patefactionem,</em></strong></span> <span class='ocrx_word' id='word_1_12' title='bbox 883 462 1150 518; x_wconf 84' lang='lat' dir='ltr'><strong><em>omnibus</em></strong></span> <span class='ocrx_word' id='word_1_13' title='bbox 1187 461 1390 530; x_wconf 82' lang='lat' dir='ltr'><strong><em>figuris</em></strong></span> <span class='ocrx_word' id='word_1_14' title='bbox 1417 467 1474 516; x_wconf 89' lang='lat' dir='ltr'><strong><em>et</em></strong></span> <span class='ocrx_word' id='word_1_15' title='bbox 1521 463 1914 518; x_wconf 84' lang='lat' dir='ltr'><strong><em>obumbratio-</em></strong></span> <span class='ocrx_word' id='word_1_16' title='bbox 1953 468 1994 522; x_wconf 84' lang='lat' dir='ltr'><strong>A</strong></span> <span class='ocrx_word' id='word_1_17' title='bbox 2028 464 2178 520; x_wconf 84' lang='lat' dir='ltr'><strong><em>nobis</em></strong></span> <span class='ocrx_word' id='word_1_18' title='bbox 2209 467 2595 532; x_wconf 64' lang='lat' dir='ltr'><strong><em>manifesta-is,</em></strong></span> <span class='ocrx_word' id='word_1_19' title='bbox 2645 469 3007 536; x_wconf 82' lang='lat' dir='ltr'><strong><em>mentatesque</em></strong></span> <span class='ocrx_word' id='word_1_20' title='bbox 3051 473 3265 525; x_wconf 82' lang='lat' dir='ltr'><strong><em>nostros</em></strong></span> <span class='ocrx_word' id='word_1_21' title='bbox 3320 472 3533 527; x_wconf 76' lang='lat' dir='ltr'><strong><em>obtutus</em></strong></span> <span class='ocrx_word' id='word_1_22' title='bbox 3591 475 3710 528; x_wconf 81' lang='lat' dir='ltr'><strong><em>sin-</em></strong></span> 
     </span>
    </p>
   </div>
   <div class='ocr_carea' id='block_1_5' title="bbox 211 534 1914 606">
    <p class='ocr_par' dir='ltr' id='par_1_5' title="bbox 211 534 1914 606">
     <span class='ocr_line' id='line_1_5' title="bbox 211 534 1914 606; baseline 0.001 -18"><span class='ocrx_word' id='word_1_23' title='bbox 211 534 384 588; x_wconf 88' lang='lat' dir='ltr'><strong><em>nibus</em></strong></span> <span class='ocrx_word' id='word_1_24' title='bbox 418 551 651 588; x_wconf 82' lang='lat' dir='ltr'><strong><em>vacuam</em></strong></span> <span class='ocrx_word' id='word_1_25' title='bbox 687 541 743 587; x_wconf 86' lang='lat' dir='ltr'><strong><em>et</em></strong></span> <span class='ocrx_word' id='word_1_26' title='bbox 785 550 1018 603; x_wconf 80' lang='lat' dir='ltr'><strong><em>prorsus</em></strong></span> <span class='ocrx_word' id='word_1_27' title='bbox 1063 541 1500 604; x_wconf 78' lang='lat' dir='ltr'><strong><em>repugnantem,</em></strong></span> <span class='ocrx_word' id='word_1_28' title='bbox 1533 537 1914 606; x_wconf 82' lang='lat' dir='ltr'><strong><em>quemadmo-</em></strong></span> 
     </span>
    </p>
   </div>
   <div class='ocr_carea' id='block_1_6' title="bbox 209 606 1458 674">
    <p class='ocr_par' dir='ltr' id='par_1_6' title="bbox 209 606 1458 674">
     <span class='ocr_line' id='line_1_6' title="bbox 209 606 1458 674; baseline -0.001 -15"><span class='ocrx_word' id='word_1_29' title='bbox 209 607 347 659; x_wconf 85' lang='lat' dir='ltr'><strong><em>dum</em></strong></span> <span class='ocrx_word' id='word_1_30' title='bbox 381 623 551 672; x_wconf 84' lang='lat' dir='ltr'><strong><em>supra</em></strong></span> <span class='ocrx_word' id='word_1_31' title='bbox 582 623 648 658; x_wconf 78' lang='lat' dir='ltr'><strong><em>ex</em></strong></span> <span class='ocrx_word' id='word_1_32' title='bbox 680 621 838 658; x_wconf 87' lang='lat' dir='ltr'><strong><em>num.</em></strong></span> <span class='ocrx_word' id='word_1_33' title='bbox 875 609 904 659; x_wconf 85' lang='lat'><strong>5</strong></span> <span class='ocrx_word' id='word_1_34' title='bbox 936 606 1458 674; x_wconf 70' lang='lat' dir='ltr'><strong><em>comprobavimus.</em></strong></span> 
     </span>
    </p>
   </div>
   <div class='ocr_carea' id='block_1_7' title="bbox 281 677 1936 746">
    <p class='ocr_par' dir='ltr' id='par_1_7' title="bbox 281 677 1936 746">
     <span class='ocr_line' id='line_1_7' title="bbox 281 677 1936 746; baseline 0 -16"><span class='ocrx_word' id='word_1_35' title='bbox 281 677 341 730; x_wconf 81' lang='grc' dir='ltr'><strong>Χ.</strong></span> <span class='ocrx_word' id='word_1_36' title='bbox 389 677 764 730; x_wconf 86' lang='lat' dir='ltr'><strong><em>Substantiam</em></strong></span> <span class='ocrx_word' id='word_1_37' title='bbox 822 677 1016 728; x_wconf 85' lang='lat' dir='ltr'><strong><em>deinde</em></strong></span> <span class='ocrx_word' id='word_1_38' title='bbox 1056 678 1171 729; x_wconf 81' lang='lat' dir='ltr'><strong><em>vini</em></strong></span> <span class='ocrx_word' id='word_1_39' title='bbox 1209 678 1465 744; x_wconf 73' lang='lat' dir='ltr'><strong><em>consyici,</em></strong></span> <span class='ocrx_word' id='word_1_40' title='bbox 1525 680 1606 730; x_wconf 88' lang='lat' dir='ltr'><strong><em>ait</em></strong></span> <span class='ocrx_word' id='word_1_41' title='bbox 1658 679 1936 746; x_wconf 24' lang='lat' dir='ltr'><strong><em>Hatram-ﬁ</em></strong></span> 
     </span>
    </p>
   </div>
   <div class='ocr_carea' id='block_1_8' title="bbox 210 747 1912 817">
    <p class='ocr_par' dir='ltr' id='par_1_8' title="bbox 210 747 1912 817">
     <span class='ocr_line' id='line_1_8' title="bbox 210 747 1912 817; baseline 0.001 -18"><span class='ocrx_word' id='word_1_42' title='bbox 210 763 314 800; x_wconf 85' lang='lat' dir='ltr'><strong><em>nus</em></strong></span> <span class='ocrx_word' id='word_1_43' title='bbox 334 763 479 799; x_wconf 86' lang='lat' dir='ltr'><strong><em>num.</em></strong></span> <span class='ocrx_word' id='word_1_44' title='bbox 533 749 611 810; x_wconf 85' lang='lat' dir='ltr'><strong><em>t0,</em></strong></span> <span class='ocrx_word' id='word_1_45' title='bbox 643 747 832 815; x_wconf 89' lang='lat' dir='ltr'><strong><em>inquit</em></strong></span> <span class='ocrx_word' id='word_1_46' title='bbox 861 749 1192 799; x_wconf 79' lang='lat' dir='ltr'><strong><em>dissertator</em></strong></span> <span class='ocrx_word' id='word_1_47' title='bbox 1217 763 1345 812; x_wconf 74' lang='lat' dir='ltr'><strong><em>pag.</em></strong></span> <span class='ocrx_word' id='word_1_48' title='bbox 1395 749 1492 801; x_wconf 74' lang='lat'><strong><em>176</em></strong></span> <span class='ocrx_word' id='word_1_49' title='bbox 1527 748 1662 801; x_wconf 84' lang='lat' dir='ltr'><strong><em>edit.</em></strong></span> <span class='ocrx_word' id='word_1_50' title='bbox 1709 749 1912 817; x_wconf 64' lang='lat' dir='ltr'><strong><em>primae</em></strong></span> 
     </span>
    </p>
   </div>
   <div class='ocr_carea' id='block_1_9' title="bbox 213 818 1908 886">
    <p class='ocr_par' dir='ltr' id='par_1_9' title="bbox 213 818 1908 886">
     <span class='ocr_line' id='line_1_9' title="bbox 213 818 1908 886; baseline 0.001 -16"><span class='ocrx_word' id='word_1_51' title='bbox 213 819 391 870; x_wconf 85' lang='lat' dir='ltr'><strong><em>Paris.</em></strong></span> <span class='ocrx_word' id='word_1_52' title='bbox 445 818 665 872; x_wconf 80' lang='lat' dir='ltr'><strong><em>Claudii</em></strong></span> <span class='ocrx_word' id='word_1_53' title='bbox 706 819 935 886; x_wconf 77' lang='lat' dir='ltr'><strong><em>Muguet</em></strong></span> <span class='ocrx_word' id='word_1_54' title='bbox 988 833 1137 870; x_wconf 90' lang='lat' dir='ltr'><strong><em>anno</em></strong></span> <span class='ocrx_word' id='word_1_55' title='bbox 1201 820 1357 883; x_wconf 75' lang='grc'>1699,</span> <span class='ocrx_word' id='word_1_56' title='bbox 1407 819 1525 871; x_wconf 84' lang='lat' dir='ltr'><strong><em>sive</em></strong></span> <span class='ocrx_word' id='word_1_57' title='bbox 1573 821 1696 882; x_wconf 77' lang='lat'><strong><em>291,</em></strong></span> <span class='ocrx_word' id='word_1_58' title='bbox 1754 835 1908 871; x_wconf 91' lang='lat' dir='ltr'><strong><em>num.</em></strong></span> 
     </span>
    </p>
   </div>
   <div class='ocr_carea' id='block_1_10' title="bbox 217 888 1908 955">
    <p class='ocr_par' dir='ltr' id='par_1_10' title="bbox 217 888 1908 955">
     <span class='ocr_line' id='line_1_10' title="bbox 217 888 1908 955; baseline 0.001 -14"><span class='ocrx_word' id='word_1_59' title='bbox 217 891 336 948; x_wconf 73' lang='lat'><strong><em>{76,</em></strong></span> <span class='ocrx_word' id='word_1_60' title='bbox 375 895 645 941; x_wconf 84' lang='lat' dir='ltr'><strong><em>ltnemote</em></strong></span> <span class='ocrx_word' id='word_1_61' title='bbox 700 891 784 948; x_wconf 83' lang='lat' dir='ltr'><strong><em>ll,</em></strong></span> <span class='ocrx_word' id='word_1_62' title='bbox 811 888 946 941; x_wconf 89' lang='lat' dir='ltr'><strong><em>edit.</em></strong></span> <span class='ocrx_word' id='word_1_63' title='bbox 988 889 1534 942; x_wconf 85' lang='lat' dir='ltr'><strong><em>Amstelodamensis</em></strong></span> <span class='ocrx_word' id='word_1_64' title='bbox 1562 888 1699 941; x_wconf 90' lang='lat' dir='ltr'><strong><em>anni</em></strong></span> <span class='ocrx_word' id='word_1_65' title='bbox 1753 894 1908 955; x_wconf 73' lang='lat'><strong><em>1709,</em></strong></span> 
     </span>
    </p>
   </div>
   <div class='ocr_carea' id='block_1_11' title="bbox 211 959 1916 1028">
    <p class='ocr_par' dir='ltr' id='par_1_11' title="bbox 211 959 1916 1028">
     <span class='ocr_line' id='line_1_11' title="bbox 211 959 1916 1028; baseline 0.001 -18"><span class='ocrx_word' id='word_1_66' title='bbox 211 961 282 1010; x_wconf 89' lang='lat' dir='ltr'><strong><em>de</em></strong></span> <span class='ocrx_word' id='word_1_67' title='bbox 337 960 574 1018; x_wconf 82' lang='lat' dir='ltr'><strong><em>Lorme,’</em></strong></span> <span class='ocrx_word' id='word_1_68' title='bbox 607 975 717 1027; x_wconf 86' lang='lat' dir='ltr'><strong><em>qua</em></strong></span> <span class='ocrx_word' id='word_1_69' title='bbox 760 966 920 1012; x_wconf 77' lang='lat' dir='ltr'><strong><em>aetate</em></strong></span> <span class='ocrx_word' id='word_1_70' title='bbox 973 959 1227 1012; x_wconf 83' lang='lat' dir='ltr'><strong><em>catholici</em></strong></span> <span class='ocrx_word' id='word_1_71' title='bbox 1272 965 1455 1027; x_wconf 84' lang='lat' dir='ltr'><strong><em>aperte</em></strong></span> <span class='ocrx_word' id='word_1_72' title='bbox 1517 960 1916 1028; x_wconf 74' lang='lat' dir='ltr'><strong><em>proﬁtebantur</em></strong></span> 
     </span>
    </p>
   </div>
   <div class='ocr_carea' id='block_1_12' title="bbox 214 1030 1912 1098">
    <p class='ocr_par' dir='ltr' id='par_1_12' title="bbox 214 1030 1912 1098">
     <span class='ocr_line' id='line_1_12' title="bbox 214 1030 1912 1098; baseline 0.001 -16"><span class='ocrx_word' id='word_1_73' title='bbox 214 1030 585 1082; x_wconf 83' lang='lat' dir='ltr'><strong><em>substantiam</em></strong></span> <span class='ocrx_word' id='word_1_74' title='bbox 612 1032 774 1098; x_wconf 84' lang='lat' dir='ltr'><strong><em>punis</em></strong></span> <span class='ocrx_word' id='word_1_75' title='bbox 809 1034 862 1082; x_wconf 89' lang='lat' dir='ltr'><strong><em>in</em></strong></span> <span class='ocrx_word' id='word_1_76' title='bbox 892 1031 1257 1084; x_wconf 78' lang='lat' dir='ltr'><strong><em>substantiam</em></strong></span> <span class='ocrx_word' id='word_1_77' title='bbox 1279 1033 1516 1097; x_wconf 69' lang='lat' dir='ltr'><strong><em>eti-poris</em></strong></span> <span class='ocrx_word' id='word_1_78' title='bbox 1549 1032 1752 1084; x_wconf 82' lang='lat' dir='ltr'><strong><em>Christi</em></strong></span> <span class='ocrx_word' id='word_1_79' title='bbox 1789 1047 1912 1085; x_wconf 83' lang='lat' dir='ltr'><strong><em>con-</em></strong></span> 
     </span>
    </p>
   </div>
   <div class='ocr_carea' id='block_1_13' title="bbox 210 1101 1913 1168">
    <p class='ocr_par' dir='ltr' id='par_1_13' title="bbox 210 1101 1913 1168">
     <span class='ocr_line' id='line_1_13' title="bbox 210 1101 1913 1168; baseline 0.002 -16"><span class='ocrx_word' id='word_1_80' title='bbox 210 1103 375 1160; x_wconf 71' lang='lat' dir='ltr'><strong><em>verti,</em></strong></span> <span class='ocrx_word' id='word_1_81' title='bbox 433 1108 489 1152; x_wconf 88' lang='lat' dir='ltr'><strong><em>ut</em></strong></span> <span class='ocrx_word' id='word_1_82' title='bbox 550 1103 756 1166; x_wconf 80' lang='lat' dir='ltr'><strong><em>Ilaymo</em></strong></span> <span class='ocrx_word' id='word_1_83' title='bbox 829 1102 1285 1154; x_wconf 64' lang='lat' dir='ltr'><strong><em>Hatbrrstatensis</em></strong></span> <span class='ocrx_word' id='word_1_84' title='bbox 1337 1103 1586 1168; x_wconf 65' lang='lat' dir='ltr'><strong><em>superius</em></strong></span> <span class='ocrx_word' id='word_1_85' title='bbox 1657 1101 1913 1155; x_wconf 83' lang='lat' dir='ltr'><strong><em>laudatus</em></strong></span> 
     </span>
    </p>
   </div>
   <div class='ocr_carea' id='block_1_14' title="bbox 208 1171 1910 1239">
    <p class='ocr_par' dir='ltr' id='par_1_14' title="bbox 208 1171 1910 1239">
     <span class='ocr_line' id='line_1_14' title="bbox 208 1171 1910 1239; baseline 0.001 -17"><span class='ocrx_word' id='word_1_86' title='bbox 208 1188 340 1239; x_wconf 72' lang='lat' dir='ltr'><strong><em>pag.</em></strong></span> <span class='ocrx_word' id='word_1_87' title='bbox 372 1173 473 1234; x_wconf 83' lang='lat'><strong>99;</strong></span> <span class='ocrx_word' id='word_1_88' title='bbox 504 1177 552 1224; x_wconf 86' lang='lat' dir='ltr'><strong><em>et</em></strong></span> <span class='ocrx_word' id='word_1_89' title='bbox 593 1173 686 1224; x_wconf 86' lang='lat' dir='ltr'><strong><em>hoc</em></strong></span> <span class='ocrx_word' id='word_1_90' title='bbox 725 1172 870 1239; x_wconf 63' lang='lat' dir='ltr'><strong><em>quid</em></strong></span> <span class='ocrx_word' id='word_1_91' title='bbox 918 1171 1157 1224; x_wconf 79' lang='lat' dir='ltr'><strong><em>videmus</em></strong></span> <span class='ocrx_word' id='word_1_92' title='bbox 1184 1173 1243 1224; x_wconf 88' lang='lat' dir='ltr'><strong><em>in</em></strong></span> <span class='ocrx_word' id='word_1_93' title='bbox 1273 1172 1460 1234; x_wconf 78' lang='lat' dir='ltr'><strong><em>altari,</em></strong></span> <span class='ocrx_word' id='word_1_94' title='bbox 1515 1172 1733 1225; x_wconf 81' lang='lat' dir='ltr'><strong><em>aiebant</em></strong></span> <span class='ocrx_word' id='word_1_95' title='bbox 1797 1187 1910 1226; x_wconf 84' lang='lat' dir='ltr'><strong><em>esse</em></strong></span> 
     </span>
    </p>
   </div>
   <div class='ocr_carea' id='block_1_15' title="bbox 213 1242 1914 1311">
    <p class='ocr_par' dir='ltr' id='par_1_15' title="bbox 213 1242 1914 1311">
     <span class='ocr_line' id='line_1_15' title="bbox 213 1242 1914 1311; baseline 0.002 -18"><span class='ocrx_word' id='word_1_96' title='bbox 213 1258 319 1295; x_wconf 87' lang='lat' dir='ltr'><strong><em>non</em></strong></span> <span class='ocrx_word' id='word_1_97' title='bbox 356 1245 522 1308; x_wconf 85' lang='lat' dir='ltr'><strong><em>panis</em></strong></span> <span class='ocrx_word' id='word_1_98' title='bbox 564 1243 949 1307; x_wconf 79' lang='lat' dir='ltr'><strong><em>substantiam,</em></strong></span> <span class='ocrx_word' id='word_1_99' title='bbox 988 1242 1082 1296; x_wconf 85' lang='lat' dir='ltr'><strong><em>sed</em></strong></span> <span class='ocrx_word' id='word_1_100' title='bbox 1122 1257 1321 1310; x_wconf 84' lang='lat' dir='ltr'><strong><em>corpus</em></strong></span> <span class='ocrx_word' id='word_1_101' title='bbox 1378 1244 1555 1311; x_wconf 88' lang='lat' dir='ltr'><strong><em>ipsum</em></strong></span> <span class='ocrx_word' id='word_1_102' title='bbox 1602 1250 1791 1297; x_wconf 89' lang='lat' dir='ltr'><strong><em>natum</em></strong></span> <span class='ocrx_word' id='word_1_103' title='bbox 1847 1259 1914 1296; x_wconf 74' lang='lat' dir='ltr'><strong><em>ea:</em></strong></span> 
     </span>
    </p>
   </div>
   <div class='ocr_carea' id='block_1_16' title="bbox 221 1314 467 1380">
    <p class='ocr_par' dir='ltr' id='par_1_16' title="bbox 221 1314 467 1380">
     <span class='ocr_line' id='line_1_16' title="bbox 221 1314 467 1380; baseline 0.004 -16"><span class='ocrx_word' id='word_1_104' title='bbox 221 1314 467 1380; x_wconf 78' lang='lat' dir='ltr'><strong><em>Virgine.</em></strong></span> 
     </span>
    </p>
   </div>
   <div class='ocr_carea' id='block_1_17' title="bbox 911 1417 1217 1455">
    <p class='ocr_par' dir='ltr' id='par_1_17' title="bbox 911 1417 1217 1455">
     <span class='ocr_line' id='line_1_17' title="bbox 911 1417 1217 1455; baseline 0 -1"><span class='ocrx_word' id='word_1_105' title='bbox 911 1417 1217 1455; x_wconf 73' lang='lat' dir='ltr'><strong><em>HESPONSIO.</em></strong></span> 
     </span>
    </p>
   </div>
   <div class='ocr_carea' id='block_1_18' title="bbox 297 1525 1912 1580">
    <p class='ocr_par' dir='ltr' id='par_1_18' title="bbox 297 1525 1912 1580">
     <span class='ocr_line' id='line_1_18' title="bbox 297 1525 1912 1580; baseline 0.001 -3"><span class='ocrx_word' id='word_1_106' title='bbox 297 1525 524 1578; x_wconf 82' lang='lat' dir='ltr'><strong><em>Minime</em></strong></span> <span class='ocrx_word' id='word_1_107' title='bbox 580 1526 716 1578; x_wconf 87' lang='lat' dir='ltr'><strong><em>dicit</em></strong></span> <span class='ocrx_word' id='word_1_108' title='bbox 782 1525 1124 1578; x_wconf 85' lang='lat' dir='ltr'><strong><em>Ratramnus</em></strong></span> <span class='ocrx_word' id='word_1_109' title='bbox 1173 1525 1550 1579; x_wconf 87' lang='lat' dir='ltr'><strong><em>substantiam</em></strong></span> <span class='ocrx_word' id='word_1_110' title='bbox 1600 1526 1716 1580; x_wconf 90' lang='lat' dir='ltr'><strong><em>vini</em></strong></span> <span class='ocrx_word' id='word_1_111' title='bbox 1775 1542 1912 1579; x_wconf 88' lang='lat' dir='ltr'><strong><em>con-</em></strong></span> 
     </span>
    </p>
   </div>
   <div class='ocr_carea' id='block_1_19' title="bbox 220 1595 1914 1664">
    <p class='ocr_par' dir='ltr' id='par_1_19' title="bbox 220 1595 1914 1664">
     <span class='ocr_line' id='line_1_19' title="bbox 220 1595 1914 1664; baseline 0.002 -18"><span class='ocrx_word' id='word_1_112' title='bbox 220 1597 390 1662; x_wconf 81' lang='lat' dir='ltr'><strong><em>spici;</em></strong></span> <span class='ocrx_word' id='word_1_113' title='bbox 426 1597 470 1647; x_wconf 97' lang='lat' dir='ltr'><strong><em>si</em></strong></span> <span class='ocrx_word' id='word_1_114' title='bbox 505 1597 656 1648; x_wconf 88' lang='lat' dir='ltr'><strong><em>enim</em></strong></span> <span class='ocrx_word' id='word_1_115' title='bbox 690 1595 795 1648; x_wconf 88' lang='lat' dir='ltr'><strong><em>hoc</em></strong></span> <span class='ocrx_word' id='word_1_116' title='bbox 831 1598 1229 1649; x_wconf 76' lang='lat' dir='ltr'><strong><em>tantummodo</em></strong></span> <span class='ocrx_word' id='word_1_117' title='bbox 1261 1597 1494 1656; x_wconf 86' lang='lat' dir='ltr'><strong><em>diceret,</em></strong></span> <span class='ocrx_word' id='word_1_118' title='bbox 1527 1598 1806 1664; x_wconf 71' lang='lat' dir='ltr'><strong><em>subjicere</em></strong></span> <span class='ocrx_word' id='word_1_119' title='bbox 1833 1597 1914 1649; x_wconf 89' lang='lat' dir='ltr'><strong><em>vi-</em></strong></span> 
     </span>
    </p>
   </div>
   <div class='ocr_carea' id='block_1_20' title="bbox 221 1666 1914 1736">
    <p class='ocr_par' dir='ltr' id='par_1_20' title="bbox 221 1666 1914 1736">
     <span class='ocr_line' id='line_1_20' title="bbox 221 1666 1914 1736; baseline 0.001 -17"><span class='ocrx_word' id='word_1_120' title='bbox 221 1667 457 1719; x_wconf 82' lang='lat' dir='ltr'><strong><em>deretur</em></strong></span> <span class='ocrx_word' id='word_1_121' title='bbox 512 1674 634 1736; x_wconf 83' lang='lat' dir='ltr'><strong><em>post</em></strong></span> <span class='ocrx_word' id='word_1_122' title='bbox 681 1666 1164 1720; x_wconf 73' lang='lat' dir='ltr'><strong><em>consecrationem</em></strong></span> <span class='ocrx_word' id='word_1_123' title='bbox 1223 1667 1343 1721; x_wconf 87' lang='lat' dir='ltr'><strong><em>fore</em></strong></span> <span class='ocrx_word' id='word_1_124' title='bbox 1397 1668 1733 1721; x_wconf 59' lang='lat' dir='ltr'><strong><em>substantias</em></strong></span> <span class='ocrx_word' id='word_1_125' title='bbox 1796 1668 1914 1720; x_wconf 89' lang='lat' dir='ltr'><strong><em>vini</em></strong></span> 
     </span>
    </p>
   </div>
   <div class='ocr_carea' id='block_1_21' title="bbox 222 1737 1914 1807">
    <p class='ocr_par' dir='ltr' id='par_1_21' title="bbox 222 1737 1914 1807">
     <span class='ocr_line' id='line_1_21' title="bbox 222 1737 1914 1807; baseline 0.002 -19"><span class='ocrx_word' id='word_1_126' title='bbox 222 1739 730 1805; x_wconf 74' lang='lat' dir='ltr'><strong><em>permutationem.</em></strong></span> <span class='ocrx_word' id='word_1_127' title='bbox 781 1738 887 1792; x_wconf 88' lang='lat' dir='ltr'><strong><em>Sed</em></strong></span> <span class='ocrx_word' id='word_1_128' title='bbox 920 1738 997 1790; x_wconf 89' lang='lat' dir='ltr'><strong><em>ait</em></strong></span> <span class='ocrx_word' id='word_1_129' title='bbox 1045 1739 1188 1792; x_wconf 85' lang='lat' dir='ltr'><strong><em>nihil</em></strong></span> <span class='ocrx_word' id='word_1_130' title='bbox 1221 1737 1372 1791; x_wconf 87' lang='lat' dir='ltr'><strong><em>aliud</em></strong></span> <span class='ocrx_word' id='word_1_131' title='bbox 1424 1738 1674 1807; x_wconf 84' lang='lat' dir='ltr'><strong><em>conspici</em></strong></span> <span class='ocrx_word' id='word_1_132' title='bbox 1725 1739 1780 1791; x_wconf 90' lang='lat' dir='ltr'><strong><em>in</em></strong></span> <span class='ocrx_word' id='word_1_133' title='bbox 1813 1755 1914 1791; x_wconf 85' lang='lat' dir='ltr'><strong><em>su-</em></strong></span> 
     </span>
    </p>
   </div>
   <div class='ocr_carea' id='block_1_22' title="bbox 221 1808 1910 1878">
    <p class='ocr_par' dir='ltr' id='par_1_22' title="bbox 221 1808 1910 1878">
     <span class='ocr_line' id='line_1_22' title="bbox 221 1808 1910 1878; baseline 0.001 -18"><span class='ocrx_word' id='word_1_134' title='bbox 221 1810 455 1878; x_wconf 84' lang='lat' dir='ltr'><strong><em>periicie</em></strong></span> <span class='ocrx_word' id='word_1_135' title='bbox 487 1825 658 1876; x_wconf 87' lang='lat' dir='ltr'><strong><em>quam</em></strong></span> <span class='ocrx_word' id='word_1_136' title='bbox 702 1808 1072 1862; x_wconf 71' lang='lat' dir='ltr'><strong><em>substantiam</em></strong></span> <span class='ocrx_word' id='word_1_137' title='bbox 1108 1810 1222 1862; x_wconf 92' lang='lat' dir='ltr'><strong><em>vini</em></strong></span> <span class='ocrx_word' id='word_1_138' title='bbox 1255 1825 1267 1862; x_wconf 89' lang='lat'><strong>:</strong></span> <span class='ocrx_word' id='word_1_139' title='bbox 1301 1827 1327 1858; x_wconf 74' lang='grc' dir='ltr'><strong>α</strong></span> <span class='ocrx_word' id='word_1_140' title='bbox 1378 1809 1521 1871; x_wconf 86' lang='lat' dir='ltr'><strong><em>Quid</em></strong></span> <span class='ocrx_word' id='word_1_141' title='bbox 1554 1810 1707 1862; x_wconf 86' lang='lat' dir='ltr'><strong><em>enim</em></strong></span> <span class='ocrx_word' id='word_1_142' title='bbox 1758 1809 1910 1863; x_wconf 85' lang='lat' dir='ltr'><strong><em>aliud</em></strong></span> 
     </span>
    </p>
   </div>
   <div class='ocr_carea' id='block_1_23' title="bbox 221 1879 1914 1949">
    <p class='ocr_par' dir='ltr' id='par_1_23' title="bbox 221 1879 1914 1949">
     <span class='ocr_line' id='line_1_23' title="bbox 221 1879 1914 1949; baseline 0.001 -19"><span class='ocrx_word' id='word_1_143' title='bbox 221 1879 284 1930; x_wconf 85' lang='lat' dir='ltr'><strong><em>in</em></strong></span> <span class='ocrx_word' id='word_1_144' title='bbox 331 1879 632 1948; x_wconf 87' lang='lat' dir='ltr'><strong><em>supcrlicie</em></strong></span> <span class='ocrx_word' id='word_1_145' title='bbox 664 1895 835 1947; x_wconf 90' lang='lat' dir='ltr'><strong><em>quam</em></strong></span> <span class='ocrx_word' id='word_1_146' title='bbox 871 1879 1188 1932; x_wconf 76' lang='lat' dir='ltr'><strong><em>substantia</em></strong></span> <span class='ocrx_word' id='word_1_147' title='bbox 1228 1879 1344 1932; x_wconf 89' lang='lat' dir='ltr'><strong><em>viui</em></strong></span> <span class='ocrx_word' id='word_1_148' title='bbox 1383 1879 1753 1949; x_wconf 73' lang='lat' dir='ltr'><strong><em>conspicitur.</em></strong></span> <span class='ocrx_word' id='word_1_149' title='bbox 1791 1899 1817 1930; x_wconf 87' lang='grc'><strong><em>››</em></strong></span> <span class='ocrx_word' id='word_1_150' title='bbox 1853 1882 1914 1932; x_wconf 83' lang='lat' dir='ltr'><strong><em>Et</em></strong></span> 
     </span>
    </p>
   </div>
   <div class='ocr_carea' id='block_1_24' title="bbox 221 1949 1912 2004">
    <p class='ocr_par' dir='ltr' id='par_1_24' title="bbox 221 1949 1912 2004">
     <span class='ocr_line' id='line_1_24' title="bbox 221 1949 1912 2004; baseline 0 -2"><span class='ocrx_word' id='word_1_151' title='bbox 221 1949 484 2002; x_wconf 80' lang='lat' dir='ltr'><strong><em>observat</em></strong></span> <span class='ocrx_word' id='word_1_152' title='bbox 522 1966 585 2001; x_wconf 87' lang='lat' dir='ltr'><strong><em>ac</em></strong></span> <span class='ocrx_word' id='word_1_153' title='bbox 616 1951 781 2002; x_wconf 88' lang='lat' dir='ltr'><strong><em>docet</em></strong></span> <span class='ocrx_word' id='word_1_154' title='bbox 812 1950 1005 2002; x_wconf 90' lang='lat' dir='ltr'><strong><em>vinum</em></strong></span> <span class='ocrx_word' id='word_1_155' title='bbox 1037 1951 1299 2004; x_wconf 80' lang='lat' dir='ltr'><strong><em>etfectum</em></strong></span> <span class='ocrx_word' id='word_1_156' title='bbox 1335 1955 1750 2003; x_wconf 85' lang='lat' dir='ltr'><strong><em>sacramentum</em></strong></span> <span class='ocrx_word' id='word_1_157' title='bbox 1784 1967 1912 2003; x_wconf 88' lang='lat' dir='ltr'><strong><em>san-</em></strong></span> 
     </span>
    </p>
   </div>
   <div class='ocr_carea' id='block_1_25' title="bbox 219 2020 1912 2089">
    <p class='ocr_par' dir='ltr' id='par_1_25' title="bbox 219 2020 1912 2089">
     <span class='ocr_line' id='line_1_25' title="bbox 219 2020 1912 2089; baseline 0.002 -19"><span class='ocrx_word' id='word_1_158' title='bbox 219 2021 415 2085; x_wconf 71' lang='lat' dir='ltr'><strong><em>guinis</em></strong></span> <span class='ocrx_word' id='word_1_159' title='bbox 446 2020 653 2073; x_wconf 83' lang='lat' dir='ltr'><strong><em>Christi</em></strong></span> <span class='ocrx_word' id='word_1_160' title='bbox 689 2036 788 2088; x_wconf 90' lang='lat' dir='ltr'><strong><em>per</em></strong></span> <span class='ocrx_word' id='word_1_161' title='bbox 835 2021 1346 2082; x_wconf 72' lang='lat' dir='ltr'><strong><em>consecrationem,</em></strong></span> <span class='ocrx_word' id='word_1_162' title='bbox 1389 2021 1543 2074; x_wconf 86' lang='lat' dir='ltr'><strong><em>aliud</em></strong></span> <span class='ocrx_word' id='word_1_163' title='bbox 1598 2021 1656 2073; x_wconf 89' lang='lat' dir='ltr'><strong><em>in</em></strong></span> <span class='ocrx_word' id='word_1_164' title='bbox 1713 2037 1912 2089; x_wconf 89' lang='lat' dir='ltr'><strong><em>super-</em></strong></span> 
     </span>
    </p>
   </div>
   <div class='ocr_carea' id='block_1_26' title="bbox 221 2091 1909 2150">
    <p class='ocr_par' dir='ltr' id='par_1_26' title="bbox 221 2091 1909 2150">
     <span class='ocr_line' id='line_1_26' title="bbox 221 2091 1909 2150; baseline 0 -6"><span class='ocrx_word' id='word_1_165' title='bbox 221 2091 345 2144; x_wconf 78' lang='lat' dir='ltr'><strong><em>ﬁcie</em></strong></span> <span class='ocrx_word' id='word_1_166' title='bbox 371 2091 619 2143; x_wconf 83' lang='lat' dir='ltr'><strong><em>exterius</em></strong></span> <span class='ocrx_word' id='word_1_167' title='bbox 651 2091 969 2150; x_wconf 85' lang='lat' dir='ltr'><strong><em>ostendere.</em></strong></span> <span class='ocrx_word' id='word_1_168' title='bbox 1003 2095 1060 2144; x_wconf 85' lang='lat' dir='ltr'><strong><em>et</em></strong></span> <span class='ocrx_word' id='word_1_169' title='bbox 1097 2092 1251 2145; x_wconf 85' lang='lat' dir='ltr'><strong><em>aliud</em></strong></span> <span class='ocrx_word' id='word_1_170' title='bbox 1290 2091 1530 2144; x_wconf 90' lang='lat' dir='ltr'><strong><em>interius</em></strong></span> <span class='ocrx_word' id='word_1_171' title='bbox 1562 2091 1854 2144; x_wconf 87' lang='lat' dir='ltr'><strong><em>continere</em></strong></span> <span class='ocrx_word' id='word_1_172' title='bbox 1898 2108 1909 2144; x_wconf 91' lang='lat'>:</span> 
     </span>
    </p>
   </div>
   <div class='ocr_carea' id='block_1_27' title="bbox 224 2161 1915 2231">
    <p class='ocr_par' dir='ltr' id='par_1_27' title="bbox 224 2161 1915 2231">
     <span class='ocr_line' id='line_1_27' title="bbox 224 2161 1915 2231; baseline 0.001 -19"><span class='ocrx_word' id='word_1_173' title='bbox 224 2185 243 2208; x_wconf 79' lang='grc' dir='ltr'><strong><em>ι</em></strong></span> <span class='ocrx_word' id='word_1_174' title='bbox 309 2161 466 2223; x_wconf 84' lang='lat' dir='ltr'><strong><em>Quod</em></strong></span> <span class='ocrx_word' id='word_1_175' title='bbox 512 2162 847 2214; x_wconf 75' lang='lat' dir='ltr'><strong><em>sacerdotali</em></strong></span> <span class='ocrx_word' id='word_1_176' title='bbox 895 2162 1316 2214; x_wconf 83' lang='lat' dir='ltr'><strong><em>consecratione</em></strong></span> <span class='ocrx_word' id='word_1_177' title='bbox 1367 2161 1573 2216; x_wconf 83' lang='lat' dir='ltr'><strong><em>Christi</em></strong></span> <span class='ocrx_word' id='word_1_178' title='bbox 1619 2163 1915 2231; x_wconf 83' lang='lat' dir='ltr'><strong><em>sanguinis</em></strong></span> 
     </span>
    </p>
   </div>
   <div class='ocr_carea' id='block_1_28' title="bbox 219 2233 1913 2301">
    <p class='ocr_par' dir='ltr' id='par_1_28' title="bbox 219 2233 1913 2301">
     <span class='ocr_line' id='line_1_28' title="bbox 219 2233 1913 2301; baseline 0.002 -18"><span class='ocrx_word' id='word_1_179' title='bbox 219 2233 468 2284; x_wconf 71' lang='lat' dir='ltr'><strong><em>efficitur</em></strong></span> <span class='ocrx_word' id='word_1_180' title='bbox 494 2239 934 2297; x_wconf 83' lang='lat' dir='ltr'><strong><em>sacramentum,</em></strong></span> <span class='ocrx_word' id='word_1_181' title='bbox 963 2233 1112 2285; x_wconf 79' lang='lat' dir='ltr'><strong><em>aliud</em></strong></span> <span class='ocrx_word' id='word_1_182' title='bbox 1147 2233 1617 2301; x_wconf 88' lang='lat' dir='ltr'><strong><em>superlicietenus</em></strong></span> <span class='ocrx_word' id='word_1_183' title='bbox 1638 2233 1913 2291; x_wconf 84' lang='lat' dir='ltr'><strong><em>ostendit.</em></strong></span> 
     </span>
    </p>
   </div>
   <div class='ocr_carea' id='block_1_29' title="bbox 219 2303 1916 2356">
    <p class='ocr_par' dir='ltr' id='par_1_29' title="bbox 219 2303 1916 2356">
     <span class='ocr_line' id='line_1_29' title="bbox 219 2303 1916 2356; baseline 0.002 -3"><span class='ocrx_word' id='word_1_184' title='bbox 219 2303 376 2355; x_wconf 83' lang='lat' dir='ltr'><strong><em>aliud</em></strong></span> <span class='ocrx_word' id='word_1_185' title='bbox 408 2303 646 2355; x_wconf 86' lang='lat' dir='ltr'><strong><em>interius</em></strong></span> <span class='ocrx_word' id='word_1_186' title='bbox 669 2303 937 2355; x_wconf 88' lang='lat' dir='ltr'><strong><em>continet.</em></strong></span> <span class='ocrx_word' id='word_1_187' title='bbox 979 2324 1004 2352; x_wconf 76' lang='grc' dir='ltr'>ι)</span> <span class='ocrx_word' id='word_1_188' title='bbox 1049 2304 1113 2356; x_wconf 86' lang='lat' dir='ltr'><strong><em>Et</em></strong></span> <span class='ocrx_word' id='word_1_189' title='bbox 1148 2309 1209 2356; x_wconf 91' lang='lat' dir='ltr'><strong><em>ut</em></strong></span> <span class='ocrx_word' id='word_1_190' title='bbox 1243 2303 1458 2356; x_wconf 90' lang='lat' dir='ltr'><strong><em>nemini</em></strong></span> <span class='ocrx_word' id='word_1_191' title='bbox 1484 2303 1721 2356; x_wconf 90' lang='lat' dir='ltr'><strong><em>dubium</em></strong></span> <span class='ocrx_word' id='word_1_192' title='bbox 1753 2304 1916 2356; x_wconf 86' lang='lat' dir='ltr'><strong><em>subo-</em></strong></span> 
     </span>
    </p>
   </div>
   <div class='ocr_carea' id='block_1_30' title="bbox 219 2374 1914 2444">
    <p class='ocr_par' dir='ltr' id='par_1_30' title="bbox 219 2374 1914 2444">
     <span class='ocr_line' id='line_1_30' title="bbox 219 2374 1914 2444; baseline 0.001 -19"><span class='ocrx_word' id='word_1_193' title='bbox 219 2374 332 2426; x_wconf 84' lang='lat' dir='ltr'><strong><em>leat</em></strong></span> <span class='ocrx_word' id='word_1_194' title='bbox 364 2374 505 2440; x_wconf 89' lang='lat' dir='ltr'><strong><em>quin</em></strong></span> <span class='ocrx_word' id='word_1_195' title='bbox 539 2375 691 2426; x_wconf 86' lang='lat' dir='ltr'><strong><em>aliud</em></strong></span> <span class='ocrx_word' id='word_1_196' title='bbox 728 2374 1009 2443; x_wconf 81' lang='lat' dir='ltr'><strong><em>intelligat</em></strong></span> <span class='ocrx_word' id='word_1_197' title='bbox 1038 2389 1211 2444; x_wconf 83' lang='lat' dir='ltr'><strong><em>quani</em></strong></span> <span class='ocrx_word' id='word_1_198' title='bbox 1243 2374 1617 2427; x_wconf 82' lang='lat' dir='ltr'><strong><em>substantiam</em></strong></span> <span class='ocrx_word' id='word_1_199' title='bbox 1663 2374 1775 2426; x_wconf 90' lang='lat' dir='ltr'><strong><em>vini</em></strong></span> <span class='ocrx_word' id='word_1_200' title='bbox 1811 2374 1914 2427; x_wconf 86' lang='lat' dir='ltr'><strong><em>hac</em></strong></span> 
     </span>
    </p>
   </div>
   <div class='ocr_carea' id='block_1_31' title="bbox 220 2445 1914 2513">
    <p class='ocr_par' dir='ltr' id='par_1_31' title="bbox 220 2445 1914 2513">
     <span class='ocr_line' id='line_1_31' title="bbox 220 2445 1914 2513; baseline 0 -17"><span class='ocrx_word' id='word_1_201' title='bbox 220 2445 524 2511; x_wconf 78' lang='lat' dir='ltr'><strong><em>superﬁcie</em></strong></span> <span class='ocrx_word' id='word_1_202' title='bbox 571 2445 1005 2512; x_wconf 89' lang='lat' dir='ltr'><strong><em>circumseptam</em></strong></span> <span class='ocrx_word' id='word_1_203' title='bbox 1053 2450 1111 2497; x_wconf 90' lang='lat' dir='ltr'><strong><em>et</em></strong></span> <span class='ocrx_word' id='word_1_204' title='bbox 1149 2445 1415 2497; x_wconf 81' lang='lat' dir='ltr'><strong><em>exteriori</em></strong></span> <span class='ocrx_word' id='word_1_205' title='bbox 1457 2446 1662 2513; x_wconf 81' lang='lat' dir='ltr'><strong><em>specie,</em></strong></span> <span class='ocrx_word' id='word_1_206' title='bbox 1711 2461 1914 2497; x_wconf 84' lang='lat' dir='ltr'><strong><em>conce-</em></strong></span> 
     </span>
    </p>
   </div>
   <div class='ocr_carea' id='block_1_32' title="bbox 223 2515 1914 2585">
    <p class='ocr_par' dir='ltr' id='par_1_32' title="bbox 223 2515 1914 2585">
     <span class='ocr_line' id='line_1_32' title="bbox 223 2515 1914 2585; baseline 0.001 -20"><span class='ocrx_word' id='word_1_207' title='bbox 223 2522 337 2582; x_wconf 84' lang='lat' dir='ltr'><strong><em>ptis</em></strong></span> <span class='ocrx_word' id='word_1_208' title='bbox 391 2515 581 2566; x_wconf 76' lang='lat' dir='ltr'><strong><em>verbis</em></strong></span> <span class='ocrx_word' id='word_1_209' title='bbox 611 2516 691 2567; x_wconf 85' lang='lat' dir='ltr'><strong><em>ait</em></strong></span> <span class='ocrx_word' id='word_1_210' title='bbox 724 2531 882 2568; x_wconf 92' lang='lat' dir='ltr'><strong><em>num.</em></strong></span> <span class='ocrx_word' id='word_1_211' title='bbox 925 2515 1210 2584; x_wconf 86' lang='lat' dir='ltr'><strong><em>superiori</em></strong></span> <span class='ocrx_word' id='word_1_212' title='bbox 1242 2515 1419 2569; x_wconf 87' lang='lat' dir='ltr'><strong><em>videri</em></strong></span> <span class='ocrx_word' id='word_1_213' title='bbox 1463 2516 1706 2568; x_wconf 86' lang='lat' dir='ltr'><strong><em>formam</em></strong></span> <span class='ocrx_word' id='word_1_214' title='bbox 1751 2516 1914 2585; x_wconf 87' lang='lat' dir='ltr'><strong><em>panis</em></strong></span> 
     </span>
    </p>
   </div>
   <div class='ocr_carea' id='block_1_33' title="bbox 220 2585 1912 2655">
    <p class='ocr_par' dir='ltr' id='par_1_33' title="bbox 220 2585 1912 2655">
     <span class='ocr_line' id='line_1_33' title="bbox 220 2585 1912 2655; baseline 0.002 -20"><span class='ocrx_word' id='word_1_215' title='bbox 220 2588 317 2652; x_wconf 78' lang='lat' dir='ltr'><strong><em>qui</em></strong></span> <span class='ocrx_word' id='word_1_216' title='bbox 346 2589 474 2638; x_wconf 81' lang='lat' dir='ltr'><strong><em>mite</em></strong></span> <span class='ocrx_word' id='word_1_217' title='bbox 518 2588 704 2651; x_wconf 80' lang='lat' dir='ltr'><strong><em>fuerat</em></strong></span> <span class='ocrx_word' id='word_1_218' title='bbox 737 2586 1018 2654; x_wconf 82' lang='lat' dir='ltr'><strong><em>(adeoque</em></strong></span> <span class='ocrx_word' id='word_1_219' title='bbox 1049 2585 1296 2655; x_wconf 86' lang='lat' dir='ltr'><strong><em>amplius</em></strong></span> <span class='ocrx_word' id='word_1_220' title='bbox 1344 2602 1456 2638; x_wconf 90' lang='lat' dir='ltr'><strong><em>non</em></strong></span> <span class='ocrx_word' id='word_1_221' title='bbox 1485 2587 1608 2654; x_wconf 88' lang='lat' dir='ltr'><strong><em>est),</em></strong></span> <span class='ocrx_word' id='word_1_222' title='bbox 1667 2587 1912 2638; x_wconf 82' lang='lat' dir='ltr'><strong><em>colorem</em></strong></span> 
     </span>
    </p>
   </div>
   <div class='ocr_carea' id='block_1_34' title="bbox 221 2657 1914 2727">
    <p class='ocr_par' dir='ltr' id='par_1_34' title="bbox 221 2657 1914 2727">
     <span class='ocr_line' id='line_1_34' title="bbox 221 2657 1914 2727; baseline 0.001 -19"><span class='ocrx_word' id='word_1_223' title='bbox 221 2657 472 2718; x_wconf 79' lang='lat' dir='ltr'><strong><em>ostendi,</em></strong></span> <span class='ocrx_word' id='word_1_224' title='bbox 506 2673 768 2724; x_wconf 86' lang='lat' dir='ltr'><strong><em>saporem</em></strong></span> <span class='ocrx_word' id='word_1_225' title='bbox 804 2657 1042 2725; x_wconf 86' lang='lat' dir='ltr'><strong><em>percipi,</em></strong></span> <span class='ocrx_word' id='word_1_226' title='bbox 1070 2660 1165 2710; x_wconf 81' lang='lat' dir='ltr'><strong><em>sed</em></strong></span> <span class='ocrx_word' id='word_1_227' title='bbox 1201 2657 1440 2709; x_wconf 88' lang='lat' dir='ltr'><strong><em>interius</em></strong></span> <span class='ocrx_word' id='word_1_228' title='bbox 1483 2657 1696 2727; x_wconf 87' lang='lat' dir='ltr'><strong><em>aliquid</em></strong></span> <span class='ocrx_word' id='word_1_229' title='bbox 1733 2659 1914 2709; x_wconf 90' lang='lat' dir='ltr'><strong><em>multo</em></strong></span> 
     </span>
    </p>
   </div>
   <div class='ocr_carea' id='block_1_35' title="bbox 222 2727 1910 2794">
    <p class='ocr_par' dir='ltr' id='par_1_35' title="bbox 222 2727 1910 2794">
     <span class='ocr_line' id='line_1_35' title="bbox 222 2727 1910 2794; baseline 0.001 -16"><span class='ocrx_word' id='word_1_230' title='bbox 222 2728 532 2794; x_wconf 83' lang='lat' dir='ltr'><strong><em>pretiosius</em></strong></span> <span class='ocrx_word' id='word_1_231' title='bbox 580 2727 865 2780; x_wconf 87' lang='lat' dir='ltr'><strong><em>contineri</em></strong></span> <span class='ocrx_word' id='word_1_232' title='bbox 919 2735 976 2780; x_wconf 88' lang='lat' dir='ltr'><strong><em>et</em></strong></span> <span class='ocrx_word' id='word_1_233' title='bbox 1030 2727 1397 2780; x_wconf 77' lang='lat' dir='ltr'><strong><em>excellentius</em></strong></span> <span class='ocrx_word' id='word_1_234' title='bbox 1453 2728 1588 2794; x_wconf 87' lang='lat' dir='ltr'><strong><em>quia</em></strong></span> <span class='ocrx_word' id='word_1_235' title='bbox 1617 2727 1910 2788; x_wconf 85' lang='lat' dir='ltr'><strong><em>divinum;</em></strong></span> 
     </span>
    </p>
   </div>
   <div class='ocr_carea' id='block_1_36' title="bbox 221 2797 1912 2867">
    <p class='ocr_par' dir='ltr' id='par_1_36' title="bbox 221 2797 1912 2867">
     <span class='ocr_line' id='line_1_36' title="bbox 221 2797 1912 2867; baseline 0.001 -18"><span class='ocrx_word' id='word_1_236' title='bbox 221 2813 332 2849; x_wconf 93' lang='lat' dir='ltr'><strong><em>non</em></strong></span> <span class='ocrx_word' id='word_1_237' title='bbox 363 2798 442 2850; x_wconf 86' lang='lat' dir='ltr'><strong><em>ait</em></strong></span> <span class='ocrx_word' id='word_1_238' title='bbox 489 2797 804 2867; x_wconf 88' lang='lat' dir='ltr'><strong><em>simplicem</em></strong></span> <span class='ocrx_word' id='word_1_239' title='bbox 850 2814 968 2850; x_wconf 88' lang='lat' dir='ltr'><strong><em>esse</em></strong></span> <span class='ocrx_word' id='word_1_240' title='bbox 1007 2799 1261 2851; x_wconf 74' lang='lat' dir='ltr'><strong><em>virtutem</em></strong></span> <span class='ocrx_word' id='word_1_241' title='bbox 1307 2801 1770 2865; x_wconf 80' lang='lat' dir='ltr'><strong><em>sanctiﬁcatioais,</em></strong></span> <span class='ocrx_word' id='word_1_242' title='bbox 1818 2799 1912 2851; x_wconf 91' lang='lat' dir='ltr'><strong><em>sed</em></strong></span> 
     </span>
    </p>
   </div>
   <div class='ocr_carea' id='block_1_37' title="bbox 217 2868 1914 2938">
    <p class='ocr_par' dir='ltr' id='par_1_37' title="bbox 217 2868 1914 2938">
     <span class='ocr_line' id='line_1_37' title="bbox 217 2868 1914 2938; baseline 0.002 -20"><span class='ocrx_word' id='word_1_243' title='bbox 217 2868 411 2936; x_wconf 80' lang='lat' dir='ltr'><strong><em>ipsum</em></strong></span> <span class='ocrx_word' id='word_1_244' title='bbox 439 2885 647 2935; x_wconf 86' lang='lat' dir='ltr'><strong><em>corpus</em></strong></span> <span class='ocrx_word' id='word_1_245' title='bbox 678 2868 886 2921; x_wconf 83' lang='lat' dir='ltr'><strong><em>Christi</em></strong></span> <span class='ocrx_word' id='word_1_246' title='bbox 922 2868 1143 2921; x_wconf 89' lang='lat' dir='ltr'><strong><em>Domini</em></strong></span> <span class='ocrx_word' id='word_1_247' title='bbox 1177 2869 1324 2937; x_wconf 91' lang='lat' dir='ltr'><strong><em>quod</em></strong></span> <span class='ocrx_word' id='word_1_248' title='bbox 1359 2885 1544 2938; x_wconf 87' lang='lat' dir='ltr'><strong><em>neque</em></strong></span> <span class='ocrx_word' id='word_1_249' title='bbox 1576 2869 1774 2933; x_wconf 88' lang='lat' dir='ltr'><strong><em>oculis,</em></strong></span> <span class='ocrx_word' id='word_1_250' title='bbox 1808 2885 1914 2922; x_wconf 90' lang='lat' dir='ltr'><strong><em>ne-</em></strong></span> 
     </span>
    </p>
   </div>
   <div class='ocr_carea' id='block_1_38' title="bbox 216 2939 1913 3008">
    <p class='ocr_par' dir='ltr' id='par_1_38' title="bbox 216 2939 1913 3008">
     <span class='ocr_line' id='line_1_38' title="bbox 216 2939 1913 3008; baseline 0.002 -20"><span class='ocrx_word' id='word_1_251' title='bbox 216 2955 326 3008; x_wconf 84' lang='lat' dir='ltr'><strong><em>que</em></strong></span> <span class='ocrx_word' id='word_1_252' title='bbox 376 2944 545 3007; x_wconf 87' lang='lat' dir='ltr'><strong><em>gustu</em></strong></span> <span class='ocrx_word' id='word_1_253' title='bbox 609 2956 711 2991; x_wconf 67' lang='lat' dir='ltr'><strong><em>nec</em></strong></span> <span class='ocrx_word' id='word_1_254' title='bbox 746 2939 860 2992; x_wconf 92' lang='lat' dir='ltr'><strong><em>ullo</em></strong></span> <span class='ocrx_word' id='word_1_255' title='bbox 895 2955 1063 2992; x_wconf 88' lang='lat' dir='ltr'><strong><em>sensu</em></strong></span> <span class='ocrx_word' id='word_1_256' title='bbox 1097 2939 1311 3008; x_wconf 89' lang='lat' dir='ltr'><strong><em>percipi</em></strong></span> <span class='ocrx_word' id='word_1_257' title='bbox 1347 2945 1548 3008; x_wconf 86' lang='lat' dir='ltr'><strong><em>potest,</em></strong></span> <span class='ocrx_word' id='word_1_258' title='bbox 1585 2940 1680 2992; x_wconf 87' lang='lat' dir='ltr'><strong><em>sed</em></strong></span> <span class='ocrx_word' id='word_1_259' title='bbox 1734 2941 1913 2992; x_wconf 82' lang='lat' dir='ltr'><strong><em>oculis</em></strong></span> 
     </span>
    </p>
   </div>
   <div class='ocr_carea' id='block_1_39' title="bbox 218 3009 1906 3078">
    <p class='ocr_par' dir='ltr' id='par_1_39' title="bbox 218 3009 1906 3078">
     <span class='ocr_line' id='line_1_39' title="bbox 218 3009 1906 3078; baseline 0 -17"><span class='ocrx_word' id='word_1_260' title='bbox 218 3017 426 3062; x_wconf 80' lang='lat' dir='ltr'><strong><em>mentis</em></strong></span> <span class='ocrx_word' id='word_1_261' title='bbox 451 3011 634 3063; x_wconf 80' lang='lat' dir='ltr'><strong><em>ﬁdelis</em></strong></span> <span class='ocrx_word' id='word_1_262' title='bbox 669 3009 1020 3078; x_wconf 88' lang='lat' dir='ltr'><strong><em>conspicitur</em></strong></span> <span class='ocrx_word' id='word_1_263' title='bbox 1051 3017 1107 3063; x_wconf 88' lang='lat' dir='ltr'><strong><em>et</em></strong></span> <span class='ocrx_word' id='word_1_264' title='bbox 1123 3009 1462 3063; x_wconf 88' lang='lat' dir='ltr'><strong><em>comeditur.</em></strong></span> <span class='ocrx_word' id='word_1_265' title='bbox 1499 3032 1525 3058; x_wconf 86' lang='lat'><strong>«</strong></span> <span class='ocrx_word' id='word_1_266' title='bbox 1577 3010 1854 3074; x_wconf 80' lang='lat' dir='ltr'><strong><em>Exterius,</em></strong></span> <span class='ocrx_word' id='word_1_267' title='bbox 1889 3033 1906 3056; x_wconf 79' lang='grc' dir='ltr'><strong><em>ι</em></strong></span> 
     </span>
    </p>
   </div>
   <div class='ocr_carea' id='block_1_40' title="bbox 219 3080 1914 3150">
    <p class='ocr_par' dir='ltr' id='par_1_40' title="bbox 219 3080 1914 3150">
     <span class='ocr_line' id='line_1_40' title="bbox 219 3080 1914 3150; baseline 0.001 -18"><span class='ocrx_word' id='word_1_268' title='bbox 219 3081 430 3150; x_wconf 87' lang='lat' dir='ltr'><strong><em>inquit,</em></strong></span> <span class='ocrx_word' id='word_1_269' title='bbox 470 3103 489 3126; x_wconf 77' lang='grc' dir='ltr'><strong><em>ι</em></strong></span> <span class='ocrx_word' id='word_1_270' title='bbox 526 3080 689 3150; x_wconf 80' lang='lat' dir='ltr'><strong><em>panis</em></strong></span> <span class='ocrx_word' id='word_1_271' title='bbox 742 3087 824 3132; x_wconf 91' lang='lat' dir='ltr'><strong><em>est</em></strong></span> <span class='ocrx_word' id='word_1_272' title='bbox 873 3081 1024 3150; x_wconf 91' lang='lat' dir='ltr'><strong><em>quod</em></strong></span> <span class='ocrx_word' id='word_1_273' title='bbox 1063 3086 1196 3133; x_wconf 88' lang='lat' dir='ltr'><strong><em>ante</em></strong></span> <span class='ocrx_word' id='word_1_274' title='bbox 1253 3081 1438 3133; x_wconf 86' lang='lat' dir='ltr'><strong><em>fuerat</em></strong></span> <span class='ocrx_word' id='word_1_275' title='bbox 1498 3101 1524 3131; x_wconf 73' lang='grc' dir='ltr'><strong><em>υ</em></strong></span> <span class='ocrx_word' id='word_1_276' title='bbox 1585 3080 1742 3148; x_wconf 83' lang='lat' dir='ltr'><strong><em>(ergo</em></strong></span> <span class='ocrx_word' id='word_1_277' title='bbox 1793 3082 1914 3148; x_wconf 76' lang='lat' dir='ltr'><strong><em>jam</em></strong></span> 
     </span>
    </p>
   </div>
   <div class='ocr_carea' id='block_1_41' title="bbox 215 3151 1992 3220">
    <p class='ocr_par' dir='ltr' id='par_1_41' title="bbox 215 3151 1992 3220">
     <span class='ocr_line' id='line_1_41' title="bbox 215 3151 1992 3220; baseline 0 -17"><span class='ocrx_word' id='word_1_278' title='bbox 215 3157 342 3219; x_wconf 89' lang='lat' dir='ltr'><strong><em>post</em></strong></span> <span class='ocrx_word' id='word_1_279' title='bbox 384 3151 873 3204; x_wconf 87' lang='lat' dir='ltr'><strong><em>consecrationem</em></strong></span> <span class='ocrx_word' id='word_1_280' title='bbox 906 3167 1019 3204; x_wconf 92' lang='lat' dir='ltr'><strong><em>non</em></strong></span> <span class='ocrx_word' id='word_1_281' title='bbox 1051 3156 1154 3217; x_wconf 89' lang='lat' dir='ltr'><strong><em>est)</em></strong></span> <span class='ocrx_word' id='word_1_282' title='bbox 1216 3171 1243 3198; x_wconf 84' lang='lat'><strong>«</strong></span> <span class='ocrx_word' id='word_1_283' title='bbox 1285 3151 1470 3204; x_wconf 82' lang='lat' dir='ltr'><strong><em>forma</em></strong></span> <span class='ocrx_word' id='word_1_284' title='bbox 1516 3151 1914 3220; x_wconf 67' lang='lat' dir='ltr'><strong><em>praetenditur,</em></strong></span> <span class='ocrx_word' id='word_1_285' title='bbox 1955 3175 1992 3220; x_wconf 61' lang='grc' dir='ltr'>(ι</span> 
     </span>
    </p>
   </div>
   <div class='ocr_carea' id='block_1_42' title="bbox 213 3221 1916 3290">
    <p class='ocr_par' dir='ltr' id='par_1_42' title="bbox 213 3221 1916 3290">
     <span class='ocr_line' id='line_1_42' title="bbox 213 3221 1916 3290; baseline 0.001 -17"><span class='ocrx_word' id='word_1_286' title='bbox 213 3222 370 3274; x_wconf 87' lang='lat' dir='ltr'><strong><em>color</em></strong></span> <span class='ocrx_word' id='word_1_287' title='bbox 416 3223 762 3284; x_wconf 87' lang='lat' dir='ltr'><strong><em>ostenditur,</em></strong></span> <span class='ocrx_word' id='word_1_288' title='bbox 793 3237 965 3289; x_wconf 87' lang='lat' dir='ltr'><strong><em>sapor</em></strong></span> <span class='ocrx_word' id='word_1_289' title='bbox 1010 3221 1316 3289; x_wconf 86' lang='lat' dir='ltr'><strong><em>accipitur;</em></strong></span> <span class='ocrx_word' id='word_1_290' title='bbox 1350 3226 1433 3276; x_wconf 81' lang='lat' dir='ltr'><strong><em>ast</em></strong></span> <span class='ocrx_word' id='word_1_291' title='bbox 1460 3222 1700 3274; x_wconf 87' lang='lat' dir='ltr'><strong><em>interius</em></strong></span> <span class='ocrx_word' id='word_1_292' title='bbox 1747 3222 1916 3290; x_wconf 85' lang='lat' dir='ltr'><strong><em>longe</em></strong></span> 
     </span>
    </p>
   </div>
   <div class='ocr_carea' id='block_1_43' title="bbox 214 3291 1917 3362">
    <p class='ocr_par' dir='ltr' id='par_1_43' title="bbox 214 3291 1917 3362">
     <span class='ocr_line' id='line_1_43' title="bbox 214 3291 1917 3362; baseline 0 -18"><span class='ocrx_word' id='word_1_293' title='bbox 214 3293 370 3344; x_wconf 89' lang='lat' dir='ltr'><strong><em>aliud</em></strong></span> <span class='ocrx_word' id='word_1_294' title='bbox 427 3292 611 3346; x_wconf 87' lang='lat' dir='ltr'><strong><em>multo</em></strong></span> <span class='ocrx_word' id='word_1_295' title='bbox 670 3292 970 3362; x_wconf 81' lang='lat' dir='ltr'><strong><em>pretiosius</em></strong></span> <span class='ocrx_word' id='word_1_296' title='bbox 1033 3293 1327 3362; x_wconf 88' lang='lat' dir='ltr'><strong><em>multoque</em></strong></span> <span class='ocrx_word' id='word_1_297' title='bbox 1378 3292 1738 3346; x_wconf 80' lang='lat' dir='ltr'><strong><em>excellentius</em></strong></span> <span class='ocrx_word' id='word_1_298' title='bbox 1790 3291 1917 3344; x_wconf 88' lang='lat' dir='ltr'><strong><em>inti-</em></strong></span> 
     </span>
    </p>
   </div>
   <div class='ocr_carea' id='block_1_44' title="bbox 216 3362 1914 3433">
    <p class='ocr_par' dir='ltr' id='par_1_44' title="bbox 216 3362 1914 3433">
     <span class='ocr_line' id='line_1_44' title="bbox 216 3362 1914 3433; baseline 0.001 -18"><span class='ocrx_word' id='word_1_299' title='bbox 216 3369 426 3427; x_wconf 86' lang='lat' dir='ltr'><strong><em>matur,</em></strong></span> <span class='ocrx_word' id='word_1_300' title='bbox 483 3363 619 3432; x_wconf 87' lang='lat' dir='ltr'><strong><em>quia</em></strong></span> <span class='ocrx_word' id='word_1_301' title='bbox 661 3364 908 3427; x_wconf 74' lang='lat' dir='ltr'><strong><em>caeleste,</em></strong></span> <span class='ocrx_word' id='word_1_302' title='bbox 942 3363 1077 3433; x_wconf 84' lang='lat' dir='ltr'><strong><em>quia</em></strong></span> <span class='ocrx_word' id='word_1_303' title='bbox 1136 3363 1422 3428; x_wconf 84' lang='lat' dir='ltr'><strong><em>divinum,</em></strong></span> <span class='ocrx_word' id='word_1_304' title='bbox 1483 3362 1538 3415; x_wconf 86' lang='lat' dir='ltr'><strong><em>id</em></strong></span> <span class='ocrx_word' id='word_1_305' title='bbox 1573 3366 1655 3414; x_wconf 88' lang='lat' dir='ltr'><strong><em>est</em></strong></span> <span class='ocrx_word' id='word_1_306' title='bbox 1710 3362 1914 3416; x_wconf 87' lang='lat' dir='ltr'><strong><em>Christi</em></strong></span> 
     </span>
    </p>
   </div>
   <div class='ocr_carea' id='block_1_45' title="bbox 216 3433 1916 3503">
    <p class='ocr_par' dir='ltr' id='par_1_45' title="bbox 216 3433 1916 3503">
     <span class='ocr_line' id='line_1_45' title="bbox 216 3433 1916 3503; baseline 0.001 -18"><span class='ocrx_word' id='word_1_307' title='bbox 216 3449 444 3502; x_wconf 89' lang='lat' dir='ltr'><strong><em>corpus.</em></strong></span> <span class='ocrx_word' id='word_1_308' title='bbox 507 3435 845 3498; x_wconf 80' lang='lat' dir='ltr'><strong><em>ostenditur,</em></strong></span> <span class='ocrx_word' id='word_1_309' title='bbox 879 3434 1041 3503; x_wconf 84' lang='lat' dir='ltr'><strong><em>quod</em></strong></span> <span class='ocrx_word' id='word_1_310' title='bbox 1087 3449 1202 3487; x_wconf 90' lang='lat' dir='ltr'><strong><em>non</em></strong></span> <span class='ocrx_word' id='word_1_311' title='bbox 1255 3433 1517 3486; x_wconf 88' lang='lat' dir='ltr'><strong><em>sensibus</em></strong></span> <span class='ocrx_word' id='word_1_312' title='bbox 1562 3433 1768 3499; x_wconf 84' lang='lat' dir='ltr'><strong><em>carnis,</em></strong></span> <span class='ocrx_word' id='word_1_313' title='bbox 1819 3434 1916 3486; x_wconf 90' lang='lat' dir='ltr'><strong><em>sed</em></strong></span> 
     </span>
    </p>
   </div>
   <div class='ocr_carea' id='block_1_46' title="bbox 216 3504 1910 3574">
    <p class='ocr_par' dir='ltr' id='par_1_46' title="bbox 216 3504 1910 3574">
     <span class='ocr_line' id='line_1_46' title="bbox 216 3504 1910 3574; baseline 0 -19"><span class='ocrx_word' id='word_1_314' title='bbox 216 3504 394 3556; x_wconf 87' lang='lat' dir='ltr'><strong><em>animi</em></strong></span> <span class='ocrx_word' id='word_1_315' title='bbox 430 3504 616 3558; x_wconf 83' lang='lat' dir='ltr'><strong><em>ﬁdelis</em></strong></span> <span class='ocrx_word' id='word_1_316' title='bbox 662 3505 920 3557; x_wconf 89' lang='lat' dir='ltr'><strong><em>contuitu</em></strong></span> <span class='ocrx_word' id='word_1_317' title='bbox 974 3505 1059 3558; x_wconf 89' lang='lat' dir='ltr'><strong><em>vel</em></strong></span> <span class='ocrx_word' id='word_1_318' title='bbox 1085 3504 1360 3574; x_wconf 89' lang='lat' dir='ltr'><strong><em>aspicitur</em></strong></span> <span class='ocrx_word' id='word_1_319' title='bbox 1392 3505 1477 3557; x_wconf 89' lang='lat' dir='ltr'><strong><em>vel</em></strong></span> <span class='ocrx_word' id='word_1_320' title='bbox 1509 3505 1849 3556; x_wconf 86' lang='lat' dir='ltr'><strong><em>comeditur.</em></strong></span> <span class='ocrx_word' id='word_1_321' title='bbox 1891 3526 1910 3550; x_wconf 76' lang='grc' dir='ltr'><strong><em>ι</em></strong></span> 
     </span>
    </p>
   </div>
   <div class='ocr_carea' id='block_1_47' title="bbox 219 3574 1916 3644">
    <p class='ocr_par' dir='ltr' id='par_1_47' title="bbox 219 3574 1916 3644">
     <span class='ocr_line' id='line_1_47' title="bbox 219 3574 1916 3644; baseline -0.001 -15"><span class='ocrx_word' id='word_1_322' title='bbox 219 3576 348 3629; x_wconf 55' lang='lat' dir='ltr'><strong><em>llaec</em></strong></span> <span class='ocrx_word' id='word_1_323' title='bbox 381 3575 733 3628; x_wconf 88' lang='lat' dir='ltr'><strong><em>cumulanda</em></strong></span> <span class='ocrx_word' id='word_1_324' title='bbox 770 3580 903 3627; x_wconf 90' lang='lat' dir='ltr'><strong><em>sunt</em></strong></span> <span class='ocrx_word' id='word_1_325' title='bbox 932 3575 1347 3628; x_wconf 88' lang='lat' dir='ltr'><strong><em>accessionibus</em></strong></span> <span class='ocrx_word' id='word_1_326' title='bbox 1381 3591 1577 3628; x_wconf 88' lang='lat' dir='ltr'><strong><em>eorum</em></strong></span> <span class='ocrx_word' id='word_1_327' title='bbox 1608 3591 1737 3644; x_wconf 63' lang='lat' dir='ltr'><strong><em>quas</em></strong></span> <span class='ocrx_word' id='word_1_328' title='bbox 1777 3574 1916 3628; x_wconf 89' lang='lat' dir='ltr'><strong><em>dicit</em></strong></span> 
     </span>
    </p>
   </div>
   <div class='ocr_carea' id='block_1_48' title="bbox 219 3645 1916 3716">
    <p class='ocr_par' dir='ltr' id='par_1_48' title="bbox 219 3645 1916 3716">
     <span class='ocr_line' id='line_1_48' title="bbox 219 3645 1916 3716; baseline 0 -18"><span class='ocrx_word' id='word_1_329' title='bbox 219 3661 381 3698; x_wconf 89' lang='lat' dir='ltr'><strong><em>num.</em></strong></span> <span class='ocrx_word' id='word_1_330' title='bbox 417 3647 488 3700; x_wconf 85' lang='lat'><strong><em>30</em></strong></span> <span class='ocrx_word' id='word_1_331' title='bbox 521 3661 534 3699; x_wconf 92' lang='lat'><strong>:</strong></span> <span class='ocrx_word' id='word_1_332' title='bbox 571 3667 596 3693; x_wconf 78' lang='grc' dir='ltr'>α</span> <span class='ocrx_word' id='word_1_333' title='bbox 643 3645 748 3699; x_wconf 88' lang='lat' dir='ltr'><strong><em>Sed</em></strong></span> <span class='ocrx_word' id='word_1_334' title='bbox 793 3662 922 3698; x_wconf 85' lang='lat' dir='ltr'><strong><em>vere</em></strong></span> <span class='ocrx_word' id='word_1_335' title='bbox 974 3662 1076 3714; x_wconf 91' lang='lat' dir='ltr'><strong><em>per</em></strong></span> <span class='ocrx_word' id='word_1_336' title='bbox 1112 3645 1442 3716; x_wconf 85' lang='lat' dir='ltr'><strong><em>mysterium</em></strong></span> <span class='ocrx_word' id='word_1_337' title='bbox 1492 3661 1699 3714; x_wconf 86' lang='lat' dir='ltr'><strong><em>panem</em></strong></span> <span class='ocrx_word' id='word_1_338' title='bbox 1746 3649 1802 3698; x_wconf 90' lang='lat' dir='ltr'><strong><em>et</em></strong></span> <span class='ocrx_word' id='word_1_339' title='bbox 1835 3645 1916 3698; x_wconf 84' lang='lat' dir='ltr'><strong><em>vi-</em></strong></span> 
     </span>
    </p>
   </div>
   <div class='ocr_carea' id='block_1_49' title="bbox 219 3716 1916 3787">
    <p class='ocr_par' dir='ltr' id='par_1_49' title="bbox 219 3716 1916 3787">
     <span class='ocr_line' id='line_1_49' title="bbox 219 3716 1916 3787; baseline 0 -19"><span class='ocrx_word' id='word_1_340' title='bbox 219 3731 356 3769; x_wconf 87' lang='lat' dir='ltr'><strong><em>num</em></strong></span> <span class='ocrx_word' id='word_1_341' title='bbox 394 3717 451 3768; x_wconf 92' lang='lat' dir='ltr'><strong><em>in</em></strong></span> <span class='ocrx_word' id='word_1_342' title='bbox 480 3717 742 3787; x_wconf 87' lang='lat' dir='ltr'><strong><em>corporis</em></strong></span> <span class='ocrx_word' id='word_1_343' title='bbox 765 3721 820 3768; x_wconf 90' lang='lat' dir='ltr'><strong><em>et</em></strong></span> <span class='ocrx_word' id='word_1_344' title='bbox 857 3717 1153 3787; x_wconf 80' lang='lat' dir='ltr'><strong><em>sanguinis</em></strong></span> <span class='ocrx_word' id='word_1_345' title='bbox 1205 3716 1313 3768; x_wconf 90' lang='lat' dir='ltr'><strong><em>mei</em></strong></span> <span class='ocrx_word' id='word_1_346' title='bbox 1353 3733 1624 3768; x_wconf 84' lang='lat' dir='ltr'><strong><em>conversa</em></strong></span> <span class='ocrx_word' id='word_1_347' title='bbox 1654 3716 1916 3768; x_wconf 88' lang='lat' dir='ltr'><strong><em>substan-</em></strong></span> 
     </span>
    </p>
   </div>
   <div class='ocr_carea' id='block_1_50' title="bbox 218 3786 1918 3856">
    <p class='ocr_par' dir='ltr' id='par_1_50' title="bbox 218 3786 1918 3856">
     <span class='ocr_line' id='line_1_50' title="bbox 218 3786 1918 3856; baseline 0 -17"><span class='ocrx_word' id='word_1_348' title='bbox 218 3787 357 3840; x_wconf 87' lang='lat' dir='ltr'><strong><em>tiam</em></strong></span> <span class='ocrx_word' id='word_1_349' title='bbox 406 3805 441 3840; x_wconf 87' lang='lat' dir='ltr'><strong><em>a</em></strong></span> <span class='ocrx_word' id='word_1_350' title='bbox 493 3786 859 3840; x_wconf 79' lang='lat' dir='ltr'><strong><em>creJentibus</em></strong></span> <span class='ocrx_word' id='word_1_351' title='bbox 905 3786 1203 3840; x_wconf 85' lang='lat' dir='ltr'><strong><em>sumenda.</em></strong></span> <span class='ocrx_word' id='word_1_352' title='bbox 1260 3809 1280 3833; x_wconf 73' lang='grc' dir='ltr'><strong><em>ι</em></strong></span> <span class='ocrx_word' id='word_1_353' title='bbox 1340 3787 1453 3856; x_wconf 84' lang='lat' dir='ltr'><strong><em>Ego</em></strong></span> <span class='ocrx_word' id='word_1_354' title='bbox 1503 3803 1636 3838; x_wconf 88' lang='lat' dir='ltr'><strong><em>vero</em></strong></span> <span class='ocrx_word' id='word_1_355' title='bbox 1688 3802 1918 3854; x_wconf 88' lang='lat' dir='ltr'><strong><em>prorsus</em></strong></span> 
     </span>
    </p>
   </div>
   <div class='ocr_carea' id='block_1_51' title="bbox 220 3857 1920 3923">
    <p class='ocr_par' dir='ltr' id='par_1_51' title="bbox 220 3857 1920 3923">
     <span class='ocr_line' id='line_1_51' title="bbox 220 3857 1920 3923; baseline 0.001 -14"><span class='ocrx_word' id='word_1_356' title='bbox 220 3858 409 3910; x_wconf 85' lang='lat' dir='ltr'><strong><em>nescio</em></strong></span> <span class='ocrx_word' id='word_1_357' title='bbox 442 3858 655 3923; x_wconf 83' lang='lat' dir='ltr'><strong><em>quibus</em></strong></span> <span class='ocrx_word' id='word_1_358' title='bbox 687 3857 870 3910; x_wconf 88' lang='lat' dir='ltr'><strong><em>verbis</em></strong></span> <span class='ocrx_word' id='word_1_359' title='bbox 912 3873 973 3910; x_wconf 90' lang='lat' dir='ltr'><strong><em>ac</em></strong></span> <span class='ocrx_word' id='word_1_360' title='bbox 1014 3857 1374 3911; x_wconf 88' lang='lat' dir='ltr'><strong><em>sermonibus</em></strong></span> <span class='ocrx_word' id='word_1_361' title='bbox 1417 3857 1670 3910; x_wconf 69' lang='lat' dir='ltr'><strong><em>Ecclesia:</em></strong></span> <span class='ocrx_word' id='word_1_362' title='bbox 1694 3859 1833 3910; x_wconf 84' lang='lat' dir='ltr'><strong><em>tides</em></strong></span> <span class='ocrx_word' id='word_1_363' title='bbox 1864 3862 1920 3910; x_wconf 89' lang='lat' dir='ltr'><strong><em>et</em></strong></span> 
     </span>
    </p>
   </div>
   <div class='ocr_carea' id='block_1_52' title="bbox 217 3927 1919 3997">
    <p class='ocr_par' dir='ltr' id='par_1_52' title="bbox 217 3927 1919 3997">
     <span class='ocr_line' id='line_1_52' title="bbox 217 3927 1919 3997; baseline 0.001 -18"><span class='ocrx_word' id='word_1_364' title='bbox 217 3929 407 3981; x_wconf 87' lang='lat' dir='ltr'><strong><em>suasio</em></strong></span> <span class='ocrx_word' id='word_1_365' title='bbox 439 3928 753 3986; x_wconf 67' lang='lat' dir='ltr'><strong><em>signiﬁcari</em></strong></span> <span class='ocrx_word' id='word_1_366' title='bbox 784 3927 979 3997; x_wconf 87' lang='lat' dir='ltr'><strong><em>possit,</em></strong></span> <span class='ocrx_word' id='word_1_367' title='bbox 1017 3928 1123 3980; x_wconf 88' lang='lat' dir='ltr'><strong><em>nisi</em></strong></span> <span class='ocrx_word' id='word_1_368' title='bbox 1152 3945 1216 3980; x_wconf 83' lang='lat' dir='ltr'><strong><em>ex</em></strong></span> <span class='ocrx_word' id='word_1_369' title='bbox 1250 3927 1337 3981; x_wconf 88' lang='lat' dir='ltr'><strong><em>his</em></strong></span> <span class='ocrx_word' id='word_1_370' title='bbox 1389 3928 1702 3981; x_wconf 88' lang='lat' dir='ltr'><strong><em>clarissime</em></strong></span> <span class='ocrx_word' id='word_1_371' title='bbox 1755 3928 1919 3980; x_wconf 87' lang='lat' dir='ltr'><strong><em>intel-</em></strong></span> 
     </span>
    </p>
   </div>
   <div class='ocr_carea' id='block_1_53' title="bbox 220 3998 1914 4068">
    <p class='ocr_par' dir='ltr' id='par_1_53' title="bbox 220 3998 1914 4068">
     <span class='ocr_line' id='line_1_53' title="bbox 220 3998 1914 4068; baseline -0.001 -17"><span class='ocrx_word' id='word_1_372' title='bbox 220 3998 451 4068; x_wconf 83' lang='lat' dir='ltr'><strong><em>ligatur.</em></strong></span> <span class='ocrx_word' id='word_1_373' title='bbox 492 3999 567 4052; x_wconf 84' lang='lat' dir='ltr'><strong><em>De</em></strong></span> <span class='ocrx_word' id='word_1_374' title='bbox 603 3999 826 4067; x_wconf 89' lang='lat' dir='ltr'><strong><em>reliquo</em></strong></span> <span class='ocrx_word' id='word_1_375' title='bbox 859 4001 1072 4067; x_wconf 85' lang='lat' dir='ltr'><strong><em>Haymo</em></strong></span> <span class='ocrx_word' id='word_1_376' title='bbox 1108 3998 1587 4054; x_wconf 85' lang='lat' dir='ltr'><strong><em>Halberstatensis</em></strong></span> <span class='ocrx_word' id='word_1_377' title='bbox 1611 4015 1725 4051; x_wconf 91' lang='lat' dir='ltr'><strong><em>non</em></strong></span> <span class='ocrx_word' id='word_1_378' title='bbox 1759 3999 1914 4061; x_wconf 85' lang='lat' dir='ltr'><strong><em>dicit,</em></strong></span> 
     </span>
    </p>
   </div>
   <div class='ocr_carea' id='block_1_54' title="bbox 219 4069 1918 4137">
    <p class='ocr_par' dir='ltr' id='par_1_54' title="bbox 219 4069 1918 4137">
     <span class='ocr_line' id='line_1_54' title="bbox 219 4069 1918 4137; baseline 0 -15"><span class='ocrx_word' id='word_1_379' title='bbox 219 4069 310 4122; x_wconf 86' lang='lat' dir='ltr'><strong><em>hoc</em></strong></span> <span class='ocrx_word' id='word_1_380' title='bbox 339 4069 488 4137; x_wconf 83' lang='lat' dir='ltr'><strong><em>quod</em></strong></span> <span class='ocrx_word' id='word_1_381' title='bbox 515 4069 756 4122; x_wconf 76' lang='lat' dir='ltr'><strong><em>videmus</em></strong></span> <span class='ocrx_word' id='word_1_382' title='bbox 784 4071 840 4122; x_wconf 88' lang='lat' dir='ltr'><strong><em>in</em></strong></span> <span class='ocrx_word' id='word_1_383' title='bbox 877 4070 1050 4123; x_wconf 79' lang='lat' dir='ltr'><strong><em>altari</em></strong></span> <span class='ocrx_word' id='word_1_384' title='bbox 1070 4075 1146 4124; x_wconf 89' lang='lat' dir='ltr'><strong><em>est</em></strong></span> <span class='ocrx_word' id='word_1_385' title='bbox 1172 4085 1364 4136; x_wconf 83' lang='lat' dir='ltr'><strong><em>corpus</em></strong></span> <span class='ocrx_word' id='word_1_386' title='bbox 1400 4072 1580 4136; x_wconf 85' lang='lat' dir='ltr'><strong><em>ipsum</em></strong></span> <span class='ocrx_word' id='word_1_387' title='bbox 1624 4075 1812 4122; x_wconf 90' lang='lat' dir='ltr'><strong><em>natum</em></strong></span> <span class='ocrx_word' id='word_1_388' title='bbox 1853 4069 1918 4122; x_wconf 86' lang='lat' dir='ltr'><strong><em>de</em></strong></span> 
     </span>
    </p>
   </div>
   <div class='ocr_carea' id='block_1_55' title="bbox 224 4140 1920 4210">
    <p class='ocr_par' dir='ltr' id='par_1_55' title="bbox 224 4140 1920 4210">
     <span class='ocr_line' id='line_1_55' title="bbox 224 4140 1920 4210; baseline -0.001 -17"><span class='ocrx_word' id='word_1_389' title='bbox 224 4142 469 4206; x_wconf 82' lang='lat' dir='ltr'><strong><em>Virgine,</em></strong></span> <span class='ocrx_word' id='word_1_390' title='bbox 505 4141 600 4192; x_wconf 91' lang='lat' dir='ltr'><strong><em>sed</em></strong></span> <span class='ocrx_word' id='word_1_391' title='bbox 655 4141 845 4209; x_wconf 87' lang='lat' dir='ltr'><strong><em>potius</em></strong></span> <span class='ocrx_word' id='word_1_392' title='bbox 882 4141 988 4194; x_wconf 87' lang='lat' dir='ltr'><strong><em>hoc</em></strong></span> <span class='ocrx_word' id='word_1_393' title='bbox 1019 4140 1171 4210; x_wconf 87' lang='lat' dir='ltr'><strong><em>quod</em></strong></span> <span class='ocrx_word' id='word_1_394' title='bbox 1205 4141 1490 4193; x_wconf 66' lang='lat' dir='ltr'><strong><em>credimus</em></strong></span> <span class='ocrx_word' id='word_1_395' title='bbox 1523 4140 1580 4192; x_wconf 91' lang='lat' dir='ltr'><strong><em>in</em></strong></span> <span class='ocrx_word' id='word_1_396' title='bbox 1628 4140 1791 4192; x_wconf 83' lang='lat' dir='ltr'><strong><em>altari</em></strong></span> <span class='ocrx_word' id='word_1_397' title='bbox 1835 4144 1920 4192; x_wconf 86' lang='lat' dir='ltr'><strong><em>est</em></strong></span> 
     </span>
    </p>
   </div>
   <div class='ocr_carea' id='block_1_56' title="bbox 218 4210 1917 4280">
    <p class='ocr_par' dir='ltr' id='par_1_56' title="bbox 218 4210 1917 4280">
     <span class='ocr_line' id='line_1_56' title="bbox 218 4210 1917 4280; baseline 0 -17"><span class='ocrx_word' id='word_1_398' title='bbox 218 4228 422 4279; x_wconf 88' lang='lat' dir='ltr'><strong><em>corpus</em></strong></span> <span class='ocrx_word' id='word_1_399' title='bbox 458 4211 645 4280; x_wconf 85' lang='lat' dir='ltr'><strong><em>ipsum</em></strong></span> <span class='ocrx_word' id='word_1_400' title='bbox 681 4219 879 4264; x_wconf 85' lang='lat' dir='ltr'><strong><em>natum</em></strong></span> <span class='ocrx_word' id='word_1_401' title='bbox 931 4211 1000 4264; x_wconf 91' lang='lat' dir='ltr'><strong><em>de</em></strong></span> <span class='ocrx_word' id='word_1_402' title='bbox 1052 4210 1300 4280; x_wconf 79' lang='lat' dir='ltr'><strong><em>Virgine.</em></strong></span> <span class='ocrx_word' id='word_1_403' title='bbox 1352 4211 1575 4265; x_wconf 90' lang='lat' dir='ltr'><strong><em>Sciebat</em></strong></span> <span class='ocrx_word' id='word_1_404' title='bbox 1613 4211 1764 4263; x_wconf 91' lang='lat' dir='ltr'><strong><em>enim</em></strong></span> <span class='ocrx_word' id='word_1_405' title='bbox 1810 4211 1917 4263; x_wconf 86' lang='lat' dir='ltr'><strong><em>hoc</em></strong></span> 
     </span>
    </p>
   </div>
   <div class='ocr_carea' id='block_1_57' title="bbox 218 4280 1914 4350">
    <p class='ocr_par' dir='ltr' id='par_1_57' title="bbox 218 4280 1914 4350">
     <span class='ocr_line' id='line_1_57' title="bbox 218 4280 1914 4350; baseline 0.001 -18"><span class='ocrx_word' id='word_1_406' title='bbox 218 4284 364 4350; x_wconf 89' lang='lat' dir='ltr'><strong><em>quod</em></strong></span> <span class='ocrx_word' id='word_1_407' title='bbox 428 4282 688 4333; x_wconf 80' lang='lat' dir='ltr'><strong><em>videmus</em></strong></span> <span class='ocrx_word' id='word_1_408' title='bbox 736 4297 856 4334; x_wconf 89' lang='lat' dir='ltr'><strong><em>esse</em></strong></span> <span class='ocrx_word' id='word_1_409' title='bbox 903 4281 1144 4348; x_wconf 87' lang='lat' dir='ltr'><strong><em>visibile,</em></strong></span> <span class='ocrx_word' id='word_1_410' title='bbox 1193 4281 1525 4350; x_wconf 87' lang='lat' dir='ltr'><strong><em>neutiquam</em></strong></span> <span class='ocrx_word' id='word_1_411' title='bbox 1578 4296 1710 4333; x_wconf 89' lang='lat' dir='ltr'><strong><em>vero</em></strong></span> <span class='ocrx_word' id='word_1_412' title='bbox 1773 4280 1914 4334; x_wconf 87' lang='lat' dir='ltr'><strong><em>invi-</em></strong></span> 
     </span>
    </p>
   </div>
   <div class='ocr_carea' id='block_1_58' title="bbox 217 4351 1915 4421">
    <p class='ocr_par' dir='ltr' id='par_1_58' title="bbox 217 4351 1915 4421">
     <span class='ocr_line' id='line_1_58' title="bbox 217 4351 1915 4421; baseline 0.001 -19"><span class='ocrx_word' id='word_1_413' title='bbox 217 4353 397 4414; x_wconf 82' lang='lat' dir='ltr'><strong><em>sibile,</em></strong></span> <span class='ocrx_word' id='word_1_414' title='bbox 440 4352 610 4420; x_wconf 83' lang='lat' dir='ltr'><strong><em>quale</em></strong></span> <span class='ocrx_word' id='word_1_415' title='bbox 665 4356 750 4404; x_wconf 89' lang='lat' dir='ltr'><strong><em>est</em></strong></span> <span class='ocrx_word' id='word_1_416' title='bbox 793 4368 1000 4421; x_wconf 88' lang='lat' dir='ltr'><strong><em>corpus</em></strong></span> <span class='ocrx_word' id='word_1_417' title='bbox 1047 4351 1253 4406; x_wconf 81' lang='lat' dir='ltr'><strong><em>Christi</em></strong></span> <span class='ocrx_word' id='word_1_418' title='bbox 1282 4368 1477 4404; x_wconf 88' lang='lat' dir='ltr'><strong><em>verum</em></strong></span> <span class='ocrx_word' id='word_1_419' title='bbox 1525 4351 1582 4404; x_wconf 91' lang='lat' dir='ltr'><strong><em>in</em></strong></span> <span class='ocrx_word' id='word_1_420' title='bbox 1644 4351 1915 4404; x_wconf 87' lang='lat' dir='ltr'><strong><em>Euchari-</em></strong></span> 
     </span>
    </p>
   </div>
   <div class='ocr_carea' id='block_1_59' title="bbox 217 4422 1916 4492">
    <p class='ocr_par' dir='ltr' id='par_1_59' title="bbox 217 4422 1916 4492">
     <span class='ocr_line' id='line_1_59' title="bbox 217 4422 1916 4492; baseline 0 -19"><span class='ocrx_word' id='word_1_421' title='bbox 217 4424 316 4474; x_wconf 86' lang='lat' dir='ltr'><strong><em>stia</em></strong></span> <span class='ocrx_word' id='word_1_422' title='bbox 353 4422 732 4475; x_wconf 87' lang='lat' dir='ltr'><strong><em>reconditum.</em></strong></span> <span class='ocrx_word' id='word_1_423' title='bbox 784 4423 1004 4492; x_wconf 87' lang='lat' dir='ltr'><strong><em>Quippe</em></strong></span> <span class='ocrx_word' id='word_1_424' title='bbox 1051 4423 1129 4475; x_wconf 92' lang='lat' dir='ltr'><strong><em>sic</em></strong></span> <span class='ocrx_word' id='word_1_425' title='bbox 1166 4423 1316 4476; x_wconf 84' lang='lat' dir='ltr'><strong><em>fatur</em></strong></span> <span class='ocrx_word' id='word_1_426' title='bbox 1360 4424 1577 4491; x_wconf 79' lang='lat' dir='ltr'><strong><em>Haymo</em></strong></span> <span class='ocrx_word' id='word_1_427' title='bbox 1631 4423 1916 4489; x_wconf 89' lang='lat' dir='ltr'><strong><em>conceptis</em></strong></span> 
     </span>
    </p>
   </div>
   <div class='ocr_carea' id='block_1_60' title="bbox 217 4493 1917 4563">
    <p class='ocr_par' dir='ltr' id='par_1_60' title="bbox 217 4493 1917 4563">
     <span class='ocr_line' id='line_1_60' title="bbox 217 4493 1917 4563; baseline 0.003 -22"><span class='ocrx_word' id='word_1_428' title='bbox 217 4495 400 4547; x_wconf 87' lang='lat' dir='ltr'><strong><em>verbis</em></strong></span> <span class='ocrx_word' id='word_1_429' title='bbox 433 4499 591 4545; x_wconf 81' lang='lat' dir='ltr'><strong><em>touio</em></strong></span> <span class='ocrx_word' id='word_1_430' title='bbox 624 4494 718 4547; x_wconf 79' lang='lat' dir='ltr'><strong><em>XII</em></strong></span> <span class='ocrx_word' id='word_1_431' title='bbox 753 4493 1043 4563; x_wconf 86' lang='lat' dir='ltr'><strong><em>Spicilegii</em></strong></span> <span class='ocrx_word' id='word_1_432' title='bbox 1094 4493 1432 4548; x_wconf 85' lang='lat' dir='ltr'><strong><em>Dacheriani</em></strong></span> <span class='ocrx_word' id='word_1_433' title='bbox 1466 4509 1478 4545; x_wconf 89' lang='lat'><strong>:</strong></span> <span class='ocrx_word' id='word_1_434' title='bbox 1517 4516 1541 4539; x_wconf 82' lang='lat' dir='ltr'><strong><em>u</em></strong></span> <span class='ocrx_word' id='word_1_435' title='bbox 1591 4494 1917 4546; x_wconf 81' lang='lat' dir='ltr'><strong><em>Commutat</em></strong></span> 
     </span>
    </p>
   </div>
   <div class='ocr_carea' id='block_1_61' title="bbox 221 4563 1915 4632">
    <p class='ocr_par' dir='ltr' id='par_1_61' title="bbox 221 4563 1915 4632">
     <span class='ocr_line' id='line_1_61' title="bbox 221 4563 1915 4632; baseline 0.001 -18"><span class='ocrx_word' id='word_1_436' title='bbox 221 4580 352 4632; x_wconf 83' lang='lat' dir='ltr'><strong><em>ergo</em></strong></span> <span class='ocrx_word' id='word_1_437' title='bbox 399 4564 704 4617; x_wconf 77' lang='lat' dir='ltr'><strong><em>invisibilis</em></strong></span> <span class='ocrx_word' id='word_1_438' title='bbox 746 4565 1003 4617; x_wconf 87' lang='lat' dir='ltr'><strong><em>sacerdos</em></strong></span> <span class='ocrx_word' id='word_1_439' title='bbox 1053 4581 1182 4616; x_wconf 88' lang='lat' dir='ltr'><strong><em>suas</em></strong></span> <span class='ocrx_word' id='word_1_440' title='bbox 1216 4563 1465 4616; x_wconf 87' lang='lat' dir='ltr'><strong><em>visibiles</em></strong></span> <span class='ocrx_word' id='word_1_441' title='bbox 1507 4569 1796 4616; x_wconf 87' lang='lat' dir='ltr'><strong><em>creaturas</em></strong></span> <span class='ocrx_word' id='word_1_442' title='bbox 1858 4565 1915 4616; x_wconf 88' lang='lat' dir='ltr'><strong><em>in</em></strong></span> 
     </span>
    </p>
   </div>
   <div class='ocr_carea' id='block_1_62' title="bbox 219 4635 1916 4703">
    <p class='ocr_par' dir='ltr' id='par_1_62' title="bbox 219 4635 1916 4703">
     <span class='ocr_line' id='line_1_62' title="bbox 219 4635 1916 4703; baseline 0.001 -18"><span class='ocrx_word' id='word_1_443' title='bbox 219 4636 598 4687; x_wconf 81' lang='lat' dir='ltr'><strong><em>substantiam</em></strong></span> <span class='ocrx_word' id='word_1_444' title='bbox 653 4650 770 4687; x_wconf 68' lang='lat' dir='ltr'><strong><em>suae</em></strong></span> <span class='ocrx_word' id='word_1_445' title='bbox 829 4635 1014 4687; x_wconf 83' lang='lat' dir='ltr'><strong><em>carnis</em></strong></span> <span class='ocrx_word' id='word_1_446' title='bbox 1067 4639 1284 4687; x_wconf 85' lang='lat' dir='ltr'><strong><em>secreta</em></strong></span> <span class='ocrx_word' id='word_1_447' title='bbox 1336 4640 1631 4703; x_wconf 85' lang='lat' dir='ltr'><strong><em>potestate.</em></strong></span> <span class='ocrx_word' id='word_1_448' title='bbox 1695 4635 1756 4686; x_wconf 92' lang='lat' dir='ltr'><strong><em>ln</em></strong></span> <span class='ocrx_word' id='word_1_449' title='bbox 1804 4650 1916 4702; x_wconf 90' lang='lat' dir='ltr'><strong><em>quo</em></strong></span> 
     </span>
    </p>
   </div>
   <div class='ocr_carea' id='block_1_63' title="bbox 218 4703 1916 4775">
    <p class='ocr_par' dir='ltr' id='par_1_63' title="bbox 218 4703 1916 4775">
     <span class='ocr_line' id='line_1_63' title="bbox 218 4703 1916 4775; baseline -0.001 -17"><span class='ocrx_word' id='word_1_450' title='bbox 218 4706 447 4775; x_wconf 89' lang='lat' dir='ltr'><strong><em>quidem</em></strong></span> <span class='ocrx_word' id='word_1_451' title='bbox 484 4703 692 4757; x_wconf 86' lang='lat' dir='ltr'><strong><em>Christi</em></strong></span> <span class='ocrx_word' id='word_1_452' title='bbox 721 4720 959 4772; x_wconf 88' lang='lat' dir='ltr'><strong><em>corpore</em></strong></span> <span class='ocrx_word' id='word_1_453' title='bbox 999 4710 1054 4758; x_wconf 92' lang='lat' dir='ltr'><strong><em>et</em></strong></span> <span class='ocrx_word' id='word_1_454' title='bbox 1098 4704 1377 4774; x_wconf 84' lang='lat' dir='ltr'><strong><em>sanguine</em></strong></span> <span class='ocrx_word' id='word_1_455' title='bbox 1409 4710 1646 4774; x_wconf 86' lang='lat' dir='ltr'><strong><em>propter</em></strong></span> <span class='ocrx_word' id='word_1_456' title='bbox 1679 4721 1916 4757; x_wconf 89' lang='lat' dir='ltr'><strong><em>sumen-</em></strong></span> 
     </span>
    </p>
   </div>
   <div class='ocr_carea' id='block_1_64' title="bbox 219 4775 1916 4845">
    <p class='ocr_par' dir='ltr' id='par_1_64' title="bbox 219 4775 1916 4845">
     <span class='ocr_line' id='line_1_64' title="bbox 219 4775 1916 4845; baseline 0.001 -18"><span class='ocrx_word' id='word_1_457' title='bbox 219 4778 359 4830; x_wconf 87' lang='lat' dir='ltr'><strong><em>tium</em></strong></span> <span class='ocrx_word' id='word_1_458' title='bbox 394 4777 698 4829; x_wconf 86' lang='lat' dir='ltr'><strong><em>horrorem</em></strong></span> <span class='ocrx_word' id='word_1_459' title='bbox 731 4791 904 4844; x_wconf 89' lang='lat' dir='ltr'><strong><em>sapor</em></strong></span> <span class='ocrx_word' id='word_1_460' title='bbox 929 4775 1091 4845; x_wconf 89' lang='lat' dir='ltr'><strong><em>panis</em></strong></span> <span class='ocrx_word' id='word_1_461' title='bbox 1123 4781 1178 4829; x_wconf 89' lang='lat' dir='ltr'><strong><em>et</em></strong></span> <span class='ocrx_word' id='word_1_462' title='bbox 1205 4775 1325 4827; x_wconf 91' lang='lat' dir='ltr'><strong><em>vini</em></strong></span> <span class='ocrx_word' id='word_1_463' title='bbox 1355 4779 1634 4838; x_wconf 83' lang='lat' dir='ltr'><strong><em>remanet,</em></strong></span> <span class='ocrx_word' id='word_1_464' title='bbox 1677 4780 1733 4827; x_wconf 89' lang='lat' dir='ltr'><strong><em>et</em></strong></span> <span class='ocrx_word' id='word_1_465' title='bbox 1762 4775 1916 4843; x_wconf 81' lang='lat' dir='ltr'><strong><em>ﬁgu-</em></strong></span> 
     </span>
    </p>
   </div>
   <div class='ocr_carea' id='block_1_65' title="bbox 220 4845 1916 4914">
    <p class='ocr_par' dir='ltr' id='par_1_65' title="bbox 220 4845 1916 4914">
     <span class='ocr_line' id='line_1_65' title="bbox 220 4845 1916 4914; baseline 0 -16"><span class='ocrx_word' id='word_1_466' title='bbox 220 4863 275 4899; x_wconf 89' lang='lat' dir='ltr'><strong><em>ra</em></strong></span> <span class='ocrx_word' id='word_1_467' title='bbox 307 4847 362 4900; x_wconf 92' lang='lat' dir='ltr'><strong><em>in</em></strong></span> <span class='ocrx_word' id='word_1_468' title='bbox 403 4846 809 4909; x_wconf 72' lang='lat' dir='ltr'><strong><em>substantia-tn,</em></strong></span> <span class='ocrx_word' id='word_1_469' title='bbox 846 4846 1133 4899; x_wconf 84' lang='lat' dir='ltr'><strong><em>naturain</em></strong></span> <span class='ocrx_word' id='word_1_470' title='bbox 1180 4862 1386 4914; x_wconf 89' lang='lat' dir='ltr'><strong><em>corpus</em></strong></span> <span class='ocrx_word' id='word_1_471' title='bbox 1420 4845 1627 4898; x_wconf 87' lang='lat' dir='ltr'><strong><em>Christi</em></strong></span> <span class='ocrx_word' id='word_1_472' title='bbox 1675 4851 1730 4899; x_wconf 88' lang='lat' dir='ltr'><strong><em>et</em></strong></span> <span class='ocrx_word' id='word_1_473' title='bbox 1778 4862 1916 4898; x_wconf 88' lang='lat' dir='ltr'><strong><em>san-</em></strong></span> 
     </span>
    </p>
   </div>
   <div class='ocr_carea' id='block_1_66' title="bbox 219 4916 1915 4985">
    <p class='ocr_par' dir='ltr' id='par_1_66' title="bbox 219 4916 1915 4985">
     <span class='ocr_line' id='line_1_66' title="bbox 219 4916 1915 4985; baseline 0.001 -18"><span class='ocrx_word' id='word_1_474' title='bbox 219 4918 450 4985; x_wconf 84' lang='lat' dir='ltr'><strong><em>guinem</em></strong></span> <span class='ocrx_word' id='word_1_475' title='bbox 509 4932 777 4969; x_wconf 86' lang='lat' dir='ltr'><strong><em>conversa</em></strong></span> <span class='ocrx_word' id='word_1_476' title='bbox 818 4933 830 4969; x_wconf 87' lang='lat'><strong>:</strong></span> <span class='ocrx_word' id='word_1_477' title='bbox 860 4917 954 4969; x_wconf 89' lang='lat' dir='ltr'><strong><em>sed</em></strong></span> <span class='ocrx_word' id='word_1_478' title='bbox 992 4916 1142 4969; x_wconf 89' lang='lat' dir='ltr'><strong><em>aliud</em></strong></span> <span class='ocrx_word' id='word_1_479' title='bbox 1179 4916 1527 4970; x_wconf 83' lang='lat' dir='ltr'><strong><em>renuntiavit</em></strong></span> <span class='ocrx_word' id='word_1_480' title='bbox 1561 4932 1757 4969; x_wconf 89' lang='lat' dir='ltr'><strong><em>sensus</em></strong></span> <span class='ocrx_word' id='word_1_481' title='bbox 1787 4932 1915 4968; x_wconf 86' lang='lat' dir='ltr'><strong><em>car—</em></strong></span> 
     </span>
    </p>
   </div>
   <div class='ocr_carea' id='block_1_67' title="bbox 221 4987 1914 5046">
    <p class='ocr_par' dir='ltr' id='par_1_67' title="bbox 221 4987 1914 5046">
     <span class='ocr_line' id='line_1_67' title="bbox 221 4987 1914 5046; baseline 0.001 -8"><span class='ocrx_word' id='word_1_482' title='bbox 221 4988 319 5046; x_wconf 73' lang='lat' dir='ltr'><strong><em>nis,</em></strong></span> <span class='ocrx_word' id='word_1_483' title='bbox 365 4987 525 5040; x_wconf 88' lang='lat' dir='ltr'><strong><em>aliud</em></strong></span> <span class='ocrx_word' id='word_1_484' title='bbox 573 4987 860 5040; x_wconf 89' lang='lat' dir='ltr'><strong><em>renuntiat</em></strong></span> <span class='ocrx_word' id='word_1_485' title='bbox 902 4988 1043 5041; x_wconf 85' lang='lat' dir='ltr'><strong><em>tides</em></strong></span> <span class='ocrx_word' id='word_1_486' title='bbox 1091 4987 1318 5040; x_wconf 89' lang='lat' dir='ltr'><strong><em>mentis.</em></strong></span> <span class='ocrx_word' id='word_1_487' title='bbox 1366 5009 1393 5035; x_wconf 89' lang='grc'><strong>››</strong></span> <span class='ocrx_word' id='word_1_488' title='bbox 1443 4989 1616 5040; x_wconf 90' lang='lat' dir='ltr'><strong><em>Porro</em></strong></span> <span class='ocrx_word' id='word_1_489' title='bbox 1642 4987 1762 5040; x_wconf 67' lang='lat' dir='ltr'><strong><em>hinc</em></strong></span> <span class='ocrx_word' id='word_1_490' title='bbox 1799 5003 1914 5039; x_wconf 85' lang='lat' dir='ltr'><strong><em>non</em></strong></span> 
     </span>
    </p>
   </div>
   <div class='ocr_carea' id='block_1_68' title="bbox 216 5057 1915 5125">
    <p class='ocr_par' dir='ltr' id='par_1_68' title="bbox 216 5057 1915 5125">
     <span class='ocr_line' id='line_1_68' title="bbox 216 5057 1915 5125; baseline 0.001 -16"><span class='ocrx_word' id='word_1_491' title='bbox 216 5058 489 5112; x_wconf 81' lang='lat' dir='ltr'><strong><em>ditfernnt</em></strong></span> <span class='ocrx_word' id='word_1_492' title='bbox 521 5058 592 5110; x_wconf 88' lang='lat' dir='ltr'><strong><em>ab</em></strong></span> <span class='ocrx_word' id='word_1_493' title='bbox 641 5059 727 5110; x_wconf 90' lang='lat' dir='ltr'><strong><em>his</em></strong></span> <span class='ocrx_word' id='word_1_494' title='bbox 778 5074 906 5125; x_wconf 68' lang='lat' dir='ltr'><strong><em>qua:</em></strong></span> <span class='ocrx_word' id='word_1_495' title='bbox 943 5060 1260 5111; x_wconf 89' lang='lat' dir='ltr'><strong><em>decernunt</em></strong></span> <span class='ocrx_word' id='word_1_496' title='bbox 1307 5057 1640 5112; x_wconf 81' lang='lat' dir='ltr'><strong><em>Anastasius</em></strong></span> <span class='ocrx_word' id='word_1_497' title='bbox 1696 5057 1915 5110; x_wconf 88' lang='lat' dir='ltr'><strong><em>Sinaita</em></strong></span> 
     </span>
    </p>
   </div>
   <div class='ocr_carea' id='block_1_69' title="bbox 218 5128 1910 5198">
    <p class='ocr_par' dir='ltr' id='par_1_69' title="bbox 218 5128 1910 5198">
     <span class='ocr_line' id='line_1_69' title="bbox 218 5128 1910 5198; baseline 0 -18"><span class='ocrx_word' id='word_1_498' title='bbox 218 5129 357 5182; x_wconf 89' lang='lat' dir='ltr'><strong><em>libro</em></strong></span> <span class='ocrx_word' id='word_1_499' title='bbox 389 5147 465 5182; x_wconf 85' lang='lat' dir='ltr'><strong><em>xu</em></strong></span> <span class='ocrx_word' id='word_1_500' title='bbox 499 5128 944 5196; x_wconf 77' lang='lat' dir='ltr'><strong><em>anagogicarum</em></strong></span> <span class='ocrx_word' id='word_1_501' title='bbox 993 5128 1549 5198; x_wconf 90' lang='lat' dir='ltr'><strong><em>Contemplationum</em></strong></span> <span class='ocrx_word' id='word_1_502' title='bbox 1596 5128 1652 5180; x_wconf 91' lang='lat' dir='ltr'><strong><em>in</em></strong></span> <span class='ocrx_word' id='word_1_503' title='bbox 1701 5129 1910 5182; x_wconf 81' lang='lat' dir='ltr'><strong><em>Hexae-</em></strong></span> 
     </span>
    </p>
   </div>
   <div class='ocr_carea' id='block_1_70' title="bbox 219 5198 1914 5272">
    <p class='ocr_par' dir='ltr' id='par_1_70' title="bbox 219 5198 1914 5272">
     <span class='ocr_line' id='line_1_70' title="bbox 219 5198 1914 5272; baseline -0.002 -21"><span class='ocrx_word' id='word_1_504' title='bbox 219 5215 408 5253; x_wconf 86' lang='lat' dir='ltr'><strong><em>meron</em></strong></span> <span class='ocrx_word' id='word_1_505' title='bbox 441 5216 455 5252; x_wconf 86' lang='lat'><strong>:</strong></span> <span class='ocrx_word' id='word_1_506' title='bbox 507 5199 584 5249; x_wconf 65' lang='grc' dir='ltr'><strong><em>Οὐ</em></strong></span> <span class='ocrx_word' id='word_1_507' title='bbox 615 5203 730 5271; x_wconf 79' lang='grc' dir='ltr'>περὶ</span> <span class='ocrx_word' id='word_1_508' title='bbox 785 5206 876 5258; x_wconf 74' lang='grc' dir='ltr'><strong><em>τῆς</em></strong></span> <span class='ocrx_word' id='word_1_509' title='bbox 909 5200 1158 5271; x_wconf 75' lang='grc' dir='ltr'><strong><em>ὀρωμένος</em></strong></span> <span class='ocrx_word' id='word_1_510' title='bbox 1213 5198 1372 5250; x_wconf 70' lang='grc' dir='ltr'><strong><em>αὐτοῦ</em></strong></span> <span class='ocrx_word' id='word_1_511' title='bbox 1425 5202 1614 5272; x_wconf 77' lang='grc' dir='ltr'><strong><em>σαρκὸς</em></strong></span> <span class='ocrx_word' id='word_1_512' title='bbox 1647 5203 1732 5248; x_wconf 80' lang='grc' dir='ltr'><strong><em>καὶ</em></strong></span> <span class='ocrx_word' id='word_1_513' title='bbox 1763 5200 1914 5268; x_wconf 72' lang='grc' dir='ltr'><em>αἱμά-</em></span> 
     </span>
    </p>
   </div>
   <div class='ocr_carea' id='block_1_71' title="bbox 215 5269 1912 5340">
    <p class='ocr_par' dir='ltr' id='par_1_71' title="bbox 215 5269 1912 5340">
     <span class='ocr_line' id='line_1_71' title="bbox 215 5269 1912 5340; baseline 0.002 -21"><span class='ocrx_word' id='word_1_514' title='bbox 215 5287 292 5330; x_wconf 80' lang='grc' dir='ltr'><strong><em>τος</em></strong></span> <span class='ocrx_word' id='word_1_515' title='bbox 321 5271 496 5340; x_wconf 67' lang='grc' dir='ltr'><strong><em>λέγεις</em></strong></span> <span class='ocrx_word' id='word_1_516' title='bbox 542 5276 598 5322; x_wconf 90' lang='lat' dir='ltr'><strong><em>et</em></strong></span> <span class='ocrx_word' id='word_1_517' title='bbox 630 5269 760 5322; x_wconf 76' lang='lat' dir='ltr'><strong><em>ante</em></strong></span> <span class='ocrx_word' id='word_1_518' title='bbox 809 5269 995 5338; x_wconf 85' lang='lat' dir='ltr'><strong><em>ipsum</em></strong></span> <span class='ocrx_word' id='word_1_519' title='bbox 1034 5269 1089 5323; x_wconf 94' lang='lat' dir='ltr'><strong><em>S.</em></strong></span> <span class='ocrx_word' id='word_1_520' title='bbox 1144 5271 1444 5340; x_wconf 86' lang='lat' dir='ltr'><strong><em>Dionysius</em></strong></span> <span class='ocrx_word' id='word_1_521' title='bbox 1481 5269 1604 5340; x_wconf 76' lang='lat' dir='ltr'><strong><em>cap.</em></strong></span> <span class='ocrx_word' id='word_1_522' title='bbox 1647 5286 1727 5340; x_wconf 72' lang='lat' dir='ltr'><strong><em>ut</em></strong></span> <span class='ocrx_word' id='word_1_523' title='bbox 1777 5269 1912 5324; x_wconf 86' lang='lat' dir='ltr'><strong><em>Ilie—</em></strong></span> 
     </span>
    </p>
   </div>
   <div class='ocr_carea' id='block_1_72' title="bbox 218 5338 1907 5409">
    <p class='ocr_par' dir='ltr' id='par_1_72' title="bbox 218 5338 1907 5409">
     <span class='ocr_line' id='line_1_72' title="bbox 218 5338 1907 5409; baseline 0.001 -18"><span class='ocrx_word' id='word_1_524' title='bbox 218 5338 470 5402; x_wconf 66' lang='lat' dir='ltr'><strong><em>rarchim,</em></strong></span> <span class='ocrx_word' id='word_1_525' title='bbox 535 5355 664 5408; x_wconf 85' lang='lat' dir='ltr'><strong><em>pag.</em></strong></span> <span class='ocrx_word' id='word_1_526' title='bbox 721 5342 846 5402; x_wconf 73' lang='grc'>286,</span> <span class='ocrx_word' id='word_1_527' title='bbox 909 5357 1055 5408; x_wconf 87' lang='lat' dir='ltr'><strong><em>quos</em></strong></span> <span class='ocrx_word' id='word_1_528' title='bbox 1109 5338 1348 5393; x_wconf 84' lang='lat' dir='ltr'><strong><em>citamus</em></strong></span> <span class='ocrx_word' id='word_1_529' title='bbox 1403 5341 1459 5392; x_wconf 91' lang='lat' dir='ltr'><strong><em>in</em></strong></span> <span class='ocrx_word' id='word_1_530' title='bbox 1514 5338 1848 5409; x_wconf 63' lang='lat' dir='ltr'><strong><em>pi‘mfatione</em></strong></span> <span class='ocrx_word' id='word_1_531' title='bbox 1895 5356 1907 5392; x_wconf 90' lang='lat'>:</span> 
     </span>
    </p>
   </div>
   <div class='ocr_carea' id='block_1_73' title="bbox 215 5410 1910 5489">
    <p class='ocr_par' dir='ltr' id='par_1_73' title="bbox 215 5410 1910 5489">
     <span class='ocr_line' id='line_1_73' title="bbox 215 5410 1910 5489; baseline -0.002 -27"><span class='ocrx_word' id='word_1_532' title='bbox 215 5410 380 5474; x_wconf 68' lang='grc' dir='ltr'><strong><em>Ἀλλὰ,</em></strong></span> <span class='ocrx_word' id='word_1_533' title='bbox 431 5411 456 5462; x_wconf 79' lang='grc' dir='ltr'>ὁ</span> <span class='ocrx_word' id='word_1_534' title='bbox 507 5413 746 5466; x_wconf 64' lang='lat' dir='ltr'><strong><em>Quorum</em></strong></span> <span class='ocrx_word' id='word_1_535' title='bbox 796 5414 881 5459; x_wconf 82' lang='grc' dir='ltr'><strong><em>καὶ</em></strong></span> <span class='ocrx_word' id='word_1_536' title='bbox 938 5412 1048 5481; x_wconf 81' lang='grc' dir='ltr'><strong><em>ἱερὰ</em></strong></span> <span class='ocrx_word' id='word_1_537' title='bbox 1093 5410 1288 5472; x_wconf 72' lang='grc' dir='ltr'><strong><em>τελετὴ,</em></strong></span> <span class='ocrx_word' id='word_1_538' title='bbox 1336 5413 1401 5461; x_wconf 77' lang='grc' dir='ltr'><strong><em>τὰ</em></strong></span> <span class='ocrx_word' id='word_1_539' title='bbox 1445 5413 1769 5489; x_wconf 43' lang='grc' dir='ltr'><strong><em>περικειλαένα</em></strong></span> <span class='ocrx_word' id='word_1_540' title='bbox 1828 5429 1910 5460; x_wconf 83' lang='grc' dir='ltr'><strong><em>σοι</em></strong></span> 
     </span>
    </p>
   </div>
   <div class='ocr_carea' id='block_1_74' title="bbox 217 5479 1907 5552">
    <p class='ocr_par' dir='ltr' id='par_1_74' title="bbox 217 5479 1907 5552">
     <span class='ocr_line' id='line_1_74' title="bbox 217 5479 1907 5552; baseline -0.001 -21"><span class='ocrx_word' id='word_1_541' title='bbox 217 5482 537 5552; x_wconf 69' lang='grc' dir='ltr'><strong><em>συμϐολικῶς</em></strong></span> <span class='ocrx_word' id='word_1_542' title='bbox 576 5479 916 5552; x_wconf 58' lang='grc' dir='ltr'><strong><em>ἀμφιέσμριτα</em></strong></span> <span class='ocrx_word' id='word_1_543' title='bbox 941 5479 1041 5530; x_wconf 75' lang='grc' dir='ltr'><strong><em>τῶν</em></strong></span> <span class='ocrx_word' id='word_1_544' title='bbox 1094 5480 1412 5552; x_wconf 59' lang='lat' dir='ltr'><strong><em>uiue/pta:er</em></strong></span> <span class='ocrx_word' id='word_1_545' title='bbox 1468 5479 1907 5552; x_wconf 52' lang='grc' dir='ltr'><strong><em>ἀίτοκαλυψαμμένη</em></strong></span> 
     </span>
    </p>
   </div>
   <div class='ocr_carea' id='block_1_75' title="bbox 217 5531 1910 5624">
    <p class='ocr_par' dir='ltr' id='par_1_75' title="bbox 217 5531 1910 5624">
     <span class='ocr_line' id='line_1_75' title="bbox 217 5531 1910 5624; baseline 0.001 -24"><span class='ocrx_word' id='word_1_546' title='bbox 217 5537 478 5623; x_wconf 53' lang='grc' dir='ltr'><strong><em>τηλαυγῶς</em></strong></span> <span class='ocrx_word' id='word_1_547' title='bbox 525 5531 670 5622; x_wconf 49' lang='grc' dir='ltr'><strong><em>ἡμῖν’</em></strong></span> <span class='ocrx_word' id='word_1_548' title='bbox 695 5533 1064 5620; x_wconf 50' lang='lat' dir='ltr'><strong><em>obsidiis/Buri,</em></strong></span> <span class='ocrx_word' id='word_1_549' title='bbox 1095 5555 1182 5601; x_wconf 78' lang='grc' dir='ltr'><strong><em>καὶ</em></strong></span> <span class='ocrx_word' id='word_1_550' title='bbox 1209 5531 1324 5611; x_wconf 47' lang='grc' dir='ltr'><strong><em>Ιἑὰς</em></strong></span> <span class='ocrx_word' id='word_1_551' title='bbox 1364 5554 1539 5624; x_wconf 72' lang='grc' dir='ltr'><strong><em>νοερᾶς</em></strong></span> <span class='ocrx_word' id='word_1_552' title='bbox 1585 5556 1728 5622; x_wconf 66' lang='grc' dir='ltr'><strong><em>ἡμῶν</em></strong></span> <span class='ocrx_word' id='word_1_553' title='bbox 1767 5531 1910 5620; x_wconf 56' lang='grc' dir='ltr'><strong><em>ἕψεις</em></strong></span> 
     </span>
    </p>
   </div>
   <div class='ocr_carea' id='block_1_76' title="bbox 218 5621 1904 5695">
    <p class='ocr_par' dir='ltr' id='par_1_76' title="bbox 218 5621 1904 5695">
     <span class='ocr_line' id='line_1_76' title="bbox 218 5621 1904 5695; baseline -0.001 -19"><span class='ocrx_word' id='word_1_554' title='bbox 218 5623 351 5692; x_wconf 66' lang='grc' dir='ltr'><strong><em>ἡμῶν</em></strong></span> <span class='ocrx_word' id='word_1_555' title='bbox 381 5621 388 5623; x_wconf 39' lang='grc'><strong><em>⁷</em></strong></span> <span class='ocrx_word' id='word_1_556' title='bbox 417 5621 607 5675; x_wconf 61' lang='lat' dir='ltr'><strong><em>emas</em></strong></span> <span class='ocrx_word' id='word_1_557' title='bbox 666 5627 753 5672; x_wconf 69' lang='grc' dir='ltr'><strong><em>καὶ</em></strong></span> <span class='ocrx_word' id='word_1_558' title='bbox 816 5621 1229 5695; x_wconf 66' lang='grc' dir='ltr'><strong><em>ἀπερικαλὺπὲον</em></strong></span> <span class='ocrx_word' id='word_1_559' title='bbox 1288 5621 1454 5692; x_wconf 68' lang='grc' dir='ltr'><strong><em>φωτὸέ</em></strong></span> <span class='ocrx_word' id='word_1_560' title='bbox 1508 5621 1904 5694; x_wconf 73' lang='grc' dir='ltr'><strong><em>ἀποπληρωσον.</em></strong></span> 
     </span>
    </p>
   </div>
   <div class='ocr_carea' id='block_1_77' title="bbox 219 5694 1910 5761">
    <p class='ocr_par' dir='ltr' id='par_1_77' title="bbox 219 5694 1910 5761">
     <span class='ocr_line' id='line_1_77' title="bbox 219 5694 1910 5761; baseline 0 -17"><span class='ocrx_word' id='word_1_561' title='bbox 219 5695 320 5747; x_wconf 82' lang='lat' dir='ltr'><strong><em>Sed</em></strong></span> <span class='ocrx_word' id='word_1_562' title='bbox 345 5700 453 5761; x_wconf 86' lang='lat' dir='ltr'><strong><em>tuo,</em></strong></span> <span class='ocrx_word' id='word_1_563' title='bbox 485 5695 894 5747; x_wconf 84' lang='lat' dir='ltr'><strong><em>divinissimum</em></strong></span> <span class='ocrx_word' id='word_1_564' title='bbox 918 5694 1346 5756; x_wconf 80' lang='lat' dir='ltr'><strong><em>sacramentum,</em></strong></span> <span class='ocrx_word' id='word_1_565' title='bbox 1386 5696 1770 5761; x_wconf 65' lang='lat' dir='ltr'><strong><em>circumposuit</em></strong></span> <span class='ocrx_word' id='word_1_566' title='bbox 1810 5694 1910 5745; x_wconf 87' lang='lat' dir='ltr'><strong><em>tibi</em></strong></span> 
     </span>
    </p>
   </div>
   <div class='ocr_carea' id='block_1_78' title="bbox 217 5764 1909 5834">
    <p class='ocr_par' dir='ltr' id='par_1_78' title="bbox 217 5764 1909 5834">
     <span class='ocr_line' id='line_1_78' title="bbox 217 5764 1909 5834; baseline 0.001 -18"><span class='ocrx_word' id='word_1_567' title='bbox 217 5766 493 5830; x_wconf 70' lang='lat' dir='ltr'><strong><em>symbolice</em></strong></span> <span class='ocrx_word' id='word_1_568' title='bbox 549 5768 898 5830; x_wconf 79' lang='lat' dir='ltr'><strong><em>aenigmatum</em></strong></span> <span class='ocrx_word' id='word_1_569' title='bbox 961 5767 1294 5834; x_wconf 84' lang='lat' dir='ltr'><strong><em>operimenta</em></strong></span> <span class='ocrx_word' id='word_1_570' title='bbox 1352 5766 1617 5829; x_wconf 78' lang='lat' dir='ltr'><strong><em>revelans,</em></strong></span> <span class='ocrx_word' id='word_1_571' title='bbox 1703 5764 1909 5833; x_wconf 68' lang='lat' dir='ltr'><strong><em>timido</em></strong></span> 
     </span>
    </p>
   </div>
   <div class='ocr_carea' id='block_1_79' title="bbox 2022 539 3007 607">
    <p class='ocr_par' dir='ltr' id='par_1_79' title="bbox 2022 539 3007 607">
     <span class='ocr_line' id='line_1_79' title="bbox 2022 539 3007 607; baseline 0.002 -18"><span class='ocrx_word' id='word_1_572' title='bbox 2022 539 2209 605; x_wconf 87' lang='lat' dir='ltr'><strong><em>gulari</em></strong></span> <span class='ocrx_word' id='word_1_573' title='bbox 2239 544 2288 590; x_wconf 88' lang='lat' dir='ltr'><strong><em>et</em></strong></span> <span class='ocrx_word' id='word_1_574' title='bbox 2319 544 2510 606; x_wconf 86' lang='lat' dir='ltr'><strong><em>aperta</em></strong></span> <span class='ocrx_word' id='word_1_575' title='bbox 2539 539 2652 591; x_wconf 87' lang='lat' dir='ltr'><strong><em>luce</em></strong></span> <span class='ocrx_word' id='word_1_576' title='bbox 2690 539 3007 607; x_wconf 85' lang='lat' dir='ltr'><strong><em>adimpleto.</em></strong></span> 
     </span>
    </p>
   </div>
   <div class='ocr_carea' id='block_1_80' title="bbox 2092 608 3706 678">
    <p class='ocr_par' dir='ltr' id='par_1_80' title="bbox 2092 608 3706 678">
     <span class='ocr_line' id='line_1_80' title="bbox 2092 608 3706 678; baseline 0.003 -16"><span class='ocrx_word' id='word_1_577' title='bbox 2092 608 2178 662; x_wconf 82' lang='lat' dir='ltr'><strong><em>Xl.</em></strong></span> <span class='ocrx_word' id='word_1_578' title='bbox 2219 613 2363 678; x_wconf 76' lang='lat' dir='ltr'><strong><em>(pag.</em></strong></span> <span class='ocrx_word' id='word_1_579' title='bbox 2409 611 2533 672; x_wconf 78' lang='lat' dir='ltr'><strong><em>29t,</em></strong></span> <span class='ocrx_word' id='word_1_580' title='bbox 2585 617 2857 662; x_wconf 84' lang='lat' dir='ltr'><strong><em>tmemate</em></strong></span> <span class='ocrx_word' id='word_1_581' title='bbox 2902 626 2982 675; x_wconf 82' lang='grc' dir='ltr'>ιιι,</span> <span class='ocrx_word' id='word_1_582' title='bbox 3033 610 3137 665; x_wconf 90' lang='lat' dir='ltr'><strong><em>sub</em></strong></span> <span class='ocrx_word' id='word_1_583' title='bbox 3181 628 3336 665; x_wconf 91' lang='lat' dir='ltr'><strong><em>num.</em></strong></span> <span class='ocrx_word' id='word_1_584' title='bbox 3393 615 3512 670; x_wconf 80' lang='grc'><strong><em>176.</em></strong></span> <span class='ocrx_word' id='word_1_585' title='bbox 3567 614 3706 667; x_wconf 89' lang='lat' dir='ltr'><strong><em>edit.</em></strong></span> 
     </span>
    </p>
   </div>
   <div class='ocr_carea' id='block_1_81' title="bbox 2022 678 3708 748">
    <p class='ocr_par' dir='ltr' id='par_1_81' title="bbox 2022 678 3708 748">
     <span class='ocr_line' id='line_1_81' title="bbox 2022 678 3708 748; baseline 0.003 -17"><span class='ocrx_word' id='word_1_586' title='bbox 2022 679 2336 732; x_wconf 82' lang='lat' dir='ltr'><strong><em>Amstelod.</em></strong></span> <span class='ocrx_word' id='word_1_587' title='bbox 2384 678 2560 748; x_wconf 83' lang='lat' dir='ltr'><strong><em>t709.)</em></strong></span> <span class='ocrx_word' id='word_1_588' title='bbox 2599 681 2812 734; x_wconf 85' lang='lat' dir='ltr'><strong><em>Nattam</em></strong></span> <span class='ocrx_word' id='word_1_589' title='bbox 2859 688 3038 733; x_wconf 87' lang='lat' dir='ltr'><strong><em>autem</em></strong></span> <span class='ocrx_word' id='word_1_590' title='bbox 3080 689 3139 735; x_wconf 89' lang='lat' dir='ltr'><strong><em>ut</em></strong></span> <span class='ocrx_word' id='word_1_591' title='bbox 3186 686 3536 736; x_wconf 83' lang='lat' dir='ltr'><strong><em>mutationem</em></strong></span> <span class='ocrx_word' id='word_1_592' title='bbox 3580 685 3708 736; x_wconf 84' lang='lat' dir='ltr'><strong><em>sub-</em></strong></span> 
     </span>
    </p>
   </div>
   <div class='ocr_carea' id='block_1_82' title="bbox 2022 751 3711 822">
    <p class='ocr_par' dir='ltr' id='par_1_82' title="bbox 2022 751 3711 822">
     <span class='ocr_line' id='line_1_82' title="bbox 2022 751 3711 822; baseline 0.003 -20"><span class='ocrx_word' id='word_1_593' title='bbox 2022 752 2237 803; x_wconf 71' lang='lat' dir='ltr'><strong><em>stantiae</em></strong></span> <span class='ocrx_word' id='word_1_594' title='bbox 2273 752 2479 815; x_wconf 82' lang='lat' dir='ltr'><strong><em>factum</em></strong></span> <span class='ocrx_word' id='word_1_595' title='bbox 2517 751 2702 818; x_wconf 86' lang='lat' dir='ltr'><strong><em>probet</em></strong></span> <span class='ocrx_word' id='word_1_596' title='bbox 2749 767 2896 804; x_wconf 89' lang='lat' dir='ltr'><strong><em>num.</em></strong></span> <span class='ocrx_word' id='word_1_597' title='bbox 2935 755 3016 814; x_wconf 73' lang='lat'><strong><em>1‘2,</em></strong></span> <span class='ocrx_word' id='word_1_598' title='bbox 3061 754 3134 805; x_wconf 84' lang='lat' dir='ltr'><strong><em>ad</em></strong></span> <span class='ocrx_word' id='word_1_599' title='bbox 3158 755 3431 819; x_wconf 85' lang='lat' dir='ltr'><strong><em>judicium</em></strong></span> <span class='ocrx_word' id='word_1_600' title='bbox 3455 758 3711 822; x_wconf 82' lang='lat' dir='ltr'><strong><em>provocat</em></strong></span> 
     </span>
    </p>
   </div>
   <div class='ocr_carea' id='block_1_83' title="bbox 2023 822 3710 885">
    <p class='ocr_par' dir='ltr' id='par_1_83' title="bbox 2023 822 3710 885">
     <span class='ocr_line' id='line_1_83' title="bbox 2023 822 3710 885; baseline 0.003 -12"><span class='ocrx_word' id='word_1_601' title='bbox 2023 822 2292 873; x_wconf 87' lang='lat' dir='ltr'><strong><em>oculorum</em></strong></span> <span class='ocrx_word' id='word_1_602' title='bbox 2359 838 2421 874; x_wconf 92' lang='lat' dir='ltr'><strong><em>ac</em></strong></span> <span class='ocrx_word' id='word_1_603' title='bbox 2483 836 2752 885; x_wconf 84' lang='lat' dir='ltr'><strong><em>sensuum,</em></strong></span> <span class='ocrx_word' id='word_1_604' title='bbox 2811 837 3027 875; x_wconf 72' lang='lat' dir='ltr'><strong><em>specum</em></strong></span> <span class='ocrx_word' id='word_1_605' title='bbox 3104 839 3385 877; x_wconf 60' lang='lat' dir='ltr'><strong><em>caenum:</em></strong></span> <span class='ocrx_word' id='word_1_606' title='bbox 3462 840 3710 878; x_wconf 69' lang='lat' dir='ltr'><strong><em>penum-</em></strong></span> 
     </span>
    </p>
   </div>
   <div class='ocr_carea' id='block_1_84' title="bbox 2024 893 3711 960">
    <p class='ocr_par' dir='ltr' id='par_1_84' title="bbox 2024 893 3711 960">
     <span class='ocr_line' id='line_1_84' title="bbox 2024 893 3711 960; baseline 0.002 -18"><span class='ocrx_word' id='word_1_607' title='bbox 2024 907 2163 943; x_wconf 78' lang='lat' dir='ltr'><strong><em>SIsse</em></strong></span> <span class='ocrx_word' id='word_1_608' title='bbox 2216 895 2324 954; x_wconf 85' lang='lat' dir='ltr'><strong><em>ait;</em></strong></span> <span class='ocrx_word' id='word_1_609' title='bbox 2361 896 2412 944; x_wconf 88' lang='lat' dir='ltr'><strong><em>et</em></strong></span> <span class='ocrx_word' id='word_1_610' title='bbox 2457 908 2604 944; x_wconf 89' lang='lat' dir='ltr'><strong><em>num.</em></strong></span> <span class='ocrx_word' id='word_1_611' title='bbox 2642 893 2726 951; x_wconf 69' lang='lat' dir='ltr'><strong><em>ti,</em></strong></span> <span class='ocrx_word' id='word_1_612' title='bbox 2785 895 3009 960; x_wconf 80' lang='lat' dir='ltr'><strong><em>speciem</em></strong></span> <span class='ocrx_word' id='word_1_613' title='bbox 3048 898 3098 946; x_wconf 87' lang='lat' dir='ltr'><strong><em>et</em></strong></span> <span class='ocrx_word' id='word_1_614' title='bbox 3140 897 3377 958; x_wconf 83' lang='lat' dir='ltr'><strong><em>formam</em></strong></span> <span class='ocrx_word' id='word_1_615' title='bbox 3415 896 3555 947; x_wconf 83' lang='lat' dir='ltr'><strong><em>nihil</em></strong></span> <span class='ocrx_word' id='word_1_616' title='bbox 3608 896 3711 947; x_wconf 87' lang='lat' dir='ltr'><strong><em>ha-</em></strong></span> 
     </span>
    </p>
   </div>
   <div class='ocr_carea' id='block_1_85' title="bbox 2025 961 3707 1032">
    <p class='ocr_par' dir='ltr' id='par_1_85' title="bbox 2025 961 3707 1032">
     <span class='ocr_line' id='line_1_85' title="bbox 2025 961 3707 1032; baseline 0.002 -19"><span class='ocrx_word' id='word_1_617' title='bbox 2025 961 2142 1014; x_wconf 73' lang='lat' dir='ltr'><strong><em>bere</em></strong></span> <span class='ocrx_word' id='word_1_618' title='bbox 2186 964 2242 1014; x_wconf 88' lang='lat' dir='ltr'><strong><em>in</em></strong></span> <span class='ocrx_word' id='word_1_619' title='bbox 2281 977 2335 1015; x_wconf 89' lang='lat' dir='ltr'><strong><em>se</em></strong></span> <span class='ocrx_word' id='word_1_620' title='bbox 2380 969 2762 1029; x_wconf 72' lang='lat' dir='ltr'><strong><em>permutatum,</em></strong></span> <span class='ocrx_word' id='word_1_621' title='bbox 2815 963 2912 1016; x_wconf 84' lang='lat' dir='ltr'><strong><em>hoc</em></strong></span> <span class='ocrx_word' id='word_1_622' title='bbox 2959 969 3040 1016; x_wconf 87' lang='lat' dir='ltr'><strong><em>est</em></strong></span> <span class='ocrx_word' id='word_1_623' title='bbox 3069 969 3352 1032; x_wconf 85' lang='lat' dir='ltr'><strong><em>propriam</em></strong></span> <span class='ocrx_word' id='word_1_624' title='bbox 3377 968 3659 1018; x_wconf 86' lang='lat' dir='ltr'><strong><em>essentiam</em></strong></span> <span class='ocrx_word' id='word_1_625' title='bbox 3695 981 3707 1017; x_wconf 91' lang='lat'><strong>:</strong></span> 
     </span>
    </p>
   </div>
   <div class='ocr_carea' id='block_1_86' title="bbox 2022 1034 3709 1104">
    <p class='ocr_par' dir='ltr' id='par_1_86' title="bbox 2022 1034 3709 1104">
     <span class='ocr_line' id='line_1_86' title="bbox 2022 1034 3709 1104; baseline 0.002 -20"><span class='ocrx_word' id='word_1_626' title='bbox 2022 1038 2120 1086; x_wconf 89' lang='lat' dir='ltr'><strong><em>aut</em></strong></span> <span class='ocrx_word' id='word_1_627' title='bbox 2148 1035 2196 1085; x_wconf 88' lang='lat' dir='ltr'><strong><em>si</em></strong></span> <span class='ocrx_word' id='word_1_628' title='bbox 2215 1035 2303 1085; x_wconf 89' lang='lat' dir='ltr'><strong><em>cui</em></strong></span> <span class='ocrx_word' id='word_1_629' title='bbox 2331 1035 2415 1104; x_wconf 87' lang='lat' dir='ltr'><strong><em>ita</em></strong></span> <span class='ocrx_word' id='word_1_630' title='bbox 2459 1035 2632 1098; x_wconf 80' lang='lat' dir='ltr'><strong><em>magis</em></strong></span> <span class='ocrx_word' id='word_1_631' title='bbox 2663 1034 2890 1096; x_wconf 85' lang='lat' dir='ltr'><strong><em>arridet,</em></strong></span> <span class='ocrx_word' id='word_1_632' title='bbox 2923 1035 3160 1098; x_wconf 78' lang='lat' dir='ltr'><strong><em>formam</em></strong></span> <span class='ocrx_word' id='word_1_633' title='bbox 3200 1041 3498 1099; x_wconf 70' lang='lat' dir='ltr'><strong><em>aeternam,</em></strong></span> <span class='ocrx_word' id='word_1_634' title='bbox 3547 1051 3709 1104; x_wconf 83' lang='lat' dir='ltr'><strong><em>quam</em></strong></span> 
     </span>
    </p>
   </div>
   <div class='ocr_carea' id='block_1_87' title="bbox 2021 1103 3336 1159">
    <p class='ocr_par' dir='ltr' id='par_1_87' title="bbox 2021 1103 3336 1159">
     <span class='ocr_line' id='line_1_87' title="bbox 2021 1103 3336 1159; baseline 0.002 -4"><span class='ocrx_word' id='word_1_635' title='bbox 2021 1104 2119 1157; x_wconf 83' lang='lat' dir='ltr'><strong><em>illa</em></strong></span> <span class='ocrx_word' id='word_1_636' title='bbox 2147 1107 2294 1157; x_wconf 87' lang='lat' dir='ltr'><strong><em>natio</em></strong></span> <span class='ocrx_word' id='word_1_637' title='bbox 2324 1103 2656 1158; x_wconf 81' lang='lat' dir='ltr'><strong><em>indivutsam</em></strong></span> <span class='ocrx_word' id='word_1_638' title='bbox 2680 1121 2712 1156; x_wconf 87' lang='lat' dir='ltr'><strong><em>a</em></strong></span> <span class='ocrx_word' id='word_1_639' title='bbox 2743 1105 3055 1159; x_wconf 83' lang='lat' dir='ltr'><strong><em>substantia</em></strong></span> <span class='ocrx_word' id='word_1_640' title='bbox 3083 1106 3336 1159; x_wconf 81' lang='lat' dir='ltr'><strong><em>credidit.</em></strong></span> 
     </span>
    </p>
   </div>
   <div class='ocr_carea' id='block_1_88' title="bbox 2732 1227 3036 1266">
    <p class='ocr_par' dir='ltr' id='par_1_88' title="bbox 2732 1227 3036 1266">
     <span class='ocr_line' id='line_1_88' title="bbox 2732 1227 3036 1266; baseline -0.003 -2"><span class='ocrx_word' id='word_1_641' title='bbox 2732 1227 3036 1266; x_wconf 72' lang='lat' dir='ltr'><strong><em>ltEbPONSlO.</em></strong></span> 
     </span>
    </p>
   </div>
   <div class='ocr_carea' id='block_1_89' title="bbox 2099 1314 3715 1372">
    <p class='ocr_par' dir='ltr' id='par_1_89' title="bbox 2099 1314 3715 1372">
     <span class='ocr_line' id='line_1_89' title="bbox 2099 1314 3715 1372; baseline 0 -2"><span class='ocrx_word' id='word_1_642' title='bbox 2099 1314 2322 1370; x_wconf 86' lang='lat' dir='ltr'><strong><em>Utinam</em></strong></span> <span class='ocrx_word' id='word_1_643' title='bbox 2355 1315 2498 1370; x_wconf 89' lang='lat' dir='ltr'><strong><em>nihil</em></strong></span> <span class='ocrx_word' id='word_1_644' title='bbox 2531 1333 2593 1369; x_wconf 81' lang='lat' dir='ltr'><strong><em>ex</em></strong></span> <span class='ocrx_word' id='word_1_645' title='bbox 2630 1317 2813 1370; x_wconf 87' lang='lat' dir='ltr'><strong><em>verbis</em></strong></span> <span class='ocrx_word' id='word_1_646' title='bbox 2857 1317 3148 1372; x_wconf 76' lang='lat' dir='ltr'><strong><em>Ratramni</em></strong></span> <span class='ocrx_word' id='word_1_647' title='bbox 3196 1322 3477 1371; x_wconf 86' lang='lat' dir='ltr'><strong><em>resecaret</em></strong></span> <span class='ocrx_word' id='word_1_648' title='bbox 3510 1317 3715 1372; x_wconf 87' lang='lat' dir='ltr'><strong><em>disser-</em></strong></span> 
     </span>
    </p>
   </div>
   <div class='ocr_carea' id='block_1_90' title="bbox 2023 1387 3716 1456">
    <p class='ocr_par' dir='ltr' id='par_1_90' title="bbox 2023 1387 3716 1456">
     <span class='ocr_line' id='line_1_90' title="bbox 2023 1387 3716 1456; baseline 0.002 -18"><span class='ocrx_word' id='word_1_649' title='bbox 2023 1391 2190 1448; x_wconf 88' lang='lat' dir='ltr'><strong><em>tator,</em></strong></span> <span class='ocrx_word' id='word_1_650' title='bbox 2229 1403 2290 1439; x_wconf 82' lang='lat' dir='ltr'><strong><em>ex</em></strong></span> <span class='ocrx_word' id='word_1_651' title='bbox 2326 1403 2390 1439; x_wconf 88' lang='lat' dir='ltr'><strong><em>eo</em></strong></span> <span class='ocrx_word' id='word_1_652' title='bbox 2432 1387 2584 1440; x_wconf 89' lang='lat' dir='ltr'><strong><em>enim</em></strong></span> <span class='ocrx_word' id='word_1_653' title='bbox 2619 1404 2859 1440; x_wconf 86' lang='lat' dir='ltr'><strong><em>numero</em></strong></span> <span class='ocrx_word' id='word_1_654' title='bbox 2896 1392 2958 1442; x_wconf 80' lang='lat' dir='ltr'><strong><em>t2</em></strong></span> <span class='ocrx_word' id='word_1_655' title='bbox 2995 1389 3342 1456; x_wconf 82' lang='lat' dir='ltr'><strong><em>intelligeret</em></strong></span> <span class='ocrx_word' id='word_1_656' title='bbox 3397 1389 3716 1442; x_wconf 84' lang='lat' dir='ltr'><strong><em>clarissime</em></strong></span> 
     </span>
    </p>
   </div>
   <div class='ocr_carea' id='block_1_91' title="bbox 2024 1457 3713 1528">
    <p class='ocr_par' dir='ltr' id='par_1_91' title="bbox 2024 1457 3713 1528">
     <span class='ocr_line' id='line_1_91' title="bbox 2024 1457 3713 1528; baseline 0.002 -20"><span class='ocrx_word' id='word_1_657' title='bbox 2024 1457 2329 1510; x_wconf 77' lang='lat' dir='ltr'><strong><em>stabilitam</em></strong></span> <span class='ocrx_word' id='word_1_658' title='bbox 2367 1457 2436 1510; x_wconf 90' lang='lat' dir='ltr'><strong><em>ab</em></strong></span> <span class='ocrx_word' id='word_1_659' title='bbox 2471 1458 2590 1528; x_wconf 92' lang='lat' dir='ltr'><strong><em>ipso</em></strong></span> <span class='ocrx_word' id='word_1_660' title='bbox 2624 1459 2932 1512; x_wconf 73' lang='lat' dir='ltr'><strong><em>ltatramno</em></strong></span> <span class='ocrx_word' id='word_1_661' title='bbox 2966 1460 3341 1513; x_wconf 89' lang='lat' dir='ltr'><strong><em>mutationem</em></strong></span> <span class='ocrx_word' id='word_1_662' title='bbox 3384 1459 3713 1512; x_wconf 75' lang='lat' dir='ltr'><strong><em>substantiae</em></strong></span> 
     </span>
    </p>
   </div>
   <div class='ocr_carea' id='block_1_92' title="bbox 2025 1528 3714 1600">
    <p class='ocr_par' dir='ltr' id='par_1_92' title="bbox 2025 1528 3714 1600">
     <span class='ocr_line' id='line_1_92' title="bbox 2025 1528 3714 1600; baseline 0.002 -22"><span class='ocrx_word' id='word_1_663' title='bbox 2025 1528 2203 1600; x_wconf 16' lang='lat' dir='ltr'><strong><em>panis,</em></strong></span> <span class='ocrx_word' id='word_1_664' title='bbox 2242 1528 2300 1580; x_wconf 93' lang='lat' dir='ltr'><strong><em>in</em></strong></span> <span class='ocrx_word' id='word_1_665' title='bbox 2339 1529 2712 1600; x_wconf 83' lang='lat' dir='ltr'><strong><em>substantiam</em></strong></span> <span class='ocrx_word' id='word_1_666' title='bbox 2747 1530 3001 1598; x_wconf 88' lang='lat' dir='ltr'><strong><em>corporis</em></strong></span> <span class='ocrx_word' id='word_1_667' title='bbox 3050 1531 3292 1594; x_wconf 85' lang='lat' dir='ltr'><strong><em>Christi;</em></strong></span> <span class='ocrx_word' id='word_1_668' title='bbox 3339 1529 3555 1600; x_wconf 86' lang='lat' dir='ltr'><strong><em>quippe</em></strong></span> <span class='ocrx_word' id='word_1_669' title='bbox 3601 1547 3714 1583; x_wconf 90' lang='lat' dir='ltr'><strong><em>non</em></strong></span> 
     </span>
    </p>
   </div>
   <div class='ocr_carea' id='block_1_93' title="bbox 2026 1598 3713 1668">
    <p class='ocr_par' dir='ltr' id='par_1_93' title="bbox 2026 1598 3713 1668">
     <span class='ocr_line' id='line_1_93' title="bbox 2026 1598 3713 1668; baseline 0.001 -18"><span class='ocrx_word' id='word_1_670' title='bbox 2026 1599 2104 1650; x_wconf 88' lang='lat' dir='ltr'><strong><em>ait</em></strong></span> <span class='ocrx_word' id='word_1_671' title='bbox 2163 1598 2500 1668; x_wconf 85' lang='lat' dir='ltr'><strong><em>simpliciter</em></strong></span> <span class='ocrx_word' id='word_1_672' title='bbox 2560 1603 2784 1668; x_wconf 82' lang='lat' dir='ltr'><strong><em>speciem</em></strong></span> <span class='ocrx_word' id='word_1_673' title='bbox 2841 1606 3102 1655; x_wconf 78' lang='lat' dir='ltr'><strong><em>creatura:</em></strong></span> <span class='ocrx_word' id='word_1_674' title='bbox 3169 1598 3549 1668; x_wconf 79' lang='lat' dir='ltr'><strong><em>permansisse,</em></strong></span> <span class='ocrx_word' id='word_1_675' title='bbox 3617 1601 3713 1652; x_wconf 90' lang='lat' dir='ltr'><strong><em>sed</em></strong></span> 
     </span>
    </p>
   </div>
   <div class='ocr_carea' id='block_1_94' title="bbox 2024 1672 3715 1741">
    <p class='ocr_par' dir='ltr' id='par_1_94' title="bbox 2024 1672 3715 1741">
     <span class='ocr_line' id='line_1_94' title="bbox 2024 1672 3715 1741; baseline 0.001 -19"><span class='ocrx_word' id='word_1_676' title='bbox 2024 1672 2275 1722; x_wconf 75' lang='lat' dir='ltr'><strong><em>exterius</em></strong></span> <span class='ocrx_word' id='word_1_677' title='bbox 2306 1672 2552 1738; x_wconf 80' lang='lat' dir='ltr'><strong><em>speciem</em></strong></span> <span class='ocrx_word' id='word_1_678' title='bbox 2599 1681 2870 1724; x_wconf 68' lang='lat' dir='ltr'><strong><em>creaturae.</em></strong></span> <span class='ocrx_word' id='word_1_679' title='bbox 2903 1688 3030 1741; x_wconf 61' lang='lat' dir='ltr'><strong><em>quae</em></strong></span> <span class='ocrx_word' id='word_1_680' title='bbox 3056 1677 3184 1724; x_wconf 86' lang='lat' dir='ltr'><strong><em>ante</em></strong></span> <span class='ocrx_word' id='word_1_681' title='bbox 3233 1672 3420 1724; x_wconf 83' lang='lat' dir='ltr'><strong><em>fuerat</em></strong></span> <span class='ocrx_word' id='word_1_682' title='bbox 3451 1672 3715 1740; x_wconf 83' lang='lat' dir='ltr'><strong><em>cognosci</em></strong></span> 
     </span>
    </p>
   </div>
   <div class='ocr_carea' id='block_1_95' title="bbox 2023 1741 3719 1810">
    <p class='ocr_par' dir='ltr' id='par_1_95' title="bbox 2023 1741 3719 1810">
     <span class='ocr_line' id='line_1_95' title="bbox 2023 1741 3719 1810; baseline 0.002 -19"><span class='ocrx_word' id='word_1_683' title='bbox 2023 1741 2425 1809; x_wconf 88' lang='lat' dir='ltr'><strong><em>permansisse.</em></strong></span> <span class='ocrx_word' id='word_1_684' title='bbox 2491 1743 2754 1810; x_wconf 72' lang='lat' dir='ltr'><strong><em>Quoniam</em></strong></span> <span class='ocrx_word' id='word_1_685' title='bbox 2819 1743 3108 1795; x_wconf 86' lang='lat' dir='ltr'><strong><em>secundum</em></strong></span> <span class='ocrx_word' id='word_1_686' title='bbox 3165 1745 3468 1806; x_wconf 85' lang='lat' dir='ltr'><strong><em>veritatem,</em></strong></span> <span class='ocrx_word' id='word_1_687' title='bbox 3526 1741 3582 1796; x_wconf 87' lang='lat' dir='ltr'><strong><em>id</em></strong></span> <span class='ocrx_word' id='word_1_688' title='bbox 3634 1746 3719 1795; x_wconf 85' lang='lat' dir='ltr'><strong><em>est</em></strong></span> 
     </span>
    </p>
   </div>
   <div class='ocr_carea' id='block_1_96' title="bbox 1954 1812 3716 1881">
    <p class='ocr_par' dir='ltr' id='par_1_96' title="bbox 1954 1812 3716 1881">
     <span class='ocr_line' id='line_1_96' title="bbox 1954 1812 3716 1881; baseline 0.002 -19"><span class='ocrx_word' id='word_1_689' title='bbox 1954 1813 2362 1876; x_wconf 78' lang='lat' dir='ltr'><strong><em>Bexteriot‘em</em></strong></span> <span class='ocrx_word' id='word_1_690' title='bbox 2421 1812 2959 1877; x_wconf 80' lang='lat' dir='ltr'><strong><em>manifestationem,</em></strong></span> <span class='ocrx_word' id='word_1_691' title='bbox 3017 1815 3215 1881; x_wconf 78' lang='lat' dir='ltr'><strong><em>species</em></strong></span> <span class='ocrx_word' id='word_1_692' title='bbox 3282 1819 3542 1866; x_wconf 68' lang='lat' dir='ltr'><strong><em>creatura:</em></strong></span> <span class='ocrx_word' id='word_1_693' title='bbox 3599 1828 3716 1879; x_wconf 62' lang='lat' dir='ltr'><strong><em>qua</em></strong></span> 
     </span>
    </p>
   </div>
   <div class='ocr_carea' id='block_1_97' title="bbox 2021 1882 3716 1952">
    <p class='ocr_par' dir='ltr' id='par_1_97' title="bbox 2021 1882 3716 1952">
     <span class='ocr_line' id='line_1_97' title="bbox 2021 1882 3716 1952; baseline 0.001 -18"><span class='ocrx_word' id='word_1_694' title='bbox 2021 1884 2207 1947; x_wconf 84' lang='lat' dir='ltr'><strong><em>fuerat</em></strong></span> <span class='ocrx_word' id='word_1_695' title='bbox 2259 1888 2383 1936; x_wconf 82' lang='lat' dir='ltr'><strong><em>ante</em></strong></span> <span class='ocrx_word' id='word_1_696' title='bbox 2436 1886 2796 1950; x_wconf 82' lang='lat' dir='ltr'><strong><em>permansisse</em></strong></span> <span class='ocrx_word' id='word_1_697' title='bbox 2846 1887 3217 1949; x_wconf 79' lang='lat' dir='ltr'><strong><em>coynoscitur;</em></strong></span> <span class='ocrx_word' id='word_1_698' title='bbox 3279 1884 3432 1952; x_wconf 87' lang='lat' dir='ltr'><strong><em>quod</em></strong></span> <span class='ocrx_word' id='word_1_699' title='bbox 3495 1882 3716 1935; x_wconf 85' lang='lat' dir='ltr'><strong><em>verissi-</em></strong></span> 
     </span>
    </p>
   </div>
   <div class='ocr_carea' id='block_1_98' title="bbox 2025 1953 3713 2022">
    <p class='ocr_par' dir='ltr' id='par_1_98' title="bbox 2025 1953 3713 2022">
     <span class='ocr_line' id='line_1_98' title="bbox 2025 1953 3713 2022; baseline 0.001 -18"><span class='ocrx_word' id='word_1_700' title='bbox 2025 1967 2182 2004; x_wconf 90' lang='lat' dir='ltr'><strong><em>mum</em></strong></span> <span class='ocrx_word' id='word_1_701' title='bbox 2227 1958 2282 2005; x_wconf 89' lang='lat' dir='ltr'><strong><em>et</em></strong></span> <span class='ocrx_word' id='word_1_702' title='bbox 2333 1954 2490 2006; x_wconf 91' lang='lat' dir='ltr'><strong><em>valde</em></strong></span> <span class='ocrx_word' id='word_1_703' title='bbox 2530 1955 2870 2006; x_wconf 88' lang='lat' dir='ltr'><strong><em>catholicum</em></strong></span> <span class='ocrx_word' id='word_1_704' title='bbox 2923 1961 3051 2007; x_wconf 86' lang='lat' dir='ltr'><strong><em>est:</em></strong></span> <span class='ocrx_word' id='word_1_705' title='bbox 3114 1969 3244 2006; x_wconf 90' lang='lat' dir='ltr'><strong><em>cum</em></strong></span> <span class='ocrx_word' id='word_1_706' title='bbox 3298 1953 3471 2007; x_wconf 88' lang='lat' dir='ltr'><strong><em>dubio</em></strong></span> <span class='ocrx_word' id='word_1_707' title='bbox 3519 1953 3713 2022; x_wconf 90' lang='lat' dir='ltr'><strong><em>procul</em></strong></span> 
     </span>
    </p>
   </div>
   <div class='ocr_carea' id='block_1_99' title="bbox 2024 2023 3715 2094">
    <p class='ocr_par' dir='ltr' id='par_1_99' title="bbox 2024 2023 3715 2094">
     <span class='ocr_line' id='line_1_99' title="bbox 2024 2023 3715 2094; baseline 0.001 -20"><span class='ocrx_word' id='word_1_708' title='bbox 2024 2023 2237 2092; x_wconf 82' lang='lat' dir='ltr'><strong><em>species</em></strong></span> <span class='ocrx_word' id='word_1_709' title='bbox 2268 2024 2430 2090; x_wconf 89' lang='lat' dir='ltr'><strong><em>panis</em></strong></span> <span class='ocrx_word' id='word_1_710' title='bbox 2459 2029 2515 2076; x_wconf 89' lang='lat' dir='ltr'><strong><em>et</em></strong></span> <span class='ocrx_word' id='word_1_711' title='bbox 2541 2024 2654 2076; x_wconf 86' lang='lat' dir='ltr'><strong><em>vini</em></strong></span> <span class='ocrx_word' id='word_1_712' title='bbox 2678 2041 2806 2094; x_wconf 66' lang='lat' dir='ltr'><strong><em>quae</em></strong></span> <span class='ocrx_word' id='word_1_713' title='bbox 2837 2029 2970 2077; x_wconf 87' lang='lat' dir='ltr'><strong><em>ante</em></strong></span> <span class='ocrx_word' id='word_1_714' title='bbox 3011 2025 3258 2087; x_wconf 77' lang='lat' dir='ltr'><strong><em>fuerant,</em></strong></span> <span class='ocrx_word' id='word_1_715' title='bbox 3295 2025 3553 2093; x_wconf 89' lang='lat' dir='ltr'><strong><em>adeoque</em></strong></span> <span class='ocrx_word' id='word_1_716' title='bbox 3588 2029 3715 2093; x_wconf 89' lang='lat' dir='ltr'><strong><em>post</em></strong></span> 
     </span>
    </p>
   </div>
   <div class='ocr_carea' id='block_1_100' title="bbox 2024 2094 3717 2164">
    <p class='ocr_par' dir='ltr' id='par_1_100' title="bbox 2024 2094 3717 2164">
     <span class='ocr_line' id='line_1_100' title="bbox 2024 2094 3717 2164; baseline 0.001 -20"><span class='ocrx_word' id='word_1_717' title='bbox 2024 2094 2508 2147; x_wconf 78' lang='lat' dir='ltr'><strong><em>Consecrationem</em></strong></span> <span class='ocrx_word' id='word_1_718' title='bbox 2559 2111 2673 2147; x_wconf 89' lang='lat' dir='ltr'><strong><em>non</em></strong></span> <span class='ocrx_word' id='word_1_719' title='bbox 2716 2101 2870 2158; x_wconf 91' lang='lat' dir='ltr'><strong><em>sunt,</em></strong></span> <span class='ocrx_word' id='word_1_720' title='bbox 2923 2099 3309 2163; x_wconf 84' lang='lat' dir='ltr'><strong><em>permaneant.</em></strong></span> <span class='ocrx_word' id='word_1_721' title='bbox 3361 2095 3717 2164; x_wconf 86' lang='lat' dir='ltr'><strong><em>Quapropter</em></strong></span> 
     </span>
    </p>
   </div>
   <div class='ocr_carea' id='block_1_101' title="bbox 2025 2165 3717 2234">
    <p class='ocr_par' dir='ltr' id='par_1_101' title="bbox 2025 2165 3717 2234">
     <span class='ocr_line' id='line_1_101' title="bbox 2025 2165 3717 2234; baseline 0 -19"><span class='ocrx_word' id='word_1_722' title='bbox 2025 2165 2169 2216; x_wconf 88' lang='lat' dir='ltr'><strong><em>nihil</em></strong></span> <span class='ocrx_word' id='word_1_723' title='bbox 2200 2165 2536 2216; x_wconf 86' lang='lat' dir='ltr'><strong><em>mutationis</em></strong></span> <span class='ocrx_word' id='word_1_724' title='bbox 2556 2165 2737 2217; x_wconf 87' lang='lat' dir='ltr'><strong><em>videri</em></strong></span> <span class='ocrx_word' id='word_1_725' title='bbox 2784 2169 2882 2216; x_wconf 89' lang='lat' dir='ltr'><strong><em>aut</em></strong></span> <span class='ocrx_word' id='word_1_726' title='bbox 2915 2165 3242 2232; x_wconf 89' lang='lat' dir='ltr'><strong><em>recognosci</em></strong></span> <span class='ocrx_word' id='word_1_727' title='bbox 3290 2169 3480 2234; x_wconf 79' lang='lat' dir='ltr'><strong><em>potest</em></strong></span> <span class='ocrx_word' id='word_1_728' title='bbox 3523 2179 3630 2231; x_wconf 86' lang='lat' dir='ltr'><strong><em>ope</em></strong></span> <span class='ocrx_word' id='word_1_729' title='bbox 3661 2169 3717 2216; x_wconf 91' lang='lat' dir='ltr'><strong><em>et</em></strong></span> 
     </span>
    </p>
   </div>
   <div class='ocr_carea' id='block_1_102' title="bbox 2026 2234 3716 2304">
    <p class='ocr_par' dir='ltr' id='par_1_102' title="bbox 2026 2234 3716 2304">
     <span class='ocr_line' id='line_1_102' title="bbox 2026 2234 3716 2304; baseline 0.001 -18"><span class='ocrx_word' id='word_1_730' title='bbox 2026 2234 2342 2286; x_wconf 89' lang='lat' dir='ltr'><strong><em>ministerio</em></strong></span> <span class='ocrx_word' id='word_1_731' title='bbox 2399 2251 2692 2287; x_wconf 87' lang='lat' dir='ltr'><strong><em>sensuum.</em></strong></span> <span class='ocrx_word' id='word_1_732' title='bbox 2760 2237 2858 2288; x_wconf 84' lang='lat' dir='ltr'><strong><em>llic</em></strong></span> <span class='ocrx_word' id='word_1_733' title='bbox 2914 2251 3122 2304; x_wconf 88' lang='lat' dir='ltr'><strong><em>quoque</em></strong></span> <span class='ocrx_word' id='word_1_734' title='bbox 3165 2249 3272 2287; x_wconf 89' lang='lat' dir='ltr'><strong><em>non</em></strong></span> <span class='ocrx_word' id='word_1_735' title='bbox 3315 2237 3414 2288; x_wconf 86' lang='lat' dir='ltr'><strong><em>iste</em></strong></span> <span class='ocrx_word' id='word_1_736' title='bbox 3449 2236 3716 2288; x_wconf 84' lang='lat' dir='ltr'><strong><em>transitus</em></strong></span> 
     </span>
    </p>
   </div>
   <div class='ocr_carea' id='block_1_103' title="bbox 2021 2305 3720 2375">
    <p class='ocr_par' dir='ltr' id='par_1_103' title="bbox 2021 2305 3720 2375">
     <span class='ocr_line' id='line_1_103' title="bbox 2021 2305 3720 2375; baseline 0.002 -23"><span class='ocrx_word' id='word_1_737' title='bbox 2021 2308 2202 2370; x_wconf 80' lang='lat' dir='ltr'><strong><em>factus</em></strong></span> <span class='ocrx_word' id='word_1_738' title='bbox 2233 2320 2342 2358; x_wconf 89' lang='lat' dir='ltr'><strong><em>esse</em></strong></span> <span class='ocrx_word' id='word_1_739' title='bbox 2368 2306 2751 2373; x_wconf 78' lang='lat' dir='ltr'><strong><em>cognoscitur.</em></strong></span> <span class='ocrx_word' id='word_1_740' title='bbox 2789 2307 2925 2358; x_wconf 84' lang='lat' dir='ltr'><strong><em>Nam</em></strong></span> <span class='ocrx_word' id='word_1_741' title='bbox 2975 2311 3035 2358; x_wconf 89' lang='lat' dir='ltr'><strong><em>ut</em></strong></span> <span class='ocrx_word' id='word_1_742' title='bbox 3063 2306 3184 2375; x_wconf 90' lang='lat' dir='ltr'><strong><em>ipse</em></strong></span> <span class='ocrx_word' id='word_1_743' title='bbox 3232 2305 3312 2357; x_wconf 83' lang='lat' dir='ltr'><strong><em>ait</em></strong></span> <span class='ocrx_word' id='word_1_744' title='bbox 3358 2305 3558 2358; x_wconf 90' lang='lat' dir='ltr'><strong><em>eodem</em></strong></span> <span class='ocrx_word' id='word_1_745' title='bbox 3611 2319 3720 2356; x_wconf 83' lang='lat' dir='ltr'><strong><em>nu-</em></strong></span> 
     </span>
    </p>
   </div>
   <div class='ocr_carea' id='block_1_104' title="bbox 2026 2375 3717 2440">
    <p class='ocr_par' dir='ltr' id='par_1_104' title="bbox 2026 2375 3717 2440">
     <span class='ocr_line' id='line_1_104' title="bbox 2026 2375 3717 2440; baseline -0.001 -12"><span class='ocrx_word' id='word_1_746' title='bbox 2026 2391 2183 2428; x_wconf 91' lang='lat' dir='ltr'><strong><em>mero</em></strong></span> <span class='ocrx_word' id='word_1_747' title='bbox 2222 2379 2303 2438; x_wconf 75' lang='lat'><strong><em>1‘2,</em></strong></span> <span class='ocrx_word' id='word_1_748' title='bbox 2339 2375 2396 2428; x_wconf 90' lang='lat' dir='ltr'><strong><em>in</em></strong></span> <span class='ocrx_word' id='word_1_749' title='bbox 2425 2375 2530 2427; x_wconf 88' lang='lat' dir='ltr'><strong><em>isto</em></strong></span> <span class='ocrx_word' id='word_1_750' title='bbox 2582 2384 2958 2440; x_wconf 87' lang='lat' dir='ltr'><strong><em>sacramento,</em></strong></span> <span class='ocrx_word' id='word_1_751' title='bbox 3005 2375 3052 2428; x_wconf 89' lang='lat' dir='ltr'><strong><em>si</em></strong></span> <span class='ocrx_word' id='word_1_752' title='bbox 3100 2381 3322 2429; x_wconf 89' lang='lat' dir='ltr'><strong><em>tantum</em></strong></span> <span class='ocrx_word' id='word_1_753' title='bbox 3366 2375 3423 2428; x_wconf 91' lang='lat' dir='ltr'><strong><em>in</em></strong></span> <span class='ocrx_word' id='word_1_754' title='bbox 3471 2376 3717 2428; x_wconf 77' lang='lat' dir='ltr'><strong><em>veritatis</em></strong></span> 
     </span>
    </p>
   </div>
   <div class='ocr_carea' id='block_1_105' title="bbox 2022 2445 3717 2515">
    <p class='ocr_par' dir='ltr' id='par_1_105' title="bbox 2022 2445 3717 2515">
     <span class='ocr_line' id='line_1_105' title="bbox 2022 2445 3717 2515; baseline -0.001 -17"><span class='ocrx_word' id='word_1_755' title='bbox 2022 2448 2370 2514; x_wconf 83' lang='lat' dir='ltr'><strong><em>simplicitate</em></strong></span> <span class='ocrx_word' id='word_1_756' title='bbox 2424 2448 2803 2501; x_wconf 81' lang='lat' dir='ltr'><strong><em>consideratur</em></strong></span> <span class='ocrx_word' id='word_1_757' title='bbox 2843 2447 2916 2508; x_wconf 79' lang='lat' dir='ltr'><strong><em>(id</em></strong></span> <span class='ocrx_word' id='word_1_758' title='bbox 2951 2451 3035 2499; x_wconf 88' lang='lat' dir='ltr'><strong><em>est</em></strong></span> <span class='ocrx_word' id='word_1_759' title='bbox 3085 2447 3139 2498; x_wconf 91' lang='lat' dir='ltr'><strong><em>in</em></strong></span> <span class='ocrx_word' id='word_1_760' title='bbox 3173 2463 3238 2499; x_wconf 90' lang='lat' dir='ltr'><strong><em>eo</em></strong></span> <span class='ocrx_word' id='word_1_761' title='bbox 3267 2446 3422 2515; x_wconf 89' lang='lat' dir='ltr'><strong><em>quod</em></strong></span> <span class='ocrx_word' id='word_1_762' title='bbox 3471 2445 3717 2498; x_wconf 83' lang='lat' dir='ltr'><strong><em>exterius</em></strong></span> 
     </span>
    </p>
   </div>
   <div class='ocr_carea' id='block_1_106' title="bbox 2021 2515 3719 2587">
    <p class='ocr_par' dir='ltr' id='par_1_106' title="bbox 2021 2515 3719 2587">
     <span class='ocr_line' id='line_1_106' title="bbox 2021 2515 3719 2587; baseline -0.001 -19"><span class='ocrx_word' id='word_1_763' title='bbox 2021 2521 2258 2584; x_wconf 88' lang='lat' dir='ltr'><strong><em>apparet</em></strong></span> <span class='ocrx_word' id='word_1_764' title='bbox 2289 2523 2343 2570; x_wconf 87' lang='lat' dir='ltr'><strong><em>et</em></strong></span> <span class='ocrx_word' id='word_1_765' title='bbox 2371 2517 2630 2570; x_wconf 85' lang='lat' dir='ltr'><strong><em>sensibus</em></strong></span> <span class='ocrx_word' id='word_1_766' title='bbox 2663 2518 3018 2587; x_wconf 86' lang='lat' dir='ltr'><strong><em>percipitur),</em></strong></span> <span class='ocrx_word' id='word_1_767' title='bbox 3049 2521 3099 2570; x_wconf 87' lang='lat' dir='ltr'><strong><em>et</em></strong></span> <span class='ocrx_word' id='word_1_768' title='bbox 3127 2533 3231 2570; x_wconf 89' lang='lat' dir='ltr'><strong><em>non</em></strong></span> <span class='ocrx_word' id='word_1_769' title='bbox 3259 2517 3415 2570; x_wconf 87' lang='lat' dir='ltr'><strong><em>aliud</em></strong></span> <span class='ocrx_word' id='word_1_770' title='bbox 3463 2515 3719 2570; x_wconf 85' lang='lat' dir='ltr'><strong><em>credatur</em></strong></span> 
     </span>
    </p>
   </div>
   <div class='ocr_carea' id='block_1_107' title="bbox 2023 2588 3717 2657">
    <p class='ocr_par' dir='ltr' id='par_1_107' title="bbox 2023 2588 3717 2657">
     <span class='ocr_line' id='line_1_107' title="bbox 2023 2588 3717 2657; baseline 0.001 -19"><span class='ocrx_word' id='word_1_771' title='bbox 2023 2604 2186 2655; x_wconf 89' lang='lat' dir='ltr'><strong><em>quam</em></strong></span> <span class='ocrx_word' id='word_1_772' title='bbox 2225 2588 2368 2655; x_wconf 80' lang='lat' dir='ltr'><strong><em>quod</em></strong></span> <span class='ocrx_word' id='word_1_773' title='bbox 2406 2591 2693 2656; x_wconf 81' lang='lat' dir='ltr'><strong><em>aspicitur,</em></strong></span> <span class='ocrx_word' id='word_1_774' title='bbox 2741 2590 2893 2642; x_wconf 88' lang='lat' dir='ltr'><strong><em>nulla</em></strong></span> <span class='ocrx_word' id='word_1_775' title='bbox 2945 2589 3272 2657; x_wconf 82' lang='lat' dir='ltr'><strong><em>permutatio</em></strong></span> <span class='ocrx_word' id='word_1_776' title='bbox 3327 2591 3480 2652; x_wconf 80' lang='lat' dir='ltr'><strong><em>facta</em></strong></span> <span class='ocrx_word' id='word_1_777' title='bbox 3527 2602 3717 2652; x_wconf 81' lang='lat' dir='ltr'><strong><em>cogno-</em></strong></span> 
     </span>
    </p>
   </div>
   <div class='ocr_carea' id='block_1_108' title="bbox 2022 2657 3714 2728">
    <p class='ocr_par' dir='ltr' id='par_1_108' title="bbox 2022 2657 3714 2728">
     <span class='ocr_line' id='line_1_108' title="bbox 2022 2657 3714 2728; baseline -0.002 -16"><span class='ocrx_word' id='word_1_778' title='bbox 2022 2661 2212 2712; x_wconf 87' lang='lat' dir='ltr'><strong><em>scitur.</em></strong></span> <span class='ocrx_word' id='word_1_779' title='bbox 2259 2659 2376 2710; x_wconf 82' lang='lat' dir='ltr'><strong><em>Non</em></strong></span> <span class='ocrx_word' id='word_1_780' title='bbox 2405 2658 2505 2718; x_wconf 87' lang='lat' dir='ltr'><strong><em>ait,</em></strong></span> <span class='ocrx_word' id='word_1_781' title='bbox 2544 2660 2708 2712; x_wconf 84' lang='lat' dir='ltr'><strong><em>Nulla</em></strong></span> <span class='ocrx_word' id='word_1_782' title='bbox 2750 2659 3099 2728; x_wconf 86' lang='lat' dir='ltr'><strong><em>permutatio</em></strong></span> <span class='ocrx_word' id='word_1_783' title='bbox 3140 2658 3285 2713; x_wconf 79' lang='lat' dir='ltr'><strong><em>facta</em></strong></span> <span class='ocrx_word' id='word_1_784' title='bbox 3332 2673 3453 2710; x_wconf 87' lang='lat' dir='ltr'><strong><em>esse</em></strong></span> <span class='ocrx_word' id='word_1_785' title='bbox 3482 2657 3714 2728; x_wconf 84' lang='lat' dir='ltr'><strong><em>convin-</em></strong></span> 
     </span>
    </p>
   </div>
   <div class='ocr_carea' id='block_1_109' title="bbox 2023 2726 3720 2796">
    <p class='ocr_par' dir='ltr' id='par_1_109' title="bbox 2023 2726 3720 2796">
     <span class='ocr_line' id='line_1_109' title="bbox 2023 2726 3720 2796; baseline -0.002 -15"><span class='ocrx_word' id='word_1_786' title='bbox 2023 2730 2171 2781; x_wconf 91' lang='lat' dir='ltr'><strong><em>citur</em></strong></span> <span class='ocrx_word' id='word_1_787' title='bbox 2211 2735 2310 2781; x_wconf 88' lang='lat' dir='ltr'><strong><em>aut</em></strong></span> <span class='ocrx_word' id='word_1_788' title='bbox 2347 2726 2790 2796; x_wconf 79' lang='lat' dir='ltr'><strong><em>demonstratur,</em></strong></span> <span class='ocrx_word' id='word_1_789' title='bbox 2845 2730 2941 2783; x_wconf 83' lang='lat' dir='ltr'><strong><em>sed</em></strong></span> <span class='ocrx_word' id='word_1_790' title='bbox 2970 2731 3123 2783; x_wconf 86' lang='lat' dir='ltr'><strong><em>nulla</em></strong></span> <span class='ocrx_word' id='word_1_791' title='bbox 3179 2731 3536 2795; x_wconf 85' lang='lat' dir='ltr'><strong><em>cognoscitur,</em></strong></span> <span class='ocrx_word' id='word_1_792' title='bbox 3566 2726 3720 2780; x_wconf 84' lang='lat' dir='ltr'><strong><em>scili-</em></strong></span> 
     </span>
    </p>
   </div>
   <div class='ocr_carea' id='block_1_110' title="bbox 2022 2797 3716 2868">
    <p class='ocr_par' dir='ltr' id='par_1_110' title="bbox 2022 2797 3716 2868">
     <span class='ocr_line' id='line_1_110' title="bbox 2022 2797 3716 2868; baseline -0.001 -16"><span class='ocrx_word' id='word_1_793' title='bbox 2022 2805 2112 2852; x_wconf 85' lang='lat' dir='ltr'><strong><em>cet</em></strong></span> <span class='ocrx_word' id='word_1_794' title='bbox 2142 2799 2458 2852; x_wconf 90' lang='lat' dir='ltr'><strong><em>ministerio</em></strong></span> <span class='ocrx_word' id='word_1_795' title='bbox 2498 2817 2767 2853; x_wconf 87' lang='lat' dir='ltr'><strong><em>sensuum</em></strong></span> <span class='ocrx_word' id='word_1_796' title='bbox 2818 2807 2873 2853; x_wconf 86' lang='lat' dir='ltr'><strong><em>et</em></strong></span> <span class='ocrx_word' id='word_1_797' title='bbox 2918 2803 3216 2853; x_wconf 88' lang='lat' dir='ltr'><strong><em>oculorum</em></strong></span> <span class='ocrx_word' id='word_1_798' title='bbox 3256 2798 3548 2868; x_wconf 85' lang='lat' dir='ltr'><strong><em>aspicitur.</em></strong></span> <span class='ocrx_word' id='word_1_799' title='bbox 3608 2797 3716 2852; x_wconf 88' lang='lat' dir='ltr'><strong><em>Sed</em></strong></span> 
     </span>
    </p>
   </div>
   <div class='ocr_carea' id='block_1_111' title="bbox 2023 2870 3718 2940">
    <p class='ocr_par' dir='ltr' id='par_1_111' title="bbox 2023 2870 3718 2940">
     <span class='ocr_line' id='line_1_111' title="bbox 2023 2870 3718 2940; baseline -0.002 -17"><span class='ocrx_word' id='word_1_800' title='bbox 2023 2871 2066 2923; x_wconf 89' lang='lat' dir='ltr'><strong><em>si</em></strong></span> <span class='ocrx_word' id='word_1_801' title='bbox 2101 2871 2252 2923; x_wconf 88' lang='lat' dir='ltr'><strong><em>aliud</em></strong></span> <span class='ocrx_word' id='word_1_802' title='bbox 2291 2870 2556 2924; x_wconf 91' lang='lat' dir='ltr'><strong><em>credatur</em></strong></span> <span class='ocrx_word' id='word_1_803' title='bbox 2592 2887 2765 2940; x_wconf 86' lang='lat' dir='ltr'><strong><em>quam</em></strong></span> <span class='ocrx_word' id='word_1_804' title='bbox 2812 2871 3084 2940; x_wconf 86' lang='lat' dir='ltr'><strong><em>aspicitur</em></strong></span> <span class='ocrx_word' id='word_1_805' title='bbox 3115 2871 3395 2934; x_wconf 86' lang='lat' dir='ltr'><strong><em>sensibus,</em></strong></span> <span class='ocrx_word' id='word_1_806' title='bbox 3429 2874 3718 2938; x_wconf 84' lang='lat' dir='ltr'><strong><em>permuta-</em></strong></span> 
     </span>
    </p>
   </div>
   <div class='ocr_carea' id='block_1_112' title="bbox 2023 2940 3719 3009">
    <p class='ocr_par' dir='ltr' id='par_1_112' title="bbox 2023 2940 3719 3009">
     <span class='ocr_line' id='line_1_112' title="bbox 2023 2940 3719 3009; baseline -0.001 -17"><span class='ocrx_word' id='word_1_807' title='bbox 2023 2940 2103 2993; x_wconf 90' lang='lat' dir='ltr'><strong><em>tio</em></strong></span> <span class='ocrx_word' id='word_1_808' title='bbox 2134 2941 2275 2994; x_wconf 79' lang='lat' dir='ltr'><strong><em>t‘acta</em></strong></span> <span class='ocrx_word' id='word_1_809' title='bbox 2309 2945 2412 3002; x_wconf 83' lang='lat' dir='ltr'><strong><em>est,</em></strong></span> <span class='ocrx_word' id='word_1_810' title='bbox 2439 2947 2499 2994; x_wconf 94' lang='lat' dir='ltr'><strong><em>ut</em></strong></span> <span class='ocrx_word' id='word_1_811' title='bbox 2535 2942 2615 2994; x_wconf 88' lang='lat' dir='ltr'><strong><em>ait</em></strong></span> <span class='ocrx_word' id='word_1_812' title='bbox 2643 2958 2883 2994; x_wconf 88' lang='lat' dir='ltr'><strong><em>numero</em></strong></span> <span class='ocrx_word' id='word_1_813' title='bbox 2917 2945 2985 2996; x_wconf 88' lang='lat'><strong><em>30</em></strong></span> <span class='ocrx_word' id='word_1_814' title='bbox 3019 2958 3031 2994; x_wconf 91' lang='lat'><strong>:</strong></span> <span class='ocrx_word' id='word_1_815' title='bbox 3071 2942 3181 2994; x_wconf 86' lang='lat' dir='ltr'><strong><em>Sed</em></strong></span> <span class='ocrx_word' id='word_1_816' title='bbox 3221 2957 3344 2996; x_wconf 80' lang='lat' dir='ltr'><strong><em>vere</em></strong></span> <span class='ocrx_word' id='word_1_817' title='bbox 3389 2956 3486 3009; x_wconf 88' lang='lat' dir='ltr'><strong><em>per</em></strong></span> <span class='ocrx_word' id='word_1_818' title='bbox 3523 2944 3719 3008; x_wconf 85' lang='lat' dir='ltr'><strong><em>myste-</em></strong></span> 
     </span>
    </p>
   </div>
   <div class='ocr_carea' id='block_1_113' title="bbox 2023 3010 3722 3080">
    <p class='ocr_par' dir='ltr' id='par_1_113' title="bbox 2023 3010 3722 3080">
     <span class='ocr_line' id='line_1_113' title="bbox 2023 3010 3722 3080; baseline -0.001 -16"><span class='ocrx_word' id='word_1_819' title='bbox 2023 3014 2166 3064; x_wconf 87' lang='lat' dir='ltr'><strong><em>rium</em></strong></span> <span class='ocrx_word' id='word_1_820' title='bbox 2218 3027 2412 3078; x_wconf 86' lang='lat' dir='ltr'><strong><em>panem</em></strong></span> <span class='ocrx_word' id='word_1_821' title='bbox 2469 3017 2520 3066; x_wconf 90' lang='lat' dir='ltr'><strong><em>et</em></strong></span> <span class='ocrx_word' id='word_1_822' title='bbox 2548 3015 2736 3065; x_wconf 82' lang='lat' dir='ltr'><strong><em>vinum</em></strong></span> <span class='ocrx_word' id='word_1_823' title='bbox 2793 3016 2849 3064; x_wconf 87' lang='lat' dir='ltr'><strong><em>in</em></strong></span> <span class='ocrx_word' id='word_1_824' title='bbox 2904 3015 3143 3080; x_wconf 84' lang='lat' dir='ltr'><strong><em>corporis</em></strong></span> <span class='ocrx_word' id='word_1_825' title='bbox 3177 3013 3568 3080; x_wconf 84' lang='lat' dir='ltr'><strong><em>sanguinisque</em></strong></span> <span class='ocrx_word' id='word_1_826' title='bbox 3617 3010 3722 3063; x_wconf 83' lang='lat' dir='ltr'><strong><em>mei</em></strong></span> 
     </span>
    </p>
   </div>
   <div class='ocr_carea' id='block_1_114' title="bbox 2022 3082 3426 3148">
    <p class='ocr_par' dir='ltr' id='par_1_114' title="bbox 2022 3082 3426 3148">
     <span class='ocr_line' id='line_1_114' title="bbox 2022 3082 3426 3148; baseline -0.001 -13"><span class='ocrx_word' id='word_1_827' title='bbox 2022 3097 2276 3135; x_wconf 84' lang='lat' dir='ltr'><strong><em>conversa</em></strong></span> <span class='ocrx_word' id='word_1_828' title='bbox 2299 3082 2681 3148; x_wconf 87' lang='lat' dir='ltr'><strong><em>substantiam,</em></strong></span> <span class='ocrx_word' id='word_1_829' title='bbox 2714 3099 2748 3134; x_wconf 92' lang='lat' dir='ltr'><strong><em>a</em></strong></span> <span class='ocrx_word' id='word_1_830' title='bbox 2779 3082 3116 3135; x_wconf 83' lang='lat' dir='ltr'><strong><em>credentibus</em></strong></span> <span class='ocrx_word' id='word_1_831' title='bbox 3147 3082 3426 3135; x_wconf 84' lang='lat' dir='ltr'><strong><em>sumenda.</em></strong></span> 
     </span>
    </p>
   </div>
   <div class='ocr_carea' id='block_1_115' title="bbox 2097 3150 3716 3220">
    <p class='ocr_par' dir='ltr' id='par_1_115' title="bbox 2097 3150 3716 3220">
     <span class='ocr_line' id='line_1_115' title="bbox 2097 3150 3716 3220; baseline -0.001 -16"><span class='ocrx_word' id='word_1_832' title='bbox 2097 3152 2337 3220; x_wconf 90' lang='lat' dir='ltr'><strong><em>Insuper</em></strong></span> <span class='ocrx_word' id='word_1_833' title='bbox 2369 3152 2540 3204; x_wconf 88' lang='lat' dir='ltr'><strong><em>etiam</em></strong></span> <span class='ocrx_word' id='word_1_834' title='bbox 2576 3153 2695 3204; x_wconf 62' lang='lat' dir='ltr'><strong><em>hinc</em></strong></span> <span class='ocrx_word' id='word_1_835' title='bbox 2726 3153 2914 3214; x_wconf 89' lang='lat' dir='ltr'><strong><em>verba,</em></strong></span> <span class='ocrx_word' id='word_1_836' title='bbox 2948 3168 3012 3203; x_wconf 86' lang='lat' dir='ltr'><strong><em>ex</em></strong></span> <span class='ocrx_word' id='word_1_837' title='bbox 3055 3168 3294 3205; x_wconf 89' lang='lat' dir='ltr'><strong><em>numero</em></strong></span> <span class='ocrx_word' id='word_1_838' title='bbox 3329 3154 3412 3217; x_wconf 76' lang='grc'><strong><em>14,</em></strong></span> <span class='ocrx_word' id='word_1_839' title='bbox 3446 3167 3478 3203; x_wconf 87' lang='lat' dir='ltr'><strong><em>a</em></strong></span> <span class='ocrx_word' id='word_1_840' title='bbox 3509 3150 3716 3204; x_wconf 86' lang='lat' dir='ltr'><strong><em>disser-</em></strong></span> 
     </span>
    </p>
   </div>
   <div class='ocr_carea' id='block_1_116' title="bbox 2025 3222 3719 3290">
    <p class='ocr_par' dir='ltr' id='par_1_116' title="bbox 2025 3222 3719 3290">
     <span class='ocr_line' id='line_1_116' title="bbox 2025 3222 3719 3290; baseline -0.001 -16"><span class='ocrx_word' id='word_1_841' title='bbox 2025 3225 2207 3274; x_wconf 89' lang='lat' dir='ltr'><strong><em>tatore</em></strong></span> <span class='ocrx_word' id='word_1_842' title='bbox 2238 3223 2480 3290; x_wconf 89' lang='lat' dir='ltr'><strong><em>prolata,</em></strong></span> <span class='ocrx_word' id='word_1_843' title='bbox 2512 3224 2737 3290; x_wconf 86' lang='lat' dir='ltr'><strong><em>speciem</em></strong></span> <span class='ocrx_word' id='word_1_844' title='bbox 2763 3225 2813 3275; x_wconf 88' lang='lat' dir='ltr'><strong><em>et</em></strong></span> <span class='ocrx_word' id='word_1_845' title='bbox 2852 3224 3086 3287; x_wconf 85' lang='lat' dir='ltr'><strong><em>formam</em></strong></span> <span class='ocrx_word' id='word_1_846' title='bbox 3117 3223 3258 3274; x_wconf 83' lang='lat' dir='ltr'><strong><em>nihil</em></strong></span> <span class='ocrx_word' id='word_1_847' title='bbox 3307 3222 3502 3275; x_wconf 80' lang='lat' dir='ltr'><strong><em>habere</em></strong></span> <span class='ocrx_word' id='word_1_848' title='bbox 3560 3224 3619 3273; x_wconf 85' lang='lat' dir='ltr'><strong><em>in</em></strong></span> <span class='ocrx_word' id='word_1_849' title='bbox 3665 3235 3719 3273; x_wconf 85' lang='lat' dir='ltr'><strong><em>se</em></strong></span> 
     </span>
    </p>
   </div>
   <div class='ocr_carea' id='block_1_117' title="bbox 2019 3291 3713 3360">
    <p class='ocr_par' dir='ltr' id='par_1_117' title="bbox 2019 3291 3713 3360">
     <span class='ocr_line' id='line_1_117' title="bbox 2019 3291 3713 3360; baseline -0.002 -16"><span class='ocrx_word' id='word_1_850' title='bbox 2019 3297 2408 3359; x_wconf 87' lang='lat' dir='ltr'><strong><em>permutatum,</em></strong></span> <span class='ocrx_word' id='word_1_851' title='bbox 2452 3299 2653 3344; x_wconf 88' lang='lat' dir='ltr'><strong><em>trunca</em></strong></span> <span class='ocrx_word' id='word_1_852' title='bbox 2711 3297 2843 3344; x_wconf 92' lang='lat' dir='ltr'><strong><em>sunt</em></strong></span> <span class='ocrx_word' id='word_1_853' title='bbox 2896 3296 2950 3344; x_wconf 90' lang='lat' dir='ltr'><strong><em>et</em></strong></span> <span class='ocrx_word' id='word_1_854' title='bbox 3001 3292 3261 3344; x_wconf 88' lang='lat' dir='ltr'><strong><em>detorta:</em></strong></span> <span class='ocrx_word' id='word_1_855' title='bbox 3315 3291 3527 3360; x_wconf 88' lang='lat' dir='ltr'><strong><em>quippe</em></strong></span> <span class='ocrx_word' id='word_1_856' title='bbox 3585 3306 3713 3342; x_wconf 90' lang='lat' dir='ltr'><strong><em>cum</em></strong></span> 
     </span>
    </p>
   </div>
   <div class='ocr_carea' id='block_1_118' title="bbox 2023 3362 3715 3432">
    <p class='ocr_par' dir='ltr' id='par_1_118' title="bbox 2023 3362 3715 3432">
     <span class='ocr_line' id='line_1_118' title="bbox 2023 3362 3715 3432; baseline -0.002 -17"><span class='ocrx_word' id='word_1_857' title='bbox 2023 3362 2110 3415; x_wconf 86' lang='lat' dir='ltr'><strong><em>his</em></strong></span> <span class='ocrx_word' id='word_1_858' title='bbox 2137 3363 2458 3431; x_wconf 75' lang='lat' dir='ltr'><strong><em>significare</em></strong></span> <span class='ocrx_word' id='word_1_859' title='bbox 2489 3364 2746 3416; x_wconf 87' lang='lat' dir='ltr'><strong><em>videatur</em></strong></span> <span class='ocrx_word' id='word_1_860' title='bbox 2779 3365 3123 3417; x_wconf 78' lang='lat' dir='ltr'><strong><em>Hatramnus</em></strong></span> <span class='ocrx_word' id='word_1_861' title='bbox 3155 3378 3256 3432; x_wconf 89' lang='lat' dir='ltr'><strong><em>per</em></strong></span> <span class='ocrx_word' id='word_1_862' title='bbox 3303 3362 3550 3430; x_wconf 89' lang='lat' dir='ltr'><strong><em>speciem</em></strong></span> <span class='ocrx_word' id='word_1_863' title='bbox 3595 3376 3715 3413; x_wconf 88' lang='lat' dir='ltr'><strong><em>ma-</em></strong></span> 
     </span>
    </p>
   </div>
   <div class='ocr_carea' id='block_1_119' title="bbox 2022 3432 3714 3502">
    <p class='ocr_par' dir='ltr' id='par_1_119' title="bbox 2022 3432 3714 3502">
     <span class='ocr_line' id='line_1_119' title="bbox 2022 3432 3714 3502; baseline -0.002 -16"><span class='ocrx_word' id='word_1_864' title='bbox 2022 3433 2221 3486; x_wconf 87' lang='lat' dir='ltr'><strong><em>teriam</em></strong></span> <span class='ocrx_word' id='word_1_865' title='bbox 2247 3439 2302 3486; x_wconf 90' lang='lat' dir='ltr'><strong><em>et</em></strong></span> <span class='ocrx_word' id='word_1_866' title='bbox 2334 3435 2573 3487; x_wconf 84' lang='lat' dir='ltr'><strong><em>formam</em></strong></span> <span class='ocrx_word' id='word_1_867' title='bbox 2612 3434 3044 3487; x_wconf 87' lang='lat' dir='ltr'><strong><em>substantialem</em></strong></span> <span class='ocrx_word' id='word_1_868' title='bbox 3077 3433 3241 3502; x_wconf 87' lang='lat' dir='ltr'><strong><em>panis</em></strong></span> <span class='ocrx_word' id='word_1_869' title='bbox 3272 3438 3327 3485; x_wconf 91' lang='lat' dir='ltr'><strong><em>et</em></strong></span> <span class='ocrx_word' id='word_1_870' title='bbox 3350 3432 3463 3484; x_wconf 90' lang='lat' dir='ltr'><strong><em>vini</em></strong></span> <span class='ocrx_word' id='word_1_871' title='bbox 3497 3432 3714 3484; x_wconf 86' lang='lat' dir='ltr'><strong><em>nullam</em></strong></span> 
     </span>
    </p>
   </div>
   <div class='ocr_carea' id='block_1_120' title="bbox 2024 3503 3718 3569">
    <p class='ocr_par' dir='ltr' id='par_1_120' title="bbox 2024 3503 3718 3569">
     <span class='ocr_line' id='line_1_120' title="bbox 2024 3503 3718 3569; baseline -0.001 -13"><span class='ocrx_word' id='word_1_872' title='bbox 2024 3504 2304 3557; x_wconf 87' lang='lat' dir='ltr'><strong><em>sustinere</em></strong></span> <span class='ocrx_word' id='word_1_873' title='bbox 2359 3505 2760 3569; x_wconf 84' lang='lat' dir='ltr'><strong><em>mutationem,</em></strong></span> <span class='ocrx_word' id='word_1_874' title='bbox 2809 3520 2938 3557; x_wconf 89' lang='lat' dir='ltr'><strong><em>cum</em></strong></span> <span class='ocrx_word' id='word_1_875' title='bbox 2996 3509 3227 3557; x_wconf 83' lang='lat' dir='ltr'><strong><em>econtra</em></strong></span> <span class='ocrx_word' id='word_1_876' title='bbox 3277 3503 3322 3555; x_wconf 90' lang='lat' dir='ltr'><strong><em>si</em></strong></span> <span class='ocrx_word' id='word_1_877' title='bbox 3372 3503 3542 3555; x_wconf 84' lang='lat' dir='ltr'><strong><em>verba</em></strong></span> <span class='ocrx_word' id='word_1_878' title='bbox 3597 3503 3718 3556; x_wconf 70' lang='lat' dir='ltr'><strong><em>haec</em></strong></span> 
     </span>
    </p>
   </div>
   <div class='ocr_carea' id='block_1_121' title="bbox 2025 3572 3716 3644">
    <p class='ocr_par' dir='ltr' id='par_1_121' title="bbox 2025 3572 3716 3644">
     <span class='ocr_line' id='line_1_121' title="bbox 2025 3572 3716 3644; baseline -0.001 -17"><span class='ocrx_word' id='word_1_879' title='bbox 2025 3575 2250 3642; x_wconf 86' lang='lat' dir='ltr'><strong><em>integra</em></strong></span> <span class='ocrx_word' id='word_1_880' title='bbox 2295 3581 2350 3628; x_wconf 89' lang='lat' dir='ltr'><strong><em>et</em></strong></span> <span class='ocrx_word' id='word_1_881' title='bbox 2406 3577 2624 3628; x_wconf 88' lang='lat' dir='ltr'><strong><em>sincere</em></strong></span> <span class='ocrx_word' id='word_1_882' title='bbox 2667 3576 3030 3644; x_wconf 86' lang='lat' dir='ltr'><strong><em>proferantur</em></strong></span> <span class='ocrx_word' id='word_1_883' title='bbox 3067 3590 3295 3627; x_wconf 90' lang='lat' dir='ltr'><strong><em>sensum</em></strong></span> <span class='ocrx_word' id='word_1_884' title='bbox 3341 3589 3571 3642; x_wconf 88' lang='lat' dir='ltr'><strong><em>prorsus</em></strong></span> <span class='ocrx_word' id='word_1_885' title='bbox 3618 3572 3716 3644; x_wconf 81' lang='lat' dir='ltr'><strong><em>ad-</em></strong></span> 
     </span>
    </p>
   </div>
   <div class='ocr_carea' id='block_1_122' title="bbox 2023 3643 3717 3714">
    <p class='ocr_par' dir='ltr' id='par_1_122' title="bbox 2023 3643 3717 3714">
     <span class='ocr_line' id='line_1_122' title="bbox 2023 3643 3717 3714; baseline -0.002 -18"><span class='ocrx_word' id='word_1_886' title='bbox 2023 3661 2250 3698; x_wconf 89' lang='lat' dir='ltr'><strong><em>versum</em></strong></span> <span class='ocrx_word' id='word_1_887' title='bbox 2299 3652 2502 3699; x_wconf 87' lang='lat' dir='ltr'><strong><em>sonent</em></strong></span> <span class='ocrx_word' id='word_1_888' title='bbox 2537 3662 2550 3699; x_wconf 89' lang='lat'><strong>:</strong></span> <span class='ocrx_word' id='word_1_889' title='bbox 2584 3643 2800 3699; x_wconf 88' lang='lat' dir='ltr'><strong><em>scilicet</em></strong></span> <span class='ocrx_word' id='word_1_890' title='bbox 2844 3645 3160 3699; x_wconf 86' lang='lat' dir='ltr'><strong><em>secundum</em></strong></span> <span class='ocrx_word' id='word_1_891' title='bbox 3210 3645 3456 3714; x_wconf 88' lang='lat' dir='ltr'><strong><em>speciem</em></strong></span> <span class='ocrx_word' id='word_1_892' title='bbox 3507 3649 3564 3696; x_wconf 87' lang='lat' dir='ltr'><strong><em>et</em></strong></span> <span class='ocrx_word' id='word_1_893' title='bbox 3607 3643 3717 3696; x_wconf 88' lang='lat' dir='ltr'><strong><em>for-</em></strong></span> 
     </span>
    </p>
   </div>
   <div class='ocr_carea' id='block_1_123' title="bbox 2026 3716 3716 3781">
    <p class='ocr_par' dir='ltr' id='par_1_123' title="bbox 2026 3716 3716 3781">
     <span class='ocr_line' id='line_1_123' title="bbox 2026 3716 3716 3781; baseline -0.002 -13"><span class='ocrx_word' id='word_1_894' title='bbox 2026 3731 2176 3768; x_wconf 89' lang='lat' dir='ltr'><strong><em>mam</em></strong></span> <span class='ocrx_word' id='word_1_895' title='bbox 2227 3723 2501 3770; x_wconf 68' lang='lat' dir='ltr'><strong><em>creaturae</em></strong></span> <span class='ocrx_word' id='word_1_896' title='bbox 2522 3732 2616 3768; x_wconf 86' lang='lat' dir='ltr'><strong><em>seu</em></strong></span> <span class='ocrx_word' id='word_1_897' title='bbox 2652 3733 2842 3769; x_wconf 89' lang='lat' dir='ltr'><strong><em>rerum</em></strong></span> <span class='ocrx_word' id='word_1_898' title='bbox 2871 3716 3180 3769; x_wconf 88' lang='lat' dir='ltr'><strong><em>visibilium</em></strong></span> <span class='ocrx_word' id='word_1_899' title='bbox 3223 3716 3471 3768; x_wconf 81' lang='lat' dir='ltr'><strong><em>exterius</em></strong></span> <span class='ocrx_word' id='word_1_900' title='bbox 3502 3717 3556 3766; x_wconf 88' lang='lat' dir='ltr'><strong><em>et</em></strong></span> <span class='ocrx_word' id='word_1_901' title='bbox 3586 3729 3716 3781; x_wconf 65' lang='lat' dir='ltr'><strong><em>quae</em></strong></span> 
     </span>
    </p>
   </div>
   <div class='ocr_carea' id='block_1_124' title="bbox 2024 3786 3715 3856">
    <p class='ocr_par' dir='ltr' id='par_1_124' title="bbox 2024 3786 3715 3856">
     <span class='ocr_line' id='line_1_124' title="bbox 2024 3786 3715 3856; baseline -0.002 -17"><span class='ocrx_word' id='word_1_902' title='bbox 2024 3787 2082 3839; x_wconf 90' lang='lat' dir='ltr'><strong><em>in</em></strong></span> <span class='ocrx_word' id='word_1_903' title='bbox 2117 3803 2316 3840; x_wconf 89' lang='lat' dir='ltr'><strong><em>sensus</em></strong></span> <span class='ocrx_word' id='word_1_904' title='bbox 2355 3789 2653 3840; x_wconf 90' lang='lat' dir='ltr'><strong><em>incurrunt</em></strong></span> <span class='ocrx_word' id='word_1_905' title='bbox 2691 3803 2895 3856; x_wconf 89' lang='lat' dir='ltr'><strong><em>panem</em></strong></span> <span class='ocrx_word' id='word_1_906' title='bbox 2930 3793 2985 3839; x_wconf 90' lang='lat' dir='ltr'><strong><em>et</em></strong></span> <span class='ocrx_word' id='word_1_907' title='bbox 3017 3787 3212 3839; x_wconf 89' lang='lat' dir='ltr'><strong><em>vinum</em></strong></span> <span class='ocrx_word' id='word_1_908' title='bbox 3245 3803 3374 3856; x_wconf 68' lang='lat' dir='ltr'><strong><em>qute</em></strong></span> <span class='ocrx_word' id='word_1_909' title='bbox 3416 3791 3548 3838; x_wconf 85' lang='lat' dir='ltr'><strong><em>ante</em></strong></span> <span class='ocrx_word' id='word_1_910' title='bbox 3595 3786 3715 3856; x_wconf 76' lang='lat' dir='ltr'><strong><em>fue-</em></strong></span> 
     </span>
    </p>
   </div>
   <div class='ocr_carea' id='block_1_125' title="bbox 2024 3854 3721 3926">
    <p class='ocr_par' dir='ltr' id='par_1_125' title="bbox 2024 3854 3721 3926">
     <span class='ocr_line' id='line_1_125' title="bbox 2024 3854 3721 3926; baseline -0.003 -17"><span class='ocrx_word' id='word_1_911' title='bbox 2024 3858 2318 3910; x_wconf 85' lang='lat' dir='ltr'><strong><em>rantnihil</em></strong></span> <span class='ocrx_word' id='word_1_912' title='bbox 2350 3858 2557 3910; x_wconf 88' lang='lat' dir='ltr'><strong><em>habere</em></strong></span> <span class='ocrx_word' id='word_1_913' title='bbox 2596 3857 2653 3910; x_wconf 90' lang='lat' dir='ltr'><strong><em>in</em></strong></span> <span class='ocrx_word' id='word_1_914' title='bbox 2683 3854 2740 3910; x_wconf 79' lang='lat' dir='ltr'><strong><em>se</em></strong></span> <span class='ocrx_word' id='word_1_915' title='bbox 2792 3862 3185 3926; x_wconf 87' lang='lat' dir='ltr'><strong><em>permutatum</em></strong></span> <span class='ocrx_word' id='word_1_916' title='bbox 3220 3872 3234 3908; x_wconf 91' lang='lat'><strong>:</strong></span> <span class='ocrx_word' id='word_1_917' title='bbox 3268 3854 3434 3925; x_wconf 80' lang='lat' dir='ltr'><strong><em>quod</em></strong></span> <span class='ocrx_word' id='word_1_918' title='bbox 3498 3854 3721 3908; x_wconf 85' lang='lat' dir='ltr'><strong><em>verissi-</em></strong></span> 
     </span>
    </p>
   </div>
   <div class='ocr_carea' id='block_1_126' title="bbox 2028 3928 3717 3997">
    <p class='ocr_par' dir='ltr' id='par_1_126' title="bbox 2028 3928 3717 3997">
     <span class='ocr_line' id='line_1_126' title="bbox 2028 3928 3717 3997; baseline -0.001 -18"><span class='ocrx_word' id='word_1_919' title='bbox 2028 3944 2184 3980; x_wconf 89' lang='lat' dir='ltr'><strong><em>mum</em></strong></span> <span class='ocrx_word' id='word_1_920' title='bbox 2235 3934 2336 3980; x_wconf 88' lang='lat' dir='ltr'><strong><em>est.</em></strong></span> <span class='ocrx_word' id='word_1_921' title='bbox 2373 3949 2401 3976; x_wconf 83' lang='lat'>»</span> <span class='ocrx_word' id='word_1_922' title='bbox 2460 3928 2786 3981; x_wconf 79' lang='lat' dir='ltr'><strong><em>Secundum</em></strong></span> <span class='ocrx_word' id='word_1_923' title='bbox 2844 3929 3092 3995; x_wconf 89' lang='lat' dir='ltr'><strong><em>speciem</em></strong></span> <span class='ocrx_word' id='word_1_924' title='bbox 3151 3943 3400 3997; x_wconf 87' lang='lat' dir='ltr'><strong><em>namque</em></strong></span> <span class='ocrx_word' id='word_1_925' title='bbox 3439 3932 3717 3978; x_wconf 76' lang='lat' dir='ltr'><strong><em>creaturae</em></strong></span> 
     </span>
    </p>
   </div>
   <div class='ocr_carea' id='block_1_127' title="bbox 2024 3997 3713 4068">
    <p class='ocr_par' dir='ltr' id='par_1_127' title="bbox 2024 3997 3713 4068">
     <span class='ocr_line' id='line_1_127' title="bbox 2024 3997 3713 4068; baseline -0.001 -18"><span class='ocrx_word' id='word_1_926' title='bbox 2024 3998 2382 4067; x_wconf 88' lang='lat' dir='ltr'><strong><em>formamque</em></strong></span> <span class='ocrx_word' id='word_1_927' title='bbox 2409 4015 2626 4063; x_wconf 86' lang='lat' dir='ltr'><strong><em>rerum,</em></strong></span> <span class='ocrx_word' id='word_1_928' title='bbox 2653 4006 2983 4068; x_wconf 89' lang='lat' dir='ltr'><strong><em>utrumque,</em></strong></span> <span class='ocrx_word' id='word_1_929' title='bbox 3012 3998 3067 4052; x_wconf 89' lang='lat' dir='ltr'><strong><em>id</em></strong></span> <span class='ocrx_word' id='word_1_930' title='bbox 3089 4004 3173 4050; x_wconf 88' lang='lat' dir='ltr'><strong><em>est</em></strong></span> <span class='ocrx_word' id='word_1_931' title='bbox 3201 4000 3364 4066; x_wconf 81' lang='lat' dir='ltr'><strong><em>panis</em></strong></span> <span class='ocrx_word' id='word_1_932' title='bbox 3393 4002 3451 4050; x_wconf 87' lang='lat' dir='ltr'><strong><em>et</em></strong></span> <span class='ocrx_word' id='word_1_933' title='bbox 3490 3997 3713 4068; x_wconf 85' lang='lat' dir='ltr'><strong><em>vinum,</em></strong></span> 
     </span>
    </p>
   </div>
   <div class='ocr_carea' id='block_1_128' title="bbox 2026 4065 3716 4140">
    <p class='ocr_par' dir='ltr' id='par_1_128' title="bbox 2026 4065 3716 4140">
     <span class='ocr_line' id='line_1_128' title="bbox 2026 4065 3716 4140; baseline -0.002 -19"><span class='ocrx_word' id='word_1_934' title='bbox 2026 4069 2168 4122; x_wconf 81' lang='lat' dir='ltr'><strong><em>nihil</em></strong></span> <span class='ocrx_word' id='word_1_935' title='bbox 2203 4065 2416 4122; x_wconf 83' lang='lat' dir='ltr'><strong><em>habent</em></strong></span> <span class='ocrx_word' id='word_1_936' title='bbox 2444 4069 2503 4122; x_wconf 90' lang='lat' dir='ltr'><strong><em>in</em></strong></span> <span class='ocrx_word' id='word_1_937' title='bbox 2533 4085 2591 4123; x_wconf 90' lang='lat' dir='ltr'><strong><em>se</em></strong></span> <span class='ocrx_word' id='word_1_938' title='bbox 2625 4065 3042 4140; x_wconf 77' lang='lat' dir='ltr'><strong><em>permutatum;</em></strong></span> <span class='ocrx_word' id='word_1_939' title='bbox 3089 4073 3146 4120; x_wconf 89' lang='lat' dir='ltr'><strong><em>et</em></strong></span> <span class='ocrx_word' id='word_1_940' title='bbox 3191 4065 3237 4120; x_wconf 85' lang='lat' dir='ltr'><strong><em>si</em></strong></span> <span class='ocrx_word' id='word_1_941' title='bbox 3269 4068 3411 4121; x_wconf 85' lang='lat' dir='ltr'><strong><em>nihil</em></strong></span> <span class='ocrx_word' id='word_1_942' title='bbox 3449 4065 3716 4140; x_wconf 81' lang='lat' dir='ltr'><strong><em>mutatio-</em></strong></span> 
     </span>
    </p>
   </div>
   <div class='ocr_carea' id='block_1_129' title="bbox 2027 4136 3718 4209">
    <p class='ocr_par' dir='ltr' id='par_1_129' title="bbox 2027 4136 3718 4209">
     <span class='ocr_line' id='line_1_129' title="bbox 2027 4136 3718 4209; baseline -0.002 -18"><span class='ocrx_word' id='word_1_943' title='bbox 2027 4140 2114 4191; x_wconf 91' lang='lat' dir='ltr'><strong><em>nis</em></strong></span> <span class='ocrx_word' id='word_1_944' title='bbox 2145 4141 2507 4209; x_wconf 89' lang='lat' dir='ltr'><strong><em>pertulerint,</em></strong></span> <span class='ocrx_word' id='word_1_945' title='bbox 2540 4136 2682 4193; x_wconf 80' lang='lat' dir='ltr'><strong><em>nitiil</em></strong></span> <span class='ocrx_word' id='word_1_946' title='bbox 2705 4141 2861 4193; x_wconf 90' lang='lat' dir='ltr'><strong><em>aliud</em></strong></span> <span class='ocrx_word' id='word_1_947' title='bbox 2895 4140 3146 4192; x_wconf 83' lang='lat' dir='ltr'><strong><em>existunt</em></strong></span> <span class='ocrx_word' id='word_1_948' title='bbox 3174 4155 3344 4209; x_wconf 88' lang='lat' dir='ltr'><strong><em>quam</em></strong></span> <span class='ocrx_word' id='word_1_949' title='bbox 3377 4137 3528 4208; x_wconf 91' lang='lat' dir='ltr'><strong><em>quod</em></strong></span> <span class='ocrx_word' id='word_1_950' title='bbox 3563 4136 3718 4207; x_wconf 88' lang='lat' dir='ltr'><strong><em>prius</em></strong></span> 
     </span>
    </p>
   </div>
   <div class='ocr_carea' id='block_1_130' title="bbox 2025 4209 3712 4278">
    <p class='ocr_par' dir='ltr' id='par_1_130' title="bbox 2025 4209 3712 4278">
     <span class='ocr_line' id='line_1_130' title="bbox 2025 4209 3712 4278; baseline -0.002 -16"><span class='ocrx_word' id='word_1_951' title='bbox 2025 4209 2204 4264; x_wconf 84' lang='lat' dir='ltr'><strong><em>fuere.</em></strong></span> <span class='ocrx_word' id='word_1_952' title='bbox 2260 4233 2280 4257; x_wconf 77' lang='grc' dir='ltr'><strong><em>ι</em></strong></span> <span class='ocrx_word' id='word_1_953' title='bbox 2329 4210 2658 4264; x_wconf 88' lang='lat' dir='ltr'><strong><em>Continenti</em></strong></span> <span class='ocrx_word' id='word_1_954' title='bbox 2689 4227 2953 4264; x_wconf 78' lang='lat' dir='ltr'><strong><em>sermone</em></strong></span> <span class='ocrx_word' id='word_1_955' title='bbox 2983 4210 3284 4264; x_wconf 80' lang='lat' dir='ltr'><strong><em>obﬁrmato</em></strong></span> <span class='ocrx_word' id='word_1_956' title='bbox 3323 4214 3550 4278; x_wconf 81' lang='lat' dir='ltr'><strong><em>pectore</em></strong></span> <span class='ocrx_word' id='word_1_957' title='bbox 3585 4223 3712 4277; x_wconf 90' lang='lat' dir='ltr'><strong><em>pro-</em></strong></span> 
     </span>
    </p>
   </div>
   <div class='ocr_carea' id='block_1_131' title="bbox 2026 4280 3717 4335">
    <p class='ocr_par' dir='ltr' id='par_1_131' title="bbox 2026 4280 3717 4335">
     <span class='ocr_line' id='line_1_131' title="bbox 2026 4280 3717 4335; baseline -0.001 -3"><span class='ocrx_word' id='word_1_958' title='bbox 2026 4280 2123 4332; x_wconf 87' lang='lat' dir='ltr'><strong><em>bat</em></strong></span> <span class='ocrx_word' id='word_1_959' title='bbox 2196 4297 2426 4334; x_wconf 87' lang='lat' dir='ltr'><strong><em>necesse</em></strong></span> <span class='ocrx_word' id='word_1_960' title='bbox 2494 4298 2614 4335; x_wconf 84' lang='lat' dir='ltr'><strong><em>esse</em></strong></span> <span class='ocrx_word' id='word_1_961' title='bbox 2671 4282 2834 4335; x_wconf 84' lang='lat' dir='ltr'><strong><em>fateri</em></strong></span> <span class='ocrx_word' id='word_1_962' title='bbox 2911 4297 3104 4334; x_wconf 80' lang='lat' dir='ltr'><strong><em>revera</em></strong></span> <span class='ocrx_word' id='word_1_963' title='bbox 3167 4281 3540 4333; x_wconf 88' lang='lat' dir='ltr'><strong><em>mutationem</em></strong></span> <span class='ocrx_word' id='word_1_964' title='bbox 3596 4293 3717 4331; x_wconf 87' lang='lat' dir='ltr'><strong><em>esse</em></strong></span> 
     </span>
    </p>
   </div>
   <div class='ocr_carea' id='block_1_132' title="bbox 2025 4349 3718 4422">
    <p class='ocr_par' dir='ltr' id='par_1_132' title="bbox 2025 4349 3718 4422">
     <span class='ocr_line' id='line_1_132' title="bbox 2025 4349 3718 4422; baseline -0.002 -18"><span class='ocrx_word' id='word_1_965' title='bbox 2025 4352 2229 4404; x_wconf 88' lang='lat' dir='ltr'><strong><em>factam</em></strong></span> <span class='ocrx_word' id='word_1_966' title='bbox 2262 4353 2520 4416; x_wconf 87' lang='lat' dir='ltr'><strong><em>interius,</em></strong></span> <span class='ocrx_word' id='word_1_967' title='bbox 2551 4369 2680 4422; x_wconf 67' lang='lat' dir='ltr'><strong><em>quae</em></strong></span> <span class='ocrx_word' id='word_1_968' title='bbox 2710 4353 2944 4421; x_wconf 89' lang='lat' dir='ltr'><strong><em>quidem</em></strong></span> <span class='ocrx_word' id='word_1_969' title='bbox 2988 4351 3242 4405; x_wconf 78' lang='lat' dir='ltr'><strong><em>exterius</em></strong></span> <span class='ocrx_word' id='word_1_970' title='bbox 3269 4350 3520 4417; x_wconf 61' lang='lat' dir='ltr'><strong><em>{minime</em></strong></span> <span class='ocrx_word' id='word_1_971' title='bbox 3564 4349 3718 4401; x_wconf 90' lang='lat' dir='ltr'><strong><em>vide-</em></strong></span> 
     </span>
    </p>
   </div>
   <div class='ocr_carea' id='block_1_133' title="bbox 2025 4422 3717 4492">
    <p class='ocr_par' dir='ltr' id='par_1_133' title="bbox 2025 4422 3717 4492">
     <span class='ocr_line' id='line_1_133' title="bbox 2025 4422 3717 4492; baseline -0.001 -19"><span class='ocrx_word' id='word_1_972' title='bbox 2025 4427 2119 4474; x_wconf 90' lang='lat' dir='ltr'><strong><em>tur</em></strong></span> <span class='ocrx_word' id='word_1_973' title='bbox 2143 4428 2239 4475; x_wconf 86' lang='lat' dir='ltr'><strong><em>aut</em></strong></span> <span class='ocrx_word' id='word_1_974' title='bbox 2277 4423 2536 4476; x_wconf 87' lang='lat' dir='ltr'><strong><em>sensibus</em></strong></span> <span class='ocrx_word' id='word_1_975' title='bbox 2567 4423 2920 4492; x_wconf 82' lang='lat' dir='ltr'><strong><em>percipitur:</em></strong></span> <span class='ocrx_word' id='word_1_976' title='bbox 2959 4441 2984 4472; x_wconf 82' lang='grc' dir='ltr'>α</span> <span class='ocrx_word' id='word_1_977' title='bbox 3037 4422 3423 4491; x_wconf 89' lang='lat' dir='ltr'><strong><em>Corporaliter</em></strong></span> <span class='ocrx_word' id='word_1_978' title='bbox 3468 4435 3717 4488; x_wconf 88' lang='lat' dir='ltr'><strong><em>namque</em></strong></span> 
     </span>
    </p>
   </div>
   <div class='ocr_carea' id='block_1_134' title="bbox 1957 4492 3710 4560">
    <p class='ocr_par' dir='ltr' id='par_1_134' title="bbox 1957 4492 3710 4560">
     <span class='ocr_line' id='line_1_134' title="bbox 1957 4492 3710 4560; baseline -0.002 -16"><span class='ocrx_word' id='word_1_979' title='bbox 1957 4501 1998 4554; x_wconf 82' lang='grc' dir='ltr'>ι)</span> <span class='ocrx_word' id='word_1_980' title='bbox 2029 4492 2168 4545; x_wconf 90' lang='lat' dir='ltr'><strong><em>nihil</em></strong></span> <span class='ocrx_word' id='word_1_981' title='bbox 2223 4493 2277 4545; x_wconf 90' lang='lat' dir='ltr'><strong><em>in</em></strong></span> <span class='ocrx_word' id='word_1_982' title='bbox 2309 4494 2390 4545; x_wconf 88' lang='lat' dir='ltr'><strong><em>eis</em></strong></span> <span class='ocrx_word' id='word_1_983' title='bbox 2441 4495 2692 4545; x_wconf 89' lang='lat' dir='ltr'><strong><em>cernitur</em></strong></span> <span class='ocrx_word' id='word_1_984' title='bbox 2730 4511 2850 4545; x_wconf 89' lang='lat' dir='ltr'><strong><em>esse</em></strong></span> <span class='ocrx_word' id='word_1_985' title='bbox 2898 4499 3286 4560; x_wconf 86' lang='lat' dir='ltr'><strong><em>permutatum</em></strong></span> <span class='ocrx_word' id='word_1_986' title='bbox 3329 4492 3494 4557; x_wconf 78' lang='lat' dir='ltr'><strong><em>(num.</em></strong></span> <span class='ocrx_word' id='word_1_987' title='bbox 3539 4492 3624 4558; x_wconf 77' lang='lat' dir='ltr'><strong><em>l5)</em></strong></span> <span class='ocrx_word' id='word_1_988' title='bbox 3649 4506 3710 4560; x_wconf 61' lang='grc' dir='ltr'>μ</span> 
     </span>
    </p>
   </div>
   <div class='ocr_carea' id='block_1_135' title="bbox 2027 4559 3714 4632">
    <p class='ocr_par' dir='ltr' id='par_1_135' title="bbox 2027 4559 3714 4632">
     <span class='ocr_line' id='line_1_135' title="bbox 2027 4559 3714 4632; baseline -0.002 -17"><span class='ocrx_word' id='word_1_989' title='bbox 2027 4570 2082 4615; x_wconf 90' lang='lat' dir='ltr'><strong><em>et</em></strong></span> <span class='ocrx_word' id='word_1_990' title='bbox 2104 4563 2247 4615; x_wconf 86' lang='lat' dir='ltr'><strong><em>bene</em></strong></span> <span class='ocrx_word' id='word_1_991' title='bbox 2280 4563 2511 4632; x_wconf 90' lang='lat' dir='ltr'><strong><em>quidem</em></strong></span> <span class='ocrx_word' id='word_1_992' title='bbox 2544 4580 2653 4614; x_wconf 88' lang='lat' dir='ltr'><strong><em>non</em></strong></span> <span class='ocrx_word' id='word_1_993' title='bbox 2685 4564 2821 4616; x_wconf 89' lang='lat' dir='ltr'><strong><em>dicit</em></strong></span> <span class='ocrx_word' id='word_1_994' title='bbox 2845 4559 2984 4615; x_wconf 84' lang='lat' dir='ltr'><strong><em>nihil</em></strong></span> <span class='ocrx_word' id='word_1_995' title='bbox 3019 4578 3139 4615; x_wconf 87' lang='lat' dir='ltr'><strong><em>esse</em></strong></span> <span class='ocrx_word' id='word_1_996' title='bbox 3179 4567 3567 4632; x_wconf 78' lang='lat' dir='ltr'><strong><em>permutatum.</em></strong></span> <span class='ocrx_word' id='word_1_997' title='bbox 3619 4559 3714 4632; x_wconf 83' lang='lat' dir='ltr'><strong><em>sed</em></strong></span> 
     </span>
    </p>
   </div>
   <div class='ocr_carea' id='block_1_136' title="bbox 2025 4630 3714 4700">
    <p class='ocr_par' dir='ltr' id='par_1_136' title="bbox 2025 4630 3714 4700">
     <span class='ocr_line' id='line_1_136' title="bbox 2025 4630 3714 4700; baseline -0.002 -15"><span class='ocrx_word' id='word_1_998' title='bbox 2025 4633 2166 4686; x_wconf 88' lang='lat' dir='ltr'><strong><em>nihil</em></strong></span> <span class='ocrx_word' id='word_1_999' title='bbox 2209 4630 2448 4686; x_wconf 79' lang='lat' dir='ltr'><strong><em>cernitur</em></strong></span> <span class='ocrx_word' id='word_1_1000' title='bbox 2476 4634 2718 4687; x_wconf 89' lang='lat' dir='ltr'><strong><em>sensibus</em></strong></span> <span class='ocrx_word' id='word_1_1001' title='bbox 2772 4648 2881 4686; x_wconf 89' lang='lat' dir='ltr'><strong><em>esse</em></strong></span> <span class='ocrx_word' id='word_1_1002' title='bbox 2925 4638 3328 4700; x_wconf 84' lang='lat' dir='ltr'><strong><em>permutatum;</em></strong></span> <span class='ocrx_word' id='word_1_1003' title='bbox 3367 4631 3509 4684; x_wconf 88' lang='lat' dir='ltr'><strong><em>alias</em></strong></span> <span class='ocrx_word' id='word_1_1004' title='bbox 3561 4630 3714 4683; x_wconf 90' lang='lat' dir='ltr'><strong><em>enim</em></strong></span> 
     </span>
    </p>
   </div>
   <div class='ocr_carea' id='block_1_137' title="bbox 2024 4703 3716 4774">
    <p class='ocr_par' dir='ltr' id='par_1_137' title="bbox 2024 4703 3716 4774">
     <span class='ocr_line' id='line_1_137' title="bbox 2024 4703 3716 4774; baseline -0.002 -19"><span class='ocrx_word' id='word_1_1005' title='bbox 2024 4709 2368 4774; x_wconf 88' lang='lat' dir='ltr'><strong><em>cogerentur</em></strong></span> <span class='ocrx_word' id='word_1_1006' title='bbox 2413 4720 2622 4770; x_wconf 85' lang='lat' dir='ltr'><strong><em>negare</em></strong></span> <span class='ocrx_word' id='word_1_1007' title='bbox 2644 4720 2848 4774; x_wconf 88' lang='lat' dir='ltr'><strong><em>corpus</em></strong></span> <span class='ocrx_word' id='word_1_1008' title='bbox 2875 4703 3232 4774; x_wconf 88' lang='lat' dir='ltr'><strong><em>esserristi</em></strong></span> <span class='ocrx_word' id='word_1_1009' title='bbox 3265 4703 3428 4774; x_wconf 79' lang='lat' dir='ltr'><strong><em>quod</em></strong></span> <span class='ocrx_word' id='word_1_1010' title='bbox 3471 4717 3583 4754; x_wconf 89' lang='lat' dir='ltr'><strong><em>non</em></strong></span> <span class='ocrx_word' id='word_1_1011' title='bbox 3631 4717 3716 4774; x_wconf 43' lang='lat' dir='ltr'><strong><em>so:</em></strong></span> 
     </span>
    </p>
   </div>
   <div class='ocr_carea' id='block_1_138' title="bbox 2024 4770 3713 4839">
    <p class='ocr_par' dir='ltr' id='par_1_138' title="bbox 2024 4770 3713 4839">
     <span class='ocr_line' id='line_1_138' title="bbox 2024 4770 3713 4839; baseline -0.004 -13"><span class='ocrx_word' id='word_1_1012' title='bbox 2024 4770 2143 4827; x_wconf 78' lang='lat' dir='ltr'><strong><em>lum</em></strong></span> <span class='ocrx_word' id='word_1_1013' title='bbox 2190 4773 2400 4832; x_wconf 83' lang='lat' dir='ltr'><strong><em>dicere,</em></strong></span> <span class='ocrx_word' id='word_1_1014' title='bbox 2434 4789 2630 4825; x_wconf 90' lang='lat' dir='ltr'><strong><em>verum</em></strong></span> <span class='ocrx_word' id='word_1_1015' title='bbox 2682 4770 2854 4826; x_wconf 88' lang='lat' dir='ltr'><strong><em>etiam</em></strong></span> <span class='ocrx_word' id='word_1_1016' title='bbox 2895 4773 3148 4839; x_wconf 84' lang='lat' dir='ltr'><strong><em>cogitare</em></strong></span> <span class='ocrx_word' id='word_1_1017' title='bbox 3178 4773 3337 4826; x_wconf 86' lang='lat' dir='ltr'><strong><em>nefas</em></strong></span> <span class='ocrx_word' id='word_1_1018' title='bbox 3365 4778 3468 4825; x_wconf 91' lang='lat' dir='ltr'><strong><em>est.</em></strong></span> <span class='ocrx_word' id='word_1_1019' title='bbox 3500 4774 3615 4824; x_wconf 81' lang='lat' dir='ltr'><strong><em>Aut</em></strong></span> <span class='ocrx_word' id='word_1_1020' title='bbox 3667 4770 3713 4821; x_wconf 91' lang='lat' dir='ltr'><strong><em>si</em></strong></span> 
     </span>
    </p>
   </div>
   <div class='ocr_carea' id='block_1_139' title="bbox 2025 4843 3715 4912">
    <p class='ocr_par' dir='ltr' id='par_1_139' title="bbox 2025 4843 3715 4912">
     <span class='ocr_line' id='line_1_139' title="bbox 2025 4843 3715 4912; baseline -0.004 -15"><span class='ocrx_word' id='word_1_1021' title='bbox 2025 4861 2137 4897; x_wconf 90' lang='lat' dir='ltr'><strong><em>non</em></strong></span> <span class='ocrx_word' id='word_1_1022' title='bbox 2169 4845 2411 4912; x_wconf 81' lang='lat' dir='ltr'><strong><em>profiteri</em></strong></span> <span class='ocrx_word' id='word_1_1023' title='bbox 2456 4843 2760 4908; x_wconf 86' lang='lat' dir='ltr'><strong><em>voluerint,</em></strong></span> <span class='ocrx_word' id='word_1_1024' title='bbox 2799 4844 3222 4912; x_wconf 84' lang='lat' dir='ltr'><strong><em>compelluntur</em></strong></span> <span class='ocrx_word' id='word_1_1025' title='bbox 3252 4858 3460 4912; x_wconf 86' lang='lat' dir='ltr'><strong><em>negare</em></strong></span> <span class='ocrx_word' id='word_1_1026' title='bbox 3509 4855 3715 4909; x_wconf 91' lang='lat' dir='ltr'><strong><em>corpus</em></strong></span> 
     </span>
    </p>
   </div>
   <div class='ocr_carea' id='block_1_140' title="bbox 2023 4913 3710 4982">
    <p class='ocr_par' dir='ltr' id='par_1_140' title="bbox 2023 4913 3710 4982">
     <span class='ocr_line' id='line_1_140' title="bbox 2023 4913 3710 4982; baseline -0.003 -16"><span class='ocrx_word' id='word_1_1027' title='bbox 2023 4931 2146 4967; x_wconf 86' lang='lat' dir='ltr'><strong><em>esse</em></strong></span> <span class='ocrx_word' id='word_1_1028' title='bbox 2178 4915 2634 4981; x_wconf 79' lang='lat' dir='ltr'><strong><em>sanguinemque</em></strong></span> <span class='ocrx_word' id='word_1_1029' title='bbox 2685 4914 2910 4975; x_wconf 84' lang='lat' dir='ltr'><strong><em>Christi,</em></strong></span> <span class='ocrx_word' id='word_1_1030' title='bbox 2943 4914 3095 4982; x_wconf 92' lang='lat' dir='ltr'><strong><em>quod</em></strong></span> <span class='ocrx_word' id='word_1_1031' title='bbox 3147 4914 3306 4966; x_wconf 86' lang='lat' dir='ltr'><strong><em>nefas</em></strong></span> <span class='ocrx_word' id='word_1_1032' title='bbox 3355 4928 3468 4965; x_wconf 91' lang='lat' dir='ltr'><strong><em>non</em></strong></span> <span class='ocrx_word' id='word_1_1033' title='bbox 3526 4913 3710 4982; x_wconf 86' lang='lat' dir='ltr'><strong><em>solum</em></strong></span> 
     </span>
    </p>
   </div>
   <div class='ocr_carea' id='block_1_141' title="bbox 2023 4979 3713 5052">
    <p class='ocr_par' dir='ltr' id='par_1_141' title="bbox 2023 4979 3713 5052">
     <span class='ocr_line' id='line_1_141' title="bbox 2023 4979 3713 5052; baseline -0.005 -14"><span class='ocrx_word' id='word_1_1034' title='bbox 2023 4987 2224 5049; x_wconf 81' lang='lat' dir='ltr'><strong><em>dicere,</em></strong></span> <span class='ocrx_word' id='word_1_1035' title='bbox 2284 4980 2478 5037; x_wconf 84' lang='lat' dir='ltr'><strong><em>verum</em></strong></span> <span class='ocrx_word' id='word_1_1036' title='bbox 2510 4979 2684 5036; x_wconf 78' lang='lat' dir='ltr'><strong><em>etiam</em></strong></span> <span class='ocrx_word' id='word_1_1037' title='bbox 2731 4979 2999 5052; x_wconf 79' lang='lat' dir='ltr'><strong><em>cogitare.</em></strong></span> <span class='ocrx_word' id='word_1_1038' title='bbox 3053 4985 3258 5036; x_wconf 89' lang='lat' dir='ltr'><strong><em>Beatus</em></strong></span> <span class='ocrx_word' id='word_1_1039' title='bbox 3303 4984 3584 5052; x_wconf 85' lang='lat' dir='ltr'><strong><em>Algerus,_</em></strong></span> <span class='ocrx_word' id='word_1_1040' title='bbox 3630 4979 3713 5030; x_wconf 89' lang='lat' dir='ltr'><strong><em>vir</em></strong></span> 
     </span>
    </p>
   </div>
   <div class='ocr_carea' id='block_1_142' title="bbox 2025 5050 3714 5122">
    <p class='ocr_par' dir='ltr' id='par_1_142' title="bbox 2025 5050 3714 5122">
     <span class='ocr_line' id='line_1_142' title="bbox 2025 5050 3714 5122; baseline -0.005 -14"><span class='ocrx_word' id='word_1_1041' title='bbox 2025 5056 2266 5109; x_wconf 84' lang='lat' dir='ltr'><strong><em>maxime</em></strong></span> <span class='ocrx_word' id='word_1_1042' title='bbox 2300 5055 2631 5117; x_wconf 89' lang='lat' dir='ltr'><strong><em>catholicus,</em></strong></span> <span class='ocrx_word' id='word_1_1043' title='bbox 2667 5059 2722 5108; x_wconf 86' lang='lat' dir='ltr'><strong><em>et</em></strong></span> <span class='ocrx_word' id='word_1_1044' title='bbox 2755 5050 3097 5106; x_wconf 77' lang='lat' dir='ltr'><strong><em>fortissimus</em></strong></span> <span class='ocrx_word' id='word_1_1045' title='bbox 3147 5052 3474 5122; x_wconf 84' lang='lat' dir='ltr'><strong><em>Berengarii</em></strong></span> <span class='ocrx_word' id='word_1_1046' title='bbox 3521 5050 3714 5122; x_wconf 84' lang='lat' dir='ltr'><strong><em>adver-</em></strong></span> 
     </span>
    </p>
   </div>
   <div class='ocr_carea' id='block_1_143' title="bbox 2022 5121 3709 5198">
    <p class='ocr_par' dir='ltr' id='par_1_143' title="bbox 2022 5121 3709 5198">
     <span class='ocr_line' id='line_1_143' title="bbox 2022 5121 3709 5198; baseline -0.004 -20"><span class='ocrx_word' id='word_1_1047' title='bbox 2022 5129 2225 5198; x_wconf 87' lang='lat' dir='ltr'><strong><em>sarius,</em></strong></span> <span class='ocrx_word' id='word_1_1048' title='bbox 2285 5142 2414 5198; x_wconf 75' lang='lat' dir='ltr'><strong><em>sua</em></strong></span> <span class='ocrx_word' id='word_1_1049' title='bbox 2455 5131 2621 5198; x_wconf 52' lang='lat' dir='ltr'><strong><em>nitate</em></strong></span> <span class='ocrx_word' id='word_1_1050' title='bbox 2687 5125 2882 5198; x_wconf 86' lang='lat' dir='ltr'><strong><em>eadem</em></strong></span> <span class='ocrx_word' id='word_1_1051' title='bbox 2911 5125 3101 5198; x_wconf 32' lang='lat' dir='ltr'><strong><em>Adixit.</em></strong></span> <span class='ocrx_word' id='word_1_1052' title='bbox 3163 5124 3248 5176; x_wconf 92' lang='lat' dir='ltr'><strong><em>uti</em></strong></span> <span class='ocrx_word' id='word_1_1053' title='bbox 3305 5140 3371 5198; x_wconf 81' lang='lat' dir='ltr'><strong><em>ex</em></strong></span> <span class='ocrx_word' id='word_1_1054' title='bbox 3411 5121 3596 5198; x_wconf 71' lang='lat' dir='ltr'><strong><em>capite</em></strong></span> <span class='ocrx_word' id='word_1_1055' title='bbox 3650 5121 3709 5172; x_wconf 84' lang='lat' dir='ltr'><strong><em>l7</em></strong></span> 
     </span>
    </p>
   </div>
   <div class='ocr_carea' id='block_1_144' title="bbox 2021 5192 3707 5270">
    <p class='ocr_par' dir='ltr' id='par_1_144' title="bbox 2021 5192 3707 5270">
     <span class='ocr_line' id='line_1_144' title="bbox 2021 5192 3707 5270; baseline -0.004 -22"><span class='ocrx_word' id='word_1_1056' title='bbox 2021 5197 2191 5270; x_wconf 87' lang='lat' dir='ltr'><strong><em>primi</em></strong></span> <span class='ocrx_word' id='word_1_1057' title='bbox 2226 5197 2355 5270; x_wconf 77' lang='lat' dir='ltr'><strong><em>libri</em></strong></span> <span class='ocrx_word' id='word_1_1058' title='bbox 2386 5196 2466 5270; x_wconf 16' lang='lat' dir='ltr'><strong><em>de,</em></strong></span> <span class='ocrx_word' id='word_1_1059' title='bbox 2492 5196 2854 5270; x_wconf 77' lang='lat' dir='ltr'><strong><em>Eucharistiae</em></strong></span> <span class='ocrx_word' id='word_1_1060' title='bbox 2904 5195 3268 5270; x_wconf 80' lang='lat' dir='ltr'><strong><em>Sacramenta</em></strong></span> <span class='ocrx_word' id='word_1_1061' title='bbox 3315 5192 3707 5270; x_wconf 61' lang='lat' dir='ltr'><strong><em>intelligimus:</em></strong></span> 
     </span>
    </p>
   </div>
   <div class='ocr_carea' id='block_1_145' title="bbox 2023 5261 3710 5335">
    <p class='ocr_par' dir='ltr' id='par_1_145' title="bbox 2023 5261 3710 5335">
     <span class='ocr_line' id='line_1_145' title="bbox 2023 5261 3710 5335; baseline -0.006 -14"><span class='ocrx_word' id='word_1_1062' title='bbox 2023 5261 2047 5315; x_wconf 73' lang='grc' dir='ltr'><strong><em>ῖ‹</em></strong></span> <span class='ocrx_word' id='word_1_1063' title='bbox 2112 5269 2264 5322; x_wconf 87' lang='lat' dir='ltr'><strong><em>Hanc</em></strong></span> <span class='ocrx_word' id='word_1_1064' title='bbox 2311 5267 2702 5335; x_wconf 87' lang='lat' dir='ltr'><strong><em>duplicitatem</em></strong></span> <span class='ocrx_word' id='word_1_1065' title='bbox 2762 5283 2881 5319; x_wconf 88' lang='lat' dir='ltr'><strong><em>non</em></strong></span> <span class='ocrx_word' id='word_1_1066' title='bbox 2948 5263 3301 5327; x_wconf 66' lang='lat' dir='ltr'><strong><em>substantias,</em></strong></span> <span class='ocrx_word' id='word_1_1067' title='bbox 3361 5261 3568 5335; x_wconf 69' lang='lat' dir='ltr'><strong><em>inquit,</em></strong></span> <span class='ocrx_word' id='word_1_1068' title='bbox 3614 5261 3710 5335; x_wconf 83' lang='lat' dir='ltr'><strong><em>sed</em></strong></span> 
     </span>
    </p>
   </div>
   <div class='ocr_carea' id='block_1_146' title="bbox 2021 5331 3712 5407">
    <p class='ocr_par' dir='ltr' id='par_1_146' title="bbox 2021 5331 3712 5407">
     <span class='ocr_line' id='line_1_146' title="bbox 2021 5331 3712 5407; baseline -0.004 -16"><span class='ocrx_word' id='word_1_1069' title='bbox 2021 5339 2241 5404; x_wconf 66' lang='lat' dir='ltr'><strong><em>formae,</em></strong></span> <span class='ocrx_word' id='word_1_1070' title='bbox 2275 5331 2455 5391; x_wconf 82' lang='lat' dir='ltr'><strong><em>sancti</em></strong></span> <span class='ocrx_word' id='word_1_1071' title='bbox 2487 5344 2823 5391; x_wconf 83' lang='lat' dir='ltr'><strong><em>notaverunt</em></strong></span> <span class='ocrx_word' id='word_1_1072' title='bbox 2855 5337 3083 5407; x_wconf 87' lang='lat' dir='ltr'><strong><em>quoties</em></strong></span> <span class='ocrx_word' id='word_1_1073' title='bbox 3122 5336 3190 5388; x_wconf 90' lang='lat' dir='ltr'><strong><em>de</em></strong></span> <span class='ocrx_word' id='word_1_1074' title='bbox 3234 5349 3473 5407; x_wconf 75' lang='lat' dir='ltr'><strong><em>corpore</em></strong></span> <span class='ocrx_word' id='word_1_1075' title='bbox 3504 5331 3712 5407; x_wconf 81' lang='lat' dir='ltr'><strong><em>Christi</em></strong></span> 
     </span>
    </p>
   </div>
   <div class='ocr_carea' id='block_1_147' title="bbox 2022 5403 3714 5478">
    <p class='ocr_par' dir='ltr' id='par_1_147' title="bbox 2022 5403 3714 5478">
     <span class='ocr_line' id='line_1_147' title="bbox 2022 5403 3714 5478; baseline -0.005 -17"><span class='ocrx_word' id='word_1_1076' title='bbox 2022 5409 2206 5478; x_wconf 88' lang='lat' dir='ltr'><strong><em>ipsum</em></strong></span> <span class='ocrx_word' id='word_1_1077' title='bbox 2230 5403 2352 5462; x_wconf 87' lang='lat' dir='ltr'><strong><em>non</em></strong></span> <span class='ocrx_word' id='word_1_1078' title='bbox 2387 5409 2572 5478; x_wconf 88' lang='lat' dir='ltr'><strong><em>ipsum</em></strong></span> <span class='ocrx_word' id='word_1_1079' title='bbox 2607 5403 2892 5474; x_wconf 71' lang='lat' dir='ltr'><strong><em>dixerunt,</em></strong></span> <span class='ocrx_word' id='word_1_1080' title='bbox 2935 5413 2995 5460; x_wconf 92' lang='lat' dir='ltr'><strong><em>ut</em></strong></span> <span class='ocrx_word' id='word_1_1081' title='bbox 3024 5407 3212 5476; x_wconf 89' lang='lat' dir='ltr'><strong><em>ipsum</em></strong></span> <span class='ocrx_word' id='word_1_1082' title='bbox 3247 5403 3557 5478; x_wconf 89' lang='lat' dir='ltr'><strong><em>secundum</em></strong></span> <span class='ocrx_word' id='word_1_1083' title='bbox 3586 5403 3714 5478; x_wconf 71' lang='lat' dir='ltr'><strong><em>sub-</em></strong></span> 
     </span>
    </p>
   </div>
   <div class='ocr_carea' id='block_1_148' title="bbox 2020 5475 3712 5548">
    <p class='ocr_par' dir='ltr' id='par_1_148' title="bbox 2020 5475 3712 5548">
     <span class='ocr_line' id='line_1_148' title="bbox 2020 5475 3712 5548; baseline -0.002 -16"><span class='ocrx_word' id='word_1_1084' title='bbox 2020 5475 2309 5540; x_wconf 80' lang='lat' dir='ltr'><strong><em>stantiam,</em></strong></span> <span class='ocrx_word' id='word_1_1085' title='bbox 2352 5475 2467 5533; x_wconf 78' lang='lat' dir='ltr'><strong><em>non</em></strong></span> <span class='ocrx_word' id='word_1_1086' title='bbox 2522 5480 2706 5548; x_wconf 88' lang='lat' dir='ltr'><strong><em>ipsum</em></strong></span> <span class='ocrx_word' id='word_1_1087' title='bbox 2767 5479 2839 5533; x_wconf 90' lang='lat' dir='ltr'><strong><em>sit</em></strong></span> <span class='ocrx_word' id='word_1_1088' title='bbox 2885 5475 3196 5531; x_wconf 72' lang='lat' dir='ltr'><strong><em>Secundum</em></strong></span> <span class='ocrx_word' id='word_1_1089' title='bbox 3240 5477 3507 5548; x_wconf 67' lang='lat' dir='ltr'><strong><em>formam.</em></strong></span> <span class='ocrx_word' id='word_1_1090' title='bbox 3559 5496 3586 5524; x_wconf 75' lang='grc' dir='ltr'><strong>υ</strong></span> <span class='ocrx_word' id='word_1_1091' title='bbox 3651 5475 3712 5528; x_wconf 86' lang='lat' dir='ltr'><strong><em>Et</em></strong></span> 
     </span>
    </p>
   </div>
   <div class='ocr_carea' id='block_1_149' title="bbox 2019 5547 3708 5619">
    <p class='ocr_par' dir='ltr' id='par_1_149' title="bbox 2019 5547 3708 5619">
     <span class='ocr_line' id='line_1_149' title="bbox 2019 5547 3708 5619; baseline -0.004 -16"><span class='ocrx_word' id='word_1_1092' title='bbox 2019 5567 2142 5619; x_wconf 84' lang='lat' dir='ltr'><strong><em>cap.</em></strong></span> <span class='ocrx_word' id='word_1_1093' title='bbox 2199 5553 2306 5604; x_wconf 76' lang='lat'><strong><em>18:</em></strong></span> <span class='ocrx_word' id='word_1_1094' title='bbox 2353 5576 2378 5597; x_wconf 78' lang='lat' dir='ltr'><strong><em>u</em></strong></span> <span class='ocrx_word' id='word_1_1095' title='bbox 2427 5551 2494 5604; x_wconf 89' lang='lat' dir='ltr'><strong><em>Ut</em></strong></span> <span class='ocrx_word' id='word_1_1096' title='bbox 2522 5547 2665 5603; x_wconf 81' lang='lat' dir='ltr'><strong><em>sicut</em></strong></span> <span class='ocrx_word' id='word_1_1097' title='bbox 2719 5547 3418 5619; x_wconf 78' lang='lat' dir='ltr'><strong><em>immolatioimaginaria</em></strong></span> <span class='ocrx_word' id='word_1_1098' title='bbox 3464 5547 3708 5614; x_wconf 79' lang='lat' dir='ltr'><strong><em>ﬁgurate</em></strong></span> 
     </span>
    </p>
   </div>
   <div class='ocr_carea' id='block_1_150' title="bbox 2021 5617 3710 5685">
    <p class='ocr_par' dir='ltr' id='par_1_150' title="bbox 2021 5617 3710 5685">
     <span class='ocr_line' id='line_1_150' title="bbox 2021 5617 3710 5685; baseline -0.002 -14"><span class='ocrx_word' id='word_1_1099' title='bbox 2021 5617 2254 5674; x_wconf 83' lang='lat' dir='ltr'><strong><em>vocatur</em></strong></span> <span class='ocrx_word' id='word_1_1100' title='bbox 2299 5638 2472 5680; x_wconf 89' lang='lat' dir='ltr'><strong><em>mors,</em></strong></span> <span class='ocrx_word' id='word_1_1101' title='bbox 2519 5621 2810 5673; x_wconf 76' lang='lat' dir='ltr'><strong><em>cruciiixio</em></strong></span> <span class='ocrx_word' id='word_1_1102' title='bbox 2854 5617 3076 5680; x_wconf 86' lang='lat' dir='ltr'><strong><em>Christi,</em></strong></span> <span class='ocrx_word' id='word_1_1103' title='bbox 3130 5624 3185 5672; x_wconf 88' lang='lat' dir='ltr'><strong><em>et</em></strong></span> <span class='ocrx_word' id='word_1_1104' title='bbox 3208 5617 3333 5671; x_wconf 35' lang='lat' dir='ltr'><strong><em>&#39;sint</em></strong></span> <span class='ocrx_word' id='word_1_1105' title='bbox 3388 5617 3564 5670; x_wconf 84' lang='lat' dir='ltr'><strong><em>forma</em></strong></span> <span class='ocrx_word' id='word_1_1106' title='bbox 3600 5631 3710 5685; x_wconf 86' lang='lat' dir='ltr'><strong><em>pa-</em></strong></span> 
     </span>
    </p>
   </div>
   <div class='ocr_carea' id='block_1_151' title="bbox 2021 5688 3710 5761">
    <p class='ocr_par' dir='ltr' id='par_1_151' title="bbox 2021 5688 3710 5761">
     <span class='ocr_line' id='line_1_151' title="bbox 2021 5688 3710 5761; baseline -0.004 -17"><span class='ocrx_word' id='word_1_1107' title='bbox 2021 5695 2105 5744; x_wconf 88' lang='lat' dir='ltr'><strong><em>nis</em></strong></span> <span class='ocrx_word' id='word_1_1108' title='bbox 2137 5699 2196 5746; x_wconf 90' lang='lat' dir='ltr'><strong><em>et</em></strong></span> <span class='ocrx_word' id='word_1_1109' title='bbox 2224 5692 2359 5757; x_wconf 90' lang='lat' dir='ltr'><strong><em>vini,</em></strong></span> <span class='ocrx_word' id='word_1_1110' title='bbox 2393 5693 2632 5761; x_wconf 81' lang='lat' dir='ltr'><strong><em>ﬁgurate</em></strong></span> <span class='ocrx_word' id='word_1_1111' title='bbox 2685 5696 2914 5744; x_wconf 88' lang='lat' dir='ltr'><strong><em>vocatur</em></strong></span> <span class='ocrx_word' id='word_1_1112' title='bbox 2957 5706 3162 5761; x_wconf 88' lang='lat' dir='ltr'><strong><em>corpus</em></strong></span> <span class='ocrx_word' id='word_1_1113' title='bbox 3195 5688 3402 5744; x_wconf 85' lang='lat' dir='ltr'><strong><em>Christi</em></strong></span> <span class='ocrx_word' id='word_1_1114' title='bbox 3435 5704 3448 5742; x_wconf 87' lang='lat'><strong>:</strong></span> <span class='ocrx_word' id='word_1_1115' title='bbox 3499 5688 3578 5742; x_wconf 88' lang='lat' dir='ltr'><strong><em>sic</em></strong></span> <span class='ocrx_word' id='word_1_1116' title='bbox 3623 5703 3710 5738; x_wconf 90' lang='lat' dir='ltr'><strong><em>sa-</em></strong></span> 
     </span>
    </p>
   </div>
   <div class='ocr_carea' id='block_1_152' title="bbox 2017 5760 3710 5833">
    <p class='ocr_par' dir='ltr' id='par_1_152' title="bbox 2017 5760 3710 5833">
     <span class='ocr_line' id='line_1_152' title="bbox 2017 5760 3710 5833; baseline -0.001 -19"><span class='ocrx_word' id='word_1_1117' title='bbox 2017 5769 2373 5818; x_wconf 85' lang='lat' dir='ltr'><strong><em>cramentum</em></strong></span> <span class='ocrx_word' id='word_1_1118' title='bbox 2402 5760 2558 5827; x_wconf 82' lang='lat' dir='ltr'><strong><em>tidei,</em></strong></span> <span class='ocrx_word' id='word_1_1119' title='bbox 2602 5761 2816 5815; x_wconf 89' lang='lat' dir='ltr'><strong><em>scilicet</em></strong></span> <span class='ocrx_word' id='word_1_1120' title='bbox 2859 5760 3144 5833; x_wconf 82' lang='lat' dir='ltr'><strong><em>baptisma</em></strong></span> <span class='ocrx_word' id='word_1_1121' title='bbox 3187 5761 3429 5833; x_wconf 75' lang='lat' dir='ltr'><strong><em>figurate</em></strong></span> <span class='ocrx_word' id='word_1_1122' title='bbox 3477 5762 3710 5813; x_wconf 80' lang='lat' dir='ltr'><strong><em>vocatur</em></strong></span> 
     </span>
    </p>
   </div>
  </div>
