4148 6180
391 307 477 357 191
1058 298 1508 355 DISSERTATIO
1559 298 1626 353 IN
1683 298 1810 352 LIB.
1863 299 1952 354 DE
2004 299 2331 355 CORPORE
2377 299 2465 354 ET
2525 297 2867 354 SANGUINE
2908 298 3168 353 DOMINI.

3786 302 3887 352 192

386 438 540 493 ﬁdes.
576 434 897 490 Notandum
929 433 1083 505 quod
1115 432 1175 486 in
1198 432 1610 505 alteragharum
1641 430 2074 484 similitudinem
2120 434 2164 485 A
2197 431 2499 500 quidquam
2521 429 2707 505 ﬁdem,
2748 445 2867 497 qua?
2897 431 3137 505 interius»
3172 430 3354 483 animo
3393 428 3549 505 latet,
3584 431 3649 505 in
3691 434 3890 498 myste-

387 510 673 563 caslestem
733 502 964 576 panem,
1022 505 1122 576 qui
1172 519 1300 556 vere
1338 502 1565 576 Christi
1604 518 1734 554 caro
1797 508 1901 569 est,
1960 518 2078 576 non

387 578 681 634 communi
711 573 807 630 sed
838 592 939 629 suo
968 573 1128 645 quasi
1156 574 1386 643 proprio
1431 573 1615 645 modo
1652 588 1859 645 corpus
1914 573 2074 627 Chri-

388 651 461 703 sti
498 649 687 701 vocari
716 647 876 713 dixit,
920 643 1053 715 quia
1104 647 1313 697 scilicet
1361 660 1563 714 corpus
1605 643 1742 695 illud
1795 660 1909 697 non
1952 660 2077 715 cor-

389 722 606 790 porale,
639 719 735 771 sed
766 714 1078 790 spiritualeg
1104 723 1160 768 et
1189 715 1447 767 divinum
1501 730 1616 783 pra:
1647 715 1916 767 omnibus
1968 714 2080 767 siu-

388 788 663 861 gulariter
702 791 853 861 vidit
872 804 893 861 :_
930 790 986 839 in
1032 788 1210 861 altera
1243 794 1429 837 autem
1465 792 1901 861 sacramentum
1952 800 2069 837 cor-

388 856 544 930 poris
582 860 808 924 Christi,
841 858 897 911 id
944 862 1043 930 est
1061 857 1301 909 formam
1346 856 1528 930 panis,
1574 857 1842 930 absolute
1886 871 2080 930 secun-

389 926 527 985 dum
563 930 869 1000 quemdam
919 928 1152 1000 modum
1206 942 1413 995 Corpus
1455 926 1703 1000 Clii'isti,_
1734 926 1893 990 dixit,
1945 927 2081 1000 quia

389 996 687 1056 comm—uni
710 1002 892 1068 ﬁgura
926 1014 1039 1050 non
1072 998 1434 1050 existentium
1469 997 1621 1066 quod
1652 996 2079 1050 dicunturillud

390 1074 500 1126 dici
557 1086 762 1136 corpus
806 1070 1011 1123 Christi
1068 1068 1303 1121 notavit.
1354 1068 1513 1131 Quod
1557 1075 1749 1120 autem
1798 1068 2081 1121 invisibile

388 1158 592 1212 corpus
620 1140 826 1212 Christi
860 1144 1280 1212 sacramentum
1329 1138 1567 1190 visibilis
1607 1139 1861 1212 corporis
1913 1139 2081 1212 Chri-

389 1214 459 1265 sti
487 1210 652 1275 dixit,
700 1211 1135 1279 intelligibiliter
1188 1214 1408 1261 tantum
1452 1224 1553 1278 per
1611 1211 1949 1262 exteriorem
1984 1210 2083 1261 ali-

389 1298 561 1353 quam
621 1283 924 1348 actionem,
982 1287 1037 1333 et
1116 1296 1233 1333 non
1282 1281 1622 1333 sensualiter
1686 1279 2079 1351 accipiendum

389 1361 489 1405 est.
543 1374 564 1400 ι

457 1424 565 1477 ΧΠ.
631 1423 742 1488 Quo
799 1437 956 1475 sensu
1013 1421 1217 1473 dictum
1272 1421 1340 1473 ab
1405 1422 1498 1473 illo
1548 1428 1646 1481 est,
1700 1421 1911 1474 scilicet
1973 1420 2081 1474 Ra-

389 1499 638 1557 tramno,
699 1509 857 1545 num.
906 1496 992 1556 56,
1026 1494 1267 1559 intellige
1315 1492 1459 1559 quod
1507 1506 1611 1545 non
1654 1494 1711 1543 in
1766 1494 1957 1561 specie,
1989 1491 2083 1544 sed

389 1567 447 1618 in
472 1568 668 1618 virtute
700 1578 892 1629 corpus
934 1569 980 1615 et
1029 1566 1253 1627 sanguis
1290 1564 1495 1616 Christi
1532 1564 1770 1616 existant
1798 1578 1915 1630 quae
1967 1578 2081 1614 cer-

387 1642 609 1690 nuntur.
658 1634 811 1698 Quod
840 1640 917 1686 est
963 1635 1346 1686 catholicorum
1382 1633 1605 1700 effatum
1638 1641 1885 1702 impetere
1918 1649 2082 1698 agen-

388 1710 533 1761 tium
587 1708 772 1772 utique
827 1705 921 1757 hoc
974 1703 1118 1771 quod
1178 1703 1421 1758 cernitur
1476 1710 1555 1757 est
1614 1719 1813 1777 corpus
1880 1705 2085 1760 Christi

387 1793 591 1830 verum.

1087 1877 1398 1914 RESPONSIO.

461 1986 535 2040 Ex
599 1986 708 2040 hoc
756 1985 1239 2055 apophtbegmate
1296 1985 1706 2038 catholicorum
1782 1985 2089 2039 hominum

388 2073 509 2111 non
577 2055 1021 2126 intelligendum
1071 2061 1155 2108 est
1207 2071 1379 2126 sensu
1439 2056 1656 2124 percipi
1710 2056 2087 2109 substantiam

390 2128 646 2196 corporis
687 2125 892 2179 Christi
928 2141 942 2178 :
985 2127 1091 2178 hoc
1124 2125 1278 2178 enim
1332 2126 1454 2196 luce
1501 2127 1690 2195 palam
1737 2126 1942 2180 falsum
1981 2133 2083 2190 est,

391 2195 506 2250 sedi
534 2196 710 2249 videri
755 2212 818 2248 ac
866 2196 1041 2248 oculis
1072 2195 1320 2267 conspici
1360 2195 1501 2255 vela,
1563 2197 1816 2262 umbras,
1879 2198 2087 2267 quibus

391 2268 721 2337 contegitur
764 2281 965 2319 verum
1028 2265 1233 2319 Christi
1293 2282 1514 2336 corpus.
1562 2269 1833 2337 Adeoque
1890 2265 2087 2321 sensus

392 2338 562 2405 hujus
604 2337 901 2390 axiomatis
940 2352 951 2389 :
989 2358 1015 2408 ς(
1066 2338 1181 2390 Hoc
1229 2338 1379 2405 quod
1435 2337 1687 2390 cernitur
1747 2344 1830 2391 est
1877 2356 2086 2408 corpus

395 2407 623 2468 Christi.
656 2409 763 2461 hoc
793 2412 876 2460 est
930 2406 1145 2461 scilicet
1198 2408 1514 2461 substantia
1560 2424 1689 2477 qua:
1726 2410 1830 2463 sub
1874 2406 2080 2463 his—ve-

395 2479 706 2533 laminibus
738 2477 1104 2531 scnsibilibus
1134 2494 1329 2531 revera
1362 2478 1551 2531 existit
1587 2479 1969 2546 invisibiliter,
2003 2487 2088 2534 est

392 2549 582 2619 ipsum
633 2565 1092 2622 verum‘corpus
1148 2548 1373 2603 Christi.
1433 2549 1900 2622 »UQuamobrem
1961 2555 2084 2622 jure

395 2621 601 2673 merito
662 2620 798 2692 dicit
854 2620 1301 2692 Batramnuszu
1353 2620 1608 2689 lntellige
1663 2622 1812 2692 quod
1853 2620 1969 2675 non
2025 2624 2084 2676 in

393 2692 600 2760 specie,
624 2691 720 2744 sed
764 2690 825 2743 in
869 2691 1076 2743 virtute
1109 2707 1315 2760 corpus
1351 2696 1404 2744 et
1447 2690 1697 2761 sanguis
1722 2694 1928 2746 Christi
1968 2694 2081 2747 exi-

393 2766 549 2815 stunt
599 2777 729 2832 qua:
772 2766 1106 2815 cernuntur.
1143 2781 1170 2811 »
1224 2763 1437 2815 ltevera
1494 2764 1648 2816 enim
1698 2763 1784 2817 ibi
1842 2764 2082 2818 existere

393 2848 600 2901 corpus
640 2832 850 2886 Christi
900 2833 1198 2894 credimus,
1249 2839 1304 2885 et
1342 2849 1469 2886 cum
1519 2834 1839 2900 credamus,
1887 2851 2083 2888 neces-

392 2905 542 2955 sario
582 2908 954 2956 consectaneo
988 2919 1101 2956 non
1132 2902 1410 2957 videmus.
1454 2904 1510 2957 Si
1542 2905 1695 2958 enim
1737 2905 2083 2973 videremus,

394 2973 714 3027 diceremus
754 2974 1001 3027 videmus
1030 2980 1085 3027 et
1134 2990 1247 3026 non
1290 2975 1607 3028 diceremus
1656 2977 1922 3030 credimus
1961 2994 2083 3030 esse

394 3060 821 3119 verumhcorpus
851 3049 906 3097 et
939 3044 1279 3119 sanguinem
1324 3046 1530 3119 Christi
1573 3063 1584 3100 :
1621 3068 1647 3095 ‹‹
1683 3047 1902 3117 Corpus
1956 3049 2082 3119 qui-

2188 507 2271 555 rio
2315 504 2551 569 Operari.
2616 502 2864 563 Utinam,
2924 501 3060 553 dicit
3104 500 3466 566 Ratramnus,
3518 501 3690 553 ﬁdem
3755 518 3888 569 quas

2190 573 2430 625 interius
2463 574 2520 625 in
2548 572 2739 623 animo
2785 572 2921 624 latet
2948 573 3163 641 aliquid
3202 571 3259 624 in
3311 572 3585 639 mysterio
3617 572 3888 640 operari?

2194 643 2295 697 Ubi
2325 643 2675 695 contrarium
2717 644 2930 711 quintae
2984 642 3297 707 fabricabit,
3335 644 3464 694 huic
3503 642 3717 695 scilicet
3751 659 3763 695 :
3799 645 3891 697 In-

2190 718 2357 767 terius
2388 714 2605 782 quidem
2626 716 3085 767 commutationem
3115 713 3258 782 fieri,
3300 713 3393 766 sed
3420 730 3527 766 non
3562 715 3620 766 in
3666 715 3887 782 symbo-

2191 787 2259 839 lis
2305 786 2639 856 priusquam
2676 784 2735 836 in
2774 785 3008 856 animis;
3074 800 3103 835 e
3161 790 3353 837 contra
3403 791 3523 856 toto
3573 801 3745 852 opere
3795 787 3889 837 de.

2190 854 2499 909 nioustrat‘
2538 856 2684 909 hanc
2751 854 3132 907 mutationem
3194 872 3315 908 esse
3371 854 3658 923 objectum
3727 856 3888 923 ﬁdei,

2193 928 2451 996 adeoque
2472 927 2523 979 ei
2553 932 2682 978 ante
2716 935 2951 978 vertere.
2988 926 3203 979 Revera
3235 932 3312 978 ait
3341 942 3493 978 num.
3532 930 3581 979 ll
3616 942 3628 979 :
3661 944 3687 977 οι
3722 926 3886 990 Quod

2192 1001 2237 1050 si
2272 995 2584 1050 secundum
2632 995 2907 1065 quosdam
2949 996 3190 1064 ﬁgurate
3219 996 3362 1049 nihil
3414 997 3746 1064 accipiatur,
3780 997 3881 1051 δρᾶ

2194 1073 2375 1121 totum
2404 1069 2461 1120 in
2492 1068 2722 1119 veritate
2754 1067 3156 1133 conspiciatur,
3207 1067 3342 1119 nihil
3384 1066 3473 1119 hic
3516 1068 3654 1119 ﬁdes
3684 1084 3887 1136 opera-

2192 1144 2303 1191 tur.
2344 1157 2370 1190 »
2393 1139 2498 1192 Sed
2542 1138 2659 1191 haec
2688 1137 2829 1189 nihil
2863 1140 3016 1190 aliud
3068 1138 3393 1207 signiﬁcant
3436 1138 3543 1189 uisi
3576 1138 3715 1191 nihil
3748 1144 3888 1191 esse

2193 1208 2326 1262 ﬁdei
2362 1209 2741 1276 reputandum
2771 1207 2813 1259 si
2849 1208 2985 1260 nihil
3016 1209 3336 1275 peculium;
3373 1208 3467 1261 sed
3490 1210 3684 1261 omnia
3728 1216 3887 1262 exte-

2192 1282 2312 1333 rius
2343 1285 2399 1332 et
2426 1280 2668 1332 interius
2701 1279 3057 1331 manifestata
3102 1285 3158 1332 et
3197 1285 3403 1331 retecta
3447 1289 3598 1345 sunt,
3659 1296 3762 1332 nec
3805 1280 3888 1334 di-

2194 1352 2437 1404 cendum
2468 1366 2588 1401 esse
2634 1349 2790 1402 credo
2820 1351 2915 1402 sed
2962 1350 3136 1409 video.
3191 1350 3272 1403 uti
3314 1351 3656 1403 Ratramnus
3687 1350 3889 1403 obser-

2193 1427 2288 1474 vat
2331 1437 2569 1474 numeru
2605 1421 2690 1473 54.
2730 1420 2945 1487 Νειτηβὶ
2996 1421 3213 1473 videres
3266 1421 3482 1475 diceres
3530 1421 3703 1481 video.
3764 1437 3886 1473 non

2195 1494 2412 1545 diceres
2473 1491 2628 1544 credo
2680 1507 2887 1559 corpus
2944 1491 3425 1561 sanguiuenique
3470 1507 3590 1543 esse
3651 1492 3883 1546 Christi.

2196 1563 2340 1626 Quid
2375 1563 2434 1615 in
2475 1562 2561 1615 his
2590 1561 2775 1613 verbis
2814 1561 3030 1614 redolet
3059 1562 3363 1615 hceresim‘?
3403 1560 3545 1625 Quid
3580 1578 3613 1614 a
3644 1563 3755 1615 ﬁde
3800 1579 3889 1614 ca-

2194 1634 2401 1687 tholica
2438 1633 2687 1685 alienum
2720 1632 3013 1699 erumpit?
3062 1634 3203 1695 Quid
3236 1633 3328 1685 hic
3368 1632 3669 1701 signiﬁcat,
3724 1632 3889 1700 ﬁdem

2197 1720 2314 1771 qua
2364 1706 2597 1757 interius
2646 1704 2777 1757 latet
2812 1703 3023 1772 aliquid
3081 1706 3135 1756 in
3185 1705 3278 1757 hoc
3345 1705 3599 1769 mysterio
3644 1706 3883 1771 operari,

2124 1776 2162 1829 Β
2194 1775 2303 1828 nisi
2332 1777 2547 1843 operari
2570 1778 2628 1827 in
2673 1777 2925 1841 mysterio
2983 1774 3265 1842 signiﬁcet
3294 1776 3509 1843 operari
3556 1776 3699 1827 circa
3737 1774 3887 1843 obje-

2197 1851 2339 1899 ctum
2378 1844 2671 1914 mysterii?
2702 1846 2915 1914 quippe
2945 1860 3073 1897 cum
3106 1845 3245 1899 ﬁdes
3292 1861 3457 1897 suum
3483 1861 3625 1914 opus
3678 1845 3889 1898 efﬁciat

2197 1916 2255 1968 in
2277 1916 2762 1986 contemplatione
2796 1917 2964 1985 hujus
2989 1915 3240 1986 mysterii
3270 1916 3372 1968 sub
3402 1916 3699 1985 speciebus
3722 1918 3888 1984 panis

2197 1991 2253 2038 et
2281 1986 2397 2039 vini
2426 2003 2625 2040 verum
2653 1986 2859 2040 Christi
2890 2002 3100 2054 corpus
3132 1993 3187 2040 et
3226 1986 3567 2056 sanguinem
3611 1988 3791 2039 celata
3832 1991 3892 2038 et

2199 2059 2419 2111 occulta
2448 2057 2683 2128 negotia
2721 2056 3029 2110 consistere
3071 2058 3351 2111 credendo
3368 2062 3423 2110 et
3461 2058 3751 2110 suadendo
3787 2073 3891 2125 per

2197 2128 2518 2181 mirabilem
2574 2128 2903 2181 substantiae
2952 2128 3118 2198 panis
3178 2132 3233 2181 et
3266 2128 3382 2181 vini
3431 2128 3885 2194 conversionem,

2195 2199 2278 2251 uti
2332 2201 2705 2253 Ratramnum
2735 2199 2937 2251 docere
2967 2199 3391 2252 observavimus
3415 2215 3479 2251 ex
3517 2215 3672 2252 num.
3708 2200 3774 2251 49
3820 2204 3877 2252 et

2198 2273 2283 2323 30.
2323 2291 2349 2317 ‹‹
2380 2273 2453 2323 At
2478 2286 2611 2323 vero
2639 2269 2953 2322 secundum
3002 2269 3347 2323 invisibilem
3383 2270 3782 2336 substantiam,
3829 2269 3889 2323 id

2197 2346 2281 2393 est
2311 2341 2489 2394 divini
2538 2341 2854 2409 potentiam
2897 2340 3077 2403 verbi,
3127 2356 3254 2392 vere
3306 2356 3511 2409 corpus
3559 2348 3616 2393 et
3655 2341 3891 2409 sanguis

2196 2411 2403 2465 Christi
2434 2412 2821 2464 existunt......
2852 2410 2949 2464 sed
2994 2427 3123 2463 vere
3157 2427 3257 2479 per
3287 2411 3625 2481 mysterium
3675 2427 3888 2480 panem

2196 2487 2251 2533 et
2271 2482 2469 2535 vinum
2500 2482 2559 2534 in
2598 2482 2851 2550 corporis
2882 2487 2938 2535 et
2978 2482 3270 2551 sanguinis
3303 2498 3574 2534 conversa
3622 2483 3890 2534 substan-

2195 2553 2355 2618 tiam,
2415 2569 2447 2605 a
2487 2552 2751 2606 ﬁdelibus
2801 2552 3098 2605 sumenda.
3161 2573 3182 2599 ι
3248 2554 3542 2621 Utcunque
3599 2569 3686 2605 res
3752 2553 3886 2613 sint.

2196 2639 2493 2693 nunquam
2526 2625 2869 2678 Ratramnus
2895 2623 3055 2685 dixit,
3085 2645 3105 2671 «
3142 2624 3315 2677 ﬁdem
3339 2640 3464 2693 qum
3489 2624 3726 2676 interius
3755 2624 3895 2677 latet

2196 2694 2541 2774 quidquam"
2660 2694 2768 2774 hoc
2804 2694 3077 2774 mysterio
3130 2695 3386 2774 operari;
3424 2716 3445 2774 ξ
3492 2695 3587 2748 sed
3639 2698 3889 2774 tantum,

2200 2765 2389 2818 «ﬁdes
2464 2764 2609 2818 nihil
2668 2764 2758 2818 hic
2813 2768 3085 2833 operatur
3138 2764 3186 2818 si
3238 2764 3553 2818 secundum
3608 2765 3892 2835 quosdam

2196 2836 2439 2905 ﬁgurate
2494 2835 2639 2888 nihil
2696 2835 2787 2888 hic
2817 2835 3149 2905 accipiatur,
3195 2836 3291 2889 sed
3326 2842 3506 2889 totum
3539 2835 3600 2888 in
3650 2836 3893 2890 veritate

2195 2906 2597 2976 conspiciatur.
2634 2928 2653 2954 ι
2688 2906 2847 2969 Quod
2886 2906 3245 2959 verissimum
3275 2913 3360 2959 est
3393 2913 3451 2959 et
3502 2909 3671 2977 plane
3699 2907 3896 2959 catho-

2196 2978 2391 3042 ticum,
2421 2994 2548 3031 cum
2586 2977 2644 3030 in
2684 2977 3038 3030 Eucharistia
3087 2979 3160 3031 sit
3214 2978 3398 3047 ﬁgura
3446 2984 3502 3030 et
3562 2978 3800 3041 veritas;
3836 2983 3895 3031 et

2195 3048 2555 3119 mquabiliter
2581 3048 2787 3119 falsum
2828 3048 2901 3101 sit
2947 3047 3134 3102 dicere
3191 3055 3291 3102 aut
3346 3052 3529 3102 totum
3574 3048 3891 3119 ﬁguratum

394 3115 524 3169 dem
568 3114 775 3189 Christi
815 3114 1562 3189 sanguinemqueﬁdeliter
1611 3114 1826 3185 credis“;
1881 3114 1991 3172 sed'
2033 3119 2077 3171 si
2120 3118 2159 3173 C
2190 3114 2311 3173 esse
2343 3125 2441 3173 aut
2465 3119 2609 3172 nihil
2651 3118 2983 3189 ﬁguratum.

394 3187 747 3256 perspiceres
788 3187 923 3256 quia
968 3187 1119 3257 quod
1166 3186 1348 3240 credis
1393 3188 1649 3242 nondum
1697 3190 1852 3244 vides
1888 3207 1900 3243 :
1954 3206 2085 3243 nam

394 3257 437 3310 si
477 3257 712 3319 diceres,
757 3258 961 3330 Video,
984 3273 1098 3330 non
1130 3258 1368 3330 diceres,
1403 3259 1583 3330 credo
1614 3276 1822 3330 corpus
1854 3261 2086 3330 sangui-

393 3343 641 3400 nemque
674 3342 795 3400 esse
835 3328 1062 3382 Christi.
1097 3329 1233 3400 »ΕΚ
1272 3327 1375 3380 hac
1414 3329 1622 3381 virtute
1653 3327 1923 3398 potentia).
1965 3327 2089 3400 'qua

394 3398 649 3451 Christus
672 3400 729 3450 in
771 3398 877 3450 hoc
920 3398 1191 3464 mysterio
1236 3404 1546 3451 exornatur
1585 3401 1880 3453 contendit
1918 3398 2087 3453 vene-

393 3468 632 3521 randam
662 3483 783 3520 esse
816 3468 961 3519 hanc
989 3468 1307 3539 potentiam
1327 3483 1440 3536 qua
1462 3468 1745 3539 quidquid
1767 3472 1883 3523 vult
1910 3477 2089 3534 creat,

392 3542 449 3588 et
475 3543 727 3589 creatum
772 3536 1069 3609 quomodo
1129 3536 1246 3589 vult
1303 3544 1366 3591 et
1414 3536 1644 3607 quando
1696 3541 1751 3593 in
1815 3541 1871 3592 id
1936 3543 2089 3609 quod

393 3613 562 3659 antea
606 3622 722 3659 non
763 3606 953 3659 fuerat
998 3612 1292 3676 permutat
1328 3624 1343 3661 :
1374 3629 1401 3657 α
1432 3606 1600 3663 Unde
1650 3610 1788 3664 dicit
1829 3606 2090 3664 ordinem

394 3683 615 3729 natura;
665 3692 788 3751 non
845 3676 938 3730 hic
970 3677 1329 3751 intuendum,
1374 3680 1472 3733 sed
1521 3680 1729 3734 Christi
1771 3681 2089 3751 potentiam

397 3747 804 3822 venerandam,
837 3764 968 3822 quas
1003 3748 1282 3819 quidquid
1342 3751 1482 3816 vult,
1526 3747 1814 3822 quomodo
1861 3753 1981 3806 vult
2032 3754 2091 3806 in

393 3817 785 3888 quodcunque
808 3817 950 3888 vult,
977 3817 1036 3873 et
1061 3817 1213 3874 creat
1242 3822 1394 3891 quod
1444 3817 1561 3877 non
1590 3829 1713 3878 erat
1749 3830 1806 3878 et
1837 3830 2092 3879 creatum

394 3896 683 3958 permutat
711 3890 767 3944 in
798 3891 851 3943 id
873 3891 1024 3961 quod
1058 3898 1227 3945 antea
1260 3890 1372 3946 non
1407 3893 1612 3948 fuerat.
1642 3917 1667 3942 η

485 3961 618 4015 XIII.
673 3962 935 4017 Nolebant
970 3965 1158 4029 utique
1187 3966 1455 4027 catholici,
1493 3966 1686 4034 inquit
1734 3966 2083 4028 dissertator,

393 4047 522 4102 pag.
556 4035 678 4098 291,
714 4038 981 4085 tmemate
1018 4036 1137 4099 l76,
1157 4034 1290 4087 edit.
1317 4036 1762 4097 Amstelodam.;
1813 4037 2092 4089 Parisien-

394 4103 468 4154 sis
498 4118 631 4155 vero
656 4120 784 4171 pag.
816 4107 936 4167 l76,
973 4109 1246 4157 tmemate
1278 4105 1329 4169 4,
1363 4105 1500 4172 quid
1526 4122 1734 4173 aequam
1757 4106 1935 4173 ﬁdem,
1970 4123 2093 4174 qua:

396 4175 621 4244 interius
669 4177 726 4226 in
785 4176 966 4226 animo
1020 4174 1168 4238 latet,
1227 4176 1285 4227 in
1334 4178 1589 4241 mysterio
1645 4179 1885 4244 operari.
1943 4178 2093 4243 Quod

392 4242 672 4315 videretur
726 4245 783 4296 in
830 4245 1003 4296 altari
1040 4245 1133 4295 Dei
1166 4245 1383 4297 aiebant
1436 4246 1639 4299 Christi
1675 4242 1885 4315 corpus
1935 4242 2085 4302 esse:

392 4312 753 4388 substantiam
790 4318 1162 4388 creaturarum
1216 4317 1558 4370 immutatam
1606 4332 1715 4370 esse
1758 4312 1910 4371 salva
1971 4334 2089 4388 spe-

394 4385 471 4435 cie
500 4398 601 4456 pro
644 4399 707 4436 ea
736 4386 937 4456 speciei
981 4389 1283 4456 acceptione
1336 4402 1496 4453 quam
1551 4404 1669 4456 cap.
1727 4390 1759 4442 4
1793 4385 2035 4443 dimimus
2071 4406 2083 4442 :

393 4468 487 4527 nec
510 4454 629 4519 jam
657 4470 769 4507 esse
800 4454 1042 4521 symbola
1085 4462 1201 4521 post
1227 4454 1678 4512 consecrationem
1729 4460 1873 4527 quod
1930 4466 2089 4513 antea

392 4524 644 4597 fuissent.
691 4526 928 4580 Interius
960 4527 1177 4594 quidem
1216 4531 1682 4583 commutationem
1717 4524 1857 4597 ﬁeri,
1908 4531 1999 4585 sed
2031 4536 2087 4585 in

394 4594 650 4669 symbolis
692 4597 1018 4669 priusquam
1058 4600 1116 4650 in
1155 4598 1485 4652 credentium
1526 4594 1746 4655 animis.
1793 4604 1891 4655 His
1932 4604 2083 4669 capi-

396 4664 538 4717 tibus
596 4666 813 4719 totidem
865 4670 953 4720 ille
1004 4671 1244 4722 maxime
1296 4671 1616 4724 adversaria
1662 4673 1757 4725 hoc
1816 4689 1921 4726 uno
1972 4664 2083 4727 loco

397 4735 571 4811 tradit
605 4738 961 4811 _Ratramnus,
986 4740 1189 4792 scilicet
1221 4755 1367 4793 num.
1405 4742 1471 4793 54
1509 4758 1520 4794 :
1572 4744 1766 4797 Dicant
1796 4746 1892 4811 qui
1944 4745 2087 4797 nihil

403 4806 489 4858 hic
528 4807 713 4861 volunt
741 4809 1031 4862 secundum
1072 4811 1299 4863 interius
1345 4812 1593 4865 latentem
1638 4806 1891 4867 virtutem
1942 4817 2092 4868 acci—

394 4891 535 4944 pere,
580 4876 686 4952 _sed
732 4883 927 4952 totum
955 4880 1099 4946 quod
1151 4887 1398 4949 apparet,
1458 4883 1749 4937 visibiliter
1792 4888 2086 4952 aestimare,

394 4947 696 5019 secundum
735 4950 870 5015 quid
910 4950 994 5003 hic
1022 4952 1093 5004 sit
1135 4947 1479 5006 commutatio
1506 4957 1677 5019 facta.
1728 4957 1869 5010 Nam
1910 4947 2096 5009 secun-

395 5018 525 5071 dum
606 5024 979 5091 creaturarum
1035 5022 1415 5089 substantiam,
1472 5018 1615 5091 quod
1674 5027 1897 5091 fuerunt
1969 5032 2094 5080 ante

395 5090 876 5161 consecrationem
909 5092 1015 5144 hoc
1043 5096 1100 5145 et
1137 5098 1332 5161 postea
1358 5090 1697 5148 consistunt.
1739 5096 1903 5149 Panis
1925 5102 1980 5149 et
2006 5097 2093 5149 vi-

398 5175 536 5213 num
569 5160 728 5230 prius
749 5162 1016 5215 exstitere
1043 5178 1070 5235 :_
1096 5160 1154 5235 in
1185 5178 1296 5232 qua
1347 5164 1519 5218 etiam
1560 5166 1745 5234 specie
1783 5167 1900 5235 jam
1949 5182 2089 5220 con-

397 5236 613 5285 secrata
652 5248 991 5305 permanere
1021 5232 1302 5305 videntur.
1349 5236 1442 5288 Est
1473 5232 1611 5305 erga
1645 5232 1884 5289 interius
1934 5252 2090 5289 com-

398 5306 680 5376 mutatum
713 5303 955 5376 Spiritus
1000 5303 1177 5376 sancti
1213 5306 1437 5374 potenti
1476 5303 1707 5372 virtute,
1745 5307 1897 5376 quod
1952 5308 2090 5361 ﬁdes

400 5371 642 5492 aspicit,
670 5371 922 5429 animam
974 5374 1176 5446 pascit,
1215 5371 1467 5430 atteram
1520 5377 1651 5430 vita:
1696 5371 2089 5432 substantiam

400 5455 461 5490 su
507 5450 808 5492 ministrat-

399 5450 808 5499 subministrat.

1085 5548 1404 5589 RESPONSIO.

469 5648 594 5727 Non
645 5651 795 5719 potis
851 5657 1046 5731 est_ex
1103 5656 1194 5709 hic
1258 5658 1552 5731 Batramni
1578 5659 1768 5731 verbis
1823 5660 2088 5731 colligere

397 5718 659 5801 quinque
688 5722 1104 5801 propositiones
1141 5729 1458 5781 contrarias
1490 5730 1747 5800 quinque
1781 5732 1906 5785 aliis
1948 5718 2088 5801 quas

397 5790 654 5858 prodidit
724 5789 1073 5847 dissertator.
1139 5801 1192 5849 1ο
1258 5789 1524 5854 Νοιθὸαηί
1590 5789 1777 5871 utique
1833 5789 2090 5859 cathblici

2268 3226 2391 3281 Jam
2419 3242 2549 3279 vero
2587 3225 2995 3295 inquirendum
3027 3228 3199 3277 restat
3250 3224 3386 3294 quid
3418 3225 3761 3279 Ratramnus
3803 3224 3896 3278 his

2200 3298 2384 3350 verbis
2424 3296 2744 3366 signiﬁcare
2784 3296 2963 3348 velit:
3013 3318 3031 3343 ι
3066 3296 3203 3348 Nam
3236 3296 3550 3349 secundum
3609 3300 3899 3349 creatura-

2199 3384 2326 3420 rum
2359 3367 2734 3420 substantiam
2765 3366 2915 3436 quod
2946 3366 3179 3419 fuerunt
3208 3373 3339 3419 ante
3382 3367 3895 3434 consecrationem,

2199 3438 2308 3490 hoc
2338 3442 2393 3489 et
2430 3442 2625 3506 postea
2671 3436 3010 3490 consistunt.
3046 3437 3211 3491 Panis
3241 3443 3297 3490 et
3328 3437 3523 3490 vinum
3554 3438 3713 3506 prius
3768 3438 3895 3491 exi-

2201 3513 2347 3559 stere
2373 3508 2434 3559 in
2465 3523 2578 3575 qua
2599 3507 2770 3559 etiam
2801 3507 2988 3576 specie
3013 3507 3132 3575 jam
3163 3524 3498 3576 permanere
3547 3509 3834 3574 videntur,
3866 3530 3895 3559 ι)

2202 3584 2259 3630 at
2289 3593 2421 3630 vero
2456 3577 2697 3630 defendo
2738 3593 2836 3646 per
2876 3584 3247 3631 creaturarum
3279 3579 3642 3632 substantiam
3695 3578 3896 3632 neuti-

2201 3664 2372 3727 quam
2406 3647 2727 3727 intelligere
2767 3664 2867 3727 ens
2906 3664 3009 3727 per
3040 3665 3096 3701 se
3131 3649 3463 3727 subsistens.
3504 3656 3565 3702 ut
3595 3649 3900 3727 Peripate-

2200 3718 2297 3772 tici
2348 3719 2682 3788 loquuntur,
2712 3719 2808 3773 sed
2852 3723 3113 3772 externas
3174 3721 3504 3773 substantia:
3564 3720 3901 3773 atl'ectiones

2201 3796 2258 3844 et
2289 3790 2593 3861 qualitates
2626 3806 2753 3859 qua:
2785 3796 2952 3843 antea
2994 3789 3106 3843 fuit
3135 3797 3191 3843 et
3214 3792 3334 3859 jam
3375 3807 3489 3844 non
3527 3797 3628 3855 est,
3665 3807 3729 3843 ex
3763 3792 3898 3861 qui-

2200 3862 2306 3915 bus
2335 3867 2529 3914 tamen
2570 3876 2864 3931 superesse
2903 3877 3004 3913 nec
3040 3877 3376 3929 permanere
3417 3862 3661 3927 videtur,
3696 3867 3755 3914 et
3809 3863 3899 3915 uti

2202 3932 2527 4002 signiﬁcant
2557 3932 2675 3985 haec
2710 3932 2918 3985 verba:
2951 3934 3119 3986 Panis
3162 3938 3211 3985 et
3244 3935 3426 3985 vinum
3456 3937 3612 4001 prius
3664 3935 3900 3987 existere

2200 4006 2260 4055 in
2298 4020 2407 4071 qua
2447 4005 2608 4056 etiam
2659 4006 2831 4071 specie
2865 4004 2983 4070 jam
3032 4018 3344 4071 permanere
3390 4005 3661 4056 videntur.
3696 4003 3898 4057 Enim-

2202 4089 2334 4127 vero
2372 4074 2489 4126 liase
2522 4089 2621 4125 vox
2652 4076 2849 4141 species
2880 4074 3030 4143 apud
3064 4074 3434 4127 Ratramnum
3469 4090 3583 4126 non
3615 4090 3760 4137 rem,
3796 4075 3898 4127 sed

2202 4144 2285 4196 rei
2315 4145 2653 4213 paropidem
2687 4148 2741 4198 et
2772 4144 3268 4197 obumbrationem
3315 4145 3594 4213 signiﬁcat
3623 4161 3685 4196 ac
3731 4145 3896 4197 simi-

2202 4215 2526 4281 litudinem,
2563 4220 2623 4267 ut
2654 4216 2805 4283 apud
2840 4215 3294 4269 Horatiumlibro
3320 4233 3376 4279 ιι,
3408 4222 3591 4284 satyro
3621 4217 3654 4266 2
3687 4230 3700 4267 :
3735 4218 3901 4271 Ducit

2205 4288 2491 4353 tespecies,
2552 4285 2726 4339 video.
2789 4287 2864 4339 De
2926 4291 3153 4349 cmtero,
3213 4286 3545 4355 postpositis
3615 4287 3900 4354 exemplis

2206 4357 2413 4426 quibus
2457 4356 2699 4426 probare
2727 4373 2953 4425 possem
3002 4357 3266 4426 antiquos
3295 4357 3597 4426 scriptores
3627 4358 3895 4410 ecclesia-

2200 4427 2370 4507 sticos
2429 4442 2534 4495 per
2591 4428 2961 4480 substantiam
3023 4427 3369 4507 signiﬁcasse
3410 4428 3493 4480 rei
3542 4427 3895 4506 aﬁectiones,

2130 4500 2171 4553 D
2199 4498 2501 4566 qualitates
2532 4513 2745 4563 rerum,
2789 4514 2905 4551 non
2948 4514 3036 4551 res
3083 4498 3254 4568 ipsas,
3288 4514 3534 4567 quorum
3597 4498 3897 4566 specimen

2193 4568 2323 4622 dedi
2357 4569 2415 4621 in
2449 4570 2781 4638 praefatione
2812 4568 3077 4622 editionis
3120 4569 3333 4622 Latinae
3361 4568 3677 4633 Ratramni,
3716 4585 3898 4637 quam

2202 4656 2321 4708 prie
2372 4640 2638 4692 manibus
2671 4640 2865 4707 habes,
2916 4640 3155 4693 dubium
3190 4640 3410 4692 nullum
3443 4644 3703 4708 superest
3750 4639 3897 4708 quin

2202 4710 2545 4764 Ratramnus
2584 4710 2866 4779 ejusmodi
2912 4711 3145 4764 alfectus
3192 4710 3398 4763 animae
3439 4710 3759 4779 signiﬁcare
3806 4727 3900 4762 vo-

2202 4781 2392 4848 luerit,
2431 4796 2545 4833 non
2588 4782 2837 4833 animam
2875 4780 3056 4851 ipsam
3088 4780 3174 4834 his
3205 4781 3390 4835 verbis
3423 4798 3434 4835 :
3472 4800 3499 4831 α
3534 4782 3678 4851 Ergo
3722 4783 3897 4851 quod

2202 4851 2455 4922 interius
2477 4850 2905 4922 commutatum
2933 4851 3177 4921 Spiritus
3217 4851 3398 4922 sancti
3429 4850 3649 4922 potenti
3682 4850 3896 4905 virtute

2200 4921 2355 4992 quod
2387 4921 2527 4974 ﬁdes
2556 4920 2775 4992 aspicit,
2813 4920 3060 4974 animam
3090 4921 3292 4991 pascit,
3333 4920 3561 4976 aeternae
3602 4923 3733 4975 vitae
3764 4922 3901 4976 sub-

2201 4991 2467 5045 stantiam
2510 4991 2925 5046 subministrat.
2986 5013 3006 5039 ι
3056 4992 3382 5046 Substantia
3440 4994 3595 5046 enim
3655 4998 3897 5047 aeterna:

2200 5063 2328 5115 vitae
2356 5078 2469 5115 non
2499 5068 2584 5116 est
2614 5062 2737 5132 ipsa
2775 5078 2879 5131 per
2908 5078 2965 5115 se
3006 5062 3315 5116 subsistens
3353 5064 3567 5131 anima,
3601 5064 3700 5117 sed
3716 5063 3899 5117 beati-

2200 5134 2338 5185 tudo
2375 5133 2517 5202 ipsa,
2573 5149 2673 5187 seu
2725 5132 3212 5187 incommutabilis
3264 5135 3397 5188 vitae
3444 5140 3567 5188 tota
3611 5134 3785 5188 simul
3835 5139 3897 5189 et

2198 5204 2447 5274 perfecta
2472 5204 2771 5273 possessio.

2270 5309 2402 5363 XIV.
2448 5311 2609 5365 Num.
2658 5311 2711 5372 4,
2757 5310 3153 5364 Eucharistiam
3201 5326 3319 5365 cum
3368 5311 3632 5381 baptismo
3656 5313 3893 5378 confert.

2198 5382 2355 5434 Num.
2403 5382 2487 5451 l7,
2524 5383 2586 5435 18
2617 5386 2674 5434 et
2724 5383 2808 5447 19,
2842 5397 2970 5451 pag.
3006 5384 3131 5448 292,
3166 5382 3301 5434 edit.
3336 5382 3889 5437 Amstelodamensis

2199 5458 2257 5505 et
2287 5450 2639 5517 Parisiensis,
2673 5467 2803 5521 pag.
2842 5450 2960 5518 176,
2989 5468 3139 5507 anno
3187 5455 3343 5515 1699,
3390 5456 3449 5507 in
3482 5454 3768 5522 baptismo,
3804 5455 3899 5508 in-

2199 5524 2340 5591 quit,
2398 5522 2504 5575 duo
2559 5528 2688 5575 sunt
2749 5524 2893 5591 quod
2935 5526 3170 5577 exterius
3222 5524 3396 5577 abluit
3433 5525 3746 5577 elementum
3789 5540 3800 5577 :
3838 5530 3896 5578 et

2199 5594 2343 5661 quod
2374 5594 2601 5646 interius
2650 5598 2852 5661 purgat
2894 5596 3069 5648 virtus
3107 5596 3550 5662 sanctificationis
3588 5597 3699 5649 sive
3754 5595 3896 5662 ﬁdes

2199 5665 2348 5716 illius
2382 5666 2479 5731 qui
2516 5664 2777 5717 abluitur.
2812 5665 3012 5732 Itaque
3031 5668 3089 5718 in
3116 5666 3288 5733 specie
3324 5666 3438 5719 sive
3458 5670 3513 5718 in
3551 5667 3896 5734 proprietate

2198 5736 2338 5788 nihil
2374 5740 2452 5788 est
2475 5740 2675 5803 prater
2702 5750 2946 5805 aquam:
2980 5737 3039 5787 in
3086 5738 3349 5805 mysterio
3397 5738 3509 5790 sive
3553 5738 3611 5789 in
3649 5736 3896 5791 credenti

2200 5804 2558 5874 intelligentia
2586 5807 2759 5859 virtus
2790 5806 3071 5859 sanabilis.
