4148 6180
284 290 386 341 193

974 428 1286 467 RESPONSIO.

354 522 619 577 Rotunde
666 520 850 573 fateor
897 519 1269 573 Ratramnum
1320 532 1654 587 comparare
1699 514 1980 569 Euchari-

284 595 453 648 stiam
486 609 613 646 cum
646 590 961 661 baptismo;
990 596 1047 642 at
1077 606 1179 659 per
1203 589 1610 661 Eucharistiam
1647 603 1761 661 non
1796 587 1981 661 solum

282 665 556 735 intelligit
608 657 816 733 panem
862 657 1166 735 et_vinum,
1216 676 1426 735 verum
1447 658 1619 711 etiam
1650 658 1831 728 ipsam
1872 657 1980 711 Eu-

282 730 621 789 charistiam'
646 739 826 787 totam
850 738 907 784 et
937 732 995 784 in
1027 731 1269 800 integro,
1311 730 1522 783 scilicet
1556 744 1750 782 verum
1775 744 1982 798 corpus

283 812 337 860 et
372 822 572 860 verum
607 804 947 875 sanguinem
993 802 1360 875 Christi,qsub
1397 800 1695 875 speciebus
1734 800 1900 870 panis
1928 805 1983 852 et

281 878 421 930 vini.
499 878 654 931 Hanc
715 871 834 928 esse
895 873 1339 941 intelligentiam
1397 871 1697 925 Ratramni
1756 887 1981 923 necesse

283 952 413 1001 est:
484 949 698 1018 quippe
756 962 885 998 cum
944 960 1132 1018 veram
1200 943 1645 1018 substantiarum
1701 941 1979 995 mutatio-

286 1035 420 1073 nem
477 1014 868 1085 recognoscat,
916 1031 1031 1068 non
1077 1015 1219 1067 duas
1258 1014 1585 1085 existentias
1632 1018 1865 1076 asserat,
1929 1018 1983 1065 et

283 1090 504 1159 grande
560 1084 717 1142 nefas
762 1090 993 1156 reputet
1038 1086 1285 1154 cogitare
1335 1084 1410 1159 ibi
1456 1099 1572 1159 non
1618 1099 1738 1136 esse
1791 1098 1982 1159 corpus

284 1155 493 1216 Christi
543 1159 687 1228 quod
738 1155 1049 1211 nominatur
1102 1162 1150 1228 ct
1183 1158 1403 1228 existit.
1464 1156 1586 1228 Jaqm
1639 1171 1769 1228 vero
1823 1155 1867 1206 si
1917 1170 1982 1206 eo

285 1247 455 1284 sensu
488 1225 834 1283 intellectam
885 1226 1290 1280 Eucharistiam
1345 1241 1475 1277 cum
1525 1225 1808 1293 baptismo
1853 1240 1981 1277 con-

287 1302 453 1369 ferat,
518 1301 653 1371 quid
719 1298 1031 1371 maliAfalsi
1086 1298 1138 1371 ei
1190 1295 1781 1371 exprobraripotest‘.’
1842 1296 1981 1348 Nam

286 1374 432 1425 sicut
464 1368 643 1425 virtus
675 1368 1138 1423 sanctiﬁcationis
1187 1368 1256 1420 ad
1299 1368 1646 1420 elementum
1686 1382 1847 1435 aqua:
1878 1382 1984 1435 ag-

286 1448 563 1512 gregatur
592 1441 649 1495 in
692 1440 1210 1512 baptismo,mu_lto
1254 1438 1644 1512 magisvirtus
1685 1437 1981 1512 immorta-

288 1508 463 1567 litatis
498 1519 553 1566 et
580 1508 1043 1565 sanctificationis
1072 1510 1137 1562 ad
1171 1526 1367 1563 verum
1402 1508 1606 1562 Christi
1639 1524 1844 1577 corpus
1877 1508 1981 1560 sub

288 1585 588 1653 speciebus
646 1583 930 1635 occultum
979 1581 1211 1653 accedit,
1253 1596 1387 1653 qum
1434 1578 1602 1653 nobis
1649 1578 1983 1653 immortali-

290 1649 465 1709 tatem
496 1662 551 1707 et
575 1659 803 1707 ceterum
825 1653 954 1705 vitae
986 1649 1361 1704 substantiam
1381 1649 1761 1703 administrat.
1797 1650 1979 1702 Enim-

289 1743 424 1781 vero
477 1726 586 1778 nisi
626 1741 758 1779 cum
808 1724 916 1776 ﬁde
956 1728 1013 1776 et
1061 1722 1334 1775 charitate
1382 1721 1451 1773 ad
1497 1720 1604 1772 hoc
1648 1720 1982 1789 mysterium

288 1797 647 1863 accedamus,
714 1796 839 1864 ipsa
893 1809 1017 1847 caro
1077 1791 1557 1864 Christiioceulta
1609 1806 1714 1843 non
1765 1790 1984 1864 prodest

287 1868 595 1937 quidquam
628 1861 640 1918 ἐ
686 1861 918 1933 spiritus
939 1869 1015 1917 est
1045 1866 1141 1937 qui
1170 1863 1412 1937 vivi/teat
1433 1879 1450 1914 :
1485 1862 1629 1915 sicut
1658 1877 1806 1937 aqua
1838 1861 1982 1937 nihil

286 1931 493 1991 attinet
534 1939 582 1990 si
624 1931 832 1989 virtute
882 1934 1347 1987 sanctiﬁcationis
1396 1938 1604 1997 careat,
1654 1931 1709 1984 id
1748 1938 1832 1985 est
1871 1931 1983 1984 nisi

284 2010 516 2062 adultus
573 2024 730 2059 sacro
798 2005 1054 2059 initiatus
1108 2004 1448 2072 baptismate
1513 2002 1703 2055 credat
1759 2007 1815 2055 et
1872 2002 1981 2054 sibi

288 2079 631 2150 persuadeat
648 2080 752 2131 hac
780 2077 986 2150 virtute
1005 2074 1673 2150 sanctiﬁcationisvitam
1709 2078 1978 2150 aeternam

286 2144 612 2219 comparari
643 2164 827 2219 posse.
852 2148 973 2219 Non
1002 2146 1178 2219 igitur
1200 2146 1389 2219 solum
1425 2144 1683 2219 mirabile
1715 2148 1799 2196 est
1828 2144 1981 2219 quod

287 2214 495 2291 corp-us
541 2214 748 2274 Christi
794 2218 854 2270 in
888 2214 1249 2291 ‘Eucliaristia
1296 2216 1517 2291 existat,
1570 2215 1665 2291 sed
1710 2214 1982 2291 quod_ibi

287 2293 355 2345 ad
388 2284 661 2344 -nostram
723 2288 1228 2342 sanctiﬁcationem
1279 2285 1564 2339 consistat.
1618 2287 1679 2337 In
1725 2301 1822 2337 ore
1869 2284 1979 2337 ini-

287 2379 529 2432 quorum
564 2367 618 2414 et
658 2361 937 2432 bonorum
980 2358 1337 2432 aequabiliter
1374 2360 1693 2432 permanet.
1735 2355 1842 2409 Sed
1877 2355 1980 2432 ad-

288 2426 485 2486 versus
529 2433 712 2485 malos
757 2426 1095 2483 alimentum
1142 2426 1463 2491 mortis,’et
1511 2444 1645 2496 erga
1673 2426 1983 2479 bonosxali-

290 2510 547 2557 mentum
599 2503 727 2555 vita:
774 2504 892 2554 vita
941 2501 1088 2553 bonis
1128 2514 1373 2566 morsque
1424 2499 1583 2551 malis
1605 2511 1646 2551 τί.
1701 2498 1980 2550 Caeterum

290 2574 570 2644 ejusmodi
618 2571 968 2644 comparatio
1003 2587 1104 2624 nec
1137 2587 1277 2644 nova
1318 2584 1423 2622 nec
1460 2569 1711 2644 insolens
1758 2573 1873 2633 est;
1915 2583 1982 2644 ea

291 2638 375 2699 u'si
421 2652 555 2698 sunt
596 2638 890 2697 fortissimi
937 2642 1254 2711 praesentiae
1288 2641 1547 2711 corporis
1594 2643 1649 2691 et
1688 2638 1977 2711 transsui)-

290 2716 673 2769 stantiationis
704 2710 1048 2778 defensores,
1098 2712 1180 2765 uti
1228 2710 1600 2778 intelligimus
1640 2724 1707 2762 ex
1745 2710 1980 2779 epistola

293 2788 574 2840 Paschasii
607 2786 674 2838 ad
704 2783 1097 2852 Frudgardum
1133 2798 1261 2852 pag.
1302 2783 1456 2846 1621,
1486 2782 1592 2834 litt.
1629 2780 1777 2852 B,et
1797 2780 1979 2849 capite

290 2860 319 2911 3
366 2864 644 2910 tractatus
696 2857 763 2908 de
811 2851 1048 2923 corpore
1099 2851 1155 2905 et
1220 2852 1498 2920 sanguine
1552 2851 1798 2923 Domini,
1847 2865 1975 2919 pag.

294 2932 444 2982 1562.
496 2927 769 2981 Eamdem
821 2922 1075 2994 prodidit
1120 2924 1608 2991 comparationem
1653 2922 1849 2994 beatus
1898 2924 1981 2975 Al-

288 3016 478 3069 gerus,
528 2998 713 3066 capite
758 2991 843 3061 10,
888 2996 985 3048 lib.
1020 3012 1104 3069 Au,
1135 3000 1191 3047 et
1235 2998 1265 3047 8
1315 2993 1411 3046 lib.
1449 3010 1529 3069 in,
1577 2996 1634 3045 et
1672 2991 1973 3069 existimat,

288 3062 432 3139 quod
465 3062 698 3122 ridetur
740 3070 963 3139 speciem
1012 3066 1206 3118 habere
1234 3065 1583 3139 corporalem
1628 3062 1771 3129 quod
1820 3062 1975 3114 intel-

289 3136 484 3207 ligitur
543 3143 786 3205 fructum
847 3138 1055 3207 habere
1101 3136 1485 3207 spiriﬁtualem,
1526 3149 1645 3185 non
1702 3148 1861 3207 secus
1916 3147 1979 3183 ac

290 3202 637 3265 Batramnus
694 3225 853 3263 num.
912 3212 994 3261 19.
1038 3202 1359 3260 Secundum
1398 3205 1552 3256 enim
1601 3222 1627 3252 (ι
1675 3202 1827 3272 quod
1866 3218 1980 3254 cer-

288 3290 506 3335 nuntur
564 3297 768 3349 corpus
824 3283 1064 3349 pascunt
1107 3274 1476 3349 corruptibile
1534 3273 1981 3349 ipsa_corrupti-

292 3354 457 3419 bilia;
503 3344 841 3404 secundum'
864 3366 998 3402 vero
1031 3349 1180 3418 quod
1228 3344 1819 3419 creduntur,_animas
1848 3359 1977 3413 pas-

288 3430 421 3475 cunt
443 3416 514 3475 Vin
545 3429 825 3475 aeternum
850 3416 1093 3473 victuros
1125 3418 1248 3487 ipsa
1275 3416 1639 3469 immortalia.
1706 3435 1726 3487 in

356 3494 463 3547 XV.
526 3493 680 3562 (Pag.
741 3495 846 3545 292
895 3491 1031 3544 edit.
1082 3485 1349 3562 Amstel.;
1392 3487 1538 3562 _edi_t.
1591 3485 1976 3562 P_aris.,-pag_._

291 3567 408 3625 177,
446 3557 550 3616 lin'.
582 3557 659 3628 2):
703 3564 861 3617 Num.
912 3562 944 3614 4
990 3567 1039 3613 et
1066 3575 1213 3612 num.
1252 3561 1333 3612 19.
1385 3559 1450 3611 In
1483 3557 1768 3625 baptismo,
1801 3557 1982 3623 inquit

287 3637 619 3689 Ratramnus
653 3635 765 3686 sive
805 3632 1021 3697 [aderis
1066 3632 1286 3697 antiqui
1322 3632 1433 3681 sive
1479 3631 1624 3695 novi,
1657 3628 1761 3679 duo
1804 3631 1931 3697 sunt
1964 3641 1976 3678 :

287 3721 432 3773 aqua
460 3720 581 3772 qua
621 3696 862 3757 cernitur
890 3708 939 3755 et
968 3696 1280 3770 spiritualis
1316 3701 1562 3773 potentia
1592 3713 1708 3766 quae
1738 3696 1983 3773 creditur

286 3769 550 3839 interius;
598 3791 665 3827 ex
721 3780 945 3840 utroque
990 3774 1305 3839 mysterium
1365 3772 1427 3836 ﬁt
1470 3769 1596 3821 dum
1645 3770 1983 3840 cognoscitur

289 3847 424 3914 quid
458 3836 760 3915 symbolum
789 3836 1075 3910 signiﬁcet.
1124 3844 1225 3896 Ubi
1251 3856 1355 3915 non
1387 3840 1795 3915 Eucti/tristiam
1828 3836 1981 3915 modo

286 3909 514 3986 perinde
555 3932 619 3970 ac
649 3909 909 3968 salutaris
946 3915 1154 3986 lavacri
1190 3911 1393 3986 undam
1416 3909 1977 3986 ﬁerimy‘sticamuit,

290 3978 548 4056 quoniam
604 3991 717 4040 viso
762 3985 996 4051 symbolo
1040 3998 1184 4037 mens
1231 3982 1388 4035 aliud
1425 3978 1869 4056 intelligit_quod
1906 3980 1983 4056 υἱέ

289 4050 395 4124 det,
442 4075 509 4111 ex
559 4074 671 4126 qua
707 4050 836 4126 ﬁdei
889 4056 1251 4121 intelligentia
1304 4055 1627 4126 mysterium
1677 4050 1895 4126 dicatur
1932 4053 1981 4101 et

288 4132 412 4197 ﬁat;
476 4124 661 4181 verum
708 4124 876 4181 etiam
924 4129 1263 4179 sacramenta
1316 4138 1464 4175 nova:
1511 4124 1983 4197 legisin-p‘arem

291 4189 502 4253 sensum
532 4199 767 4252 devolvit
796 4202 850 4250 in
882 4212 985 4264 quo
1015 4201 1140 4249 sunt
1177 4198 1517 4248 sacramenta
1559 4192 1776 4257 antiqui
1814 4189 1980 4255 finde-

290 4274 386 4322 ris.
441 4268 596 4335 Quod
643 4276 692 4322 et
745 4269 810 4321 de
850 4268 1117 4321 veteribus
1164 4264 1455 4334 sacriﬁciis
1499 4277 1618 4315 cum
1646 4276 1787 4335 novo
1836 4276 1982 4313 com-

290 4334 468 4409 ponit,
500 4356 719 4393 rursum
768 4341 1046 4407 conﬁrmat
1092 4352 1241 4409 num.
1284 4339 1372 4397 91,
1429 4337 1569 4409 sicut
1613 4334 1714 4409 illa
1750 4334 1981 4409 ﬁguram

292 4404 527 4464 habuere
576 4404 906 4476 futurorum,
960 4410 1036 4462 sic
1070 4413 1120 4461 et
1164 4408 1261 4461 hoc
1308 4407 1636 4474 sacri/icium
1680 4406 1860 4471 ﬁgura
1913 4404 1985 4454 sit

290 4484 713 4550 praeteritorum.

984 4564 1292 4602 REFPONSIO.

362 4657 516 4711 Nihil
549 4657 617 4710 de
651 4653 1003 4708 Eucharistia
1041 4653 1179 4706 dicit
1211 4654 1555 4706 Batramnus
1586 4664 1651 4702 eo
1692 4663 1848 4701 num.
1895 4649 1983 4712 21,

297 4744 393 4780 nec
413 4731 470 4781 in
496 4726 881 4796 sequentibus
902 4725 978 4776 ait
1002 4740 1069 4777 ea:
1107 4722 1239 4792 fidei
1267 4722 1626 4796 intelligentia
1668 4720 1989 4796 mysterium

295 4799 403 4852 dici
431 4805 482 4852 et
517 4787 669 4865 ﬁeri;
704 4797 796 4848 sed
833 4787 1116 4865 observat'
1146 4792 1481 4865 mysterium
1532 4792 1687 4865 quod
1736 4787 1991 4865 exsurgit

296 4886 358 4921 ex
380 4859 620 4937 corpore
651 4859 707 4919 et
732 4864 1010 4934 sanguine
1042 4859 1251 4919 Christi
1273 4864 1518 4937 paniset
1550 4859 1990 4937 vinispeciebus

296 4929 586 5002 involutis,
620 4943 675 4990 et
717 4929 984 5006 adjlfneta
1018 4937 1225 5006 virtute
1256 4929 1752 5006 sanctiﬁcationis,
1775 4929 1833 5006 in
1867 4945 1991 5006 gra-

296 5010 431 5062 tiam
490 5001 749 5061 tidelium
788 5001 982 5075 vdigne
1047 5005 1487 5075 recipiendum,_
1528 5001 1669 5075 ﬁeri-
1702 5001 1989 5068 obiectum

297 5080 465 5132 fidei:
501 5080 654 5149 quod
700 5071 932 5148 quidem
989 5092 1103 5149 non
1144 5071 1328 5128 solum
1364 5071 1742 5149 Eucharistim,
1792 5085 1990 5149 verum

298 5154 462 5202 etiam
516 5141 784 5201 omnibus
833 5147 1037 5199 veteris
1089 5151 1145 5199 et
1198 5161 1360 5199 novin
1418 5144 1561 5213 legis
1622 5141 1988 5213 sacramentis

300 5221 653 5290 aequabiliter
700 5218 987 5271 convenit.
1030 5217 1301 5290 Nec‘vero
1345 5211 1632 5290 singulare
1666 5216 1750 5265 est
1782 5211 1992 5288 Eucha:

301 5280 468 5344 ristiae
519 5290 674 5361 quod
725 5291 903 5341 virtus
934 5288 1410 5361 sanctiﬁcationis
1444 5280 1814 5361 ‘adjungatur‘
1858 5280 1991 5361 pani

299 5366 352 5412 et
381 5350 1054 5430 vino,.quemadmodum
1090 5374 1255 5428 aquae
1296 5356 1353 5409 in
1388 5350 1691 5430 baptismo,
1722 5352 1815 5430 sed
1849 5350 1989 5415 adii-

300 5423 524 5496 ciatur,
552 5423 681 5484 eum
731 5430 978 5483 addatur
1027 5423 1161 5481 verti
1207 5427 1433 5497 corpori
1464 5423 1826 5497 CliristiLsub
1856 5437 1990 5489 spe-

301 5504 484 5555 ciebus
552 5518 651 5555 seu
698 5500 900 5570 figuris
947 5499 1241 5570 recondito
1295 5495 1371 5570 ét_
1398 5495 1611 5549 latenti.
1668 5495 1819 5547 Hanc
1862 5507 1991 5570 esse

302 5579 547 5627 mentem
596 5562 896 5626 Batramni
935 5586 1050 5624 non
1097 5567 1479 5623 dubitandum
1528 5570 1631 5630 est,
1667 5579 1798 5618 cum
1844 5562 1994 5616 dicat

368 5746 387 5770 ³
411 5736 585 5788 Prosa
616 5732 765 5787 Festi
793 5731 849 5785 S.
879 5728 1226 5784 Saeramenti
1255 5728 1417 5797 cujus
1448 5730 1646 5780 auctor
1666 5724 1722 5780 S.
1754 5724 2018 5779 Thomas.

1016 279 1478 338 DlSSERTATIO
1516 277 1584 332 IN
1623 277 1747 332 LIB.
1792 277 1882 333 DE
1922 274 2251 333 CORPORE
2291 275 2380 330 ET
2419 275 2757 330 SANGUINE
2799 273 3058 331 DOMINI.

2016 412 2061 464 Α
2091 404 2411 483 continenti
2459 420 2926 483 sermone_num.
2981 406 3063 483 24_
3094 406 3431 483 sanguinem
3490 426 3523 463 a
3571 413 3786 483 populo

3690 286 3791 337 194

2090 478 2321 531 Iudaico
2356 477 2682 553 ep_otu_rn_in
2717 475 3443 553 deserto_fuisse_figuram
3490 475 3785 553 sanguinis

2093 564 2160 601 ex
2191 554 2355 601 utero
2391 548 2637 617 Virginis
2675 547 2973 617 assmmpti
3003 553 3058 601 et
3088 548 3146 601 in
3175 547 3332 618 ligno
3380 553 3561 605 crucis
3598 547 3781 619 Effusi,

2092 635 2208 672 non
2240 619 2533 694 solum__ut_
2560 619 3116 694 eo_redimeremur,
3163 636 3378 694 verum»
3406 623 3576 676 etiam
3622 630 3781 694 pola-

2091 706 2288 763 remur
2316 706 2327 742 :
2364 708 2388 738 α
2423 690 2493 743 Ut
2522 689 2991 763 intelligeremus,
3028 693 3227 763 inquit,
3262 691 3319 743 in
3348 692 3568 763 deserto
3592 689 3649 747 in
3680 697 3786 763 spi-

2092 760 2289 834 rituali
2321 762 2831 834 petra‘constitisse
2872 764 2927 813 et
2974 761 3059 812 sui
3091 762 3407 834 sanguinis
3435 764 3648 817 undam
3680 760 3782 834 po-

2094 832 2230 900 pulo
2279 831 2615 901 praebuisse,
2658 830 2759 900 qui
2790 836 2987 899 postea
3021 847 3225 900 corpus
3267 832 3335 884 de
3367 832 3594 901 Virgine
3625 830 3782 888 su'm-

2094 908 2250 973 ptum
2302 907 2358 955 et
2389 918 2492 970 pro
2526 901 3093 973 salutecredentium
3125 903 3181 954 in
3224 918 3386 955 cruce
3418 920 3780 973 suspensum,

2094 972 2304 1026 nostris
2338 973 2556 1025 saeculis
2599 972 2875 1037 exhibuit,
2925 979 2980 1025 et
3018 988 3082 1025 ex
3134 988 3199 1025 eo
3229 972 3527 1042 sanguinis
3571 977 3785 1029 undam

2096 1044 2297 1098 effudit
2335 1060 2448 1113 quo
2488 1059 2603 1096 non
2647 1044 2829 1095 solum
2868 1044 3304 1109 redimeremur,
3355 1060 3553 1097 verum
3605 1047 3780 1099 etiam

2094 1120 2446 1184 putaremur.
2499 1135 2525 1161 ››
2572 1114 2707 1166 Nam
2744 1118 3034 1183 utcunque
3084 1130 3170 1166 res
3218 1114 3349 1179 sint,
3392 1115 3438 1167 si
3488 1118 3721 1183 sanguis
3751 1134 3783 1170 a

2094 1185 2316 1239 Christo
2349 1201 2450 1254 pro
2485 1185 2648 1238 nobis
2692 1200 2758 1237 ex
2791 1186 2974 1237 crucis
3016 1187 3143 1253 palo
3183 1185 3395 1237 effusus
3439 1191 3499 1237 ut
3532 1189 3784 1240 redime-

2095 1272 2293 1309 remur
2339 1272 2507 1309 verus
2555 1261 2637 1308 est
2679 1255 2911 1323 sanguis
2956 1254 3164 1309 Christi
3210 1271 3277 1307 ex
3332 1257 3557 1325 Virgine
3603 1265 3784 1309 matre

2094 1331 2440 1396 assumptus,
2477 1327 2571 1379 ille
2601 1327 2831 1396 sanguis
2864 1326 3025 1379 nobis
3056 1326 3395 1395 propinatus
3424 1333 3478 1379 et
3518 1328 3785 1381 similiter

2094 1397 2306 1451 effusus
2346 1403 2408 1450 ut
2437 1403 2788 1468 potaremur,
2822 1413 2989 1449 verus
3038 1399 3110 1449 sit
3134 1406 3189 1449 et
3222 1397 3372 1450 idem
3404 1398 3526 1466 ipse
3559 1414 3786 1451 necesse

2095 1474 2196 1531 est,
2247 1484 2421 1537 «quo
2472 1484 2587 1521 non
2640 1470 2824 1521 solum
2873 1469 3309 1527 redimeremur,
3359 1485 3555 1537 verum
3610 1470 3783 1522 etiam

2095 1535 2446 1608 putaremur.
2488 1560 2507 1585 ι»
2565 1540 2639 1591 Eo
2700 1540 2821 1592 loco
2877 1539 3171 1591 Ratramni
3222 1535 3525 1608 ὀρϐοὸοξίαν
3585 1542 3787 1592 contir-

2098 1593 2273 1670 inare,
2311 1611 2426 1662 imo
2456 1609 2849 1663 demonstrare
2900 1610 3060 1662 facile
3102 1615 3203 1661 est.
3249 1593 3385 1662 Nam
3418 1593 3465 1662 si
3495 1610 3565 1663 ab
3592 1612 3783 1663 omni-

2094 1681 2199 1733 bus
2252 1680 2672 1750 superstitionis
2730 1680 3075 1734 Calvinianae
3128 1681 3404 1733 ministris
3458 1697 3785 1749 qumramus

2026 1743 2064 1797 Β
2094 1743 2355 1820 nunquid
2407 1767 2523 1803 non
2568 1752 2799 1819 sanguis
2838 1752 2896 1803 in
2937 1767 3101 1804 cruce
3145 1751 3211 1803 ad
3261 1743 3513 1803 nostram
3556 1753 3781 1804 redem-

2093 1822 2349 1890 ptionem
2389 1821 2620 1887 effusus,
2656 1824 2730 1874 sit
2774 1838 2941 1875 verus
2980 1822 3187 1874 Christi
3218 1837 3283 1873 ex
3336 1822 3562 1884 Virgine
3612 1822 3782 1874 Maria

2094 1898 2273 1945 matre
2294 1898 2620 1961 assumptus
2646 1910 2658 1945 :
2691 1892 3111 1962 respondebunt
3142 1908 3339 1944 omnes
3362 1892 3536 1943 dubio
3560 1894 3780 1960 procul,

2093 1979 2290 2015 verum
2351 1979 2415 2015 ac
2461 1964 2757 2031 proprium
2818 1963 3157 2031 sanguinem
3214 1962 3452 2014 existere
3521 1964 3577 2015 Si
3651 1979 3782 2015 vero

2093 2034 2289 2086 eadem
2323 2034 2557 2101 quaestio
2588 2035 2687 2086 fiat
2718 2034 2786 2086 de
2814 2034 3093 2101 sanguine
3126 2050 3156 2083 a
3199 2032 3423 2085 Christo
3455 2034 3579 2085 fuso
3611 2038 3672 2084 ut
3716 2049 3781 2086 eo

2092 2110 2445 2227 potaremur,
2492 2120 2606 2156 non
2638 2103 2903 2156 eumdem
2949 2119 3070 2155 esse
3101 2104 3440 2171 sanguinem
3475 2104 3780 2171 responde-

2132 2180 2256 2227 unt.
2290 2174 2385 2227 sed
2419 2175 2480 2226 in
2512 2176 2696 2227 ﬁgura
2729 2180 2952 2226 tantum
2979 2189 3174 2225 verum
3208 2172 3547 2227 sanguinem
3579 2189 3780 2227 retrae-

2132 2180 2256 2241 unt,
2290 2174 2385 2227 sed
2419 2175 2480 2226 in
2512 2176 2696 2243 ﬁgura
2729 2180 2952 2226 tantum
2979 2189 3174 2225 verum
3208 2172 3547 2239 sanguinem
3579 2189 3784 2239 retrae-

2092 2251 2339 2309 sentare,
2373 2260 2471 2297 seu
2506 2244 2565 2297 in
2597 2243 2781 2313 ﬁgura
2811 2244 3107 2313 porrigere
3137 2244 3403 2295 hmretico
3437 2258 3602 2295 sensu
3637 2245 3782 2295 refe-

2093 2319 2239 2368 rent.
2282 2316 2489 2368 Verum
2520 2315 2567 2367 si
2598 2315 2667 2367 de
2706 2316 2902 2367 eadem
2948 2314 3260 2384 quaestione
3297 2314 3785 2381 interrogaremus

2093 2387 2490 2451 Ratramnum,
2538 2386 2817 2438 catholico
2862 2401 3028 2438 sensu
3081 2400 3110 2438 e
3159 2388 3353 2436 contra
3397 2384 3779 2453 respondebit.

2097 2480 2123 2505 ‹‹
2153 2457 2442 2511 Christum
2488 2457 2546 2508 in
2580 2456 2801 2509 deserto
2833 2456 2893 2508 in
2933 2454 3212 2524 spirituali
3246 2460 3403 2523 petra
3443 2454 3781 2516 constitisse,

2092 2534 2150 2580 et
2180 2528 2266 2580 sui
2293 2527 2587 2596 sanguinis
2620 2528 2831 2580 undam
2865 2526 3077 2595 populo
3109 2525 3438 2595 prmbuisse,
3469 2526 3569 2594 qui
3590 2529 3783 2594 postea

2092 2614 2299 2667 corpus
2340 2598 2409 2651 de
2457 2598 2689 2667 Virgine
2738 2604 3031 2666 sumptum
3082 2604 3139 2648 et
3183 2611 3287 2665 pro
3336 2597 3516 2648 salute
3547 2596 3786 2667 creden-

2092 2665 2235 2721 tium
2290 2669 2344 2720 in
2397 2665 2575 2721 cruce
2609 2665 2949 2736 suspensum
2996 2667 3203 2719 nostris
3240 2668 3462 2719 saeculis
3503 2665 3779 2732 exhibuit,

2093 2746 2148 2791 et
2181 2756 2245 2792 ex
2280 2755 2347 2792 eo
2380 2740 2675 2808 sanguinis
2706 2738 2917 2791 undam
2954 2737 3153 2791 effudit
3185 2753 3299 2806 quo
3332 2753 3444 2789 non
3472 2739 3655 2808 stilum
3689 2752 3785 2788 re-

2093 2807 2497 2888 dimeremur,
2539 2825 2750 2888 verum.
2785 2811 2957 2862 etiam
2989 2814 3358 2888 ‘potaremur.
3412 2828 3439 2855 ››
3503 2807 3650 2875 Ergo
3688 2823 3783 2887 .ex

2092 2886 2283 2934 mente
2341 2880 2658 2947 Ratramni,
2709 2879 2854 2932 sicut
2908 2878 3247 2932 redimimur
3302 2893 3436 2931 vero
3498 2878 3781 2947 sanguine

2091 2950 2299 3007 Christi
2330 2967 2394 3004 ex
2412 2952 2662 3020 {corpore
2692 2950 2760 3003 de
2797 2950 3026 3018 Virgine
3066 2954 3382 3018 assumpto,
3416 2950 3616 3001 eodem
3660 2949 3782 3017 ipso

2086 3038 2319 3090 prorsus
2346 3038 2480 3074 vero
2511 3021 2787 3091 sanguine
2815 3028 3102 3089 potamur.
3132 3020 3517 3089 Respondebit
3551 3021 3784 3088 insuper

2091 3095 2435 3145 Ratramnus
2477 3108 2543 3144 eo
2588 3090 2867 3158 sanguine
2909 3106 3013 3142 nos
3047 3092 3254 3142 redimi
3300 3097 3355 3142 et
3386 3092 3572 3157 potari
3621 3092 3784 3158 cujus

2087 3162 2274 3230 ﬁgura
2309 3162 2417 3214 fuit
2454 3162 2513 3213 iu
2556 3177 2787 3223 manna,
2831 3160 2975 3230 mari
3021 3159 3212 3211 Rubro
3254 3165 3311 3211 et
3351 3166 3513 3227 petra
3543 3159 3785 3224 deserti;

2089 3229 2186 3303 qui
2230 3248 2357 3285 cum
2390 3231 2510 3300 jam
2556 3231 2855 3303 delitescat
2877 3229 2981 3303 sub
3014 3231 3149 3281 velis
3183 3234 3236 3281 et
3285 3229 3487 3303 ﬁguris
3516 3245 3614 3281 seu
3656 3244 3783 3297 spe-

2088 3297 2281 3356 ciebus
2323 3297 2436 3354 vini
2486 3307 2542 3353 et
2586 3301 2770 3369 panis,
2822 3298 3017 3368 ibique
3060 3314 3258 3351 revera
3303 3297 3527 3359 existat,
3574 3306 3783 3350 nostra:

2089 3373 2222 3427 ﬁdei
2253 3378 2425 3442 atque
2455 3368 2851 3442 intelligentiae
2897 3369 3211 3442 spiritualis
3241 3369 3525 3442 objectum
3576 3368 3781 3442 evadit,

2090 3460 2193 3497 nec
2221 3438 2419 3508 defuit,
2454 3438 2703 3495 mirabili
2736 3441 2992 3494 veritatis
3022 3444 3074 3493 et
3109 3440 3312 3510 ﬁgurae
3338 3439 3627 3503 societate,
3661 3438 3787 3491 ﬁeri

2088 3516 2276 3584 ﬁgura
2307 3530 2552 3579 manum,
2591 3512 2763 3584 maris
2795 3511 2968 3566 Rubri
3004 3516 3058 3564 et
3084 3518 3258 3579 petrae
3293 3510 3786 3584 desertiApraeteri-

2090 3581 2302 3650 torum,
2373 3583 2884 3654 quemadmodum
2920 3598 3150 3654 manna,
3187 3597 3367 3654 Amare
3423 3581 3684 3654 Rubrum
3732 3587 3786 3635 et

2088 3663 2250 3728 petra
2311 3650 2519 3728 deserti
2574 3655 2817 3728 ﬁguram
2875 3653 3128 3728 habuere
3178 3651 3525 3728 futurorum.
3574 3672 3602 3699 «
3634 3650 3790 3728 Sicut

2089 3722 2205 3790 illa,
2240 3726 2429 3796 inquit
2462 3722 2637 3777 num.’
2663 3729 2721 3778 91
2764 3724 3007 3796 ﬁguram
3040 3724 3289 3796 habuere
3325 3722 3676 3785 futurorum,
3709 3722 3787 3774 sic

2089 3802 2144 3849 et
2176 3800 2282 3849 hoc
2312 3794 2654 3849 sacriﬁcium
2684 3796 2871 3861 ﬁgura
2894 3795 2960 3847 ﬁt
2982 3794 3427 3862 praeteritorum.
3466 3816 3490 3836 ιι

2158 3868 2289 3920 XVI.
2342 3868 2499 3935 (Pag.
2562 3868 2688 3928 292,
2751 3880 2908 3916 num.
2973 3863 3118 3931 177.)
3176 3866 3353 3917 «Non
3401 3877 3526 3928 ergo
3571 3876 3787 3915 carnem

2088 3953 2280 4001 meam,
2328 3958 2355 3985 ››
2409 3936 2595 4007 inquit
2626 3936 2969 3989 Batramnus
3018 3937 3314 4007 nu_m.A3O,
3359 3936 3443 4007 vel
3470 3935 3789 4007 sanguinem

2090 4024 2262 4062 meum
2314 4004 2868 4072 vobis—corporaliter
2927 4004 3305 4057 comedendum
3361 4005 3444 4056 vel
3501 4004 3789 4055 bibendum

2086 4096 2187 4149 per
2237 4083 2424 4148 partes
2477 4076 2829 4130 distributum
2861 4075 3362 4149 distribuendumve
3400 4077 3626 4142 putetis,
3670 4088 3788 4127 cum

2084 4146 2209 4219 post
2238 4146 2704 4203 resurrectionem
2748 4148 2924 4199 visuri
2963 4148 3085 4199 sitis
3125 4161 3204 4197 me
3246 4146 3397 4219 cwlos
3437 4159 3789 4219 escensurum

2089 4214 2207 4274 cum
2236 4222 2439 4286 integri
2469 4222 2709 4287 corporis
2740 4220 2851 4271 sive
2875 4219 3161 4283 sanguinis
3201 4215 3557 4284 plenitudine.
3580 4235 3622 4287 _»
3656 4214 3786 4287 Quis

2089 4307 2212 4345 vero
2242 4307 2269 4344 e
2293 4285 2572 4345 catholicis
2601 4291 2897 4343 somniavit
2941 4302 3158 4341 carnem
3196 4288 3402 4343 Christi
3439 4285 3789 4340 scindendam

2024 4363 2065 4415 D
2093 4366 2152 4416 in
2176 4364 2432 4429 frustra?
2455 4362 2619 4415 Plane
2641 4375 2810 4413 nemo.

2791 4480 3106 4519 RESPONSIO.

2166 4570 2537 4626 Adversarios
2608 4569 2905 4624 Ratramni
2987 4569 3163 4621 fuisse
3246 4567 3551 4621 catholicos
3626 4568 3789 4622 valde

2099 4642 2366 4696 credibile
2399 4646 2454 4694 et
2484 4640 2648 4693 valde
2690 4640 2987 4709 probabile
3030 4645 3144 4702 est;
3198 4644 3253 4690 et
3297 4655 3425 4709 cum
3474 4639 3787 4707 praesertim

2098 4730 2196 4765 eos
2228 4713 2422 4765 fideles
2453 4708 2705 4780 appellet
2735 4727 2896 4763 num.
2935 4712 3018 4771 11,
3054 4709 3123 4761 ab
3154 4708 3309 4780 omni
3344 4708 3576 4762 haeresis
3605 4710 3790 4780 suspi-

2098 4784 2259 4836 cione
2290 4779 2578 4835 immunes
2617 4781 2791 4833 fuisse
2839 4780 3197 4832 abundanter
3227 4779 3509 4846 signiﬁcat
3538 4795 3551 4831 :
3583 4798 3609 4827 α
3645 4779 3787 4830 Dum

2100 4855 2250 4933 enim
2283 4853 2521 4933 quidnam
2549 4850 3089 4933 ﬁdelium-corporis
3113 4850 3527 4933 sanguinisque
3559 4847 3785 4933 Christiz

2101 4925 2252 4994 quod
2296 4917 2376 4994 in,
2406 4922 2648 4994 Ecclesia
2696 4917 3341 4994 quotidie_celebratur,
3400 4917 3595 4994 dicunt
3636 4917 3787 4994 quod

2103 4987 2255 5048 nulla
2298 4993 2402 5046 sub
2451 4992 2656 5061 ﬁgura,
2694 4987 2848 5043 nulla
2902 4990 3006 5061 sub
3055 4991 3399 5061 revelatione
3449 4990 3564 5061 fiat,
3603 5008 3623 5033 ι
3660 4987 3790 5061 quis

2100 5065 2252 5118 enim
2286 5080 2390 5134 per
2418 5056 2680 5134 quosdam
2705 5062 2955 5134 fidelium
2985 5060 3244 5134 homines
3278 5059 3484 5134 hmresi
3514 5056 3787 5134 inquina-

2099 5141 2186 5189 tos
2217 5128 2526 5205 significari
2574 5132 2683 5185 sibi
2705 5128 3099 5205 persuadeat?
3132 5134 3200 5183 At
3242 5145 3386 5205 vero
3407 5129 3488 5205 illi
3521 5128 3787 5205 adversa-

2101 5207 2171 5260 rii
2204 5197 2511 5259 crEdebant
2558 5197 2755 5256 revera
2793 5201 2975 5254 videri
3005 5217 3104 5253 seu
3138 5199 3391 5267 conspici
3423 5200 3478 5251 in
3521 5197 3783 5250 Euchari-

2102 5276 2208 5329 stia
2257 5291 2462 5344 corpus
2509 5274 2717 5328 Christi
2752 5288 2971 5337 verum,
3001 5288 3082 5344 eo
3118 5270 3329 5344 habitu
3378 5274 3432 5320 et
3462 5268 3646 5344 forma
3673 5269 3791 5337 qui-

2104 5347 2209 5400 bus
2258 5339 2450 5399 revera
2486 5344 2849 5410 consistebat,
2892 5342 3067 5396 nullis
3113 5340 3429 5393 involutum
3465 5339 3666 5409 ﬁguris
3691 5344 3792 5392 aut

2104 5417 2358 5485 mysterii
2400 5414 2956 5485 obumbrationibus,
2996 5434 3021 5459 «
3056 5411 3208 5485 quod
3246 5410 3544 5485 nullasub
3580 5411 3785 5485 figura,

2104 5480 2261 5541 nulla
2290 5486 2395 5540 sub
2436 5486 2875 5540 obumbratione
2914 5483 3033 5536 ﬁat.
3067 5480 3094 5531 »Β
3142 5481 3429 5551 Ejusmodi
3459 5480 3789 5551 adversarii,

2105 5565 2395 5628 utcunque
2426 5562 2711 5627 poterant,
2757 5553 2992 5611 fetidam
3026 5550 3487 5608 consecutionem
3528 5550 3792 5623 repudia-
