4148 6180
269 286 281 331 I
297 285 362 332 ΞΠ

981 281 1434 338 DlSSER'I‘A'I‘IO
1474 285 1537 338 IN
1581 287 1707 338 LIB.
1754 287 1841 340 DE
1880 284 2208 340 COIlPOBE
2251 286 2337 340 ET
2383 287 2729 342 SANGUINE
2779 287 3054 343 DOMINI.

3667 300 3684 348 t
3698 263 3763 350 9‘8

261 411 416 464 liter.
448 409 622 486 Quasi
653 411 936 486 vero‘hoc
972 413 1255 486 signiticet
1285 414 1618 485 operatione
1657 415 1791 470 fidei
1835 417 1959 470 tieri
1997 420 2043 472 Α
2075 413 2164 482 sii,
2195 431 2403 485 panem
2437 416 2568 469 vita:
2598 416 2698 486 qui
2740 416 2810 470 de
2846 417 2986 470 caalo
3019 417 3330 483 descendit,
3363 437 3395 473 a
3426 421 3586 477 nobis
3616 425 3755 478 reci-

264 483 578 556 mysteria,
601 498 725 556 n_on_
757 482 976 556 _virtute
1029 485 1274 553 Spiritus
1315 482 1517 547 sancti,
1545 503 1659 556 qua
1692 490 1960 556 mysteria

265 557 478 605 nostrae
507 553 642 606 tidei
675 553 896 621 objecta
928 556 1190 608 evadant.
1229 553 1617 610 Consentanee
1651 553 1960 612 Rati-amne

264 622 524 698 loquitur
569 623 905 698 Paschasius
927 640 1073 698 cap.
1109 629 1139 679 5
1173 627 1302 679 libri
1334 627 1402 680 de
1453 629 1702 698 Corpore
1732 636 1789 682 et
1815 631 1957 684 San-

264 695 442 762 guine
469 694 696 747 Domini
717 711 779 770 :_c
807 694 1061 748 Christus
1081 713 1217 770 ergo
1238 698 1394 770 cibus
1421 705 1502 752 est
1521 694 1878 770 angelorum,
1905 707 1961 754 et

263 769 685 841 sacramentum
726 765 995 841 hoc_vere
1037 765 1169 841 caro
1191 769 1372 841 ipsius
1415 775 1470 822 et
1501 765 1754 839 sanguis,
1784 789 1956 841 quam

264 835 644 912 spiritualiter
694 837 1101 912 manducat‘et
1149 835 1292 912 bibit
1341 841 1532 912 homo.
1586 835 1664 895 A'c
1710 835 1816 912 per
1854 846 1957 896 hoc

265 906 418 984 unde
449 906 645 984 vivunt
678 908 888 984 angeli.
923 908 1059 984 vivit
1090 914 1146 962 et
1177 909 1370 984 homo,
1404 906 1746 984 quiatotum
1788 915 1954 984 spiri-

263 978 418 1051 τηειρ
465 983 547 1030 est
574 983 649 1051 Aet
680 977 952 1051 divinum
973 979 1030 1031 in
1057 995 1124 1032 eo
1159 981 1312 1046 quod
1342 977 1584 1051 percipit
1608 977 1861 1038 Ιιοιηο.ἰ›
1899 987 1958 1037 Et

264 1047 791 1124 in_t_ine‘_ejusdem
833 1050 1054 1124 capitis.
1109 1070 1135 1099 (ι
1173 1047 1428 1104 Bibimus
1478 1047 1706 1124 quoque
1749 1062 1806 1107 et
1851 1071 1957 1108 nos

261 1118 639 1192 spiritualiter
677 1136 740 1192 ac
780 1120 1138 1174 comedimus
1186 1118 1542 1192 spiritualem
1592 1118 1796 1178 Christi
1833 1142 1955 1178 car-

261 1204 414 1253 nem,
448 1189 507 1241 in
541 1205 658 1267 qua
685 1190 793 1241 vita
838 1196 1050 1244 interna
1100 1189 1229 1245 esse
1263 1194 1534 1246 creditur.
1566 1196 1834 1267 Alioquin
1867 1213 1952 1249 sa-

259 1275 396 1327 pere
448 1261 764 1312 secundum
811 1277 1038 1314 carnem
1087 1278 1240 1315 mors
1287 1271 1387 1329 est,
1421 1271 1479 1317 et
1528 1261 1730 1320 tamcn'
1762 1283 1956 1320 veram

261 1330 471 1382 Christi
515 1346 745 1384 carnem
794 1331 1173 1401 spiritualiter
1219 1336 1534 1405 percipere,
1585 1337 1699 1390 vita
1740 1344 1957 1391 aeterna

258 1406 361 1453 est.
394 1422 422 1446 υ

332 1470 954 1546 Observatcontinenti
984 1490 1270 1540 sermone,
1303 1491 1426 1546 cap.
1463 1479 1515 1542 6,
1548 1476 1693 1532 hanc
1723 1495 1951 1534 carnem

261 1541 470 1619 Ch_risti
496 1543 850 1619 spiritualem
876 1551 1133 1619 spectare
1150 1547 1352 1610 bonos,
1370 1541 1706 1619 neutiquam
1730 1552 1911 1604 malos
1936 1569 1948 1605 :

262 1632 287 1660 ιι
327 1614 461 1690 Ecce
494 1613 684 1690 inquit
725 1613 924 1690 omnes
961 1616 1356 1690 indifferenter
1383 1613 1568 1689 quam'
1590 1637 1736 1690 sazpe
1769 1638 1950 1674 sacra-

261 1689 457 1756 menta
479 1684 672 1756 altaris
689 1687 1013 1756 percipiunt
1036 1689 1224 1756 plane,
1247 1689 1341 1742 sed
1366 1684 1511 1742 alius
1535 1684 1764 1745 carnem
1787 1693 1948 1746 Chri-

2069 487 2127 553 pi
2155 489 2212 539 in
2245 487 2436 560 altari;
2492 503 2622 560 nam
2671 490 2960 557 conceptis
3007 489 3192 542 verbis
3243 491 3498 560 loquitur
3539 496 3608 548 de
3654 497 3755 549 ali-

2069 565 2261 610 mento
2295 558 2579 631 spirituali
2609 574 2722 628 quo
2767 560 2965 612 tideles
3003 560 3061 612 in
3115 558 3356 613 Ecclesia
3402 565 3754 631 nutriuntur,

2067 643 2241 681 escam
2290 644 2454 696 quam
2487 629 2680 696 ﬁdeles
2727 631 3000 697 accipiunt
3044 632 3104 682 in
3164 633 3421 696 Ecclesia,
3483 640 3540 687 et
3593 629 3758 690 docet

2069 714 2273 770 panem
2309 706 2364 752 et
2388 699 2581 752 vinum
2606 716 2719 752 non
2753 704 2938 752 solum
2972 716 3159 770 posse,
3193 717 3390 754 verum
3423 705 3592 758 etiam
3621 707 3755 760 dare

2069 769 2234 841 nobis
2275 770 2444 841 vitam
2490 779 2786 822 aeternam.
2833 772 2947 823 Iste
2987 775 3147 839 panis
3195 774 3350 826 vivus
3398 775 3586 841 quide
3631 779 3754 831 caelo

2067 839 2356 903 descendit,
2403 843 2530 893 vita:
2575 847 2784 894 ateriae
2824 842 3186 894 substantiam
3223 839 3612 898 subministrat.
3660 847 3752 900 Di-

2065 911 2325 985 cit_qguod
2358 911 2417 963 in
2473 911 2825 985 Eucharistia
2857 912 3118 985 sensibus
3160 911 3471 968 obnoxium
3504 922 3602 968 aut
3631 919 3750 985 pal-

2066 980 2254 1050 pabile
2301 987 2403 1046 est,
2437 984 2838 1035 tantummodo
2869 983 3020 1035 alere
3051 999 3213 1051 posse
3243 999 3468 1053 corpus,
3499 980 3752 1042 animam

2065 1067 2199 1103 vero
2252 1053 2596 1106 nullatenus.
2655 1053 2817 1116 Quod
2864 1053 3006 1106 adeo
3070 1068 3266 1106 verum
3322 1060 3425 1120 est,
3490 1061 3552 1108 ut
3606 1057 3754 1111 inter

2065 1138 2265 1198 omnes
2293 1123 2604 1198 catholicos
2635 1133 2794 1176 extra
2835 1139 3068 1176 omnem
3099 1124 3417 1198 dubitandi
3434 1126 3617 1179 aleam
3647 1145 3750 1198 po-

2066 1193 2240 1265 situm
2270 1193 2360 1248 sit.
2406 1195 2520 1247 Hoc
2551 1198 2880 1264 argumenti
2927 1210 3138 1263 genere
3167 1195 3502 1265 comprobat
3530 1213 3628 1249 eos
3649 1193 3751 1252 ’νε-

2064 1263 2364 1318 hementer
2404 1263 2704 1337 allrucinari
2747 1266 2845 1335 qui
2874 1267 3102 1337 nullam
3132 1267 3191 1319 in
3223 1263 3575 1320 Eu‘charistia
3603 1267 3749 1337 ﬁgu-

2064 1350 2187 1408 ram
2218 1351 2339 1388 esse
2381 1336 2487 1408 sibi
2538 1337 2980 1406 persuadebant,
3013 1336 3112 1390 sed
3143 1338 3337 1390 omnia
3368 1337 3427 1391 in
3471 1336 3671 1408 aperta
3700 1344 3752 1393 et

2063 1407 2215 1459 edita
2245 1407 2702 1460 manifestatione
2731 1407 3060 1460 consistere.

2132 1479 2191 1528 2°
2235 1477 2575 1546 Neutiquam
2619 1477 2759 1531 dixit
2802 1477 3143 1530 Ratramnus
3188 1480 3357 1531 vitam
3387 1494 3505 1546 quae
3536 1481 3591 1532 in
3631 1493 3748 1548 my-

2060 1551 2223 1619 sterio
2255 1551 2585 1612 continetur;
2617 1563 2727 1619 esse
2765 1566 2799 1600 a
2831 1549 2980 1601 verbi
3021 1553 3264 1616 potentia
3313 1551 3600 1614 invisibili,
3632 1567 3750 1619 qua:

2059 1618 2221 1675 fidem
2245 1618 2771 1690 ropcratursExcidit
2802 1634 2835 1670 a
2874 1619 3150 1672 memoria
3182 1620 3564 1674 dissertatoris
3595 1618 3746 1690 quod

2061 1689 2492 1758 exprobraverit
2535 1689 2843 1743 Ratramno
2874 1692 3187 1755 mysterium
3231 1693 3326 1756 agi
3363 1689 3746 1760 spiritualiter,

257 1755 326 1806 sti
364 1754 743 1823 spiritualiter
776 1754 1083 1811 manducat
1128 1765 1186 1812 et
1217 1762 1556 1829 sanguinem
1609 1762 1771 1826 bibit,
1805 1763 1948 1817 alius
1990 1774 2028 1828 Β
2059 1754 2191 1826 quia
2227 1760 2360 1817 ﬁdei
2409 1763 2635 1827 spiritus
2681 1760 2822 1812 illud
2865 1754 3098 1828 peragit.
3154 1754 3314 1814 Enim
3369 1754 3500 1814 vero
3543 1762 3589 1814 si
3638 1754 3742 1814 Ra?

254 1840 391 1878 vero
426 1841 572 1891 non;
606 1842 866 1894 quanms
899 1829 1206 1882 buccellam
1241 1831 1310 1883 de
1336 1847 1509 1884 manu
1538 1833 1845 1886 sacerdotis
1873 1834 1944 1885 vi-

254 1895 463 1969 deatur
486 1897 801 1969 percipere.
837 1899 897 1951 Et
922 1899 1057 1969 quid
1082 1900 1310 1969 accipit,
1339 1918 1467 1955 cum
1502 1918 1614 1955 una
1649 1905 1719 1956 sit
1747 1920 1944 1957 conse-

251 1967 454 2042 cratio,
485 1967 531 2019 si
571 1982 779 2042 corpus
819 1975 909 2042 et,
937 1967 1278 2040 sanguinem
1327 1989 1440 2025 non
1492 1973 1734 2042 accipit?
1783 1976 1943 2040 Vere,

250 2037 389 2110 quia
424 2053 554 2090 reus
585 2038 788 2110 accipit
816 2037 1071 2109 indigne,
1106 2043 1252 2095 sicut
1278 2044 1569 2110 apostolus
1597 2037 1801 2097 Paulus
1823 2046 1905 2098 ait
1929 2037 1941 2099 ἐ

247 2107 525 2160 Iudicium
578 2109 688 2183 sibi
704 2107 1047 2183 jimandu'cat
1099 2118 1149 2166 et
1219 2107 1372 2179 bibit,
1444 2131 1549 2167 non
1604 2116 1840 2183 probans
1892 2132 1947 2169 se

249 2194 425 2254 prius,
469 2193 572 2254 nec
609 2179 870 2254 judicans
923 2197 1117 2250 corpus
1165 2186 1379 2236 Domini
1429 2185 1476 2252 (I
1520 2179 1650 2238 Cor.
1700 2204 1773 2250 xu,
1831 2188 1941 2254 29).

254 2249 386 2324 Ecce
435 2249 600 2324 quid
629 2251 931 2304 manducat
979 2249 1244 2322 peccator
1291 2258 1346 2307 et
1397 2249 1532 2324 quid
1591 2249 1767 2310 bibit.
1821 2249 1942 2310 Non

251 2320 604 2397 u_tique_sibi
648 2337 877 2397 carnem
901 2320 1134 2397 utiliter
1165 2330 1221 2378 et
1253 2320 1615 2397 sanguinem,
1644 2328 1740 2380 sed
1785 2327 1943 2397 judi-

250 2389 425 2443 cium.
462 2390 528 2466 E_t
558 2392 952 2466 quare?‘Quia
1003 2410 1120 2466 non,
1168 2411 1227 2448 se
1269 2389 1492 2464 probat,
1529 2389 1630 2450 nec
1673 2389 1946 2466 diju'dicat

251 2477 459 2538 corpus
493 2462 744 2538 Domini.
780 2463 1004 2538 Cogitat
1034 2465 1186 2538 enim
1217 2462 1654 2538 inﬁdelis-quod
1686 2462 1859 2538 digna
1891 2475 1947 2522 et

253 2537 446 2608 sancta
493 2532 768 2608 indignus
817 2532 996 2608 possit
1033 2537 1312 2608 accipere,
1348 2554 1461 2590 non
1508 2532 1662 2591 aliud
1712 2532 1943 2608 quidem

252 2601 580 2678 attendens,
631 2601 743 2656 nisi
793 2601 945 2674 quod
993 2601 1172 2671 videt,
1214 2624 1401 2678 neque
1456 2601 1785 2678 intelligens
1835 2611 1944 2664 nisi

253 2673 402 2742 quod
436 2674 700 2726 sentitur.
737 2695 764 2722 ››

325 2743 386 2796 In
416 2744 681 2818 eamdem
715 2760 856 2818 rem,
888 2746 966 2818 ait
1013 2747 1358 2801 Ratramnus
1397 2753 1521 2818 post
1555 2750 1609 2804 S.
1659 2751 1941 2805 Isidorum

256 2813 667 2882 Hispalensem.
705 2835 731 2864 (ι
767 2817 862 2869 Hic
892 2817 1062 2870 etiam
1113 2818 1264 2871 idem
1316 2813 1515 2873 doctor
1543 2821 1713 2874 dicit:
1746 2822 1939 2875 Sacra-

251 2891 512 2961 mentnm
534 2892 630 2961 est
750 2887 942 2961 aliqua
967 2888 1366 2961 celebratione,
1401 2906 1529 2944 cum
1562 2908 1648 2944 res
1679 2899 1834 2961 gesta
1864 2893 1943 2947 ita

249 2957 444 3032 sit,_u_t
495 2956 714 3032 aliquid
763 2957 1080 3032 signiﬁcare
1130 2960 1508 3032 intelligatur,
1551 2956 1706 3032 quod
1753 2970 1942 3017 sancte

245 3026 650 3094 accipiendum
678 3032 778 3080 est.
815 3049 839 3075 ››
876 3029 938 3082 1η
967 3045 1034 3082 ea
1059 3026 1397 3084 sacramenti
1428 3026 1765 3086 deﬁnitione
1797 3050 1935 3088 con-

2057 1837 2318 1902 tramnus
2363 1831 2508 1884 dixit
2553 1831 2724 1884 tidem
2770 1831 2994 1883 efticere
3041 1831 3397 1899 mysterium,
3451 1849 3564 1902 quo
3616 1834 3746 1900 jure

2057 1900 2244 1953 dicere
2287 1907 2474 1970 potest
2524 1903 2718 1964 vitam,
2765 1918 2891 1970 qua:
2953 1902 3011 1954 in
3062 1902 3332 1970 mysterio
3380 1900 3488 1968 est,
3523 1902 3744 1971 operari

2057 1987 2154 2024 seu
2187 1971 2408 2024 eflicere
2441 1971 2652 2026 iidem?
2692 1973 2752 2024 In
2786 1987 3208 2040 quamcumque
3238 1978 3459 2040 partem
3487 1987 3545 2025 se
3575 1972 3744 2025 dede-

2056 2042 2132 2112 rit
2161 2041 2510 2106 dissertator,
2545 2043 2691 2095 haud
2722 2043 2884 2094 facula
2917 2057 3038 2094 sese
3083 2043 3152 2094 ab
3183 2043 3287 2094 hoc
3331 2043 3532 2112 laqueo
3568 2058 3745 2111 expe—

2055 2111 2191 2164 dict.
2239 2112 2378 2164 Nam
2411 2112 2456 2164 si
2503 2128 2662 2164 mens
2695 2113 2988 2165 Italramni
3023 2111 3094 2163 sit
3140 2112 3310 2164 tidem
3355 2111 3581 2165 etticere
3629 2128 3746 2181 my-

2055 2183 2314 2246 sterium,
2350 2199 2650 2252 perperam
2689 2183 2738 2234 ei
2772 2183 3121 2252 exprobatur
3154 2183 3488 2251 mysterium
3519 2183 3746 2235 eilicere

2055 2252 2226 2305 ﬁdem
2252 2269 2265 2305 :
2296 2251 2561 2306 caeterum
2594 2255 2761 2318 longe
2791 2253 2976 2305 abfuit
3006 2251 3075 2304 ab
3106 2252 3390 2321 ejusmodi
3421 2252 3748 2306 subtilitati-

2056 2323 2188 2387 bus;
2239 2325 2450 2392 quippe
2480 2339 2610 2376 cum
2657 2324 2872 2376 atl‘atim
2906 2327 3273 2391 recognoscat
3317 2321 3528 2376 virtute
3566 2322 3745 2392 Spiri-

2054 2399 2147 2446 tus
2187 2395 2282 2446 Dei
2309 2394 2490 2448 et'tieri
2522 2394 2856 2464 mysterium
2890 2393 3462 2464 Eucliaristiayquod
3498 2399 3583 2446 est
3611 2394 3743 2447 tidei

2053 2470 2261 2517 nostrae
2311 2481 2409 2518 seu
2446 2463 2723 2517 suasionis
2763 2465 3214 2517 Christianorum
3245 2463 3533 2534 objectum
3562 2464 3746 2517 credi-

2054 2535 2184 2588 bile.
2223 2536 2369 2588 Nihil
2405 2535 2507 2588 hac
2539 2536 2834 2588 Ratramni
2867 2535 3126 2586 doctrina
3149 2534 3465 2604 sapientius
3494 2541 3591 2588 aut
3625 2551 3742 2588 ma-

2053 2607 2138 2674 gis
2167 2607 2549 2659 orthodomm
2586 2605 2827 2674 proferri
2859 2611 3060 2674 potest.

2124 2679 2181 2728 3ο
2221 2673 2670 2730 Consectaneum
2721 2692 2783 2728 ex
2823 2673 2910 2728 his
2955 2673 3334 2728 necessarium
3384 2679 3469 2727 est
3499 2691 3612 2727 non
3642 2674 3741 2728 do-

2052 2748 2255 2810 cuisse,
2303 2750 2360 2799 in
2394 2749 2492 2800 hac
2529 2747 2636 2814 ﬁde
2681 2746 3048 2816 efﬁcientiam,
3099 2761 3161 2798 ac
3191 2748 3458 2816 ivirtutem
3506 2749 3743 2813 corporis

2053 2819 2285 2870 Christi.
2323 2820 2463 2870 Cum
2495 2834 2524 2870 c
2569 2815 2766 2870 contra
2791 2819 3060 2870 defendat
3101 2819 3157 2868 in
3190 2815 3298 2868 hoc
3328 2831 3474 2884 pane
3508 2832 3628 2868 esse
3659 2818 3743 2867 vi-

2055 2897 2165 2942 tam
2202 2904 2313 2940 non
2348 2890 2404 2940 in
2453 2889 2646 2940 oculos
2678 2888 3090 2948 incurrentem,
3135 2886 3231 2939 sed
3271 2888 3389 2938 sola
3431 2886 3540 2939 tide
3581 2902 3738 2939 reco-

2051 2960 2297 3024 gnitum,
2332 2959 2481 3012 hunc
2505 2975 2710 3027 panem
2735 2960 2802 3012 de
2826 2960 2966 3010 caelo
2997 2956 3354 3011 descendisse
3385 2965 3442 3010 et
3467 2958 3740 3021 existere;

2053 3031 2120 3081 de
2152 3045 2266 3098 quo
2297 3030 2513 3082 dictum
2547 3036 2630 3082 est
2675 3045 2806 3082 eum
2855 3029 2954 3098 qui
3002 3028 3317 3081 comederit
3345 3043 3413 3080 ex
3462 3028 3570 3081 hoc
3596 3044 3743 3098 pane

245 3096 402 3172 venit
442 3113 606 3172 cum;
630 3099 1175 3172 Pascliasio,_capite
1224 3103 1254 3155 3
1299 3102 1426 3155 libri
1473 3104 1541 3156 de
1589 3104 1838 3172 corpore
1887 3111 1941 3156 et,
1983 3118 2020 3169 (ς
2051 3096 2605 3151 fore—immortalem.
2633 3118 2668 3172 ε
2728 3100 2818 3150 Est
2851 3096 3079 3172 ergoin
3119 3099 3219 3172 illo
3251 3114 3399 3172 pane
3448 3096 3742 3167 vita,‘qu1e

243 3165 857 3242 Sanguine__Domini:_
889 3188 914 3219 α
961 3165 1392 3226 Sac-ramentum
1435 3173 1613 3242 igitur
1657 3165 1740 3227 est
1769 3174 1939 3242 quid—

243 3238 471 3314 quiduin
501 3239 695 3314 aliqua
723 3240 1102 3294 celebratione
1132 3241 1322 3295 divina
1354 3238 1518 3314 nobis
1545 3245 1710 3314 quasi
1733 3238 1940 3313 pignus

244 3309 753 3383 salutistraditur,
782 3326 910 3364 cum
960 3327 1048 3364 res
1097 3317 1254 3379 gesta
1302 3313 1542 3367 visibilis
1563 3309 1748 3383 longe
1787 3309 1938 3368 aliud

243 3378 532 3455 invisibile
577 3380 731 3438 intus
778 3387 1066 3452 operatur,
1110 3384 1263 3454 quod
1312 3389 1504 3438 sancte
1543 3378 1936 3455 accipiendum

244 3454 349 3500 est.
381 3468 408 3495 ι»

318 3521 527 3596 Beatus
579 3521 854 3596 Algerus,
910 3521 1270 3596 adversarius
1319 3525 1648 3596 Berengarii
1689 3525 1936 3579 3η·ιὶεεὶ-

246 3605 394 3666 mus.
463 3592 758 3666 ﬂatilimni
816 3598 898 3666 _et_
952 3593 1236 3666 Paschasii
1311 3592 1548 3660 vestigia
1615 3596 1940 3666 insequitur

245 3660 373 3733 libri
408 3677 449 3713 ιι
481 3661 552 3714 de
587 3661 938 3716 Eucharistia
967 3665 1148 3733 capite
1185 3668 1204 3718 l
1239 3681 1251 3718 :
1290 3685 1316 3716 ‹‹
1347 3667 1406 3720 In
1449 3668 1547 3720 illo
1580 3660 1935 3720 sacramento

245 3731 526 3807 Christus_
551 3739 634 3785 est
661 3733 936 3807 quoniam
974 3731 1191 3807 carpus
1224 3741 1308 3788 est
1354 3737 1598 3790 Christi:
1632 3754 1750 3790 non
1799 3753 1935 3807 ergo

242 3803 560 3878 corporalis
593 3819 740 3868 esca,
774 3803 1211 3878 sedispiritu‘alis
1241 3813 1341 3878 est.
1375 3808 1431 3862 Si
1479 3824 1613 3877 ergo
1657 3803 1934 3878 spiritua-

244 3872 312 3958 lils
366 3878 581 3958 ebnpn
623 3872 960 3958 corporalis,
1010 3877 1306 3958 quomodo
1355 3872 1638 3958 corporali
1691 3872 1934 3932 secessui

242 3943 486 4018 obnoxia
500 3943 540 4018 τ.
561 3963 586 3994 ι
623 3943 896 4018 Ejusdem
923 3943 1125 4016 capitis
1156 3943 1474 4002 continenti
1506 3965 1771 4003 sermone
1804 3965 1934 4018 pro-

243 4012 338 4089 bat
367 4012 701 4089 non‘t'rangi
720 4012 1026 4089 jejunium,
1051 4019 1199 4088 quod
1222 4021 1514 4089 corporale
1533 4025 1636 4080 est,
1661 4012 1933 4073 alimento

243 4083 531 4151 spirituali
570 4083 973 4141 Eucharistite:
1030 4083 1192 4143 {Sed
1233 4083 1377 4143 absit
1408 4107 1439 4142 a
1480 4091 1747 4144 cordibus
1790 4090 1931 4144 ﬁde-

245 4155 382 4231 lium
436 4156 613 4231 utin
665 4156 867 4210 diebus
920 4158 1732 4231 jejﬁuniornmrquotacunque
1794 4162 1934 4214 hora

245 4225 844 4301 missaacelebrentnr,
869 4225 1010 4301 solvi
1041 4225 1604 4300 credantjejunium;
1637 4225 1774 4301 quia
1802 4247 1932 4284 cum

243 4311 353 4347 non
403 4296 477 4348 sit
525 4299 1004 4371 corporalishsed
1053 4296 1364 4370 spiritualis
1408 4317 1554 4363 esca,
1600 4296 1929 4371 corporalis,

242 4380 342 4436 per
389 4382 578 4419 escam
633 4368 988 4436 spiritualem
1036 4368 1151 4424 non
1200 4373 1438 4425 solvitur
1479 4368 1840 4426 abstinentia.
1901 4368 1928 4422 ii

244 4435 552 4519 Dubitandi
612 4435 794 4519 igitur
839 4439 991 4519 locus
1040 4457 1153 4494 non
1199 4443 1929 4519 relinqu_i_tur_mysterium
1973 4467 2014 4519 ο

242 4506 542 4578 spirituale
586 4506 700 4578 agi.
755 4509 1099 4564 Ratramnus
1148 4529 1281 4566 vero
1313 4506 1686 4566 nihilominus
1736 4514 1930 4567 animo

243 4576 496 4651 intendit
549 4576 725 4651 quam,
771 4581 923 4649 quod
985 4583 1070 4634 ori
1133 4585 1255 4651 ejus
1302 4585 1521 4637 inducit
1579 4584 1928 4650 dissertator,

243 4649 394 4723 quia“
425 4649 562 4701 tidei
593 4650 825 4723 spiritus
866 4652 1006 4723 illud
1047 4649 1304 4722 peragit:
1345 4677 1364 4701 ε
1415 4655 1577 4708 Fides
1617 4670 1683 4706 ea
1728 4649 1927 4723 pascit,

244 4717 812 4796 l:p_t_iticat,_vivificat
859 4717 1120 4796 interius,
1163 4717 1501 4796 d'umquod
1550 4730 1654 4796 est,
1700 4717 1928 4796 carnem

243 4788 358 4840 alit.
422 4808 445 4836 ι
500 4789 641 4842 Nam
693 4795 913 4844 tantum
963 4794 1121 4846 abest
1156 4800 1217 4846 ut
1259 4788 1397 4848 tides
1451 4788 1648 4848 omnia
1693 4795 1932 4848 interius

244 4857 428 4936 faciat,
463 4875 594 4912 cum
646 4876 707 4912 ea
743 4862 933 4936 potius
981 4869 1255 4934 tanquam
1294 4867 1581 4936 objectum
1630 4882 1746 4919 sum
1796 4882 1932 4919 sua-

243 4930 414 4980 sionis
447 4930 756 4999 supponat.
792 4933 914 4986 Ilaec
957 4939 1043 4986 est
1075 4930 1325 4989 solitaria
1356 4930 1518 4991 mens
1550 4937 1846 4992 Hatramni
1877 4941 1933 4990 et

241 5001 498 5052 omnium
533 5003 965 5056 catholicorum.
1395 5051 1400 5055 .

310 5071 440 5145 X‘XI.
484 5071 648 5138 (Pag.
685 5075 809 5138 202,
844 5090 1000 5127 num.
1037 5077 1158 5135 178,
1184 5075 1241 5127 ἱη
1274 5077 1540 5145 margin.)
1571 5078 1752 5142 Negat
1773 5092 1934 5144 aper-

241 5139 456 5192 tissime
505 5158 666 5195 num.
722 5145 787 5196 5'2
827 5146 971 5212 quod
1007 5160 1094 5198 ore
1137 5149 1372 5200 sumitur
1402 5151 1459 5200 in
1501 5139 1688 5213 altari,
1718 5139 1931 5201 eterni-

239 5213 398 5284 tatem
430 5227 586 5278 posse
616 5220 895 5280 praestare,
926 5217 1091 5268 ritam
1121 5221 1260 5269 enim
1291 5233 1408 5284 quae
1439 5221 1496 5270 in
1524 5222 1778 5284 mysterio
1809 5233 1933 5271 con-

243 5282 458 5357 tinetur,
491 5298 665 5357 csse_a
711 5285 869 5357 verbi
904 5292 1142 5353 potentia
1172 5282 1438 5341 invisibili
1467 5282 1776 5356 quae/idem
1816 5304 1931 5357 ope-

240 5356 402 5402 ratur
434 5357 489 5403 in
524 5353 708 5416 nobis;
743 5356 799 5406 in
833 5357 932 5409 hac
961 5357 1079 5425 ﬁde
1106 5373 1217 5412 esse
1245 5353 1593 5424 efficientium
1641 5375 1702 5412 ac
1749 5353 1933 5412 virtu-

242 5425 342 5473 tem
369 5425 614 5490 corporis
639 5426 920 5479 Dominici.
957 5447 982 5473 ››

934 5547 1245 5590 RESPONSIO.

317 5631 570 5687 Dilucide
599 5640 759 5712 patet
787 5635 991 5693 falsum
1025 5656 1146 5694 esse
1175 5640 1297 5694 haec
1336 5640 1443 5694 tria
1476 5639 1628 5712 apud
1668 5641 1935 5694 Ratram-

248 5720 378 5757 num
416 5723 658 5758 numero
689 5711 754 5760 5?
785 5725 1104 5764 occurrere.

321 5779 372 5828 l°
412 5777 789 5847 Recognoscit
823 5788 1040 5850 aperte,
1071 5782 1360 5852 explicans
1397 5781 1566 5836 verba
1602 5781 1656 5834 S.
1691 5780 1935 5836 Ambroo

2054 3185 2165 3220 non
2227 3173 2467 3237 apparet
2521 3168 2699 3220 oculis
2747 3168 3057 3236 corporeis,
3108 3167 3203 3219 sed
3249 3168 3383 3220 tidei
3439 3177 3744 3220 contuetur

2049 3245 2318 3307 aspectu:
2371 3238 2467 3308 qui
2515 3239 2687 3291 etiam
2738 3239 2902 3306 panis
2959 3237 3265 3308 vivuquui
3325 3237 3615 3308 descendit
3671 3237 3741 3290 de

2049 3306 2215 3370 caelo,
2262 3306 2479 3374 existit;
2527 3315 2582 3362 et
2637 3309 2704 3361 de
2758 3324 2872 3378 quo
2921 3323 3052 3378 vere
3107 3306 3356 3360 dicitur:
3403 3306 3739 3376 Quicunque

2050 3381 2201 3433 hunc
2257 3380 2700 3444 manducaverit,
2747 3377 2861 3432 non
2906 3377 3184 3430 morietur
3238 3377 3297 3429 in
3327 3382 3637 3441 aeternum;
3684 3383 3741 3429 et

2047 3450 2148 3519 qui
2179 3455 2263 3503 est
2289 3467 2495 3521 corpus
2523 3449 2754 3503 Christi.
2796 3470 2814 3494 ι
2850 3448 2986 3521 Quis
3025 3447 3135 3521 sibi
3183 3446 3524 3521 persuadeat
3559 3463 3625 3500 ex
3656 3447 3741 3500 his

2051 3522 2295 3589 intelligi
2331 3519 2404 3574 in'
2424 3523 2528 3574 hac
2553 3521 2662 3574 tide
2691 3536 2811 3573 esse
2838 3519 3204 3572 et'ticientiam
3236 3535 3300 3572 ac
3325 3519 3592 3570 virtutem
3623 3535 3742 3589 cor-

2046 3593 2204 3659 poris
2245 3588 2493 3645 Christi?
2542 3593 2681 3645 Nam
2729 3590 3214 3660 quemadmodum
3265 3589 3436 3660 oculi,
3485 3591 3620 3642 dum
3651 3588 3740 3641 di-

2046 3671 2256 3715 cuntur
2303 3664 2496 3719 videre
2529 3659 2765 3714 colores’
2794 3668 2850 3713 et
2883 3661 3088 3722 lucem,
3126 3675 3244 3712 non
3276 3659 3483 3713 dicitur
3529 3661 3588 3712 in
3619 3662 3736 3711 visu

2046 3733 2355 3785 consistere
2401 3733 2710 3786 efﬁcaciam
2743 3731 2996 3784 colorum
3029 3736 3084 3782 et
3117 3730 3291 3783 lucis:
3330 3730 3517 3783 dicere
3566 3729 3736 3782 tidem

2048 3805 2330 3873 respicere
2374 3819 2472 3856 seu
2528 3802 2758 3855 credere
2806 3802 2866 3854 in
2920 3801 3190 3873 mysterio
3241 3816 3447 3873 corpus
3476 3800 3736 3873 _Christ_i,

2042 3869 2174 3934 ﬁdei
2220 3879 2498 3927 contuetur
2546 3879 2785 3941 aspectu,
2833 3869 3086 3925 nonest
3132 3869 3426 3924 dicere’in
3475 3869 3579 3922 hac
3628 3871 3739 3923 tide

2045 3944 2356 3997 consistere
2401 3943 2713 3997 efﬁcaciam
2764 3947 2821 3996 et
2873 3943 3146 4010 virtutem?
3193 3941 3473 4010 corporis,
3503 3941 3734 3993 Christi.

2046 4015 2153 4069 Sed
2187 4031 2383 4068 vereor
2426 4029 2498 4067 ne
2545 4015 2602 4066 in
2648 4015 2752 4067 hac
2799 4012 3081 4084 causagsit
3125 4009 3250 4084 ὑπερ
3283 4009 3426 4060 Quae»
3458 4009 3738 4084 Emporion

2043 4088 2207 4139 nimis
2281 4088 2493 4138 vincere
2547 4084 2879 4137 invidiosum
2945 4082 3262 4150 (Socrates,
3322 4084 3525 4135 Histor.
3597 4082 3732 4135 Eccl.

2043 4157 2142 4210 lib.
2178 4172 2259 4219 Ill,
2293 4157 2376 4209 lit.
2415 4157 2508 4216 M.,
2544 4171 2668 4224 cap.
2708 4157 2789 4219 18,
2823 4170 2955 4223 pag.
2990 4153 3135 4221 633).

2112 4228 2262 4280 XXII.
2306 4228 2668 4295 Corporatitcr
2716 4241 2833 4278 cum
2871 4229 3032 4292 negat
3077 4224 3508 4295 esse_Cliristum
3550 4225 3608 4275 in
3655 4224 3735 4275 al-

2043 4300 2155 4351 tari
2185 4293 2773 4367 (inquit—dissertator
2811 4311 2940 4364 pag.
2993 4297 3092 4348 178
3125 4293 3394 4367 editionis
3438 4294 3613 4346 Paris.
3683 4299 3739 4346 et

2042 4365 2348 4438 pag.'29‘.’,
2400 4383 2559 4420 num.
2611 4369 2733 4432 178,
2777 4365 3289 4438 ράὶῐηΑιηδῐςιοό..
3325 4371 3385 4438 et
3429 4381 3560 4434 pag.
3613 4367 3731 4422 178.

2042 4436 2179 4491 edit.
2231 4443 2247 4492 t
2311 4438 2536 4500 Paris),
2570 4454 2632 4491 ac
2679 4437 3051 4506 spirituuliler
3089 4437 3169 4488 ait
3212 4436 3446 4500 intelligi
3473 4442 3732 4502 Oportere,

2041 4525 2204 4578 quam
2246 4512 2464 4576 utrique
2507 4510 2592 4561 illi
2619 4511 2736 4560 voci
2777 4507 2988 4559 subesse
3029 4510 3295 4558 notionem
3334 4521 3396 4557 ac
3419 4511 3734 4578 potestatem

2038 4577 2184 4640 uelit,
2211 4581 2326 4647 ipse
2355 4581 2533 4645 aperit
2554 4593 2670 4630 cum
2691 4593 2839 4629 num.
2870 4579 2935 4629 76
2960 4578 3201 4628 :sicutin
3226 4577 3497 4640 mysterio,
3533 4579 3731 4642 inquit,

2039 4652 2200 4717 panis
2255 4649 2346 4700 ille
2403 4663 2594 4715 corpus
2661 4648 2952 4713 accipitur,
3011 4650 3089 4717 sic
3155 4647 3316 4697 etiam
3375 4647 3431 4698 in
3482 4648 3736 4712 mysterio

2040 4716 2277 4772 membra
2316 4719 2504 4786 populi
2549 4717 2812 4770 credentis
2861 4719 2917 4768 in
2961 4716 3233 4769 Christum
3281 4717 3638 4768 intimantur:
3685 4723 3734 4767 et

2039 4792 2177 4842 sicut
2211 4785 2327 4841 non
2360 4785 2731 4855 corporaliter,
2770 4785 2864 4838 sed
2911 4787 3276 4854 spiritualiter
3316 4790 3478 4853 punis
3505 4788 3594 4838 ille
3623 4801 3732 4837 cre-

2041 4860 2280 4913 dentium
2309 4873 2500 4926 corpus
2541 4858 2779 4910 dicitur:
2823 4858 2902 4908 sic
2945 4872 3154 4924 quoque
3183 4858 3388 4910 Christi
3412 4871 3604 4924 corpus
3629 4869 3733 4906 non

2040 4931 2412 4999 corporaliter,
2446 4927 2540 4982 sed
2567 4928 2928 4996 spiritualiter
2955 4941 3163 4980 necesse
3193 4933 3269 4980 cst
3300 4928 3657 4991 intelligatur.

2733 5047 3044 5086 RESPONSIO.

2113 5143 2252 5195 Cum
2303 5157 2370 5193 eo
2423 5139 2658 5192 consilio
2704 5137 2997 5207 scripserit
3046 5137 3391 5191 Ratramnus
3438 5139 3498 5187 ut
3547 5133 3732 5207 inesse

2042 5213 2292 5284 aliquam
2327 5213 2384 5284 in
2425 5211 2773 5284 Eucharistia
2806 5205 3048 5279 ligurem
3078 5208 3496 5284 comprobaret,
3529 5205 3731 5284 melius

2044 5276 2362 5350 argumenti
2403 5299 2582 5352 genus
2618 5276 2884 5354 proferre
2917 5282 3314 5354 nonpoterat
3359 5291 3437 5354 eo
3477 5276 3627 5354 quod
3663 5293 3725 5327 ex

2042 5348 2282 5423 corpore
2327 5360 2381 5406 et
2409 5348 2706 5420 sanguine.
2757 5351 2953 5420 populi
2999 5349 3181 5423 ﬁdelis
3211 5348 3492 5423 assum_it;_
3519 5348 3730 5416 quippe

2043 5417 2208 5496 aqua:
2255 5440 2386 5478 cum
2439 5417 2570 5476 vino
2622 5417 2993 5496 permistione
3046 5420 3106 5496 i_n_
3156 5419 3328 5496 calice
3377 5417 3726 5496 designatur.

2042 5489 2198 5551 Sicut
2236 5495 2388 5549 enim
2439 5489 3002 5565 aquas—permistione
3051 5490 3271 5565 Christo
3303 5489 3546 5565 populus
3573 5490 3636 5565 in
3663 5489 3725 5541 ti-

2044 5583 2186 5637 gura
2218 5559 2524 5630 adunatuF,
2557 5559 2839 5637 etpopuli
2863 5561 3103 5637 sanguis
3133 5560 3405 5637 inﬁgura
3435 5559 3726 5629 signitice-

2043 5631 2174 5691 tur:
2207 5639 2284 5690 ita
2330 5653 2432 5707 per
2479 5631 2904 5707 species—panis
2938 5631 2996 5685 et
3032 5631 3150 5707 vini
3195 5631 3252 5683 in
3295 5633 3479 5697 tigura
3523 5646 3729 5699 corpus

2045 5715 2102 5762 et
2131 5702 2362 5774 sanguis
2410 5702 2617 5760 Christi
2657 5702 3016 5758 intimantur.
3054 5702 3192 5774 Nam
3221 5717 3418 5774 revera
3448 5710 3727 5774 quatenus

2043 5780 2166 5833 vela
2201 5772 2334 5832 sunt
2380 5784 2435 5829 et
2477 5775 2779 5847 paropides
2820 5774 3074 5846 corporis
3103 5773 3335 5841 Christi,
3370 5772 3492 5842 ejus
3525 5773 3724 5839 ligurtr
