4148 6180
489 229 585 280 199

1248 213 1617 272 DISSEBTIO
1657 214 1723 267 IN
1767 214 1895 268 LIB.
1942 213 2033 268 DE
2073 211 2399 267 CORPOBE
2443 211 2530 266 ET
2569 209 2910 266 SANGUINE
2954 208 3218 264 DOlllNl.

3873 211 3974 262 200

482 365 541 415 et
586 355 1050 414 adumbrationes
1093 351 1514 413 existimantur,
1561 349 1772 419 quibus
1819 345 2170 419 intuentium
2211 349 2255 401 A
2286 345 2400 419 bet
2435 345 3007 419 quod__potissimuu_i
3051 346 3245 419 animo
3274 343 3969 419 intendit‘Ratramnus,

487 432 682 486 oculos
715 435 769 482 et
797 442 994 480 sensus
1023 439 1220 477 verum
1261 437 1470 490 corpus
1511 418 1757 491 praesens
1785 418 1950 471 fallit.
1995 419 2174 484 Visus,

490 509 682 567 tactus,
729 503 917 565 gustus
947 499 1005 548 in
1047 500 1097 567 te
1134 491 1508 567 failitui',_sed
1548 491 1741 567 auditu
1774 491 1881 544 solo
1930 493 2039 542 tute
2069 504 2177 542 cre-

488 563 908 638 ditur.'Qiiippe
949 565 1317 638 speciesistaa
1359 563 1570 638 Christi
1617 574 2176 638 corpusnuncupa—

481 645 592 696 tive
627 630 996 710 appellantur
1017 637 1085 690 ab
1126 635 1353 710 Algero,
1397 633 1532 710 quia
1569 630 2015 710 corpusCliristi
2043 644 2175 710 pro-

482 700 679 784 prium.
701 700 976 784 occulunt
1015 713 1067 760 et
1118 700 1613 784 circumscribunt.
1666 704 1762 784 llis
1791 701 1869 755 ita
1899 700 2175 754 constitu-

481 775 573 848 tis,
637 776 1450 850 comparationem_corporis
1506 775 1703 850 populi
1753 787 1902 850 cum.
1939 787 2177 850 corpore

482 842 692 907 Christi
731 842 790 904 in
845 847 1195 904 Eucharistia
1227 842 1389 899 facile
1437 842 1788 898 intellectum
1837 842 1906 896 iri
1952 845 2022 896 ab
2053 857 2177 893 om-

482 925 650 978 nibus
685 938 798 975 non
831 921 1048 974 dubito.
1081 919 1230 972 Nihil
1284 917 1438 971 enim
1487 915 1642 970 aliud
1673 915 1796 967 vult
1834 915 2178 968 Batramnus

483 995 592 1047 nisi
641 1009 847 1062 corpus
899 990 1129 1062 Christi,
1160 988 1542 1062 nuncupatige
1575 985 1797 1062 populi
1882 989 1966 1036 est
1995 984 2180 1062 ﬁgura

484 1055 757 1134 corporis'
785 1067 840 1114 et
872 1060 1164 1134 sanguinis
1218 1055 1436 1129 populi.
1483 1055 1612 1134 Sed,
1645 1059 1790 1134 haec_
1819 1071 1937 1134 non
1986 1055 2180 1134 impe-

487 1125 655 1189 diunt
683 1125 1004 1204 quominus
1021 1125 1231 1204 verum
1255 1125 1462 1199 corpus
1503 1129 1607 1181 sub
1639 1125 2178 1204 speciebiis_delite-

488 1223 643 1259 scere
676 1195 972 1257 credatur:
1020 1203 1149 1255 licet
1194 1195 1396 1270 corpus
1425 1204 1481 1252 et
1529 1195 1760 1267 sanguis
1792 1195 1987 1270 populi
2019 1195 2077 1248 in
2107 1195 2179 1248 ﬁ-

488 1293 631 1347 gura
660 1273 1058 1347 tantummodo
1087 1269 1461 1347 intelligatur,
1483 1285 1621 1347 num
1654 1269 2179 1347 Paschasiiisz‘praa:

491 1337 691 1400 sentias
719 1351 773 1398 et
803 1337 1460 1398 transsubstantiationis
1501 1342 1615 1394 veri
1667 1338 1924 1407 corporis
1969 1337 2180 1390 Christi

490 1419 547 1470 in
577 1416 818 1470 Ecclesia
849 1415 1117 1468 defensor
1150 1413 1570 1475 invictissimus,
1605 1412 1862 1462 eamdem
1889 1423 2180 1477 compara-

493 1490 706 1542 tionem
737 1487 1014 1551 instituit;
1049 1485 1306 1552 dixitque
1334 1498 1537 1551 corpus
1572 1481 1769 1552 populi
1803 1480 1947 1531 sicut
1975 1493 2181 1552 corpus

493 1559 698 1611 Christi
748 1557 991 1626 ﬁgurate
1037 1555 1096 1607 in
1144 1550 1497 1626 Eucharistia
1541 1551 1869 1626 consistere,
1900 1550 2179 1626 quamvis

493 1630 560 1682 de
588 1619 898 1698 praesentia,
924 1627 1061 1679 reali
1080 1624 1340 1698 corporis
1359 1623 1577 1698 Christi
1609 1621 1712 1698 sub
1740 1619 2059 1698 _speciebus
2090 1635 2176 1698 re-

2284 414 2498 470 scilicét
2551 414 2805 486 aliquam
2855 416 2913 468 in
2975 415 3324 470 Eucharistia
3371 431 3491 468 esse
3547 414 3818 486 ﬁguram,
3877 432 3975 469 nec

2287 487 2479 540 omnia
2508 495 2702 556 aperta
2735 492 2790 540 et
2819 488 2969 541 edita
3002 487 3380 555 patefactione
3411 487 3707 539 declarari.

2361 559 2660 627 Hucusque
2705 558 2838 609 satis
2884 559 3220 628 explicuisse
3265 557 3530 610 videmur
3575 573 3643 610 ea
3696 573 3827 627 quae
3866 557 3972 610 dis-

2287 634 2532 681 sertator
2561 630 2618 680 in
2652 629 2798 682 libro
2846 629 3139 682 Ratramni
3171 645 3205 681 a
3234 628 3344 686 ﬁde
3375 629 3642 682 catholica
3679 629 3975 681 abhorren-

2289 704 2387 764 tia,
2422 699 2656 753 haeresis
2700 699 2942 752 crimine
2987 705 3210 752 accusat
3259 705 3311 752 et
3363 702 3545 768 carpit
3591 699 3972 752 vehementer.

2285 772 2406 823 Jam
2439 786 2573 822 vero
2599 786 2727 840 quae
2780 770 2960 840 magis
2989 777 3188 840 operta
3233 775 3289 822 et
3338 770 3524 822 fucata
3554 769 3855 822 denuntiat
3893 769 3974 822 in-

2289 843 2604 911 quiramus,
2638 847 2695 894 et
2740 841 3033 894 Ratramni
3079 841 3322 893 insontis
3353 847 3408 893 et
3438 840 3784 906 intaminati,
3819 856 3973 893 recu-

2288 913 2614 982 peratoria,
2674 917 2734 966 ut
2785 911 3180 981 jurisconsulti
3225 917 3448 976 vocant,
3508 911 3728 964 actione
3785 927 3967 981 perse-

2335 999 2556 1035 uamur.

2594 1052 2901 1106 Contendit
2950 1053 3282 1106 dissertator
3325 1053 3492 1120 (Pag.
3543 1055 3663 1110 292.
3695 1068 3846 1104 num.
3889 1067 3974 1103 seu

2288 1129 2534 1179 tmemate
2581 1126 2701 1190 179,
2741 1139 2889 1177 num.
2945 1127 2994 1190 t,
3044 1124 3308 1176 editionis
3353 1127 3549 1193 prima
3597 1124 3794 1187 Paris,
3847 1138 3974 1192 pag.

2293 1195 2412 1263 1⁸79)
2444 1196 2817 1249 Ratramnum
2868 1194 2983 1247 sive
3016 1201 3306 1247 auctorem
3340 1194 3474 1247 libri
3519 1194 3588 1247 de
3636 1195 3886 1262 Corpore
3927 1198 3982 1245 et

2287 1265 2578 1334 Sanguine
2608 1265 2835 1318 Domini
2875 1265 3017 1318 adeo
3056 1265 3352 1333 implicare
3393 1264 3770 1334 quaestionem
3803 1271 3864 1317 ut
3894 1264 3978 1317 vix

2288 1353 2321 1389 a
2371 1337 2570 1405 peritis
2618 1336 3005 1405 dignoscatur.
3062 1336 3489 1406 Exquirendum
3539 1335 3691 1388 enim
3745 1335 3824 1387 ait
3875 1350 3978 1388 nu-

2291 1423 2447 1460 mero
2494 1410 2561 1459 Si:
2616 1407 2772 1470 Quod
2801 1409 2857 1459 in
2908 1407 3146 1460 Ecclesia
3187 1422 3276 1458 ore
3305 1406 3558 1475 fidelium
3600 1409 3835 1458 sumitur
3875 1421 3983 1458 cor-

2285 1493 2388 1546 pus
2416 1483 2464 1530 et
2511 1480 2756 1542 sanguis,
2787 1482 2844 1530 in
2890 1480 3143 1544 mysterio
3174 1477 3283 1546 ﬁat
3327 1493 3397 1528 an
3428 1479 3483 1528 in
3531 1480 3777 1537 ueritate,
3819 1476 3878 1528 id
3907 1481 3984 1528 est

2287 1556 2476 1602 utrum
2511 1549 2726 1614 aliquid
2754 1552 2944 1601 secreti
2981 1550 3248 1601 contineat
3287 1547 3430 1616 quod
3459 1549 3625 1601 oculis
3655 1547 3982 1600 solummodo

2279 1619 2420 1688 ﬁdei
2443 1624 2649 1686 pateat.
2683 1621 2772 1672 An
2807 1622 2921 1671 sine
2950 1620 3275 1687 cujusquam
3308 1619 3571 1671 vetatione
3602 1621 3855 1685 mysterii
3891 1619 3982 1670 hoc

493 1689 623 1752 vera
673 1697 904 1752 recondi
950 1689 1201 1748 minime'
1237 1693 1596 1747 dubitaverit.
1647 1691 1870 1760 Quippe
1910 1689 2002 1760 bsic
2030 1690 2182 1742 fatur
2222 1702 2260 1754 Β
2292 1695 2536 1758 aspectus
2586 1693 2864 1742 intueatur
2909 1693 3148 1757 corporis
3195 1691 3453 1756 exterius,
3486 1689 3631 1757 quod
3675 1690 3866 1742 mentis
3902 1691 3983 1740 vi-

492 1770 676 1838 capite
712 1771 764 1821 il
806 1767 940 1820 libri
971 1770 1039 1838 de
1070 1766 1317 1835 Corpore
1349 1763 1724 1838 et_Sanguine
1759 1759 2020 1814 Domini:
2059 1780 2101 1838 «υ
2121 1761 2183 1813 Et

495 1835 624 1894 ideo
652 1843 802 1892 recte
850 1837 1137 1908 provisum
1171 1840 1272 1898 est,
1325 1835 1474 1908 quia
1505 1835 1676 1908 simul
1724 1849 1850 1885 cum
1899 1835 2182 1908 sanguine

494 1925 645 1980 aqua
671 1901 862 1972 ﬂuxit,
887 1913 949 1960 ut
989 1909 1048 1960 in
1091 1908 1197 1960 hoc
1247 1901 1516 1980 mysterio
1562 1904 1680 1980 veri
1710 1901 2184 1980 sanguinis‘aqua

493 1973 895 2044 admisceatur,
927 1983 1209 2048 quatenus
1239 1973 1318 2030 et'
1344 1992 1466 2048 nos
1495 1974 1552 2048 i_n
1601 1975 1699 2048 illo
1740 1973 2035 2048 simuspiit
2083 1986 2186 2039 per

492 2051 600 2104 hoc
646 2051 844 2102 salutis
883 2042 1306 2100 sacramentum
1357 2044 1562 2098 divinis
1611 2045 1907 2097 obtutibus
1952 2042 2034 2095 illi
2085 2058 2186 2093 co—

495 2120 643 2174 uniti
689 2118 921 2187 mystice
971 2117 1300 2187 oﬁeramur.
1342 2117 1507 2187 Nam
1533 2115 1578 2167 si
1626 2115 1821 2187 viuum
1873 2112 2004 2187 sine
2033 2127 2190 2187 aqua

496 2182 787 2253 offeratur,
823 2189 1054 2255 sanguis
1098 2186 1306 2240 Christi
1338 2185 1538 2255 incipit
1570 2201 1690 2237 esse
1737 2185 1860 2236 sine
1910 2183 2109 2255 nobis;
2141 2182 2186 2233 si

499 2267 688 2313 autem
723 2274 869 2329 aqua
887 2253 1025 2324 sola,
1056 2257 1175 2326 jam
1201 2257 1358 2326 plebs
1391 2253 1617 2329 videtur
1648 2270 1769 2307 esse
1799 2254 1922 2329 sine
1943 2253 2184 2329 Christo.

497 2329 733 2395 Quando
774 2324 970 2382 autem
1017 2324 1327 2398 utrumque
1376 2327 1745 2398 misceturet
1792 2324 2188 2398 conjungitur,

497 2394 633 2455 tunc
665 2404 814 2454 recte
853 2399 1186 2468 mysterium
1235 2394 1495 2452 Ecclesia:
1544 2396 1918 2466 spiritualiter
1960 2394 2190 2468 perﬁci-

500 2477 616 2525 tur.
650 2494 677 2520 ››
714 2472 776 2524 Et
807 2466 956 2522 infra
981 2470 1184 2522 eodem
1207 2468 1389 2537 capite
1416 2485 1427 2520 :
1457 2491 1477 2516 ι
1515 2469 1801 2520 Exsultent
1831 2482 1966 2535 ergo
1997 2466 2192 2537 lideles

501 2543 636 2596 dum
671 2558 728 2595 se
752 2540 1086 2609 intelligunt
1119 2540 1187 2592 ad
1221 2536 1436 2592 tantam
1469 2539 1750 2609 unitatem
1783 2537 1985 2609 Christi
2014 2536 2192 2609 socia-

501 2618 588 2666 tos
622 2629 726 2682 per
758 2607 1023 2681 gratiam,
1058 2616 1113 2662 et
1144 2609 1210 2663 ad
1244 2615 1460 2682 tantam
1493 2608 1853 2682 ﬂagrantiam
1900 2607 2194 2682 charitatis

501 2678 830 2754 provectos;
862 2689 918 2735 et
948 2683 1077 2735 ideo
1119 2697 1291 2751 quam
1335 2681 1479 2754 bene
1506 2680 1567 2754 in
1617 2680 1724 2732 hoc
1771 2678 2045 2754 mysterio
2089 2692 2192 2729 no-

505 2747 620 2808 stra
667 2747 853 2822 ﬁgura
896 2768 998 2821 per
1045 2747 1252 2821 aquam
1300 2750 1640 2817 admittitur,
1690 2755 1751 2822 ut
1801 2747 2195 2822 unusquisque

503 2826 561 2878 in
592 2825 689 2877 illo
713 2817 929 2877 Christi
960 2817 1238 2890 sanguine
1280 2828 1606 2890 susceptum
1649 2837 1706 2873 se
1737 2817 2021 2888 intelligat
2051 2826 2106 2870 et
2137 2817 2196 2890 in

503 2895 710 2949 melius
737 2889 1202 2947 transmutatam.
1240 2892 1397 2946 Unde
1443 2889 1572 2944 licet
1618 2891 1776 2960 prius
1827 2890 2062 2957 mystice
2113 2889 2196 2939 vi-

503 2982 641 3020 num
687 2971 744 3018 et
791 2979 939 3035 aqua
973 2964 1482 3035 commisceantur,
1536 2967 1665 3035 post
1709 2960 2193 3035 consecrationem

2291 1775 2382 1812 sus
2425 1762 2661 1828 aspiciat
2704 1761 2974 1813 interius:
3012 1767 3068 1813 ut
3101 1765 3268 1813 totum
3309 1761 3454 1827 quod
3483 1763 3669 1824 agitur
3711 1763 3766 1812 in
3812 1761 3984 1812 mani-

2291 1833 2600 1897 festationis
2639 1831 2752 1883 luce
2790 1832 3082 1884 clarescat:
3117 1836 3166 1883 et
3193 1837 3372 1884 utrum
3402 1833 3581 1898 ipsum
3611 1845 3806 1898 corpus
3847 1829 3988 1898 quod

2294 1902 2359 1953 de
2389 1903 2618 1954 Materia
2648 1906 2835 1954 nat-um
2879 1907 2975 1968 est,
3017 1907 3067 1954 et
3098 1917 3340 1970 passum,
3370 1906 3674 1963 mortuum,
3717 1916 3778 1953 ac
3808 1900 3987 1969 sepul-

2297 1977 2428 2036 tum,
2460 1971 2707 2040 quodque
2744 1987 3030 2040 resurgens
3064 1978 3114 2026 et
3148 1972 3221 2025 ad
3250 1973 3402 2025 caelos
3433 1971 3722 2025 ascendens
3751 1971 3826 2024 ad
3851 1973 3989 2024 dex-

2298 2049 2466 2095 teram
2499 2043 2684 2095 Patris
2712 2043 3006 2097 consideat.

2990 2164 3305 2202 RESPONSIO.

2373 2252 2607 2306 Difﬁcile
2641 2258 2726 2325 est
2751 2253 3074 2325 intelligere
3104 2253 3242 2325 quid
3275 2253 3331 2307 in
3362 2253 3468 2307 hac
3499 2252 3836 2325 quaestionis
3866 2269 3994 2321 pro-

2299 2325 2582 2394 positione
2627 2324 2929 2378 ohscurum
2957 2324 2960 2325 ⁷
2990 2330 3089 2378 aut
3127 2324 3473 2378 intricatum
3536 2324 3814 2378 videatur.
3853 2327 3992 2379 Cum

2300 2394 2600 2449 dubitandi
2647 2395 2803 2448 locus
2835 2411 2950 2448 non
3001 2397 3074 2449 sit
3111 2400 3368 2465 tempore
3417 2395 3710 2448 ltatramni
3741 2396 3993 2448 extitisse

2301 2466 2498 2518 ﬁdeles
2533 2465 2631 2535 qui
2664 2466 2856 2519 omnia
2902 2466 3058 2519 edita
3099 2472 3155 2519 et
3197 2472 3396 2535 aperta
3449 2481 3570 2518 esse
3615 2468 3671 2518 in
3723 2467 3994 2535 mysterio

2303 2536 2670 2589 l'lucharisliae
2716 2537 2822 2590 sibi
2872 2537 3323 2605 persuaderent:
3386 2553 3710 2606 corpusque
3767 2542 3822 2589 et
3867 2553 3994 2589 san-

2302 2610 2538 2676 guinem
2579 2607 2789 2661 Christi
2837 2609 2994 2660 nulla
3044 2607 3148 2660 sub
3174 2609 3379 2677 “ﬁgura
3424 2614 3524 2660 aut
3556 2607 3998 2661 obumbratione

2303 2678 2568 2730 collocari
2601 2679 2923 2744 crederent;
2963 2679 3040 2730 uti
3088 2683 3454 2748 prospectum
3488 2678 3764 2730 habemus
3797 2693 3860 2730 ex
3890 2695 3999 2731 nu-

2306 2765 2463 2801 mero
2499 2751 2553 2802 ll
2593 2749 2728 2801 dicti
2763 2749 2892 2801 libri
2923 2749 2990 2802 de
3023 2747 3274 2818 Corpore
3303 2754 3359 2800 et
3399 2747 3688 2818 Sanguine
3733 2749 3954 2801 Domini
3983 2765 3996 2801 :

2310 2841 2336 2868 «
2375 2819 2518 2872 Dum
2549 2819 2700 2872 enim
2738 2819 2970 2889 quidam
3005 2820 3258 2874 ﬁdelium
3296 2825 3717 2872 sacramentum
3745 2819 4004 2889 corporis

2306 2889 2718 2960 sanguinisque
2781 2891 2987 2944 Christi
3047 2891 3198 2960 quod
3249 2890 3306 2943 in
3361 2890 3607 2942 Ecclesia
3657 2891 4000 2952 celebratur,

2307 2961 2506 3014 dicunt
2534 2961 2688 3032 quod
2708 2962 2866 3013 nulla
2887 2962 2991 3016 sub
3022 2962 3225 3032 ﬁgura,
3252 2961 3409 3032 nulla
3433 2960 3544 3032 sub
3563 2961 4004 3014 obumbratione

503 3041 696 3090 tamen
728 3030 983 3088 non'nisi
1017 3035 1252 3104 sanguis
1293 3030 1696 3106 lubitum—quia
1723 3032 1779 3084 in
1812 3030 2098 3106 illoprius
2130 3045 2193 3082 ex
2238 3053 2276 3106 ρ
2307 3032 2425 3097 ﬁat,
2485 3031 2582 3084 sed
2632 3031 2812 3106 ipsius
2862 3030 3113 3085 veritatis
3160 3031 3316 3085 nuda
3367 3031 3827 3106 manifestatione
3880 3047 4004 3101 per-

503 3123 654 3178 aqua
683 3105 1038 3178 baptismatis
1073 3102 1317 3175 suscepti
1365 3102 1744 3178 rursus:eum_
1775 3102 2032 3178 quotidie
2061 3116 2195 3178 esu-

503 3173 706 3232 riendo
737 3173 791 3230 et
820 3177 1063 3230 sitiendo
1086 3173 1348 3246 potamus
1374 3195 1384 3229 :
1420 3196 1446 3223 »
1486 3176 1550 3228 Et
1578 3173 1900 3246 inferiusis
1937 3174 2198 3241 Propter-

504 3265 568 3301 ea
627 3264 740 3301 non
795 3244 1263 3301 inconvenienter
1317 3246 1488 3298 etiam
1546 3245 1616 3298 ob
1677 3247 1785 3298 hoc
1845 3244 1995 3297 idem
2053 3259 2199 3312 aqua

505 3325 888 3397 consecratur,
923 3333 1040 3370 non
1073 3318 1240 3397 quod
1267 3332 1414 3385 aqua
1447 3321 1799 3397 permaneat,
1833 3315 1928 3393 sed
1963 3313 2201 3397 vertitur

505 3393 562 3443 in
583 3389 940 3460 sanguinem,
966 3395 1028 3460 ut
1057 3383 1340 3460 signiﬁcet.
1370 3383 1506 3454 quid
1539 3386 1679 3437 ﬁdes
1707 3383 2000 3454 percipiat.
2029 3403 2055 3429 υ
2163 3451 2172 3460 ο

580 3459 654 3511 Ex
692 3456 777 3510 liis
808 3457 1128 3524 intelligere
1161 3457 1323 3508 facile
1355 3465 1438 3506 est
1478 3471 1647 3524 quam
1682 3467 2100 3523 supervacanea
2130 3456 2202 3524 sit

508 3527 795 3580 conclusio
840 3544 872 3578 a
912 3521 1278 3578 dissertatore
1330 3521 1620 3592 assumpta
1669 3521 1874 3576 ex'liis
1906 3521 2201 3576 llatramni

510 3597 732 3649 verbis:
769 3619 788 3642 ε
831 3597 942 3648 Hoc
974 3600 1058 3647 est
1089 3596 1265 3659 enim,
1301 3593 1489 3663 inquit
1520 3596 1869 3656 dissertator,
1903 3593 2202 3662 perspicue

510 3674 567 3719 et
596 3667 717 3718 sine
768 3665 1006 3736 ambage
1045 3664 1234 3718 dicere
1274 3672 1540 3736 neutrum
1591 3681 1710 3718 esse
1741 3679 1948 3734 corpus
1980 3664 2038 3716 in
2070 3678 2202 3736 sau-

509 3737 754 3790 ctilicato
803 3734 960 3807 pane
1000 3735 1392 3807 corporaliter,
1428 3736 1530 3788 hoc
1578 3740 1661 3807 est
1709 3734 2200 3807 secundumqsub-

510 3803 818 3872 stantiam;
841 3807 938 3860 sed
991 3803 1212 3859 tantum
1266 3806 1555 3859 intellectu
1601 3806 1734 3860 ﬁdei
1784 3803 2129 3876 spiritualis.
2167 3823 2200 3876 ν»

509 3878 731 3949 Quippe
783 3877 1066 3948 ejusmodi
1114 3878 1543 3949 conclusionem
1592 3893 1662 3930 ex
1707 3875 2205 3949 Paschasiiverhis

511 3947 823 4013 similibus,
869 3949 914 4001 si
961 3965 1073 4002 non
1117 3947 1346 4014 iisdem,
1397 3964 1690 4001 assumere
1734 3965 1846 4001 non
1891 3947 2043 4016 potis
2099 3950 2201 3997 est.

510 4022 652 4085 Quid
687 4037 823 4088 ergo
853 4035 978 4072 eam
1011 4035 1078 4071 ex
1123 4021 1432 4072 ltatramno
1465 4019 1726 4083 deducet,
1758 4018 1849 4070 cui
1889 4016 2204 4088 praesertim

511 4094 578 4144 ad
615 4087 1074 4160 praecavendum,
1098 4088 1457 4160 intelligendi
1487 4089 1715 4140 solertia
1758 4087 2100 4160 nondefuit,
2136 4103 2205 4138 ne

512 4157 855 4231 ﬁgmentum
889 4175 953 4211 ex
985 4159 1203 4231 Calvini
1244 4159 1478 4231 eerebro
1524 4168 1711 4210 ortum
1743 4157 2030 4210 continuis
2062 4163 2208 4231 tem-

515 4228 750 4300 poribus
776 4231 825 4282 ei
853 4230 1257 4300 ascriberetnr,
1283 4228 1366 4280 uti
1405 4234 1562 4298 patet
1589 4244 1826 4300 numero
1865 4231 1952 4281 l0l
1985 4243 1996 4280 :
2034 4247 2061 4300 ς(
2099 4229 2208 4280 Nec

513 4298 648 4352 vero
682 4303 957 4370 quoniam
1003 4299 1115 4370 ista
1155 4298 1423 4370 dicimus,
1449 4305 1682 4370 putetur
1725 4299 1784 4351 in
1819 4298 2087 4370 mysterio
2119 4313 2205 4349 sa-

2305 3107 2542 3172 agatur;
2588 3102 2823 3172 quidam
2866 3118 3000 3156 vero
3044 3109 3327 3156 testentur
3375 3102 3530 3172 quod
3563 3103 3683 3155 hinc
3728 3103 3834 3154 sub
3878 3118 4000 3171 my-

2305 3173 2464 3226 sterii
2495 3173 2680 3242 ﬁgura
2713 3172 3136 3239 contineantur,
3169 3178 3223 3226 et
3263 3172 3413 3226 aliud
3459 3172 3530 3224 sit
3557 3173 3708 3243 quod
3745 3175 4004 3242 corporis

2307 3244 2566 3298 sensibus
2616 3251 2908 3313 appareat,
2963 3245 3116 3298 aliud
3168 3243 3320 3314 quod
3373 3243 3514 3296 ﬁdes
3557 3243 3838 3313 aspiciat:
3889 3259 4003 3296 non

2307 3329 2481 3384 parva
2510 3315 2805 3367 diversitas
2837 3315 2986 3368 inter
3016 3331 3112 3368 eos
3141 3314 3520 3383 dignoscitur.
3559 3336 3578 3361 ι
3618 3319 3858 3384 msuper
3891 3330 4004 3366 non

2309 3385 2430 3437 sine
2474 3384 2686 3452 injuria
2719 3389 2905 3454 potest
2950 3385 3120 3455 hujus
3149 3385 3512 3438 obscuritatis
3554 3389 3609 3437 et
3657 3385 4006 3454 implicatio-

2311 3456 2396 3506 uis
2428 3454 2486 3506 in
2519 3455 2809 3524 proposita
2835 3454 3152 3524 quaestione
3183 3455 3434 3508 accusari
3465 3455 3816 3508 Ratramnus
3842 3471 3854 3507 :
3890 3471 4010 3508 non

2310 3525 2463 3576 enim
2495 3523 2759 3596 ipsefuit
2786 3523 2984 3579 auctor
3023 3525 3331 3596 proposita:
3364 3527 3727 3596 quaestionis,
3761 3526 3857 3578 sed
3901 3527 4008 3578 im-

2309 3599 2538 3665 perator
2569 3595 2804 3648 Carolus
2847 3595 3068 3663 Calvus,
3109 3595 3269 3665 cujus
3296 3595 3459 3666 jussu
3492 3596 3903 3666 inquirendam
3949 3613 4014 3649 ac

2309 3666 2720 3719 discutiendam
2764 3669 2997 3736 recepit,
3031 3673 3094 3720 ut
3140 3668 3520 3736 intelligimus
3564 3683 3630 3719 ex
3680 3668 3870 3720 verbis
3905 3683 4012 3720 nu-

2311 3752 2468 3789 mero
2516 3738 2566 3802 5,
2610 3752 2735 3806 quas.
2780 3737 2971 3790 dedita
3015 3753 3190 3807 opera
3237 3737 3608 3806 praetermisit
3648 3738 4012 3791 dissertator.

2312 3807 2433 3860 Non
2468 3810 2618 3858 enim
2653 3808 2732 3858 ait
2760 3807 3104 3862 Hatramnus
3137 3825 3151 3862 :
3201 3808 3487 3872 Quaaritur
3518 3808 3668 3877 quod
3719 3808 3778 3860 in
3820 3809 4019 3860 Ecde-

2312 3879 2394 3931 sia
2433 3893 2530 3931 ore
2581 3879 2836 3930 ﬁdelium
2887 3880 3133 3931 sumitur
3161 3895 3366 3948 corpus
3413 3885 3470 3932 et
3513 3879 3745 3948 sanguis
3775 3881 4019 3941 Christi,

2313 3965 2384 4002 an
2435 3947 2492 3999 in
2529 3950 2800 4017 mysterio
2849 3951 2964 4010 ﬁat,
3001 3966 3070 4002 an
3119 3949 3176 4002 in
3224 3949 3480 4016 veritate,
3514 3947 3660 4014 etcf;
3693 3951 3828 4002 sed:
3862 3951 4024 4014 Quod

2312 4021 2368 4071 in
2415 4020 2654 4072 Ecclesia
2701 4035 2789 4070 ore
2828 4021 3081 4089 ﬁdelium
3137 4023 3370 4073 sumitur
3427 4035 3618 4088 corpus
3676 4026 3726 4073 et
3784 4023 4024 4085 sanguis

2313 4090 2538 4152 Christi,
2590 4104 2797 4148 QU.ERIT
2853 4107 3074 4144 νεάτης
3116 4107 3500 4144 »Αυκιτιτυικιε
3549 4105 3916 4144 EXCELLENIIA
3966 4107 4025 4143 ix

2315 4173 2570 4212 ursramo
2629 4175 2747 4212 Furr
2784 4176 2854 4212 AN
2905 4177 2957 4214 IN
3017 4177 3300 4214 vannus.
3344 4162 3500 4214 Absit
3558 4161 3734 4229 igitur
3788 4169 3854 4213 ut
3918 4162 4029 4214 Ra-

2315 4235 2573 4302 tramnus
2605 4229 2908 4300 implicata:
2959 4233 3292 4302 quaestionis
3343 4231 3652 4301 proposita:
3693 4240 4025 4286 accusetur.

2316 4301 2425 4352 Ista
2453 4301 2611 4371 enim
2655 4299 3005 4355 contumelia
3044 4302 3103 4354 in
3137 4299 3763 4371 ipsum—imperatorem
3817 4303 4029 4356 refun-

511 4368 792 4450 cramenti
838 4385 1042 4448 corpus
1089 4368 1315 4450 Domini
1344 4369 1427 4450 vel
1479 4369 1833 4450 sanguinem.
1862 4369 2042 4450 ipsius
2093 4383 2205 4447 non
2250 4398 2288 4450 ι)
2316 4370 2633 4450 denda__est.
2690 4371 2998 4450 llis_verbis
3037 4368 3411 4443 signiﬁcatum
3444 4368 3638 4440 quarrit
3676 4377 3871 4426 vestrae
3902 4389 4029 4425 ma—

513 4457 546 4495 a
577 4440 841 4494 ﬁdelibus
875 4440 1045 4503 sumi,
1088 4439 1316 4510 quando
1348 4439 1488 4492 ﬁdes
1536 4455 1652 4492 non
1686 4439 1837 4510 quod
1884 4440 2089 4510 oculus
2120 4438 2201 4490 vi-

514 4511 629 4578 det,
663 4511 757 4563 sed
808 4511 960 4580 quod
1007 4509 1188 4562 credit
1231 4510 1452 4580 accipit.
1491 4529 1517 4558 ι)
1566 4509 1924 4579 Νοιιίῐηειείε
1968 4509 2038 4562 ad
2082 4525 2203 4562 rem

517 4581 788 4652 prodidit
819 4583 1152 4634 dissertator
1189 4582 1375 4633 locum
1427 4582 1722 4652 Batramui
1754 4597 1820 4652 ex
1867 4595 2112 4652 numero
2128 4582 2202 4652 7775

518 4650 606 4706 liis
639 4651 824 4704 verbis
856 4657 1231 4720 conceptum:
1269 4673 1294 4699 ‹‹
1344 4656 1416 4704 At
1459 4650 1719 4704 videmus
1767 4651 1824 4704 in
1871 4666 2020 4720 aqua
2059 4650 2204 4703 nihil

517 4738 638 4776 esse
680 4737 1037 4786 conversum,
1081 4728 1494 4793 consequenter
1537 4726 1762 4793 ergoet
1803 4721 1862 4774 in
1893 4723 2025 4793 vino
2062 4721 2205 4793 nihil

517 4793 888 4862 corporaliter
934 4791 1588 4861 ostensumfAccipitur
1615 4791 1996 4861 spiritualiter
2039 4791 2205 4862 quid-

517 4863 655 4935 quid
683 4864 740 4915 in
765 4877 912 4932 aqua
934 4862 1002 4914 de
1032 4864 1242 4935 populi
1261 4879 1498 4935 corpore
1526 4863 1903 4935 signiﬁcatur,
1933 4862 2209 4935 accipitur

520 4931 660 5003 ergo
695 4931 922 4986 necesse
952 4939 1059 5003 est
1109 4931 1482 5001 spiritualiter
1529 4933 1809 5003 quidquid
1856 4933 1933 5003 in,
1962 4933 2101 5003 vino
2139 4933 2209 5003 de

520 5002 728 5060 Christi
761 5002 1037 5072 sanguine
1069 5003 1386 5056 intimatur.
1438 5025 1457 5050 ι
1509 5004 1637 5056 Hinc
1676 5002 1831 5056 enim
1881 5002 2023 5056 nihil
2057 5002 2208 5055 aliud

519 5075 847 5146 signiﬁcant
878 5073 988 5146 nisi
1012 5072 1069 5146 in
1096 5073 1392 5146 speciebus
1424 5073 1824 5146 viniAsensibus
1846 5089 1962 5126 non
1993 5073 2212 5142 percipi

522 5142 860 5215 sanguinem
913 5142 1140 5215 Christi,
1193 5147 1248 5215 et
1301 5143 1585 5212 ejusmodi
1634 5144 1849 5212 species
1901 5160 2023 5215 esse
2080 5159 2211 5215 cor-

523 5213 653 5289 pus'
687 5215 922 5289 Christi_
950 5213 1321 5289 spiritualiter
1379 5219 1436 5266 et
1467 5215 1895 5289 .nuncupative,
1951 5214 2096 5267 sicut
2142 5214 2212 5289 _i_n

521 5283 684 5356 aqua:
742 5285 1115 5356 permistione
1165 5299 1280 5356 non
1327 5283 1640 5353 percipitur
1692 5287 1924 5356 sanguis
1972 5284 2210 5356 populi,

522 5354 620 5410 sed
665 5354 816 5426 aqua
863 5354 1248 5426 nuncupative
1316 5359 1539 5426 tantum
1585 5359 1660 5426 et_
1700 5355 2076 5423 spiritualiter
2132 5361 2217 5408 est

523 5424 754 5495 sanguis
801 5428 1023 5497 populi.
1069 5424 1219 5497 Nihil
1253 5424 1420 5497 enim
1454 5429 1603 5497 vetat
1648 5424 1823 5497 ita_se
1845 5441 1975 5497 rem
2006 5426 2214 5479 habere

527 5494 787 5565 quamvis
803 5494 1024 5566 corpus
1056 5495 1266 5550 Christi
1296 5509 1494 5548 verum
1526 5494 1703 5549 lateat
1742 5495 1799 5547 in
1841 5496 2212 5560 Eucliaristia,

525 5581 732 5632 corpus
764 5581 896 5619 vero
931 5567 1130 5638 populi
1162 5566 1301 5618 insit
1327 5567 1386 5618 in
1434 5566 1618 5638 ﬁgura
1649 5570 1894 5638 tantum.
1923 5567 2038 5638 Nec
2063 5566 2216 5619 enim

532 5650 759 5688 necesse
785 5644 872 5689 est
917 5635 1406 5708 Comparatiouem
1438 5637 1498 5691 in
1539 5637 1764 5706 integro
1811 5635 1956 5696 ﬁeri,
1990 5642 2053 5690 ut
2080 5653 2218 5708 pro-

2313 4440 2619 4513 gnitudinis
2653 4443 2986 4507 euellentia,
3022 4440 3357 4513 neutiquam
3391 4445 3561 4496 etiam
3597 4444 3833 4512 hujusce
3867 4460 4034 4512 quae-

2315 4512 2514 4564 stionis
2543 4518 2740 4564 auctor
2781 4514 3048 4583 intelligit
3073 4530 3172 4582 per
3204 4512 3471 4568 secretum
3503 4513 3646 4581 quod
3687 4516 3927 4568 interius
3970 4518 4035 4568 in

2313 4585 2493 4635 animo
2539 4584 2748 4650 geritur
2781 4586 3041 4652 cujusque
3069 4585 3284 4653 ﬁdelis:
3329 4584 3575 4652 mysterii
3613 4586 3834 4644 relatio,
3870 4599 4035 4651 sym-

2317 4653 2491 4706 bolum
2541 4653 2686 4720 quod
2733 4657 2961 4722 quisque
3009 4658 3259 4720 intuitus,
3294 4670 3469 4707 secum
3517 4658 3572 4707 in
3624 4657 3805 4708 animo
3847 4656 4039 4709 credit

2313 4725 2470 4777 verbo
2499 4724 2601 4777 Dei
2631 4723 2698 4778 de
2737 4726 2953 4778 Christi
2989 4741 3235 4793 corpore;
3275 4741 3377 4777 nec
3423 4725 3544 4778 vult
3591 4726 3887 4779 ullatenus
3931 4727 4041 4778 in-

2318 4794 2547 4863 quirere.
2580 4810 2655 4846 an
2684 4798 2758 4847 sit
2789 4801 2999 4848 tantum
3033 4800 3214 4864 ﬁgura
3241 4801 3290 4848 et
3319 4798 3556 4862 signum,
3589 4796 3733 4864 quod
3762 4813 3888 4848 cum
3917 4797 4044 4861 [ide

2317 4867 2577 4917 intuentis
2627 4866 2969 4931 conjunctum
2998 4865 3248 4932 mysterii
3289 4881 3476 4919 nomen
3510 4867 3696 4928 habet;
3728 4871 3779 4918 et
3807 4870 3887 4920 sit
3921 4884 4045 4934 pa—

2315 4937 2401 4988 nis
2447 4949 2637 5002 corpus
2686 4937 2891 4990 Christi
2942 4952 3038 5004 per
3086 4939 3463 5001 cogitationem
3512 4942 3742 4999 tantum,
3794 4953 3874 4989 an
3908 4953 4048 4990 vero

2319 5009 2376 5057 in
2407 5008 2650 5076 veritate,
2697 5022 2759 5058 ac
2791 5009 2972 5074 reipsa
3001 5009 3072 5060 sit
3102 5013 3161 5059 ut
3191 5011 3314 5059 ante
3345 5007 3472 5074 ﬁdei
3500 5009 3797 5075 mentisque
3824 5023 4050 5076 opera-

2323 5078 2516 5127 tionem
2546 5075 2657 5129 dici
2699 5091 2815 5147 uere
2852 5081 3024 5145 possit
3063 5078 3158 5130 hoc
3189 5077 3333 5145 quod
3363 5079 3633 5144 aSpicitur
3675 5093 3796 5130 vere
3827 5075 4050 5147 corpus

2319 5160 2429 5198 esse
2455 5150 2642 5198 natum
2690 5145 2756 5198 de
2810 5150 3046 5212 Virgine.
3082 5148 3304 5216 Quippe.
3350 5148 3536 5200 solum
3589 5145 3953 5201 examinavit
3991 5158 4052 5201 et

2323 5216 2620 5284 inquisivit
2676 5216 3020 5270 Ratramnus
3087 5235 3159 5270 an
3218 5219 3323 5270 hoc
3392 5224 3814 5271 sacramentum
3884 5228 4056 5272 esset

2323 5285 2508 5358 omnis
2539 5286 2736 5355 ﬁguras
2767 5303 2971 5355 expers
3016 5293 3070 5340 et
3114 5304 3378 5353 vacuum,
3422 5288 3800 5358 probavitque
3854 5289 3923 5342 in
3979 5308 4056 5343 eo

2323 5357 2575 5425 aliquam
2629 5373 2749 5410 esse
2802 5360 3046 5426 ﬁguram
3104 5374 3231 5411 cum
3294 5359 3531 5412 veritate
3584 5357 3934 5412 sociabilem
3993 5371 4058 5412 et

2325 5427 2708 5495 conjunctam,
2742 5428 2814 5481 ad
2867 5436 3119 5481 mentem
3175 5429 3478 5495 Paschasii,
3512 5433 3568 5482 et
3607 5444 3837 5499 semper
3883 5431 4055 5483 inte-

2327 5499 2444 5550 rius
2484 5513 2545 5550 ac
2587 5503 2868 5552 secretum
2916 5499 3286 5552 Eucharistia:
3338 5501 3540 5552 fallens
3585 5501 3784 5552 oculos
3846 5501 4058 5555 homi-

2326 5581 2464 5639 num
2498 5568 2784 5636 reputavit
2809 5570 3098 5638 objectum
3126 5575 3181 5622 et
3204 5577 3573 5639 prospectum
3606 5569 3738 5622 ﬁdei
3778 5573 4056 5625 minime

2328 5637 2612 5692 effectum.
2643 5637 3010 5709 lucogitabile
3043 5637 3270 5710 semper
3289 5637 3550 5693 ei’visum
3577 5655 3786 5709 corpus
3817 5641 4065 5696 Christi
