  <div class='ocr_page' id='page_1' title='image "/cluster/home/n/w/nwhite01/storage/ocr_20150623/121/hvd.32044054759832/107.png"; bbox 0 0 4148 6180; ppageno 0'>
   <div class='ocr_carea' id='block_1_1' title="bbox 388 280 492 331">
    <p class='ocr_par' dir='ltr' id='par_1_1' title="bbox 388 280 492 331">
     <span class='ocr_line' id='line_1_1' title="bbox 388 280 492 331; baseline 0.01 -1"><span class='ocrx_word' id='word_1_1' title='bbox 388 280 492 331; x_wconf 71' lang='lat'>203</span> 
     </span>
    </p>
   </div>
   <div class='ocr_carea' id='block_1_2' title="bbox 1109 272 3165 329">
    <p class='ocr_par' dir='ltr' id='par_1_2' title="bbox 1109 272 3165 329">
     <span class='ocr_line' id='line_1_2' title="bbox 1109 272 3165 329; baseline -0.001 -1"><span class='ocrx_word' id='word_1_2' title='bbox 1109 275 1564 329; x_wconf 80' lang='lat' dir='ltr'><strong>DISSERTATIO</strong></span> <span class='ocrx_word' id='word_1_3' title='bbox 1604 275 1671 328; x_wconf 87' lang='lat' dir='ltr'>IN</span> <span class='ocrx_word' id='word_1_4' title='bbox 1718 273 1848 328; x_wconf 86' lang='lat' dir='ltr'>LIB.</span> <span class='ocrx_word' id='word_1_5' title='bbox 1893 275 1982 329; x_wconf 86' lang='lat' dir='ltr'>DE</span> <span class='ocrx_word' id='word_1_6' title='bbox 2021 273 2346 329; x_wconf 80' lang='lat' dir='ltr'>CORPORE</span> <span class='ocrx_word' id='word_1_7' title='bbox 2389 274 2476 328; x_wconf 88' lang='lat' dir='ltr'><strong>ET</strong></span> <span class='ocrx_word' id='word_1_8' title='bbox 2515 272 2862 329; x_wconf 73' lang='lat' dir='ltr'>SANGUINE</span> <span class='ocrx_word' id='word_1_9' title='bbox 2906 273 3165 327; x_wconf 79' lang='lat' dir='ltr'>DOMINI.</span> 
     </span>
    </p>
   </div>
   <div class='ocr_carea' id='block_1_3' title="bbox 3790 274 3898 327">
    <p class='ocr_par' dir='ltr' id='par_1_3' title="bbox 3790 274 3898 327">
     <span class='ocr_line' id='line_1_3' title="bbox 3790 274 3898 327; baseline -0.019 0"><span class='ocrx_word' id='word_1_10' title='bbox 3790 274 3898 327; x_wconf 64' lang='grc'>204</span> 
     </span>
    </p>
   </div>
   <div class='ocr_carea' id='block_1_4' title="bbox 392 404 3894 480">
    <p class='ocr_par' dir='ltr' id='par_1_4' title="bbox 392 404 3894 480">
     <span class='ocr_line' id='line_1_4' title="bbox 392 404 3894 480; baseline -0.001 -18"><span class='ocrx_word' id='word_1_11' title='bbox 392 410 624 480; x_wconf 82' lang='lat' dir='ltr'>quidam</span> <span class='ocrx_word' id='word_1_12' title='bbox 658 408 995 480; x_wconf 84' lang='lat' dir='ltr'>recentiores</span> <span class='ocrx_word' id='word_1_13' title='bbox 1020 405 1370 480; x_wconf 80' lang='lat' dir='ltr'>philosophi,</span> <span class='ocrx_word' id='word_1_14' title='bbox 1408 412 1464 458; x_wconf 89' lang='lat' dir='ltr'>et</span> <span class='ocrx_word' id='word_1_15' title='bbox 1512 404 1790 480; x_wconf 82' lang='lat' dir='ltr'>fu_it_o_lim</span> <span class='ocrx_word' id='word_1_16' title='bbox 1835 405 2073 480; x_wconf 49' lang='lat' dir='ltr'>Abbauj-</span> <span class='ocrx_word' id='word_1_17' title='bbox 2112 408 2158 457; x_wconf 86' lang='lat' dir='ltr'><strong>A</strong></span> <span class='ocrx_word' id='word_1_18' title='bbox 2184 410 2284 480; x_wconf 80' lang='lat' dir='ltr'>aut</span> <span class='ocrx_word' id='word_1_19' title='bbox 2309 405 2660 480; x_wconf 81' lang='lat' dir='ltr'>Walterium,</span> <span class='ocrx_word' id='word_1_20' title='bbox 2712 405 2960 480; x_wconf 82' lang='lat' dir='ltr'>priorem</span> <span class='ocrx_word' id='word_1_21' title='bbox 3014 405 3208 480; x_wconf 70' lang='lat' dir='ltr'>sancti</span> <span class='ocrx_word' id='word_1_22' title='bbox 3248 404 3486 458; x_wconf 83' lang='lat' dir='ltr'>Victoris</span> <span class='ocrx_word' id='word_1_23' title='bbox 3511 404 3894 480; x_wconf 37' lang='lat' dir='ltr'>AParisiensis,</span> 
     </span>
    </p>
   </div>
   <div class='ocr_carea' id='block_1_5' title="bbox 392 476 2077 546">
    <p class='ocr_par' dir='ltr' id='par_1_5' title="bbox 392 476 2077 546">
     <span class='ocr_line' id='line_1_5' title="bbox 392 476 2077 546; baseline -0.004 -13"><span class='ocrx_word' id='word_1_24' title='bbox 392 476 498 534; x_wconf 81' lang='lat' dir='ltr'>dus</span> <span class='ocrx_word' id='word_1_25' title='bbox 530 481 698 532; x_wconf 84' lang='lat' dir='ltr'>abbas</span> <span class='ocrx_word' id='word_1_26' title='bbox 725 485 779 531; x_wconf 86' lang='lat' dir='ltr'>et</span> <span class='ocrx_word' id='word_1_27' title='bbox 825 478 1141 542; x_wconf 83' lang='lat' dir='ltr'>Walterius,</span> <span class='ocrx_word' id='word_1_28' title='bbox 1198 477 1358 546; x_wconf 91' lang='lat' dir='ltr'>prior</span> <span class='ocrx_word' id='word_1_29' title='bbox 1406 478 1583 528; x_wconf 87' lang='lat' dir='ltr'>sancti</span> <span class='ocrx_word' id='word_1_30' title='bbox 1637 477 1876 528; x_wconf 75' lang='lat' dir='ltr'>Victoris</span> <span class='ocrx_word' id='word_1_31' title='bbox 1933 476 2077 529; x_wconf 86' lang='lat' dir='ltr'>Pari-</span> 
     </span>
    </p>
   </div>
   <div class='ocr_carea' id='block_1_6' title="bbox 395 548 2075 618">
    <p class='ocr_par' dir='ltr' id='par_1_6' title="bbox 395 548 2075 618">
     <span class='ocr_line' id='line_1_6' title="bbox 395 548 2075 618; baseline -0.002 -16"><span class='ocrx_word' id='word_1_32' title='bbox 395 551 616 615; x_wconf 86' lang='lat' dir='ltr'>siensis,</span> <span class='ocrx_word' id='word_1_33' title='bbox 641 556 697 602; x_wconf 88' lang='lat' dir='ltr'>et</span> <span class='ocrx_word' id='word_1_34' title='bbox 727 549 916 618; x_wconf 85' lang='lat' dir='ltr'>plures</span> <span class='ocrx_word' id='word_1_35' title='bbox 949 548 1048 600; x_wconf 86' lang='lat' dir='ltr'>alii</span> <span class='ocrx_word' id='word_1_36' title='bbox 1079 553 1203 616; x_wconf 87' lang='lat' dir='ltr'>post</span> <span class='ocrx_word' id='word_1_37' title='bbox 1235 548 1695 599; x_wconf 85' lang='lat' dir='ltr'>retractationem</span> <span class='ocrx_word' id='word_1_38' title='bbox 1749 548 2075 615; x_wconf 89' lang='lat' dir='ltr'>Berengarii</span> 
     </span>
    </p>
   </div>
   <div class='ocr_carea' id='block_1_7' title="bbox 395 618 2075 688">
    <p class='ocr_par' dir='ltr' id='par_1_7' title="bbox 395 618 2075 688">
     <span class='ocr_line' id='line_1_7' title="bbox 395 618 2075 688; baseline -0.003 -14"><span class='ocrx_word' id='word_1_39' title='bbox 395 623 564 688; x_wconf 77' lang='lat' dir='ltr'>hujus</span> <span class='ocrx_word' id='word_1_40' title='bbox 594 619 1038 671; x_wconf 86' lang='lat' dir='ltr'>rectractationis</span> <span class='ocrx_word' id='word_1_41' title='bbox 1073 618 1257 670; x_wconf 77' lang='lat' dir='ltr'>verbis</span> <span class='ocrx_word' id='word_1_42' title='bbox 1289 618 1457 669; x_wconf 88' lang='lat' dir='ltr'>nimis</span> <span class='ocrx_word' id='word_1_43' title='bbox 1503 619 1568 670; x_wconf 89' lang='lat' dir='ltr'>ad</span> <span class='ocrx_word' id='word_1_44' title='bbox 1613 618 1856 670; x_wconf 88' lang='lat' dir='ltr'>litteram</span> <span class='ocrx_word' id='word_1_45' title='bbox 1904 618 2075 670; x_wconf 89' lang='lat' dir='ltr'>iutel—</span> 
     </span>
    </p>
   </div>
   <div class='ocr_carea' id='block_1_8' title="bbox 394 689 2076 757">
    <p class='ocr_par' dir='ltr' id='par_1_8' title="bbox 394 689 2076 757">
     <span class='ocr_line' id='line_1_8' title="bbox 394 689 2076 757; baseline -0.002 -13"><span class='ocrx_word' id='word_1_46' title='bbox 394 693 548 744; x_wconf 90' lang='lat' dir='ltr'>lectis</span> <span class='ocrx_word' id='word_1_47' title='bbox 591 690 733 742; x_wconf 82' lang='lat' dir='ltr'>forte</span> <span class='ocrx_word' id='word_1_48' title='bbox 797 691 997 741; x_wconf 85' lang='lat' dir='ltr'>delusi.</span> <span class='ocrx_word' id='word_1_49' title='bbox 1054 689 1307 741; x_wconf 84' lang='lat' dir='ltr'>Secunda</span> <span class='ocrx_word' id='word_1_50' title='bbox 1356 689 1528 740; x_wconf 91' lang='lat' dir='ltr'>etiam</span> <span class='ocrx_word' id='word_1_51' title='bbox 1578 689 1914 757; x_wconf 92' lang='lat' dir='ltr'>propositio,</span> <span class='ocrx_word' id='word_1_52' title='bbox 1970 689 2076 742; x_wconf 76' lang='lat' dir='ltr'>Ra-</span> 
     </span>
    </p>
   </div>
   <div class='ocr_carea' id='block_1_9' title="bbox 393 759 2079 827">
    <p class='ocr_par' dir='ltr' id='par_1_9' title="bbox 393 759 2079 827">
     <span class='ocr_line' id='line_1_9' title="bbox 393 759 2079 827; baseline -0.001 -15"><span class='ocrx_word' id='word_1_53' title='bbox 393 760 600 812; x_wconf 87' lang='lat' dir='ltr'>tramni</span> <span class='ocrx_word' id='word_1_54' title='bbox 634 761 810 812; x_wconf 91' lang='lat' dir='ltr'>menti</span> <span class='ocrx_word' id='word_1_55' title='bbox 837 761 1076 812; x_wconf 88' lang='lat' dir='ltr'>faciliter</span> <span class='ocrx_word' id='word_1_56' title='bbox 1103 761 1516 811; x_wconf 87' lang='lat' dir='ltr'>accommodari</span> <span class='ocrx_word' id='word_1_57' title='bbox 1552 775 1714 827; x_wconf 83' lang='lat' dir='ltr'>posse</span> <span class='ocrx_word' id='word_1_58' title='bbox 1751 759 1996 822; x_wconf 88' lang='lat' dir='ltr'>videtur,</span> <span class='ocrx_word' id='word_1_59' title='bbox 2031 759 2079 810; x_wconf 91' lang='lat' dir='ltr'>si</span> 
     </span>
    </p>
   </div>
   <div class='ocr_carea' id='block_1_10' title="bbox 391 831 2080 898">
    <p class='ocr_par' dir='ltr' id='par_1_10' title="bbox 391 831 2080 898">
     <span class='ocr_line' id='line_1_10' title="bbox 391 831 2080 898; baseline 0 -16"><span class='ocrx_word' id='word_1_60' title='bbox 391 847 454 882; x_wconf 79' lang='lat' dir='ltr'>ex</span> <span class='ocrx_word' id='word_1_61' title='bbox 502 831 588 882; x_wconf 91' lang='lat' dir='ltr'>his</span> <span class='ocrx_word' id='word_1_62' title='bbox 638 831 822 883; x_wconf 80' lang='lat' dir='ltr'>verbis</span> <span class='ocrx_word' id='word_1_63' title='bbox 869 831 966 883; x_wconf 81' lang='lat' dir='ltr'>hoc</span> <span class='ocrx_word' id='word_1_64' title='bbox 997 831 1139 898; x_wconf 79' lang='lat' dir='ltr'>quod</span> <span class='ocrx_word' id='word_1_65' title='bbox 1187 832 1544 898; x_wconf 79' lang='lat' dir='ltr'>conspicimus</span> <span class='ocrx_word' id='word_1_66' title='bbox 1582 845 1700 882; x_wconf 74' lang='lat' dir='ltr'>vere</span> <span class='ocrx_word' id='word_1_67' title='bbox 1751 845 1942 898; x_wconf 88' lang='lat' dir='ltr'>corpus</span> <span class='ocrx_word' id='word_1_68' title='bbox 2003 835 2080 882; x_wconf 87' lang='lat' dir='ltr'>est</span> 
     </span>
    </p>
   </div>
   <div class='ocr_carea' id='block_1_11' title="bbox 393 900 2078 969">
    <p class='ocr_par' dir='ltr' id='par_1_11' title="bbox 393 900 2078 969">
     <span class='ocr_line' id='line_1_11' title="bbox 393 900 2078 969; baseline -0.001 -15"><span class='ocrx_word' id='word_1_69' title='bbox 393 903 619 960; x_wconf 79' lang='lat' dir='ltr'>Christi,</span> <span class='ocrx_word' id='word_1_70' title='bbox 661 900 1050 969; x_wconf 72' lang='lat' dir='ltr'>intelligamus</span> <span class='ocrx_word' id='word_1_71' title='bbox 1085 901 1453 952; x_wconf 88' lang='lat' dir='ltr'>substantiam</span> <span class='ocrx_word' id='word_1_72' title='bbox 1491 900 1594 952; x_wconf 89' lang='lat' dir='ltr'>sub</span> <span class='ocrx_word' id='word_1_73' title='bbox 1647 900 1783 952; x_wconf 82' lang='lat' dir='ltr'>velis</span> <span class='ocrx_word' id='word_1_74' title='bbox 1817 901 2078 952; x_wconf 87' lang='lat' dir='ltr'>euchari-</span> 
     </span>
    </p>
   </div>
   <div class='ocr_carea' id='block_1_12' title="bbox 389 971 2074 1042">
    <p class='ocr_par' dir='ltr' id='par_1_12' title="bbox 389 971 2074 1042">
     <span class='ocr_line' id='line_1_12' title="bbox 389 971 2074 1042; baseline -0.001 -18"><span class='ocrx_word' id='word_1_75' title='bbox 389 972 544 1024; x_wconf 85' lang='lat' dir='ltr'>sticis</span> <span class='ocrx_word' id='word_1_76' title='bbox 576 987 674 1023; x_wconf 89' lang='lat' dir='ltr'>seu</span> <span class='ocrx_word' id='word_1_77' title='bbox 729 974 1025 1040; x_wconf 86' lang='lat' dir='ltr'>speciebus</span> <span class='ocrx_word' id='word_1_78' title='bbox 1065 971 1362 1042; x_wconf 66' lang='grc' dir='ltr'>ὁρωμένκις,</span> <span class='ocrx_word' id='word_1_79' title='bbox 1398 971 1736 1032; x_wconf 79' lang='lat' dir='ltr'>visibilihus,</span> <span class='ocrx_word' id='word_1_80' title='bbox 1789 973 2074 1023; x_wconf 88' lang='lat' dir='ltr'>occultum</span> 
     </span>
    </p>
   </div>
   <div class='ocr_carea' id='block_1_13' title="bbox 391 1043 2077 1110">
    <p class='ocr_par' dir='ltr' id='par_1_13' title="bbox 391 1043 2077 1110">
     <span class='ocr_line' id='line_1_13' title="bbox 391 1043 2077 1110; baseline -0.002 -14"><span class='ocrx_word' id='word_1_81' title='bbox 391 1058 512 1097; x_wconf 87' lang='lat' dir='ltr'>esse</span> <span class='ocrx_word' id='word_1_82' title='bbox 543 1057 738 1094; x_wconf 88' lang='lat' dir='ltr'>verum</span> <span class='ocrx_word' id='word_1_83' title='bbox 770 1058 974 1110; x_wconf 88' lang='lat' dir='ltr'>corpus</span> <span class='ocrx_word' id='word_1_84' title='bbox 1009 1043 1210 1094; x_wconf 76' lang='lat' dir='ltr'>Christi</span> <span class='ocrx_word' id='word_1_85' title='bbox 1245 1058 1256 1094; x_wconf 91' lang='lat'><strong>:</strong></span> <span class='ocrx_word' id='word_1_86' title='bbox 1295 1043 1412 1094; x_wconf 82' lang='lat' dir='ltr'>haec</span> <span class='ocrx_word' id='word_1_87' title='bbox 1447 1049 1530 1092; x_wconf 89' lang='lat' dir='ltr'>est</span> <span class='ocrx_word' id='word_1_88' title='bbox 1561 1043 1714 1093; x_wconf 87' lang='lat' dir='ltr'>enim</span> <span class='ocrx_word' id='word_1_89' title='bbox 1764 1055 1895 1093; x_wconf 87' lang='lat' dir='ltr'>vera</span> <span class='ocrx_word' id='word_1_90' title='bbox 1951 1057 2077 1093; x_wconf 91' lang='lat' dir='ltr'>sen-</span> 
     </span>
    </p>
   </div>
   <div class='ocr_carea' id='block_1_14' title="bbox 391 1111 2078 1177">
    <p class='ocr_par' dir='ltr' id='par_1_14' title="bbox 391 1111 2078 1177">
     <span class='ocr_line' id='line_1_14' title="bbox 391 1111 2078 1177; baseline -0.001 -11"><span class='ocrx_word' id='word_1_91' title='bbox 391 1113 570 1166; x_wconf 79' lang='lat' dir='ltr'>tentia</span> <span class='ocrx_word' id='word_1_92' title='bbox 633 1113 946 1177; x_wconf 81' lang='lat' dir='ltr'>Ratramni,</span> <span class='ocrx_word' id='word_1_93' title='bbox 1011 1111 1310 1174; x_wconf 82' lang='lat' dir='ltr'>I’ascliasii,</span> <span class='ocrx_word' id='word_1_94' title='bbox 1361 1112 1656 1164; x_wconf 81' lang='lat' dir='ltr'>Lanfranci</span> <span class='ocrx_word' id='word_1_95' title='bbox 1711 1117 1765 1164; x_wconf 83' lang='lat' dir='ltr'>et</span> <span class='ocrx_word' id='word_1_96' title='bbox 1817 1113 2078 1164; x_wconf 72' lang='lat' dir='ltr'>Ecclesim</span> 
     </span>
    </p>
   </div>
   <div class='ocr_carea' id='block_1_15' title="bbox 391 1183 2080 1252">
    <p class='ocr_par' dir='ltr' id='par_1_15' title="bbox 391 1183 2080 1252">
     <span class='ocr_line' id='line_1_15' title="bbox 391 1183 2080 1252; baseline -0.001 -17"><span class='ocrx_word' id='word_1_97' title='bbox 391 1183 703 1236; x_wconf 63' lang='lat' dir='ltr'>catholica}.</span> <span class='ocrx_word' id='word_1_98' title='bbox 737 1184 840 1235; x_wconf 66' lang='lat' dir='ltr'>Sed</span> <span class='ocrx_word' id='word_1_99' title='bbox 883 1183 929 1234; x_wconf 91' lang='lat' dir='ltr'>si</span> <span class='ocrx_word' id='word_1_100' title='bbox 981 1184 1372 1252; x_wconf 82' lang='lat' dir='ltr'>intelligamus</span> <span class='ocrx_word' id='word_1_101' title='bbox 1412 1183 1557 1235; x_wconf 89' lang='lat' dir='ltr'>hanc</span> <span class='ocrx_word' id='word_1_102' title='bbox 1588 1183 1959 1235; x_wconf 87' lang='lat' dir='ltr'>substantiam</span> <span class='ocrx_word' id='word_1_103' title='bbox 1994 1199 2080 1234; x_wconf 93' lang='lat' dir='ltr'>oc-</span> 
     </span>
    </p>
   </div>
   <div class='ocr_carea' id='block_1_16' title="bbox 390 1254 2078 1322">
    <p class='ocr_par' dir='ltr' id='par_1_16' title="bbox 390 1254 2078 1322">
     <span class='ocr_line' id='line_1_16' title="bbox 390 1254 2078 1322; baseline -0.001 -16"><span class='ocrx_word' id='word_1_104' title='bbox 390 1255 596 1306; x_wconf 87' lang='lat' dir='ltr'>cultam</span> <span class='ocrx_word' id='word_1_105' title='bbox 649 1270 768 1306; x_wconf 86' lang='lat' dir='ltr'>esse</span> <span class='ocrx_word' id='word_1_106' title='bbox 813 1255 1158 1322; x_wconf 88' lang='lat' dir='ltr'>palpabilem</span> <span class='ocrx_word' id='word_1_107' title='bbox 1217 1262 1272 1305; x_wconf 85' lang='lat' dir='ltr'>et</span> <span class='ocrx_word' id='word_1_108' title='bbox 1317 1255 1574 1305; x_wconf 89' lang='lat' dir='ltr'>sensibus</span> <span class='ocrx_word' id='word_1_109' title='bbox 1619 1254 1836 1322; x_wconf 81' lang='lat' dir='ltr'>percipi</span> <span class='ocrx_word' id='word_1_110' title='bbox 1897 1270 2078 1322; x_wconf 83' lang='lat' dir='ltr'>posse,</span> 
     </span>
    </p>
   </div>
   <div class='ocr_carea' id='block_1_17' title="bbox 392 1324 2078 1382">
    <p class='ocr_par' dir='ltr' id='par_1_17' title="bbox 392 1324 2078 1382">
     <span class='ocr_line' id='line_1_17' title="bbox 392 1324 2078 1382; baseline 0 -7"><span class='ocrx_word' id='word_1_111' title='bbox 392 1330 476 1376; x_wconf 88' lang='lat' dir='ltr'>est</span> <span class='ocrx_word' id='word_1_112' title='bbox 522 1325 808 1376; x_wconf 85' lang='lat' dir='ltr'>contraria</span> <span class='ocrx_word' id='word_1_113' title='bbox 869 1325 1196 1382; x_wconf 78' lang='lat' dir='ltr'>Itatramno,</span> <span class='ocrx_word' id='word_1_114' title='bbox 1245 1329 1300 1375; x_wconf 86' lang='lat' dir='ltr'>et</span> <span class='ocrx_word' id='word_1_115' title='bbox 1350 1329 1433 1375; x_wconf 89' lang='lat' dir='ltr'>est</span> <span class='ocrx_word' id='word_1_116' title='bbox 1489 1326 1768 1375; x_wconf 84' lang='lat' dir='ltr'>sententia</span> <span class='ocrx_word' id='word_1_117' title='bbox 1813 1324 2078 1375; x_wconf 69' lang='lat' dir='ltr'>adxersa-</span> 
     </span>
    </p>
   </div>
   <div class='ocr_carea' id='block_1_18' title="bbox 390 1394 2084 1464">
    <p class='ocr_par' dir='ltr' id='par_1_18' title="bbox 390 1394 2084 1464">
     <span class='ocr_line' id='line_1_18' title="bbox 390 1394 2084 1464; baseline 0 -18"><span class='ocrx_word' id='word_1_118' title='bbox 390 1395 628 1457; x_wconf 89' lang='lat' dir='ltr'>riorum,</span> <span class='ocrx_word' id='word_1_119' title='bbox 665 1410 834 1464; x_wconf 88' lang='lat' dir='ltr'>quam</span> <span class='ocrx_word' id='word_1_120' title='bbox 870 1399 1074 1461; x_wconf 82' lang='lat' dir='ltr'>passim</span> <span class='ocrx_word' id='word_1_121' title='bbox 1113 1396 1385 1462; x_wconf 85' lang='lat' dir='ltr'>opusculo</span> <span class='ocrx_word' id='word_1_122' title='bbox 1410 1396 1558 1463; x_wconf 83' lang='lat' dir='ltr'>quod</span> <span class='ocrx_word' id='word_1_123' title='bbox 1588 1395 1944 1446; x_wconf 85' lang='lat' dir='ltr'>defendimus</span> <span class='ocrx_word' id='word_1_124' title='bbox 1977 1394 2084 1446; x_wconf 85' lang='lat' dir='ltr'>fre-</span> 
     </span>
    </p>
   </div>
   <div class='ocr_carea' id='block_1_19' title="bbox 390 1465 1327 1534">
    <p class='ocr_par' dir='ltr' id='par_1_19' title="bbox 390 1465 1327 1534">
     <span class='ocr_line' id='line_1_19' title="bbox 390 1465 1327 1534; baseline 0 -18"><span class='ocrx_word' id='word_1_125' title='bbox 390 1465 471 1534; x_wconf 86' lang='lat' dir='ltr'>git</span> <span class='ocrx_word' id='word_1_126' title='bbox 506 1472 561 1517; x_wconf 87' lang='lat' dir='ltr'>et</span> <span class='ocrx_word' id='word_1_127' title='bbox 590 1465 723 1518; x_wconf 85' lang='lat' dir='ltr'>totis</span> <span class='ocrx_word' id='word_1_128' title='bbox 756 1467 967 1517; x_wconf 83' lang='lat' dir='ltr'>viribus</span> <span class='ocrx_word' id='word_1_129' title='bbox 996 1466 1327 1518; x_wconf 73' lang='lat' dir='ltr'>confutavit.</span> 
     </span>
    </p>
   </div>
   <div class='ocr_carea' id='block_1_20' title="bbox 460 1535 2080 1604">
    <p class='ocr_par' dir='ltr' id='par_1_20' title="bbox 460 1535 2080 1604">
     <span class='ocr_line' id='line_1_20' title="bbox 460 1535 2080 1604; baseline -0.001 -16"><span class='ocrx_word' id='word_1_130' title='bbox 460 1536 660 1588; x_wconf 80' lang='lat' dir='ltr'>Tertiae</span> <span class='ocrx_word' id='word_1_131' title='bbox 707 1535 1114 1604; x_wconf 89' lang='lat' dir='ltr'>propositionis</span> <span class='ocrx_word' id='word_1_132' title='bbox 1164 1536 1512 1587; x_wconf 88' lang='lat' dir='ltr'>anathemati</span> <span class='ocrx_word' id='word_1_133' title='bbox 1566 1535 1919 1587; x_wconf 80' lang='lat' dir='ltr'>subscribere</span> <span class='ocrx_word' id='word_1_134' title='bbox 1965 1550 2080 1587; x_wconf 86' lang='lat' dir='ltr'>non</span> 
     </span>
    </p>
   </div>
   <div class='ocr_carea' id='block_1_21' title="bbox 391 1605 2080 1675">
    <p class='ocr_par' dir='ltr' id='par_1_21' title="bbox 391 1605 2080 1675">
     <span class='ocr_line' id='line_1_21' title="bbox 391 1605 2080 1675; baseline 0.001 -18"><span class='ocrx_word' id='word_1_135' title='bbox 391 1605 586 1659; x_wconf 83' lang='lat' dir='ltr'>abnuit</span> <span class='ocrx_word' id='word_1_136' title='bbox 619 1606 980 1664; x_wconf 82' lang='lat' dir='ltr'>Ratraninus,</span> <span class='ocrx_word' id='word_1_137' title='bbox 1023 1621 1151 1658; x_wconf 91' lang='lat' dir='ltr'>cum</span> <span class='ocrx_word' id='word_1_138' title='bbox 1211 1621 1418 1675; x_wconf 87' lang='lat' dir='ltr'>corpus</span> <span class='ocrx_word' id='word_1_139' title='bbox 1477 1606 1682 1658; x_wconf 88' lang='lat' dir='ltr'>Christi</span> <span class='ocrx_word' id='word_1_140' title='bbox 1732 1622 1982 1674; x_wconf 64' lang='lat' dir='ltr'>privs-ens</span> <span class='ocrx_word' id='word_1_141' title='bbox 2025 1607 2080 1658; x_wconf 93' lang='lat' dir='ltr'>in</span> 
     </span>
    </p>
   </div>
   <div class='ocr_carea' id='block_1_22' title="bbox 391 1676 2081 1745">
    <p class='ocr_par' dir='ltr' id='par_1_22' title="bbox 391 1676 2081 1745">
     <span class='ocr_line' id='line_1_22' title="bbox 391 1676 2081 1745; baseline 0 -16"><span class='ocrx_word' id='word_1_142' title='bbox 391 1677 738 1730; x_wconf 80' lang='lat' dir='ltr'>Eucharistia</span> <span class='ocrx_word' id='word_1_143' title='bbox 766 1681 979 1745; x_wconf 84' lang='lat' dir='ltr'>spectet</span> <span class='ocrx_word' id='word_1_144' title='bbox 1009 1683 1280 1744; x_wconf 85' lang='lat' dir='ltr'>tanquam</span> <span class='ocrx_word' id='word_1_145' title='bbox 1323 1676 1455 1728; x_wconf 85' lang='lat' dir='ltr'>ﬁdei</span> <span class='ocrx_word' id='word_1_146' title='bbox 1503 1677 1812 1744; x_wconf 87' lang='lat' dir='ltr'>objectum,</span> <span class='ocrx_word' id='word_1_147' title='bbox 1849 1677 2081 1729; x_wconf 85' lang='lat' dir='ltr'>minime</span> 
     </span>
    </p>
   </div>
   <div class='ocr_carea' id='block_1_23' title="bbox 388 1746 2081 1815">
    <p class='ocr_par' dir='ltr' id='par_1_23' title="bbox 388 1746 2081 1815">
     <span class='ocr_line' id='line_1_23' title="bbox 388 1746 2081 1815; baseline 0.002 -21"><span class='ocrx_word' id='word_1_148' title='bbox 388 1763 522 1799; x_wconf 79' lang='lat' dir='ltr'>vero</span> <span class='ocrx_word' id='word_1_149' title='bbox 599 1747 884 1811; x_wconf 76' lang='lat' dir='ltr'>etl&#39;eetuiu,</span> <span class='ocrx_word' id='word_1_150' title='bbox 943 1747 1022 1798; x_wconf 90' lang='lat' dir='ltr'>uti</span> <span class='ocrx_word' id='word_1_151' title='bbox 1100 1763 1271 1815; x_wconf 89' lang='lat' dir='ltr'>supra</span> <span class='ocrx_word' id='word_1_152' title='bbox 1322 1746 1765 1799; x_wconf 87' lang='lat' dir='ltr'>observavimus.</span> <span class='ocrx_word' id='word_1_153' title='bbox 1824 1747 2081 1800; x_wconf 79' lang='lat' dir='ltr'>Rotunde</span> 
     </span>
    </p>
   </div>
   <div class='ocr_carea' id='block_1_24' title="bbox 385 1817 2083 1887">
    <p class='ocr_par' dir='ltr' id='par_1_24' title="bbox 385 1817 2083 1887">
     <span class='ocr_line' id='line_1_24' title="bbox 385 1817 2083 1887; baseline -0.001 -18"><span class='ocrx_word' id='word_1_154' title='bbox 385 1817 598 1869; x_wconf 80' lang='lat' dir='ltr'>fatetur</span> <span class='ocrx_word' id='word_1_155' title='bbox 628 1832 868 1869; x_wconf 91' lang='lat' dir='ltr'>numero</span> <span class='ocrx_word' id='word_1_156' title='bbox 919 1820 968 1869; x_wconf 87' lang='grc'>11</span> <span class='ocrx_word' id='word_1_157' title='bbox 1011 1817 1178 1869; x_wconf 86' lang='lat' dir='ltr'>ﬁdem</span> <span class='ocrx_word' id='word_1_158' title='bbox 1215 1817 1456 1886; x_wconf 86' lang='lat' dir='ltr'>operari,</span> <span class='ocrx_word' id='word_1_159' title='bbox 1490 1817 1582 1869; x_wconf 89' lang='lat' dir='ltr'>sed</span> <span class='ocrx_word' id='word_1_160' title='bbox 1644 1833 1771 1869; x_wconf 90' lang='lat' dir='ltr'>cum</span> <span class='ocrx_word' id='word_1_161' title='bbox 1824 1819 1904 1868; x_wconf 86' lang='lat' dir='ltr'>ait.</span> <span class='ocrx_word' id='word_1_162' title='bbox 1955 1833 2083 1887; x_wconf 88' lang='lat' dir='ltr'>pro-</span> 
     </span>
    </p>
   </div>
   <div class='ocr_carea' id='block_1_25' title="bbox 385 1887 2081 1958">
    <p class='ocr_par' dir='ltr' id='par_1_25' title="bbox 385 1887 2081 1958">
     <span class='ocr_line' id='line_1_25' title="bbox 385 1887 2081 1958; baseline 0 -18"><span class='ocrx_word' id='word_1_163' title='bbox 385 1893 586 1958; x_wconf 85' lang='lat' dir='ltr'>pterea</span> <span class='ocrx_word' id='word_1_164' title='bbox 608 1887 828 1956; x_wconf 90' lang='lat' dir='ltr'>operari</span> <span class='ocrx_word' id='word_1_165' title='bbox 863 1904 958 1938; x_wconf 87' lang='lat' dir='ltr'>seu</span> <span class='ocrx_word' id='word_1_166' title='bbox 1015 1887 1242 1940; x_wconf 82' lang='lat' dir='ltr'>efﬁcere</span> <span class='ocrx_word' id='word_1_167' title='bbox 1291 1904 1494 1958; x_wconf 89' lang='lat' dir='ltr'>corpus</span> <span class='ocrx_word' id='word_1_168' title='bbox 1531 1889 1758 1946; x_wconf 87' lang='lat' dir='ltr'>Christi,</span> <span class='ocrx_word' id='word_1_169' title='bbox 1811 1888 1900 1940; x_wconf 91' lang='lat' dir='ltr'>cui</span> <span class='ocrx_word' id='word_1_170' title='bbox 1931 1905 2081 1958; x_wconf 73' lang='lat' dir='ltr'>prm-</span> 
     </span>
    </p>
   </div>
   <div class='ocr_carea' id='block_1_26' title="bbox 387 1957 2082 2028">
    <p class='ocr_par' dir='ltr' id='par_1_26' title="bbox 387 1957 2082 2028">
     <span class='ocr_line' id='line_1_26' title="bbox 387 1957 2082 2028; baseline 0.001 -19"><span class='ocrx_word' id='word_1_171' title='bbox 387 1957 533 2010; x_wconf 89' lang='lat' dir='ltr'>senti</span> <span class='ocrx_word' id='word_1_172' title='bbox 565 1973 856 2010; x_wconf 87' lang='lat' dir='ltr'>assensum</span> <span class='ocrx_word' id='word_1_173' title='bbox 891 1965 1124 2026; x_wconf 70' lang='lat' dir='ltr'>priestat</span> <span class='ocrx_word' id='word_1_174' title='bbox 1153 1974 1165 2010; x_wconf 92' lang='lat'>:</span> <span class='ocrx_word' id='word_1_175' title='bbox 1203 1957 1690 2028; x_wconf 85' lang='lat' dir='ltr'>quemodmodum</span> <span class='ocrx_word' id='word_1_176' title='bbox 1725 1957 1943 2011; x_wconf 77' lang='lat' dir='ltr'>artifex</span> <span class='ocrx_word' id='word_1_177' title='bbox 1968 1975 2082 2011; x_wconf 91' lang='lat' dir='ltr'>non</span> 
     </span>
    </p>
   </div>
   <div class='ocr_carea' id='block_1_27' title="bbox 386 2028 2083 2097">
    <p class='ocr_par' dir='ltr' id='par_1_27' title="bbox 386 2028 2083 2097">
     <span class='ocr_line' id='line_1_27' title="bbox 386 2028 2083 2097; baseline 0 -17"><span class='ocrx_word' id='word_1_178' title='bbox 386 2028 561 2080; x_wconf 87' lang='lat' dir='ltr'>efﬁcit</span> <span class='ocrx_word' id='word_1_179' title='bbox 591 2029 1026 2090; x_wconf 80' lang='lat' dir='ltr'>materiani,sed</span> <span class='ocrx_word' id='word_1_180' title='bbox 1062 2030 1274 2097; x_wconf 86' lang='lat' dir='ltr'>expolit</span> <span class='ocrx_word' id='word_1_181' title='bbox 1305 2029 1451 2081; x_wconf 89' lang='lat' dir='ltr'>circa</span> <span class='ocrx_word' id='word_1_182' title='bbox 1485 2029 1808 2090; x_wconf 84' lang='lat' dir='ltr'>materiam,</span> <span class='ocrx_word' id='word_1_183' title='bbox 1837 2031 1915 2080; x_wconf 87' lang='lat' dir='ltr'>ita</span> <span class='ocrx_word' id='word_1_184' title='bbox 1942 2030 2083 2082; x_wconf 82' lang='lat' dir='ltr'>ﬁdes</span> 
     </span>
    </p>
   </div>
   <div class='ocr_carea' id='block_1_28' title="bbox 387 2099 2080 2168">
    <p class='ocr_par' dir='ltr' id='par_1_28' title="bbox 387 2099 2080 2168">
     <span class='ocr_line' id='line_1_28' title="bbox 387 2099 2080 2168; baseline -0.001 -17"><span class='ocrx_word' id='word_1_185' title='bbox 387 2103 657 2168; x_wconf 86' lang='lat' dir='ltr'>operatur</span> <span class='ocrx_word' id='word_1_186' title='bbox 702 2115 815 2150; x_wconf 88' lang='lat' dir='ltr'>non</span> <span class='ocrx_word' id='word_1_187' title='bbox 864 2099 1220 2163; x_wconf 84' lang='lat' dir='ltr'>Trinitatem,</span> <span class='ocrx_word' id='word_1_188' title='bbox 1270 2100 1744 2160; x_wconf 79' lang='lat' dir='ltr'>incarnatiom-in,</span> <span class='ocrx_word' id='word_1_189' title='bbox 1813 2101 2080 2152; x_wconf 75' lang='lat' dir='ltr'>Euchari-</span> 
     </span>
    </p>
   </div>
   <div class='ocr_carea' id='block_1_29' title="bbox 388 2169 2080 2237">
    <p class='ocr_par' dir='ltr' id='par_1_29' title="bbox 388 2169 2080 2237">
     <span class='ocr_line' id='line_1_29' title="bbox 388 2169 2080 2237; baseline 0 -15"><span class='ocrx_word' id='word_1_190' title='bbox 388 2169 580 2232; x_wconf 89' lang='lat' dir='ltr'>stiam,</span> <span class='ocrx_word' id='word_1_191' title='bbox 617 2169 710 2222; x_wconf 87' lang='lat' dir='ltr'>sed</span> <span class='ocrx_word' id='word_1_192' title='bbox 745 2170 892 2221; x_wconf 89' lang='lat' dir='ltr'>circa</span> <span class='ocrx_word' id='word_1_193' title='bbox 925 2171 1044 2222; x_wconf 62' lang='lat' dir='ltr'>haec</span> <span class='ocrx_word' id='word_1_194' title='bbox 1068 2170 1335 2236; x_wconf 82' lang='lat' dir='ltr'>mysteria</span> <span class='ocrx_word' id='word_1_195' title='bbox 1367 2175 1635 2237; x_wconf 79' lang='lat' dir='ltr'>operatur</span> <span class='ocrx_word' id='word_1_196' title='bbox 1666 2173 1743 2221; x_wconf 87' lang='lat' dir='ltr'>eis</span> <span class='ocrx_word' id='word_1_197' title='bbox 1773 2171 2080 2236; x_wconf 87' lang='lat' dir='ltr'>credendo,</span> 
     </span>
    </p>
   </div>
   <div class='ocr_carea' id='block_1_30' title="bbox 389 2240 2079 2308">
    <p class='ocr_par' dir='ltr' id='par_1_30' title="bbox 389 2240 2079 2308">
     <span class='ocr_line' id='line_1_30' title="bbox 389 2240 2079 2308; baseline 0.001 -16"><span class='ocrx_word' id='word_1_198' title='bbox 389 2240 773 2300; x_wconf 87' lang='lat' dir='ltr'>assentiendo,</span> <span class='ocrx_word' id='word_1_199' title='bbox 838 2255 936 2292; x_wconf 89' lang='lat' dir='ltr'>seu</span> <span class='ocrx_word' id='word_1_200' title='bbox 991 2241 1338 2292; x_wconf 86' lang='lat' dir='ltr'>intellectum</span> <span class='ocrx_word' id='word_1_201' title='bbox 1411 2240 1748 2308; x_wconf 71' lang='lat' dir='ltr'>captivando</span> <span class='ocrx_word' id='word_1_202' title='bbox 1806 2241 1864 2292; x_wconf 92' lang='lat' dir='ltr'>in</span> <span class='ocrx_word' id='word_1_203' title='bbox 1918 2242 2079 2293; x_wconf 87' lang='lat' dir='ltr'>obse-</span> 
     </span>
    </p>
   </div>
   <div class='ocr_carea' id='block_1_31' title="bbox 389 2310 2080 2380">
    <p class='ocr_par' dir='ltr' id='par_1_31' title="bbox 389 2310 2080 2380">
     <span class='ocr_line' id='line_1_31' title="bbox 389 2310 2080 2380; baseline 0.001 -18"><span class='ocrx_word' id='word_1_204' title='bbox 389 2311 588 2380; x_wconf 88' lang='lat' dir='ltr'>quium</span> <span class='ocrx_word' id='word_1_205' title='bbox 623 2311 780 2375; x_wconf 78' lang='lat' dir='ltr'>ﬁdei,</span> <span class='ocrx_word' id='word_1_206' title='bbox 815 2327 929 2363; x_wconf 93' lang='lat' dir='ltr'>non</span> <span class='ocrx_word' id='word_1_207' title='bbox 961 2310 1260 2363; x_wconf 86' lang='lat' dir='ltr'>efﬁciendo</span> <span class='ocrx_word' id='word_1_208' title='bbox 1311 2315 1367 2362; x_wconf 87' lang='lat' dir='ltr'>et</span> <span class='ocrx_word' id='word_1_209' title='bbox 1411 2312 1462 2362; x_wconf 90' lang='lat' dir='ltr'>vi</span> <span class='ocrx_word' id='word_1_210' title='bbox 1510 2311 1860 2364; x_wconf 84' lang='lat' dir='ltr'>credulitatis</span> <span class='ocrx_word' id='word_1_211' title='bbox 1907 2312 2080 2364; x_wconf 80' lang='lat' dir='ltr'>effor—</span> 
     </span>
    </p>
   </div>
   <div class='ocr_carea' id='block_1_32' title="bbox 389 2381 621 2434">
    <p class='ocr_par' dir='ltr' id='par_1_32' title="bbox 389 2381 621 2434">
     <span class='ocr_line' id='line_1_32' title="bbox 389 2381 621 2434; baseline -0.009 0"><span class='ocrx_word' id='word_1_212' title='bbox 389 2381 621 2434; x_wconf 89' lang='lat' dir='ltr'>mando.</span> 
     </span>
    </p>
   </div>
   <div class='ocr_carea' id='block_1_33' title="bbox 458 2450 2082 2522">
    <p class='ocr_par' dir='ltr' id='par_1_33' title="bbox 458 2450 2082 2522">
     <span class='ocr_line' id='line_1_33' title="bbox 458 2450 2082 2522; baseline 0.001 -19"><span class='ocrx_word' id='word_1_213' title='bbox 458 2452 684 2515; x_wconf 62' lang='lat' dir='ltr'>Quartae</span> <span class='ocrx_word' id='word_1_214' title='bbox 716 2450 1094 2522; x_wconf 89' lang='lat' dir='ltr'>propositioni</span> <span class='ocrx_word' id='word_1_215' title='bbox 1141 2467 1374 2519; x_wconf 81' lang='lat' dir='ltr'>prorsus</span> <span class='ocrx_word' id='word_1_216' title='bbox 1409 2456 1730 2521; x_wconf 74' lang='lat' dir='ltr'>repugnant</span> <span class='ocrx_word' id='word_1_217' title='bbox 1767 2467 1971 2504; x_wconf 87' lang='lat' dir='ltr'>omnes</span> <span class='ocrx_word' id='word_1_218' title='bbox 2018 2452 2082 2505; x_wconf 86' lang='lat' dir='ltr'>ﬁ-</span> 
     </span>
    </p>
   </div>
   <div class='ocr_carea' id='block_1_34' title="bbox 387 2522 2078 2576">
    <p class='ocr_par' dir='ltr' id='par_1_34' title="bbox 387 2522 2078 2576">
     <span class='ocr_line' id='line_1_34' title="bbox 387 2522 2078 2576; baseline -0.002 -1"><span class='ocrx_word' id='word_1_219' title='bbox 387 2522 556 2576; x_wconf 87' lang='lat' dir='ltr'>deles.</span> <span class='ocrx_word' id='word_1_220' title='bbox 603 2524 735 2576; x_wconf 85' lang='lat' dir='ltr'>Jure</span> <span class='ocrx_word' id='word_1_221' title='bbox 788 2525 990 2574; x_wconf 91' lang='lat' dir='ltr'>merito</span> <span class='ocrx_word' id='word_1_222' title='bbox 1021 2523 1098 2575; x_wconf 88' lang='lat' dir='ltr'>ait</span> <span class='ocrx_word' id='word_1_223' title='bbox 1150 2523 1494 2576; x_wconf 78' lang='lat' dir='ltr'>Ratramnus</span> <span class='ocrx_word' id='word_1_224' title='bbox 1525 2524 1666 2575; x_wconf 83' lang='lat' dir='ltr'>nihil</span> <span class='ocrx_word' id='word_1_225' title='bbox 1709 2539 1741 2574; x_wconf 88' lang='lat' dir='ltr'>a</span> <span class='ocrx_word' id='word_1_226' title='bbox 1784 2523 1896 2574; x_wconf 85' lang='lat' dir='ltr'>ﬁde.</span> <span class='ocrx_word' id='word_1_227' title='bbox 1945 2525 2078 2576; x_wconf 71' lang='lat' dir='ltr'>elle-</span> 
     </span>
    </p>
   </div>
   <div class='ocr_carea' id='block_1_35' title="bbox 387 2593 2078 2662">
    <p class='ocr_par' dir='ltr' id='par_1_35' title="bbox 387 2593 2078 2662">
     <span class='ocr_line' id='line_1_35' title="bbox 387 2593 2078 2662; baseline -0.001 -16"><span class='ocrx_word' id='word_1_228' title='bbox 387 2598 539 2646; x_wconf 91' lang='lat' dir='ltr'>ctum</span> <span class='ocrx_word' id='word_1_229' title='bbox 577 2593 668 2657; x_wconf 90' lang='lat' dir='ltr'>iri,</span> <span class='ocrx_word' id='word_1_230' title='bbox 711 2593 756 2644; x_wconf 88' lang='lat' dir='ltr'>si</span> <span class='ocrx_word' id='word_1_231' title='bbox 805 2594 946 2646; x_wconf 87' lang='lat' dir='ltr'>nihil</span> <span class='ocrx_word' id='word_1_232' title='bbox 987 2594 1185 2645; x_wconf 81' lang='lat' dir='ltr'>secreti</span> <span class='ocrx_word' id='word_1_233' title='bbox 1228 2600 1284 2645; x_wconf 89' lang='lat' dir='ltr'>et</span> <span class='ocrx_word' id='word_1_234' title='bbox 1325 2593 1507 2645; x_wconf 87' lang='lat' dir='ltr'>abditi</span> <span class='ocrx_word' id='word_1_235' title='bbox 1566 2610 1621 2646; x_wconf 86' lang='lat' dir='ltr'>III</span> <span class='ocrx_word' id='word_1_236' title='bbox 1658 2595 1764 2646; x_wconf 90' lang='lat' dir='ltr'>hoc</span> <span class='ocrx_word' id='word_1_237' title='bbox 1806 2595 2078 2662; x_wconf 73' lang='lat' dir='ltr'>mysterio</span> 
     </span>
    </p>
   </div>
   <div class='ocr_carea' id='block_1_36' title="bbox 385 2664 2076 2733">
    <p class='ocr_par' dir='ltr' id='par_1_36' title="bbox 385 2664 2076 2733">
     <span class='ocr_line' id='line_1_36' title="bbox 385 2664 2076 2733; baseline 0 -17"><span class='ocrx_word' id='word_1_238' title='bbox 385 2665 754 2733; x_wconf 81' lang='lat' dir='ltr'>reperiretur.</span> <span class='ocrx_word' id='word_1_239' title='bbox 801 2664 945 2716; x_wconf 74' lang='lat' dir='ltr'>Nihil</span> <span class='ocrx_word' id='word_1_240' title='bbox 985 2664 1198 2733; x_wconf 88' lang='lat' dir='ltr'>quippe</span> <span class='ocrx_word' id='word_1_241' title='bbox 1239 2664 1587 2716; x_wconf 87' lang='lat' dir='ltr'>credendum</span> <span class='ocrx_word' id='word_1_242' title='bbox 1627 2670 1947 2732; x_wconf 79' lang='lat' dir='ltr'>superesset.</span> <span class='ocrx_word' id='word_1_243' title='bbox 1980 2665 2076 2716; x_wconf 87' lang='lat' dir='ltr'>ubi</span> 
     </span>
    </p>
   </div>
   <div class='ocr_carea' id='block_1_37' title="bbox 388 2735 2074 2804">
    <p class='ocr_par' dir='ltr' id='par_1_37' title="bbox 388 2735 2074 2804">
     <span class='ocr_line' id='line_1_37' title="bbox 388 2735 2074 2804; baseline 0.002 -20"><span class='ocrx_word' id='word_1_244' title='bbox 388 2736 584 2787; x_wconf 90' lang='lat' dir='ltr'>omnia</span> <span class='ocrx_word' id='word_1_245' title='bbox 625 2739 819 2804; x_wconf 88' lang='lat' dir='ltr'>aperta</span> <span class='ocrx_word' id='word_1_246' title='bbox 851 2740 906 2786; x_wconf 89' lang='lat' dir='ltr'>et</span> <span class='ocrx_word' id='word_1_247' title='bbox 936 2735 1087 2786; x_wconf 86' lang='lat' dir='ltr'>edita</span> <span class='ocrx_word' id='word_1_248' title='bbox 1130 2735 1585 2787; x_wconf 78' lang='lat' dir='ltr'>manifestatione</span> <span class='ocrx_word' id='word_1_249' title='bbox 1631 2736 2074 2788; x_wconf 88' lang='lat' dir='ltr'>iunotescerent.</span> 
     </span>
    </p>
   </div>
   <div class='ocr_carea' id='block_1_38' title="bbox 387 2805 2073 2874">
    <p class='ocr_par' dir='ltr' id='par_1_38' title="bbox 387 2805 2073 2874">
     <span class='ocr_line' id='line_1_38' title="bbox 387 2805 2073 2874; baseline 0.001 -18"><span class='ocrx_word' id='word_1_250' title='bbox 387 2805 719 2858; x_wconf 88' lang='lat' dir='ltr'>Paschasius</span> <span class='ocrx_word' id='word_1_251' title='bbox 751 2806 894 2857; x_wconf 88' lang='lat' dir='ltr'>ultra</span> <span class='ocrx_word' id='word_1_252' title='bbox 949 2806 1319 2858; x_wconf 73' lang='lat' dir='ltr'>Itatramnum</span> <span class='ocrx_word' id='word_1_253' title='bbox 1369 2806 1627 2874; x_wconf 81' lang='lat' dir='ltr'>procedit</span> <span class='ocrx_word' id='word_1_254' title='bbox 1680 2806 2073 2867; x_wconf 83' lang='lat' dir='ltr'>vehementer,</span> 
     </span>
    </p>
   </div>
   <div class='ocr_carea' id='block_1_39' title="bbox 387 2874 2077 2944">
    <p class='ocr_par' dir='ltr' id='par_1_39' title="bbox 387 2874 2077 2944">
     <span class='ocr_line' id='line_1_39' title="bbox 387 2874 2077 2944; baseline 0 -16"><span class='ocrx_word' id='word_1_255' title='bbox 387 2874 522 2928; x_wconf 92' lang='lat' dir='ltr'>dum</span> <span class='ocrx_word' id='word_1_256' title='bbox 557 2876 636 2928; x_wconf 88' lang='lat' dir='ltr'>ait</span> <span class='ocrx_word' id='word_1_257' title='bbox 664 2877 721 2929; x_wconf 91' lang='lat' dir='ltr'>in</span> <span class='ocrx_word' id='word_1_258' title='bbox 745 2875 985 2944; x_wconf 87' lang='lat' dir='ltr'>epistola</span> <span class='ocrx_word' id='word_1_259' title='bbox 1009 2877 1074 2929; x_wconf 90' lang='lat' dir='ltr'>ad</span> <span class='ocrx_word' id='word_1_260' title='bbox 1111 2877 1500 2940; x_wconf 76' lang='lat' dir='ltr'>Frudgardum</span> <span class='ocrx_word' id='word_1_261' title='bbox 1531 2881 1579 2929; x_wconf 85' lang='lat' dir='ltr'>et</span> <span class='ocrx_word' id='word_1_262' title='bbox 1597 2881 1764 2928; x_wconf 86' lang='lat' dir='ltr'>totum</span> <span class='ocrx_word' id='word_1_263' title='bbox 1787 2878 2077 2943; x_wconf 86' lang='lat' dir='ltr'>spirituale</span> 
     </span>
    </p>
   </div>
   <div class='ocr_carea' id='block_1_40' title="bbox 387 2946 2075 3016">
    <p class='ocr_par' dir='ltr' id='par_1_40' title="bbox 387 2946 2075 3016">
     <span class='ocr_line' id='line_1_40' title="bbox 387 2946 2075 3016; baseline 0.001 -19"><span class='ocrx_word' id='word_1_264' title='bbox 387 2951 482 3016; x_wconf 85' lang='lat' dir='ltr'>est.</span> <span class='ocrx_word' id='word_1_265' title='bbox 516 2946 572 3000; x_wconf 91' lang='lat' dir='ltr'>Si</span> <span class='ocrx_word' id='word_1_266' title='bbox 606 2962 736 2998; x_wconf 81' lang='lat' dir='ltr'>vero</span> <span class='ocrx_word' id='word_1_267' title='bbox 767 2947 1101 2998; x_wconf 78' lang='lat' dir='ltr'>dissertator</span> <span class='ocrx_word' id='word_1_268' title='bbox 1132 2963 1233 3016; x_wconf 90' lang='lat' dir='ltr'>per</span> <span class='ocrx_word' id='word_1_269' title='bbox 1267 2949 1384 2999; x_wconf 62' lang='lat' dir='ltr'>haec</span> <span class='ocrx_word' id='word_1_270' title='bbox 1418 2947 1590 2999; x_wconf 85' lang='lat' dir='ltr'>verba</span> <span class='ocrx_word' id='word_1_271' title='bbox 1629 2947 1937 3015; x_wconf 85' lang='lat' dir='ltr'>spirituale,</span> <span class='ocrx_word' id='word_1_272' title='bbox 1980 2947 2075 2999; x_wconf 86' lang='lat' dir='ltr'>ab-</span> 
     </span>
    </p>
   </div>
   <div class='ocr_carea' id='block_1_41' title="bbox 387 3015 2073 3086">
    <p class='ocr_par' dir='ltr' id='par_1_41' title="bbox 387 3015 2073 3086">
     <span class='ocr_line' id='line_1_41' title="bbox 387 3015 2073 3086; baseline 0.001 -17"><span class='ocrx_word' id='word_1_273' title='bbox 387 3015 582 3081; x_wconf 81' lang='lat' dir='ltr'>ditum,</span> <span class='ocrx_word' id='word_1_274' title='bbox 616 3021 892 3083; x_wconf 82' lang='lat' dir='ltr'>secretum,</span> <span class='ocrx_word' id='word_1_275' title='bbox 927 3015 1248 3086; x_wconf 78' lang='lat' dir='ltr'>signiﬁcare</span> <span class='ocrx_word' id='word_1_276' title='bbox 1279 3019 1415 3070; x_wconf 89' lang='lat' dir='ltr'>velit</span> <span class='ocrx_word' id='word_1_277' title='bbox 1440 3017 1584 3085; x_wconf 86' lang='lat' dir='ltr'>quod</span> <span class='ocrx_word' id='word_1_278' title='bbox 1606 3018 1842 3086; x_wconf 77' lang='lat' dir='ltr'>pendeat</span> <span class='ocrx_word' id='word_1_279' title='bbox 1872 3017 1939 3069; x_wconf 82' lang='lat' dir='ltr'>ab</span> <span class='ocrx_word' id='word_1_280' title='bbox 1993 3021 2073 3070; x_wconf 83' lang='lat' dir='ltr'>in-</span> 
     </span>
    </p>
   </div>
   <div class='ocr_carea' id='block_1_42' title="bbox 385 3088 2152 3166">
    <p class='ocr_par' dir='ltr' id='par_1_42' title="bbox 385 3088 2152 3166">
     <span class='ocr_line' id='line_1_42' title="bbox 385 3088 2152 3166; baseline 0.001 -26"><span class='ocrx_word' id='word_1_281' title='bbox 385 3089 686 3166; x_wconf 73' lang='lat' dir='ltr'>telligentia</span> <span class='ocrx_word' id='word_1_282' title='bbox 731 3091 1045 3166; x_wconf 79' lang='lat' dir='ltr'>mysterium</span> <span class='ocrx_word' id='word_1_283' title='bbox 1099 3094 1378 3141; x_wconf 83' lang='lat' dir='ltr'>censeatur</span> <span class='ocrx_word' id='word_1_284' title='bbox 1403 3090 1565 3156; x_wconf 67' lang='lat' dir='ltr'>eﬂieri</span> <span class='ocrx_word' id='word_1_285' title='bbox 1603 3094 1658 3166; x_wconf 74' lang='lat' dir='ltr'>et</span> <span class='ocrx_word' id='word_1_286' title='bbox 1691 3091 1784 3150; x_wconf 86' lang='lat' dir='ltr'>sit,</span> <span class='ocrx_word' id='word_1_287' title='bbox 1829 3088 2072 3166; x_wconf 73' lang='lat' dir='ltr'>alienior</span> <span class='ocrx_word' id='word_1_288' title='bbox 2113 3111 2152 3166; x_wconf 70' lang='grc' dir='ltr'><strong>ρ</strong></span> 
     </span>
    </p>
   </div>
   <div class='ocr_carea' id='block_1_43' title="bbox 385 3159 2069 3228">
    <p class='ocr_par' dir='ltr' id='par_1_43' title="bbox 385 3159 2069 3228">
     <span class='ocr_line' id='line_1_43' title="bbox 385 3159 2069 3228; baseline 0.002 -19"><span class='ocrx_word' id='word_1_289' title='bbox 385 3174 415 3209; x_wconf 90' lang='lat' dir='ltr'>a</span> <span class='ocrx_word' id='word_1_290' title='bbox 447 3174 610 3211; x_wconf 89' lang='lat' dir='ltr'>sensu</span> <span class='ocrx_word' id='word_1_291' title='bbox 646 3160 937 3212; x_wconf 75' lang='lat' dir='ltr'>Hatramni</span> <span class='ocrx_word' id='word_1_292' title='bbox 973 3176 1094 3210; x_wconf 87' lang='lat' dir='ltr'>esse</span> <span class='ocrx_word' id='word_1_293' title='bbox 1132 3175 1246 3212; x_wconf 91' lang='lat' dir='ltr'>non</span> <span class='ocrx_word' id='word_1_294' title='bbox 1288 3165 1494 3228; x_wconf 85' lang='lat' dir='ltr'>potest,</span> <span class='ocrx_word' id='word_1_295' title='bbox 1527 3165 1582 3212; x_wconf 91' lang='lat' dir='ltr'>et</span> <span class='ocrx_word' id='word_1_296' title='bbox 1611 3161 1680 3212; x_wconf 86' lang='lat' dir='ltr'>ab</span> <span class='ocrx_word' id='word_1_297' title='bbox 1726 3176 1792 3212; x_wconf 89' lang='lat' dir='ltr'>eo</span> <span class='ocrx_word' id='word_1_298' title='bbox 1850 3159 2069 3214; x_wconf 85' lang='lat' dir='ltr'>nullum</span> 
     </span>
    </p>
   </div>
   <div class='ocr_carea' id='block_1_44' title="bbox 384 3229 2075 3300">
    <p class='ocr_par' dir='ltr' id='par_1_44' title="bbox 384 3229 2075 3300">
     <span class='ocr_line' id='line_1_44' title="bbox 384 3229 2075 3300; baseline 0.001 -19"><span class='ocrx_word' id='word_1_299' title='bbox 384 3229 573 3282; x_wconf 91' lang='lat' dir='ltr'>locum</span> <span class='ocrx_word' id='word_1_300' title='bbox 624 3231 907 3298; x_wconf 89' lang='lat' dir='ltr'>prolatum</span> <span class='ocrx_word' id='word_1_301' title='bbox 961 3231 1030 3282; x_wconf 90' lang='lat' dir='ltr'>iri</span> <span class='ocrx_word' id='word_1_302' title='bbox 1093 3230 1180 3282; x_wconf 89' lang='lat' dir='ltr'>his</span> <span class='ocrx_word' id='word_1_303' title='bbox 1250 3231 1435 3284; x_wconf 78' lang='lat' dir='ltr'>verbis</span> <span class='ocrx_word' id='word_1_304' title='bbox 1499 3236 1834 3299; x_wconf 84' lang='lat' dir='ltr'>conceptum</span> <span class='ocrx_word' id='word_1_305' title='bbox 1899 3231 2075 3300; x_wconf 88' lang='lat' dir='ltr'>expli-</span> 
     </span>
    </p>
   </div>
   <div class='ocr_carea' id='block_1_45' title="bbox 384 3301 1190 3353">
    <p class='ocr_par' dir='ltr' id='par_1_45' title="bbox 384 3301 1190 3353">
     <span class='ocr_line' id='line_1_45' title="bbox 384 3301 1190 3353; baseline -0.002 -1"><span class='ocrx_word' id='word_1_306' title='bbox 384 3305 572 3353; x_wconf 89' lang='lat' dir='ltr'>catum</span> <span class='ocrx_word' id='word_1_307' title='bbox 607 3316 802 3352; x_wconf 89' lang='lat' dir='ltr'>secure</span> <span class='ocrx_word' id='word_1_308' title='bbox 832 3301 1190 3352; x_wconf 82' lang='lat' dir='ltr'>conﬁdimus.</span> 
     </span>
    </p>
   </div>
   <div class='ocr_carea' id='block_1_46' title="bbox 453 3369 2063 3438">
    <p class='ocr_par' dir='ltr' id='par_1_46' title="bbox 453 3369 2063 3438">
     <span class='ocr_line' id='line_1_46' title="bbox 453 3369 2063 3438; baseline -0.002 -15"><span class='ocrx_word' id='word_1_309' title='bbox 453 3371 664 3433; x_wconf 88' lang='lat' dir='ltr'>Quinta</span> <span class='ocrx_word' id='word_1_310' title='bbox 696 3371 1006 3438; x_wconf 78' lang='lat' dir='ltr'>propositio</span> <span class='ocrx_word' id='word_1_311' title='bbox 1051 3375 1300 3422; x_wconf 84' lang='lat' dir='ltr'>mentem</span> <span class='ocrx_word' id='word_1_312' title='bbox 1343 3369 1634 3422; x_wconf 80' lang='lat' dir='ltr'>Itatramni</span> <span class='ocrx_word' id='word_1_313' title='bbox 1675 3369 1899 3421; x_wconf 87' lang='lat' dir='ltr'>disertis</span> <span class='ocrx_word' id='word_1_314' title='bbox 1947 3385 2063 3420; x_wconf 81' lang='lat' dir='ltr'>ver-</span> 
     </span>
    </p>
   </div>
   <div class='ocr_carea' id='block_1_47' title="bbox 383 3439 2073 3507">
    <p class='ocr_par' dir='ltr' id='par_1_47' title="bbox 383 3439 2073 3507">
     <span class='ocr_line' id='line_1_47' title="bbox 383 3439 2073 3507; baseline -0.001 -16"><span class='ocrx_word' id='word_1_315' title='bbox 383 3440 471 3492; x_wconf 85' lang='lat' dir='ltr'>bis</span> <span class='ocrx_word' id='word_1_316' title='bbox 521 3441 782 3507; x_wconf 85' lang='lat' dir='ltr'>explicat.</span> <span class='ocrx_word' id='word_1_317' title='bbox 817 3439 960 3500; x_wconf 89' lang='lat' dir='ltr'>Quid</span> <span class='ocrx_word' id='word_1_318' title='bbox 997 3445 1080 3489; x_wconf 88' lang='lat' dir='ltr'>est</span> <span class='ocrx_word' id='word_1_319' title='bbox 1111 3439 1263 3490; x_wconf 88' lang='lat' dir='ltr'>enim</span> <span class='ocrx_word' id='word_1_320' title='bbox 1295 3440 1452 3490; x_wconf 69' lang='lat' dir='ltr'>verbo</span> <span class='ocrx_word' id='word_1_321' title='bbox 1482 3441 1576 3490; x_wconf 80' lang='lat' dir='ltr'>Dei</span> <span class='ocrx_word' id='word_1_322' title='bbox 1621 3441 1772 3503; x_wconf 63' lang='lat' dir='ltr'>efﬁci,</span> <span class='ocrx_word' id='word_1_323' title='bbox 1837 3439 1944 3490; x_wconf 84' lang='lat' dir='ltr'>nisi</span> <span class='ocrx_word' id='word_1_324' title='bbox 1975 3454 2073 3505; x_wconf 85' lang='lat' dir='ltr'>per</span> 
     </span>
    </p>
   </div>
   <div class='ocr_carea' id='block_1_48' title="bbox 381 3507 2071 3576">
    <p class='ocr_par' dir='ltr' id='par_1_48' title="bbox 381 3507 2071 3576">
     <span class='ocr_line' id='line_1_48' title="bbox 381 3507 2071 3576; baseline -0.001 -16"><span class='ocrx_word' id='word_1_325' title='bbox 381 3512 676 3576; x_wconf 80' lang='lat' dir='ltr'>potentiam</span> <span class='ocrx_word' id='word_1_326' title='bbox 697 3511 805 3560; x_wconf 80' lang='lat' dir='ltr'>vim</span> <span class='ocrx_word' id='word_1_327' title='bbox 834 3508 1012 3559; x_wconf 81' lang='lat' dir='ltr'>verbis</span> <span class='ocrx_word' id='word_1_328' title='bbox 1036 3507 1256 3559; x_wconf 79' lang='lat' dir='ltr'>divini?</span> <span class='ocrx_word' id='word_1_329' title='bbox 1277 3513 1341 3559; x_wconf 90' lang='lat' dir='ltr'>ut</span> <span class='ocrx_word' id='word_1_330' title='bbox 1361 3510 1439 3559; x_wconf 90' lang='lat' dir='ltr'>ait</span> <span class='ocrx_word' id='word_1_331' title='bbox 1462 3523 1619 3559; x_wconf 90' lang='lat' dir='ltr'>num.</span> <span class='ocrx_word' id='word_1_332' title='bbox 1644 3511 1711 3560; x_wconf 77' lang='grc'>40</span> <span class='ocrx_word' id='word_1_333' title='bbox 1743 3524 1755 3560; x_wconf 92' lang='lat'><strong>:</strong></span> <span class='ocrx_word' id='word_1_334' title='bbox 1797 3530 1817 3554; x_wconf 80' lang='grc' dir='ltr'>ι</span> <span class='ocrx_word' id='word_1_335' title='bbox 1854 3509 2071 3576; x_wconf 87' lang='lat' dir='ltr'>Corpus</span> 
     </span>
    </p>
   </div>
   <div class='ocr_carea' id='block_1_49' title="bbox 383 3577 2068 3647">
    <p class='ocr_par' dir='ltr' id='par_1_49' title="bbox 383 3577 2068 3647">
     <span class='ocr_line' id='line_1_49' title="bbox 383 3577 2068 3647; baseline 0 -17"><span class='ocrx_word' id='word_1_336' title='bbox 383 3581 440 3630; x_wconf 90' lang='lat' dir='ltr'>et</span> <span class='ocrx_word' id='word_1_337' title='bbox 474 3579 704 3644; x_wconf 80' lang='lat' dir='ltr'>sanguis</span> <span class='ocrx_word' id='word_1_338' title='bbox 745 3577 950 3630; x_wconf 79' lang='lat' dir='ltr'>Christi</span> <span class='ocrx_word' id='word_1_339' title='bbox 991 3592 1116 3646; x_wconf 65' lang='lat' dir='ltr'>quae</span> <span class='ocrx_word' id='word_1_340' title='bbox 1153 3577 1409 3630; x_wconf 88' lang='lat' dir='ltr'>ﬁdelium</span> <span class='ocrx_word' id='word_1_341' title='bbox 1442 3593 1540 3630; x_wconf 91' lang='lat' dir='ltr'>ore</span> <span class='ocrx_word' id='word_1_342' title='bbox 1581 3579 1638 3629; x_wconf 91' lang='lat' dir='ltr'>in</span> <span class='ocrx_word' id='word_1_343' title='bbox 1675 3578 1916 3631; x_wconf 80' lang='lat' dir='ltr'>Ecclesia</span> <span class='ocrx_word' id='word_1_344' title='bbox 1937 3594 2068 3647; x_wconf 88' lang='lat' dir='ltr'>per-</span> 
     </span>
    </p>
   </div>
   <div class='ocr_carea' id='block_1_50' title="bbox 382 3647 2064 3717">
    <p class='ocr_par' dir='ltr' id='par_1_50' title="bbox 382 3647 2064 3717">
     <span class='ocr_line' id='line_1_50' title="bbox 382 3647 2064 3717; baseline 0.002 -19"><span class='ocrx_word' id='word_1_345' title='bbox 382 3647 693 3716; x_wconf 86' lang='lat' dir='ltr'>cipiuntur,</span> <span class='ocrx_word' id='word_1_346' title='bbox 737 3648 937 3715; x_wconf 70' lang='lat' dir='ltr'>ﬁgurae</span> <span class='ocrx_word' id='word_1_347' title='bbox 965 3651 1098 3700; x_wconf 86' lang='lat' dir='ltr'>sunt</span> <span class='ocrx_word' id='word_1_348' title='bbox 1134 3648 1445 3702; x_wconf 89' lang='lat' dir='ltr'>secundum</span> <span class='ocrx_word' id='word_1_349' title='bbox 1481 3648 1725 3717; x_wconf 76' lang='lat' dir='ltr'>Speciem</span> <span class='ocrx_word' id='word_1_350' title='bbox 1762 3648 2064 3702; x_wconf 85' lang='lat' dir='ltr'>visibilem.</span> 
     </span>
    </p>
   </div>
   <div class='ocr_carea' id='block_1_51' title="bbox 380 3718 2071 3785">
    <p class='ocr_par' dir='ltr' id='par_1_51' title="bbox 380 3718 2071 3785">
     <span class='ocr_line' id='line_1_51' title="bbox 380 3718 2071 3785; baseline 0.001 -15"><span class='ocrx_word' id='word_1_351' title='bbox 380 3721 452 3770; x_wconf 83' lang='lat' dir='ltr'>At</span> <span class='ocrx_word' id='word_1_352' title='bbox 481 3733 614 3770; x_wconf 89' lang='lat' dir='ltr'>vero</span> <span class='ocrx_word' id='word_1_353' title='bbox 655 3718 968 3770; x_wconf 89' lang='lat' dir='ltr'>secundum</span> <span class='ocrx_word' id='word_1_354' title='bbox 1021 3718 1362 3772; x_wconf 89' lang='lat' dir='ltr'>invisibilem</span> <span class='ocrx_word' id='word_1_355' title='bbox 1427 3719 1820 3785; x_wconf 84' lang='lat' dir='ltr'>substantiam,</span> <span class='ocrx_word' id='word_1_356' title='bbox 1869 3720 1926 3772; x_wconf 92' lang='lat' dir='ltr'>id</span> <span class='ocrx_word' id='word_1_357' title='bbox 1987 3724 2071 3772; x_wconf 90' lang='lat' dir='ltr'>est</span> 
     </span>
    </p>
   </div>
   <div class='ocr_carea' id='block_1_52' title="bbox 382 3787 2068 3860">
    <p class='ocr_par' dir='ltr' id='par_1_52' title="bbox 382 3787 2068 3860">
     <span class='ocr_line' id='line_1_52' title="bbox 382 3787 2068 3860; baseline 0.001 -19"><span class='ocrx_word' id='word_1_358' title='bbox 382 3787 564 3860; x_wconf 85' lang='lat' dir='ltr'>divini</span> <span class='ocrx_word' id='word_1_359' title='bbox 584 3788 902 3857; x_wconf 84' lang='lat' dir='ltr'>potentiam</span> <span class='ocrx_word' id='word_1_360' title='bbox 936 3789 1119 3855; x_wconf 84' lang='lat' dir='ltr'>Verbi,</span> <span class='ocrx_word' id='word_1_361' title='bbox 1153 3806 1284 3843; x_wconf 87' lang='lat' dir='ltr'>vere</span> <span class='ocrx_word' id='word_1_362' title='bbox 1328 3806 1536 3860; x_wconf 89' lang='lat' dir='ltr'>corpus</span> <span class='ocrx_word' id='word_1_363' title='bbox 1562 3797 1616 3844; x_wconf 91' lang='lat' dir='ltr'>et</span> <span class='ocrx_word' id='word_1_364' title='bbox 1647 3791 1877 3860; x_wconf 81' lang='lat' dir='ltr'>sanguis</span> <span class='ocrx_word' id='word_1_365' title='bbox 1907 3790 2068 3844; x_wconf 90' lang='lat' dir='ltr'>Chri-</span> 
     </span>
    </p>
   </div>
   <div class='ocr_carea' id='block_1_53' title="bbox 381 3859 804 3925">
    <p class='ocr_par' dir='ltr' id='par_1_53' title="bbox 381 3859 804 3925">
     <span class='ocr_line' id='line_1_53' title="bbox 381 3859 804 3925; baseline -0.007 -14"><span class='ocrx_word' id='word_1_366' title='bbox 381 3859 451 3911; x_wconf 89' lang='lat' dir='ltr'>sti</span> <span class='ocrx_word' id='word_1_367' title='bbox 485 3859 749 3925; x_wconf 82' lang='lat' dir='ltr'>existunt,</span> <span class='ocrx_word' id='word_1_368' title='bbox 776 3880 804 3908; x_wconf 85' lang='grc'><strong>››</strong></span> 
     </span>
    </p>
   </div>
   <div class='ocr_carea' id='block_1_54' title="bbox 447 3931 2066 4001">
    <p class='ocr_par' dir='ltr' id='par_1_54' title="bbox 447 3931 2066 4001">
     <span class='ocr_line' id='line_1_54' title="bbox 447 3931 2066 4001; baseline 0.001 -18"><span class='ocrx_word' id='word_1_369' title='bbox 447 3934 532 3983; x_wconf 83' lang='lat' dir='ltr'>An</span> <span class='ocrx_word' id='word_1_370' title='bbox 556 3935 740 4000; x_wconf 86' lang='lat' dir='ltr'>potest</span> <span class='ocrx_word' id='word_1_371' title='bbox 771 3946 885 3983; x_wconf 83' lang='lat' dir='ltr'>una</span> <span class='ocrx_word' id='word_1_372' title='bbox 911 3946 1038 3984; x_wconf 86' lang='lat' dir='ltr'>cum</span> <span class='ocrx_word' id='word_1_373' title='bbox 1066 3931 1301 3984; x_wconf 88' lang='lat' dir='ltr'>veritate</span> <span class='ocrx_word' id='word_1_374' title='bbox 1342 3931 1525 3999; x_wconf 77' lang='lat' dir='ltr'>figura</span> <span class='ocrx_word' id='word_1_375' title='bbox 1558 3931 1761 3984; x_wconf 89' lang='lat' dir='ltr'>melius</span> <span class='ocrx_word' id='word_1_376' title='bbox 1794 3947 2066 4001; x_wconf 86' lang='lat' dir='ltr'>recogno-</span> 
     </span>
    </p>
   </div>
   <div class='ocr_carea' id='block_1_55' title="bbox 378 4001 2066 4070">
    <p class='ocr_par' dir='ltr' id='par_1_55' title="bbox 378 4001 2066 4070">
     <span class='ocr_line' id='line_1_55' title="bbox 378 4001 2066 4070; baseline 0 -16"><span class='ocrx_word' id='word_1_377' title='bbox 378 4001 474 4064; x_wconf 88' lang='lat' dir='ltr'>sci,</span> <span class='ocrx_word' id='word_1_378' title='bbox 512 4007 567 4054; x_wconf 89' lang='lat' dir='ltr'>et</span> <span class='ocrx_word' id='word_1_379' title='bbox 611 4003 862 4070; x_wconf 84' lang='lat' dir='ltr'>corporis</span> <span class='ocrx_word' id='word_1_380' title='bbox 915 4003 1118 4056; x_wconf 85' lang='lat' dir='ltr'>Christi</span> <span class='ocrx_word' id='word_1_381' title='bbox 1162 4002 1219 4053; x_wconf 91' lang='lat' dir='ltr'>in</span> <span class='ocrx_word' id='word_1_382' title='bbox 1272 4001 1625 4054; x_wconf 81' lang='lat' dir='ltr'>Encharistia</span> <span class='ocrx_word' id='word_1_383' title='bbox 1667 4002 1969 4054; x_wconf 79' lang='lat' dir='ltr'>existentia</span> <span class='ocrx_word' id='word_1_384' title='bbox 2014 4001 2066 4054; x_wconf 91' lang='lat' dir='ltr'>vi</span> 
     </span>
    </p>
   </div>
   <div class='ocr_carea' id='block_1_56' title="bbox 376 4072 2066 4125">
    <p class='ocr_par' dir='ltr' id='par_1_56' title="bbox 376 4072 2066 4125">
     <span class='ocr_line' id='line_1_56' title="bbox 376 4072 2066 4125; baseline 0.003 -5"><span class='ocrx_word' id='word_1_385' title='bbox 376 4073 532 4125; x_wconf 81' lang='lat' dir='ltr'>verbi</span> <span class='ocrx_word' id='word_1_386' title='bbox 553 4072 750 4124; x_wconf 88' lang='lat' dir='ltr'>fortius</span> <span class='ocrx_word' id='word_1_387' title='bbox 790 4072 1206 4124; x_wconf 79' lang='lat' dir='ltr'>demonstrari?</span> <span class='ocrx_word' id='word_1_388' title='bbox 1243 4073 1645 4124; x_wconf 87' lang='lat' dir='ltr'>Verumtamen</span> <span class='ocrx_word' id='word_1_389' title='bbox 1683 4073 1835 4124; x_wconf 87' lang='lat' dir='ltr'>hunc</span> <span class='ocrx_word' id='word_1_390' title='bbox 1879 4073 2066 4125; x_wconf 91' lang='lat' dir='ltr'>locum</span> 
     </span>
    </p>
   </div>
   <div class='ocr_carea' id='block_1_57' title="bbox 379 4142 2066 4195">
    <p class='ocr_par' dir='ltr' id='par_1_57' title="bbox 379 4142 2066 4195">
     <span class='ocr_line' id='line_1_57' title="bbox 379 4142 2066 4195; baseline 0.001 -1"><span class='ocrx_word' id='word_1_391' title='bbox 379 4143 612 4194; x_wconf 85' lang='lat' dir='ltr'>alterius</span> <span class='ocrx_word' id='word_1_392' title='bbox 650 4143 969 4195; x_wconf 82' lang='lat' dir='ltr'>accessione.</span> <span class='ocrx_word' id='word_1_393' title='bbox 1001 4142 1294 4194; x_wconf 77' lang='lat' dir='ltr'>cumulare</span> <span class='ocrx_word' id='word_1_394' title='bbox 1325 4143 1468 4193; x_wconf 91' lang='lat' dir='ltr'>nihil</span> <span class='ocrx_word' id='word_1_395' title='bbox 1498 4147 1665 4194; x_wconf 86' lang='lat' dir='ltr'>vetat.</span> <span class='ocrx_word' id='word_1_396' title='bbox 1700 4143 1774 4194; x_wconf 77' lang='lat' dir='ltr'>Ex</span> <span class='ocrx_word' id='word_1_397' title='bbox 1823 4159 2066 4195; x_wconf 89' lang='lat' dir='ltr'>numero</span> 
     </span>
    </p>
   </div>
   <div class='ocr_carea' id='block_1_58' title="bbox 375 4212 2069 4282">
    <p class='ocr_par' dir='ltr' id='par_1_58' title="bbox 375 4212 2069 4282">
     <span class='ocr_line' id='line_1_58' title="bbox 375 4212 2069 4282; baseline 0.001 -19"><span class='ocrx_word' id='word_1_398' title='bbox 375 4212 446 4263; x_wconf 72' lang='grc'>44</span> <span class='ocrx_word' id='word_1_399' title='bbox 481 4227 492 4267; x_wconf 88' lang='lat'>:</span> <span class='ocrx_word' id='word_1_400' title='bbox 531 4230 573 4282; x_wconf 10' lang='lat'>«7</span> <span class='ocrx_word' id='word_1_401' title='bbox 613 4212 964 4264; x_wconf 85' lang='lat' dir='ltr'>Couﬁtemur</span> <span class='ocrx_word' id='word_1_402' title='bbox 1008 4213 1156 4280; x_wconf 83' lang='lat' dir='ltr'>quod</span> <span class='ocrx_word' id='word_1_403' title='bbox 1208 4213 1263 4263; x_wconf 92' lang='lat' dir='ltr'>in</span> <span class='ocrx_word' id='word_1_404' title='bbox 1296 4220 1648 4264; x_wconf 87' lang='lat' dir='ltr'>sacramento</span> <span class='ocrx_word' id='word_1_405' title='bbox 1700 4214 1955 4282; x_wconf 89' lang='lat' dir='ltr'>corporis</span> <span class='ocrx_word' id='word_1_406' title='bbox 2011 4219 2069 4265; x_wconf 89' lang='lat' dir='ltr'>et</span> 
     </span>
    </p>
   </div>
   <div class='ocr_carea' id='block_1_59' title="bbox 377 4281 2068 4352">
    <p class='ocr_par' dir='ltr' id='par_1_59' title="bbox 377 4281 2068 4352">
     <span class='ocr_line' id='line_1_59' title="bbox 377 4281 2068 4352; baseline 0.002 -20"><span class='ocrx_word' id='word_1_407' title='bbox 377 4281 672 4352; x_wconf 82' lang='lat' dir='ltr'>sanguinis</span> <span class='ocrx_word' id='word_1_408' title='bbox 705 4281 933 4352; x_wconf 89' lang='lat' dir='ltr'>Domini</span> <span class='ocrx_word' id='word_1_409' title='bbox 965 4282 1246 4352; x_wconf 85' lang='lat' dir='ltr'>quidquid</span> <span class='ocrx_word' id='word_1_410' title='bbox 1271 4282 1513 4334; x_wconf 84' lang='lat' dir='ltr'>exterius</span> <span class='ocrx_word' id='word_1_411' title='bbox 1547 4281 1815 4349; x_wconf 70' lang='lat' dir='ltr'>sumitur,</span> <span class='ocrx_word' id='word_1_412' title='bbox 1855 4285 1921 4336; x_wconf 89' lang='lat' dir='ltr'>ad</span> <span class='ocrx_word' id='word_1_413' title='bbox 1947 4300 2068 4336; x_wconf 91' lang='lat' dir='ltr'>cor-</span> 
     </span>
    </p>
   </div>
   <div class='ocr_carea' id='block_1_60' title="bbox 377 4350 2065 4424">
    <p class='ocr_par' dir='ltr' id='par_1_60' title="bbox 377 4350 2065 4424">
     <span class='ocr_line' id='line_1_60' title="bbox 377 4350 2065 4424; baseline 0.001 -20"><span class='ocrx_word' id='word_1_414' title='bbox 377 4351 533 4419; x_wconf 82' lang='lat' dir='ltr'>poris</span> <span class='ocrx_word' id='word_1_415' title='bbox 576 4350 949 4424; x_wconf 81' lang='lat' dir='ltr'>refectionem</span> <span class='ocrx_word' id='word_1_416' title='bbox 976 4350 1248 4424; x_wconf 47' lang='lat' dir='ltr'>aptatiir;</span> <span class='ocrx_word' id='word_1_417' title='bbox 1284 4353 1531 4424; x_wconf 84' lang='lat' dir='ltr'>Verbum</span> <span class='ocrx_word' id='word_1_418' title='bbox 1563 4358 1750 4424; x_wconf 85' lang='lat' dir='ltr'>autem</span> <span class='ocrx_word' id='word_1_419' title='bbox 1811 4354 1931 4418; x_wconf 83' lang='lat' dir='ltr'>Dei,</span> <span class='ocrx_word' id='word_1_420' title='bbox 1965 4354 2065 4424; x_wconf 85' lang='lat' dir='ltr'>qui</span> 
     </span>
    </p>
   </div>
   <div class='ocr_carea' id='block_1_61' title="bbox 377 4420 2149 4511">
    <p class='ocr_par' dir='ltr' id='par_1_61' title="bbox 377 4420 2149 4511">
     <span class='ocr_line' id='line_1_61' title="bbox 377 4420 2149 4511; baseline 0.002 -37"><span class='ocrx_word' id='word_1_421' title='bbox 377 4427 461 4474; x_wconf 89' lang='lat' dir='ltr'>est</span> <span class='ocrx_word' id='word_1_422' title='bbox 489 4420 653 4500; x_wconf 73' lang='lat' dir='ltr'>panis</span> <span class='ocrx_word' id='word_1_423' title='bbox 684 4421 983 4511; x_wconf 64' lang='lat' dir='ltr'>invisibilis</span> <span class='ocrx_word' id='word_1_424' title='bbox 1004 4423 1368 4503; x_wconf 72' lang='lat' dir='ltr'>invisibiliter</span> <span class='ocrx_word' id='word_1_425' title='bbox 1399 4424 1455 4475; x_wconf 91' lang='lat' dir='ltr'>in</span> <span class='ocrx_word' id='word_1_426' title='bbox 1490 4423 1584 4476; x_wconf 91' lang='lat' dir='ltr'>illo</span> <span class='ocrx_word' id='word_1_427' title='bbox 1614 4423 1868 4511; x_wconf 59' lang='lat' dir='ltr'>existens</span> <span class='ocrx_word' id='word_1_428' title='bbox 1889 4420 2067 4477; x_wconf 78' lang='lat' dir='ltr'>saci&#39;a-</span> <span class='ocrx_word' id='word_1_429' title='bbox 2106 4458 2149 4511; x_wconf 70' lang='grc' dir='ltr'>Β</span> 
     </span>
    </p>
   </div>
   <div class='ocr_carea' id='block_1_62' title="bbox 376 4492 2065 4563">
    <p class='ocr_par' dir='ltr' id='par_1_62' title="bbox 376 4492 2065 4563">
     <span class='ocr_line' id='line_1_62' title="bbox 376 4492 2065 4563; baseline 0.002 -19"><span class='ocrx_word' id='word_1_430' title='bbox 376 4497 589 4552; x_wconf 84' lang='lat' dir='ltr'>mento.</span> <span class='ocrx_word' id='word_1_431' title='bbox 623 4492 986 4545; x_wconf 86' lang='lat' dir='ltr'>invisibiliter</span> <span class='ocrx_word' id='word_1_432' title='bbox 1015 4494 1452 4563; x_wconf 87' lang='lat' dir='ltr'>participatione</span> <span class='ocrx_word' id='word_1_433' title='bbox 1493 4497 1576 4547; x_wconf 88' lang='lat' dir='ltr'>sui</span> <span class='ocrx_word' id='word_1_434' title='bbox 1612 4494 1865 4547; x_wconf 90' lang='lat' dir='ltr'>ﬁdelium</span> <span class='ocrx_word' id='word_1_435' title='bbox 1899 4511 2065 4548; x_wconf 88' lang='lat' dir='ltr'>men-</span> 
     </span>
    </p>
   </div>
   <div class='ocr_carea' id='block_1_63' title="bbox 377 4564 754 4626">
    <p class='ocr_par' dir='ltr' id='par_1_63' title="bbox 377 4564 754 4626">
     <span class='ocr_line' id='line_1_63' title="bbox 377 4564 754 4626; baseline -0.005 -12"><span class='ocrx_word' id='word_1_436' title='bbox 377 4567 459 4614; x_wconf 87' lang='lat' dir='ltr'>tes</span> <span class='ocrx_word' id='word_1_437' title='bbox 503 4564 699 4626; x_wconf 87' lang='lat' dir='ltr'>pascit.</span> <span class='ocrx_word' id='word_1_438' title='bbox 728 4583 754 4608; x_wconf 77' lang='grc'><strong>››</strong></span> 
     </span>
    </p>
   </div>
   <div class='ocr_carea' id='block_1_64' title="bbox 445 4632 2064 4705">
    <p class='ocr_par' dir='ltr' id='par_1_64' title="bbox 445 4632 2064 4705">
     <span class='ocr_line' id='line_1_64' title="bbox 445 4632 2064 4705; baseline 0.002 -20"><span class='ocrx_word' id='word_1_439' title='bbox 445 4633 650 4705; x_wconf 81' lang='lat' dir='ltr'><strong>XXVII.</strong></span> <span class='ocrx_word' id='word_1_440' title='bbox 679 4632 751 4685; x_wconf 90' lang='lat' dir='ltr'>At</span> <span class='ocrx_word' id='word_1_441' title='bbox 792 4633 1010 4705; x_wconf 72' lang='lat' dir='ltr'>videtur</span> <span class='ocrx_word' id='word_1_442' title='bbox 1053 4649 1268 4701; x_wconf 84' lang='lat' dir='ltr'>negare,</span> <span class='ocrx_word' id='word_1_443' title='bbox 1301 4635 1488 4705; x_wconf 87' lang='lat' dir='ltr'>inquit</span> <span class='ocrx_word' id='word_1_444' title='bbox 1531 4635 1884 4700; x_wconf 88' lang='lat' dir='ltr'>dissertator,</span> <span class='ocrx_word' id='word_1_445' title='bbox 1936 4653 2064 4705; x_wconf 86' lang='lat' dir='ltr'>pag.</span> 
     </span>
    </p>
   </div>
   <div class='ocr_carea' id='block_1_65' title="bbox 378 4703 2067 4774">
    <p class='ocr_par' dir='ltr' id='par_1_65' title="bbox 378 4703 2067 4774">
     <span class='ocr_line' id='line_1_65' title="bbox 378 4703 2067 4774; baseline 0.004 -19"><span class='ocrx_word' id='word_1_446' title='bbox 378 4704 498 4766; x_wconf 88' lang='grc'>180,</span> <span class='ocrx_word' id='word_1_447' title='bbox 550 4703 878 4756; x_wconf 84' lang='lat' dir='ltr'>solummodo</span> <span class='ocrx_word' id='word_1_448' title='bbox 928 4719 1075 4757; x_wconf 85' lang='lat' dir='ltr'>num.</span> <span class='ocrx_word' id='word_1_449' title='bbox 1135 4709 1198 4758; x_wconf 92' lang='grc'>10</span> <span class='ocrx_word' id='word_1_450' title='bbox 1247 4703 1536 4759; x_wconf 77' lang='lat' dir='ltr'>secundum</span> <span class='ocrx_word' id='word_1_451' title='bbox 1587 4707 1646 4758; x_wconf 92' lang='lat' dir='ltr'>id</span> <span class='ocrx_word' id='word_1_452' title='bbox 1676 4707 1822 4774; x_wconf 87' lang='lat' dir='ltr'>quod</span> <span class='ocrx_word' id='word_1_453' title='bbox 1850 4703 2067 4761; x_wconf 79' lang='lat' dir='ltr'>videtur</span> 
     </span>
    </p>
   </div>
   <div class='ocr_carea' id='block_1_66' title="bbox 373 4774 2066 4844">
    <p class='ocr_par' dir='ltr' id='par_1_66' title="bbox 373 4774 2066 4844">
     <span class='ocr_line' id='line_1_66' title="bbox 373 4774 2066 4844; baseline 0.003 -17"><span class='ocrx_word' id='word_1_454' title='bbox 373 4774 555 4827; x_wconf 82' lang='lat' dir='ltr'>carnis</span> <span class='ocrx_word' id='word_1_455' title='bbox 578 4775 805 4839; x_wconf 82' lang='lat' dir='ltr'>speciem</span> <span class='ocrx_word' id='word_1_456' title='bbox 835 4776 892 4825; x_wconf 88' lang='lat' dir='ltr'>in</span> <span class='ocrx_word' id='word_1_457' title='bbox 927 4777 1019 4827; x_wconf 89' lang='lat' dir='ltr'>illo</span> <span class='ocrx_word' id='word_1_458' title='bbox 1057 4791 1195 4842; x_wconf 83' lang='lat' dir='ltr'>pune</span> <span class='ocrx_word' id='word_1_459' title='bbox 1223 4781 1484 4841; x_wconf 77' lang='lat' dir='ltr'>Cognosci.</span> <span class='ocrx_word' id='word_1_460' title='bbox 1519 4776 1655 4844; x_wconf 78' lang='lat' dir='ltr'>Quis</span> <span class='ocrx_word' id='word_1_461' title='bbox 1701 4777 1853 4830; x_wconf 84' lang='lat' dir='ltr'>istud</span> <span class='ocrx_word' id='word_1_462' title='bbox 1889 4784 2066 4832; x_wconf 76' lang='lat' dir='ltr'>autem</span> 
     </span>
    </p>
   </div>
   <div class='ocr_carea' id='block_1_67' title="bbox 373 4845 1746 4909">
    <p class='ocr_par' dir='ltr' id='par_1_67' title="bbox 373 4845 1746 4909">
     <span class='ocr_line' id='line_1_67' title="bbox 373 4845 1746 4909; baseline 0.003 -12"><span class='ocrx_word' id='word_1_463' title='bbox 373 4845 505 4898; x_wconf 82' lang='lat' dir='ltr'>adeo</span> <span class='ocrx_word' id='word_1_464' title='bbox 535 4858 716 4897; x_wconf 82' lang='lat' dir='ltr'>amens</span> <span class='ocrx_word' id='word_1_465' title='bbox 748 4846 858 4909; x_wconf 78' lang='lat' dir='ltr'>fuit</span> <span class='ocrx_word' id='word_1_466' title='bbox 896 4850 955 4896; x_wconf 86' lang='lat' dir='ltr'>ut</span> <span class='ocrx_word' id='word_1_467' title='bbox 985 4849 1321 4899; x_wconf 63' lang='lat' dir='ltr'>existimaret</span> <span class='ocrx_word' id='word_1_468' title='bbox 1353 4852 1447 4900; x_wconf 88' lang='lat' dir='ltr'>aut</span> <span class='ocrx_word' id='word_1_469' title='bbox 1470 4847 1746 4901; x_wconf 80' lang='lat' dir='ltr'>crederet?</span> 
     </span>
    </p>
   </div>
   <div class='ocr_carea' id='block_1_68' title="bbox 1060 4967 1370 5005">
    <p class='ocr_par' dir='ltr' id='par_1_68' title="bbox 1060 4967 1370 5005">
     <span class='ocr_line' id='line_1_68' title="bbox 1060 4967 1370 5005; baseline 0 -1"><span class='ocrx_word' id='word_1_470' title='bbox 1060 4967 1370 5005; x_wconf 78' lang='lat' dir='ltr'>RESPONSIO.</span> 
     </span>
    </p>
   </div>
   <div class='ocr_carea' id='block_1_69' title="bbox 441 5055 2062 5130">
    <p class='ocr_par' dir='ltr' id='par_1_69' title="bbox 441 5055 2062 5130">
     <span class='ocr_line' id='line_1_69' title="bbox 441 5055 2062 5130; baseline 0.002 -20"><span class='ocrx_word' id='word_1_471' title='bbox 441 5055 1036 5130; x_wconf 77' lang='lat' dir='ltr'>SciebatRatramnus</span> <span class='ocrx_word' id='word_1_472' title='bbox 1075 5055 1130 5108; x_wconf 93' lang='lat' dir='ltr'>id</span> <span class='ocrx_word' id='word_1_473' title='bbox 1161 5055 1452 5130; x_wconf 84' lang='lat' dir='ltr'>neminem</span> <span class='ocrx_word' id='word_1_474' title='bbox 1508 5058 1804 5113; x_wconf 88' lang='lat' dir='ltr'>hominem</span> <span class='ocrx_word' id='word_1_475' title='bbox 1853 5075 2062 5130; x_wconf 87' lang='lat' dir='ltr'>negare</span> 
     </span>
    </p>
   </div>
   <div class='ocr_carea' id='block_1_70' title="bbox 367 5127 2061 5248">
    <p class='ocr_par' dir='ltr' id='par_1_70' title="bbox 367 5127 2061 5248">
     <span class='ocr_line' id='line_1_70' title="bbox 367 5127 2061 5248; baseline 0.004 -69"><span class='ocrx_word' id='word_1_476' title='bbox 367 5142 554 5248; x_wconf 82' lang='lat' dir='ltr'>posse,</span> <span class='ocrx_word' id='word_1_477' title='bbox 578 5127 717 5196; x_wconf 90' lang='lat' dir='ltr'>quin</span> <span class='ocrx_word' id='word_1_478' title='bbox 752 5127 821 5179; x_wconf 91' lang='lat' dir='ltr'>de</span> <span class='ocrx_word' id='word_1_479' title='bbox 851 5131 1129 5194; x_wconf 87' lang='lat' dir='ltr'>potestate</span> <span class='ocrx_word' id='word_1_480' title='bbox 1171 5127 1376 5179; x_wconf 88' lang='lat' dir='ltr'>mentis</span> <span class='ocrx_word' id='word_1_481' title='bbox 1423 5130 1746 5197; x_wconf 80' lang='lat' dir='ltr'>excesserit,</span> <span class='ocrx_word' id='word_1_482' title='bbox 1803 5127 2061 5202; x_wconf 74' lang='lat' dir='ltr'>adeoque</span> 
     </span>
     <span class='ocr_line' id='line_1_71' title="bbox 387 5197 2060 5248; baseline 0 0"><span class='ocrx_word' id='word_1_483' title='bbox 387 5213 474 5248; x_wconf 81' lang='lat' dir='ltr'>iac</span> <span class='ocrx_word' id='word_1_484' title='bbox 503 5203 622 5248; x_wconf 87' lang='lat' dir='ltr'>arte</span> <span class='ocrx_word' id='word_1_485' title='bbox 653 5197 933 5248; x_wconf 83' lang='lat' dir='ltr'>probabat</span> <span class='ocrx_word' id='word_1_486' title='bbox 972 5213 1199 5248; x_wconf 86' lang='lat' dir='ltr'>necesse</span> <span class='ocrx_word' id='word_1_487' title='bbox 1249 5213 1368 5248; x_wconf 89' lang='lat' dir='ltr'>esse</span> <span class='ocrx_word' id='word_1_488' title='bbox 1399 5198 1648 5248; x_wconf 83' lang='lat' dir='ltr'>alianam</span> <span class='ocrx_word' id='word_1_489' title='bbox 1680 5201 1736 5248; x_wconf 92' lang='lat' dir='ltr'>in</span> <span class='ocrx_word' id='word_1_490' title='bbox 1791 5203 2060 5248; x_wconf 79' lang='lat' dir='ltr'>mvsterin</span> 
     </span>
    </p>
   </div>
   <div class='ocr_carea' id='block_1_71' title="bbox 387 5197 2060 5270">
    <p class='ocr_par' dir='ltr' id='par_1_71' title="bbox 387 5197 2060 5270">
     <span class='ocr_line' id='line_1_72' title="bbox 387 5197 2060 5270; baseline 0.004 -21"><span class='ocrx_word' id='word_1_491' title='bbox 387 5203 622 5270; x_wconf 65' lang='lat' dir='ltr'>iacarte</span> <span class='ocrx_word' id='word_1_492' title='bbox 653 5197 933 5265; x_wconf 89' lang='lat' dir='ltr'>probabat</span> <span class='ocrx_word' id='word_1_493' title='bbox 972 5213 1199 5249; x_wconf 86' lang='lat' dir='ltr'>necesse</span> <span class='ocrx_word' id='word_1_494' title='bbox 1230 5213 1368 5270; x_wconf 17' lang='lat' dir='ltr'>“esse</span> <span class='ocrx_word' id='word_1_495' title='bbox 1399 5198 1648 5268; x_wconf 89' lang='lat' dir='ltr'>aliquam</span> <span class='ocrx_word' id='word_1_496' title='bbox 1680 5201 1739 5253; x_wconf 90' lang='lat' dir='ltr'>in</span> <span class='ocrx_word' id='word_1_497' title='bbox 1790 5197 2060 5270; x_wconf 67' lang='lat' dir='ltr'>mysterio</span> 
     </span>
    </p>
   </div>
   <div class='ocr_carea' id='block_1_72' title="bbox 370 5267 2060 5335">
    <p class='ocr_par' dir='ltr' id='par_1_72' title="bbox 370 5267 2060 5335">
     <span class='ocr_line' id='line_1_73' title="bbox 370 5267 2060 5335; baseline 0.005 -18"><span class='ocrx_word' id='word_1_498' title='bbox 370 5267 734 5322; x_wconf 75' lang='lat' dir='ltr'>Eucharistiae</span> <span class='ocrx_word' id='word_1_499' title='bbox 785 5283 1190 5334; x_wconf 76' lang='lat' dir='ltr'>recognoscere</span> <span class='ocrx_word' id='word_1_500' title='bbox 1223 5267 1680 5335; x_wconf 46' lang='lat' dir='ltr'>ﬁguramINum.</span> <span class='ocrx_word' id='word_1_501' title='bbox 1718 5273 1783 5323; x_wconf 92' lang='grc'>10</span> <span class='ocrx_word' id='word_1_502' title='bbox 1816 5267 1891 5324; x_wconf 74' lang='grc'>;’‹‹</span> <span class='ocrx_word' id='word_1_503' title='bbox 1934 5274 2060 5325; x_wconf 65' lang='lat' dir='ltr'>Haec</span> 
     </span>
    </p>
   </div>
   <div class='ocr_carea' id='block_1_73' title="bbox 369 5336 2057 5410">
    <p class='ocr_par' dir='ltr' id='par_1_73' title="bbox 369 5336 2057 5410">
     <span class='ocr_line' id='line_1_74' title="bbox 369 5336 2057 5410; baseline 0.006 -24"><span class='ocrx_word' id='word_1_504' title='bbox 369 5336 445 5410; x_wconf 83' lang='lat' dir='ltr'>ita</span> <span class='ocrx_word' id='word_1_505' title='bbox 477 5354 598 5389; x_wconf 89' lang='lat' dir='ltr'>esse</span> <span class='ocrx_word' id='word_1_506' title='bbox 621 5339 757 5391; x_wconf 91' lang='lat' dir='ltr'>dum</span> <span class='ocrx_word' id='word_1_507' title='bbox 781 5355 952 5392; x_wconf 90' lang='lat' dir='ltr'>nemo</span> <span class='ocrx_word' id='word_1_508' title='bbox 973 5353 1180 5410; x_wconf 84' lang='lat' dir='ltr'>negare</span> <span class='ocrx_word' id='word_1_509' title='bbox 1202 5342 1408 5406; x_wconf 90' lang='lat' dir='ltr'>potest,</span> <span class='ocrx_word' id='word_1_510' title='bbox 1431 5341 1605 5392; x_wconf 87' lang='lat' dir='ltr'>claret</span> <span class='ocrx_word' id='word_1_511' title='bbox 1625 5340 1760 5410; x_wconf 88' lang='lat' dir='ltr'>quia</span> <span class='ocrx_word' id='word_1_512' title='bbox 1781 5343 1941 5410; x_wconf 89' lang='lat' dir='ltr'>panis</span> <span class='ocrx_word' id='word_1_513' title='bbox 1963 5343 2057 5397; x_wconf 92' lang='lat' dir='ltr'>ille</span> 
     </span>
    </p>
   </div>
   <div class='ocr_carea' id='block_1_74' title="bbox 369 5406 2051 5478">
    <p class='ocr_par' dir='ltr' id='par_1_74' title="bbox 369 5406 2051 5478">
     <span class='ocr_line' id='line_1_75' title="bbox 369 5406 2051 5478; baseline 0.005 -21"><span class='ocrx_word' id='word_1_514' title='bbox 369 5406 679 5478; x_wconf 66' lang='lat' dir='ltr'>vinumque</span> <span class='ocrx_word' id='word_1_515' title='bbox 701 5411 944 5477; x_wconf 80' lang='lat' dir='ltr'>figurate</span> <span class='ocrx_word' id='word_1_516' title='bbox 977 5409 1182 5464; x_wconf 90' lang='lat' dir='ltr'>Christi</span> <span class='ocrx_word' id='word_1_517' title='bbox 1211 5424 1416 5478; x_wconf 91' lang='lat' dir='ltr'>corpus</span> <span class='ocrx_word' id='word_1_518' title='bbox 1441 5415 1496 5462; x_wconf 91' lang='lat' dir='ltr'>et</span> <span class='ocrx_word' id='word_1_519' title='bbox 1523 5406 1750 5478; x_wconf 71' lang='lat' dir='ltr'>sanguis</span> <span class='ocrx_word' id='word_1_520' title='bbox 1771 5406 1959 5465; x_wconf 82' lang='lat' dir='ltr'>existit</span> <span class='ocrx_word' id='word_1_521' title='bbox 1988 5457 1998 5466; x_wconf 90' lang='lat'>.</span> <span class='ocrx_word' id='word_1_522' title='bbox 2030 5436 2051 5458; x_wconf 75' lang='grc' dir='ltr'><strong>ι</strong></span> 
     </span>
    </p>
   </div>
   <div class='ocr_carea' id='block_1_75' title="bbox 369 5473 2054 5550">
    <p class='ocr_par' dir='ltr' id='par_1_75' title="bbox 369 5473 2054 5550">
     <span class='ocr_line' id='line_1_76' title="bbox 369 5473 2054 5550; baseline 0.007 -24"><span class='ocrx_word' id='word_1_523' title='bbox 369 5473 954 5550; x_wconf 45' lang='lat' dir='ltr'>Nihilominus‘tamen</span> <span class='ocrx_word' id='word_1_524' title='bbox 973 5481 1098 5550; x_wconf 87' lang='lat' dir='ltr'>quis</span> <span class='ocrx_word' id='word_1_525' title='bbox 1116 5473 1342 5533; x_wconf 75' lang='lat' dir='ltr'>dubitat</span> <span class='ocrx_word' id='word_1_526' title='bbox 1356 5473 1654 5548; x_wconf 68' lang='lat' dir='ltr'>scripsisse</span> <span class='ocrx_word' id='word_1_527' title='bbox 1678 5481 2054 5537; x_wconf 74' lang='lat' dir='ltr'>Itatramnum</span> 
     </span>
    </p>
   </div>
   <div class='ocr_carea' id='block_1_76' title="bbox 369 5545 2051 5620">
    <p class='ocr_par' dir='ltr' id='par_1_76' title="bbox 369 5545 2051 5620">
     <span class='ocr_line' id='line_1_77' title="bbox 369 5545 2051 5620; baseline 0.006 -24"><span class='ocrx_word' id='word_1_528' title='bbox 369 5545 636 5597; x_wconf 88' lang='lat' dir='ltr'>adversus</span> <span class='ocrx_word' id='word_1_529' title='bbox 681 5549 961 5616; x_wconf 85' lang='lat' dir='ltr'>ejusmodi</span> <span class='ocrx_word' id='word_1_530' title='bbox 984 5545 1280 5603; x_wconf 76' lang='lat' dir='ltr'>sententite</span> <span class='ocrx_word' id='word_1_531' title='bbox 1313 5545 1585 5620; x_wconf 85' lang='lat' dir='ltr'>patronos</span> <span class='ocrx_word' id='word_1_532' title='bbox 1622 5557 1675 5604; x_wconf 90' lang='lat' dir='ltr'>et</span> <span class='ocrx_word' id='word_1_533' title='bbox 1708 5553 2051 5619; x_wconf 84' lang='lat' dir='ltr'>defensores,</span> 
     </span>
    </p>
   </div>
   <div class='ocr_carea' id='block_1_77' title="bbox 366 5620 2054 5690">
    <p class='ocr_par' dir='ltr' id='par_1_77' title="bbox 366 5620 2054 5690">
     <span class='ocr_line' id='line_1_78' title="bbox 366 5620 2054 5690; baseline 0.007 -25"><span class='ocrx_word' id='word_1_534' title='bbox 366 5620 430 5690; x_wconf 80' lang='lat' dir='ltr'>ut</span> <span class='ocrx_word' id='word_1_535' title='bbox 468 5620 625 5682; x_wconf 91' lang='lat' dir='ltr'>patet</span> <span class='ocrx_word' id='word_1_536' title='bbox 660 5632 818 5671; x_wconf 91' lang='lat' dir='ltr'>num.</span> <span class='ocrx_word' id='word_1_537' title='bbox 844 5625 874 5672; x_wconf 80' lang='grc'><strong>5</strong></span> <span class='ocrx_word' id='word_1_538' title='bbox 907 5622 1240 5690; x_wconf 65' lang='grc' dir='ltr'>εαψὶιιςῂηῐη</span> <span class='ocrx_word' id='word_1_539' title='bbox 1274 5622 1544 5674; x_wconf 84' lang='lat' dir='ltr'>laudato?</span> <span class='ocrx_word' id='word_1_540' title='bbox 1577 5621 1714 5684; x_wconf 89' lang='lat' dir='ltr'>Quis</span> <span class='ocrx_word' id='word_1_541' title='bbox 1747 5623 2054 5677; x_wconf 88' lang='lat' dir='ltr'>catholicos</span> 
     </span>
    </p>
   </div>
   <div class='ocr_carea' id='block_1_78' title="bbox 366 5687 2052 5761">
    <p class='ocr_par' dir='ltr' id='par_1_78' title="bbox 366 5687 2052 5761">
     <span class='ocr_line' id='line_1_79' title="bbox 366 5687 2052 5761; baseline 0.005 -23"><span class='ocrx_word' id='word_1_542' title='bbox 366 5687 671 5761; x_wconf 78' lang='lat' dir='ltr'>plerosque</span> <span class='ocrx_word' id='word_1_543' title='bbox 711 5687 1083 5761; x_wconf 57' lang='lat' dir='ltr'>adversarios</span> <span class='ocrx_word' id='word_1_544' title='bbox 1130 5687 1478 5756; x_wconf 38' lang='lat' dir='ltr'>&#39;Bereogarii</span> <span class='ocrx_word' id='word_1_545' title='bbox 1530 5694 1600 5744; x_wconf 86' lang='lat' dir='ltr'>ah</span> <span class='ocrx_word' id='word_1_546' title='bbox 1660 5709 1725 5744; x_wconf 88' lang='lat' dir='ltr'>ea</span> <span class='ocrx_word' id='word_1_547' title='bbox 1783 5694 2052 5761; x_wconf 90' lang='lat' dir='ltr'>opinione</span> 
     </span>
    </p>
   </div>
   <div class='ocr_carea' id='block_1_79' title="bbox 365 5756 2050 5825">
    <p class='ocr_par' dir='ltr' id='par_1_79' title="bbox 365 5756 2050 5825">
     <span class='ocr_line' id='line_1_80' title="bbox 365 5756 2050 5825; baseline 0.004 -15"><span class='ocrx_word' id='word_1_548' title='bbox 365 5756 672 5810; x_wconf 79' lang='lat' dir='ltr'>alieniores</span> <span class='ocrx_word' id='word_1_549' title='bbox 704 5757 874 5809; x_wconf 86' lang='lat' dir='ltr'>fuisse</span> <span class='ocrx_word' id='word_1_550' title='bbox 905 5761 1224 5815; x_wconf 82' lang='lat' dir='ltr'>existimet?</span> <span class='ocrx_word' id='word_1_551' title='bbox 1255 5766 1389 5825; x_wconf 88' lang='lat' dir='ltr'>Quis</span> <span class='ocrx_word' id='word_1_552' title='bbox 1413 5763 1752 5817; x_wconf 87' lang='lat' dir='ltr'>Abbaudum</span> <span class='ocrx_word' id='word_1_553' title='bbox 1786 5756 2050 5817; x_wconf 85' lang='lat' dir='ltr'>abbatem</span> 
     </span>
    </p>
   </div>
   <div class='ocr_carea' id='block_1_80' title="bbox 2183 475 3897 546">
    <p class='ocr_par' dir='ltr' id='par_1_80' title="bbox 2183 475 3897 546">
     <span class='ocr_line' id='line_1_81' title="bbox 2183 475 3897 546; baseline 0 -18"><span class='ocrx_word' id='word_1_554' title='bbox 2183 477 2328 528; x_wconf 90' lang='lat' dir='ltr'>hanc</span> <span class='ocrx_word' id='word_1_555' title='bbox 2359 476 2688 546; x_wconf 86' lang='lat' dir='ltr'>opinionem</span> <span class='ocrx_word' id='word_1_556' title='bbox 2723 477 2992 529; x_wconf 89' lang='lat' dir='ltr'>tuendam</span> <span class='ocrx_word' id='word_1_557' title='bbox 3023 475 3301 546; x_wconf 88' lang='lat' dir='ltr'>recepisse</span> <span class='ocrx_word' id='word_1_558' title='bbox 3327 475 3536 545; x_wconf 80' lang='lat' dir='ltr'>neget?</span> <span class='ocrx_word' id='word_1_559' title='bbox 3564 477 3700 540; x_wconf 90' lang='lat' dir='ltr'>Quis</span> <span class='ocrx_word' id='word_1_560' title='bbox 3731 476 3897 528; x_wconf 89' lang='lat' dir='ltr'>deni-</span> 
     </span>
    </p>
   </div>
   <div class='ocr_carea' id='block_1_81' title="bbox 2191 547 3895 618">
    <p class='ocr_par' dir='ltr' id='par_1_81' title="bbox 2191 547 3895 618">
     <span class='ocr_line' id='line_1_82' title="bbox 2191 547 3895 618; baseline 0.001 -20"><span class='ocrx_word' id='word_1_561' title='bbox 2191 563 2306 616; x_wconf 85' lang='lat' dir='ltr'>que</span> <span class='ocrx_word' id='word_1_562' title='bbox 2349 549 2690 600; x_wconf 83' lang='lat' dir='ltr'>recentiores</span> <span class='ocrx_word' id='word_1_563' title='bbox 2740 547 3130 618; x_wconf 86' lang='lat' dir='ltr'>philosophos,</span> <span class='ocrx_word' id='word_1_564' title='bbox 3180 563 3242 597; x_wconf 84' lang='lat' dir='ltr'>ac</span> <span class='ocrx_word' id='word_1_565' title='bbox 3299 547 3620 616; x_wconf 73' lang='lat' dir='ltr'>praesertim</span> <span class='ocrx_word' id='word_1_566' title='bbox 3668 550 3895 600; x_wconf 85' lang='lat' dir='ltr'>Patrem</span> 
     </span>
    </p>
   </div>
   <div class='ocr_carea' id='block_1_82' title="bbox 2193 619 3894 688">
    <p class='ocr_par' dir='ltr' id='par_1_82' title="bbox 2193 619 3894 688">
     <span class='ocr_line' id='line_1_83' title="bbox 2193 619 3894 688; baseline -0.001 -17"><span class='ocrx_word' id='word_1_567' title='bbox 2193 619 2463 687; x_wconf 84' lang='lat' dir='ltr'>Magnan,</span> <span class='ocrx_word' id='word_1_568' title='bbox 2512 621 2700 671; x_wconf 84' lang='lat' dir='ltr'>virum</span> <span class='ocrx_word' id='word_1_569' title='bbox 2762 621 2916 670; x_wconf 88' lang='lat' dir='ltr'>nulla</span> <span class='ocrx_word' id='word_1_570' title='bbox 2973 633 3221 688; x_wconf 85' lang='lat' dir='ltr'>unquam</span> <span class='ocrx_word' id='word_1_571' title='bbox 3281 635 3536 671; x_wconf 75' lang='lat' dir='ltr'>censurte</span> <span class='ocrx_word' id='word_1_572' title='bbox 3595 619 3894 670; x_wconf 64' lang='lat' dir='ltr'>catholicae.</span> 
     </span>
    </p>
   </div>
   <div class='ocr_carea' id='block_1_83' title="bbox 2187 689 3898 758">
    <p class='ocr_par' dir='ltr' id='par_1_83' title="bbox 2187 689 3898 758">
     <span class='ocr_line' id='line_1_84' title="bbox 2187 689 3898 758; baseline 0.001 -18"><span class='ocrx_word' id='word_1_573' title='bbox 2187 695 2321 741; x_wconf 87' lang='lat' dir='ltr'>nota</span> <span class='ocrx_word' id='word_1_574' title='bbox 2364 695 2646 754; x_wconf 85' lang='lat' dir='ltr'>vexatum,</span> <span class='ocrx_word' id='word_1_575' title='bbox 2683 705 2747 740; x_wconf 83' lang='lat' dir='ltr'>ex</span> <span class='ocrx_word' id='word_1_576' title='bbox 2786 689 2986 741; x_wconf 88' lang='lat' dir='ltr'>ordine</span> <span class='ocrx_word' id='word_1_577' title='bbox 3026 689 3388 742; x_wconf 83' lang='lat' dir='ltr'>Minimorum</span> <span class='ocrx_word' id='word_1_578' title='bbox 3436 689 3745 758; x_wconf 70' lang='lat' dir='ltr'>provincia:</span> <span class='ocrx_word' id='word_1_579' title='bbox 3797 690 3898 741; x_wconf 83' lang='grc' dir='ltr'>Το-</span> 
     </span>
    </p>
   </div>
   <div class='ocr_carea' id='block_1_84' title="bbox 2187 759 3898 828">
    <p class='ocr_par' dir='ltr' id='par_1_84' title="bbox 2187 759 3898 828">
     <span class='ocr_line' id='line_1_85' title="bbox 2187 759 3898 828; baseline -0.001 -17"><span class='ocrx_word' id='word_1_580' title='bbox 2187 761 2399 812; x_wconf 73' lang='lat' dir='ltr'>losaum</span> <span class='ocrx_word' id='word_1_581' title='bbox 2424 761 2805 828; x_wconf 85' lang='lat' dir='ltr'>professorem</span> <span class='ocrx_word' id='word_1_582' title='bbox 2840 761 3172 827; x_wconf 75' lang='lat' dir='ltr'>theologum</span> <span class='ocrx_word' id='word_1_583' title='bbox 3210 760 3671 824; x_wconf 79' lang='lat' dir='ltr'>meritissimum,</span> <span class='ocrx_word' id='word_1_584' title='bbox 3698 759 3898 812; x_wconf 85' lang='lat' dir='ltr'>dedita</span> 
     </span>
    </p>
   </div>
   <div class='ocr_carea' id='block_1_85' title="bbox 2187 830 3891 900">
    <p class='ocr_par' dir='ltr' id='par_1_85' title="bbox 2187 830 3891 900">
     <span class='ocr_line' id='line_1_86' title="bbox 2187 830 3891 900; baseline -0.001 -17"><span class='ocrx_word' id='word_1_585' title='bbox 2187 846 2358 899; x_wconf 87' lang='lat' dir='ltr'>Opera</span> <span class='ocrx_word' id='word_1_586' title='bbox 2391 831 2679 899; x_wconf 84' lang='lat' dir='ltr'>scripsisse</span> <span class='ocrx_word' id='word_1_587' title='bbox 2703 830 3074 900; x_wconf 89' lang='lat' dir='ltr'>appendicem</span> <span class='ocrx_word' id='word_1_588' title='bbox 3110 831 3179 882; x_wconf 92' lang='lat' dir='ltr'>ad</span> <span class='ocrx_word' id='word_1_589' title='bbox 3210 830 3632 900; x_wconf 85' lang='lat' dir='ltr'>philosophiam</span> <span class='ocrx_word' id='word_1_590' title='bbox 3669 845 3891 882; x_wconf 88' lang='lat' dir='ltr'>sacram</span> 
     </span>
    </p>
   </div>
   <div class='ocr_carea' id='block_1_86' title="bbox 2187 901 3891 970">
    <p class='ocr_par' dir='ltr' id='par_1_86' title="bbox 2187 901 3891 970">
     <span class='ocr_line' id='line_1_87' title="bbox 2187 901 3891 970; baseline -0.001 -17"><span class='ocrx_word' id='word_1_591' title='bbox 2187 909 2384 954; x_wconf 79' lang='lat' dir='ltr'>contra</span> <span class='ocrx_word' id='word_1_592' title='bbox 2414 901 2795 969; x_wconf 86' lang='lat' dir='ltr'>Theophilum</span> <span class='ocrx_word' id='word_1_593' title='bbox 2830 901 3193 954; x_wconf 83' lang='lat' dir='ltr'>Rainaudum</span> <span class='ocrx_word' id='word_1_594' title='bbox 3225 902 3520 963; x_wconf 85' lang='lat' dir='ltr'>Jesuitam,</span> <span class='ocrx_word' id='word_1_595' title='bbox 3559 907 3621 954; x_wconf 90' lang='lat' dir='ltr'>ut</span> <span class='ocrx_word' id='word_1_596' title='bbox 3673 902 3891 970; x_wconf 81' lang='lat' dir='ltr'>proba-</span> 
     </span>
    </p>
   </div>
   <div class='ocr_carea' id='block_1_87' title="bbox 2186 972 3897 1041">
    <p class='ocr_par' dir='ltr' id='par_1_87' title="bbox 2186 972 3897 1041">
     <span class='ocr_line' id='line_1_88' title="bbox 2186 972 3897 1041; baseline -0.001 -17"><span class='ocrx_word' id='word_1_597' title='bbox 2186 979 2271 1024; x_wconf 88' lang='lat' dir='ltr'>ret</span> <span class='ocrx_word' id='word_1_598' title='bbox 2305 973 2483 1024; x_wconf 87' lang='lat' dir='ltr'>Deum</span> <span class='ocrx_word' id='word_1_599' title='bbox 2521 986 2620 1041; x_wconf 88' lang='lat' dir='ltr'>per</span> <span class='ocrx_word' id='word_1_600' title='bbox 2651 988 2815 1024; x_wconf 91' lang='lat' dir='ltr'>suum</span> <span class='ocrx_word' id='word_1_601' title='bbox 2844 987 3205 1038; x_wconf 87' lang='lat' dir='ltr'>concursum,</span> <span class='ocrx_word' id='word_1_602' title='bbox 3238 972 3538 1024; x_wconf 87' lang='lat' dir='ltr'>deﬁciente</span> <span class='ocrx_word' id='word_1_603' title='bbox 3570 972 3897 1024; x_wconf 86' lang='lat' dir='ltr'>substantia</span> 
     </span>
    </p>
   </div>
   <div class='ocr_carea' id='block_1_88' title="bbox 2186 1042 3895 1111">
    <p class='ocr_par' dir='ltr' id='par_1_88' title="bbox 2186 1042 3895 1111">
     <span class='ocr_line' id='line_1_89' title="bbox 2186 1042 3895 1111; baseline 0.001 -21"><span class='ocrx_word' id='word_1_604' title='bbox 2186 1059 2351 1111; x_wconf 86' lang='lat' dir='ltr'>panis</span> <span class='ocrx_word' id='word_1_605' title='bbox 2398 1048 2522 1110; x_wconf 91' lang='lat' dir='ltr'>post</span> <span class='ocrx_word' id='word_1_606' title='bbox 2565 1042 3077 1104; x_wconf 85' lang='lat' dir='ltr'>consecrationem,</span> <span class='ocrx_word' id='word_1_607' title='bbox 3139 1043 3395 1096; x_wconf 88' lang='lat' dir='ltr'>eamdem</span> <span class='ocrx_word' id='word_1_608' title='bbox 3448 1042 3627 1095; x_wconf 90' lang='lat' dir='ltr'>oculis</span> <span class='ocrx_word' id='word_1_609' title='bbox 3677 1043 3895 1094; x_wconf 83' lang='lat' dir='ltr'>nostris</span> 
     </span>
    </p>
   </div>
   <div class='ocr_carea' id='block_1_89' title="bbox 2189 1113 3896 1182">
    <p class='ocr_par' dir='ltr' id='par_1_89' title="bbox 2189 1113 3896 1182">
     <span class='ocr_line' id='line_1_90' title="bbox 2189 1113 3896 1182; baseline -0.001 -16"><span class='ocrx_word' id='word_1_610' title='bbox 2189 1120 2244 1166; x_wconf 91' lang='lat' dir='ltr'>ct</span> <span class='ocrx_word' id='word_1_611' title='bbox 2276 1113 2535 1166; x_wconf 87' lang='lat' dir='ltr'>sensibus</span> <span class='ocrx_word' id='word_1_612' title='bbox 2565 1114 2749 1166; x_wconf 84' lang='lat' dir='ltr'>facere</span> <span class='ocrx_word' id='word_1_613' title='bbox 2806 1113 3243 1182; x_wconf 81' lang='lat' dir='ltr'>impressionem</span> <span class='ocrx_word' id='word_1_614' title='bbox 3294 1129 3465 1182; x_wconf 89' lang='lat' dir='ltr'>quam</span> <span class='ocrx_word' id='word_1_615' title='bbox 3507 1113 3673 1181; x_wconf 89' lang='lat' dir='ltr'>panis</span> <span class='ocrx_word' id='word_1_616' title='bbox 3718 1119 3773 1166; x_wconf 89' lang='lat' dir='ltr'>et</span> <span class='ocrx_word' id='word_1_617' title='bbox 3816 1113 3896 1164; x_wconf 86' lang='lat' dir='ltr'>vi-</span> 
     </span>
    </p>
   </div>
   <div class='ocr_carea' id='block_1_90' title="bbox 2190 1184 3895 1253">
    <p class='ocr_par' dir='ltr' id='par_1_90' title="bbox 2190 1184 3895 1253">
     <span class='ocr_line' id='line_1_91' title="bbox 2190 1184 3895 1253; baseline -0.001 -17"><span class='ocrx_word' id='word_1_618' title='bbox 2190 1199 2328 1236; x_wconf 89' lang='lat' dir='ltr'>num</span> <span class='ocrx_word' id='word_1_619' title='bbox 2363 1189 2493 1236; x_wconf 90' lang='lat' dir='ltr'>ante</span> <span class='ocrx_word' id='word_1_620' title='bbox 2523 1185 3032 1248; x_wconf 82' lang='lat' dir='ltr'>consecrationem,</span> <span class='ocrx_word' id='word_1_621' title='bbox 3066 1184 3320 1238; x_wconf 77' lang='lat' dir='ltr'>nesciat?</span> <span class='ocrx_word' id='word_1_622' title='bbox 3349 1185 3619 1253; x_wconf 84' lang='lat' dir='ltr'>Adeoque</span> <span class='ocrx_word' id='word_1_623' title='bbox 3667 1184 3724 1236; x_wconf 91' lang='lat' dir='ltr'>in</span> <span class='ocrx_word' id='word_1_624' title='bbox 3756 1199 3895 1252; x_wconf 87' lang='lat' dir='ltr'>spe-</span> 
     </span>
    </p>
   </div>
   <div class='ocr_carea' id='block_1_91' title="bbox 2189 1254 3894 1324">
    <p class='ocr_par' dir='ltr' id='par_1_91' title="bbox 2189 1254 3894 1324">
     <span class='ocr_line' id='line_1_92' title="bbox 2189 1254 3894 1324; baseline 0 -17"><span class='ocrx_word' id='word_1_625' title='bbox 2189 1255 2269 1307; x_wconf 79' lang='lat' dir='ltr'>cie</span> <span class='ocrx_word' id='word_1_626' title='bbox 2294 1255 2458 1324; x_wconf 89' lang='lat' dir='ltr'>panis</span> <span class='ocrx_word' id='word_1_627' title='bbox 2489 1270 2693 1324; x_wconf 89' lang='lat' dir='ltr'>corpus</span> <span class='ocrx_word' id='word_1_628' title='bbox 2724 1256 2910 1324; x_wconf 88' lang='lat' dir='ltr'>ipsum</span> <span class='ocrx_word' id='word_1_629' title='bbox 2963 1255 3167 1308; x_wconf 86' lang='lat' dir='ltr'>Christi</span> <span class='ocrx_word' id='word_1_630' title='bbox 3202 1255 3324 1306; x_wconf 88' lang='lat' dir='ltr'>sine</span> <span class='ocrx_word' id='word_1_631' title='bbox 3368 1255 3551 1323; x_wconf 89' lang='lat' dir='ltr'>ﬁgura</span> <span class='ocrx_word' id='word_1_632' title='bbox 3584 1259 3640 1306; x_wconf 90' lang='lat' dir='ltr'>et</span> <span class='ocrx_word' id='word_1_633' title='bbox 3683 1254 3894 1307; x_wconf 83' lang='lat' dir='ltr'>obum-</span> 
     </span>
    </p>
   </div>
   <div class='ocr_carea' id='block_1_92' title="bbox 2191 1325 2739 1393">
    <p class='ocr_par' dir='ltr' id='par_1_92' title="bbox 2191 1325 2739 1393">
     <span class='ocr_line' id='line_1_93' title="bbox 2191 1325 2739 1393; baseline 0.002 -16"><span class='ocrx_word' id='word_1_634' title='bbox 2191 1326 2449 1377; x_wconf 88' lang='lat' dir='ltr'>bratioue</span> <span class='ocrx_word' id='word_1_635' title='bbox 2471 1325 2739 1393; x_wconf 91' lang='lat' dir='ltr'>conspici.</span> 
     </span>
    </p>
   </div>
   <div class='ocr_carea' id='block_1_93' title="bbox 2259 1395 3888 1465">
    <p class='ocr_par' dir='ltr' id='par_1_93' title="bbox 2259 1395 3888 1465">
     <span class='ocr_line' id='line_1_94' title="bbox 2259 1395 3888 1465; baseline -0.001 -16"><span class='ocrx_word' id='word_1_636' title='bbox 2259 1395 2494 1449; x_wconf 78' lang='lat' dir='ltr'>XXVIII.</span> <span class='ocrx_word' id='word_1_637' title='bbox 2532 1397 2724 1465; x_wconf 81' lang='lat' dir='ltr'>lnqnit</span> <span class='ocrx_word' id='word_1_638' title='bbox 2771 1395 3104 1447; x_wconf 84' lang='lat' dir='ltr'>dissertator</span> <span class='ocrx_word' id='word_1_639' title='bbox 3137 1395 3365 1461; x_wconf 76' lang='lat' dir='ltr'>pagime</span> <span class='ocrx_word' id='word_1_640' title='bbox 3397 1397 3516 1452; x_wconf 68' lang='lat'>293.</span> <span class='ocrx_word' id='word_1_641' title='bbox 3551 1411 3709 1447; x_wconf 91' lang='lat' dir='ltr'>num.</span> <span class='ocrx_word' id='word_1_642' title='bbox 3761 1397 3888 1458; x_wconf 82' lang='grc'>180,</span> 
     </span>
    </p>
   </div>
   <div class='ocr_carea' id='block_1_94' title="bbox 2192 1467 3889 1535">
    <p class='ocr_par' dir='ltr' id='par_1_94' title="bbox 2192 1467 3889 1535">
     <span class='ocr_line' id='line_1_95' title="bbox 2192 1467 3889 1535; baseline -0.001 -17"><span class='ocrx_word' id='word_1_643' title='bbox 2192 1482 2241 1518; x_wconf 86' lang='lat' dir='ltr'>iv</span> <span class='ocrx_word' id='word_1_644' title='bbox 2302 1471 2455 1535; x_wconf 85' lang='lat' dir='ltr'>(pag.</span> <span class='ocrx_word' id='word_1_645' title='bbox 2519 1469 2621 1519; x_wconf 76' lang='lat'>293</span> <span class='ocrx_word' id='word_1_646' title='bbox 2670 1467 2798 1519; x_wconf 76' lang='lat' dir='ltr'>edit.</span> <span class='ocrx_word' id='word_1_647' title='bbox 2832 1467 3204 1525; x_wconf 73' lang='lat' dir='ltr'>Amstrlod.):</span> <span class='ocrx_word' id='word_1_648' title='bbox 3267 1467 3375 1518; x_wconf 77' lang='lat' dir='ltr'>Sed</span> <span class='ocrx_word' id='word_1_649' title='bbox 3425 1469 3480 1517; x_wconf 85' lang='lat' dir='ltr'>in</span> <span class='ocrx_word' id='word_1_650' title='bbox 3531 1483 3592 1518; x_wconf 81' lang='lat' dir='ltr'>ea</span> <span class='ocrx_word' id='word_1_651' title='bbox 3648 1469 3737 1518; x_wconf 84' lang='lat' dir='ltr'>ille</span> <span class='ocrx_word' id='word_1_652' title='bbox 3776 1469 3889 1520; x_wconf 82' lang='lat' dir='ltr'>Ba-</span> 
     </span>
    </p>
   </div>
   <div class='ocr_carea' id='block_1_95' title="bbox 2192 1538 3894 1605">
    <p class='ocr_par' dir='ltr' id='par_1_95' title="bbox 2192 1538 3894 1605">
     <span class='ocr_line' id='line_1_96' title="bbox 2192 1538 3894 1605; baseline -0.001 -16"><span class='ocrx_word' id='word_1_653' title='bbox 2192 1545 2435 1590; x_wconf 86' lang='lat' dir='ltr'>tramnus</span> <span class='ocrx_word' id='word_1_654' title='bbox 2481 1540 2682 1589; x_wconf 74' lang='lat' dir='ltr'>Scilicet</span> <span class='ocrx_word' id='word_1_655' title='bbox 2739 1538 2928 1590; x_wconf 70' lang='lat' dir='ltr'>haeresi</span> <span class='ocrx_word' id='word_1_656' title='bbox 2975 1541 3104 1600; x_wconf 84' lang='lat' dir='ltr'>fuit,</span> <span class='ocrx_word' id='word_1_657' title='bbox 3145 1538 3238 1589; x_wconf 81' lang='lat' dir='ltr'>ubi</span> <span class='ocrx_word' id='word_1_658' title='bbox 3285 1542 3466 1589; x_wconf 86' lang='lat' dir='ltr'>carnis</span> <span class='ocrx_word' id='word_1_659' title='bbox 3521 1540 3721 1605; x_wconf 85' lang='lat' dir='ltr'>species</span> <span class='ocrx_word' id='word_1_660' title='bbox 3779 1553 3894 1588; x_wconf 87' lang='lat' dir='ltr'>non</span> 
     </span>
    </p>
   </div>
   <div class='ocr_carea' id='block_1_96' title="bbox 2189 1607 3895 1674">
    <p class='ocr_par' dir='ltr' id='par_1_96' title="bbox 2189 1607 3895 1674">
     <span class='ocr_line' id='line_1_97' title="bbox 2189 1607 3895 1674; baseline 0 -15"><span class='ocrx_word' id='word_1_661' title='bbox 2189 1609 2283 1672; x_wconf 85' lang='lat' dir='ltr'>sit,</span> <span class='ocrx_word' id='word_1_662' title='bbox 2333 1608 2411 1659; x_wconf 79' lang='lat' dir='ltr'>ibi</span> <span class='ocrx_word' id='word_1_663' title='bbox 2457 1623 2670 1660; x_wconf 79' lang='lat' dir='ltr'>carnem</span> <span class='ocrx_word' id='word_1_664' title='bbox 2709 1624 2814 1660; x_wconf 85' lang='lat' dir='ltr'>non</span> <span class='ocrx_word' id='word_1_665' title='bbox 2867 1623 3008 1671; x_wconf 79' lang='lat' dir='ltr'>esse;</span> <span class='ocrx_word' id='word_1_666' title='bbox 3061 1623 3163 1674; x_wconf 87' lang='lat' dir='ltr'>quo</span> <span class='ocrx_word' id='word_1_667' title='bbox 3217 1607 3282 1660; x_wconf 77' lang='lat' dir='ltr'>de</span> <span class='ocrx_word' id='word_1_668' title='bbox 3336 1623 3514 1660; x_wconf 75' lang='lat' dir='ltr'>errore</span> <span class='ocrx_word' id='word_1_669' title='bbox 3560 1607 3895 1660; x_wconf 81' lang='lat' dir='ltr'>Paschasius</span> 
     </span>
    </p>
   </div>
   <div class='ocr_carea' id='block_1_97' title="bbox 2190 1676 3170 1746">
    <p class='ocr_par' dir='ltr' id='par_1_97' title="bbox 2190 1676 3170 1746">
     <span class='ocr_line' id='line_1_98' title="bbox 2190 1676 3170 1746; baseline -0.001 -16"><span class='ocrx_word' id='word_1_670' title='bbox 2190 1682 2297 1745; x_wconf 86' lang='lat' dir='ltr'>egit</span> <span class='ocrx_word' id='word_1_671' title='bbox 2322 1676 2381 1731; x_wconf 81' lang='lat' dir='ltr'>in</span> <span class='ocrx_word' id='word_1_672' title='bbox 2406 1680 2634 1746; x_wconf 87' lang='lat' dir='ltr'>epistola</span> <span class='ocrx_word' id='word_1_673' title='bbox 2665 1678 2738 1730; x_wconf 92' lang='lat' dir='ltr'>ad</span> <span class='ocrx_word' id='word_1_674' title='bbox 2767 1678 3170 1744; x_wconf 83' lang='lat' dir='ltr'>Frudgardum.</span> 
     </span>
    </p>
   </div>
   <div class='ocr_carea' id='block_1_98' title="bbox 2887 1799 3196 1836">
    <p class='ocr_par' dir='ltr' id='par_1_98' title="bbox 2887 1799 3196 1836">
     <span class='ocr_line' id='line_1_99' title="bbox 2887 1799 3196 1836; baseline 0 0"><span class='ocrx_word' id='word_1_675' title='bbox 2887 1799 3196 1836; x_wconf 50' lang='lat' dir='ltr'>RESPONSIO.</span> 
     </span>
    </p>
   </div>
   <div class='ocr_carea' id='block_1_99' title="bbox 2261 1870 3894 1941">
    <p class='ocr_par' dir='ltr' id='par_1_99' title="bbox 2261 1870 3894 1941">
     <span class='ocr_line' id='line_1_100' title="bbox 2261 1870 3894 1941; baseline 0.001 -17"><span class='ocrx_word' id='word_1_676' title='bbox 2261 1871 2365 1934; x_wconf 91' lang='lat' dir='ltr'>Qui</span> <span class='ocrx_word' id='word_1_677' title='bbox 2392 1871 2516 1924; x_wconf 85' lang='lat' dir='ltr'>ﬁeri</span> <span class='ocrx_word' id='word_1_678' title='bbox 2548 1875 2735 1940; x_wconf 89' lang='lat' dir='ltr'>potest</span> <span class='ocrx_word' id='word_1_679' title='bbox 2768 1876 2830 1922; x_wconf 93' lang='lat' dir='ltr'>ut</span> <span class='ocrx_word' id='word_1_680' title='bbox 2878 1871 3050 1924; x_wconf 92' lang='lat' dir='ltr'>homo</span> <span class='ocrx_word' id='word_1_681' title='bbox 3095 1887 3160 1923; x_wconf 90' lang='lat' dir='ltr'>ea</span> <span class='ocrx_word' id='word_1_682' title='bbox 3210 1870 3412 1923; x_wconf 76' lang='lat' dir='ltr'>haeresi</span> <span class='ocrx_word' id='word_1_683' title='bbox 3455 1870 3786 1941; x_wconf 86' lang='lat' dir='ltr'>inquinatus</span> <span class='ocrx_word' id='word_1_684' title='bbox 3823 1877 3894 1926; x_wconf 83' lang='lat' dir='ltr'>ut</span> 
     </span>
    </p>
   </div>
   <div class='ocr_carea' id='block_1_100' title="bbox 2192 1941 3892 2010">
    <p class='ocr_par' dir='ltr' id='par_1_100' title="bbox 2192 1941 3892 2010">
     <span class='ocr_line' id='line_1_101' title="bbox 2192 1941 3892 2010; baseline 0.001 -16"><span class='ocrx_word' id='word_1_685' title='bbox 2192 1944 2407 1995; x_wconf 91' lang='lat' dir='ltr'>nullam</span> <span class='ocrx_word' id='word_1_686' title='bbox 2441 1958 2668 1994; x_wconf 83' lang='lat' dir='ltr'>carnem</span> <span class='ocrx_word' id='word_1_687' title='bbox 2705 1941 2910 1995; x_wconf 90' lang='lat' dir='ltr'>Christi</span> <span class='ocrx_word' id='word_1_688' title='bbox 2939 1942 3132 1994; x_wconf 89' lang='lat' dir='ltr'>credat</span> <span class='ocrx_word' id='word_1_689' title='bbox 3162 1941 3256 1993; x_wconf 91' lang='lat' dir='ltr'>ubi</span> <span class='ocrx_word' id='word_1_690' title='bbox 3293 1941 3509 2010; x_wconf 85' lang='lat' dir='ltr'>species</span> <span class='ocrx_word' id='word_1_691' title='bbox 3551 1942 3737 1994; x_wconf 88' lang='lat' dir='ltr'>carnis</span> <span class='ocrx_word' id='word_1_692' title='bbox 3769 1958 3892 1996; x_wconf 90' lang='lat' dir='ltr'>non</span> 
     </span>
    </p>
   </div>
   <div class='ocr_carea' id='block_1_101' title="bbox 2193 2013 3886 2082">
    <p class='ocr_par' dir='ltr' id='par_1_101' title="bbox 2193 2013 3886 2082">
     <span class='ocr_line' id='line_1_102' title="bbox 2193 2013 3886 2082; baseline 0.001 -18"><span class='ocrx_word' id='word_1_693' title='bbox 2193 2021 2342 2074; x_wconf 87' lang='lat' dir='ltr'>sunt,</span> <span class='ocrx_word' id='word_1_694' title='bbox 2377 2015 2661 2082; x_wconf 84' lang='lat' dir='ltr'>conceptis</span> <span class='ocrx_word' id='word_1_695' title='bbox 2708 2013 2894 2064; x_wconf 84' lang='lat' dir='ltr'>verbis</span> <span class='ocrx_word' id='word_1_696' title='bbox 2925 2013 3280 2080; x_wconf 80' lang='lat' dir='ltr'>apertissime</span> <span class='ocrx_word' id='word_1_697' title='bbox 3329 2013 3572 2082; x_wconf 80' lang='lat' dir='ltr'>explicet</span> <span class='ocrx_word' id='word_1_698' title='bbox 3610 2013 3746 2082; x_wconf 90' lang='lat' dir='ltr'>quid</span> <span class='ocrx_word' id='word_1_699' title='bbox 3807 2013 3886 2067; x_wconf 86' lang='lat' dir='ltr'>sit</span> 
     </span>
    </p>
   </div>
   <div class='ocr_carea' id='block_1_102' title="bbox 2189 2083 3892 2153">
    <p class='ocr_par' dir='ltr' id='par_1_102' title="bbox 2189 2083 3892 2153">
     <span class='ocr_line' id='line_1_103' title="bbox 2189 2083 3892 2153; baseline 0.001 -18"><span class='ocrx_word' id='word_1_700' title='bbox 2189 2087 2414 2137; x_wconf 85' lang='lat' dir='ltr'>interius</span> <span class='ocrx_word' id='word_1_701' title='bbox 2453 2091 2511 2136; x_wconf 88' lang='lat' dir='ltr'>et</span> <span class='ocrx_word' id='word_1_702' title='bbox 2553 2087 2792 2136; x_wconf 57' lang='lat' dir='ltr'>(aL-terius</span> <span class='ocrx_word' id='word_1_703' title='bbox 2847 2084 3230 2140; x_wconf 75' lang='lat' dir='ltr'>Eucharistite.</span> <span class='ocrx_word' id='word_1_704' title='bbox 3283 2083 3598 2153; x_wconf 78' lang='lat' dir='ltr'>doceatque</span> <span class='ocrx_word' id='word_1_705' title='bbox 3632 2083 3892 2136; x_wconf 87' lang='lat' dir='ltr'>exterius</span> 
     </span>
    </p>
   </div>
   <div class='ocr_carea' id='block_1_103' title="bbox 2189 2153 3888 2224">
    <p class='ocr_par' dir='ltr' id='par_1_103' title="bbox 2189 2153 3888 2224">
     <span class='ocr_line' id='line_1_104' title="bbox 2189 2153 3888 2224; baseline 0.002 -20"><span class='ocrx_word' id='word_1_706' title='bbox 2189 2159 2400 2222; x_wconf 46' lang='lat' dir='ltr'>praiter</span> <span class='ocrx_word' id='word_1_707' title='bbox 2446 2155 2662 2223; x_wconf 88' lang='lat' dir='ltr'>species</span> <span class='ocrx_word' id='word_1_708' title='bbox 2692 2153 2854 2223; x_wconf 86' lang='lat' dir='ltr'>panis</span> <span class='ocrx_word' id='word_1_709' title='bbox 2897 2159 2953 2204; x_wconf 88' lang='lat' dir='ltr'>et</span> <span class='ocrx_word' id='word_1_710' title='bbox 3006 2154 3122 2206; x_wconf 89' lang='lat' dir='ltr'>vini</span> <span class='ocrx_word' id='word_1_711' title='bbox 3160 2153 3303 2206; x_wconf 88' lang='lat' dir='ltr'>nihil</span> <span class='ocrx_word' id='word_1_712' title='bbox 3337 2155 3596 2207; x_wconf 87' lang='lat' dir='ltr'>sensibus</span> <span class='ocrx_word' id='word_1_713' title='bbox 3642 2155 3888 2224; x_wconf 87' lang='lat' dir='ltr'>percipi,</span> 
     </span>
    </p>
   </div>
   <div class='ocr_carea' id='block_1_104' title="bbox 2189 2224 3892 2293">
    <p class='ocr_par' dir='ltr' id='par_1_104' title="bbox 2189 2224 3892 2293">
     <span class='ocr_line' id='line_1_105' title="bbox 2189 2224 3892 2293; baseline 0.001 -16"><span class='ocrx_word' id='word_1_714' title='bbox 2189 2225 2431 2277; x_wconf 89' lang='lat' dir='ltr'>interius</span> <span class='ocrx_word' id='word_1_715' title='bbox 2460 2241 2592 2277; x_wconf 86' lang='lat' dir='ltr'>vero</span> <span class='ocrx_word' id='word_1_716' title='bbox 2624 2225 2812 2291; x_wconf 87' lang='lat' dir='ltr'>ipsum</span> <span class='ocrx_word' id='word_1_717' title='bbox 2846 2240 3051 2293; x_wconf 72' lang='lat' dir='ltr'>corpus</span> <span class='ocrx_word' id='word_1_718' title='bbox 3084 2230 3140 2275; x_wconf 91' lang='lat' dir='ltr'>et.</span> <span class='ocrx_word' id='word_1_719' title='bbox 3171 2224 3510 2292; x_wconf 80' lang='lat' dir='ltr'>sanguinem</span> <span class='ocrx_word' id='word_1_720' title='bbox 3555 2225 3764 2279; x_wconf 89' lang='lat' dir='ltr'>Christi</span> <span class='ocrx_word' id='word_1_721' title='bbox 3799 2242 3892 2278; x_wconf 86' lang='lat' dir='ltr'>re-</span> 
     </span>
    </p>
   </div>
   <div class='ocr_carea' id='block_1_105' title="bbox 2188 2295 3888 2363">
    <p class='ocr_par' dir='ltr' id='par_1_105' title="bbox 2188 2295 3888 2363">
     <span class='ocr_line' id='line_1_106' title="bbox 2188 2295 3888 2363; baseline 0.002 -19"><span class='ocrx_word' id='word_1_722' title='bbox 2188 2312 2321 2347; x_wconf 84' lang='lat' dir='ltr'>vera</span> <span class='ocrx_word' id='word_1_723' title='bbox 2343 2295 2621 2348; x_wconf 82' lang='lat' dir='ltr'>existere?</span> <span class='ocrx_word' id='word_1_724' title='bbox 2670 2295 2805 2358; x_wconf 88' lang='lat' dir='ltr'>Quis</span> <span class='ocrx_word' id='word_1_725' title='bbox 2835 2298 2987 2347; x_wconf 90' lang='lat' dir='ltr'>enim</span> <span class='ocrx_word' id='word_1_726' title='bbox 3036 2296 3157 2348; x_wconf 61' lang='lat' dir='ltr'>hinc</span> <span class='ocrx_word' id='word_1_727' title='bbox 3189 2311 3299 2346; x_wconf 89' lang='lat' dir='ltr'>non</span> <span class='ocrx_word' id='word_1_728' title='bbox 3361 2296 3651 2363; x_wconf 82' lang='lat' dir='ltr'>intelligat</span> <span class='ocrx_word' id='word_1_729' title='bbox 3677 2311 3741 2348; x_wconf 87' lang='lat' dir='ltr'>ex</span> <span class='ocrx_word' id='word_1_730' title='bbox 3789 2296 3888 2348; x_wconf 91' lang='lat' dir='ltr'>his</span> 
     </span>
    </p>
   </div>
   <div class='ocr_carea' id='block_1_106' title="bbox 2191 2365 3883 2428">
    <p class='ocr_par' dir='ltr' id='par_1_106' title="bbox 2191 2365 3883 2428">
     <span class='ocr_line' id='line_1_107' title="bbox 2191 2365 3883 2428; baseline 0.001 -10"><span class='ocrx_word' id='word_1_731' title='bbox 2191 2366 2484 2418; x_wconf 73' lang='lat' dir='ltr'>Itatramni</span> <span class='ocrx_word' id='word_1_732' title='bbox 2517 2366 2726 2426; x_wconf 84' lang='lat' dir='ltr'>verbis,</span> <span class='ocrx_word' id='word_1_733' title='bbox 2758 2382 2915 2418; x_wconf 89' lang='lat' dir='ltr'>num.</span> <span class='ocrx_word' id='word_1_734' title='bbox 2956 2368 3019 2419; x_wconf 96' lang='grc'>10</span> <span class='ocrx_word' id='word_1_735' title='bbox 3052 2382 3063 2418; x_wconf 93' lang='lat'>:</span> <span class='ocrx_word' id='word_1_736' title='bbox 3098 2387 3123 2411; x_wconf 82' lang='grc' dir='ltr'>α</span> <span class='ocrx_word' id='word_1_737' title='bbox 3154 2365 3297 2428; x_wconf 89' lang='lat' dir='ltr'>Quid</span> <span class='ocrx_word' id='word_1_738' title='bbox 3333 2367 3488 2418; x_wconf 89' lang='lat' dir='ltr'>enim</span> <span class='ocrx_word' id='word_1_739' title='bbox 3512 2367 3663 2420; x_wconf 91' lang='lat' dir='ltr'>aliud</span> <span class='ocrx_word' id='word_1_740' title='bbox 3695 2366 3753 2418; x_wconf 87' lang='lat' dir='ltr'>in</span> <span class='ocrx_word' id='word_1_741' title='bbox 3777 2383 3883 2419; x_wconf 88' lang='lat' dir='ltr'>su-</span> 
     </span>
    </p>
   </div>
   <div class='ocr_carea' id='block_1_107' title="bbox 2189 2436 3886 2506">
    <p class='ocr_par' dir='ltr' id='par_1_107' title="bbox 2189 2436 3886 2506">
     <span class='ocr_line' id='line_1_108' title="bbox 2189 2436 3886 2506; baseline 0.001 -18"><span class='ocrx_word' id='word_1_742' title='bbox 2189 2437 2416 2504; x_wconf 80' lang='lat' dir='ltr'>perﬁcie</span> <span class='ocrx_word' id='word_1_743' title='bbox 2451 2452 2623 2506; x_wconf 89' lang='lat' dir='ltr'>quam</span> <span class='ocrx_word' id='word_1_744' title='bbox 2675 2437 2991 2488; x_wconf 85' lang='lat' dir='ltr'>substantia</span> <span class='ocrx_word' id='word_1_745' title='bbox 3042 2436 3156 2488; x_wconf 90' lang='lat' dir='ltr'>vini</span> <span class='ocrx_word' id='word_1_746' title='bbox 3187 2437 3641 2505; x_wconf 86' lang='lat' dir='ltr'>conspicitur?...</span> <span class='ocrx_word' id='word_1_747' title='bbox 3682 2440 3754 2490; x_wconf 82' lang='lat' dir='ltr'>At</span> <span class='ocrx_word' id='word_1_748' title='bbox 3794 2438 3886 2490; x_wconf 88' lang='lat' dir='ltr'>in—</span> 
     </span>
    </p>
   </div>
   <div class='ocr_carea' id='block_1_108' title="bbox 2187 2506 3890 2578">
    <p class='ocr_par' dir='ltr' id='par_1_108' title="bbox 2187 2506 3890 2578">
     <span class='ocr_line' id='line_1_109' title="bbox 2187 2506 3890 2578; baseline 0.001 -20"><span class='ocrx_word' id='word_1_749' title='bbox 2187 2507 2367 2558; x_wconf 89' lang='lat' dir='ltr'>terius</span> <span class='ocrx_word' id='word_1_750' title='bbox 2397 2506 2440 2559; x_wconf 90' lang='lat' dir='ltr'>si</span> <span class='ocrx_word' id='word_1_751' title='bbox 2473 2507 2954 2575; x_wconf 86' lang='lat' dir='ltr'>consideres,jam</span> <span class='ocrx_word' id='word_1_752' title='bbox 2987 2523 3102 2560; x_wconf 91' lang='lat' dir='ltr'>non</span> <span class='ocrx_word' id='word_1_753' title='bbox 3146 2507 3336 2576; x_wconf 88' lang='lat' dir='ltr'>liquor</span> <span class='ocrx_word' id='word_1_754' title='bbox 3366 2507 3500 2568; x_wconf 86' lang='lat' dir='ltr'>vini,</span> <span class='ocrx_word' id='word_1_755' title='bbox 3543 2508 3638 2560; x_wconf 89' lang='lat' dir='ltr'>sed</span> <span class='ocrx_word' id='word_1_756' title='bbox 3693 2507 3890 2578; x_wconf 86' lang='lat' dir='ltr'>liquor</span> 
     </span>
    </p>
   </div>
   <div class='ocr_carea' id='block_1_109' title="bbox 2187 2577 3888 2648">
    <p class='ocr_par' dir='ltr' id='par_1_109' title="bbox 2187 2577 3888 2648">
     <span class='ocr_line' id='line_1_110' title="bbox 2187 2577 3888 2648; baseline 0.002 -20"><span class='ocrx_word' id='word_1_757' title='bbox 2187 2578 2480 2646; x_wconf 79' lang='lat' dir='ltr'>sanguinis</span> <span class='ocrx_word' id='word_1_758' title='bbox 2502 2578 2748 2631; x_wconf 69' lang='lat' dir='ltr'>Christi?</span> <span class='ocrx_word' id='word_1_759' title='bbox 2795 2600 2820 2625; x_wconf 89' lang='grc'><strong>››</strong></span> <span class='ocrx_word' id='word_1_760' title='bbox 2857 2580 2970 2647; x_wconf 80' lang='lat' dir='ltr'>Ego</span> <span class='ocrx_word' id='word_1_761' title='bbox 3017 2594 3150 2630; x_wconf 89' lang='lat' dir='ltr'>vero</span> <span class='ocrx_word' id='word_1_762' title='bbox 3199 2593 3265 2630; x_wconf 77' lang='lat' dir='ltr'>ex</span> <span class='ocrx_word' id='word_1_763' title='bbox 3307 2577 3394 2630; x_wconf 86' lang='lat' dir='ltr'>his</span> <span class='ocrx_word' id='word_1_764' title='bbox 3444 2577 3888 2648; x_wconf 84' lang='lat' dir='ltr'>obﬁrmatope-</span> 
     </span>
    </p>
   </div>
   <div class='ocr_carea' id='block_1_110' title="bbox 2187 2649 3882 2718">
    <p class='ocr_par' dir='ltr' id='par_1_110' title="bbox 2187 2649 3882 2718">
     <span class='ocr_line' id='line_1_111' title="bbox 2187 2649 3882 2718; baseline 0.002 -18"><span class='ocrx_word' id='word_1_765' title='bbox 2187 2657 2338 2700; x_wconf 86' lang='lat' dir='ltr'>ctore</span> <span class='ocrx_word' id='word_1_766' title='bbox 2360 2654 2763 2716; x_wconf 78' lang='lat' dir='ltr'>argumentum</span> <span class='ocrx_word' id='word_1_767' title='bbox 2789 2665 3016 2701; x_wconf 89' lang='lat' dir='ltr'>assumo</span> <span class='ocrx_word' id='word_1_768' title='bbox 3029 2649 3098 2701; x_wconf 91' lang='lat' dir='ltr'>ad</span> <span class='ocrx_word' id='word_1_769' title='bbox 3123 2649 3484 2718; x_wconf 87' lang='lat' dir='ltr'>probandum</span> <span class='ocrx_word' id='word_1_770' title='bbox 3512 2649 3882 2703; x_wconf 74' lang='lat' dir='ltr'>I’aschasium</span> 
     </span>
    </p>
   </div>
   <div class='ocr_carea' id='block_1_111' title="bbox 2188 2719 3888 2789">
    <p class='ocr_par' dir='ltr' id='par_1_111' title="bbox 2188 2719 3888 2789">
     <span class='ocr_line' id='line_1_112' title="bbox 2188 2719 3888 2789; baseline 0.001 -19"><span class='ocrx_word' id='word_1_771' title='bbox 2188 2719 2456 2771; x_wconf 88' lang='lat' dir='ltr'>adversus</span> <span class='ocrx_word' id='word_1_772' title='bbox 2515 2720 2888 2771; x_wconf 83' lang='lat' dir='ltr'>Ratramnum</span> <span class='ocrx_word' id='word_1_773' title='bbox 2951 2735 3066 2772; x_wconf 89' lang='lat' dir='ltr'>non</span> <span class='ocrx_word' id='word_1_774' title='bbox 3126 2719 3415 2787; x_wconf 84' lang='lat' dir='ltr'>scripsisse</span> <span class='ocrx_word' id='word_1_775' title='bbox 3468 2735 3595 2771; x_wconf 91' lang='lat' dir='ltr'>cum</span> <span class='ocrx_word' id='word_1_776' title='bbox 3655 2721 3888 2789; x_wconf 87' lang='lat' dir='ltr'>scripsit</span> 
     </span>
    </p>
   </div>
   <div class='ocr_carea' id='block_1_112' title="bbox 2186 2790 3882 2858">
    <p class='ocr_par' dir='ltr' id='par_1_112' title="bbox 2186 2790 3882 2858">
     <span class='ocr_line' id='line_1_113' title="bbox 2186 2790 3882 2858; baseline 0.001 -16"><span class='ocrx_word' id='word_1_777' title='bbox 2186 2791 2452 2842; x_wconf 77' lang='lat' dir='ltr'>adversus</span> <span class='ocrx_word' id='word_1_778' title='bbox 2493 2806 2588 2842; x_wconf 87' lang='lat' dir='ltr'>eos</span> <span class='ocrx_word' id='word_1_779' title='bbox 2625 2791 2717 2858; x_wconf 74' lang='lat' dir='ltr'>qui</span> <span class='ocrx_word' id='word_1_780' title='bbox 2767 2791 2984 2842; x_wconf 87' lang='lat' dir='ltr'>nullam</span> <span class='ocrx_word' id='word_1_781' title='bbox 3034 2806 3264 2842; x_wconf 87' lang='lat' dir='ltr'>carnem</span> <span class='ocrx_word' id='word_1_782' title='bbox 3311 2790 3716 2843; x_wconf 84' lang='lat' dir='ltr'>existimabant</span> <span class='ocrx_word' id='word_1_783' title='bbox 3767 2792 3882 2844; x_wconf 87' lang='lat' dir='ltr'>exi—</span> 
     </span>
    </p>
   </div>
   <div class='ocr_carea' id='block_1_113' title="bbox 2185 2860 3520 2930">
    <p class='ocr_par' dir='ltr' id='par_1_113' title="bbox 2185 2860 3520 2930">
     <span class='ocr_line' id='line_1_114' title="bbox 2185 2860 3520 2930; baseline 0.001 -19"><span class='ocrx_word' id='word_1_784' title='bbox 2185 2866 2331 2912; x_wconf 89' lang='lat' dir='ltr'>stere</span> <span class='ocrx_word' id='word_1_785' title='bbox 2365 2861 2484 2913; x_wconf 90' lang='lat' dir='ltr'>sine</span> <span class='ocrx_word' id='word_1_786' title='bbox 2513 2860 2806 2930; x_wconf 88' lang='lat' dir='ltr'>speciebus</span> <span class='ocrx_word' id='word_1_787' title='bbox 2849 2867 2904 2912; x_wconf 86' lang='lat' dir='ltr'>et</span> <span class='ocrx_word' id='word_1_788' title='bbox 2935 2861 3286 2930; x_wconf 89' lang='lat' dir='ltr'>apparentiis</span> <span class='ocrx_word' id='word_1_789' title='bbox 3316 2861 3520 2913; x_wconf 85' lang='lat' dir='ltr'>carnis.</span> 
     </span>
    </p>
   </div>
   <div class='ocr_carea' id='block_1_114' title="bbox 2254 2931 3881 3002">
    <p class='ocr_par' dir='ltr' id='par_1_114' title="bbox 2254 2931 3881 3002">
     <span class='ocr_line' id='line_1_115' title="bbox 2254 2931 3881 3002; baseline -0.001 -18"><span class='ocrx_word' id='word_1_790' title='bbox 2254 2931 2422 2984; x_wconf 82' lang='lat' dir='ltr'><strong>XXIX.</strong></span> <span class='ocrx_word' id='word_1_791' title='bbox 2453 2933 2562 2985; x_wconf 85' lang='lat' dir='ltr'>Hoc</span> <span class='ocrx_word' id='word_1_792' title='bbox 2606 2932 2768 2999; x_wconf 84' lang='lat' dir='ltr'>plane</span> <span class='ocrx_word' id='word_1_793' title='bbox 2803 2933 3074 2984; x_wconf 83' lang='lat' dir='ltr'>intellectu</span> <span class='ocrx_word' id='word_1_794' title='bbox 3124 2932 3330 3000; x_wconf 89' lang='lat' dir='ltr'>(inquit</span> <span class='ocrx_word' id='word_1_795' title='bbox 3379 2932 3712 2983; x_wconf 88' lang='lat' dir='ltr'>dissertator</span> <span class='ocrx_word' id='word_1_796' title='bbox 3743 2947 3881 3002; x_wconf 84' lang='lat' dir='ltr'>pag.</span> 
     </span>
    </p>
   </div>
   <div class='ocr_carea' id='block_1_115' title="bbox 2141 3002 3879 3070">
    <p class='ocr_par' dir='ltr' id='par_1_115' title="bbox 2141 3002 3879 3070">
     <span class='ocr_line' id='line_1_116' title="bbox 2141 3002 3879 3070; baseline 0.001 -16"><span class='ocrx_word' id='word_1_797' title='bbox 2141 3013 2144 3016; x_wconf 86' lang='lat'><strong><em>&#39;</em></strong></span> <span class='ocrx_word' id='word_1_798' title='bbox 2188 3004 2274 3054; x_wconf 85' lang='grc'>181</span> <span class='ocrx_word' id='word_1_799' title='bbox 2327 3003 2589 3054; x_wconf 87' lang='lat' dir='ltr'>editionis</span> <span class='ocrx_word' id='word_1_800' title='bbox 2639 3002 2838 3064; x_wconf 65' lang='lat' dir='ltr'>Paris,</span> <span class='ocrx_word' id='word_1_801' title='bbox 2894 3004 2994 3054; x_wconf 76' lang='lat'>293</span> <span class='ocrx_word' id='word_1_802' title='bbox 3056 3003 3261 3068; x_wconf 79' lang='lat' dir='ltr'>Amst.)</span> <span class='ocrx_word' id='word_1_803' title='bbox 3305 3002 3879 3070; x_wconf 81' lang='lat' dir='ltr'>pseudo-Ratramnus</span> 
     </span>
    </p>
   </div>
   <div class='ocr_carea' id='block_1_116' title="bbox 2184 3071 3879 3142">
    <p class='ocr_par' dir='ltr' id='par_1_116' title="bbox 2184 3071 3879 3142">
     <span class='ocr_line' id='line_1_117' title="bbox 2184 3071 3879 3142; baseline 0.002 -18"><span class='ocrx_word' id='word_1_804' title='bbox 2184 3073 2288 3140; x_wconf 90' lang='lat' dir='ltr'>(sic</span> <span class='ocrx_word' id='word_1_805' title='bbox 2310 3075 2494 3142; x_wconf 82' lang='lat' dir='ltr'>placet</span> <span class='ocrx_word' id='word_1_806' title='bbox 2525 3088 2720 3124; x_wconf 82' lang='lat' dir='ltr'>verum</span> <span class='ocrx_word' id='word_1_807' title='bbox 2778 3071 3118 3141; x_wconf 88' lang='lat' dir='ltr'>deformare)</span> <span class='ocrx_word' id='word_1_808' title='bbox 3148 3088 3297 3127; x_wconf 82' lang='lat' dir='ltr'>num.</span> <span class='ocrx_word' id='word_1_809' title='bbox 3331 3075 3396 3126; x_wconf 91' lang='lat'>88</span> <span class='ocrx_word' id='word_1_810' title='bbox 3433 3087 3443 3125; x_wconf 92' lang='lat'><em>:</em></span> <span class='ocrx_word' id='word_1_811' title='bbox 3491 3094 3518 3120; x_wconf 89' lang='grc'>‹‹</span> <span class='ocrx_word' id='word_1_812' title='bbox 3559 3074 3631 3125; x_wconf 84' lang='lat' dir='ltr'>In</span> <span class='ocrx_word' id='word_1_813' title='bbox 3681 3077 3879 3141; x_wconf 86' lang='lat' dir='ltr'>specie,</span> 
     </span>
    </p>
   </div>
   <div class='ocr_carea' id='block_1_117' title="bbox 2186 3143 3881 3212">
    <p class='ocr_par' dir='ltr' id='par_1_117' title="bbox 2186 3143 3881 3212">
     <span class='ocr_line' id='line_1_118' title="bbox 2186 3143 3881 3212; baseline 0 -16"><span class='ocrx_word' id='word_1_814' title='bbox 2186 3147 2385 3212; x_wconf 83' lang='lat' dir='ltr'>inquit,</span> <span class='ocrx_word' id='word_1_815' title='bbox 2419 3148 2680 3209; x_wconf 83' lang='lat' dir='ltr'>geruntur</span> <span class='ocrx_word' id='word_1_816' title='bbox 2708 3145 2832 3205; x_wconf 88' lang='lat' dir='ltr'>ista,</span> <span class='ocrx_word' id='word_1_817' title='bbox 2874 3159 2979 3196; x_wconf 85' lang='lat' dir='ltr'>non</span> <span class='ocrx_word' id='word_1_818' title='bbox 3005 3147 3063 3195; x_wconf 89' lang='lat' dir='ltr'>in.</span> <span class='ocrx_word' id='word_1_819' title='bbox 3098 3146 3354 3211; x_wconf 83' lang='lat' dir='ltr'>veritate;</span> <span class='ocrx_word' id='word_1_820' title='bbox 3387 3143 3448 3195; x_wconf 91' lang='lat' dir='ltr'>id</span> <span class='ocrx_word' id='word_1_821' title='bbox 3477 3148 3555 3196; x_wconf 75' lang='lat' dir='ltr'>est</span> <span class='ocrx_word' id='word_1_822' title='bbox 3590 3159 3686 3211; x_wconf 86' lang='lat' dir='ltr'>per</span> <span class='ocrx_word' id='word_1_823' title='bbox 3717 3147 3881 3197; x_wconf 85' lang='lat' dir='ltr'>simi-</span> 
     </span>
    </p>
   </div>
   <div class='ocr_carea' id='block_1_118' title="bbox 2183 3215 3875 3282">
    <p class='ocr_par' dir='ltr' id='par_1_118' title="bbox 2183 3215 3875 3282">
     <span class='ocr_line' id='line_1_119' title="bbox 2183 3215 3875 3282; baseline 0.001 -16"><span class='ocrx_word' id='word_1_824' title='bbox 2183 3215 2484 3280; x_wconf 85' lang='lat' dir='ltr'>litudinem,</span> <span class='ocrx_word' id='word_1_825' title='bbox 2511 3230 2616 3266; x_wconf 88' lang='lat' dir='ltr'>non</span> <span class='ocrx_word' id='word_1_826' title='bbox 2645 3229 2742 3282; x_wconf 77' lang='lat' dir='ltr'>per</span> <span class='ocrx_word' id='word_1_827' title='bbox 2778 3216 2952 3280; x_wconf 84' lang='lat' dir='ltr'>ipsius</span> <span class='ocrx_word' id='word_1_828' title='bbox 2977 3217 3058 3266; x_wconf 88' lang='lat' dir='ltr'>rei</span> <span class='ocrx_word' id='word_1_829' title='bbox 3097 3216 3610 3277; x_wconf 80' lang='lat' dir='ltr'>manifestationem.</span> <span class='ocrx_word' id='word_1_830' title='bbox 3654 3236 3679 3260; x_wconf 79' lang='lat' dir='ltr'>n</span> <span class='ocrx_word' id='word_1_831' title='bbox 3717 3216 3875 3268; x_wconf 82' lang='lat' dir='ltr'>Ponit</span> 
     </span>
    </p>
   </div>
   <div class='ocr_carea' id='block_1_119' title="bbox 2182 3285 3877 3353">
    <p class='ocr_par' dir='ltr' id='par_1_119' title="bbox 2182 3285 3877 3353">
     <span class='ocr_line' id='line_1_120' title="bbox 2182 3285 3877 3353; baseline 0.001 -16"><span class='ocrx_word' id='word_1_832' title='bbox 2182 3287 2320 3337; x_wconf 86' lang='lat' dir='ltr'>enim</span> <span class='ocrx_word' id='word_1_833' title='bbox 2343 3300 2443 3352; x_wconf 90' lang='lat' dir='ltr'>pro</span> <span class='ocrx_word' id='word_1_834' title='bbox 2479 3291 2616 3337; x_wconf 80' lang='lat' dir='ltr'>certo</span> <span class='ocrx_word' id='word_1_835' title='bbox 2643 3285 3046 3353; x_wconf 69' lang='lat' dir='ltr'>exploratoque,</span> <span class='ocrx_word' id='word_1_836' title='bbox 3080 3285 3140 3336; x_wconf 89' lang='lat' dir='ltr'>id</span> <span class='ocrx_word' id='word_1_837' title='bbox 3185 3285 3327 3352; x_wconf 85' lang='lat' dir='ltr'>quod</span> <span class='ocrx_word' id='word_1_838' title='bbox 3365 3291 3442 3338; x_wconf 88' lang='lat' dir='ltr'>est</span> <span class='ocrx_word' id='word_1_839' title='bbox 3480 3286 3877 3352; x_wconf 80' lang='lat' dir='ltr'>falsissimum,</span> 
     </span>
    </p>
   </div>
   <div class='ocr_carea' id='block_1_120' title="bbox 2180 3356 3878 3422">
    <p class='ocr_par' dir='ltr' id='par_1_120' title="bbox 2180 3356 3878 3422">
     <span class='ocr_line' id='line_1_121' title="bbox 2180 3356 3878 3422; baseline 0.003 -17"><span class='ocrx_word' id='word_1_840' title='bbox 2180 3371 2284 3407; x_wconf 83' lang='lat' dir='ltr'>non</span> <span class='ocrx_word' id='word_1_841' title='bbox 2325 3371 2480 3422; x_wconf 78' lang='lat' dir='ltr'>posse</span> <span class='ocrx_word' id='word_1_842' title='bbox 2534 3370 2643 3408; x_wconf 85' lang='lat' dir='ltr'>esse</span> <span class='ocrx_word' id='word_1_843' title='bbox 2688 3356 2891 3408; x_wconf 86' lang='lat' dir='ltr'>Christi</span> <span class='ocrx_word' id='word_1_844' title='bbox 2929 3370 3121 3422; x_wconf 86' lang='lat' dir='ltr'>corpus</span> <span class='ocrx_word' id='word_1_845' title='bbox 3171 3370 3400 3422; x_wconf 83' lang='lat' dir='ltr'>usquam</span> <span class='ocrx_word' id='word_1_846' title='bbox 3443 3358 3554 3407; x_wconf 84' lang='lat' dir='ltr'>nisi</span> <span class='ocrx_word' id='word_1_847' title='bbox 3609 3359 3878 3410; x_wconf 84' lang='lat' dir='ltr'>alterutro</span> 
     </span>
    </p>
   </div>
   <div class='ocr_carea' id='block_1_121' title="bbox 2179 3424 3882 3494">
    <p class='ocr_par' dir='ltr' id='par_1_121' title="bbox 2179 3424 3882 3494">
     <span class='ocr_line' id='line_1_122' title="bbox 2179 3424 3882 3494; baseline 0.002 -18"><span class='ocrx_word' id='word_1_848' title='bbox 2179 3424 2377 3477; x_wconf 90' lang='lat' dir='ltr'>modo:</span> <span class='ocrx_word' id='word_1_849' title='bbox 2431 3427 2524 3477; x_wconf 82' lang='lat' dir='ltr'>hoc</span> <span class='ocrx_word' id='word_1_850' title='bbox 2566 3431 2642 3476; x_wconf 89' lang='lat' dir='ltr'>cst</span> <span class='ocrx_word' id='word_1_851' title='bbox 2689 3430 2784 3477; x_wconf 88' lang='lat' dir='ltr'>aut</span> <span class='ocrx_word' id='word_1_852' title='bbox 2815 3441 2912 3493; x_wconf 83' lang='lat' dir='ltr'>per</span> <span class='ocrx_word' id='word_1_853' title='bbox 2960 3427 3302 3494; x_wconf 82' lang='lat' dir='ltr'>conspicuam</span> <span class='ocrx_word' id='word_1_854' title='bbox 3350 3428 3882 3494; x_wconf 80' lang='lat' dir='ltr'>mani/‘estationem,</span> 
     </span>
    </p>
   </div>
   <div class='ocr_carea' id='block_1_122' title="bbox 2179 3494 3878 3564">
    <p class='ocr_par' dir='ltr' id='par_1_122' title="bbox 2179 3494 3878 3564">
     <span class='ocr_line' id='line_1_123' title="bbox 2179 3494 3878 3564; baseline 0.002 -18"><span class='ocrx_word' id='word_1_855' title='bbox 2179 3499 2275 3546; x_wconf 88' lang='lat' dir='ltr'>aut</span> <span class='ocrx_word' id='word_1_856' title='bbox 2303 3510 2400 3561; x_wconf 85' lang='lat' dir='ltr'>per</span> <span class='ocrx_word' id='word_1_857' title='bbox 2434 3494 2845 3548; x_wconf 83' lang='lat' dir='ltr'>similitudinem</span> <span class='ocrx_word' id='word_1_858' title='bbox 2903 3495 3180 3548; x_wconf 62' lang='lat' dir='ltr'>duntaarat</span> <span class='ocrx_word' id='word_1_859' title='bbox 3233 3511 3322 3550; x_wconf 86' lang='lat' dir='ltr'>seu</span> <span class='ocrx_word' id='word_1_860' title='bbox 3379 3499 3878 3564; x_wconf 79' lang='lat' dir='ltr'>ﬁguram;species</span> 
     </span>
    </p>
   </div>
   <div class='ocr_carea' id='block_1_123' title="bbox 2180 3567 3873 3634">
    <p class='ocr_par' dir='ltr' id='par_1_123' title="bbox 2180 3567 3873 3634">
     <span class='ocr_line' id='line_1_124' title="bbox 2180 3567 3873 3634; baseline 0.002 -18"><span class='ocrx_word' id='word_1_861' title='bbox 2180 3567 2320 3617; x_wconf 86' lang='lat' dir='ltr'>enim</span> <span class='ocrx_word' id='word_1_862' title='bbox 2363 3580 2488 3618; x_wconf 85' lang='lat' dir='ltr'>cum</span> <span class='ocrx_word' id='word_1_863' title='bbox 2517 3568 2740 3618; x_wconf 83' lang='lat' dir='ltr'>veritati</span> <span class='ocrx_word' id='word_1_864' title='bbox 2789 3569 3079 3634; x_wconf 82' lang='lat' dir='ltr'>opponitur</span> <span class='ocrx_word' id='word_1_865' title='bbox 3125 3583 3275 3620; x_wconf 86' lang='lat' dir='ltr'>mera</span> <span class='ocrx_word' id='word_1_866' title='bbox 3329 3567 3654 3632; x_wconf 84' lang='lat' dir='ltr'>similitudo,</span> <span class='ocrx_word' id='word_1_867' title='bbox 3714 3583 3873 3620; x_wconf 87' lang='lat' dir='ltr'>mera</span> 
     </span>
    </p>
   </div>
   <div class='ocr_carea' id='block_1_124' title="bbox 2178 3636 2736 3702">
    <p class='ocr_par' dir='ltr' id='par_1_124' title="bbox 2178 3636 2736 3702">
     <span class='ocr_line' id='line_1_125' title="bbox 2178 3636 2736 3702; baseline 0.002 -15"><span class='ocrx_word' id='word_1_868' title='bbox 2178 3637 2358 3702; x_wconf 84' lang='lat' dir='ltr'>ﬁgura</span> <span class='ocrx_word' id='word_1_869' title='bbox 2389 3636 2736 3702; x_wconf 86' lang='lat' dir='ltr'>intelligitur.</span> 
     </span>
    </p>
   </div>
   <div class='ocr_carea' id='block_1_125' title="bbox 2878 3723 3185 3761">
    <p class='ocr_par' dir='ltr' id='par_1_125' title="bbox 2878 3723 3185 3761">
     <span class='ocr_line' id='line_1_126' title="bbox 2878 3723 3185 3761; baseline 0.003 -1"><span class='ocrx_word' id='word_1_870' title='bbox 2878 3723 3185 3761; x_wconf 72' lang='lat' dir='ltr'>RESPONSIO.</span> 
     </span>
    </p>
   </div>
   <div class='ocr_carea' id='block_1_126' title="bbox 2252 3793 3883 3864">
    <p class='ocr_par' dir='ltr' id='par_1_126' title="bbox 2252 3793 3883 3864">
     <span class='ocr_line' id='line_1_127' title="bbox 2252 3793 3883 3864; baseline 0.002 -18"><span class='ocrx_word' id='word_1_871' title='bbox 2252 3793 2374 3846; x_wconf 80' lang='lat' dir='ltr'>Non</span> <span class='ocrx_word' id='word_1_872' title='bbox 2403 3793 2539 3846; x_wconf 89' lang='lat' dir='ltr'>dicit</span> <span class='ocrx_word' id='word_1_873' title='bbox 2559 3794 2901 3848; x_wconf 80' lang='lat' dir='ltr'>Ratramnus</span> <span class='ocrx_word' id='word_1_874' title='bbox 2931 3812 2997 3847; x_wconf 91' lang='lat' dir='ltr'>eo</span> <span class='ocrx_word' id='word_1_875' title='bbox 3027 3794 3132 3847; x_wconf 93' lang='lat' dir='ltr'>loci</span> <span class='ocrx_word' id='word_1_876' title='bbox 3164 3797 3221 3848; x_wconf 87' lang='lat' dir='ltr'>in</span> <span class='ocrx_word' id='word_1_877' title='bbox 3266 3795 3439 3864; x_wconf 83' lang='lat' dir='ltr'>specie</span> <span class='ocrx_word' id='word_1_878' title='bbox 3463 3798 3572 3849; x_wconf 85' lang='lat' dir='ltr'>ista</span> <span class='ocrx_word' id='word_1_879' title='bbox 3600 3797 3739 3862; x_wconf 87' lang='lat' dir='ltr'>geri,</span> <span class='ocrx_word' id='word_1_880' title='bbox 3771 3811 3883 3850; x_wconf 83' lang='lat' dir='ltr'>non</span> 
     </span>
    </p>
   </div>
   <div class='ocr_carea' id='block_1_127' title="bbox 2177 3865 3884 3935">
    <p class='ocr_par' dir='ltr' id='par_1_127' title="bbox 2177 3865 3884 3935">
     <span class='ocr_line' id='line_1_128' title="bbox 2177 3865 3884 3935; baseline 0.002 -19"><span class='ocrx_word' id='word_1_881' title='bbox 2177 3865 2236 3916; x_wconf 88' lang='lat' dir='ltr'>in</span> <span class='ocrx_word' id='word_1_882' title='bbox 2255 3867 2501 3926; x_wconf 84' lang='lat' dir='ltr'>veritate,</span> <span class='ocrx_word' id='word_1_883' title='bbox 2536 3865 2596 3917; x_wconf 88' lang='lat' dir='ltr'>id</span> <span class='ocrx_word' id='word_1_884' title='bbox 2620 3871 2697 3918; x_wconf 84' lang='lat' dir='ltr'>est</span> <span class='ocrx_word' id='word_1_885' title='bbox 2714 3881 2816 3934; x_wconf 87' lang='lat' dir='ltr'>per</span> <span class='ocrx_word' id='word_1_886' title='bbox 2843 3865 3261 3920; x_wconf 84' lang='lat' dir='ltr'>similitudinem</span> <span class='ocrx_word' id='word_1_887' title='bbox 3301 3873 3396 3919; x_wconf 91' lang='lat' dir='ltr'>aut</span> <span class='ocrx_word' id='word_1_888' title='bbox 3435 3882 3532 3934; x_wconf 84' lang='lat' dir='ltr'>per</span> <span class='ocrx_word' id='word_1_889' title='bbox 3565 3869 3744 3935; x_wconf 86' lang='lat' dir='ltr'>ipsius</span> <span class='ocrx_word' id='word_1_890' title='bbox 3794 3872 3884 3920; x_wconf 79' lang='lat' dir='ltr'>rei</span> 
     </span>
    </p>
   </div>
   <div class='ocr_carea' id='block_1_128' title="bbox 2177 3937 3881 4006">
    <p class='ocr_par' dir='ltr' id='par_1_128' title="bbox 2177 3937 3881 4006">
     <span class='ocr_line' id='line_1_129' title="bbox 2177 3937 3881 4006; baseline 0.002 -20"><span class='ocrx_word' id='word_1_891' title='bbox 2177 3937 2668 4006; x_wconf 81' lang='lat' dir='ltr'>manifestationem</span> <span class='ocrx_word' id='word_1_892' title='bbox 2693 3952 2706 4000; x_wconf 89' lang='lat'><strong>;</strong></span> <span class='ocrx_word' id='word_1_893' title='bbox 2732 3937 2827 3989; x_wconf 84' lang='lat' dir='ltr'>sed</span> <span class='ocrx_word' id='word_1_894' title='bbox 2863 3938 3013 3989; x_wconf 89' lang='lat' dir='ltr'>hunc</span> <span class='ocrx_word' id='word_1_895' title='bbox 3060 3952 3290 3989; x_wconf 87' lang='lat' dir='ltr'>sensum</span> <span class='ocrx_word' id='word_1_896' title='bbox 3321 3937 3564 4006; x_wconf 88' lang='lat' dir='ltr'>exprimi</span> <span class='ocrx_word' id='word_1_897' title='bbox 3615 3944 3669 3989; x_wconf 85' lang='lat' dir='ltr'>et</span> <span class='ocrx_word' id='word_1_898' title='bbox 3699 3938 3881 4006; x_wconf 80' lang='lat' dir='ltr'>signi-</span> 
     </span>
    </p>
   </div>
   <div class='ocr_carea' id='block_1_129' title="bbox 2177 4005 3876 4074">
    <p class='ocr_par' dir='ltr' id='par_1_129' title="bbox 2177 4005 3876 4074">
     <span class='ocr_line' id='line_1_130' title="bbox 2177 4005 3876 4074; baseline 0.004 -18"><span class='ocrx_word' id='word_1_899' title='bbox 2177 4005 2334 4057; x_wconf 88' lang='lat' dir='ltr'>ﬁcari</span> <span class='ocrx_word' id='word_1_900' title='bbox 2403 4007 2505 4058; x_wconf 88' lang='lat' dir='ltr'>hac</span> <span class='ocrx_word' id='word_1_901' title='bbox 2551 4007 2810 4058; x_wconf 88' lang='lat' dir='ltr'>oratione</span> <span class='ocrx_word' id='word_1_902' title='bbox 2863 4006 3120 4060; x_wconf 72' lang='lat' dir='ltr'>Ecclesim</span> <span class='ocrx_word' id='word_1_903' title='bbox 3168 4024 3180 4060; x_wconf 88' lang='lat'><strong>:</strong></span> <span class='ocrx_word' id='word_1_904' title='bbox 3228 4005 3519 4064; x_wconf 70' lang='lat' dir='ltr'>Per/ieiuni</span> <span class='ocrx_word' id='word_1_905' title='bbox 3578 4009 3632 4060; x_wconf 91' lang='lat' dir='ltr'>in</span> <span class='ocrx_word' id='word_1_906' title='bbox 3697 4005 3876 4074; x_wconf 83' lang='lat' dir='ltr'>nobis,</span> 
     </span>
    </p>
   </div>
   <div class='ocr_carea' id='block_1_130' title="bbox 2178 4077 3875 4146">
    <p class='ocr_par' dir='ltr' id='par_1_130' title="bbox 2178 4077 3875 4146">
     <span class='ocr_line' id='line_1_131' title="bbox 2178 4077 3875 4146; baseline 0.002 -18"><span class='ocrx_word' id='word_1_907' title='bbox 2178 4077 2414 4141; x_wconf 74' lang='lat' dir='ltr'>nomine,</span> <span class='ocrx_word' id='word_1_908' title='bbox 2479 4092 2802 4144; x_wconf 75' lang='lat' dir='ltr'>quaesumus,</span> <span class='ocrx_word' id='word_1_909' title='bbox 2851 4083 2948 4130; x_wconf 87' lang='lat' dir='ltr'>tua</span> <span class='ocrx_word' id='word_1_910' title='bbox 2997 4083 3338 4131; x_wconf 86' lang='lat' dir='ltr'>sacramenta</span> <span class='ocrx_word' id='word_1_911' title='bbox 3383 4079 3527 4146; x_wconf 86' lang='lat' dir='ltr'>quod</span> <span class='ocrx_word' id='word_1_912' title='bbox 3578 4081 3875 4140; x_wconf 84' lang='lat' dir='ltr'>continent,</span> 
     </span>
    </p>
   </div>
   <div class='ocr_carea' id='block_1_131' title="bbox 2177 4150 3874 4218">
    <p class='ocr_par' dir='ltr' id='par_1_131' title="bbox 2177 4150 3874 4218">
     <span class='ocr_line' id='line_1_132' title="bbox 2177 4150 3874 4218; baseline 0.004 -21"><span class='ocrx_word' id='word_1_913' title='bbox 2177 4150 2237 4198; x_wconf 90' lang='lat' dir='ltr'>ut</span> <span class='ocrx_word' id='word_1_914' title='bbox 2267 4161 2392 4218; x_wconf 12' lang='lat' dir='ltr'>qua,</span> <span class='ocrx_word' id='word_1_915' title='bbox 2408 4162 2549 4218; x_wconf 88' lang='lat' dir='ltr'>nunc</span> <span class='ocrx_word' id='word_1_916' title='bbox 2579 4151 2753 4215; x_wconf 84' lang='lat' dir='ltr'>specie</span> <span class='ocrx_word' id='word_1_917' title='bbox 2776 4151 3033 4213; x_wconf 84' lang='lat' dir='ltr'>gerimus,</span> <span class='ocrx_word' id='word_1_918' title='bbox 3073 4163 3256 4202; x_wconf 86' lang='lat' dir='ltr'>rerum</span> <span class='ocrx_word' id='word_1_919' title='bbox 3287 4151 3512 4202; x_wconf 86' lang='lat' dir='ltr'>veritate</span> <span class='ocrx_word' id='word_1_920' title='bbox 3551 4152 3874 4218; x_wconf 86' lang='lat' dir='ltr'>capiamus;</span> 
     </span>
    </p>
   </div>
   <div class='ocr_carea' id='block_1_132' title="bbox 2178 4217 3877 4288">
    <p class='ocr_par' dir='ltr' id='par_1_132' title="bbox 2178 4217 3877 4288">
     <span class='ocr_line' id='line_1_133' title="bbox 2178 4217 3877 4288; baseline 0.003 -20"><span class='ocrx_word' id='word_1_921' title='bbox 2178 4222 2231 4268; x_wconf 86' lang='lat' dir='ltr'>et</span> <span class='ocrx_word' id='word_1_922' title='bbox 2262 4217 2493 4286; x_wconf 88' lang='lat' dir='ltr'>quidem</span> <span class='ocrx_word' id='word_1_923' title='bbox 2525 4217 2652 4286; x_wconf 90' lang='lat' dir='ltr'>jure</span> <span class='ocrx_word' id='word_1_924' title='bbox 2695 4219 2914 4272; x_wconf 90' lang='lat' dir='ltr'>merito.</span> <span class='ocrx_word' id='word_1_925' title='bbox 2967 4221 3108 4272; x_wconf 77' lang='lat' dir='ltr'>Nam</span> <span class='ocrx_word' id='word_1_926' title='bbox 3148 4219 3207 4271; x_wconf 92' lang='lat' dir='ltr'>in</span> <span class='ocrx_word' id='word_1_927' title='bbox 3238 4221 3341 4272; x_wconf 89' lang='lat' dir='ltr'>hac</span> <span class='ocrx_word' id='word_1_928' title='bbox 3371 4221 3626 4272; x_wconf 89' lang='lat' dir='ltr'>oratione</span> <span class='ocrx_word' id='word_1_929' title='bbox 3654 4217 3877 4288; x_wconf 84' lang='lat' dir='ltr'>species</span> 
     </span>
    </p>
   </div>
   <div class='ocr_carea' id='block_1_133' title="bbox 2176 4288 3878 4369">
    <p class='ocr_par' dir='ltr' id='par_1_133' title="bbox 2176 4288 3878 4369">
     <span class='ocr_line' id='line_1_134' title="bbox 2176 4288 3878 4369; baseline 0.003 -30"><span class='ocrx_word' id='word_1_930' title='bbox 2176 4291 2231 4339; x_wconf 89' lang='lat' dir='ltr'>et</span> <span class='ocrx_word' id='word_1_931' title='bbox 2277 4288 3013 4369; x_wconf 35' lang='lat' dir='ltr'>liguraAiioerepugnant</span> <span class='ocrx_word' id='word_1_932' title='bbox 3066 4305 3183 4369; x_wconf 70' lang='lat' dir='ltr'>nec</span> <span class='ocrx_word' id='word_1_933' title='bbox 3215 4297 3590 4369; x_wconf 83' lang='lat' dir='ltr'>opponuntur</span> <span class='ocrx_word' id='word_1_934' title='bbox 3644 4292 3878 4369; x_wconf 79' lang='lat' dir='ltr'>veritati</span> 
     </span>
    </p>
   </div>
   <div class='ocr_carea' id='block_1_134' title="bbox 2176 4357 3874 4429">
    <p class='ocr_par' dir='ltr' id='par_1_134' title="bbox 2176 4357 3874 4429">
     <span class='ocr_line' id='line_1_135' title="bbox 2176 4357 3874 4429; baseline 0.003 -20"><span class='ocrx_word' id='word_1_935' title='bbox 2176 4357 2668 4429; x_wconf 86' lang='lat' dir='ltr'>corporisChristi</span> <span class='ocrx_word' id='word_1_936' title='bbox 2693 4357 2858 4420; x_wconf 71' lang='lat' dir='ltr'>inse,</span> <span class='ocrx_word' id='word_1_937' title='bbox 2909 4375 3004 4412; x_wconf 88' lang='lat' dir='ltr'>seu</span> <span class='ocrx_word' id='word_1_938' title='bbox 3035 4357 3363 4413; x_wconf 77' lang='lat' dir='ltr'>substantiae</span> <span class='ocrx_word' id='word_1_939' title='bbox 3393 4376 3542 4414; x_wconf 72' lang='lat' dir='ltr'>verte.</span> <span class='ocrx_word' id='word_1_940' title='bbox 3590 4362 3874 4429; x_wconf 89' lang='lat' dir='ltr'>corporis,</span> 
     </span>
    </p>
   </div>
   <div class='ocr_carea' id='block_1_135' title="bbox 2178 4428 3877 4500">
    <p class='ocr_par' dir='ltr' id='par_1_135' title="bbox 2178 4428 3877 4500">
     <span class='ocr_line' id='line_1_136' title="bbox 2178 4428 3877 4500; baseline 0.004 -21"><span class='ocrx_word' id='word_1_941' title='bbox 2178 4428 2273 4500; x_wconf 83' lang='lat' dir='ltr'>sed</span> <span class='ocrx_word' id='word_1_942' title='bbox 2297 4428 2742 4482; x_wconf 86' lang='lat' dir='ltr'>manifestationi</span> <span class='ocrx_word' id='word_1_943' title='bbox 2772 4431 3219 4483; x_wconf 88' lang='lat' dir='ltr'>etdeclarationi</span> <span class='ocrx_word' id='word_1_944' title='bbox 3263 4437 3471 4500; x_wconf 67' lang='lat' dir='ltr'>apertae</span> <span class='ocrx_word' id='word_1_945' title='bbox 3501 4437 3558 4484; x_wconf 85' lang='lat' dir='ltr'>et</span> <span class='ocrx_word' id='word_1_946' title='bbox 3603 4428 3877 4485; x_wconf 88' lang='lat' dir='ltr'>omnibus</span> 
     </span>
    </p>
   </div>
   <div class='ocr_carea' id='block_1_136' title="bbox 2177 4497 3876 4570">
    <p class='ocr_par' dir='ltr' id='par_1_136' title="bbox 2177 4497 3876 4570">
     <span class='ocr_line' id='line_1_137' title="bbox 2177 4497 3876 4570; baseline 0.003 -20"><span class='ocrx_word' id='word_1_947' title='bbox 2177 4497 2481 4570; x_wconf 82' lang='lat' dir='ltr'>involucris</span> <span class='ocrx_word' id='word_1_948' title='bbox 2507 4500 2706 4553; x_wconf 69' lang='lat' dir='ltr'>soluta!</span> <span class='ocrx_word' id='word_1_949' title='bbox 2739 4506 2792 4553; x_wconf 86' lang='lat' dir='ltr'>et</span> <span class='ocrx_word' id='word_1_950' title='bbox 2823 4502 3104 4570; x_wconf 85' lang='lat' dir='ltr'>expedita.</span> <span class='ocrx_word' id='word_1_951' title='bbox 3153 4497 3537 4564; x_wconf 82' lang='lat' dir='ltr'>Quamobrem</span> <span class='ocrx_word' id='word_1_952' title='bbox 3580 4503 3876 4569; x_wconf 84' lang='lat' dir='ltr'>explicans</span> 
     </span>
    </p>
   </div>
   <div class='ocr_carea' id='block_1_137' title="bbox 2178 4569 3878 4641">
    <p class='ocr_par' dir='ltr' id='par_1_137' title="bbox 2178 4569 3878 4641">
     <span class='ocr_line' id='line_1_138' title="bbox 2178 4569 3878 4641; baseline 0.002 -19"><span class='ocrx_word' id='word_1_953' title='bbox 2178 4569 2324 4641; x_wconf 85' lang='lat' dir='ltr'>hanc</span> <span class='ocrx_word' id='word_1_954' title='bbox 2353 4585 2559 4641; x_wconf 75' lang='lat' dir='ltr'>vocem</span> <span class='ocrx_word' id='word_1_955' title='bbox 2617 4569 2980 4637; x_wconf 81' lang='lat' dir='ltr'>Ratramnus,</span> <span class='ocrx_word' id='word_1_956' title='bbox 3043 4575 3239 4626; x_wconf 82' lang='lat' dir='ltr'>nonin</span> <span class='ocrx_word' id='word_1_957' title='bbox 3270 4575 3498 4626; x_wconf 71' lang='lat' dir='ltr'>vetitate</span> <span class='ocrx_word' id='word_1_958' title='bbox 3555 4573 3878 4641; x_wconf 87' lang='lat' dir='ltr'>prudenter</span> 
     </span>
    </p>
   </div>
   <div class='ocr_carea' id='block_1_138' title="bbox 2176 4639 3873 4710">
    <p class='ocr_par' dir='ltr' id='par_1_138' title="bbox 2176 4639 3873 4710">
     <span class='ocr_line' id='line_1_139' title="bbox 2176 4639 3873 4710; baseline 0.004 -20"><span class='ocrx_word' id='word_1_959' title='bbox 2176 4639 2273 4705; x_wconf 87' lang='lat' dir='ltr'>ait,</span> <span class='ocrx_word' id='word_1_960' title='bbox 2305 4639 2367 4693; x_wconf 88' lang='lat' dir='ltr'>id</span> <span class='ocrx_word' id='word_1_961' title='bbox 2403 4646 2480 4694; x_wconf 89' lang='lat' dir='ltr'>est</span> <span class='ocrx_word' id='word_1_962' title='bbox 2518 4656 2623 4694; x_wconf 82' lang='lat' dir='ltr'>non</span> <span class='ocrx_word' id='word_1_963' title='bbox 2648 4655 2747 4710; x_wconf 87' lang='lat' dir='ltr'>per</span> <span class='ocrx_word' id='word_1_964' title='bbox 2783 4641 2963 4710; x_wconf 84' lang='lat' dir='ltr'>ipsius</span> <span class='ocrx_word' id='word_1_965' title='bbox 3001 4645 3083 4695; x_wconf 86' lang='lat' dir='ltr'>rei</span> <span class='ocrx_word' id='word_1_966' title='bbox 3123 4639 3634 4708; x_wconf 77' lang='lat' dir='ltr'>manifestationem.</span> <span class='ocrx_word' id='word_1_967' title='bbox 3672 4644 3873 4697; x_wconf 82' lang='lat' dir='ltr'>Neuti-</span> 
     </span>
    </p>
   </div>
   <div class='ocr_carea' id='block_1_139' title="bbox 2178 4711 3876 4782">
    <p class='ocr_par' dir='ltr' id='par_1_139' title="bbox 2178 4711 3876 4782">
     <span class='ocr_line' id='line_1_140' title="bbox 2178 4711 3876 4782; baseline 0.003 -20"><span class='ocrx_word' id='word_1_968' title='bbox 2178 4725 2349 4780; x_wconf 89' lang='lat' dir='ltr'>quam</span> <span class='ocrx_word' id='word_1_969' title='bbox 2411 4711 2581 4764; x_wconf 86' lang='lat' dir='ltr'>etiam</span> <span class='ocrx_word' id='word_1_970' title='bbox 2635 4713 2733 4772; x_wconf 88' lang='lat' dir='ltr'>ait,</span> <span class='ocrx_word' id='word_1_971' title='bbox 2783 4729 2881 4782; x_wconf 88' lang='lat' dir='ltr'>pro</span> <span class='ocrx_word' id='word_1_972' title='bbox 2927 4718 3067 4768; x_wconf 87' lang='lat' dir='ltr'>certo</span> <span class='ocrx_word' id='word_1_973' title='bbox 3120 4715 3507 4782; x_wconf 67' lang='lat' dir='ltr'>explorataque</span> <span class='ocrx_word' id='word_1_974' title='bbox 3556 4729 3662 4766; x_wconf 83' lang='lat' dir='ltr'>non</span> <span class='ocrx_word' id='word_1_975' title='bbox 3713 4729 3876 4782; x_wconf 80' lang='lat' dir='ltr'>posse</span> 
     </span>
    </p>
   </div>
   <div class='ocr_carea' id='block_1_140' title="bbox 2175 4783 3875 4852">
    <p class='ocr_par' dir='ltr' id='par_1_140' title="bbox 2175 4783 3875 4852">
     <span class='ocr_line' id='line_1_141' title="bbox 2175 4783 3875 4852; baseline 0.004 -20"><span class='ocrx_word' id='word_1_976' title='bbox 2175 4795 2285 4834; x_wconf 85' lang='lat' dir='ltr'>esse</span> <span class='ocrx_word' id='word_1_977' title='bbox 2307 4783 2512 4837; x_wconf 80' lang='lat' dir='ltr'>Christi</span> <span class='ocrx_word' id='word_1_978' title='bbox 2540 4797 2730 4851; x_wconf 87' lang='lat' dir='ltr'>corpus</span> <span class='ocrx_word' id='word_1_979' title='bbox 2779 4787 2892 4836; x_wconf 80' lang='lat' dir='ltr'>nisi</span> <span class='ocrx_word' id='word_1_980' title='bbox 2929 4800 3027 4852; x_wconf 84' lang='lat' dir='ltr'>per</span> <span class='ocrx_word' id='word_1_981' title='bbox 3072 4787 3414 4852; x_wconf 83' lang='lat' dir='ltr'>conspicuam</span> <span class='ocrx_word' id='word_1_982' title='bbox 3458 4787 3875 4848; x_wconf 66' lang='lat' dir='ltr'>mani/testatio-</span> 
     </span>
    </p>
   </div>
   <div class='ocr_carea' id='block_1_141' title="bbox 2174 4855 3873 4922">
    <p class='ocr_par' dir='ltr' id='par_1_141' title="bbox 2174 4855 3873 4922">
     <span class='ocr_line' id='line_1_142' title="bbox 2174 4855 3873 4922; baseline 0.003 -18"><span class='ocrx_word' id='word_1_983' title='bbox 2174 4866 2293 4922; x_wconf 77' lang='lat' dir='ltr'>nem</span> <span class='ocrx_word' id='word_1_984' title='bbox 2339 4858 2437 4906; x_wconf 91' lang='lat' dir='ltr'>aut</span> <span class='ocrx_word' id='word_1_985' title='bbox 2478 4868 2578 4922; x_wconf 84' lang='lat' dir='ltr'>per</span> <span class='ocrx_word' id='word_1_986' title='bbox 2616 4855 3031 4908; x_wconf 86' lang='lat' dir='ltr'>similitudinem</span> <span class='ocrx_word' id='word_1_987' title='bbox 3078 4869 3170 4908; x_wconf 83' lang='lat' dir='ltr'>seu</span> <span class='ocrx_word' id='word_1_988' title='bbox 3211 4857 3464 4922; x_wconf 80' lang='lat' dir='ltr'>ﬁguram.</span> <span class='ocrx_word' id='word_1_989' title='bbox 3515 4855 3758 4908; x_wconf 89' lang='lat' dir='ltr'>Econtra</span> <span class='ocrx_word' id='word_1_990' title='bbox 3799 4871 3873 4909; x_wconf 84' lang='lat' dir='ltr'>ex</span> 
     </span>
    </p>
   </div>
   <div class='ocr_carea' id='block_1_142' title="bbox 2173 4921 3871 4993">
    <p class='ocr_par' dir='ltr' id='par_1_142' title="bbox 2173 4921 3871 4993">
     <span class='ocr_line' id='line_1_143' title="bbox 2173 4921 3871 4993; baseline 0.002 -18"><span class='ocrx_word' id='word_1_991' title='bbox 2173 4921 2565 4993; x_wconf 13' lang='lat' dir='ltr'>hacioratione</span> <span class='ocrx_word' id='word_1_992' title='bbox 2600 4924 2859 4978; x_wconf 69' lang='lat' dir='ltr'>Ecclesiaa</span> <span class='ocrx_word' id='word_1_993' title='bbox 2881 4925 3121 4978; x_wconf 86' lang='lat' dir='ltr'>assumit</span> <span class='ocrx_word' id='word_1_994' title='bbox 3147 4921 3555 4993; x_wconf 79' lang='lat' dir='ltr'>argumentum</span> <span class='ocrx_word' id='word_1_995' title='bbox 3606 4925 3674 4978; x_wconf 89' lang='lat' dir='ltr'>ad</span> <span class='ocrx_word' id='word_1_996' title='bbox 3696 4940 3871 4978; x_wconf 85' lang='lat' dir='ltr'>com-</span> 
     </span>
    </p>
   </div>
   <div class='ocr_carea' id='block_1_143' title="bbox 2173 4992 3870 5066">
    <p class='ocr_par' dir='ltr' id='par_1_143' title="bbox 2173 4992 3870 5066">
     <span class='ocr_line' id='line_1_144' title="bbox 2173 4992 3870 5066; baseline 0.003 -22"><span class='ocrx_word' id='word_1_997' title='bbox 2173 4992 2534 5066; x_wconf 85' lang='lat' dir='ltr'>probandum</span> <span class='ocrx_word' id='word_1_998' title='bbox 2583 5010 2787 5066; x_wconf 89' lang='lat' dir='ltr'>corpus</span> <span class='ocrx_word' id='word_1_999' title='bbox 2818 4995 3027 5050; x_wconf 89' lang='lat' dir='ltr'>Christi</span> <span class='ocrx_word' id='word_1_1000' title='bbox 3061 4996 3120 5048; x_wconf 92' lang='lat' dir='ltr'>in</span> <span class='ocrx_word' id='word_1_1001' title='bbox 3170 4992 3523 5050; x_wconf 86' lang='lat' dir='ltr'>Eucharistia</span> <span class='ocrx_word' id='word_1_1002' title='bbox 3563 4996 3870 5049; x_wconf 88' lang='lat' dir='ltr'>abscondi-</span> 
     </span>
    </p>
   </div>
   <div class='ocr_carea' id='block_1_144' title="bbox 2173 5065 3872 5136">
    <p class='ocr_par' dir='ltr' id='par_1_144' title="bbox 2173 5065 3872 5136">
     <span class='ocr_line' id='line_1_145' title="bbox 2173 5065 3872 5136; baseline 0.002 -20"><span class='ocrx_word' id='word_1_1003' title='bbox 2173 5069 2299 5136; x_wconf 88' lang='lat' dir='ltr'>tum</span> <span class='ocrx_word' id='word_1_1004' title='bbox 2335 5065 2438 5136; x_wconf 88' lang='lat' dir='ltr'>sub</span> <span class='ocrx_word' id='word_1_1005' title='bbox 2477 5065 2689 5132; x_wconf 85' lang='lat' dir='ltr'>ﬁguris</span> <span class='ocrx_word' id='word_1_1006' title='bbox 2725 5070 2782 5118; x_wconf 91' lang='lat' dir='ltr'>et</span> <span class='ocrx_word' id='word_1_1007' title='bbox 2819 5066 3062 5130; x_wconf 91' lang='lat' dir='ltr'>umbris,</span> <span class='ocrx_word' id='word_1_1008' title='bbox 3097 5066 3313 5119; x_wconf 88' lang='lat' dir='ltr'>scilicet</span> <span class='ocrx_word' id='word_1_1009' title='bbox 3361 5066 3655 5136; x_wconf 88' lang='lat' dir='ltr'>speciebus</span> <span class='ocrx_word' id='word_1_1010' title='bbox 3697 5067 3872 5135; x_wconf 88' lang='lat' dir='ltr'>panis</span> 
     </span>
    </p>
   </div>
   <div class='ocr_carea' id='block_1_145' title="bbox 2172 5134 3864 5206">
    <p class='ocr_par' dir='ltr' id='par_1_145' title="bbox 2172 5134 3864 5206">
     <span class='ocr_line' id='line_1_146' title="bbox 2172 5134 3864 5206; baseline 0.005 -24"><span class='ocrx_word' id='word_1_1011' title='bbox 2172 5137 2228 5206; x_wconf 74' lang='lat' dir='ltr'>et</span> <span class='ocrx_word' id='word_1_1012' title='bbox 2252 5134 2373 5206; x_wconf 10' lang='lat' dir='ltr'>vini?</span> <span class='ocrx_word' id='word_1_1013' title='bbox 2401 5151 2412 5187; x_wconf 92' lang='lat'><strong>:</strong></span> <span class='ocrx_word' id='word_1_1014' title='bbox 2457 5137 2669 5206; x_wconf 88' lang='lat' dir='ltr'>quippe</span> <span class='ocrx_word' id='word_1_1015' title='bbox 2698 5152 2827 5189; x_wconf 91' lang='lat' dir='ltr'>cum</span> <span class='ocrx_word' id='word_1_1016' title='bbox 2859 5153 2925 5189; x_wconf 89' lang='lat' dir='ltr'>ea</span> <span class='ocrx_word' id='word_1_1017' title='bbox 2951 5137 3247 5206; x_wconf 86' lang='lat' dir='ltr'>rogatione</span> <span class='ocrx_word' id='word_1_1018' title='bbox 3279 5134 3508 5206; x_wconf 83' lang='lat' dir='ltr'>petatur</span> <span class='ocrx_word' id='word_1_1019' title='bbox 3541 5141 3600 5189; x_wconf 87' lang='lat' dir='ltr'>ut</span> <span class='ocrx_word' id='word_1_1020' title='bbox 3649 5134 3864 5206; x_wconf 81' lang='lat' dir='ltr'>corpus</span> 
     </span>
    </p>
   </div>
   <div class='ocr_carea' id='block_1_146' title="bbox 2171 5203 3872 5276">
    <p class='ocr_par' dir='ltr' id='par_1_146' title="bbox 2171 5203 3872 5276">
     <span class='ocr_line' id='line_1_147' title="bbox 2171 5203 3872 5276; baseline 0.002 -19"><span class='ocrx_word' id='word_1_1021' title='bbox 2171 5203 2398 5276; x_wconf 87' lang='lat' dir='ltr'>Christi,</span> <span class='ocrx_word' id='word_1_1022' title='bbox 2433 5203 2732 5274; x_wconf 53' lang='lat' dir='ltr'>quod&#39;sub</span> <span class='ocrx_word' id='word_1_1023' title='bbox 2774 5207 2962 5275; x_wconf 88' lang='lat' dir='ltr'>specie</span> <span class='ocrx_word' id='word_1_1024' title='bbox 3006 5203 3172 5275; x_wconf 80' lang='lat' dir='ltr'>panis</span> <span class='ocrx_word' id='word_1_1025' title='bbox 3205 5203 3421 5260; x_wconf 51' lang='lat' dir='ltr'>et&#39;vini</span> <span class='ocrx_word' id='word_1_1026' title='bbox 3466 5207 3706 5276; x_wconf 85' lang='lat' dir='ltr'>geritur,</span> <span class='ocrx_word' id='word_1_1027' title='bbox 3743 5203 3872 5260; x_wconf 77' lang='lat' dir='ltr'>ina-</span> 
     </span>
    </p>
   </div>
   <div class='ocr_carea' id='block_1_147' title="bbox 2168 5275 3859 5331">
    <p class='ocr_par' dir='ltr' id='par_1_147' title="bbox 2168 5275 3859 5331">
     <span class='ocr_line' id='line_1_148' title="bbox 2168 5275 3859 5331; baseline 0.003 -5"><span class='ocrx_word' id='word_1_1028' title='bbox 2168 5275 2374 5327; x_wconf 86' lang='lat' dir='ltr'>nifesta</span> <span class='ocrx_word' id='word_1_1029' title='bbox 2393 5276 2612 5328; x_wconf 89' lang='lat' dir='ltr'>visione</span> <span class='ocrx_word' id='word_1_1030' title='bbox 2647 5293 2760 5329; x_wconf 91' lang='lat' dir='ltr'>non</span> <span class='ocrx_word' id='word_1_1031' title='bbox 2794 5293 2952 5330; x_wconf 87' lang='lat' dir='ltr'>secus</span> <span class='ocrx_word' id='word_1_1032' title='bbox 2979 5293 3044 5330; x_wconf 90' lang='lat' dir='ltr'>ac</span> <span class='ocrx_word' id='word_1_1033' title='bbox 3087 5293 3285 5330; x_wconf 87' lang='lat' dir='ltr'>revera</span> <span class='ocrx_word' id='word_1_1034' title='bbox 3313 5284 3399 5330; x_wconf 88' lang='lat' dir='ltr'>est</span> <span class='ocrx_word' id='word_1_1035' title='bbox 3426 5275 3490 5330; x_wconf 83' lang='lat' dir='ltr'>iu</span> <span class='ocrx_word' id='word_1_1036' title='bbox 3521 5278 3664 5330; x_wconf 82' lang='lat' dir='ltr'>coelo</span> <span class='ocrx_word' id='word_1_1037' title='bbox 3711 5293 3820 5331; x_wconf 92' lang='lat' dir='ltr'>cou</span> <span class='ocrx_word' id='word_1_1038' title='bbox 3840 5309 3859 5320; x_wconf 66' lang='grc' dir='ltr'><strong>ο</strong></span> 
     </span>
    </p>
   </div>
   <div class='ocr_carea' id='block_1_148' title="bbox 2169 5345 3868 5415">
    <p class='ocr_par' dir='ltr' id='par_1_148' title="bbox 2169 5345 3868 5415">
     <span class='ocr_line' id='line_1_149' title="bbox 2169 5345 3868 5415; baseline 0.004 -20"><span class='ocrx_word' id='word_1_1039' title='bbox 2169 5345 2456 5414; x_wconf 90' lang='lat' dir='ltr'>spiciatur.</span> <span class='ocrx_word' id='word_1_1040' title='bbox 2489 5347 2688 5400; x_wconf 88' lang='lat' dir='ltr'>Beatus</span> <span class='ocrx_word' id='word_1_1041' title='bbox 2727 5347 2986 5415; x_wconf 84' lang='lat' dir='ltr'>Algerns,</span> <span class='ocrx_word' id='word_1_1042' title='bbox 3028 5347 3122 5401; x_wconf 91' lang='lat' dir='ltr'>ille</span> <span class='ocrx_word' id='word_1_1043' title='bbox 3156 5349 3423 5401; x_wconf 88' lang='lat' dir='ltr'>omnibus</span> <span class='ocrx_word' id='word_1_1044' title='bbox 3472 5349 3716 5402; x_wconf 86' lang='lat' dir='ltr'>aduotus</span> <span class='ocrx_word' id='word_1_1045' title='bbox 3765 5349 3868 5401; x_wconf 83' lang='lat' dir='ltr'>Be-</span> 
     </span>
    </p>
   </div>
   <div class='ocr_carea' id='block_1_149' title="bbox 2168 5416 3873 5487">
    <p class='ocr_par' dir='ltr' id='par_1_149' title="bbox 2168 5416 3873 5487">
     <span class='ocr_line' id='line_1_150' title="bbox 2168 5416 3873 5487; baseline 0.004 -21"><span class='ocrx_word' id='word_1_1046' title='bbox 2168 5416 2417 5487; x_wconf 74' lang='lat' dir='ltr'>rengarii</span> <span class='ocrx_word' id='word_1_1047' title='bbox 2467 5417 2847 5485; x_wconf 86' lang='lat' dir='ltr'>adversarius,</span> <span class='ocrx_word' id='word_1_1048' title='bbox 2906 5419 3164 5472; x_wconf 86' lang='lat' dir='ltr'>eamdem</span> <span class='ocrx_word' id='word_1_1049' title='bbox 3226 5420 3544 5472; x_wconf 87' lang='lat' dir='ltr'>orationem</span> <span class='ocrx_word' id='word_1_1050' title='bbox 3611 5418 3873 5487; x_wconf 86' lang='lat' dir='ltr'>prodidit</span> 
     </span>
    </p>
   </div>
   <div class='ocr_carea' id='block_1_150' title="bbox 2166 5485 3867 5544">
    <p class='ocr_par' dir='ltr' id='par_1_150' title="bbox 2166 5485 3867 5544">
     <span class='ocr_line' id='line_1_151' title="bbox 2166 5485 3867 5544; baseline 0.005 -8"><span class='ocrx_word' id='word_1_1051' title='bbox 2166 5485 2236 5538; x_wconf 86' lang='lat' dir='ltr'>ad</span> <span class='ocrx_word' id='word_1_1052' title='bbox 2273 5491 2519 5538; x_wconf 89' lang='lat' dir='ltr'>mentem</span> <span class='ocrx_word' id='word_1_1053' title='bbox 2570 5494 2626 5540; x_wconf 88' lang='lat' dir='ltr'>et</span> <span class='ocrx_word' id='word_1_1054' title='bbox 2680 5489 3018 5542; x_wconf 88' lang='lat' dir='ltr'>sententiam</span> <span class='ocrx_word' id='word_1_1055' title='bbox 3069 5490 3363 5542; x_wconf 84' lang='lat' dir='ltr'>Ratramni</span> <span class='ocrx_word' id='word_1_1056' title='bbox 3405 5485 3672 5542; x_wconf 80' lang='lat' dir='ltr'>tuendam</span> <span class='ocrx_word' id='word_1_1057' title='bbox 3704 5489 3806 5542; x_wconf 89' lang='lat' dir='ltr'>lib.</span> <span class='ocrx_word' id='word_1_1058' title='bbox 3851 5509 3867 5544; x_wconf 89' lang='lat' dir='ltr'>I</span> 
     </span>
    </p>
   </div>
   <div class='ocr_carea' id='block_1_151' title="bbox 2165 5556 3871 5628">
    <p class='ocr_par' dir='ltr' id='par_1_151' title="bbox 2165 5556 3871 5628">
     <span class='ocr_line' id='line_1_152' title="bbox 2165 5556 3871 5628; baseline 0.004 -20"><span class='ocrx_word' id='word_1_1059' title='bbox 2165 5556 2234 5609; x_wconf 90' lang='lat' dir='ltr'>de</span> <span class='ocrx_word' id='word_1_1060' title='bbox 2270 5557 2640 5610; x_wconf 86' lang='lat' dir='ltr'>Eucharistia.</span> <span class='ocrx_word' id='word_1_1061' title='bbox 2673 5559 2857 5628; x_wconf 88' lang='lat' dir='ltr'>capite</span> <span class='ocrx_word' id='word_1_1062' title='bbox 2883 5561 2936 5622; x_wconf 81' lang='grc'>5,</span> <span class='ocrx_word' id='word_1_1063' title='bbox 2977 5560 3124 5614; x_wconf 90' lang='lat' dir='ltr'>circa</span> <span class='ocrx_word' id='word_1_1064' title='bbox 3156 5560 3412 5613; x_wconf 87' lang='lat' dir='ltr'>medium</span> <span class='ocrx_word' id='word_1_1065' title='bbox 3459 5560 3724 5614; x_wconf 88' lang='lat' dir='ltr'>editionis</span> <span class='ocrx_word' id='word_1_1066' title='bbox 3755 5564 3871 5614; x_wconf 80' lang='grc' dir='ltr'>Λη-</span> 
     </span>
    </p>
   </div>
   <div class='ocr_carea' id='block_1_152' title="bbox 2163 5628 3863 5700">
    <p class='ocr_par' dir='ltr' id='par_1_152' title="bbox 2163 5628 3863 5700">
     <span class='ocr_line' id='line_1_153' title="bbox 2163 5628 3863 5700; baseline 0.005 -23"><span class='ocrx_word' id='word_1_1067' title='bbox 2163 5631 2353 5700; x_wconf 82' lang='lat' dir='ltr'>tuerp.</span> <span class='ocrx_word' id='word_1_1068' title='bbox 2387 5628 2522 5680; x_wconf 85' lang='lat' dir='ltr'>anni</span> <span class='ocrx_word' id='word_1_1069' title='bbox 2583 5631 2737 5682; x_wconf 83' lang='grc'>1536.</span> <span class='ocrx_word' id='word_1_1070' title='bbox 2765 5631 3018 5684; x_wconf 87' lang='lat' dir='ltr'>Postulat</span> <span class='ocrx_word' id='word_1_1071' title='bbox 3063 5631 3277 5700; x_wconf 88' lang='lat' dir='ltr'>quippe</span> <span class='ocrx_word' id='word_1_1072' title='bbox 3331 5631 3600 5692; x_wconf 84' lang='lat' dir='ltr'>sacerdos,</span> <span class='ocrx_word' id='word_1_1073' title='bbox 3643 5630 3863 5700; x_wconf 85' lang='lat' dir='ltr'>inquit,</span> 
     </span>
    </p>
   </div>
   <div class='ocr_carea' id='block_1_153' title="bbox 2163 5699 3867 5770">
    <p class='ocr_par' dir='ltr' id='par_1_153' title="bbox 2163 5699 3867 5770">
     <span class='ocr_line' id='line_1_154' title="bbox 2163 5699 3867 5770; baseline 0.005 -22"><span class='ocrx_word' id='word_1_1074' title='bbox 2163 5703 2222 5751; x_wconf 87' lang='lat' dir='ltr'>ut</span> <span class='ocrx_word' id='word_1_1075' title='bbox 2257 5699 2463 5752; x_wconf 83' lang='lat' dir='ltr'>Christi</span> <span class='ocrx_word' id='word_1_1076' title='bbox 2495 5715 2708 5766; x_wconf 85' lang='lat' dir='ltr'>corpus,</span> <span class='ocrx_word' id='word_1_1077' title='bbox 2743 5700 2888 5770; x_wconf 87' lang='lat' dir='ltr'>quod</span> <span class='ocrx_word' id='word_1_1078' title='bbox 2934 5701 3031 5753; x_wconf 88' lang='lat' dir='ltr'>sub</span> <span class='ocrx_word' id='word_1_1079' title='bbox 3063 5699 3236 5769; x_wconf 78' lang='lat' dir='ltr'>specie</span> <span class='ocrx_word' id='word_1_1080' title='bbox 3279 5704 3442 5769; x_wconf 78' lang='lat' dir='ltr'>panis</span> <span class='ocrx_word' id='word_1_1081' title='bbox 3467 5707 3518 5754; x_wconf 88' lang='lat' dir='ltr'>et</span> <span class='ocrx_word' id='word_1_1082' title='bbox 3562 5701 3680 5752; x_wconf 79' lang='lat' dir='ltr'>vini</span> <span class='ocrx_word' id='word_1_1083' title='bbox 3716 5699 3867 5756; x_wconf 80' lang='lat' dir='ltr'>nunc</span> 
     </span>
    </p>
   </div>
   <div class='ocr_carea' id='block_1_154' title="bbox 2163 5771 3867 5842">
    <p class='ocr_par' dir='ltr' id='par_1_154' title="bbox 2163 5771 3867 5842">
     <span class='ocr_line' id='line_1_155' title="bbox 2163 5771 3867 5842; baseline 0.004 -22"><span class='ocrx_word' id='word_1_1084' title='bbox 2163 5771 2396 5834; x_wconf 83' lang='lat' dir='ltr'>geritur,</span> <span class='ocrx_word' id='word_1_1085' title='bbox 2449 5773 2745 5836; x_wconf 85' lang='lat' dir='ltr'>manifesta</span> <span class='ocrx_word' id='word_1_1086' title='bbox 2771 5773 2979 5825; x_wconf 79' lang='lat' dir='ltr'>visione</span> <span class='ocrx_word' id='word_1_1087' title='bbox 3005 5773 3145 5828; x_wconf 85' lang='lat' dir='ltr'>sicut</span> <span class='ocrx_word' id='word_1_1088' title='bbox 3191 5788 3382 5826; x_wconf 74' lang='lat' dir='ltr'>revera</span> <span class='ocrx_word' id='word_1_1089' title='bbox 3411 5778 3488 5825; x_wconf 84' lang='lat' dir='ltr'>est</span> <span class='ocrx_word' id='word_1_1090' title='bbox 3535 5773 3867 5842; x_wconf 81' lang='lat' dir='ltr'>quandoque</span> 
     </span>
    </p>
   </div>
  </div>
