4130 6184
181 273 276 323 205

885 270 1341 326 DISSERTATIO
1383 271 1448 324 IN
1492 271 1620 324 LIB.
1662 272 1752 324 DF.
1792 269 2121 326 CORPORE
2165 271 2251 326 ET
2290 270 2642 326 SANGUINE
2683 273 2942 328 DOMINL

3568 279 3673 333 206

178 409 451 474 capiatur.
503 408 626 460 Jam
681 421 814 458 vero
862 406 992 474 quis
1032 405 1150 478 nisi
1183 407 1396 475 populo
1448 405 1665 460 differri
1713 406 1863 478 velit,
1904 409 1949 460 A
1983 410 2125 458 tum.
2159 409 2229 458 At
2259 423 2390 458 vero
2438 412 2804 475 percontarer
2835 408 2904 460 ab
2933 424 2999 460 eo
3039 408 3392 478 perlibenter
3423 427 3526 463 cur
3567 411 3674 465 hoc

180 479 411 544 aflinget
439 478 604 531 beato
651 478 857 546 Algero
892 477 1218 530 suasionem
1270 478 1624 545 hujusmodi,
1659 477 1873 530 scilicet

176 564 274 616 pro
304 549 587 616 explorato
615 563 720 600 non
748 563 900 616 posse
927 563 1035 600 esse
1063 550 1268 602 Christi
1297 564 1488 616 corpus
1520 551 1734 616 uspiam
1762 550 1873 601 nisi

179 622 437 671 alterutro
483 619 638 671 modo
694 635 756 671 ac
807 634 904 687 per
957 622 1302 686 conspicuam
1351 622 1867 684 mimi/estationem,

179 695 276 742 aut
296 706 394 758 per
420 689 834 742 similitudinem
865 689 1140 742 duntaxat
1169 705 1261 742 seu
1288 693 1545 757 ﬁguram.

247 762 394 815 XXX.
443 763 750 829 Postquam
797 759 1148 822 dissertator,
1180 776 1312 828 pag.
1368 763 1456 814 181
1506 760 1640 813 edit.
1692 759 1869 812 Paris.

181 836 236 883 et
259 834 365 884 293
409 831 545 884 edit.
581 831 850 897 Amstel.,
885 846 997 882 non
1031 831 1314 883 dubitavit
1358 836 1497 901 quin
1534 832 1874 884 Ratramnus

183 901 439 955 docuerit
460 905 836 954 mutationem
866 901 1029 970 panis
1051 907 1109 954 et
1128 903 1243 954 vini
1271 917 1428 954 num.
1459 904 1543 968 Ib’,
1566 904 1874 971 plusquam

180 979 365 1041 potest
413 974 654 1025 enititur
699 971 942 1042 probare
991 972 1181 1041 ipsum
1233 973 1606 1025 Ratramnum
1658 974 1785 1026 ficte
1819 979 1875 1025 et

179 1045 441 1096 simulate
475 1059 597 1095 esse
629 1043 908 1109 locutum,
939 1057 1041 1095 nec
1082 1043 1236 1095 aliud
1267 1043 1590 1111 intelligere
1619 1060 1723 1112 per
1752 1059 1871 1095 cor-

180 1131 282 1183 pus
330 1115 392 1166 in
447 1113 796 1166 Eucharistia
834 1129 1006 1182 quam
1051 1113 1363 1182 figuratum
1411 1123 1465 1166 et
1514 1131 1616 1182 per
1667 1113 1874 1166 mentis

181 1184 591 1253 cogitationem
631 1185 905 1248 existens;
936 1185 1188 1253 citatque
1242 1187 1412 1236 verba
1464 1192 1759 1253 assumpta
1806 1200 1874 1237 ex

180 1271 337 1308 num.
389 1258 492 1308 f6:
547 1259 615 1308 At
660 1257 793 1322 quia
846 1257 1163 1322 conﬁtentur
1216 1271 1408 1323 corpus
1459 1261 1506 1307 et
1554 1259 1874 1323 sanguinem

182 1329 290 1385 Dei.
324 1328 420 1378 hoc
447 1341 555 1378 non
593 1340 703 1377 esse
729 1327 970 1393 potuisse
1006 1329 1114 1378 nisi
1140 1328 1292 1391 facta
1323 1327 1378 1377 in
1412 1327 1601 1378 melius
1641 1342 1873 1378 commu-

182 1402 402 1462 tatione,
450 1411 620 1464 neque
660 1398 768 1448 ista
816 1400 1158 1449 commutatio
1202 1399 1551 1465 corporaliter
1589 1398 1682 1449 sed
1721 1400 1875 1465 spiri-

183 1470 406 1518 taatiter
433 1470 588 1531 facta
631 1469 724 1528 sit,
755 1482 959 1520 necesse
993 1472 1042 1519 et
1073 1469 1193 1534 jam
1233 1472 1290 1519 ut
1323 1470 1555 1534 ﬁgurate
1583 1471 1733 1532 facta
1766 1482 1876 1520 esse

179 1538 418 1600 dicatur,
452 1540 709 1605 quoniam
755 1537 853 1590 sub
895 1538 1188 1590 relamento
1236 1541 1476 1605 corporei
1503 1541 1666 1604 panis
1696 1553 1876 1606 corpo-

179 1611 362 1677 reique
388 1611 507 1660 riui
533 1608 828 1676 spirituale
855 1623 1047 1676 corpus
1076 1609 1293 1661 Christi
1318 1610 1733 1676 spirituatisque
1756 1624 1877 1662 san-

177 1683 297 1745 guis
328 1682 542 1732 existit.

871 1783 1184 1821 RESPONSIO.

245 1876 323 1928 Ex
381 1873 470 1927 liis
513 1873 888 1942 intelligimus
941 1875 1316 1927 Ratramnum
1369 1874 1634 1943 probasse
1689 1877 1866 1927 muta~

178 1948 396 1999 tionem
429 1945 638 1998 factam
683 1962 802 1998 esse
853 1947 913 1997 in
962 1947 1168 2013 figura,
1204 1961 1319 1998 non
1355 1946 1728 2014 corporaliter
1775 1961 1875 1997 seu

182 2017 350 2070 modo
383 2017 646 2068 sensibus
675 2015 941 2068 humanis
969 2016 1418 2069 accommodato.
1447 2017 1554 2070 Sed
1586 2015 1714 2083 quis
1746 2031 1875 2084 pro-

181 2095 372 2156 pterea
411 2086 520 2139 sibi
552 2087 894 2154 persuadeat
921 2102 1129 2156 corpus
1162 2087 1376 2140 Christi
1419 2086 1778 2139 solummodo
1814 2086 1872 2138 in

181 2162 368 2227 figura
399 2157 792 2227 existimasse?
828 2157 989 2210 Ratio
1036 2169 1272 2226 propter
1301 2173 1472 2226 quam
1524 2157 1877 2222 recognoscit

183 2226 428 2298 figuram
463 2226 719 2297 aliquam
752 2228 811 2280 in
843 2229 946 2280 hoc
975 2228 1242 2297 mysterio
1273 2228 1590 2281 decretoria
1611 2233 1776 2280 estet
1806 2227 1874 2280 ab

183 2300 452 2352 omnibus
492 2299 628 2351 viris
659 2298 948 2352 catholicis
992 2304 1238 2368 recepta.
1277 2320 1298 2346 ι
1335 2300 1614 2362 Quoniam
1663 2298 1878 2351 scilicet

184 2373 284 2423 sub
314 2371 645 2423 velamento
674 2371 933 2438 corporei
964 2369 1127 2438 panis
1156 2369 1533 2439 corporeique
1558 2369 1675 2421 vini
1707 2369 1876 2437 spiri-

182 2443 330 2494 tuale
361 2457 575 2510 corpus
606 2439 815 2510 Christi
863 2440 1290 2509 spiritualisque
1336 2440 1568 2507 sanguis
1603 2440 1809 2492 existit.
1847 2458 1874 2489 »

182 2513 282 2565 Sed
331 2509 480 2564 haec
508 2527 626 2563 non
656 2509 979 2581 signiﬁcant
1009 2511 1263 2563 solitaria
1296 2515 1502 2563 mentis
1531 2511 1876 2578 cogitatione

183 2582 458 2652 symbolis
485 2583 732 2634 excitata
761 2597 968 2650 corpus
999 2586 1054 2633 et
1082 2581 1426 2650 sanguinem
1462 2581 1665 2636 Christi
1697 2581 1754 2633 in
1789 2598 1877 2632 sa-

184 2658 476 2706 cramento
508 2652 774 2705 existere.
810 2653 947 2706 Cum
997 2653 1325 2704 Paschasius
1354 2653 1504 2704 dicat
1551 2652 1607 2704 in
1637 2652 1880 2720 epistola

183 2725 249 2777 ad
285 2723 688 2792 Frudgardum
719 2728 767 2775 et
806 2728 974 2776 totum
1013 2724 1301 2789 Spirituale
1339 2728 1434 2776 est.
1483 2724 1663 2776 Homo
1711 2723 1876 2775 fallax

183 2800 237 2848 et
285 2796 600 2847 insidiosas
642 2794 854 2847 audiet.
907 2794 1114 2846 Eadem
1163 2793 1509 2846 contumelia
1558 2793 1880 2861 explebitur

183 2866 383 2918 beatus
412 2865 660 2933 Algerus
708 2863 844 2933 quia
874 2863 952 2916 sic
998 2864 1151 2916 fatur
1179 2864 1276 2918 lib.
1310 2880 1326 2916 ι
1380 2865 1450 2918 de
1501 2863 1874 2928 Eucharistia,

183 2952 306 3005 cap.
342 2939 394 3003 35,
430 2936 501 2988 ad
549 2938 801 2988 mentem
838 2934 1170 2988 Ratramni:
1226 2956 1252 2981 ‹‹
1286 2934 1448 2998 Quod
1497 2936 1720 2987 videtur
1750 2949 1876 3001 spe-

184 3008 329 3060 ciem
383 3007 560 3059 habet
595 3007 983 3075 corporalem,
1030 3006 1186 3074 quod
1238 3005 1580 3074 intelligitur
1628 3006 1876 3058 fructum

1979 478 2072 545 jus
2103 493 2234 545 erga
2285 478 2660 550 Batramnum
2688 479 2880 550 Aviolet
2911 484 2966 532 et
3003 479 3148 533 hanc
3181 482 3465 550 aequitatis
3495 484 3671 535 ratio-

1984 564 2114 600 nem
2169 565 2282 600 non
2333 549 2566 612 habeat;
2603 548 2815 618 quippe
2865 565 2990 602 cum
3037 548 3296 618 pluribus
3346 553 3476 604 locis
3509 570 3672 607 suam

1985 620 2051 671 de
2088 620 2190 671 hac
2239 621 2543 686 praesentia
2586 619 2756 672 fidem
2811 620 3099 672 testiﬁcari
3150 638 3262 674 non
3315 623 3594 676 destiterit
3640 641 3673 677 a

1982 689 2347 764 nobis’antea
2386 691 2641 764 prolatis,
2673 697 2729 764 et
2777 691 3296 764 prmsertim‘num.
3331 694 3419 758 24,
3455 694 3512 746 in
3558 711 3672 764 quo

1985 761 2054 834 de
2104 761 2323 834 Christo
2359 762 2650 813 mentione
2681 760 2849 824 facta,
2886 764 2996 813 ait:
3032 780 3057 834 (μ
3091 761 3197 824 Qui
3241 769 3436 831 postea
3467 760 3672 834 corpus

1984 832 2052 884 de
2104 830 2336 899 Virgine
2395 837 2688 901 sumptum
2723 837 2778 883 et
2828 848 2928 900 pro
2977 831 3157 884 salute
3201 830 3582 888 credentium'
3612 835 3671 888 in

1985 917 2150 974 cruce
2175 903 2759 974 suspensumwnostris
2793 901 3014 955 saeculis
3047 903 3304 955 exhibuit
3330 909 3383 956 et
3410 921 3510 974 per
3541 923 3670 958 san-

1983 971 2176 1041 guinis
2228 974 2437 1026 undam
2471 973 2690 1037 effudit,
2724 989 2837 1042 quo
2871 989 2983 1024 non
3020 974 3201 1025 solum
3233 971 3670 1042 redimeremur,

1985 1059 2183 1096 verum
2217 1043 2384 1096 etiam
2438 1053 2789 1112 poteremur.
2828 1062 2854 1092 »
2892 1043 3069 1110 Igitur
3119 1049 3274 1096 extra
3304 1060 3531 1097 omnem
3579 1063 3670 1098 su-

1985 1113 2302 1184 spicionem
2339 1119 2394 1167 et
2425 1114 2856 1166 contentionem
2896 1114 3146 1182 positum
3183 1120 3266 1167 est
3296 1116 3674 1170 Ratramuum

1985 1183 2091 1237 sibi
2146 1185 2490 1252 persuasisse
2548 1185 2808 1237 homines
2865 1186 3219 1253 aequabiliter
3277 1202 3410 1238 vero
3470 1187 3676 1239 Christi

1985 1256 2262 1323 sanguine
2290 1256 2468 1309 effuso
2501 1257 2826 1324 redemptos
2859 1261 2914 1307 et
2960 1262 3186 1324 potatos
3231 1255 3420 1309 fuisse.
3475 1275 3500 1307 τ(
3550 1257 3674 1320 Quo

1983 1342 2100 1378 non
2133 1327 2317 1378 solum
2361 1326 2794 1385 redimeremur,
2827 1342 3021 1377 verum
3055 1327 3225 1378 etiam
3261 1333 3611 1394 potaremur.
3649 1348 3670 1374 ι

1985 1400 2183 1448 Astute
2217 1396 2364 1449 cavit
2409 1397 2741 1449 dissertator
2772 1413 2843 1447 ne
2875 1413 3131 1464 unquam
3181 1398 3463 1466 ejusmodi
3508 1399 3679 1450 verba

1984 1468 2284 1539 proferret,
2318 1483 2497 1539 eaque
2548 1484 2579 1519 a
2623 1468 3047 1518 continentibus
3088 1468 3309 1539 scriptis
3358 1469 3475 1521 suis
3515 1468 3677 1539 quasi

1986 1537 2235 1591 fabulam
2271 1538 2510 1590 secrevit
2544 1553 2769 1606 semper
2798 1545 2847 1589 et
2887 1538 3268 1607 prmtermisit.

2055 1609 2253 1662 XXXII.
2300 1609 2447 1672 Quid
2495 1609 2638 1675 quod
2687 1611 2804 1676 ipse
2845 1614 3007 1672 negat
3051 1609 3270 1661 disertis
3309 1609 3486 1662 verbis
3526 1625 3674 1663 nam.

1987 1681 2092 1732 62:
2133 1701 2158 1727 ‹‹
2201 1683 2402 1733 Manna
2445 1679 2612 1743 istud,
2648 1681 2830 1747 inquit
2865 1681 3215 1743 Rat-ramnus,
3262 1681 3407 1747 quod
3436 1679 3678 1733 comede-

1919 1759 1957 1812 Β
1985 1754 2133 1815 runt,
2153 1756 2202 1802 et
2233 1766 2432 1817 aquam
2457 1765 2620 1817 quam
2643 1750 2910 1810 biberunt,
2935 1764 3191 1816 corporea
3205 1753 3378 1813 fuisse
3403 1765 3553 1802 nemo
3580 1751 3676 1802 du-

1987 1821 2142 1873 bitat.
2180 1840 2205 1870 »
2243 1825 2353 1890 Quo
2395 1821 2502 1873 loco
2537 1820 2761 1887 pcrindc
2791 1836 2852 1872 ac
2897 1819 2955 1871 in
2986 1821 3338 1872 Eucharistia
3369 1835 3677 1888 corporeum

1983 1891 2253 1944 contendit
2283 1906 2393 1944 esse
2425 1892 2567 1958 quod
2598 1892 2778 1943 editur
2802 1896 2963 1957 atque
2991 1893 3045 1942 in
3075 1906 3277 1943 manna
3296 1893 3424 1954 fuit.

2674 2011 2984 2051 RESPONSIO.

2055 2104 2260 2168 Quaero
2296 2103 2418 2173 jam
2469 2121 2497 2155 a
2548 2103 2917 2156 dissertatore
2964 2119 3036 2154 an
3082 2102 3192 2156 sibi
3237 2103 3415 2170 ﬁngat
3461 2103 3677 2173 aliquid

1983 2176 2207 2229 comedi
2235 2175 2606 2243 corporaliter
2650 2174 2862 2226 sensim
2912 2179 2967 2225 et
2998 2189 3125 2225 cum
3177 2189 3346 2226 sensu
3383 2173 3441 2226 in
3481 2189 3678 2242 perce-

1983 2247 2177 2315 ptione
2210 2247 2547 2298 sacramenti
2595 2261 2693 2296 ore
2743 2245 3177 2315 corporeo,gnisi
3211 2245 3364 2313 quod
3416 2245 3679 2298 sensibus

1982 2313 2470 2370 accommodatum
2515 2320 2570 2368 et
2599 2316 2911 2368 obnoxium
2943 2313 3065 2368 est?
3097 2316 3299 2367 Vultne
3335 2315 3676 2384 persuadere

1984 2388 2152 2441 nobis
2183 2387 2373 2456 ipsum
2415 2403 2612 2439 verum
2665 2403 2870 2455 corpus
2915 2386 3123 2440 Christi
3175 2385 3398 2438 comedi
3450 2387 3516 2439 ad
3551 2402 3677 2439 mo-

1984 2461 2120 2511 dum
2178 2455 2545 2510 obsoniorum
2597 2463 3026 2516 consuetorum,
3074 2455 3339 2509 dentibus
3384 2457 3677 2510 frustatim

1986 2529 2230 2596 discerpi
2260 2544 2322 2580 ac
2362 2527 2619 2596 partitim
2655 2527 2964 2593 deglutiri?
2995 2529 3120 2580 Haec
3148 2527 3344 2595 opinio
3377 2543 3408 2578 a
3450 2528 3678 2582 nemine

1987 2599 2218 2652 homine
2268 2605 2419 2650 arcte
2477 2598 2663 2650 teneri
2715 2603 2812 2650 aut
2864 2603 3123 2650 accurate
3180 2598 3410 2650 defendi
3467 2606 3675 2666 potest.

1985 2671 2130 2734 Quid
2160 2684 2294 2738 ergo
2337 2669 2422 2721 illi
2473 2669 2859 2722 incommodet
2887 2668 2946 2720 in
2998 2669 3086 2720 his
3118 2669 3416 2722 Ratramni
3448 2669 3681 2724 verbis?

1990 2740 2260 2810 Nunquid
2297 2756 2409 2792 non
2447 2745 2661 2809 species
2703 2739 3142 2791 sacramentales
3174 2739 3447 2792 solitariae
3475 2755 3680 2809 corpo-

1988 2812 2179 2864 raliter
2209 2812 2590 2863 comeduntur
2621 2826 2721 2862 seu
2752 2810 3016 2862 dentibus
3037 2815 3432 2876 conteruntur,
3465 2815 3520 2862 et
3552 2826 3678 2880 par-

1985 2882 2138 2935 titim
2174 2897 2276 2949 per
2323 2881 2577 2933 canalem
2630 2881 2880 2950 laryngis
2910 2881 2969 2933 in
3017 2881 3310 2933 thoracem
3365 2883 3576 2934 sensim
3628 2885 3683 2934 et.

1987 2968 2115 3005 cum
2147 2967 2312 3004 sensu
2343 2951 2488 3004 sicut
2532 2967 2739 3002 manna
2785 2951 3211 3003 demittuntur?
3258 2955 3346 3003 An
3375 2950 3542 3004 aliam
3576 2952 3676 3004 do-

1985 3023 2226 3076 ctrinam
2275 3022 2558 3090 explicant
2605 3021 2955 3084 Paschasius,
2989 3022 3226 3088 Algerus
3258 3025 3313 3072 et
3355 3038 3554 3074 omnes
3584 3038 3679 3090 ge-

183 3079 356 3164 ha‘bet
405 3077 904 3164 etjspipit‘ualern‘;
936 3076 1314 3164 tquiauigitlur
1355 3076 1524 3164 aliud
1561 3081 1874 3164 est‘corpo-

1999 3094 2243 3164 aeratimi
2266 3098 2322 3144 et
2347 3076 2699 3159 generaliter
2741 3076 3005 3142 homines
3046 3076 3357 3143 Christiani
3387 3098 3442 3144 et
3473 3076 3676 3145 Catho-

183 3151 304 3202 rale
337 3148 490 3218 quod
527 3147 773 3206 videtur.
800 3147 951 3200 aliud
983 3147 1278 3216 spirituale
1318 3147 1470 3216 quod
1511 3146 1875 3218 intelligitur,

184 3216 517 3288 aliud'ergo
550 3221 637 3271 est
676 3225 1098 3271 sacramentum
1128 3234 1300 3286 quam
1331 3234 1421 3270 res
1454 3216 1813 3288 sacramenti.
1852 3234 1880 3265 »

183 3296 238 3342 et
271 3291 352 3343 lib
401 3286 470 3354 1i,
516 3304 641 3358 cap.
693 3290 797 3342 30:
836 3309 863 3334 ‹‹
915 3290 1074 3350 Quod
1123 3289 1365 3354 videtur,
1418 3288 1666 3356 speciem
1711 3286 1884 3358 habet

183 3361 550 3429 corporalem
570 3357 767 3429 {quod
809 3359 1173 3428 intelligitur,
1203 3359 1452 3412 fructum
1504 3358 1669 3412 habet
1712 3357 1882 3427 spiri-

187 3436 422 3484 tualem.
462 3450 488 3479 ι)

255 3503 437 3558 XXXI.
482 3502 713 3554 Fatetur
763 3499 1114 3565 dissertator,
1166 3516 1296 3569 pag.
1345 3501 1433 3552 181
1493 3502 1548 3553 et
1594 3502 1715 3563 I82,
1773 3501 1881 3564 §6,

185 3573 462 3626 editionis
511 3572 709 3636 Paris,
765 3577 820 3624 et
868 3571 1006 3624 edit.
1051 3572 1365 3624 Amstelod.
1417 3571 1550 3633 '293,
1603 3569 1632 3640 §
1679 3573 1731 3635 6,
1786 3585 1887 3622 seu

185 3660 351 3697 num.
407 3646 461 3702 6.
525 3657 693 3695 usum
738 3657 859 3694 esse
907 3642 1283 3696 Ratramnum
1339 3656 1474 3693 voce
1526 3642 1887 3694 conversionis

185 3732 348 3768 num.
396 3715 488 3776 24,
521 3715 588 3766 25
617 3718 673 3766 et
701 3715 801 3776 27;
835 3714 932 3764 sed
964 3718 1026 3764 ut
1056 3711 1530 3764 dissimulationis
1560 3718 1617 3764 et
1670 3711 1888 3764 fraudis

186 3787 512 3849 convincat,
546 3784 764 3852 profert
793 3782 1302 3852 comparationem,
1335 3798 1504 3852 quam
1537 3781 1605 3834 iis
1632 3781 1889 3852 numeris

187 3856 473 3924 prodidit,
520 3851 746 3907 manna».
795 3851 938 3906 cum,
970 3854 1321 3906 Eucharistia
1347 3851 1370 3905 ἐκ
1409 3852 1728 3922 probatque
1777 3851 1888 3904 ibi-

185 3927 323 3981 dem
389 3926 669 3994 subjicere
745 3925 1120 3977 Ratramnum
1179 3926 1605 3976 conversionem
1686 3924 1886 3994 factam

187 3997 367 4050 fuisse
415 3993 645 4049 marinae
679 3995 735 4047 in
767 4010 972 4064 corpus
1003 3995 1230 4060 Christi,
1267 4010 1381 4046 non
1413 4010 1574 4048 secus
1617 4009 1680 4046 ac
1728 3993 1890 4064 panis

185 4075 246 4122 et
299 4069 417 4120 vini
469 4067 526 4119 in
574 4081 804 4118 carnem
851 4071 906 4118 et
957 4064 1298 4134 sanguinem
1339 4065 1488 4118 solet
1531 4064 1731 4117 efﬁeri.
1783 4063 1892 4116 Sed

186 4155 324 4192 cum
346 4139 468 4191 haec
489 4137 706 4205 opinio,
728 4151 857 4206 quae
874 4136 1238 4204 praesentiam
1257 4136 1512 4204 corporis
1526 4139 1580 4206 et
1595 4134 1893 4203 sanguinis

188 4211 248 4261 in
283 4225 503 4263 manna
532 4205 805 4271 defendit,
836 4207 977 4259 falsa
1014 4206 1101 4271 sit,
1132 4206 1406 4271 insolens,
1440 4211 1495 4259 et
1525 4205 1594 4259 ab
1627 4205 1894 4258 omnibus

185 4281 494 4341 derelicta,
526 4293 725 4346 parem
774 4284 989 4330 sortem
1036 4276 1245 4330 habere
1299 4277 1509 4330 debere
1557 4275 1893 4346 opinionem

189 4350 500 4404 Rati-amni
533 4349 602 4401 de
634 4347 940 4418 praesentia
977 4348 1234 4417 corporis
1267 4347 1486 4418 Christi
1515 4352 1572 4399 et
1600 4346 1895 4416 sanguinis

185 4425 249 4475 in
283 4417 650 4474 Eucharistia
679 4419 1012 4472 dissertator
1040 4417 1350 4472 contendit.

891 4556 1206 4597 RESPONSIO.

261 4651 430 4706 Nihil
489 4649 641 4720 apud
698 4650 894 4702 Patres
954 4652 1010 4701 et
1064 4649 1326 4720 doctores
1388 4645 1654 4720 Ecclesiae.
1714 4645 1898 4714 magis

183 4723 404 4776 tritum
436 4727 492 4774 et
525 4717 760 4789 vulgare
808 4723 894 4772 est
936 4718 1225 4788 ejusmodi
1270 4717 1693 4788 comparatione
1733 4732 1894 4768 man-

183 4811 279 4848 Πιξ·
329 4797 392 4846 et
439 4790 832 4856 Eucharistim,
869 4790 1032 4858 cujus
1080 4789 1396 4842 similitudo
1440 4790 1600 4858 justa
1626 4792 1680 4840 et
1733 4803 1900 4856 requa

183 4872 274 4917 est
307 4864 591 4916 maxime.
626 4857 1108 4914 Enimvero’sicut
1152 4875 1364 4913 manna
1407 4857 1528 4911 erat
1575 4857 1762 4926 ﬁgura
1812 4858 1899 4911 fu-

181 4942 394 4988 turam
451 4931 865 4986 Eucharistiam
922 4935 1362 5001 repraesentans,
1409 4929 1763 4982 Eucharistia
1816 4935 1902 4981 est

182 5007 377 5059 etiam
408 5004 597 5073 ﬁgura
613 5018 824 5055 manna
843 5002 1204 5073 prmteritum
1225 5001 1517 5073 exhibens.
1546 5001 1813 5053 Attamen
1833 5015 1901 5051 ex

180 5078 277 5130 his
308 5091 437 5129 non
459 5071 833 5143 consequitur
860 5073 1051 5125 Patres
1077 5071 1487 5125 Eucharistiam
1515 5074 1796 5143 tanquam
1822 5086 1903 5143 so-

185 5147 455 5200 litariam
489 5140 736 5213 figuram
767 5143 1104 5212 respexisse,
1137 5148 1235 5196 aut
1274 5157 1469 5194 revera
1497 5157 1702 5210 corpus
1742 5140 1902 5213 Chri-

183 5219 257 5271 sti
292 5211 563 5287 praesens
593 5215 652 5267 in
701 5211 1200 5287 sacramentonon
1232 5217 1542 5287 _reputas_se
1586 5227 1694 5287 nec
1722 5211 1902 5287 credis

185 5282 381 5342 disie.
420 5288 762 5340 Dissertator
802 5289 887 5338 est
927 5285 1198 5353 magister
1228 5283 1287 5336 in
1322 5283 1512 5346 Israel,
1545 5297 1649 5335 nec
1680 5282 1907 5351 ignorat

184 5356 590 5430 quamfacile
613 5355 776 5430 ‘hanc
808 5355 994 5430 fuisse
1043 5355 1230 5430 fidem
1265 5355 1496 5406 Patrum
1549 5353 1904 5430 demonstra-

183 5421 321 5484 ἔξω
355 5428 411 5481 si
458 5426 728 5503 cupidius
758 5426 1030 5503 adversus
1075 5425 1458 5503 eos‘instaret
1495 5429 1732 5503 propter
1761 5421 1909 5503 hanc

185 5495 729 5568 comparatiOnem,
763 5501 818 5550 et
847 5511 942 5568 eos
971 5496 1136 5568 itaut
1165 5496 1543 5568 Riatramnum
1574 5495 1688 5568 sive
1721 5495 1909 5568 aucto-

183 5565 437 5626 rem'de
469 5568 726 5638 Corpore
755 5573 813 5621 et
860 5566 1151 5638 Sanguine
1198 5565 1425 5638 Domini
1467 5565 1771 5638 exciperet.
1811 5565 1907 5616 In-

185 5643 498 5711 telligeret
526 5635 724 5711 enim,
758 5653 890 5711 cum
932 5636 1176 5690 inﬁnitis
1207 5637 1345 5688 locis
1371 5635 1736 5711 praesentiam
1777 5648 1909 5711 c_or-

185 5705 364 5782 poris
402 5709 618 5782 Christi
650 5723 842 5782 veram
870 5707 933 5760 in
968 5711 1325 5782 sacramento
1355 5707 1683 5782 docuerint,
1708 5720 1776 5782 ex
1804 5705 1910 5758 hac

188 5775 649 5853 comparatione
677 5779 902 5833 nullum
931 5777 1014 5831 eis
1041 5777 1296 5831 accidere
1328 5791 1494 5846 posse
1518 5775 1910 5829 intertrimen-

1991 3163 2084 3216 lici
2111 3163 2256 3215 viri?

2061 3233 2280 3287 XXXIII.
2325 3232 2506 3296 Quare
2555 3246 2701 3284 num.
2752 3232 2854 3292 26,
2905 3229 3094 3299 inquit
3142 3229 3493 3292 dissertator,
3544 3247 3675 3300 pag.

1991 3307 2094 3358 293
2151 3305 2286 3356 edit.
2337 3302 2682 3367 Amstelod.,
2732 3304 2790 3354 in
2835 3305 3061 3368 utroque
3112 3302 3346 3367 symbolo
3408 3301 3680 3356 Christum

1993 3377 2269 3429 duntaxat
2302 3376 2461 3427 innui
2501 3374 2668 3436 docet,
2715 3373 2812 3439 qui
2848 3372 3176 3425 credentium
3218 3377 3411 3440 pascat
3441 3376 3678 3436 animos;

1993 3447 2429 3513 dissimulatque,
2476 3445 2558 3496 vel
2600 3447 2763 3509 negat
2807 3445 3015 3511 precise
3050 3445 3251 3510 potius,
3283 3459 3339 3496 eo
3381 3445 3540 3496 uerbo
3569 3445 3680 3497 cal—

1993 3518 2139 3570 lidus
2185 3520 2472 3580 veterator,
2523 3517 2582 3566 in
2626 3516 2796 3567 altero
2843 3514 3119 3568 Christum
3171 3516 3331 3566 innui
3377 3515 3568 3578 solum,
3622 3517 3680 3567 in

1993 3589 2165 3640 altero
2189 3589 2352 3640 etiam
2394 3587 2683 3648 contineri;
2726 3584 2882 3652 cujus
2922 3588 3003 3636 rei
3039 3585 3246 3638 nultum
3286 3587 3344 3637 in
3394 3590 3498 3638 toto
3527 3601 3684 3653 opere

1992 3660 2076 3711 vel
2127 3663 2279 3710 tenue
2324 3659 2607 3722 vestigium
2650 3659 2746 3708 est.
2798 3655 2968 3720 Negat
3015 3659 3064 3706 et
3110 3656 3376 3708 malorum
3432 3655 3683 3710 dentibus

1991 3731 2182 3795 primi,
2215 3742 2334 3779 cum
2362 3727 2617 3778 bonorum
2642 3724 2970 3778 solummodo
2999 3727 3207 3778 animos
3234 3732 3447 3793 pascat.

2687 3845 2998 3884 RESPONSIO.

2069 3937 2297 3992 Minime
2356 3937 2518 3990 docet
2577 3937 2920 3989 Ratramnus
2978 3950 3138 3987 num.
3188 3935 3286 4001 26,
3346 3937 3404 3988 in
3460 3939 3687 4003 utroque

1997 4010 2233 4077 symbolo
2285 4009 2559 4064 Christum
2626 4007 2932 4077 duntaxat
2967 4008 3142 4058 innui.
3205 4007 3440 4077 Revera,
3475 4007 3574 4068 ait,
3625 4007 3685 4059 in

1999 4075 2248 4149 utroque
2297 4080 2543 4134 Christus
2588 4080 2858 4149 innuit_ur.
2911 4075 3020 4149 Sed
3066 4077 3154 4128 hin
3207 4093 3367 4149 voces
3415 4076 3689 4149 duntaxat

2001 4157 2058 4204 et
2104 4147 2466 4203 solummodo
2523 4149 2582 4201 in
2636 4147 2869 4200 cerebro
2922 4147 3320 4214 dissertatoris,
3366 4147 3688 4218 anticipatis

2001 4221 2368 4290 Opinionibus
2398 4221 2666 4272 adversus
2706 4219 3080 4272 Ratramnum
3122 4222 3393 4290 occupato
3422 4223 3479 4271 et
3507 4234 3688 4287 vapo-

2003 4289 2148 4359 rato,
2180 4293 2473 4346 inventum
2506 4290 2850 4354 habuerunt,
2887 4305 3016 4357 quas
3048 4289 3251 4342 nullibi
3283 4289 3342 4341 in
3375 4305 3543 4358 opere
3579 4291 3689 4344 Ra-

2003 4362 2216 4415 tramni
2249 4365 2572 4414 occurrunt.
2608 4360 2665 4412 Si
2689 4360 2769 4411 eis
2799 4376 2934 4412 usus
2959 4359 3177 4422 fuisset,
3202 4360 3310 4412 sibi
3334 4360 3445 4429 ipsi
3472 4365 3692 4413 contra-

1938 4456 1980 4508 ι)
2005 4435 2137 4508 rius
2155 4432 2436 4508 existeret.
2473 4432 2613 4508 Nam
2648 4430 2996 4508 aitgnﬂumero
3021 4432 3051 4482 9
3077 4446 3090 4482 :
3117 4452 3152 4508 Δ‹‹
3176 4431 3432 4508 Exterius
3461 4430 3689 4508 quidem

2005 4503 2172 4574 panis
2204 4503 2355 4571 quod
2395 4507 2528 4555 ante
2561 4501 2747 4574 fuerat
2775 4501 2961 4552 forma
2989 4500 3383 4574 prietendifur‘,
3418 4502 3690 4574 coloruosf

2007 4571 2284 4636 tenditur,
2334 4587 2504 4641 sapor
2551 4571 2857 4640 accipitur;
2905 4575 2991 4622 ast
3029 4571 3270 4623 interius
3320 4573 3488 4639 longe
3538 4572 3693 4626 aliud

2005 4645 2186 4697 multo
2245 4642 2552 4712 pretiosius
2597 4643 2889 4711 multoque
2935 4641 3306 4694 excellentius
3360 4641 3690 4710 intimatur,

2008 4715 2144 4785 quia
2182 4715 2428 4777 caeleste,
2483 4713 2618 4782 quia
2667 4712 2948 4785 divinum,
2981 4712 3038 4765 id
3086 4718 3168 4764 est
3213 4712 3691 4785 Christiicorpus,

2009 4783 2344 4850 ostenditur,
2376 4785 2524 4854 quod
2555 4800 2671 4836 non
2703 4783 2959 4854 sensibus
2987 4785 3192 4854 carnis,
3221 4783 3317 4836 sed
3351 4783 3530 4836 animi
3556 4783 3694 4854 ﬁde-

2009 4858 2077 4910 lis
2107 4855 2366 4909 contuitu
2393 4853 2500 4908 vel
2535 4854 2825 4923 aspicitur,
2859 4853 2948 4905 vel
2983 4853 3275 4922 accipitur,
3308 4855 3392 4906 vel
3442 4853 3692 4923 comedi-7

2008 4932 2120 4981 tur.
2158 4948 2178 4973 ι
2213 4927 2278 4979 Et
2310 4941 2468 4978 num.
2506 4921 2611 4977 1οΞ
2646 4925 2902 4977 «Vinum
2925 4921 3153 4994 quoque
3184 4924 3336 4994 quod
3365 4921 3695 4977 sacerdotali

2010 4995 2432 5051 consecratione
2466 4995 2668 5048 Christi
2710 4994 2940 5064 sanguis
2981 4994 3243 5058 efﬁcitur,
3278 4997 3692 5064 sacramentum

2012 5069 2162 5122 aliud
2199 5066 2499 5136 superﬁcie
2545 5071 2709 5118 tenus
2749 5062 3019 5130 ostendit,
3054 5065 3216 5136 aliud
3240 5064 3481 5136 interius
3504 5062 3696 5136 conti-

2010 5153 2129 5192 net.
2165 5158 2192 5187 »
2225 5133 2360 5200 Quis
2392 5138 2534 5190 adeo
2564 5141 2754 5190 mente
2791 5141 2986 5205 captus
3017 5141 3080 5186 ut
3118 5134 3223 5188 sibi
3252 5133 3547 5205 ﬁngatghis
3572 5148 3696 5205 ver-

2016 5210 2099 5262 bis
2128 5209 2402 5264 Christum
2449 5209 2507 5260 in
2550 5208 2717 5260 altero
2762 5203 2993 5271 negari?
3023 5206 3179 5260 Sicut
3219 5205 3353 5256 dum
3402 5203 3479 5256 ait
3507 5203 3697 5255 conti-

2013 5279 2173 5333 nenti
2214 5279 2462 5348 scripto:
2511 5282 2651 5348 «ΠΜ
2693 5276 3019 5348 interiussi
3057 5275 3401 5348 consideres,
3428 5273 3546 5348 jam
3580 5290 3698 5348 non

2014 5350 2210 5420 liquor,
2232 5342 2369 5414 vini,
2403 5347 2497 5401 sed
2529 5347 2719 5420 liquor
2757 5345 3052 5415 sanguinis
3097 5342 3318 5420 Christ_i_
3342 5345 3698 5420 credentium

2014 5415 2368 5474 mentibus...
2431 5415 2770 5489 sapit—dum
2827 5422 3203 5489 gustatur.__»
3257 5415 3328 5468 Et
3381 5432 3535 5489 num.
3593 5417 3697 5470 43:

2019 5509 2046 5541 ‹‹
2077 5491 2236 5544 Unde
2267 5484 2581 5557 sanguis—et
2609 5503 2830 5557 corpus?
2855 5485 3060 5557 Christi
3089 5484 3376 5557 dicuntur
3405 5488 3540 5557 quia
3587 5504 3703 5540 non

2018 5561 2170 5632 quod
2200 5555 2448 5632 exterius
2477 5555 2743 5632 videntur
2781 5556 2975 5632 divino
3006 5555 3223 5632 Spiritu
3256 5555 3530 5624 operante
3560 5557 3708 5632 facta

2018 5626 2169 5699 sunt,
2202 5631 2581 5701 accipiuntur.
2618 5630 2686 5681 Et
2707 5628 2842 5698 quia
2871 5627 3056 5701 longe
3071 5626 3226 5701 aliud
3258 5644 3361 5697 per
3385 5630 3708 5698 potentiam

2017 5696 2363 5780 invisibilerh
2413 5701 2663 5780 existunt
2707 5696 2880 5769 quam
2932 5696 3616 5780 visibiliterappareant.
3656 5717 3706 5780 ,ξ

2019 5771 2163 5836 Quid
2195 5773 2330 5826 ﬁdei
2370 5771 2664 5824 catholicae
2706 5768 3116 5838 congruentius
3151 5768 3460 5840 excogitari
3485 5768 3712 5838 potest?
