4148 6180
231 315 334 366 209

962 306 1419 369 DISSERTATIO
1457 313 1524 368 IN
1564 313 1698 370 LIB.
1741 315 1832 371 DE
1871 313 2196 371 CORPORE
2237 314 2328 369 ET
2368 313 2715 368 SANGUINE
2759 315 3019 371 DOMINI.

3633 323 3740 376 210

233 449 704 526 tionenmysterii,
754 450 995 526 efﬁcitur
1023 451 1248 515 sanguis
1281 450 1528 526 Christi,
1577 466 1683 526 n_on_
1721 449 1939 526 quidem
1976 451 2018 505 A
2047 449 2168 503 tulo
2192 449 2389 526 labore
2420 465 2734 526 perperam
2763 451 2960 526 sudat._
2999 452 3142 526 Quid
3188 455 3340 510 enim
3375 457 3539 526 juvat
3567 458 3738 513 afﬁn-

232 518 502 583 oisibilis,
535 519 630 572 sed
659 521 1030 584 invisibiliter,
1063 525 1317 588 operante
1344 521 1559 588 Spiritu
1587 523 1704 586 Dei,
1735 518 1792 575 in
1811 524 1933 574 ani-

232 591 335 644 mis
366 592 560 658 utique
583 590 878 644 sacerdotis
911 595 1008 644 aut
1037 590 1232 658 plebis,
1262 593 1320 643 in
1353 592 1547 658 quibus
1569 591 1709 656 ﬁdes
1740 597 1932 658 myste-

231 664 377 714 rium
403 662 800 728 contemplatur
839 665 889 713 et
917 662 1325 728 contemplanda
1353 664 1540 729 efﬁcit.
1579 683 1606 709 «
1637 664 1776 716 Nam
1805 662 1935 716 dum

231 731 529 785 visibiliter
555 733 726 785 solum
773 731 832 783 id
864 731 1008 795 fieri,
1041 747 1238 798 negare
1265 732 1498 784 videtur.
1553 734 1817 796 Va/‘rities
1871 749 1933 786 ea

229 807 307 855 est
338 803 573 856 hominis
599 803 854 869 improbi,
899 817 1093 870 corpus
1128 818 1242 855 esse
1269 816 1426 872 posse
1444 805 1541 871 qui
1565 809 1741 869 neget,
1776 808 1836 856 ut
1867 820 1934 856 ea:

228 873 524 926 Paschasio
550 879 712 925 antea
741 873 1069 934 audivimus,
1101 876 1212 926 nisi
1234 873 1376 939 quod
1413 875 1692 941 palpabile
1716 878 1766 926 et
1796 876 1923 927 eisi-

231 943 337 996 bile
382 945 478 1009 sit,
514 947 678 1012 atque
718 943 852 997 adeo
889 944 986 997 ubi
1037 944 1143 997 tale
1181 959 1288 997 non
1315 946 1407 1008 sit,
1450 945 1529 997 ibi
1569 945 1776 998 nullum
1823 959 1934 999 esse

229 1016 465 1068 omnino.

927 1099 1238 1137 BESPONSIO.

301 1189 439 1243 Ecce
491 1189 644 1260 quod
677 1189 1041 1258 probandum
1085 1188 1365 1243 incumbit
1406 1189 1780 1258 dissertatori,
1828 1190 1929 1244 sci-

231 1259 364 1314 licet
393 1259 876 1330 sibi’persuasisse
910 1261 1288 1314 Batramnum
1321 1261 1466 1313 hanc
1497 1262 1924 1314 conversionem

227 1331 286 1384 in
350 1331 609 1384 solitaria
659 1335 850 1401 mente
901 1331 1181 1384 credentis
1217 1330 1464 1384 hominis
1513 1331 1657 1398 tieri,
1709 1339 1765 1385 et
1800 1332 1925 1401 [non

228 1417 350 1455 esse
381 1402 684 1472 applicata!
721 1400 857 1472 ﬁdei
888 1402 1195 1470 objectum,
1229 1402 1323 1472 sed
1357 1401 1638 1455 effectum.
1679 1400 1924 1457 [locau-

226 1476 344 1524 tem
381 1468 732 1542 est-prorsus
773 1468 1048 1524 άδύναὲον.
1106 1471 1372 1526 Eamdem
1419 1473 1701 1526 fallaciam
1751 1474 1923 1527 ascri-

227 1543 364 1597 bere
394 1544 608 1612 poterit
653 1542 972 1609 Paschasio,
1015 1543 1113 1612 qui
1145 1544 1223 1595 ait
1253 1559 1376 1612 cap.
1429 1545 1458 1596 3
1489 1543 1618 1596 libri
1664 1543 1734 1596 de
1783 1545 1926 1597 Cor—

224 1629 366 1682 pore
399 1620 456 1667 et
474 1615 764 1682 Sanguine
787 1613 1014 1668 Domini
1037 1629 1161 1684 pag.
1182 1615 1314 1667 1560
1347 1630 1358 1666 :
1385 1633 1412 1661 ‹‹
1445 1613 1604 1677 Quod
1639 1613 1925 1667 sensibilis

225 1700 315 1738 res
347 1684 812 1753 intelligibiliter,
847 1683 1054 1738 virtute
1084 1683 1182 1737 Dei
1208 1700 1311 1754 per
1333 1684 1599 1754 Verbum
1633 1685 1838 1738 Christi
1868 1685 1921 1737 in

225 1771 459 1808 carnem
494 1756 674 1824 ipsius
707 1760 762 1808 et
789 1756 1128 1825 sanguinem
1159 1753 1518 1808 transfertur.
1546 1775 1572 1805 ι)
1607 1756 1923 1808 Trans-ferri

225 1825 383 1878 enim
413 1831 473 1878 et
524 1828 813 1894 transponi
841 1841 1160 1895 synonyma
1215 1831 1347 1879 sunt
1395 1831 1445 1878 et
1493 1827 1641 1879 idem
1691 1842 1922 1896 prorsus

224 1896 574 1966 signiﬁcant.
617 1897 1116 1959 Supervacaneum
1155 1901 1240 1949 est
1287 1896 1457 1949 etiam
1491 1896 1681 1950 dicere
1728 1897 1925 1950 fraude

223 1967 376 2020 mala
405 1967 606 2036 negari
638 1984 672 2020 a
702 1967 1014 2021 Ratramno
1043 1967 1150 2020 hoc
1183 1967 1310 2020 fieri
1345 1967 1513 2020 modo
1546 1968 1808 2021 sensibus
1840 1983 1925 2021 ac-

223 2038 609 2100 commodato,
667 2037 765 2106 qui
798 2043 968 2107 neget
1015 2053 1222 2106 corpus
1269 2052 1390 2090 esse
1431 2054 1594 2106 posse
1627 2037 1737 2090 nisi
1768 2038 1922 2107 quod

222 2107 515 2177 palpabile
566 2114 622 2161 et
661 2107 878 2160 visibile
936 2108 1026 2160 sit.
1089 2107 1244 2161 Idem
1296 2107 1450 2160 enim
1500 2123 1729 2177 prorsus
1786 2109 1926 2162 dixit

225 2178 563 2232 Paschasius
616 2178 800 2247 capite
856 2182 886 2232 5
934 2178 1063 2231 libri
1109 2177 1179 2230 de
1225 2180 1468 2248 Corpore
1517 2184 1573 2230 et
1633 2179 1924 2248 Sanguine

225 2249 459 2302 Domini
492 2265 505 2302 :
541 2271 567 2297 ‹‹
601 2249 853 2303 Christus
879 2264 1017 2318 ergo
1057 2249 1216 2302 cibus
1246 2255 1329 2300 est
1357 2250 1718 2316 angelorum,
1751 2256 1806 2302 et
1836 2266 1922 2302 sa-

223 2321 588 2372 cramentum
639 2319 746 2372 hoc
795 2336 931 2373 vene
978 2336 1112 2373 cano
1160 2335 1323 2390 ipsius
1364 2335 1430 2373 ET
1469 2335 1714 2377 SANGUIS.
1749 2337 1924 2390 quam

224 2390 607 2460 spiritualiter
659 2391 964 2443 manducat
1012 2396 1068 2443 et
1116 2389 1259 2443 bibit
1306 2390 1498 2444 homo.
1551 2394 1627 2444 Ac
1670 2389 1782 2460 per
1817 2391 1925 2444 hoc

227 2461 378 2514 unde
412 2461 616 2514 vivunt
647 2461 835 2530 angeli
857 2461 1007 2516 vivet
1033 2466 1091 2514 et
1121 2461 1318 2526 homo,
1349 2463 1485 2531 quia
1523 2466 1706 2514 totum
1749 2461 1920 2530 spiri-

225 2535 378 2584 tuale
414 2538 495 2584 est
529 2537 587 2584 et
617 2531 875 2585 divinum
917 2530 975 2584 in
1009 2547 1075 2585 eo
1104 2531 1254 2601 quod
1289 2530 1747 2599 percipithomo.
1786 2551 1812 2582 ››
1857 2533 1924 2586 Et

224 2601 283 2654 in
315 2603 432 2655 line
472 2601 730 2671 ejusdem
779 2602 982 2673 capitis
1014 2619 1026 2655 :
1078 2621 1106 2652 α
1141 2601 1396 2656 Bibimus
1444 2617 1674 2673 quoque
1723 2608 1778 2656 et
1817 2619 1923 2656 nos

225 2673 606 2741 spiritualiter
637 2689 700 2726 ac
745 2672 1097 2726 comedimus
1141 2672 1496 2742 spiritualem
1545 2672 1753 2729 Christi
1800 2689 1921 2726 car-

227 2759 377 2808 nem,
435 2743 497 2797 in
555 2759 670 2814 qua
726 2743 839 2797 vita
891 2749 1104 2797 aeterna
1162 2759 1282 2797 esse
1337 2743 1924 2814 crediturzalioquin

223 2830 422 2882 sapere
470 2816 784 2867 secundum
835 2830 1062 2867 carnem
1098 2829 1251 2867 mors
1282 2820 1388 2878 est,
1421 2819 1476 2867 et
1508 2820 1697 2868 tamen
1730 2831 1920 2868 veram

225 2885 434 2939 Christi
485 2901 716 2938 carnem
777 2885 1153 2955 spiritualiter
1212 2885 1502 2956 percipere
1551 2885 1666 2938 vita
1713 2891 1924 2938 aeterna

223 2960 323 3008 est.
359 2976 388 3005 ιι

296 3026 541 3080 XXXVII.
577 3028 757 3093 Pergit
800 3028 857 3078 in
894 3025 1077 3080 eadem
1118 3026 1318 3092 fraude
1364 3041 1514 3079 num.
1565 3027 1652 3080 42.
1694 3049 1721 3074 ‹‹
1773 3026 1923 3080 Unde

220 3099 446 3164 sanguis
479 3101 530 3149 et
583 3112 776 3166 corpus
823 3098 1028 3152 Christi
1057 3097 1334 3162 dicuntur,
1399 3099 1599 3165 inquit,
1643 3099 1775 3165 quia
1812 3113 1920 3150 non

224 3168 366 3235 quod
414 3169 658 3220 exterius
711 3167 985 3232 videntur,
1043 3168 1137 3220 sed
1178 3167 1324 3236 quod
1374 3168 1602 3220 interius
1632 3169 1690 3220 in
1721 3168 1919 3219 animis

223 3238 578 3300 credentium,
617 3237 803 3291 divino
834 3238 1048 3306 Spiritu
1089 3237 1221 3306 ﬁdei
1253 3241 1525 3307 operante,
1573 3239 1725 3302 facta
1774 3241 1919 3299 sunt,

222 3312 590 3376 accipi-untur.
635 3309 711 3361 Et
745 3311 875 3376 quia
916 3309 1066 3375 longe
1095 3309 1251 3361 aliud
1275 3325 1374 3378 per
1402 3311 1698 3375 potentiam
1731 3309 1920 3360 inrisi-

224 3379 376 3432 bilem
407 3382 659 3433 existunt
676 3395 840 3447 quam
870 3379 1158 3432 visibiliter
1189 3383 1475 3448 apparent,
1506 3395 1604 3448 per
1627 3380 1924 3448 potentiam

224 3450 371 3502 verbi
413 3452 702 3514 nimirum,
753 3449 897 3518 quod
930 3449 1088 3517 ﬁdem
1130 3451 1185 3501 in
1215 3451 1412 3502 animis
1442 3453 1642 3503 nostris
1692 3453 1837 3503 creat
1875 3453 1923 3502 el

223 3522 526 3588 ingenerat,
561 3520 708 3588 quod
744 3520 974 3573 Verbum
1004 3520 1134 3573 dum
1161 3520 1401 3574 creditur
1421 3523 1530 3573 vim
1553 3520 1710 3574 habet
1743 3535 1924 3588 corpo-

221 3593 297 3644 ris
327 3598 379 3645 et
403 3593 697 3658 sanguinis
729 3591 937 3647 Christi
966 3595 1025 3643 ut
1056 3595 1246 3659 pascat
1268 3594 1507 3653 animam
1536 3595 1586 3645 et
1606 3593 1854 3660 viviﬁcet.
1895 3609 1920 3639 η

918 3729 1226 3768 RESPONSIO.

291 3839 444 3892 Nihil
505 3838 670 3892 deest
733 3838 1306 3908 interpretationibus
1366 3855 1430 3891 ac
1477 3837 1736 3892 sensibus
1780 3854 1922 3908 quos

224 3909 524 3965 Ratramni
554 3908 746 3962 verbis
776 3909 998 3963 inducit
1026 3909 1380 3971 dissertator,
1431 3915 1643 3978 praeter
1684 3909 1796 3960 vim
1839 3925 1922 3961 ar-

220 3980 486 4045 gumenti
509 3981 649 4033 certi
674 3980 836 4049 cujus
865 3997 972 4050 ope
997 3980 1226 4034 defendi
1257 3995 1320 4033 ac
1349 3980 1653 4033 sustentari
1684 3979 1918 4050 possint.

221 4053 332 4105 Hoc
399 4067 539 4104 vero
597 4051 840 4104 faciliter
893 4050 1246 4122 feliciterque
1296 4051 1648 4122 procederet.
1706 4051 1748 4103 si
1803 4050 1922 4104 haec

223 4123 412 4186 verba,
465 4126 522 4174 in
563 4124 762 4175 animis
811 4121 1238 4176 credentium’et
1288 4123 1494 4190 spiritu
1539 4121 1686 4189 ﬁdei,
1740 4121 1920 4174 textui

226 4193 523 4247 Ratramni
571 4208 871 4262 perperam
914 4198 1126 4258 assuta,
1172 4193 1230 4245 in
1280 4192 1656 4260 autographa,
1695 4207 1809 4244 non
1861 4191 1920 4244 in

220 4263 456 4317 cerebro
505 4262 911 4325 dissertatoris,
959 4264 1252 4317 inventum
1310 4262 1603 4317 haberent.
1645 4262 1753 4315 Sed
1790 4278 1918 4315 cum

225 4335 281 4386 in
327 4333 562 4388 ofﬁcina
599 4333 980 4387 dissertatoris
1015 4333 1285 4388 fabricata
1315 4335 1448 4398 sint,
1489 4333 1686 4386 eadem
1735 4333 1922 4402 potuit

225 4405 402 4458 textui
437 4404 723 4457 Paschasii
763 4405 894 4473 jure
935 4405 1146 4458 falsarii
1190 4406 1462 4467 inserere,
1519 4419 1766 4473 eumque
1813 4405 1919 4456 haz-

2044 537 2177 598 gere
2192 522 2679 598 Batram_no_quod
2707 523 3001 598 Paschasio
3022 525 3226 598 eadem,
3240 522 3525 598 conceptis
3547 531 3735 583 verbis

2045 592 2312 668 referenti
2364 591 2636 668 adhibere
2682 609 2799 668 non
2847 593 2995 663 potis
3027 597 3149 668 est?
3197 591 3433 668 Quippe.
3465 599 3544 652 sic
3585 601 3736 654 fatur

2044 662 2377 736 Paschasius
2409 663 2539 736 libri
2569 663 2638 716 de
2671 662 2922 736 Corpore
2949 671 3004 718 et
3051 662 3608 736 Sanguine-Domini
3649 689 3734 724 ca-

2043 733 2161 802 pite
2192 737 2257 786 3:
2295 753 2333 807 οιΔ
2349 733 2452 807 Sed
2484 734 2817 807 mysterium
2831 735 3041 807 dictum
3067 741 3146 789 est
3175 733 3247 788 eo
3270 739 3422 807 quod
3455 747 3730 795 secretam

2042 809 2096 856 et
2127 804 2481 857 reconditam
2515 804 2570 856 in
2614 821 2670 855 se
2701 806 2904 858 habeat
2933 804 3384 874 dispositionem.
3420 811 3510 862 Est
3539 817 3730 866 autem

2041 879 2478 949 sacramentum_
2516 875 2571 927 in
2608 875 2934 949 Scripturis
2965 876 3528 949 divinisqubicunque
3575 897 3732 935 sacer

2040 943 2281 1013 Spiritus
2308 944 2576 1019 iniisdem
2604 943 2842 998 interius
2865 946 3081 1019 aliquid
3113 948 3417 1002 efﬁcaciter
3436 943 3728 1019 loquendo

2040 1020 2327 1088 operatur.
2368 1015 2475 1070 Sed
2517 1023 2872 1069 sacramento
2905 1015 3320 1088 scripturarum
3365 1015 3590 1088 eruditi,
3641 1023 3729 1076 di-

2041 1085 2265 1160 vinitus
2285 1087 2927 1160 introrsusdpascimur,
2945 1094 3004 1160 et
3027 1085 3193 1158 'pasti
3222 1092 3292 1143 ad
3336 1085 3729 1160 operationem

2039 1161 2097 1209 et
2133 1157 2514 1232 disciplina_m_
2544 1157 2751 1210 Christi
2793 1157 3112 1232 erudimur.
3152 1181 3171 1232 ξ
3208 1162 3288 1232 Et
3321 1157 3524 1214 in'tine
3556 1162 3725 1232 hujus

2039 1225 2276 1302 capitis:
2334 1247 2360 1276 (ι
2391 1227 2553 1302 iinde
2585 1244 2687 1281 nec
2728 1229 2939 1302 mirum
2990 1231 3034 1283 si
3068 1230 3316 1299 Spiritus
3356 1237 3597 1293 sanctus,
3629 1225 3727 1302 qui

2038 1296 2330 1370 hominem
2366 1298 2670 1370 Christum
2725 1299 2783 1351 in
2837 1306 2995 1353 utero
3042 1296 3292 1370 Virginis
3341 1302 3461 1355 sine
3507 1296 3727 1356 semine

2037 1368 2266 1432 creavit,
2304 1367 2474 1422 etiam
2507 1368 2626 1438 ipse
2657 1369 2819 1438 panis
2855 1377 2909 1422 et
2940 1371 3057 1424 vini
3090 1367 3464 1426 substantiam
3495 1390 3726 1427 carnem

2037 1438 2246 1492 Christi
2278 1445 2332 1489 et
2360 1440 2696 1514 sanguinem
2734 1440 3006 1514 invisibili
3046 1443 3302 1512 quotidie
3335 1445 3595 1512 potentia
3625 1461 3730 1514 per

2036 1508 2374 1584 sacramenti
2433 1510 2521 1584 sui
2569 1508 3081 1565 sanetilicationeni
3124 1508 3414 1584 operatur,
3463 1508 3723 1584 quamvis

2037 1595 2139 1654 nec
2169 1579 2285 1654 visu
2319 1581 2566 1654 exterius
2588 1596 2700 1654 nec
2729 1587 2899 1654 gustu
2927 1579 3721 1654 saporiscomprehendatur.

2034 1649 2143 1725 Sed
2174 1650 2309 1725 quia
2339 1650 2665 1725 spiritualia
2702 1649 2833 1725 sunt
2863 1652 2975 1706 ﬁde
2997 1649 3061 1706 et
3091 1649 3382 1708 intellectu
3414 1672 3516 1725 pro
3546 1661 3722 1720 certo,

2035 1721 2179 1792 sicut
2231 1722 2442 1792 Veritas
2495 1723 2773 1790 praedixit,
2825 1725 3149 1792 plenissime
3203 1721 3530 1780 sumuntur.
3581 1747 3606 1776 ι)
3667 1727 3724 1780 Si

1965 1802 2003 1855 Β
2033 1791 2136 1844 ista
2168 1791 2723 1866 apudBatramnum
2770 1791 3136 1848 occurrerent
3166 1811 3372 1864 corpus
3403 1801 3461 1849 et
3491 1797 3721 1866 sangui-

2032 1878 2164 1915 nem
2215 1862 2426 1916 Christi
2477 1866 2609 1931 quia
2640 1866 2962 1932 spiritualia
3011 1873 3136 1919 sunt
3183 1862 3320 1934 fide,
3359 1871 3410 1920 et
3455 1862 3724 1921 intellectu

2031 1938 2338 2005 sumuntur,
2399 1949 2513 1986 non
2573 1940 2833 2004 parceret
2905 1935 3260 2005 dissertator,
3319 1936 3417 1990 sed
3476 1936 3724 1991 interne-

2031 2003 2252 2056 cionem
2284 2004 2514 2057 faceret.
2578 2003 2591 2004 ί
2903 2039 2914 2047 ι

2101 2075 2315 2146 XXXIX.
2365 2075 2634 2146 Eraudes,
2679 2075 2869 2146 inquit
2924 2076 3135 2130 ibidem
3185 2076 3519 2132 dissertator
3579 2079 3720 2132 Har-

2030 2143 2240 2217 duinus
2300 2145 2457 2217 (edit.
2529 2143 2988 2215 primm‘Parisq
3041 2162 3170 2217 pag.
3228 2148 3328 2201 184
3367 2153 3424 2202 et
3461 2149 3722 2202 secundae

2030 2214 2364 2281 Amstelod.,
2416 2214 2548 2285 pag.
2590 2217 2712 2282 294,
2755 2232 2915 2269 num.
2963 2214 3081 2281 184,
3125 2214 3396 2271 tmemate
3437 2222 3586 2284 vm),
3629 2221 3722 2272 ho-

2029 2287 2192 2338 minis
2228 2287 2476 2353 reliquas
2515 2303 2897 2354 percurramus
2935 2302 3080 2340 num.
3124 2291 3230 2342 56:
3285 2308 3312 2338 (ι
3354 2291 3507 2343 Nunc
3545 2294 3723 2342 autem

2029 2358 2160 2424 quia
2186 2355 2319 2424 ﬁdes
2351 2362 2516 2410 totum
2545 2358 2820 2426 quidquid
2846 2358 2986 2411 illud
3025 2364 3193 2412 totum
3218 2361 3436 2427 aspicit,
3472 2364 3526 2414 et
3554 2361 3723 2413 oculis

2029 2431 2210 2499 carnis
2253 2427 2394 2480 nihil
2424 2430 2825 2497 apprehendit:
2867 2430 3105 2497 intelliqe
3133 2430 3277 2499 quod
3310 2446 3415 2483 non
3457 2432 3514 2483 in
3552 2433 3724 2499 specie

2029 2497 2124 2550 sed
2164 2499 2224 2550 in
2263 2501 2465 2551 virtute
2500 2514 2692 2566 corpus
2724 2505 2773 2552 et
2818 2503 3042 2566 sanguis
3089 2497 3298 2555 Christi
3325 2497 3722 2560 existant—oua:

2030 2581 2350 2643 (inspexi-tta
2379 2567 2460 2639 [In
2493 2569 2744 2643 editione
2779 2570 2977 2643 ultima
3014 2571 3348 2638 Amstelod.,
3385 2570 3718 2643 cernuntur].

2035 2638 2182 2692 Unde
2220 2638 2737 2694 dixitdmbrosius
2787 2641 3029 2694 ordinem
3084 2648 3297 2696 naturae
3352 2657 3458 2695 non
3507 2643 3592 2696 hic
3636 2638 3722 2695 ἰή·-
3780 2683 3784 2686 .

2032 2709 2306 2781 tuendum,
2365 2711 2459 2762 sed
2527 2712 2730 2766 Christi
2784 2714 3080 2779 potentiam
3149 2712 3545 2766 venerandam:
3607 2729 3724 2781 quae

2031 2780 2306 2848 quidquid
2330 2782 2468 2852 _vult
2521 2781 2781 2849 quomodo
2827 2784 2964 2846 uult,
3005 2786 3062 2835 in
3109 2784 3462 2852 quodcunque
3507 2780 3642 2847 vult,
3674 2789 3724 2837 et

2031 2856 2178 2903 creat
2201 2850 2346 2924 quod
2382 2866 2490 2904 non
2517 2857 2654 2918 erat,
2695 2860 2746 2906 et
2797 2858 3036 2907 creatum
3084 2850 3384 2922 permutat—
3404 2856 3462 2906 in
3492 2854 3552 2906 id
3581 2855 3725 2924 quod

2029 2927 2189 2974 antea
2216 2922 2420 2994 fuerat.
2445 2942 2493 2994 _»
2525 2926 2596 2976 At
2623 2939 2754 2975 vero
2785 2939 2912 2976 cum
2945 2924 3500 2994 transsubstantiatio
3536 2922 3720 2994 magis

2029 2992 2318 3063 conceptis
2345 2992 2528 3063 verbis
2559 3009 2731 3062 quam
2764 2995 2855 3059 iis,
2889 3010 3001 3047 non
3039 2995 3270 3063 quidem
3302 2993 3598 3049 Batramni
3625 2992 3724 3049 sed

2032 3062 2086 3115 S.
2122 3062 2406 3134 Ambrosii
2435 3079 2502 3115 ex
2535 3063 2682 3116 libro
2735 3065 2808 3117 De
2845 3065 2916 3117 iis
2953 3062 3370 3134 qui’mysteriis
3399 3065 3719 3130 initiantur,

1957 3137 1995 3191 C
2029 3132 2298 3202 explicari
2341 3149 2456 3184 non
2501 3134 2695 3201 possit,
2744 3132 3358 3202 placuit—disse‘rtatori
3391 3136 3512 3188 haec
3545 3136 3717 3189 verba

2033 3201 2328 3254 cumulare
2374 3201 2792 3256 accessionibus
2833 3204 3068 3272 hujusce
3119 3205 3500 3272 glossematis,
3538 3221 3724 3272 nempe

2031 3274 2089 3325 in
2130 3272 2460 3326 credentium
2489 3275 2710 3335 animis,
2760 3276 2818 3326 in
2853 3275 3047 3341 quibus
3090 3277 3246 3327 Verbi
3274 3275 3456 3326 divini
3482 3278 3721 3342 petentia

2029 3343 2190 3410 ﬁdem
2209 3346 2448 3414 corporis
2477 3349 2526 3397 et
2554 3347 2839 3411 sanguinis
2871 3345 3076 3399 Christi
3100 3350 3244 3399 creat
3272 3347 3520 3414 Spiritus
3545 3348 3724 3399 sancti

2027 3415 2237 3482 potenti
2280 3412 2502 3479 uirtute,
2543 3419 2608 3467 ut
2646 3415 2724 3467 ait
2752 3430 2911 3468 num.
2963 3417 3048 3478 “at,
3083 3432 3215 3468 nam
3248 3412 3327 3468 sic
3373 3416 3468 3469 ille
3506 3416 3720 3468 intelli-

2032 3484 2115 3550 git
2138 3499 2152 3537 :
2176 3486 2505 3553 Concoquere
2521 3500 2625 3538 non
2641 3491 2815 3554 potest
2835 3486 2947 3540 dici
2965 3503 2999 3539 a
3020 3503 3288 3555 quoquam
3310 3488 3454 3555 quod
3481 3486 3722 3541 videmus

2030 3558 2090 3608 in
2127 3556 2296 3608 altari
2324 3561 2402 3609 est
2432 3572 2617 3610 verum
2647 3572 2839 3626 corpus
2872 3557 3094 3612 Christi.
3129 3560 3232 3610 Ait
3257 3572 3368 3611 esse
3396 3573 3587 3626 corpus
3616 3573 3723 3610 non

2031 3629 2090 3679 in
2137 3630 2351 3697 specie,
2385 3627 2497 3678 sive
2538 3629 2594 3679 in
2623 3631 2974 3696 proprietate,
3020 3630 3110 3682 hoc
3165 3633 3243 3682 est
3289 3631 3349 3681 in
3376 3630 3602 3697 propria
3633 3643 3716 3681 es-

2030 3699 2224 3759 sentia,
2259 3696 2355 3750 sed
2399 3699 2456 3748 in
2484 3699 2711 3763 virtute;
2755 3714 2918 3765 quam
2967 3699 3116 3752 illius
3162 3714 3224 3752 ac
3256 3696 3519 3753 similium
3547 3714 3723 3752 vocem

2030 3771 2168 3820 recte
2196 3767 2523 3820 Paschasius
2543 3770 2771 3835 corripit
2800 3771 2857 3820 in
2891 3775 3053 3836 caput
3091 3785 3218 3822 xxvu
3252 3773 3430 3823 sancti
3455 3770 3719 3824 Matthxi.

2034 3856 2062 3888 α
2099 3837 2248 3893 Unde
2277 3838 2460 3898 miror,
2504 3840 2702 3904 inquit,
2737 3839 2874 3906 quid
2902 3843 3077 3893 vetuit
3106 3856 3246 3893 nunc
3280 3841 3506 3908 quidam
3549 3841 3725 3894 dicere

2029 3923 2137 3961 non
2179 3910 2238 3960 in
2266 3923 2325 3960 re
2365 3921 2476 3960 esse
2501 3911 2783 3962 veritatem
2829 3911 3015 3963 carnis
3052 3911 3268 3964 Christi
3301 3913 3383 3966 vel
3412 3913 3719 3979 sanguinis.

2029 3979 2124 4032 sed
2155 3979 2211 4031 in
2249 3983 2622 4032 sacramento:
2667 3981 2920 4033 virtutem
2963 3981 3256 4049 quamdam
3295 3985 3494 4048 carnis,
3537 3987 3588 4035 et
3616 3997 3722 4035 non

2030 4064 2286 4102 carnem:
2324 4051 2576 4103 virtutem
2617 4052 2735 4115 fore
2777 4054 3059 4123 sanguinis
3107 4057 3156 4105 et
3206 4068 3312 4106 non
3362 4055 3718 4123 sanguinem:

2028 4123 2261 4187 ﬁguram
2297 4125 2346 4172 et
2376 4135 2482 4173 non
2509 4124 2812 4189 veritatem,
2845 4122 3092 4176 umbram
3121 4128 3170 4177 et
3197 4139 3304 4176 non
3337 4122 3549 4193 corpus.
3581 4124 3722 4178 Hac

2028 4194 2204 4244 virtus
2257 4193 2406 4257 signi
2451 4196 2661 4244 tantum
2705 4197 2801 4257 est,
2855 4196 3110 4260 quoniam
3154 4196 3398 4264 symbolo
3437 4209 3629 4264 corpus
3673 4199 3722 4246 et

2029 4264 2346 4329 sanguinem
2374 4265 2552 4316 animo
2579 4269 2986 4331 repraesentant.
3017 4283 3044 4314 υ
3203 4289 3206 4293 ·

2721 4386 3031 4425 ΒεεΡοΝειο.

224 4475 362 4528 resis
391 4479 452 4528 et
480 4465 817 4528 cavilloruin
860 4475 1156 4529 Ratramni
1195 4465 1514 4539 criminari;
1569 4487 1630 4528 ut
1674 4465 1738 4527 ex
1783 4475 1916 4528 sub-
1959 4465 2002 4518 D
2102 4473 2412 4528 Horribiles
2452 4475 2690 4528 assumit
2733 4491 2798 4528 ex
2831 4477 2918 4528 his
2952 4477 3088 4530 locis
3116 4477 3450 4531 dissertator
3488 4479 3720 4532 conclu-

216 4545 385 4614 jectis
446 4544 998 4616 verbisPaschasii,
1055 4546 1265 4616 quibus
1321 4545 1588 4615 adjuncta
1646 4545 1914 4614 reperies,

229 4616 425 4668 lectori
483 4615 808 4685 intelligere
871 4616 1032 4670 facile
1075 4615 1183 4680 est,
1233 4616 1510 4684 excerptis
1563 4633 1626 4669 ex
1658 4617 1841 4685 capite
1888 4616 1921 4668 4

227 4687 354 4739 libri
404 4686 479 4739 de
530 4687 782 4757 Corpore
830 4693 887 4740 et
929 4687 1217 4757 Sanguine
1272 4687 1518 4741 Domini.
1564 4707 1590 4737 α
1633 4686 1743 4741 Sed
1785 4686 1921 4757 quia

227 4757 513 4810 Christum
544 4758 732 4811 vorari
771 4758 854 4811 fas
895 4757 1158 4811 dentibus
1202 4774 1315 4811 non
1349 4764 1453 4822 est,
1502 4758 1679 4811 voluit
1709 4757 1765 4810 in
1793 4757 1920 4810 ani-

226 4828 334 4880 mis
362 4828 721 4881 credentium
767 4828 918 4881 hunc
948 4844 1152 4898 panem
1183 4837 1234 4881 et
1281 4830 1474 4882 vinum
1517 4844 1646 4881 vere
1693 4844 1920 4881 carnem

225 4915 388 4952 suam
435 4905 491 4951 et
516 4900 856 4968 sanguinem
891 4899 1314 4952 consecratione
1345 4899 1591 4953 SPIRI'I'US
1620 4915 1757 4951 FIDE]
1792 4914 1922 4951 san-

225 4969 302 5022 cti
331 4969 726 5038 potentialiter
754 4971 952 5023 creari.
990 4989 1015 5020 »
1040 4974 1123 5023 An
1156 4985 1325 5023 ovum
1359 4971 1466 5023 erit
1495 4986 1599 5022 ovo
1637 4969 1925 5022 similius?

293 5041 567 5094 XXXVIII.
603 5043 840 5096 Rursum
872 5057 1018 5094 num.
1080 5042 1148 5093 42
1178 5040 1409 5110 (pagina
1443 5043 1543 5094 294
1585 5040 1720 5093 edit.
1759 5043 1923 5092 Ams-

223 5111 426 5175 telod.,
486 5111 664 5164 Paris.
701 5111 850 5178 184),
905 5133 924 5159 ι
975 5112 1118 5175 Quid
1149 5114 1346 5166 isthinc
1395 5111 1762 5180 perdocemur,
1817 5112 1928 5164 nisi

224 5181 374 5250 quod
414 5196 610 5249 corpus
639 5187 690 5236 et
718 5184 942 5248 sanguis
975 5183 1196 5236 Domini
1230 5188 1516 5250 propterea
1551 5183 1808 5248 mysteria
1839 5181 1925 5234 di-

224 5259 425 5305 cuntur
473 5252 618 5321 quod
654 5257 910 5307 secretam
957 5259 1008 5305 et
1044 5253 1379 5306 reconditam
1418 5253 1650 5304 habeant
1691 5252 1928 5320 disposi-

229 5325 448 5386 tionem,
504 5323 566 5376 id
619 5329 696 5377 est
738 5323 892 5376 aliud
937 5325 1050 5377 sint
1089 5323 1233 5392 quod
1272 5326 1510 5377 ett-terius
1568 5325 1822 5386 innuant,
1880 5325 1929 5375 et

226 5394 388 5447 aliud
415 5394 562 5462 quod
592 5394 948 5448 invisibiliter
983 5400 1288 5463 operentur.
1325 5414 1350 5444 ι)
1387 5395 1515 5448 Haec
1548 5394 1786 5446 assumit
1815 5393 1928 5446 dis-

225 5470 474 5518 sertator
505 5480 573 5518 ex
605 5467 918 5519 Ratramno
966 5471 1024 5518 ut
1059 5466 1112 5518 ei
1143 5465 1388 5518 ascribat
1432 5463 1766 5534 opinionem
1815 5479 1930 5533 qua

227 5535 427 5588 credat
457 5536 727 5605 mysteria
771 5535 1011 5589 interius
1055 5536 1183 5590 ﬁeri
1222 5551 1328 5606 per
1360 5536 1533 5590 tidem
1569 5535 1933 5589 invisibiliter

228 5611 499 5675 agentem
533 5606 593 5660 in
621 5613 814 5660 mente
843 5607 1217 5661 credentium.

927 5729 1238 5768 RESPONSIO.

315 5819 423 5874 Hoc
450 5819 734 5874 incumbit
771 5818 1134 5890 probandum
1175 5819 1551 5886 dissertatori,
1583 5817 1777 5887 sed;in
1807 5822 1933 5872 tan-

2031 4543 2245 4617 siones;
2275 4549 2331 4617 et
2360 4560 2551 4598 revera
2584 4545 2882 4617 dubitandi
2928 4547 3086 4600 locus
3119 4564 3234 4601 non
3277 4549 3645 4617 relinquitur,
3678 4550 3722 4601 si

2030 4614 2377 4688 adamussim
2415 4620 2582 4668 recte:
2631 4616 2868 4688 rationis
2913 4617 3267 4688 deducantur
3315 4614 3723 4688 explicationes

2029 4701 2157 4755 qua:
2205 4684 2294 4759 his
2323 4684 2466 4738 bene
2497 4686 2840 4759 conveniant
2869 4703 2932 4739 ac
2966 4687 3094 4741 ﬁdas
3126 4689 3255 4753 sint,
3290 4684 3431 4759 quin
3462 4690 3724 4743 Hatram-

2030 4772 2156 4828 nus,
2191 4755 2307 4807 sive
2326 4756 2678 4828 auctor‘libri
2704 4756 2773 4828 de
2800 4757 3044 4827 Corpore
3075 4763 3131 4811 et
3151 4755 3439 4828 Sanguine
3469 4760 3718 4824 Domini,

2031 4827 2099 4900 ad
2153 4841 2326 4896 quem
2377 4826 2651 4900 iuendum
2702 4827 2846 4880 hanc
2886 4826 3341 4882 lucubrationem
3393 4831 3722 4900 scripsimus

2031 4898 2298 4951 haeresim
2366 4897 2750 4950 Calvinianam
2813 4904 2962 4951 arcte
3021 4903 3230 4954 teneat.
3280 4897 3579 4955 Enimvero
3617 4915 3721 4952 nec

2031 4967 2499 5038 castigatiusnec
2525 4967 2848 5036 elegantius
2881 4970 3163 5038 ejusmodi
3198 4972 3429 5024 haeresis
3478 4970 3717 5038 exprimi

2033 5044 2130 5091 aut
2184 5037 2473 5092 enuntiari
2530 5043 2718 5106 potest
2772 5037 2942 5108 quam
2998 5040 3082 5093 his
3140 5043 3414 5095 vocibus:
3471 5037 3723 5106 Intellige

2033 5109 2176 5177 quod
2213 5123 2321 5161 non
2371 5110 2430 5161 in
2471 5111 2664 5176 specie,
2699 5110 2793 5162 sed
2829 5112 2886 5160 in
2925 5112 3124 5166 virtute
3169 5127 3361 5180 corpus
3408 5117 3458 5164 et
3497 5113 3722 5176 sanguis

2034 5181 2248 5233 Christi
2283 5181 2534 5250 existant
2571 5195 2690 5246 qum
2735 5195 3071 5236 CREDUNTUR.
3123 5183 3259 5236 Nam
3295 5188 3584 5250 utcunque
3633 5196 3723 5233 res

2034 5250 2145 5302 sint
2181 5271 2208 5297 ‹‹
2247 5249 2293 5302 si
2328 5265 2534 5319 corpus
2566 5256 2622 5302 et
2659 5251 2890 5319 sanguis
2918 5267 3046 5320 qua:
3075 5254 3385 5306 creduntur
3415 5252 3472 5305 in
3495 5249 3721 5305 Eucha-

2036 5320 2213 5385 ristia,
2262 5321 2322 5375 in
2370 5320 2579 5374 virtute
2609 5322 2858 5375 existunt
2901 5329 2956 5375 et
2988 5339 3100 5376 non
3134 5323 3190 5376 in
3236 5321 3446 5391 specie,
3491 5330 3722 5392 sumpto

2037 5393 2270 5446 nomine
2307 5407 2414 5461 pro
2446 5392 2689 5445 essentia
2719 5398 2774 5446 et
2806 5393 3155 5462 proprietate
3200 5399 3434 5458 naturai,
3473 5413 3500 5444 ι)
3535 5409 3722 5447 eccam

2038 5463 2294 5517 videmus
2319 5477 2524 5532 puram
2555 5467 2609 5515 et
2639 5479 2842 5532 puram
2871 5465 3132 5518 haaresim
3155 5463 3592 5519 Calvinisticam.
3616 5464 3724 5519 Sed

2040 5534 2229 5588 nescio
2278 5550 2393 5603 quo
2433 5549 2567 5586 casu
2615 5533 2722 5587 sibi
2773 5535 2880 5602 ipsi
2927 5536 3255 5589 dissertator
3295 5537 3489 5588 oculos
3534 5535 3724 5589 infeli-

2040 5605 2178 5658 citer
2207 5604 2401 5658 effodit
2434 5620 2580 5674 quos
2619 5604 2692 5658 ad
2734 5621 2891 5657 num.
2927 5609 3015 5678 56,
3057 5606 3333 5678 applicuit
3370 5607 3429 5659 in
3460 5624 3573 5678 quo
3606 5608 3726 5678 haec

2041 5691 2206 5729 voces
2265 5691 2385 5736 cum
2449 5691 2772 5729 casnunrua
2839 5677 3173 5747 neutiquam
3241 5676 3561 5741 incurrunt,
3629 5676 3728 5730 sed

2042 5751 2274 5800 econtra
2305 5747 2394 5800 has
2435 5761 2937 5819 0D£__CERNUNTUR.
2994 5764 3122 5819 quae
3170 5763 3401 5802 sensum
3451 5749 3612 5801 valde
3640 5747 3731 5819 di:

2042 5832 2270 5870 versum
2298 5821 2355 5870 et
2393 5815 2728 5870 catholicum
2763 5814 3106 5888 signiﬁcant.
3149 5820 3361 5875 Revera
3391 5819 3544 5873 enim
3579 5814 3730 5887 quod
