4148 6180
420 282 525 338 211

1091 280 1544 336 DlSSEltTATlO
1580 280 1647 334 ΙΝ
1691 281 1820 334 LIB.
1864 281 1954 335 DE
1995 280 2322 336 CCRPORE
2364 282 2450 336 ET
2482 281 2827 336 SANGUINE
2863 279 3137 334 DOMINI.

3825 282 3930 332 ‘ll‘l

427 421 775 494 conspicitur
833 419 892 494 in
943 415 1293 494 Eucharistia
1338 417 1551 494 albedo
1607 422 1710 494 est,
1774 417 2117 494 rotunditas,
2157 419 2201 472 A
2227 416 2380 494 fuit?
2418 437 2437 466 ι
2465 417 2602 470 Nam
2643 415 2809 494 facile
2850 414 3185 494 responderi
3224 413 3703 494 p'osset_in_hanc
3732 414 3930 494 ipsum

428 487 682 546 extensio
717 489 982 558 denique,
1029 488 1249 556 objecta
1298 487 1544 541 visibilia
1587 493 1643 542 et
1683 488 1952 541 humanis
1999 504 2123 541 sen-

429 563 585 616 sibus
628 561 868 615 faciliter
907 559 1351 622 accommodata,
1400 575 1528 627 quae
1561 560 1793 628 quidem
1825 575 1943 612 non
1993 564 2124 612 sunt

429 633 642 704 species
673 641 726 704 et
755 629 1148 704 apparitiones
1178 628 1439 704 corporis
1467 630 1672 683 Christi
1702 635 1759 682 et
1803 629 2118 704 sanguinis,

429 700 524 756 sed
557 701 722 770 panis
763 709 819 753 et
846 700 984 764 vini,
1018 717 1145 769 quae
1183 706 1316 753 ante
1348 700 1594 765 fuerant,
1629 705 1686 754 et
1714 716 1841 768 qua:
1885 702 2031 753 Deus
2063 701 2122 752 in

427 788 633 842 corpus
663 774 721 824 et
749 771 1087 840 sanguinem
1110 786 1276 842 suum
1308 770 1672 842 permutavit,
1707 778 1768 826 ut
1798 771 1990 840 inquit
2015 772 2120 824 Ra-

427 841 687 896 tramnus
717 858 780 894 ex
811 842 988 895 sancti
1016 841 1299 894 Ambrosii
1325 842 1471 894 libro
1508 842 1583 894 De
1613 841 1682 894 iis
1713 842 1811 910 qui
1839 842 2123 910 mysteriis

425 913 752 978 initiantur,
785 929 914 982 cap.
954 915 984 966 9
1015 929 1028 964 :
1070 916 1308 966 creatum
1346 917 1621 980 permutat
1661 915 1719 966 in
1749 912 1813 966 id
1851 912 1995 980 quod
2024 928 2122 964 an-

430 989 515 1038 tea
542 1001 649 1038 non
697 986 898 1049 fuerat.
934 983 1090 1037 Absit
1119 987 1312 1035 tamen
1352 988 1414 1034 ut
1453 983 1899 1049 dissertatorem,
1935 983 2123 1035 virum

428 1055 659 1108 aliunde
721 1055 879 1122 pium
941 1070 1046 1106 nec
1102 1053 1408 1106 humillimi
1457 1053 1696 1122 ingenii,
1756 1059 1872 1106 tam
1929 1053 2125 1106 fetida!

430 1125 895 1194 interpolationis
936 1130 1035 1177 aut
1077 1123 1454 1192 corruptionis
1507 1139 1774 1177 accusare
1828 1123 2019 1189 velim,
2065 1131 2126 1177 ut

431 1197 584 1249 inter
667 1195 964 1248 haereticos
1049 1200 1395 1248 veteratores
1483 1194 1769 1248 infelicem
1861 1195 2123 1248 Hatram-

432 1283 574 1319 nuni
628 1267 923 1335 relegaret.
983 1265 1124 1318 Cum
1181 1266 1518 1332 pra-serum,
1576 1273 1642 1318 ut
1688 1266 1838 1318 inter
1894 1267 2124 1318 eosdem

435 1337 682 1404 benigne
766 1336 1071 1405 exciperet,
1169 1337 1368 1389 Petrus
1451 1337 1617 1402 Allix,
1700 1336 2124 1405 superstitionis

434 1407 781 1461 Calvinianaa
869 1407 1150 1471 minister,
1234 1406 1294 1459 in
1363 1407 1554 1460 Gallias
1629 1413 1842 1459 nostra:
1908 1408 2124 1476 templo

434 1477 840 1543 Cliarentonio,
911 1479 982 1531 ad
1040 1483 1188 1530 artes
1246 1483 1363 1530 tam
1431 1476 1674 1530 incultas
1728 1493 1792 1530 ac
1849 1477 2126 1548 pinguem

436 1549 745 1602 Minervam
799 1548 1105 1618 confugere
1151 1548 1424 1612 noluerit;
1481 1549 1564 1600 uti
1611 1555 1974 1618 perspectum
2024 1549 2128 1601 ha-

436 1620 570 1673 bere
600 1620 765 1672 facile
812 1624 990 1672 estex
1037 1619 1285 1672 editione
1321 1619 1750 1672 Latino-Gallica
1796 1634 1946 1671 anno
1991 1623 2128 1672 1672

435 1706 568 1742 cura
600 1689 720 1756 ejus
768 1690 915 1742 facta
961 1689 1303 1758 Rhotomagi
1334 1689 1482 1758 apud
1535 1690 1726 1754 Lucas,
1770 1695 1826 1742 et
1875 1690 2128 1742 editione

434 1760 897 1828 Anglico-Latina
925 1760 1160 1812 alterius
1190 1760 1443 1812 hominis
1483 1759 1724 1813 diversae
1767 1760 1945 1828 patris
1979 1761 2128 1814 Lon-

436 1830 554 1884 dini
583 1831 728 1884 facta
760 1847 908 1884 anno
955 1833 1110 1896 1686,
1151 1831 1210 1883 in
1242 1831 1450 1901 quibus
1495 1847 1729 1884 suarum
1770 1831 2129 1900 superstitio-

438 1917 576 1954 num
604 1901 992 1970 quamtumvis
1033 1901 1148 1954 sint
1179 1901 1393 1954 morosi
1427 1918 1492 1954 ac
1522 1901 1838 1971 pertinaces
1871 1901 2130 1955 defenso-

436 1988 524 2024 res
568 1972 837 2036 ministri,
882 1989 1077 2025 vocem
1125 1988 1442 2026 CREDUNTUR
1484 1973 1542 2025 in
1589 1973 1776 2025 locum
1817 1971 1970 2025 vocis
2013 1989 2133 2026 CER-

436 2057 667 2098 NUNTUR
698 2058 974 2111 reponere
1016 2057 1130 2095 non
1175 2043 1298 2094 ausi
1329 2048 1481 2095 sunt.
1514 2043 1620 2096 Sed
1653 2059 1826 2106 quam
1858 2059 2132 2111 superva-

439 2128 679 2164 caneum
723 2120 777 2165 et
824 2117 989 2180 turpe
1019 2113 1092 2164 sit
1124 2112 1402 2181 ejusmodi
1437 2112 1880 2177 interpolatione
1911 2119 2132 2166 textum

442 2181 736 2234 Ratramni
808 2182 1149 2245 deformare,
1209 2183 1455 2250 probant
1521 2183 1736 2236 alt‘atim
1795 2189 1851 2235 et
1920 2184 2131 2252 passim

441 2269 637 2324 sparsa
661 2253 746 2324 fin
785 2253 894 2304 hoc
935 2252 1082 2324 libro
1113 2253 1380 2319 dogmata
1410 2254 1694 2306 contraria
1722 2270 1735 2306 :
1787 2275 1814 2302 «
1844 2255 1966 2307 Non
1996 2271 2134 2324 ergo

441 2328 574 2376 sunt
617 2323 767 2375 idem
809 2323 964 2392 quod
1012 2329 1324 2376 cernuntur
1363 2328 1419 2376 et
1468 2324 1618 2393 quod
1663 2324 2008 2390 creduntur;
2041 2323 2132 2379 se-

442 2393 696 2446 cundum
730 2394 883 2446 enim
915 2394 1066 2463 quod
1102 2400 1436 2460 cernuntur,
1471 2411 1678 2464 corpus
1720 2402 1964 2464 pascunt
2003 2413 2132 2448 cor-

443 2463 736 2536 ruptibile,
791 2463 916 2536 ipsa
958 2464 1382 2534 corruptibilia;
1443 2463 1758 2518 secundum
1803 2483 1936 2518 vero
1981 2467 2133 2536 quod

443 2535 776 2606 creduntur,
811 2535 1029 2588 animos
1052 2541 1293 2605 pascunt
1321 2536 1377 2588 in
1402 2541 1680 2589 aeternum
1713 2535 2134 2606 victuros,"ipsa

446 2605 813 2659 immortalia.
853 2626 872 2652 ι
921 2607 1041 2659 .lam
1092 2622 1227 2676 ergo
1271 2608 1551 2676 applicata
1595 2609 1883 2662 voluntate
1918 2605 2138 2676 relegat

445 2677 820 2729 Ratramuum
863 2676 1198 2729 dissertator
1238 2683 1292 2730 et
1333 2677 1521 2730 videat
1556 2685 1767 2746 apertis
1810 2679 1990 2731 oculis
2027 2694 2134 2732 nu-

446 2763 603 2799 ult’I‘U
665 2748 729 2800 56
776 2763 890 2798 non
940 2748 1236 2800 creduntur
1282 2748 1380 2800 sed
1443 2756 1752 2802 cernuntur.
1809 2750 1953 2802 Tum
1999 2765 2135 2803 vero

445 2816 763 2870 continenti
801 2823 1060 2886 tempore
1099 2819 1158 2871 in
1202 2828 1501 2888 prospectu
1549 2819 1756 2873 habeat
1787 2820 2134 2889 jucundissi-

449 2903 608 2959 nium
660 2889 1044 2959 spectaculum
1115 2889 1411 2943 confestim
1486 2891 1707 2943 ruentis
1769 2891 2024 2959 praesidii
2075 2907 2138 2943 ac

447 2958 609 3030 rimis
665 2958 914 3030 undique
964 2959 1306 3013 dehiscentis
1361 2958 1923 3030 interpretationum,
1969 2961 2135 3014 indu-

448 3029 705 3103 ctionum
746 3046 810 3103 ac
837 3029 1244 3103 glossematum
1283 3047 1412 3100 qua:
1442 3047 1506 3084 ex
1537 3032 1643 3085 hoc
1677 3033 1799 3086 loco
1831 3048 2134 3103 perperam

2231 487 2399 541 ivisse
2431 489 2798 552 sententiam,
2832 487 3046 556 quippe
3077 503 3207 539 cum
3254 485 3496 539 inﬁnitis
3518 485 3665 556 locis
3705 491 3935 554 repetat

2230 559 2335 612 hoc
2395 559 2546 628 quod
2607 555 3009 610 videtur’es’se
3064 573 3270 626 corpus
3321 555 3554 628 Christi,
3607 572 3804 628 nonne
3851 563 3937 610 est

2229 626 2612 698 aspectabile?
2670 628 2980 682 Videturne
3035 628 3147 681 nisi
3207 627 3511 698 quodest
3569 626 3814 690 visibile,
3876 632 3934 679 et

2231 697 2432 753 ﬁerine
2481 704 2664 770 potest
2717 705 2778 752 ut
2821 699 3083 752 videatur
3117 698 3266 770 quod
3311 697 3491 770 videri
3517 714 3641 770 non
3692 703 3928 770 potest:

2229 771 2335 823 Sed
2367 767 2499 824 esto'
2523 770 2901 824 dissertatoris
2944 770 3092 822 ratio
3130 769 3198 822 ab
3231 768 3336 822 hac
3366 768 3642 837 opinione
3664 767 3934 821 sensibus

2231 841 2480 912 propriis
2510 842 2773 909 perculsa
2803 841 3132 912 abhorreat,
3181 839 3577 912 dubiumnon
3609 844 3695 890 est
3734 838 3935 912 adver-

2231 909 2412 964 Sari'os
2480 928 2624 981 quos
2678 911 2935 964 coufutat
3004 912 3344 981 lt-tramnus
3406 909 3516 962 sibi
3577 910 3934 978 persuasisse

2230 983 2447 1036 nullam
2492 980 2794 1035 subsistere
2850 981 2910 1034 in
2961 980 3312 1034 Eucharistia
3358 981 3605 1045 ﬁguram
3650 985 3750 1033 aut
3797 996 3934 1032 um-

2232 1054 2414 1115 bram,
2465 1054 2564 1106 sed
2611 1052 2805 1105 omnia
2861 1052 3161 1105 manifesta
3218 1058 3276 1104 et
3325 1057 3522 1120 aperta
3567 1067 3732 1103 esse:
3783 1067 3937 1120 quos

2233 1126 2411 1177 secuti
2443 1129 2573 1176 sunt
2603 1123 3136 1187 Abbaudusabbas,
3178 1123 3494 1186 Walterius,
3546 1121 3706 1192 prior
3751 1121 3938 1174 sancti

2231 1194 2472 1247 Victoris
2539 1193 2894 1259 Parisiensis,
2967 1199 3024 1246 et
3091 1199 3280 1246 nostra
3348 1197 3514 1245 {etate
3586 1193 3937 1244 recentiores

2231 1264 2578 1334 philosophi,
2629 1263 2725 1333 qui
2757 1263 2990 1333 quidem
3027 1280 3225 1316 omnes
3273 1264 3447 1316 ﬁdem
3477 1278 3541 1334 ac
3577 1263 3936 1334 religionem

2233 1333 2568 1388 catholicam
2611 1335 2850 1403 professi
2899 1335 3066 1404 paulo
3111 1335 3411 1386 alieniores
3443 1333 3666 1403 placitis
3713 1335 3936 1385 Aristo-

2234 1407 2415 1459 telicas
2463 1405 2858 1475 philosophiae,
2912 1405 2981 1457 de
3035 1405 3424 1458 accidentibus
3470 1404 3611 1456 nulli
3672 1404 3938 1473 subjecto

2234 1477 2648 1530 inhaerentibus
2679 1477 2892 1528 nullam
2927 1475 3331 1544 cogitationem
3364 1475 3706 1528 habuerunt.

2305 1549 2407 1601 XL.
2438 1547 2552 1600 Cur
2597 1547 2733 1600 dicit
2774 1563 2919 1598 num.
2956 1550 3006 1610 ὅ,
3043 1548 3106 1598 49
3153 1552 3202 1599 et
3247 1549 3335 1614 96,
3377 1547 3616 1613 alibique
3647 1546 3742 1598 hoc
3787 1545 3940 1613 quod

2234 1633 2404 1687 supra
2441 1633 2677 1671 mensum
2726 1619 3055 1670 Dominicam
3088 1619 3323 1684 positum
3365 1623 3459 1682 cst,
3505 1617 3648 1685 quod
3695 1616 3937 1687 celebra-

2237 1686 2328 1742 tur
2382 1694 2431 1742 et
2462 1693 2808 1742 conservatur
2853 1689 2910 1740 in
2953 1690 3140 1752 altari,
3189 1688 3332 1755 quod
3380 1702 3468 1741 ore
3516 1689 3754 1739 sumitur
3799 1686 3938 1754 ﬁde-

2170 1754 2209 1807 B
2238 1761 2391 1836 lium,
2439 1774 2576 1836 esse_
2601 1774 2788 1813 verum
2833 1759 3049 1813 Christi
3091 1754 3282 1836 corpus
3332 1763 3544 1813 tantum
3576 1761 3634 1810 in
3676 1760 3939 1827 mysterio

2238 1846 2330 1884 seu
2358 1831 2580 1900 ﬁgura?

2937 1914 3245 1955 RESPONSIO.

2314 2007 2618 2075 Nunquam
2660 2006 3002 2058 Ratramnus
3048 2004 3190 2058 dixit
3232 2021 3393 2058 num.
3450 2008 3502 2068 ὅ,
3560 2005 3648 2066 49,
3695 2007 3782 2070 96,
3821 2020 3944 2075 inec

2238 2076 2398 2144 alibi,
2429 2074 2636 2145 corpus
2665 2078 2793 2130 Jesu
2835 2075 3041 2130 Christi
3073 2075 3225 2145 quod
3263 2092 3360 2128 ore
3387 2075 3650 2128 ﬁdelium
3684 2074 3940 2128 sumitur

2239 2163 2349 2202 csse
2414 2163 2600 2202 verum
2653 2148 2860 2202 Christi
2911 2162 3103 2214 corpus
3156 2151 3367 2200 tantum
3423 2148 3480 2199 in
3531 2148 3789 2212 mysterio
3847 2161 3943 2199 seu

2238 2222 2436 2287 ﬁgura.
2481 2219 2610 2272 Haec
2655 2217 2991 2287 propositio,
3030 2223 3090 2270 ut
3135 2218 3340 2270 schola:
3370 2215 3706 2286 loquuntur,
3739 2217 3942 2284 impli-

2240 2295 2396 2344 caret
2442 2289 2500 2342 in
2549 2289 2846 2342 terminis:
2910 2287 3278 2356 lncogitabile
3336 2292 3421 2340 est
3471 2303 3671 2340 verum
3731 2303 3943 2356 corpus

2241 2360 2394 2431 quod
2427 2359 2497 2412 sit
2522 2360 2603 2429 εἰη
2648 2359 2830 2429 ﬁgura
2879 2365 2936 2412 et
2970 2358 3240 2427 mysterio
3269 2363 3516 2425 tantum,
3577 2362 3727 2411 esset
3780 2359 3942 2411 enim

2239 2447 2439 2485 verum
2469 2435 2525 2483 et
2555 2446 2668 2482 non
2706 2445 2898 2482 verum
2933 2445 3158 2499 corpus.

2311 2503 2444 2556 XLI.
2478 2504 2548 2554 Et
2596 2516 2718 2554 vero
2749 2503 3028 2570 Erigerus,
3064 2503 3175 2553 sive
3216 2502 3536 2567 Anonymus
3579 2499 3940 2559 Cellotianus,

2241 2573 2380 2625 duas
2451 2573 2777 2625 solummodo
2859 2574 3122 2636 factiones
3187 2573 3490 2632 exstitisse;
3569 2571 3820 2622 similiter
3892 2580 3941 2620 et.

2240 2644 2567 2698 Paschasius
2619 2642 3052 2700 ethatramnus
3109 2643 3223 2694 ait:
3277 2663 3298 2688 ι
3357 2641 3662 2695 Dicentibus
3713 2639 3941 2706 quibus-

2243 2714 2389 2773 dam,
2432 2715 2632 2780 inquit,
2673 2712 2814 2765 idem
2859 2712 3142 2780 essequod
3183 2715 3421 2765 sumitur
3462 2711 3528 2764 de
3578 2712 3750 2764 altari
3797 2711 3945 2777 quod

2243 2791 2292 2838 et
2321 2784 2462 2837 illud
2509 2785 2652 2852 quod
2697 2789 2888 2836 natum
2929 2788 3007 2835 est
3053 2799 3120 2835 eis
3174 2783 3396 2851 Virgine
3425 2799 3439 2836 :
3473 2783 3601 2836 aliis
3629 2787 3812 2836 autem
3841 2797 3939 2835 ne-

2243 2855 2499 2922 gantibus
2531 2859 2582 2907 et
2611 2854 2914 2908 dicentibus
2935 2853 3095 2908 aliud
3123 2867 3251 2906 esse.

2938 2989 3252 3028 RESPONSIO.

449 3099 691 3154 diduxit.
743 3097 880 3164 Quae
927 3117 1056 3154 cum
1108 3101 1186 3154 ita
1239 3097 1372 3166 sint,
1426 3119 1710 3172 nusquam
1767 3097 1966 3157 verum
2017 3118 2139 3158 esse
2177 3109 2214 3163 C
2319 3101 2391 3152 Ex
2422 3097 2934 3172 verbisA‘Anonymi
2963 3097 3265 3172 Cellotiani
3303 3097 3398 3172 jus
3430 3097 3944 3172 mihi_v_indico__ut

449 3175 635 3244 potest
659 3187 671 3224 :
723 3174 776 3224 l0
808 3172 1192 3226 mutationem
1221 3189 1350 3244 qua:
1380 3173 1438 3226 in
1479 3174 1828 3228 Eucharistia
1855 3176 1920 3227 ﬁt
1947 3176 2006 3228 in
2033 3190 2140 3228 cre-

448 3242 689 3314 dentium
720 3244 920 3296 animis
959 3246 1208 3308 existere,
1238 3242 1306 3296 in
1333 3245 1532 3312 quibus
1555 3247 1708 3298 verbi
1749 3247 1928 3298 divini
1956 3252 2140 3314 poten-

451 3315 530 3366 tia
571 3313 729 3381 ﬁdem
774 3316 1012 3382 corporis
1062 3319 1111 3366 et
1153 3317 1437 3380 sanguinis
1468 3316 1674 3369 Christi
1711 3321 1855 3369 creat
1898 3318 2143 3384 Spiritus

448 3387 627 3436 sancti
678 3388 882 3451 potenti
928 3386 1144 3436 virtute.
1201 3385 1494 3452 Ejusmodi
1543 3386 1695 3437 enim
1749 3386 1960 3438 creatio
2011 3385 2145 3438 ﬁdei

452 3453 678 3504 nullum
713 3453 884 3505 habet
916 3453 974 3523 in
1009 3469 1181 3520 opere
1215 3454 1509 3506 Hatramni
1550 3455 1873 3523 vestigium.
1906 3458 1964 3506 2o
1994 3457 2140 3508 Neu-

453 3524 674 3590 tiquam
724 3521 962 3590 opponit
1013 3523 1356 3575 Batramnus
1404 3540 1469 3575 eo
1517 3524 1626 3577 loci
1676 3521 1763 3577 his
1809 3525 1993 3578 verbis
2038 3541 2144 3577 non

451 3593 624 3664 specie
651 3591 749 3643 sed
775 3595 1001 3664 virtute,
1037 3594 1341 3664 essentiam
1387 3610 1488 3646 seu
1519 3597 1926 3664 proprietatem
1976 3602 2144 3648 natu-

453 3660 632 3735 ralem
663 3661 918 3735 corporis
948 3661 1176 3728 Christi,
1218 3664 1444 3728 virtuti;
1479 3660 1573 3718 sed
1613 3660 1977 3719 solummodo
2009 3682 2144 3735 spe-

453 3731 599 3784 ciem
650 3732 1020 3797 exteriorem;
1076 3749 1204 3804 qum
1257 3751 1449 3787 revera
1507 3735 1570 3788 in
1622 3737 1972 3790 Eucharistia
2027 3731 2144 3789 non

452 3809 692 3872 apparet
739 3819 842 3856 nec
877 3805 1056 3857 oculis
1109 3805 1426 3874 subjicitur.
1479 3807 1621 3861 Cum
1672 3823 1702 3860 e
1750 3814 1947 3861 contra
1994 3808 2145 3860 dicat

453 3889 583 3948 cum
615 3873 912 3948 Paschasio
945 3892 1104 3929 num.
1139 3873 1248 3948 49’:
1301 3900 1327 3928 ιι
1365 3879 1580 3948 Corpus
1613 3885 1670 3932 ct
1698 3880 1931 3946 sanguis
1980 3879 2140 3932 Chri-

455 3945 526 3998 sti
557 3961 686 4016 quze
717 3945 974 4019 ﬁdelium
1009 3963 1106 4000 ore
1147 3947 1207 4000 in
1237 3945 1493 4001 Ecclesia
1513 3945 1913 4019 percipiuntur
1941 3949 2142 4019 ﬁgura:

455 4025 589 4068 sunt
615 4017 926 4070 secundum
961 4019 1204 4086 speciem
1238 4019 1548 4083 visibilem;
1582 4026 1636 4073 at
1666 4017 1800 4072 vero
1829 4017 2140 4072 secundum

451 4087 798 4160 invisibilem
861 4089 1261 4155 substantiam,
1333 4091 1384 4143 id
1453 4095 1537 4144 est
1597 4090 1774 4144 divini
1825 4091 2142 4160 potentiam

457 4157 647 4230 Verbi,
710 4173 839 4210 vere
900 4175 1105 4226 corpus
1161 4160 1504 4229 et.sanguis
1553 4161 1758 4214 Christi
1811 4157 2140 4214 existunt.»

455 4227 592 4300 Quis
637 4229 811 4300 homo
854 4245 1008 4300 sana:
1038 4230 1245 4282 mentis
1279 4227 1530 4300 compos,
1566 4233 1949 4286 sinceritatem
2009 4232 2141 4285 ﬁdei

455 4297 872 4370 llatramnirex
918 4299 1005 4370 his
1055 4301 1240 4353 verbis
1299 4302 1358 4353 in
1413 4297 1741 4370 suspicione
1799 4304 2010 4368 ponat?
2073 4305 2142 4356 Ex

455 4366 666 4442 quibus
693 4369 879 4442 palam
912 4369 1234 4439 intelligere
1264 4370 1427 4424 facile
1456 4366 1542 4425 est
1588 4389 1692 4442 per
1720 4366 1914 4427 vocem
1950 4376 2146 4441 speciei

2251 3187 2450 3224 omnes
2477 3168 2954 3240 intelligant’tam
2984 3170 3171 3240 varias
3199 3169 3500 3222 hominum
3527 3169 3786 3222 ﬁdelium
3821 3168 3946 3222 dis-

2251 3239 3018 3310 crepantesque’sententias
3075 3239 3144 3292 de
3198 3257 3368 3292 causa
3414 3240 3778 3294 Eucharistize
3827 3255 3944 3292 non

2252 3312 2507 3380 reputari
2553 3312 2846 3376 factiones,
2891 3312 3000 3364 hoc
3048 3316 3134 3364 est
3175 3311 3425 3364 diversas
3471 3316 3660 3379 partes
3717 3310 3947 3364 veritati

2253 3382 2382 3435 ﬁdei
2450 3387 2854 3451 repugnantes.
2918 3381 3192 3436 Observat
3254 3381 3599 3435 Hatramnus
3655 3397 3816 3435 num.
3880 3385 3934 3434 ll

2251 3458 2428 3504 totam
2460 3453 2608 3504 hanc
2639 3452 3080 3505 controversiam
3111 3468 3232 3505 esse
3267 3452 3414 3505 inter
3434 3452 3629 3505 ﬁdeles
3663 3458 3941 3504 exortam.

2252 3523 2382 3586 Sed,
2429 3528 2720 3592 utcunque
2767 3538 2856 3575 res
2899 3523 2990 3587 sit,
3034 3539 3163 3576 cum
3216 3527 3551 3592 Anonymus
3595 3521 3947 3576 Cellotianus

2253 3593 2494 3672 scriptor
2521 3593 2595 3670 sit
2619 3593 2930 3672 humillimi
2961 3593 3181 3672 ingenii
3208 3599 3262 3646 et
3294 3594 3504 3672 nullius
3535 3594 3749 3659 meriti,
3783 3594 3947 3672 cujus

2253 3664 2577 3716 testimonio
2633 3665 2890 3718 solitario
2968 3664 3170 3717 nititur
3239 3664 3532 3734 persuasio
3591 3681 3790 3718 eorum
3844 3665 3946 3734 qui

2251 3735 2625 3788 Ratramnum
2706 3741 2763 3788 et
2819 3733 3180 3788 Paschasium
3243 3733 3394 3788 inter
3463 3751 3520 3787 se
3581 3733 3947 3804 deprzeliatos

2250 3806 2426 3860 fuisse
2467 3805 2574 3858 sibi
2623 3805 2870 3875 ﬁngunt,
2928 3811 3045 3858 tota
3100 3806 3222 3859 haec
3273 3805 3655 3859 controversia
3703 3807 3948 3860 faciliter

2253 3876 2447 3930 dirimi
2503 3881 2692 3947 potest
2744 3893 2808 3930 ex
2877 3877 3120 3930 lectione
3179 3881 3460 3947 accurata
3492 3876 3775 3930 librorum
3835 3877 3946 3929 Ra-

2252 3946 2804 4012 tramni,’Paschasii
2845 3953 2901 4000 et
2930 3948 3218 4016 Anonymi
3266 3946 3584 4012 Cellotiani,
3635 3962 3703 4000 ex
3734 3948 3948 4018 quibus

2253 4023 2609 4088 perspectum
2671 4018 2901 4071 habebit
2961 4019 3136 4071 lector
3186 4018 3357 4071 istum
3408 4021 3775 4087 Anonymum
3843 4034 3947 4072 nec

2253 4089 2550 4142 Ratramni
2608 4095 2856 4142 mentem
2917 4104 3017 4141 nec
3074 4089 3358 4142 Paschasii
3414 4094 3734 4142 assecutum
3798 4105 3939 4142 esse.

2256 4159 2553 4212 Enimvero
2603 4175 2732 4212 cum
2781 4163 3114 4228 Anonynius
3153 4175 3268 4212 non
3313 4159 3786 4213 animadverterit
3835 4160 3947 4213 Ra-

2254 4235 2538 4282 tramnum
2577 4245 2871 4298 nunquam
2906 4246 3115 4300 negare
3147 4246 3355 4299 corpus
3403 4231 3472 4283 de
3520 4231 3694 4284 Maria
3740 4236 3945 4284 natum

2255 4301 2485 4369 Virgine
2534 4300 2593 4370 in
2643 4301 2997 4354 Eucharistia
3039 4301 3299 4369 reperiri,
3350 4301 3445 4354 sed
3499 4302 3682 4354 solum
3730 4319 3761 4353 a
3809 4318 3947 4354 cor-

2251 4388 2388 4442 pore
2417 4372 2570 4441 quod
2617 4371 2941 4425 celebratur
2979 4371 3038 4424 in
3079 4372 3320 4425 Ecclesia
3361 4371 3610 4438 diﬁ‘erre,
3651 4372 3868 4425 scilicet
3915 4390 3946 4425 a

455 4453 570 4513 non
601 4438 954 4513 signiﬁcasse
977 4438 1239 4494 naturam
1280 4449 1377 4494 aut
1407 4438 1837 4511 proprietatem,
1879 4438 2140 4513 sed—spe-
2181 4456 2225 4508 Ι)
2254 4438 2492 4510 corpore
2536 4445 2902 4510 nuncupativo
2933 4443 3036 4496 sub
3084 4459 3198 4511 quo
3237 4443 3519 4496 occulitur
3566 4449 3624 4496 et
3669 4443 3806 4496 latet
3848 4459 3945 4496 ve-

455 4509 600 4561 ciem
663 4511 1295 4584 et_manifestationem
1363 4509 1726 4568 eXteriorem.
1791 4509 2141 4584 Supervaca-

455 4595 628 4654 neum
673 4579 855 4648 igitur
900 4587 984 4635 est
1032 4583 1140 4637 sibi
1189 4585 1407 4654 tingere
1456 4586 1819 4639 Paschasium
1872 4579 2143 4639 adversus

455 4649 831 4722 Batramuum
863 4654 1149 4722 scripsisse
1194 4655 1253 4708 in
1277 4649 1386 4709 Suo
1423 4656 1492 4708 ad
1527 4663 1782 4710 sanctum
1817 4657 2141 4710 Matthaeum

455 4720 889 4794 Commentario
925 4720 994 4776 in"
1037 4741 1162 4794 cap.
1193 4742 1338 4790 XXVI,
1381 4733 1436 4780 et
1466 4727 1842 4781 Ratramnum
1882 4743 2042 4781 num.
2077 4730 2143 4781 56

456 4792 990 4866 aliud‘intellesisse
1027 4792 1130 4865 per
1154 4800 1382 4866 speciem
1420 4814 1592 4866 quam
1625 4798 2144 4852 manifestationem

455 4863 817 4936 exteriorem,
841 4865 979 4918 dum
1005 4863 1080 4919 ait
1104 4882 1116 4919 :
1144 4863 1329 4920 «‘Non
1358 4863 1540 4936 specie
1562 4885 1810 4932 carnem,
1835 4870 1930 4922 sed
1959 4885 2142 4922 sacra-

456 4940 682 5006 mento;
733 4934 842 4987 hoc
889 4951 1020 4987 vero
1059 4953 1172 5006 quo
1203 4953 1354 4991 nunc
1389 4934 1837 4994 _similituulinem
1887 4940 2041 4992 illius
2084 4941 2144 4992 in

454 5005 724 5075 mysterio
765 5007 1045 5078 continet,
1078 5005 1215 5078 inon
1264 5009 1334 5062 sit
1382 5010 1568 5078 specie
1620 5027 1769 5074 caro,
1827 5011 1926 5064 sed
1959 5026 2143 5063 sacra-

453 5083 670 5150 mento.
702 5097 730 5150 >3
764 5077 904 5130 Nam
942 5077 1259 5150 continenti
1291 5077 1550 5134 sermone
1601 5082 1843 5150 explicat
1891 5086 2142 5134 mentem

453 5155 510 5201 et
537 5147 894 5220 abundanter
924 5148 1261 5220 testiﬁcatur
1299 5166 1357 5204 se
1394 5167 1495 5220 per
1523 5147 1749 5220 speciem
1799 5152 2144 5205 intellexisse

454 5219 886 5293 patefactionem
917 5218 1256 5272 exteriorem
1289 5218 1454 5289 panis
1487 5218 1566 5274 et_
1587 5222 1702 5276 vini
1748 5224 1853 5276 sub
1901 5240 2035 5293 qua,
2088 5222 2144 5276 id

454 5290 629 5364 estin
666 5296 1285 5364 sacramento,_verum
1333 5308 1539 5364 corpus
1583 5300 1639 5347 et
1668 5290 2145 5364 sanguis-Christi

454 5357 698 5438 existere
745 5361 932 5416 docet.
993 5381 1021 5438 «φ
1047 5359 1366 5431 Siquidem,
1411 5357 1620 5438 inquit,
1656 5364 1714 5438 in
1761 5357 1948 5438 specie
1979 5365 2144 5438 panis

453 5432 555 5505 est,
599 5432 660 5483 in
702 5437 1059 5505 sacramento
1096 5447 1294 5486 verum
1331 5432 1536 5502 corpus
1567 5432 1811 5502 Christi,—
1839 5432 1999 5489 sicut
2023 5436 2143 5505 ipse

453 5497 701 5574 clamat:
753 5504 982 5574 Hocest
1026 5518 1234 5574 corpus
1264 5497 1474 5558 meum.
1511 5523 1538 5555 ››
1594 5497 1790 5558 Ροιτο’
1816 5506 1896 5559 sic
1940 5497 2141 5559 stanti-

453 5568 561 5645 bus
607 5569 902 5645 Ratramni
942 5568 1143 5641 rebus,
1167 5591 1340 5645 quam
1373 5591 1673 5645 perperam
1704 5577 1982 5630 exclamat
2024 5576 2141 5630 dis-

452 5643 692 5711 sertator
715 5641 1112 5711 Batramnum
1157 5641 1202 5696 (ι’
1233 5641 1559 5699 cum—larvis
1612 5647 1834 5711 luctari,
1873 5669 1892 5693 ι
1931 5652 1983 5699 et
2013 5647 2094 5699 ait
2126 5663 2139 5699 :

457 5733 477 5757 ι
514 5709 650 5786 Quis
677 5710 904 5786 Christi
933 5730 1137 5786 corpus
1187 5733 1308 5770 esse
1345 5717 1688 5786 aspectabile
1734 5719 1793 5770 in
1824 5709 1931 5770 ara
1962 5718 2140 5771 dixit?

447 5787 538 5838 An
586 5781 822 5836 Patrum
871 5781 1214 5840 testimoniis
1268 5787 1323 5842 id
1375 5781 1664 5844 somnium
1728 5789 2141 5844 confutandum

2252 4529 2380 4566 rum
2411 4529 2614 4582 corpus
2640 4530 2652 4566 :
2676 4529 2804 4565 cum
2828 4513 2999 4567 etiam
3032 4513 3372 4567 Ratramnus
3393 4520 3563 4582 neget
3583 4513 3770 4566 solum
3801 4514 3947 4568 illud

2251 4600 2459 4653 corpus
2517 4583 2966 4652 nuncupativum
3024 4600 3144 4636 esse
3199 4584 3268 4637 de
3329 4584 3501 4637 Maria
3564 4590 3784 4650 natum,
3837 4587 3946 4638 iste

2250 4657 2584 4725 Anonymus
2643 4654 2750 4708 sibi
2802 4654 3084 4725 persuasit
3134 4656 3521 4720 Paschasium,
3576 4656 3674 4725 qui
3742 4658 3948 4709 asserit

2253 4741 2450 4779 verum
2479 4741 2686 4795 corpus
2719 4725 2787 4779 de
2838 4726 3012 4779 Maria
3060 4731 3253 4778 natum
3306 4743 3427 4779 esse
3475 4725 3534 4778 in
3564 4726 3942 4791 Eucharistia,

2253 4800 2308 4849 et
2337 4797 2734 4862 Ratramnum,
2766 4797 2864 4866 qui
2896 4801 3067 4865 negat
3105 4812 3310 4866 corpus
3337 4798 3789 4865 nuncupativum
3821 4813 3946 4850 esse

2252 4867 2322 4920 de
2359 4867 2527 4921 Maria
2557 4872 2782 4934 natum,
2813 4867 2922 4920 sibi
2951 4867 3194 4920 invicem
3233 4883 3354 4920 esse
3383 4868 3701 4921 contrarios
3746 4885 3759 4919 :
3811 4885 3945 4921 cum

2252 4955 2469 4998 revera,
2523 4939 2706 5007 posita
2755 4938 3120 4992 distinctione
3183 4940 3438 5009 corporis
3475 4942 3835 5007 nuncupatim
3892 4948 3951 4993 et

2250 5011 2384 5073 veri,
2441 5026 2537 5063 seu
2584 5009 2834 5078 corporis
2877 5010 2998 5062 veri
3043 5009 3250 5062 occulti
3292 5010 3396 5063 sub
3437 5009 3638 5062 umbra
3686 5011 3950 5078 corporis

2251 5081 2502 5149 figurati,
2536 5079 2776 5133 faciliter
2816 5080 3105 5134 conciliari
3136 5086 3193 5134 et
3219 5081 3286 5134 ad
3327 5080 3688 5133 concordiam
3737 5083 3948 5134 adduci

2253 5151 2494 5220 possint.
2554 5150 2715 5214 Quod
2771 5151 2851 5204 ait
2900 5151 3228 5204 dissertator
3281 5152 3656 5204 Ratramnum
3723 5151 3951 5206 demul-

2251 5219 2417 5275 cendi
2453 5222 2634 5287 gratia
2666 5221 2861 5274 ﬁdeles
2890 5222 3249 5291 aequabiliter
3279 5219 3591 5291 appellasse
3637 5222 3950 5292 utriusque

2252 5293 2540 5363 opinionis
2572 5297 2859 5361 patronos,
2893 5293 3008 5345 sive
3039 5296 3356 5346 asserentes
3384 5292 3576 5344 omnia
3596 5308 3717 5345 esse
3744 5300 3950 5362 aperta

2251 5370 2309 5418 et
2356 5363 2676 5428 manifesta,
2733 5363 2846 5415 sive
2895 5364 3141 5432 aliquam
3191 5377 3313 5415 esse
3361 5363 3608 5431 ﬁguram
3651 5364 3709 5415 in
3753 5380 3948 5418 sacra-

2251 5440 2444 5489 mento
2474 5434 2726 5504 corporis
2759 5435 2912 5503 quod
2954 5449 3052 5487 ore
3082 5433 3335 5488 ﬁdelium
3375 5433 3434 5486 in
3474 5433 3723 5486 Ecclesia
3762 5435 3948 5489 sumi-

2250 5510 2369 5571 tur;
2401 5505 2543 5558 nihil
2571 5505 2756 5574 magis
2778 5521 2809 5557 a
2835 5520 3006 5558 sensu
3037 5505 3329 5558 communi
3357 5504 3661 5558 hominum
3686 5504 3947 5560 alienum

2251 5593 2372 5630 esse
2412 5576 2669 5630 videtur:
2722 5575 2936 5645 quippe
2966 5591 3093 5628 cum
3136 5577 3300 5646 jussu
3331 5575 3696 5644 imperatoris
3735 5591 3947 5639 consu-

2252 5647 2419 5701 lentis
2467 5646 2812 5716 respondere
2859 5645 3171 5709 teneretur,
3223 5652 3278 5698 et
3326 5647 3477 5699 inter
3521 5645 3817 5699 haereticos
3855 5664 3946 5701 re-

2250 5734 2480 5772 censere
2507 5733 2651 5788 quos
2680 5733 2748 5772 ex
2774 5734 2972 5770 eorum
3005 5733 3245 5770 numero
3270 5717 3546 5786 cooptari,
3579 5734 3641 5770 ex
3674 5718 3946 5772 omnium

2249 5789 2662 5844 catholicorum
2703 5788 2994 5858 suffragio,
3043 5788 3090 5841 si
3130 5803 3327 5842 revera
3367 5789 3658 5859 negabant
3686 5805 3946 5858 praisen-
