4130 6184
262 272 371 323 213
989 271 1439 327 DISSERTATIO
1480 274 1546 327 IN
1591 275 1715 329 LIB.
1762 275 1848 330 DE
1888 277 2215 333 CORPORE
2260 279 2348 332 ET
2388 278 2735 335 SANGUINE
2778 280 3041 334 DOMINI.
3658 284 3763 336 214

260 401 402 481 iiam
450 404 708 472 corporis
765 402 975 456 Christi
1017 403 1076 456 in
1126 403 1477 458 Eucharistia
1508 421 1699 460 veram
1745 412 1799 462 et
1842 425 1952 462 rea-
1995 416 2039 465 Α
2069 409 2241 463 factas
2275 410 2467 474 fuisse,
2501 416 2754 481 tempore
2797 413 3156 481 pontilicatus
3189 412 3395 466 Gelasii
3428 417 3529 466 aut
3575 411 3760 467 sancti

257 475 396 552 leni,
425 489 659 552 necesse
691 482 830 528 erat.
905 549 912 552 _
1108 545 1119 552 _
1309 550 1314 552 Α
1391 548 1421 552 __
1593 548 1602 552 _
1668 550 1674 552 _
2065 482 2320 549 Gregorii
2353 482 2562 551 Magni,
2593 475 2650 535 in
2672 475 2919 552 quorum
2951 483 3411 537 sacramentariis
3455 483 3750 538 codicibus

332 545 505 622 XLII._
541 547 779 622 Primum
836 549 913 597 est
975 545 1119 622 quod
1173 548 1422 622 mysterii
1452 548 1706 622 vocabulo
1754 566 1957 618 praepo-
2066 545 2669 622 reperiunturfnullibi
2690 545 2824 606 vero
2848 555 2905 606 in
2928 555 3197 622 operibus
3218 555 3394 607 sancti
3414 555 3758 622 Augustini?

255 620 395 666 stere
449 616 713 669 abutatur
746 633 758 669 :
815 631 962 668 num.
1002 620 1141 668 enim
1187 621 1273 679 73,
1308 617 1397 682 74,
1423 623 1472 669 et
1499 621 1566 672 98
1597 636 1790 685 panem
1840 616 1955 674 con-

255 691 524 759 secratum
557 701 665 739 esse
687 689 1004 753 mysterium
1035 687 1203 748 docet,
1257 694 1369 740 tum
1421 692 1660 756 corporis
1719 697 1775 742 in
1851 709 1953 759 quo

256 756 484 809 Chistus
513 762 592 810 est
642 763 824 822 natus,
869 763 983 810 tum
1031 761 1270 824 corporis
1328 760 1593 824 Ecclesiae,
1633 762 1776 827 quod
1834 756 1954 815 mu-

251 829 403 879 Jime
429 827 718 880 abhorrere
745 845 780 881 a
808 844 930 882 vero
948 830 1136 883 multis
1165 829 1496 883 documentis
1531 833 1807 885 evicimus.

949 949 1263 988 RESPONSIO.

326 1021 436 1072 Nec
487 1022 547 1074 in
604 1022 687 1072 his
735 1021 992 1074 numeris
1043 1038 1145 1074 nec
1211 1023 1347 1076 alibi
1394 1025 1740 1078 Itatramnus
1788 1026 1950 1080 docet

249 1107 445 1165 panem
495 1099 1014 1165 consecratumesse
1063 1097 1396 1160 mysterium,
1445 1096 1542 1148 sed
1591 1097 1838 1165 figuram
1894 1105 1950 1150 et

254 1163 446 1234 velum
487 1163 638 1231 quod
670 1163 923 1232 contegit
963 1168 1019 1215 et
1050 1165 1256 1216 occulit
1287 1182 1491 1234 coupus
1519 1163 1745 1219 Christi.
1795 1168 1945 1220 Idem

251 1232 447 1306 docuit
505 1234 834 1286 Paschasius
885 1234 1124 1306 inﬁnitis
1184 1235 1335 1298 locis,
1387 1232 1689 1306 Vspeciatim
1743 1255 1864 1306 cap.
1915 1242 1947 1292 4

253 1303 383 1356 libri
414 1304 486 1355 de
513 1306 765 1370 Corpore
789 1311 844 1356 et
885 1305 1173 1374 Sanguine
1211 1303 1441 1358 Domini
1478 1307 1675 1360 Halmo
1712 1303 1944 1362 Hal-ber-

252 1376 538 1447 statensis,
573 1390 744 1443 quem
777 1377 1048 1447 adversus
1070 1376 1223 1428 hunc
1262 1377 1557 1430 Ratramni
1590 1380 1773 1431 locum
1809 1396 1945 1447 pro—

251 1445 358 1518 fert
404 1445 760 1518 dissertator,
793 1446 935 1518 nihil
978 1446 1030 1497 ei
1077 1449 1427 1518 contrarium
1472 1455 1569 1501 aut
1615 1445 1943 1518 repugnans

248 1516 404 1579 dicit,
442 1515 561 1568 imo
609 1531 743 1568 vero
786 1516 946 1569 valde
968 1517 1249 1586 propitius
1305 1526 1391 1570 est
1453 1518 1510 1571 in
1572 1515 1815 1573 tractatu
1871 1523 1941 1573 de

247 1587 502 1654 Corpore
534 1591 589 1638 et
610 1587 897 1655 Sanguine
931 1587 1179 1650 Domini,
1211 1604 1382 1656 quem
1410 1590 1779 1657 pulilieijuris
1813 1593 1942 1643 fecit

246 1657 611 1710 doctissimus
675 1657 987 1710 monachus
1053 1658 1299 1710 domnus
1358 1659 1532 1711 Lucas
1609 1662 1938 1714 d'Acherius

249 1735 408 1780 tomo
443 1727 877 1816 leSpicilegii,
913 1744 1042 1816 pag:
1072 1731 1160 1793 28,
1193 1729 1252 1780 in
1286 1745 1402 1816 quo
1436 1731 1552 1816 haec
1587 1733 1775 1810 verba,
1807 1749 1934 1816 quas
1977 1763 2016 1816 Β

242 1815 476 1851 sensum
533 1799 830 1851 Batramni
879 1799 1113 1850 miriﬁce
1173 1800 1473 1868 explicant,
1526 1803 1637 1864 legi
1675 1799 1931 1868 possunt.

246 1891 272 1916 ι(
317 1871 377 1921 In
410 1886 529 1938 quo
580 1869 830 1944 quidem_
869 1869 1073 1921 Christi
1102 1885 1340 1938 corpore
1371 1879 1426 1923 et
1474 1875 1940 1944 sanguinepro-

244 1946 371 2008 pter
417 1940 772 1992 sumentium
820 1941 1117 1992 horrorem
1149 1957 1319 2010 sapor
1370 1942 1534 2010 panis
1583 1940 1639 1994 et
1670 1940 1939 1997 vini're-

245 2018 483 2084 manent
538 2017 594 2062 et
642 2011 847 2084 ﬁgura,
882 2011 1328 2084 substantiarum
1374 2019 1580 2064 natura
1617 2014 1673 2065 in
1734 2031 1938 2084 corpus

243 2082 452 2135 Christi
484 2087 543 2134 et
574 2081 912 2148 sanguinem
944 2081 1178 2134 omnino
1217 2097 1506 2135 conversa.
1543 2084 1650 2137 Sed
1673 2081 1939 2139 aliud—re—

245 2153 516 2208 nuntiant
546 2168 748 2204 sensus
783 2151 988 2216 carnis,
1020 2152 1173 2205 aliud
1208 2154 1498 2206 renuntiat
1526 2154 1664 2206 Iides
1691 2156 1933 2209 mentis:

245 2240 444 2275 Sensus
470 2224 658 2274 carnis
683 2223 822 2275 nihil
851 2223 1000 2275 aliud
1021 2224 1352 2275 renuntiare
1369 2229 1604 2293 possunt
1624 2242 1795 2294 quam
1810 2243 1937 2280 sen-

244 2299 411 2356 tiunt,
448 2294 775 2346 intellectus
807 2300 998 2346 autem
1029 2295 1236 2346 mentis
1261 2299 1319 2347 et
1350 2298 1488 2348 ﬁdes
1517 2313 1706 2348 veram
1731 2297 1937 2351 Christi

246 2381 483 2416 carnem
515 2369 574 2416 et
603 2363 940 2433 sanguinem
971 2367 1264 2418 renuntiat
1290 2371 1346 2418 et
1373 2366 1696 2418 conﬁtetur.
1738 2389 1759 2415 ι

312 2436 495 2488 XLIII.
576 2435 678 2487 Nec
750 2450 872 2487 vero
944 2439 1360 2501 patrocinantur
1433 2437 1940 2504 pseudo-Ratramui

245 2508 416 2558 errori
475 2507 746 2559 orationes
797 2507 1165 2560 ecclesiasticae
1241 2507 1362 2561 duae
1407 2522 1549 2574 quas
1602 2509 1692 2562 ille
1746 2511 1940 2562 recitat

245 2593 388 2630 num.
424 2579 495 2630 85
527 2581 578 2628 et
609 2577 696 2629 88.

937 2661 1246 2700 RESPONSIO.

318 2737 392 2788 De
457 2735 549 2788 his
599 2734 951 2807 orationibus
1004 2734 1426 2807 Ecclesiaarjam
1457 2735 1705 2789 diximus
1765 2753 1936 2807 supra

247 2808 310 2859 ad
341 2805 787 2874 explicationem
819 2805 1074 2873 epistolas
1113 2806 1356 2859 Ascelini
1379 2807 1448 2860 ad
1493 2805 1930 2875 Berengarium;

247 2893 357 2929 non
389 2878 507 2928 alio
555 2875 793 2928 consilio
853 2893 946 2928 eas
1004 2877 1254 2945 prodidit
1312 2878 1656 2931 Ratramnus
1710 2880 1816 2930 nisi
1875 2888 1937 2932 ut

247 2948 584 3015 Opinionem
635 2962 834 2999 eorum
895 2946 1184 3016 frangeret
1232 2948 1330 3016 qui
1383 2949 1489 3000 sibi
1538 2956 1935 3018 persuaserant

249 3019 443 3070 omnia
496 3035 617 3070 esse
649 3025 845 3085 aperta
876 3023 931 3070 et
977 3019 1035 3070 in
1080 3025 1380 3086 prospectu
1412 3036 1682 3072 sensuum
1719 3024 1776 3072 et
1805 3037 1937 3073 ocu-

247 3089 432 3141 lorum
465 3089 524 3140 in
560 3088 922 3150 Eucharistia,
972 3089 1141 3140 nullis
1190 3089 1410 3141 umbris
1448 3096 1545 3142 aut
1607 3091 1803 3152 figuris
1842 3092 1941 3144 ob-

249 3160 427 3212 velata
463 3176 475 3210 :
513 3161 725 3228 quippe
744 3174 871 3210 cum
898 3159 983 3210 his
1009 3160 1402 3226 rogationibus
1431 3165 1722 3228 peteretur
1755 3179 1782 3212 a
1828 3163 1940 3214 Deo

247 3236 304 3282 ut
337 3230 488 3298 quod
527 3232 584 3282 in
630 3232 866 3298 imagine
914 3229 1272 3296 contingimus
1324 3233 1650 3284 sacramenti
1706 3234 1939 3296 manife-

247 3307 332 3353 sta
364 3306 469 3354 aut
519 3302 881 3364 manifestata
924 3302 1348 3368 participatione
1405 3317 1700 3366 sumamus,
1733 3307 1793 3355 ut
1825 3318 1943 3370 quae

247 3388 386 3425 nunc
433 3375 610 3438 specie
642 3373 895 3436 gerimus,
942 3386 1123 3424 rerum
1152 3375 1376 3424 veritate
1423 3375 1722 3439 capiamus,
1754 3373 1808 3426 id
1859 3381 1944 3426 est

245 3444 707 3508 manifesta-tione,
743 3442 860 3492 haec
891 3441 1047 3512 enim
1078 3457 1179 3494 vox
1229 3444 1601 3508 manifestatio
1632 3444 1774 3512 stylo
1833 3445 1939 3498 Ila-

244 3513 457 3566 tramni
516 3528 646 3564 voce
704 3513 950 3564 veritatis
1007 3511 1383 3579 signiﬁcatur,
1437 3520 1500 3566 ut
1557 3511 1727 3582 supra
1771 3520 1826 3567 et
1883 3514 1941 3566 in

246 3583 588 3652 praefatione
623 3582 1157 3634 demonstravimus.
1191 3583 1278 3636 Sic
1308 3583 1372 3636 ad
1423 3584 1938 3637 manifestationem

244 3653 684 3723 signiﬁcandam
726 3667 858 3704 voce
887 3654 1132 3706 veritatis
1166 3669 1299 3706 usus
1342 3658 1428 3706 est
1477 3656 1674 3708 beatus
1705 3657 1942 3718 Algerus

247 3725 344 3778 lib.
382 3742 394 3777 ι
431 3725 503 3777 de
561 3723 935 3794 Eucharistia,
969 3739 1092 3792 cap.
1128 3726 1156 3776 5
1193 3741 1205 3777 :
1249 3743 1274 3774 «
1323 3725 1498 3785 Unde,
1530 3725 1736 3794 inquit,
1770 3727 1940 3778 etiam

243 3796 299 3848 in
333 3797 449 3848 ﬁne
501 3794 800 3862 cujusdam
842 3793 1030 3846 missas
1079 3801 1276 3847 oratur
1307 3803 1362 3848 et
1414 3793 1656 3849 dicitur:
1694 3818 1718 3843 ››
1767 3799 1942 3860 Per/i-

244 3870 393 3919 ciant
446 3867 505 3917 in
558 3864 728 3927 nobis,
791 3865 1032 3930 Domine,
1079 3881 1402 3931 quaesumus.
1449 3873 1787 3920 sacramenta
1850 3873 1944 3920 tua

246 3937 390 4004 quod
420 3936 718 3998 continent,
771 3935 1003 4002 utquod
1047 3951 1186 3988 nunc
1244 3940 1416 4004 specie
1444 3940 1701 4002 gerimus,
1764 3954 1944 3991 rerum

245 4012 474 4062 veritate
515 4008 814 4075 cupiamus.
876 4006 1128 4059 Postulat
1171 4009 1384 4077 quippe
1430 4009 1693 4062 sacerdos
1732 4017 1792 4061 ut
1818 4025 1939 4065 cor-

245 4095 352 4148 pus
413 4077 644 4138 Christi,
695 4077 846 4145 quod
899 4077 1002 4148 sub
1051 4077 1238 4146 specie
1295 4078 1459 4148 panis
1513 4084 1569 4130 et
1626 4079 1738 4131 vini
1792 4095 1945 4132 nunc

247 4147 491 4216 geritur.
532 4148 831 4200 manifesta
869 4147 1108 4209 visione,
1169 4147 1314 4202 sicut
1363 4165 1560 4201 revera
1605 4156 1706 4214 est,
1759 4165 1942 4218 quan-

248 4224 434 4290 doque
475 4219 760 4290 capiaiur;
797 4219 866 4290 de
905 4234 1018 4287 qua
1056 4220 1274 4272 visione
1322 4219 1620 4290 docuimus
1666 4220 1724 4271 in
1769 4221 1943 4272 Evan-

248 4288 399 4359 gelio
449 4288 761 4342 secundum
792 4289 1065 4342 Joannem
1097 4305 1108 4342 :
1145 4293 1250 4358 Qui
1301 4289 1486 4357 diligit
1531 4307 1629 4354 mc,
1681 4290 1944 4359 diligetur

248 4379 281 4412 (ι
327 4363 494 4414 Patre
549 4374 682 4424 meo,
728 4363 776 4411 et
809 4359 1038 4422 diligam
1086 4375 1202 4413 eum
1252 4365 1302 4414 et
1350 4361 1712 4425 manifestabo
1743 4364 1791 4414 ei
1836 4377 1942 4414 me-

2065 624 2191 698 iimc
2212 623 2674 698 adeoimbecilla
2705 629 2837 698 sunt
2866 630 2928 698 ut
2976 624 3348 698 responsione
3382 641 3497 678 non
3529 632 3752 698 egeant.

2064 695 2184 746 Non
2222 695 2622 762 optabiliorem
2656 695 2829 747 habet
2859 695 3194 762 dissertator
3225 695 3443 749 exitum
3473 713 3538 748 ex
3571 695 3753 748 inter-

2062 761 2380 832 pretatione
2402 781 2574 833 quam
2605 766 2767 817 alteri
2793 761 2922 818 huic
2948 765 3189 817 orationi
3207 766 3444 819 inducit.
3466 767 3754 834 Perﬁciant

2058 837 2116 888 in
2171 839 2341 898 nobis,
2402 839 2636 900 Dorninc,
2694 851 3020 904 quaesumus,
3068 841 3163 888 tua
3215 843 3554 890 sacramenta
3606 838 3752 904 quod

2058 908 2329 958 continent
2364 923 2375 959 :
2404 911 2461 959 ut
2501 923 2620 973 qua:
2663 923 2802 959 nunc
2831 910 3003 974 specie
3033 909 3288 971 gerimus,
3314 922 3493 960 rerum
3522 910 3751 961 veritate
3777 962 3780 965 .

2057 979 2356 1044 capiamus.
2393 977 2691 1029 Contendit
2712 977 2866 1030 enim
2920 978 3223 1030 obfirmato
3254 981 3480 1045 pectore
3519 993 3749 1030 sensum

2059 1048 2226 1115 hujus
2250 1047 2525 1100 orationis
2561 1065 2671 1100 nou
2694 1048 2920 1100 dilI'erre
2951 1066 2980 1099 a
3020 1064 3184 1100 sensu
3240 1046 3470 1100 alterius
3501 1047 3587 1099 his
3617 1064 3745 1100 ver-

2056 1117 2141 1170 bis
2170 1124 2460 1187 eonceptze
2503 1123 2760 1186 Ietnpore
2810 1119 3090 1171 Paschasii
3118 1135 3129 1171 :
3155 1119 3423 1186 Spiritum
3451 1118 3600 1170 nobis
3645 1123 3748 1172 tuae

2053 1189 2344 1242 Chariteles
2393 1191 2640 1253 iii/une,
2675 1196 2731 1241 ut
2786 1205 2916 1255 quos
2972 1191 3326 1242 sacramentis
3388 1189 3744 1242 Paschalibus

2051 1262 2292 1322 sutiusti,
2322 1263 2416 1312 tua
2445 1262 2622 1322 furnus
2651 1264 2850 1327 pietate
2882 1261 3180 1312 concordes.
3218 1260 3341 1311 Non
3370 1258 3600 1312 difﬁcile
3635 1274 3747 1310 ma-

2053 1331 2139 1398 gis
2199 1333 2467 1396 probaret
2518 1331 2791 1398 hymnum
2842 1333 2909 1382 'l‘e
2965 1334 3128 1384 Deum
3181 1329 3468 1382 laudamus
3531 1329 3740 1382 habere

2052 1401 2315 1453 eumdem
2347 1417 2574 1453 sensum
2605 1416 2732 1453 cum
2762 1403 2978 1468 psalmo
3002 1405 3071 1453 De
3100 1401 3393 1468 profundis
3423 1416 3528 1452 cxx.

2120 1472 2296 1525 XLIV.
2363 1471 2589 1523 Dissert.
2648 1487 2758 1540 pag
2804 1474 2928 1535 “295,
2973 1473 3108 1523 edit.
3161 1471 3466 1524 Amstelod.
3509 1475 3566 1522 et
3621 1473 3742 1523 188.

2051 1542 2182 1594 edit.
2223 1541 2397 1594 Paris.
2459 1543 2714 1594 Pcrvcrsa
2764 1544 2871 1594 haec
2921 1543 3166 1608 mysterii
3195 1544 3450 1609 acceptio,
3507 1541 3740 1594 Pseudo-

2050 1614 2689 1673 Ilutrunmumtrans/'u't
2761 1616 2812 1663 in
2870 1629 2986 1664 eam
3038 1614 3376 1676 sententiam,
3410 1617 3469 1664 ut
3529 1613 3742 1678 passim

2047 1686 2272 1749 afﬁrmet
2305 1697 2496 1750 corpus
2539 1683 2765 1746 Christi,
2797 1683 2941 1750 quod
2989 1688 3063 1736 est
3095 1685 3153 1734 in
3183 1683 3372 1749 altari,
3412 1697 3607 1748 magno
3651 1682 3736 1734 di-

2048 1759 2194 1806 stare
2223 1755 2506 1806 interrallo
2538 1756 2604 1805 ab
2642 1769 2697 1806 eo
2726 1756 2784 1805 in
2812 1770 2914 1820 quo
2947 1753 3189 1807 Christus
3219 1758 3380 1805 natus
3410 1757 3487 1805 est
3517 1769 3528 1804 :
3563 1767 3736 1820 quan—

2048 1829 2161 1877 tum
2194 1826 2335 1876 inter
2381 1827 2595 1888 signum
2625 1827 2724 1886 rei,
2768 1826 2989 1888 scilicet,
3012 1830 3062 1877 et
3102 1839 3210 1876 rem
3247 1825 3613 1890 signiﬁcatam
3641 1822 3732 1874 de-

2050 1895 2132 1948 bet
2163 1895 2451 1948 discrimen
2474 1897 2745 1948 interesse.

2732 2015 3050 2054 RESPONSIO.

2123 2106 2233 2159 Nec
2258 2120 2468 2157 vanum
2501 2121 2602 2157 nec
2649 2118 2973 2172 perversam
3027 2101 3563 2170 interpretationem
3613 2101 3733 2153 voci

2045 2177 2294 2243 mysterii
2324 2175 2543 2228 inducit
2582 2175 2962 2227 Ratramnus:
2999 2179 3192 2242 aperte
3219 2177 3276 2226 et
3321 2173 3469 2225 clare
3501 2187 3730 2224 sensum

2048 2263 2212 2300 suum
2249 2247 2492 2314 explicat
2520 2261 2762 2298 numero
2795 2248 2846 2307 9,
2905 2243 2995 2296 cui
3043 2244 3248 2297 addere
3288 2245 3376 2296 vel
3433 2243 3733 2314 detrahere

2047 2313 2360 2387 quidquam
2396 2316 2668 2370 horribile
2690 2319 2773 2387 est
2802 2315 3420 2387 etpertimescendum.
3448 2334 3475 2361 «
3498 2313 3554 2366 Si
3575 2313 3733 2387 nulla

2048 2383 2152 2440 sub
2186 2383 2369 2453 ﬁgura
2391 2387 2724 2456 mysterium
2745 2386 2882 2438 illud
2910 2385 3221 2456 peragitur,
3252 2389 3373 2437 tum
3400 2383 3735 2456 mysterium

2050 2475 2160 2511 non
2207 2464 2355 2510 recte
2402 2454 2701 2510 vocitatur.
2753 2454 3422 2523 Quoniam’mysterium
3471 2454 3583 2508 dici
3629 2470 3742 2505 non

2046 2534 2234 2598 potest
2260 2528 2321 2581 in
2349 2544 2463 2598 quo
2496 2527 2637 2580 nihil
2671 2534 2756 2598 est
2787 2526 3064 2598 abditum,
3101 2525 3246 2598 nihil
3276 2542 3308 2578 a
3340 2524 3741 2594 corporalibus

2048 2597 2305 2652 Sensibus
2329 2597 2635 2662 remotum,
2662 2597 2804 2650 nihil
2831 2597 3024 2666 aliquo
3039 2597 3320 2649 velamine
3347 2601 3744 2666 contectum.»

2047 2670 2182 2733 Quis
2216 2670 2272 2721 in
2299 2669 2390 2723 his
2411 2669 2665 2722 veritatis
2688 2664 3043 2736 amplissima
3075 2667 3314 2735 vestigia
3350 2683 3467 2719 non
3515 2664 3742 2736 perspi-

2046 2741 2194 2794 ciat?
2245 2740 2382 2803 Quis
2433 2741 2556 2792 haec
2610 2735 2920 2792 convenire
2973 2738 3343 2790 Eucharistize
3375 2735 3638 2790 dubitet?
3685 2735 3745 2788 in

2047 2829 2162 2881 qua
2191 2811 2332 2864 fides
2362 2816 2416 2863 et
2465 2811 2786 2862 intellectus
2832 2811 3115 2876 objectum
3175 2807 3387 2860 habent
3435 2823 3645 2881 corpus
3689 2813 3748 2859 et

2045 2876 2384 2952 sanguinem
2416 2881 2623 2935 Christi
2646 2881 3058 2952 absconditum,
3111 2895 3309 2952 sensus
3357 2894 3514 2952 vero
3545 2876 3742 2930 solita-

2046 2947 2403 3021 rias'species
2435 2952 2598 3020 panis
2629 2957 2683 3003 et
2715 2951 2832 3002 vini
2877 2950 3234 3018 susperstites
3274 2947 3647 3021 perspiciunt,
3683 2955 3747 3021 ut

2050 3018 2251 3076 eodem
2278 3018 2516 3075 numero
2551 3025 2580 3075 9
2614 3022 2691 3074 ait
2721 3021 3082 3073 Ratramnus.
3125 3021 3199 3070 De
3232 3019 3451 3087 reliquo
3486 3018 3630 3071 nihil
3659 3020 3742 3070 of-

2003 3087 2013 3138 ἒ
2051 3095 2170 3147 ﬁcit
2197 3093 2416 3159 legibus
2459 3099 2622 3144 recta'
2663 3092 2898 3142 rationis
2931 3095 3028 3141 aut
3063 3089 3407 3159 Christiana;
3445 3087 3744 3159 religionis

2051 3158 2430 3218 differentiam
2487 3176 2888 3228 recognoscere
2935 3161 3086 3212 inter
3119 3175 3323 3226 corpus
3357 3158 3560 3210 Christi
3589 3159 3741 3210 vela-

2050 3243 2171 3288 tum
2204 3233 2432 3286 etideiu
2473 3248 2680 3300 corpus
2732 3230 2947 3282 editum
2983 3236 3036 3282 et
3098 3229 3484 3300 manifestum,
3533 3245 3742 3296 corpus

2051 3305 2512 3370 circumscriptive
2563 3298 2811 3354 locatum
2855 3307 2915 3352 ut
2949 3298 3276 3368 philosophi
3323 3299 3655 3367 loquuntur,
3689 3304 3742 3350 et

2050 3376 2205 3428 idem
2248 3391 2455 3443 corpus
2503 3373 2799 3442 spirituale
2849 3377 2905 3424 et
2942 3370 3221 3443 tle/initive
3271 3370 3547 3440 positum.
3613 3370 3738 3443 ch

2051 3439 2372 3500 dilfcrentia
2419 3439 2792 3497 substantiam
2859 3441 3115 3511 corporis
3167 3457 3278 3493 non
3359 3445 3590 3509 spectat,
3640 3439 3739 3492 sed

2049 3518 2236 3571 varios
2288 3515 2559 3568 existendi
2607 3518 2826 3567 modos.
2874 3513 3017 3577 Quid
3067 3517 3217 3564 vetat
3279 3512 3516 3569 multam
3561 3525 3738 3579 agno-

2049 3604 2205 3641 scere
2241 3586 2674 3655 discrepantiam
2703 3585 2856 3638 inter
2887 3599 3127 3655 corpora
3177 3587 3372 3655 nostra
3405 3583 3526 3655 viva
3547 3587 3610 3655 et
3648 3597 3740 3632 ea-

2053 3661 2182 3713 dem
2237 3669 2363 3726 post
2397 3652 2872 3710 resurrectionem
2929 3654 3176 3726 rediviva
3198 3653 3247 3726 ‘tﬂ
3289 3652 3559 3726 Nunquid
3597 3667 3741 3726 Anon

2051 3721 2292 3799 apostoli
2359 3743 2668 3799 summam_
2726 3731 3081 3799 agnoverunt
3142 3724 3523 3799 ditferentiam
3594 3721 3742 3799 inter

2052 3793 2260 3868 corpus
2291 3798 2500 3852 Christi
2521 3796 2843 3868 gloriosum
2887 3802 2944 3848 et
2964 3795 3327 3868 splendidum
3372 3793 3742 3868 die_transli-

2053 3863 2370 3939 gurationis
2407 3873 2462 3920 et
2516 3863 2667 3918 idem
2713 3882 2916 3934 corpus
2966 3863 3629 3939 die__ti‘anstigurationis
3685 3870 3742 3939 et

2052 3933 2250 3994 inortis
2287 3942 2530 3991 lacerum
2581 3943 2637 3988 et
2678 3933 2963 3988 truncum.
3019 3935 3164 3986 Nihil
3211 3933 3394 3985 obstat
3435 3933 3614 4001 igitur
3639 3933 3737 3984 ad-

2054 4013 2280 4065 mittere
2329 4009 2635 4062 discrimen
2695 4013 2753 4060 et
2809 4006 3171 4059 intervallum
3224 4003 3540 4057 maximum
3593 4002 3742 4055 inter

2053 4097 2260 4149 corpus
2308 4080 2513 4135 Christi
2561 4082 2759 4130 natum
2808 4078 2876 4130 de
2909 4076 3436 4149 Virgine,_passum
3484 4077 3540 4149 et.
3587 4073 3739 4149 cruci

2055 4143 2308 4216 afﬁxum,
2343 4151 2553 4202 factum
2583 4150 2967 4218 spectaculum
3020 4147 3232 4199 mundo
3281 4151 3334 4218 et
3384 4143 3738 4218 hominibus,

2053 4231 2110 4277 et
2136 4224 2289 4277 idem
2320 4236 2523 4288 corpus
2551 4216 2823 4284 velatum,
2857 4218 3251 4271 absconditum
3278 4216 3476 4288 ﬁguris
3507 4219 3562 4268 et
3606 4230 3740 4288 um-

2052 4294 2166 4348 bris
2200 4285 2522 4345 involutum
2553 4291 2611 4343 in
2645 4289 3017 4354 Eucharistia,
3067 4287 3434 4357 impalpabile
3465 4289 3521 4339 et
3566 4285 3741 4357 nullis

2053 4363 2310 4418 sensibus
2341 4361 2671 4415 obnoxium.
2733 4362 2936 4414 Beatus
2975 4356 3601 4430 Algerus,’Berengarii
3639 4356 3740 4409 ad-

249 4435 447 4502 ipsum.
505 4422 675 4502 Etide'
690 4429 806 4502 hoc
832 4430 1419 4502 eodemisacramento
1452 4422 1664 4500 legitur
1695 4431 1754 4483 in
1814 4449 1936 4500 pas-
1985 4422 2026 4474 D
2058 4432 2359 4490 versarius.
2393 4431 2536 4486 dixit
2568 4433 2671 4485 hoc
2703 4422 3078 4502 corpusessev
3105 4445 3261 4502 ipsust
3288 4445 3358 4502 Er
3387 4422 3494 4481 non
3538 4443 3698 4502 IPSU_M
3725 4443 3737 4478 :

250 4501 411 4554 sione
437 4500 594 4554 beati
636 4499 914 4568 Dionysii,
962 4500 1099 4569 quia
1149 4502 1285 4554 dum
1355 4499 1576 4555 sacrum
1618 4499 1950 4571 mysterium

249 4573 567 4626 celebraret
599 4571 658 4643 in
689 4586 933 4643 carcere,
967 4573 1234 4641 apparuit
1271 4572 1323 4624 ei
1359 4573 1654 4636 Dominus,
1684 4573 1940 4643 dansque

249 4644 332 4696 illi
359 4649 560 4696 sancta
590 4641 730 4694 dixit
768 4657 781 4694 :
816 4642 1012 4708 Accipe
1059 4643 1172 4706 hoc,
1207 4643 1366 4695 chare
1410 4658 1578 4710 meus,
1631 4643 1775 4711 quod
1816 4641 1942 4698 mox

249 4714 521 4781 complebo
579 4713 680 4764 tibi
734 4727 846 4764 una
883 4726 1001 4764 cum
1046 4714 1208 4766 Patre
1251 4729 1380 4766 meo.
1441 4717 1518 4766 Ac
1580 4713 1625 4765 si
1677 4713 1938 4767 diceret:

250 4785 412 4847 Quod
469 4783 574 4836 tibi
626 4783 800 4849 dono,
858 4782 928 4835 do
981 4782 1041 4836 in
1093 4783 1299 4837 viatico
1344 4801 1356 4837 :
1407 4800 1524 4838 non
1597 4785 1830 4838 mutabo
1884 4785 1942 4837 in

249 4855 491 4935 praemio
545 4859 605 4906 ut
633 4854 762 4935 dem
813 4851 1120 4935 aliud,_sed
1145 4854 1438 4935 Ai‘dipsum.
1473 4856 1942 4935 cOompleboIme-

248 4923 444 4995 ipsum
503 4923 898 4986 manifestans,
961 4931 1068 4977 etc.
1139 4923 1443 4980 Observavi
1496 4925 1555 4978 in
1605 4923 1942 4994 praefatione

250 4999 373 5062 has,
449 5010 668 5066 praeces
726 5012 784 5066 ad
823 4995 1028 5048 Graecis
1090 4996 1156 5050 ad
1220 4997 1447 5050 Latinos
1512 4995 1683 5050 fuisse
1749 4997 1942 5050 tradu—

249 5075 386 5134 ctas,
451 5064 548 5118 'uti
605 5064 982 5138 intelligimus
1056 5082 1123 5119 ex
1183 5067 1383 5138 verbis
1441 5066 1621 5138 sancti
1688 5067 1945 5138 Dionysii

250 5155 378 5208 quae
436 5137 700 5206 superius
756 5136 1119 5204 prodidimus
1178 5136 1236 5190 in
1288 5137 1666 5205 responsione
1717 5138 1786 5191 ad
1842 5136 1943 5190 Ob-

245 5210 564 5274 jectionem
602 5209 694 5270 l0;
755 5210 814 5258 at
869 5223 1003 5259 vero
1055 5208 1344 5261 orationes
1379 5208 1662 5276 ejusmodi
1718 5209 1796 5261 sic
1850 5224 1944 5261 ex-

251 5280 478 5348 plicata:
535 5277 691 5348 nulli
718 5278 899 5329 errori
957 5284 1197 5346 possunt
1244 5279 1636 5348 patrocinari:
1688 5279 1946 5348 adeoque

252 5347 442 5403 omnis
498 5347 728 5400 haeresis
788 5348 1139 5402 contumelia
1191 5347 1561 5403 Ratramnum
1626 5347 1946 5403 immunem

253 5436 316 5473 ac
359 5435 576 5489 parum
625 5433 1034 5486 recognoscere
1095 5435 1320 5473 necesse
1370 5425 1470 5474 est.
1541 5421 1948 5474 Verumtamen

253 5493 627 5544 vehementer
652 5489 1028 5543 allucinatum
1057 5490 1227 5543 fuisse
1256 5490 1498 5560 probare
1523 5491 1724 5544 nititur
1748 5492 1951 5545 disser-

251 5567 420 5626 tator,
463 5560 802 5613 auctoritate
829 5562 1009 5613 sancti
1039 5562 1367 5625 Augustini,
1402 5562 1500 5630 qui
1526 5568 1767 5615 tractatu
1798 5579 1947 5616 xxvn

253 5633 312 5685 in
335 5633 621 5685 Joannem
649 5632 999 5695 manifestam
1040 5635 1515 5701 participationem
1541 5633 1952 5701 interpertatur

255 5719 434 5771 usque
457 5702 533 5755 ad
563 5702 792 5773 spiritus
821 5704 1318 5771 participationem.
1342 5703 1444 5757 Sed
1475 5703 1610 5773 quid
1630 5702 1790 5756 tum?
1820 5721 1950 5757 cum

256 5779 476 5827 constet
501 5773 606 5826 has
655 5772 944 5828 orationes
974 5773 1076 5828 diu
1115 5780 1243 5844 post
1282 5772 1540 5829 sanctum
1567 5774 1950 5845 Augustinum

2060 4507 2211 4560 idem
2261 4503 2627 4563 Lanfrancus,
2663 4499 3085 4556 Cantuariensis
3113 4499 3591 4567 archiepiscopus.
3653 4499 3740 4550 In-

2061 4591 2234 4645 super
2285 4574 2550 4645 omittere
2596 4589 2711 4626 non
2769 4573 3044 4645 debemus
3100 4571 3411 4645 secundum
3454 4568 3739 4645 -Algerum

2051 4640 2294 4717 duplicis
2323 4644 2564 4717 generis
2594 4658 2795 4712 corpus
2835 4642 3040 4717 Christi
3086 4641 3401 4717 consistens
3450 4640 3511 4692 in
3555 4655 3741 4717 sacra:

2051 4711 2245 4770 me'nto
2332 4711 2715 4779 Eucharistiai,
2785 4712 2997 4765 scilicet
3047 4711 3518 4780 nuncupativum,
3589 4712 3740 4779 quod

2054 4787 2350 4856 speciebus
2398 4785 2562 4855 panis
2613 4793 2666 4837 et
2725 4783 2838 4836 vini
2885 4782 3114 4856 umbris
3164 4788 3223 4856 et
3266 4781 3468 4856 figuris
3494 4786 3738 4856 constat;

2055 4852 2296 4911 alterum
2344 4852 2539 4909 verum
2594 4862 2649 4907 et
2700 4853 3001 4922 proprium
3045 4854 3115 4907 de
3163 4853 3335 4906 Maria
3378 4852 3607 4921 Virgine
3652 4865 3741 4901 as-

2053 4934 2371 4997 sumptum,
2407 4925 2510 4978 sub
2546 4924 2930 4997 nuncupativo
2970 4926 3250 4997 occultum
3283 4929 3344 4997 et
3381 4923 3741 4997 delitescens,

2055 4991 2250 5052 oculos
2281 5014 2344 5050 ac
2399 5013 2601 5049 sensus
2658 4991 2958 5048 hominum
3006 4995 3228 5049 fallens.
3281 4995 3356 5047 De
3389 4991 3597 5061 quibus
3657 4991 3735 5041 ait

2057 5071 2398 5123 Ratramnus
2432 5083 2444 5120 :
2480 5089 2515 5138 γι
2562 5069 2675 5120 Non
2717 5067 2870 5138 quod,
2911 5067 3145 5120 duarum
3178 5069 3290 5138 sint
3342 5063 3740 5138 cwistenliaere-

2054 5157 2205 5204 rum;
2239 5160 2265 5186 ι)
2302 5145 2356 5192 et
2393 5137 2627 5209 quidem
2676 5137 2937 5209 rotunde
2971 5142 3028 5190 et
3073 5135 3389 5209 verissime,
3441 5147 3582 5209 cum
3625 5135 3743 5198 ipse

2056 5212 2259 5264 doceat
2285 5206 2443 5262 num.
2473 5212 2540 5264 30
2568 5224 2774 5279 panem
2807 5216 2862 5260 et
2893 5207 3100 5279 vinum;
3119 5208 3181 5260 in
3227 5206 3485 5279 corporis
3516 5206 3593 5279 et
3623 5217 3746 5254 san-

2057 5282 2251 5350 guinis
2281 5271 2798 5352 Christiconversa
2826 5277 3245 5352 substantiam,
3274 5277 3328 5352 et
3383 5271 3532 5352 dicat
3563 5288 3742 5352 Inum.

2057 5343 2125 5406 i8
2159 5369 2171 5405 :
2209 5371 2235 5401 ει
2273 5353 2395 5405 Non
2421 5351 2574 5403 enim
2626 5357 2892 5418 putamus
2940 5349 3121 5418 ullum
3174 5343 3428 5418 ﬁdelium
3479 5343 3746 5418 dubitare

2058 5437 2268 5494 panem
2313 5421 2490 5494 illum
2536 5413 2960 5494 fuissedcorpus
2991 5415 3198 5494 Christi
3253 5413 3540 5477 etfectiim,
3592 5416 3742 5494 quod

2062 5487 2354 5561 discipulis
2409 5493 2630 5545 donans
2683 5491 2820 5543 dicit
2859 5487 3127 5562 illaec-st
3181 5499 3372 5562 corpus
3401 5500 3572 5538 meum
3605 5487 3750 5562 quod

2059 5581 2161 5634 pro
2190 5557 2338 5617 uobis
2363 5563 2562 5634 datur;
2589 5562 2684 5634 sed
2728 5576 2910 5634 neque
2941 5557 3467 5634 calicemdubitare
3517 5558 3750 5634 sanguif

2065 5627 2196 5689 nem
2225 5633 2432 5689 Christi
2471 5633 2764 5685 continere
2819 5627 2886 5683 de
2910 5646 3021 5699 quo
3083 5628 3297 5682 ibidem
3353 5627 3476 5680 ait:
3536 5627 3632 5682 Hic
3677 5632 3754 5681 est

2063 5708 2230 5770 calta),
2262 5710 2367 5758 etc.
2395 5724 2421 5753 υ
2457 5701 2846 5773 Respondebit
2876 5702 3112 5773 fortasse
3135 5699 3466 5773 dissertator
3494 5699 3616 5752 haec
3638 5715 3754 5750 om—

2047 5771 2162 5831 nia
2190 5769 2306 5831 non
2351 5769 2674 5845 significare
2707 5788 2913 5842 corpus
2949 5771 3018 5826 de
3051 5771 3219 5826 Maria
3255 5769 3486 5840 Virgine
3535 5775 3754 5832 natum,
