4148 6180
390 315 494 369 215

1103 306 1556 363 DISSEBTATIO
1595 306 1661 359 ΙΝ
1704 305 1835 359 LIB.
1886 304 1973 359 DE
2014 302 2342 361 CORPORE
2386 302 2471 358 ET
2510 299 2860 355 SANGUINE
2902 295 3161 350 DOMINI.

3788 296 3898 345 '2I6

391 448 687 500 mortuum
747 447 806 497 et
859 440 1168 507 sepultum.
1215 437 1324 493 Sed
1373 436 1656 507 ejusmodi
1704 436 2082 505 objectionem
2120 435 2253 491 Aid
2301 442 2388 490 est
2430 450 2635 504 corpus
2679 432 2904 489 Christi.
2941 454 2967 482 »
3006 432 3143 497 Quis
3183 436 3373 487 tamen
3408 431 3465 485 in
3512 447 3579 484 eo
3627 430 3899 484 aberrare

394 516 656 570 retaliare
686 529 801 567 non
848 507 1079 565 difﬁcile
1110 516 1216 573 est,
1245 524 1374 562 cum
1408 510 1527 577 ipse
1572 509 1915 562 Ratramnus
1944 507 2095 561 dicat

398 586 739 653 sanguinem
765 598 868 651 pro
911 583 1091 634 salute
1133 580 1377 653 elfusum
1405 595 1525 631 esse
1579 596 1612 631 a
1640 579 1903 653 ﬁdelibus
1950 594 2094 649 epo-

394 651 538 721 tum:
576 670 679 721 quo
719 669 826 706 non
881 654 1054 706 solum
1096 652 1500 715 redimeremur,
1552 664 1737 703 rerum
1786 651 1949 721 etiam
1991 664 2090 718 po-

397 720 655 789 taremur,
684 730 749 777 ut
780 740 956 790 supra
977 722 1401 775 obserVavimus
1433 738 1497 773 ex
1532 736 1774 773 numero
1806 720 1893 772 24.

466 797 614 850 XLV.
651 797 785 863 Pag.
842 796 965 859 295,
1025 793 1157 846 edit.
1215 792 1451 845 Amstel.
1485 798 1572 863 et,
1603 794 1699 844 l§8
1744 790 2089 844 Parisiensis.

392 869 470 921 At
541 865 1130 920 Pseudo—Ratramnus
1181 878 1374 931 corpus
1430 862 1574 931 quod
1630 877 1727 929 per
1779 864 2095 929 mysterium

393 940 603 999 existit,
646 937 740 989 hoc
767 939 845 988 est
885 935 1029 1002 quod
1057 937 1242 989 existit
1292 936 1347 985 in
1372 934 1641 985 intellectu
1679 932 1808 999 ﬁdei
1845 938 1965 999 post
1991 932 2092 984 ad-

394 1010 738 1062 monitionem
790 1010 999 1073 ﬁgurae,
1042 1005 1269 1072 symboli
1313 1004 1395 1056 vel
1444 1006 1711 1070 mysterii,
1768 1002 1912 1070 quod
1955 1002 2096 1068 false

392 1084 559 1149 putat
611 1092 803 1144 corpus
851 1077 1099 1149 divinum
1147 1092 1209 1149 a_c
1273 1076 1564 1142 spirituale
1600 1078 1650 1127 et
1699 1073 1971 1126 invisibile
2027 1073 2094 1125 ab

396 1146 720 1216 Hieronymo
766 1147 1067 1200 indicatum
1100 1162 1113 1198 :
1168 1146 1283 1209 hoc,
1318 1149 1567 1211 inquam,
1608 1159 1801 1216 corpus
1840 1160 1874 1196 a
1901 1158 2092 1211 corpo-

396 1222 506 1274 rali
532 1224 582 1272 et
604 1214 829 1287 praprio
861 1221 971 1271 sive
998 1218 1230 1270 humano
1259 1217 1462 1271 Christi
1496 1231 1714 1283 corpore
1744 1214 2093 1287 discriminat

399 1296 449 1344 et
473 1285 721 1343 secernit,
751 1293 907 1352 recte,
938 1288 1032 1341 sed
1076 1287 1215 1340 illud
1242 1288 1411 1355 impie
1454 1289 1598 1354 quod
1621 1287 1847 1355 proprio
1883 1285 2098 1353 corpori

397 1375 508 1415 esse
539 1362 708 1414 locum
735 1360 794 1412 in
815 1361 987 1414 altari
1022 1363 1203 1426 negat.

1092 1481 1405 1519 RESPONSIO.

476 1573 820 1642 Neutiquam
888 1571 995 1625 sibi
1056 1571 1178 1625 ﬁxit
1224 1572 1566 1624 Ratramnus
1621 1583 1836 1642 corpus
1885 1566 2092 1621 Christi

403 1645 464 1697 in
495 1639 848 1697 Eucharistia
878 1643 1118 1696 existere
1151 1659 1252 1712 per
1303 1646 1551 1712 mentem
1588 1639 1703 1691 sive
1755 1654 1856 1707 per
1893 1654 2093 1712 opera;-

400 1715 619 1769 tionem
651 1714 993 1767 intellectus.
1032 1710 1321 1781 Ejusmodi
1344 1711 1599 1781 chimera
1620 1724 1711 1763 seu
1746 1710 2096 1781 ensrationis

404 1800 703 1854 nunquam
739 1784 791 1837 ei
836 1783 894 1836 in
937 1779 1195 1836 animum
1246 1782 1515 1854 incurrit;
1555 1780 1625 1833 ab
1668 1779 1957 1854 eo_igitur
1979 1794 2099 1854 cor—
2134 1786 2177 1839 Β

401 1850 923 1925 ροτέριθοιιιδῐίουί
951 1869 1150 1925 verum
1189 1868 1253 1906 ac
1275 1852 1535 1905 naturale
1577 1866 1693 1903 non
1741 1850 2096 1925 discriminat

401 1920 501 1978 aut
536 1920 798 1989 secernit,
832 1924 929 1977 sed
963 1924 1154 1993 potius
1185 1940 1218 1976 a
1270 1938 1510 1993 corpore
1563 1920 1972 1993 nuncupativo,
2034 1924 2095 1973 ut

403 1995 483 2049 ait
503 1995 766 2065 Algerus,
794 1995 947 2065 quod
968 1992 1165 2048 verum
1198 1999 1255 2047 et
1285 1992 1582 2063 proprium
1606 1992 1814 2045 occulit
1855 1996 1909 2043 et
1936 2007 2097 2060 oper-

404 2066 575 2120 culat.
626 2066 854 2119 Minime
886 2065 1057 2118 etiam
1107 2069 1280 2129 negat
1314 2065 1659 2117 Ratramnus
1702 2077 1899 2114 verum
1955 2077 2097 2130 pro-

404 2136 595 2206 prium
629 2153 837 2204 corpus
862 2136 1069 2190 Christi
1100 2135 1157 2188 in
1191 2133 1543 2187 Eucharistia
1572 2133 1836 2206 existere,
1878 2131 1947 2206 de
1982 2148 2097 2201 quo

406 2202 485 2260 ait
517 2223 676 2261 num.
711 2202 799 2261 49.
832 2230 849 2253 ι
887 2206 1049 2269 Quod
1081 2222 1290 2274 corpus
1330 2210 1387 2258 et
1431 2204 1661 2272 sanguis
1707 2202 1935 2264 Christi,
1971 2218 2099 2272 quas

406 2277 661 2331 ﬁdelium
697 2294 795 2331 ore
826 2277 885 2330 in
909 2277 1156 2330 Ecclesia
1186 2275 1602 2346 percipiuntur,
1637 2274 1837 2346 ﬁgurae
1861 2279 1994 2346 sunt
2012 2289 2100 2346 se-

406 2348 658 2401 cundum
699 2348 945 2416 speciem
994 2343 1396 2411 visibilem;at
1444 2361 1578 2397 vero
1611 2343 1921 2416 secundum
1958 2344 2103 2416 invi-

410 2418 637 2472 sibilem
678 2414 1081 2480 substantiam,
1130 2417 1185 2471 id
1217 2423 1302 2469 est
1351 2416 1525 2469 divini
1565 2415 1881 2485 potentiam
1917 2414 2101 2479 Verbi,

408 2504 540 2554 yere
581 2505 790 2558 corpus
821 2494 875 2541 et
926 2488 1156 2559 sanguis
1188 2487 1396 2541 Christi
1425 2486 1693 2559 existunt.
1732 2504 1757 2559 ii
1790 2489 1861 2539 At
1892 2485 1937 2537 si
1986 2501 2106 2559 rere

410 2555 850 2625 existuntﬂnon
913 2555 1161 2612 existunt
1216 2574 1314 2627 per
1354 2563 1595 2610 mentem.
1651 2555 1901 2627 Existere
1953 2556 2104 2608 enim

410 2646 515 2700 per
553 2635 800 2682 mentem
833 2634 917 2684 est
948 2630 1074 2683 ﬁcte
1115 2636 1171 2683 et
1200 2626 1534 2699 plantastice
1585 2626 1853 2680 existere:
1910 2642 2108 2696 quem-

412 2701 743 2754 admodum.

540 2805 740 2853 Desinit
768 2805 822 2853 in
858 2804 1053 2867 piscem
1083 2802 1274 2851 mulier
1325 2801 1558 2849 formosa
1605 2815 1849 2864 superne.

489 2915 726 2982 Insuper
756 2927 872 2965 non
903 2915 1072 2979 negat
1100 2910 1444 2982 Hatramnus
1464 2908 1663 2982 impie,
1699 2913 1762 2961 ut
1792 2908 1841 2982 ei
1888 2910 2111 2978 attingit

415 2979 767 3045 dissertator,
816 2983 1051 3052 proprio
1125 2980 1350 3052 corpori
1399 2996 1517 3032 esse
1565 2980 1771 3052 locum,
1808 2979 1865 3031 in
1920 2982 2109 3033 altari.

415 3056 519 3118 Qui
552 3071 679 3106 cuiu
713 3051 1005 3121 conceptis
1063 3052 1246 3104 verbis
1276 3051 1476 3103 doceat
1506 3066 1665 3105 num.
1716 3051 1803 3112 24,
1845 3072 1869 3097 ‹‹
1903 3066 2111 3121 Corpus

2202 509 2474 574 Algerum
2504 507 2688 560 dicat?

2272 572 2477 633 XLVII.
2512 576 2675 646 (Pag.
2718 579 2819 630 295
2842 574 2979 629 edit.
3021 573 3352 637 Amstelod.,
3382 575 3481 628 I89
3507 572 3643 646 edit.
3692 573 3902 640 Paris.)

2203 645 2526 706 Connerrum'
2558 664 2678 701 cum
2722 649 2816 700 hoc
2846 648 3033 715 priore
3079 647 3279 699 erroris
3310 647 3488 714 capite
3527 645 3759 698 alterum
3798 648 3901 709 est,

2204 736 2307 788 quo
2338 736 2488 773 omne
2508 722 2828 788 mysterium
2859 719 3053 785 peragi
3072 717 3175 783 ﬁde
3211 721 3384 769 censet
3410 732 3423 769 :
3450 720 3526 788 Aet
3547 720 3607 768 ut
3650 718 3911 783 promime

2202 785 2364 845 citato
2407 792 2516 845 loco
2558 785 2723 855 dixit,
2770 804 2967 857 panem
3014 790 3110 855 qui
3145 801 3339 855 corpus
3387 785 3605 839 Christi
3659 789 3907 855 ﬁgurate

2202 868 2249 914 et
2269 865 2325 915 in
2359 863 2614 931 mysterio
2645 860 2853 913 dicitur
2878 874 2965 911 ore
2995 858 3235 925 ﬁdelium
3264 859 3444 931 accipi
3490 862 3547 909 ut
3577 859 3649 931 sit
3688 862 3907 931 myste-

2202 936 2368 998 rium,
2414 928 2512 985 hoc
2569 935 2665 994 est,
2724 936 2779 983 ut
2816 931 2948 998 ﬁdes
2990 949 3013 982 s
3041 945 3212 995 gnum
3260 928 3411 982 istud
3458 942 3570 981 esse
3625 929 3907 995 intelligat

2203 1004 2441 1072 corporis
2464 1003 2689 1059 Christi.

2894 1086 3206 1125 RESPONSIO.

2275 1181 2575 1249 Nunquam
2594 1178 2817 1231 censuit
2835 1192 2987 1231 omne
3001 1178 3323 1249 mysterium
3335 1191 3426 1249 cor
3447 1175 3780 1249 peragi/ide,
3795 1190 3906 1227 nec

2205 1267 2267 1303 ex
2325 1246 2481 1302 libris
2526 1249 2648 1319 ejus
2705 1254 2820 1301 tam
2867 1263 3105 1316 pravum
3139 1247 3346 1316 dogma
3396 1246 3658 1319 intelligi
3688 1251 3902 1319 potest.

2205 1316 2570 1390 Mysterium,
2635 1319 3399 1390 secundumRatramnum,
3459 1323 3561 1390 est‘
3609 1316 3906 1383 objectum

2204 1386 2339 1444 ﬁdei
2370 1398 2596 1451 nostrae,
2635 1390 2772 1458 quia
2816 1388 3053 1442 interius
3100 1388 3358 1440 continet
3416 1386 3567 1456 quod
3623 1402 3904 1458 sensuum

2205 1462 2553 1515 exteriorum
2578 1457 2723 1513 vires
2753 1467 3007 1529 superat.
3049 1460 3339 1528 Nusquam
3385 1458 3557 1510 etiam
3604 1457 3746 1510 dixit
3782 1473 3906 1529 corf

2200 1548 2305 1602 pus
2353 1532 2591 1601 ﬁgurate
2634 1528 2837 1583 dicitur
2883 1532 3076 1602 accipi
3105 1534 3165 1602 ut
3210 1531 3282 1582 sit
3321 1530 3637 1602 mysterium
3679 1529 3812 1602 :ad_
3850 1528 3907 1581 id

2204 1600 2567 1672 probandum
2630 1602 2920 1669 conceptis
2970 1601 3154 1653 verbis
3195 1616 3259 1651 ex
3324 1600 3725 1672 lucubratione
3784 1600 3903 1651 Ra-

2204 1670 2414 1727 trainni
2467 1672 2767 1741 excerptis,
2822 1688 2935 1724 non
2968 1672 3075 1723 nisi
3129 1672 3505 1740 contemptim
3564 1670 3904 1723 dissertator

2211 1743 2509 1815 provocari
2530 1749 2677 1814 post.

2281 1811 2724 1883 XLVIII.'(Pag.
2782 1815 2886 1866 295
2947 1812 3065 1866 edit
3143 1812 3478 1878 Amstelod.,
3524 1814 3621 1865 189
3675 1811 3904 1873 Paris.).

2200 1888 2364 1943 Num.
2429 1886 2519 1949 44,
2559 1889 2956 1938 sacramentum
2984 1885 3096 1936 sive
3150 1885 3465 1949 mysterium
3521 1887 3767 1936 constare
3822 1884 3910 1935 ait

2201 1972 2270 2011 ea:
2326 1956 2554 2020 duobus,
2589 1960 2639 2008 et
2666 1970 2808 2023 pane
2846 1954 3053 2007 visibili
3107 1958 3157 2005 et
3203 1954 3360 2007 verbo
3404 1955 3526 2006 Dei.
3568 1956 3635 2007 De
3687 1953 3912 2006 Christi

2204 2042 2422 2096 corpore
2448 2026 2591 2096 quod
2645 2042 2701 2079 eo
2750 2041 2892 2093 pane
2950 2026 3258 2096 intimatur,
3317 2025 3590 2077 intellectu
3637 2023 3911 2089 creditur,

2206 2101 2282 2152 sic
2297 2094 2619 2166 mysterium
2658 2097 2931 2150 intellectu
2956 2100 3005 2148 et
3020 2094 3133 2159 ﬁde
3154 2097 3370 2163 peragi.

2900 2216 3211 2255 RESPONSIO.

2284 2293 2351 2345 lit
2423 2291 2545 2344 falsi
2615 2290 2946 2343 convincam
3022 2288 3471 2353 dissertatorem,
3536 2286 3910 2340 exscribenda

2211 2368 2343 2415 sunt
2369 2362 2537 2415 verba
2586 2377 2744 2414 num.
2776 2362 2865 2425 44,
2919 2376 2984 2412 ex
3044 2358 3253 2429 quibus
3297 2358 3651 2411 contrarium
3698 2357 3912 2409 intelli-

2212 2434 2365 2503 gitur
2422 2433 2681 2486 faciliter.
2740 2454 2757 2479 ε
2798 2431 3171 2503 Conﬁtemur
3218 2430 3370 2503 quod
3432 2429 3491 2503 in
3549 2434 3913 2503 sacramento

2212 2499 2466 2574 corporis
2497 2508 2552 2555 et
2606 2502 2901 2574 sanguinis
2932 2501 3157 2574 Domini
3212 2499 3495 2570 quidquid
3542 2499 3788 2574 exterius
3814 2515 3914 2550 su-

2217 2569 2412 2637 mitur,
2481 2574 2550 2627 ad
2603 2569 2857 2642 corporis
2911 2571 3277 2624 refectionem
3352 2569 3635 2642 aptatur;
3670 2569 3911 2642 verbum

2215 2651 2404 2699 autem
2438 2644 2554 2699 Dei.
2600 2640 2818 2714 qui—est
2873 2643 3034 2713 panis
3063 2640 3403 2714 invisibilis
3453 2640 3817 2714 invisibiliter
3852 2641 3911 2692 in

2214 2716 2313 2769 illo
2345 2716 2591 2768 existens
2618 2711 3008 2773 sacramento,
3059 2712 3422 2765 invisibiliter
3465 2711 3917 2781 participatione

2218 2786 2306 2839 sui
2338 2786 2594 2839 lidelium
2637 2791 2853 2837 mentes
2894 2784 3231 2837 viviticando
3275 2776 3533 2851 pascitis
3581 2776 3772 2834 An'ex
3823 2781 3916 2833 his
4000 2776 4013 2795 ‘

2217 2857 2369 2909 aliud
2422 2856 2664 2925 intelligi
2716 2860 2904 2925 potest
2953 2870 3125 2923 quam
3163 2854 3424 2925 Verbum
3464 2852 3565 2905 Dei
3624 2851 3914 2905 Christum

2222 2927 2528 2981 Dominum
2558 2923 2762 2996 panem
2795 2925 3137 2978 invisibilem
3189 2941 3221 2977 a
3252 2923 3519 2996 ﬁdelibus
3569 2927 3912 2996 perceptum

2220 2998 2277 3051 in
2338 2994 2691 3051 sacramento
2746 2996 3153 3050 Eucharistize?
3227 2996 3339 3048 Iloc
3388 2994 3529 3047 dixit
3584 2994 3905 3047 clarissime

2220 3068 2549 3123 Paschasius
2596 3068 2739 3121 libro
2773 3067 2842 3121 de
2889 3068 3136 3136 Corpore
3195 3070 3251 3119 et
3304 3064 3593 3135 Sanguine
3653 3064 3912 3136 Domini.

416 3126 485 3180 de
517 3124 744 3195 νίτείιιθ
799 3120 1092 3193 ευωιηυιῐι
1126 3126 1195 3209 ,εξ
1251 3122 1598 3209 νιῖρίλεείξιυις
1630 3120 2015 3209 ετθξξθηῖξυίιί
2052 3124 2109 3176 in
2151 3135 2190 3192 C
2461 3160 2486 3187 ‹‹
2530 3139 2572 3193 Ο
2598 3120 2791 3203 homo,
2826 3120 3160 3209 disce'aliud
3185 3120 3615 3209 gustarevquam
3638 3120 3917 3209 quodpre

418 3212 582 3249 cruce
614 3190 954 3265 suspensum
994 3193 1222 3265 nostris
1251 3190 1471 3245 saeculis
1516 3191 1791 3265 exhibuit,
1842 3197 2001 3265 etex
2045 3211 2111 3246 eo

419 3262 728 3335 sanguinis
746 3268 960 3323 undam
992 3264 1209 3329 elfudit,
1244 3280 1354 3333 quo
1406 3264 1741 3335 nonisolum
1802 3262 2109 3317 redimere-

419 3334 570 3402 mur,
612 3353 807 3390 verum
854 3336 1025 3388 etiam
1060 3340 1411 3403 potaremur.
1448 3354 1471 3377 n
1510 3334 1808 3385 Enimvero
1837 3349 1967 3386 cum
2017 3350 2109 3387 re-

422 3407 640 3486 dempti
702 3421 817 3459 non
853 3405 1030 3457 simus
1074 3404 1354 3486 sanguine
1401 3403 1534 3486 ﬁcto
1567 3409 1668 3479 aut
1694 3403 2108 3480 comnientitio,

422 3478 517 3529 scd
539 3471 692 3541 vero,
725 3492 839 3528 non
872 3480 1141 3541 potamur
1168 3471 1297 3524 ﬁcto
1327 3474 1413 3524 vel
1446 3471 1788 3539 imaginario
1810 3475 2107 3540 sanguine.

424 3547 519 3599 sed
568 3560 720 3608 vero,
773 3543 987 3595 scilicet
1043 3543 1241 3594 eodem
1275 3557 1377 3610 pro
1434 3541 1829 3610 redemptione
1885 3544 2112 3610 generis

424 3614 665 3669 humani
726 3613 921 3667 eﬂ‘uso.
956 3612 1011 3666 Si
1043 3627 1146 3680 per
1189 3614 1473 3680 proprium
1522 3626 1714 3679 corpus
1762 3611 2115 3681 intelligatur

422 3701 630 3754 corpus
657 3684 774 3737 suis
809 3682 1275 3754 proprietatibus,
1331 3682 1600 3752 pondere,
1660 3682 2115 3737 dimensionibus

422 3755 719 3810 affectibus
748 3755 1031 3824 palpabile
1054 3759 1109 3807 et
1165 3754 1983 3823 sensibus,accommodatum,
2025 3772 2112 3809 re-

421 3842 555 3880 vera
584 3826 767 3880 Iocum
792 3842 905 3879 non
944 3825 1113 3879 habet
1139 3824 1200 3877 in
1230 3824 1392 3877 altari
1424 3824 1705 3893 ejusmodi
1736 3840 1957 3894 corpus.
2008 3827 2111 3881 Sed

424 3899 470 3951 si
529 3913 631 3967 per
686 3900 972 3967 proprium
1021 3896 1377 3965 intelligatur
1432 3912 1646 3967 verum,
1706 3895 2022 3966 spirituale,
2083 3916 2115 3951 a

422 3966 590 4039 captu
620 3966 891 4023 sensuum
921 3968 1194 4032 alienum,
1220 3975 1335 4039 tam
1368 3966 1611 4020 credidit
1643 3967 1985 4039 Batramnus
2017 3985 2115 4021 ve—

423 4037 550 4094 rum
583 4056 789 4110 corpus
821 4040 1028 4094 Christi
1052 4040 1120 4091 de
1153 4037 1379 4105 Virgine
1412 4043 1605 4110 natum
1658 4037 1714 4088 in
1768 4038 2113 4110 Eucharistia

425 4107 699 4179 reperiri;
718 4126 892 4179 quam
914 4110 1112 4163 ﬁdeles
1139 4123 1341 4179 omnes
1372 4107 1605 4179 credant
1634 4123 1872 4179 corpora
1910 4109 2116 4176 quibus

423 4176 547 4235 tum
614 4176 835 4234 utimur
890 4179 1089 4233 eadem
1126 4178 1249 4231 fore
1306 4176 1578 4241 rediviva,
1632 4182 1687 4229 et
1730 4178 2002 4246 gloriosa,
2062 4186 2119 4233 et

425 4251 743 4321 spiritualia
784 4257 912 4320 post
945 4248 1439 4321 resurrectionem.

496 4321 668 4373 XLVI.
714 4316 866 4375 In'eo
908 4320 1128 4372 aberrat
1172 4319 1535 4381 Ilatramnus,
1566 4316 1752 4386 inquit
1785 4318 2120 4373 dissertator

426 4406 556 4460 pag.
594 4393 691 4444 187
731 4390 870 4443 edit.
919 4392 1114 4455 Paris,
1175 4391 1277 4441 295
1310 4388 1442 4460 edit.
1494 4388 1831 4454 Amstelod.,
1877 4392 2021 4458 quod
2068 4396 2117 4443 et

425 4459 975 4548 €“??‘“”."’"‘“”'.e$5”
1010 4460 1255 4548 33/7190”
1294 4459 1590 4538 ανδίίνέῖίαν
1637 4461 1848 4548 ίηὶθέινίι
1893 4468 1955 4528 δεῖ
2002 4478 2116 4548 πηξ-
2158 4484 2199 4537 D
2227 4459 2352 4533 est?
2376 4459 2526 4548 ῥὰοὰ
2561 4459 3438 4547 gestatoriis-"art“causam

428 4534 650 4585 talionis
705 4533 878 4585 omnis
918 4534 1187 4599 expertia,
1245 4546 1355 4583 rem
1399 4529 1551 4599 cujus
1598 4536 1723 4584 sunt
1778 4538 2117 4586 sacramenta

426 4605 726 4671 ipsumesse
743 4618 936 4671 corpus
972 4606 1029 4657 in
1057 4618 1162 4671 quo
1194 4603 1441 4657 Christus
1470 4605 1651 4654 natus.

1122 4724 1214 4763 ass
1225 4723 1438 4761 PONSIO.
1459 4770 1466 4777 ε

496 4813 721 4866 Nullam
752 4812 831 4866 ait
857 4814 1200 4867 Ratramnus
1250 4811 1501 4881 conspici
1534 4813 1911 4867 mutationem
1970 4822 2118 4868 cxte-

424 4884 637 4938 riorem
683 4884 742 4937 in
787 4884 1082 4953 speciebus
1125 4884 1513 4937 eucharisticis
1573 4883 1691 4936 sive
1735 4884 1792 4937 in
1849 4886 2117 4954 symbolis

424 4956 589 5025 panis
630 4961 688 5008 et
725 4955 880 5008 vini:
926 4962 981 5008 et
1024 4954 1257 5025 quidem
1291 4957 1415 5023 jure
1461 4958 1693 5017 merito;
1734 4955 1828 5008 sed
1876 4959 2116 5025 apertis-

424 5024 567 5081 sime
625 5026 789 5080 docet
820 5025 984 5095 panis
1032 5030 1088 5078 et
1115 5024 1232 5077 vini
1274 5025 1649 5082 substantiam
1689 5026 1744 5078 in
1800 5024 2005 5096 corpus
2063 5032 2118 5080 et

424 5097 764 5166 sanguinem
804 5098 932 5151 Jesu
966 5096 1176 5150 Christi
1223 5096 1454 5161 mutari,
1506 5114 1665 5151 num.
1729 5100 1786 5149 l5
1838 5102 1892 5149 et
1938 5100 2023 5163 30,
2058 5098 2115 5151 in

424 5169 632 5238 quibus
670 5168 791 5222 ait:
828 5188 855 5219 α
902 5169 1116 5222 Panem
1152 5172 1208 5238 et
1257 5166 1451 5219 vinum
1495 5169 1550 5222 in
1583 5167 1839 5237 corporis
1874 5174 1931 5221 et
1986 5186 2118 5221 san-

423 5236 614 5306 guinis
638 5254 907 5293 conversa
931 5236 1303 5291 substantiam
1329 5236 1736 5293 acredentibus
1759 5239 2061 5303 sumenda,
2086 5262 2113 5287 ››

425 5310 580 5376 quod
624 5311 734 5378 ipsi
789 5309 1218 5365 Centuriatores
1267 5308 1785 5377 Magdeburgenses
1837 5326 2112 5380 recogno-

424 5393 574 5433 vere.
636 5384 707 5434 At
754 5398 886 5435 vero
935 5381 1090 5450 quod
1148 5380 1247 5442 ait,
1283 5399 1309 5429 α
1358 5395 1477 5433 rem
1528 5379 1871 5433 sacramenti
1925 5379 2113 5448 ipsum

425 5462 545 5522 esse
593 5467 796 5522 corpus
826 5453 886 5506 in
919 5468 1033 5522 quo
1062 5450 1319 5522 Christus
1366 5455 1539 5522 gnatus
1599 5456 1703 5517 est,
1735 5470 1761 5499 η
1791 5450 1942 5503 idem
1976 5452 2117 5522 dixit

422 5516 620 5597 beatus
649 5516 889 5589 Algerus
922 5516 1100 5597 Ιῖὶφμιν,
1140 5520 1525 5597 Eucharistiae,
1583 5516 1707 5590 cap.
1739 5524 1768 5574 5
1802 5535 1816 5573 :
1852 5542 1879 5568 «
1929 5521 2117 5575 Conﬁ-

420 5593 570 5640 citur
623 5596 813 5645 autem
858 5594 1196 5647 sacriﬁcium
1250 5593 1494 5655 duobus,
1542 5604 1903 5645 sacramento
1951 5598 2008 5644 et
2054 5609 2115 5645 re

420 5661 784 5737 sacramenti,
856 5662 911 5715 id
974 5670 1060 5717 est
1120 5664 1325 5717 Christi
1406 5678 1730 5732 corpore;-
1795 5666 1851 5714 et
1905 5661 2111 5737 infra_:

423 5750 445 5778 ι
480 5730 645 5784 Aliud
676 5736 760 5783 est
790 5747 926 5801 ergo
955 5740 1373 5788 sacramentum
1400 5730 1579 5805 quum
1630 5750 1720 5788 res
1751 5733 2109 5798 sacramenti,

2221 3205 2407 3264 carnis
2437 3210 2710 3273 sentitur;
2762 3208 2917 3261 aliud
2949 3208 3139 3261 videre
3179 3223 3351 3275 quam
3402 3206 3552 3274 quod
3585 3206 3764 3258 oculis
3795 3205 3919 3258 istis

2221 3282 2406 3335 carnis
2441 3285 2791 3333 monstratur
2824 3279 3001 3332 :disce
3022 3279 3157 3348 quia
3181 3278 3327 3331 Deus
3356 3277 3588 3346 spiritus
3618 3277 3920 3329 illocaliter

2223 3352 2434 3420 ubique
2457 3356 2559 3413 est,
2594 3351 2849 3418 intellige
2878 3349 3011 3419 quia
3030 3348 3349 3417 spiritualia
3371 3349 3491 3400 haec
3524 3348 3669 3399 sicut
3691 3363 3795 3399 nec
3825 3348 3918 3420 lo-

2221 3418 2437 3484 caliter,
2474 3422 2551 3473 sic
2593 3421 2790 3489 utique
2823 3418 2927 3473 nec
2949 3420 3250 3472 carnaliter
3282 3424 3412 3471 ante
3446 3424 3810 3486 conspectum
3845 3418 3921 3470 di-

2222 3491 2364 3543 vinae
2388 3491 2698 3559 majestatis
2722 3491 2775 3542 in
2797 3491 3040 3544 sublime
3064 3490 3338 3544 feruntur.
3366 3511 3389 3537 n
3420 3489 3482 3542 Et
3512 3498 3677 3541 antea
3702 3506 3826 3555 cap.
3852 3492 3913 3541 5:

2225 3580 2252 3612 α
2278 3561 2532 3615 Bihimus
2563 3577 2792 3631 quoque
2822 3569 2878 3613 et
2907 3578 3011 3613 nos
3062 3560 3435 3631 spiritualiter
3465 3564 3521 3612 et
3557 3559 3919 3612 comedimus

2224 3630 2587 3700 spiritualem'
2627 3630 2832 3685 Christi
2866 3648 3116 3695 carnem,
3152 3632 3209 3684 in
3236 3648 3347 3699 qua
3380 3630 3494 3682 vitu
3544 3636 3758 3684 aeterna
3791 3646 3915 3682 esse

2222 3702 2488 3755 creditur.
2525 3724 2550 3750 ››
2583 3703 2648 3755 Et
2676 3718 2798 3771 cap.
2834 3705 2864 3751 6
2900 3718 2967 3755 τα
2997 3704 3169 3756 Porro
3214 3702 3350 3755 illud
3400 3701 3535 3755 ﬁdei
3586 3716 3915 3753 sacramen-

2223 3779 2346 3827 tum
2399 3774 2530 3842 jure
2582 3773 2787 3825 veritas
2832 3773 3171 3843 appellatur.
3222 3773 3604 3843 Veritas‘ergo
3637 3777 3745 3843 est,
3774 3771 3914 3824 dum

2224 3861 2433 3914 corpus
2474 3843 2679 3898 Christi
2712 3849 2767 3897 et
2816 3841 3046 3912 sanguis
3103 3845 3318 3914 virtute
3360 3841 3604 3914 Spiritus
3636 3847 3692 3895 et
3733 3842 3917 3914 Verbo

2225 3912 2405 3984 ipsius
2435 3931 2503 3967 ex
2557 3914 2723 3982 panis
2765 3914 2999 3983 vinique
3048 3913 3361 3967 substantia
3409 3912 3685 3977 efﬁcitur;
3732 3912 3921 3982 ﬁgura

2224 4002 2357 4039 vero
2391 3986 2527 4039 dum
2564 3985 2843 4047 sacerdos,
2890 3984 3052 4054 quasi
3110 3984 3267 4037 aliud
3302 3984 3547 4037 exterius
3594 3999 3820 4052 gerens,
3848 3984 3920 4036 ob

2225 4056 2675 4109 recordationem
2704 4072 2876 4107 sacrm
2908 4054 3189 4125 passionis
3218 4055 3285 4107 ad
3317 4071 3496 4117 aram,
3532 4054 3687 4125 quod
3739 4055 3919 4106 semel

2225 4132 2448 4195 gestum
2481 4132 2584 4191 est,
2617 4126 2876 4195 quotidie
2899 4124 3161 4179 immolat
3184 4130 3431 4195 Agnum.
3462 4145 3489 4173 »
3525 4124 3731 4178 Eadem
3765 4126 3919 4194 apud

2224 4199 2498 4276 Algerum
2555 4197 2621 4250 ad
2684 4202 3013 4265 aperturam
3063 4196 3193 4249 libri
3249 4198 3317 4250 de
3356 4196 3709 4250 Eucharistia
3758 4196 3918 4249 inve-

2228 4284 2367 4321 ηιρε.

2298 4339 2470 4392 XLIX.
2518 4340 2674 4393 Num.
2728 4340 2793 4393 95
2828 4355 2840 4392 :
2873 4339 3278 4393 Sacramentum
3309 4337 3523 4405 aliquid
3571 4339 3761 4390 secreti
3791 4352 3919 4390 con-

2230 4412 2397 4463 tinere
2428 4425 2440 4462 :
2475 4415 2523 4461 et
2554 4410 2709 4462 aliud
2757 4425 2866 4463 esse
2905 4410 3049 4477 quod
3092 4410 3382 4462 visibiliter
3439 4413 3727 4475 appareat,
3763 4408 3923 4460 aliud

3475 4494 3486 4531 :
3530 4479 3590 4531 id
3617 4484 3715 4543 est,
3753 4495 3821 4531 ea:
3853 4481 3922 4531 il-

2227 4551 2332 4605 lius
2358 4556 2528 4604 mente
2576 4552 2719 4618 quod
2778 4566 2881 4603 non
2928 4553 3000 4603 sit
3050 4553 3107 4602 in
3151 4567 3207 4603 eo
3254 4565 3393 4617 pane
3452 4552 3793 4616 sanctiﬁcata
3824 4556 3923 4616 qui

2224 4622 2459 4687 videtur,
2494 4622 2588 4675 sed
2618 4624 2673 4675 in
2706 4622 3034 4675 credentium
3065 4623 3266 4689 spiritu
3294 4622 3349 4673 in
3376 4619 3482 4688 ﬁde
3511 4636 3630 4688 quae
3652 4621 3803 4673 latet.

2923 4743 3237 4783 RESPONSIO.

2301 4818 2453 4869 Hanc
2485 4816 2931 4879 conclusionem,
2958 4817 3171 4869 scilicet
3198 4820 3666 4869 «sacramentum
3701 4816 3923 4886 aliquid

2228 4887 2428 4939 secreti
2458 4887 2753 4939 continere
2781 4892 2837 4941 et
2887 4887 3041 4940 aliud
3075 4903 3196 4939 esse
3239 4887 3387 4956 quod
3427 4887 3927 4955 visibiliterappa-

2228 4963 2368 5020 rcat,
2397 4958 2551 5010 aliud
2582 4958 2736 5027 quod
2781 4957 3145 5011 invisibiliter
3192 4958 3263 5010 sit
3295 4958 3708 5027 accipiendum,
3742 4978 3768 5003 ››
3832 4974 3925 5009 or-

2226 5027 2528 5082 thodoxam
2564 5035 2614 5081 et
2670 5028 3029 5093 catholicam,
3076 5028 3315 5081 assumit
3345 5045 3409 5081 ex
3442 5028 3493 5081 S.
3534 5028 3747 5081 Isidoro
3800 5028 3923 5096 epi-

2227 5115 2397 5167 scopo
2467 5099 2786 5168 Hispalensi
2854 5099 2953 5153 lib.
3006 5115 3053 5151 vi
3112 5099 3410 5167 Originum
3467 5115 3590 5167 cap.
3628 5101 3711 5166 l9,
3773 5101 3925 5167 apud

2226 5185 2398 5239 quem
2432 5170 2854 5223 continentibus
2887 5169 3109 5239 scriptis
3152 5170 3272 5223 hinc
3304 5170 3614 5239 leguntur:
3650 5187 3677 5219 α
3721 5168 3927 5221 Sacra-

2226 5246 2485 5293 inentuni
2517 5241 2689 5293 estin
2721 5241 2914 5309 aliqua
2960 5240 3363 5298 celebratione.
3427 5256 3556 5293 cum
3614 5255 3704 5292 res
3766 5247 3932 5309 gesta

2227 5310 2304 5363 ita
2338 5312 2408 5363 sit
2442 5318 2503 5364 ut
2549 5312 2764 5382 aliquid
2798 5310 3120 5380 signiﬁcare
3168 5312 3529 5377 intelligatur
3549 5310 3699 5382 quod
3735 5317 3934 5382 sancte

2225 5380 2661 5450 accipiendum;
2717 5402 2742 5432 ο
2805 5382 3070 5435 Eamdcm
3136 5382 3478 5434 sacramenti
3529 5380 3931 5435 deﬁnitionem

2225 5453 2475 5521 prodidit
2513 5452 2848 5506 Paschasius
2879 5452 3043 5505 initio
3090 5452 3291 5522 capitis
3316 5456 3345 5506 3
3399 5453 3528 5506 libri
3564 5452 3631 5522 de
3675 5452 3932 5520 Corpore

2225 5527 2282 5575 et
2328 5523 2618 5592 Sanguine
2671 5523 2895 5577 Domini
2942 5539 2954 5576 :
3018 5544 3044 5571 ‹‹
3111 5521 3542 5576 sacramentum
3593 5521 3770 5591 igitur
3840 5530 3932 5576 est

2225 5594 2505 5663 quidquid
2537 5593 2596 5646 in
2636 5594 2829 5663 aliqua
2862 5594 3245 5648 celebratione
3304 5593 3497 5647 divina
3550 5592 3716 5646 nobis
3758 5593 3928 5662 quasi

2224 5664 2435 5734 pignus
2457 5663 2653 5717 salutis
2704 5665 2963 5728 traditur,
3017 5680 3143 5717 cum
3177 5680 3265 5718 res
3296 5671 3453 5731 gesta
3482 5663 3720 5717 visibilis
3748 5663 3927 5733 longe

2225 5734 2379 5788 aliud
2409 5734 2695 5789 invisibile
2734 5741 3002 5805 operatur
3059 5736 3211 5806 quod
3270 5742 3462 5789 sancte
3523 5734 3925 5805 accipiendum
