4130 6184
214 307 319 357 217

938 301 1394 359 DISSERTA'I‘IO
1434 302 1499 357 IN
1539 302 1669 358 LIB.
1719 303 1809 359 DE
1849 304 2177 362 CORPORE
2218 305 2306 359 ET
2344 303 2690 360 SANGUINE
2734 304 2992 359 DOMlNl.

3610 310 3715 362 218

214 436 308 508 sit.
350 456 374 484 ι
411 437 562 508 Hanc
616 433 1012 508 definitionem
1062 434 1129 488 ad
1191 439 1441 508 mentem
1503 438 1667 508 etgex
1722 440 1911 489 mente
1950 437 1995 490 A
2022 435 2307 508 signiﬁcat
2334 452 2543 504 corpus
2572 436 2779 492 Christi
2801 454 2923 492 esse
2974 438 3216 494 Verbum
3257 440 3377 503 Dei,
3437 441 3527 497 cui
3574 434 3713 497 dum

217 506 515 559 Ratramni
548 506 790 575 explicat
830 506 1053 577 integro
1082 506 1264 576 capite
1292 509 1345 570 3,
1378 507 1532 577 quod
1565 505 1654 559 hic
1701 507 1911 560 exscri-

212 576 349 630 bere
378 593 495 630 non
518 592 661 646 opus
694 582 796 628 est.
830 576 1099 647 Adeoque
1129 583 1244 630 tam
1288 576 1499 631 vanum
1532 584 1587 630 et
1633 578 1909 645 injurium

213 654 303 701 est
358 647 638 700 ascribere
698 648 1030 711 Ratramnn,
1090 664 1293 717 corpus
1327 649 1535 703 Christi
1591 649 1652 704 in
1699 650 1911 703 Eucha-

212 719 379 772 ristia
408 718 811 772 tantummodo
844 734 947 788 per
990 721 1382 787 operationem
1430 719 1751 774 intellectus
1792 720 1909 774 exi-

213 795 384 852 stere,
420 806 593 859 quam
615 805 1099 858 supervacaneum
1132 797 1188 843 et
1219 791 1382 843 futile
1425 791 1740 845 Paschasio.

289 862 343 913 L.
388 862 661 914 Similiter
689 877 842 912 num.
893 862 979 923 49,
1012 860 1204 930 inquit
1247 861 1583 915 dissertator
1640 878 1767 932 pag.
1809 863 1905 916 l90

212 931 351 983 edit.
386 931 583 983 Paris.
620 932 927 985 Amstelod.
962 933 1086 997 295,
1121 954 1141 979 ε
1189 947 1382 1000 corpus
1411 938 1462 985 et
1481 931 1706 999 sanguis
1740 934 1907 985 Chri-

211 1005 286 1055 sti
317 1017 438 1069 quae
465 1004 542 1055 sic
590 1003 940 1069 appellantur
968 1007 1018 1054 et
1077 1008 1203 1055 sunt
1250 1006 1502 1071 ﬁgurate,
1538 1007 1736 1072 inquit,
1787 1020 1906 1071 qum

208 1073 458 1136 ﬁdelium
479 1088 569 1125 ore
600 1079 909 1139 sumuntur,
948 1073 1139 1138 ﬁgurae
1168 1080 1292 1126 sunt
1347 1075 1641 1127 secundum
1683 1077 1906 1142 speciem

210 1144 605 1195 visibilemzat
635 1159 757 1196 vero
797 1149 1087 1196 secundum
1132 1145 1459 1198 inuisibilem
1508 1147 1906 1210 substantiam;

212 1214 270 1265 id
301 1220 382 1266 est
430 1213 610 1265 divini
636 1218 935 1281 potentiam
998 1215 1177 1279 Verbi,
1218 1231 1340 1268 vere
1374 1231 1565 1282 corpus
1598 1222 1647 1267 et
1679 1219 1905 1281 sanguis

213 1285 424 1339 Christi
452 1286 712 1338 existunt.
774 1305 801 1330 ››
843 1286 1138 1339 Invisibilis
1184 1287 1503 1339 substantiae
1546 1287 1906 1339 Pseudo-Ra-

214 1362 433 1409 tramno
462 1359 640 1408 virtus
672 1361 747 1408 est
782 1356 941 1408 Verbi
983 1356 1164 1409 divini
1206 1360 1295 1410 cui
1326 1359 1540 1410 animus
1593 1357 1784 1411 credit.
1820 1359 1907 1411 Sic

213 1427 365 1479 homo
406 1427 659 1479 soelestus
704 1426 937 1493 (scilicet
986 1426 1350 1496 Ratramnus)
1398 1428 1572 1481 verbis
1626 1429 1906 1481 catholicis

210 1497 511 1549 invisibilis
549 1497 865 1550 substantia
917 1497 1168 1565 aliisque,
1211 1499 1404 1566 quibus
1462 1501 1653 1551 misere
1701 1515 1763 1551 ac
1811 1514 1909 1567 per

209 1570 319 1620 vim
378 1568 607 1619 detortis
646 1567 915 1633 abutitur,
984 1570 1215 1622 Gallicis
1272 1570 1659 1637 interpretibus
1713 1569 1908 1635 fraudi

209 1640 339 1703 fuit,
370 1638 476 1707 qui
502 1639 639 1690 hunc
678 1639 849 1691 locum
906 1638 1195 1692 reddidere
1228 1655 1327 1694 PAR
1364 1656 1426 1692 LA
1489 1655 1783 1694 runssance
1837 1655 1904 1693 nu

211 1709 392 1761 Vener:
432 1724 611 1771 DIVIN;
645 1724 765 1761 cum
818 1709 908 1762 ille
952 1725 1059 1761 non
1093 1725 1190 1777 per
1224 1712 1543 1779 potentiam,
1576 1711 1671 1764 sed
1716 1726 1900 1764 secun-

207 1779 339 1834 dum
364 1782 668 1847 potentiam
710 1780 868 1832 Verbi
896 1779 1121 1833 dixerit.

906 1902 1217 1939 RESPONSIO.

278 1993 353 2045 Ex
388 1992 660 2046 omnibus
707 1992 1114 2061 interpretibus
1146 1991 1371 2047 Gallicis
1412 1992 1585 2063 hujus
1636 1998 1909 2047 tractatus

208 2063 508 2116 Ratramni
567 2079 672 2131 ego
729 2064 881 2116 solus
929 2064 1245 2116 catholicus
1306 2063 1496 2128 homo,
1556 2063 1678 2118 haec
1742 2066 1910 2118 verba

204 2133 503 2187 secundum
531 2136 827 2202 potentiam
864 2134 1023 2187 Verbi
1053 2150 1154 2203 per
1196 2135 1319 2188 haec
1353 2135 1579 2188 traduxi
1614 2151 1625 2188 :
1676 2137 1731 2189 la
1758 2139 1909 2204 puis-

205 2204 499 2287 sance-du
554 2206 1018 2287 Verba-“Petrus”
1048 2205 1221 2287 allia,
1286 2206 1659 2287 Charentonii
1708 2207 1908 2287 templi

206 2276 474 2328 minister
513 2276 937 2343 superstitionis
983 2276 1353 2343 Calvinianaa,
1390 2277 1459 2329 ad
1508 2282 1761 2330 mentem
1791 2276 1906 2329 dis-

208 2346 507 2418 sertatoris
540 2346 866 2398 traduxitin
899 2346 1146 2399 editione
1189 2347 1323 2399 anni
1383 2349 1516 2400 1672
1564 2348 1907 2418 Βὴυὶοωᾶεἰ

206 2416 373 2470 facta.
411 2421 593 2469 Antea
620 2418 971 2485 Augustinus
1018 2418 1351 2470 Matloratus
1400 2433 1550 2470 anno
1595 2422 1718 2471 1561
1773 2416 1908 2472 red-

209 2488 432 2540 diderat
485 2488 626 2540 selon
676 2489 728 2540 la
766 2490 1069 2555 puissance.
1109 2488 1215 2541 Sed
1248 2505 1377 2542 cum
1428 2489 1574 2541 fidus
1628 2490 1908 2559 interpres

207 2560 337 2627 plus
364 2574 601 2610 sensum
652 2574 824 2627 quam
886 2560 1122 2611 verbum
1182 2560 1352 2612 verbo
1408 2560 1641 2612 reddere
1708 2576 1908 2613 curare

207 2630 434 2692 debeat,
503 2644 621 2701 nec
674 2629 921 2701 ceperim
998 2629 1299 2701 consilium
1356 2631 1626 2684 faciendae
1679 2631 1905 2701 glossaa,

208 2716 309 2753 nec
373 2698 657 2751 versionis
691 2696 1093 2761 interlinearis,
1158 2701 1258 2753 sed
1311 2696 1707 2754 traductionis
1744 2718 1905 2755 accu-

207 2776 344 2823 rata:
376 2776 435 2822 et
468 2771 779 2841 castigatae,
840 2769 1139 2823 dubitandi
1176 2772 1331 2825 locus
1392 2787 1505 2823 non
1562 2772 1908 2841 relinquitur

208 2842 346 2910 quin
392 2857 497 2908 per
528 2840 629 2892 has
664 2857 829 2893 voces
862 2843 1153 2895 secundum
1202 2845 1523 2911 potentiam,
1574 2858 1673 2911 per
1714 2840 1905 2911 poten-

210 2916 341 2965 tiam
378 2910 754 2974 intellexerit;
782 2928 910 2964 cum
946 2912 1050 2964 hac
1082 2910 1211 2982 ipsa
1244 2913 1467 2967 dicendi
1520 2910 1738 2966 ratione
1782 2920 1905 2966 uta-

208 2987 301 3035 tur
332 2998 491 3034 num.
524 2983 627 3035 443
662 2998 674 3035 :
706 3004 732 3028 ‹‹
768 2983 972 3051 etquia
1008 2983 1175 3051 longe
1223 2984 1379 3036 aliud
1437 2999 1537 3052 per
1588 2984 1907 3053 potentiam

212 3054 555 3106 invisibilem
591 3054 840 3106 existunt
870 3069 1041 3122 quam
1085 3054 1384 3108 visibiliter
1413 3062 1754 3124 appareant;
1788 3076 1814 3103 ››
1846 3062 1910 3107 ut

210 3125 498 3191 signiﬁcet
520 3126 674 3192 quod
708 3124 893 3176 dicere
947 3125 1127 3177 voluit
1158 3141 1316 3178 num.
1360 3126 1448 3189 49,
1484 3148 1510 3173 ‹‹
1563 3126 1794 3189 scilicet,
1830 3143 1914 3178 se-

210 3196 463 3247 cundum
521 3194 869 3247 invisibilem
902 3194 1301 3262 substantiam,
1354 3196 1410 3248 id
1454 3201 1539 3249 est
1570 3196 1747 3249 divini
1799 3213 1909 3264 po-

209 3266 447 3318 tentiam
503 3265 692 3329 Verbi,
757 3282 886 3318 vere
940 3282 1146 3336 corpus
1198 3272 1255 3319 et
1306 3267 1646 3336 sanguinem
1700 3267 1905 3321 Christi

212 3338 477 3389 existere.
518 3357 545 3383 »

284 3408 369 3460 ιι.
406 3416 418 3469 (
448 3408 587 3473 Pag.
623 3409 723 3459 '296
746 3406 880 3459 edit.
913 3408 1246 3473 Amstelod.,
1285 3406 1437 3460 Paris
1477 3409 1619 3475 190.)
1654 3411 1722 3462 Et
1748 3410 1909 3475 panis

208 3478 579 3531 substantiam
615 3480 673 3530 in
725 3477 1087 3533 substantiam
1128 3481 1367 3547 corporis
1422 3481 1689 3533 Dominici
1718 3494 1814 3545 per
1843 3480 1910 3532 ﬁ-

210 3548 329 3601 dem
359 3550 647 3601 convertit.

905 3653 1212 3690 BESPONSIO.

285 3744 397 3796 Hoc
432 3741 643 3795 falsum
693 3747 748 3795 et
803 3743 1264 3796 commentitium
1314 3748 1417 3797 est.
1478 3744 1779 3813 Nunquam
1835 3744 1914 3797 sic

209 3814 437 3867 locutus
492 3820 576 3867 est
621 3819 813 3866 noster
848 3814 1212 3867 Ratramnus.
1250 3816 1392 3867 Luce
1426 3814 1745 3867 meridiana
1794 3816 1910 3867 cla-

210 3884 329 3936 rius
363 3884 890 3937 demonstravimus
921 3901 1115 3953 supra,
1168 3901 1396 3949 semper
1446 3890 1755 3954 spectassse
1789 3901 1907 3937 cor-

208 3971 318 4023 pus
338 3960 399 4008 et
436 3954 780 4024 sanguinem
840 3954 1051 4009 Christi
1103 3956 1158 4008 in
1209 3955 1481 4025 mysterio
1542 3956 1913 4009 Eucharistim

211 4031 489 4095 tanquam
534 4026 840 4094 objectum,
894 4042 1007 4079 non
1051 4033 1321 4095 tanquam
1377 4026 1642 4079 etfectum
1707 4026 1842 4081 fidei
1900 4043 1911 4080 :

210 4098 472 4165 adeoque
508 4101 862 4149 antevertere
894 4097 1257 4165 praesentiam
1289 4097 1544 4166 corporis
1580 4098 1639 4150 in
1694 4098 1912 4151 Eucha—

211 4168 371 4220 ristia
405 4167 807 4235 operationem
838 4167 992 4221 fidei.

284 4239 397 4291 ιιι.
436 4238 666 4301 (Eadem
696 4240 903 4307 pagina
934 4241 1037 4291 296
1067 4239 1331 4305 Amstel.,
1379 4242 1435 4291 et
1493 4238 1666 4291 Paris.
1745 4242 1841 4292 190
1896 4242 1913 4302 )

211 4309 411 4363 Eodem
446 4310 718 4362 intellectu
750 4324 894 4361 num.
930 4311 996 4363 68
1022 4324 1219 4377 panem
1255 4314 1493 4377 corporis
1542 4309 1752 4365 Christi
1810 4310 1916 4362 duo

210 4380 494 4449 complecti
538 4380 693 4445 dicit,
728 4385 778 4433 et
808 4379 866 4432 id
895 4379 1040 4446 quod
1070 4380 1225 4433 vadit
1256 4381 1314 4432 in
1338 4395 1549 4447 corpus,
1591 4385 1641 4433 et
1670 4380 1731 4432 id
1774 4380 1919 4447 quod

2020 507 2272 562 creditur
2312 507 2537 579 animus
2593 508 2847 577 pascitur
2895 513 2951 563 et
3004 516 3259 579 potatur,
3312 512 3444 566 licet
3485 513 3716 566 credere

2018 579 2200 632 Verbo
2241 578 2338 633 Dei
2367 585 2422 632 et
2448 578 2686 648 diligere
2732 580 2909 633 Deum
2935 578 3143 633 ex’toto
3182 582 3352 636 corde
3389 588 3445 638 et
3478 600 3541 637 ex
3595 589 3715 637 tota

2019 650 2213 724 anima
2243 665 2470 724 necesse
2509 649 2601 714 sit,
2657 656 2722 702 ut
2769 650 2960 719 ipsum
3012 667 3207 705 verum
3250 654 3459 708 Christi
3507 670 3715 724 corpus

2021 720 2236 774 utiliter
2256 720 2625 791 percipiatur.
3004 746 3007 749 ι

2094 792 2229 844 Llll.
2282 792 2439 861 (Pag.
2490 794 2592 844 296
2653 791 2789 845 edit.
2846 792 3099 860 Amstel).
3161 795 3321 848 Num.
3375 798 3441 848 72
3492 811 3711 849 carnem

2018 862 2227 917 Christi
2254 864 2596 931 spiritualem
2628 878 2695 915 ear:
2738 862 2942 935 duobus
2973 867 3263 935 componi,
3321 869 3493 932 specie
3549 882 3713 935 quam

2015 936 2157 999 gerit
2180 937 2415 986 exterius
2445 939 2495 987 et
2539 934 2824 1001 spirituali
2854 933 3017 986 Verbi
3067 934 3248 987 divini
3274 939 3533 1002 potentia,
3558 933 3711 989 invi-

2014 1003 2168 1056 sibili
2189 1004 2483 1069 efficientia
2513 1004 2807 1071 divinaque
2838 1005 3039 1057 virtute
3072 1005 3232 1059 Verbi
3272 1007 3363 1058 Dei
3404 1009 3492 1060 cui
3535 1008 3708 1061 credi-

2016 1078 2107 1126 tur
2118 1114 2132 1128 .

2709 1178 3020 1217 RESPONSIO.

2090 1287 2216 1340 Hec
2245 1286 2439 1339 omnia
2472 1286 2867 1339 commentitia
2898 1290 3032 1339 sunt
3064 1302 3077 1340 :
3120 1301 3187 1339 eo
3220 1285 3330 1339 loci
3361 1302 3474 1339 non
3501 1286 3716 1356 cogitat

2015 1357 2086 1411 de
2171 1356 2586 1426 compositione
2637 1356 2824 1410 carnis
2877 1356 3192 1427 spiritualis
3243 1357 3465 1419 Christi,
3517 1358 3716 1411 modos

2016 1428 2377 1481 solummodo
2409 1428 2661 1481 diversos
2692 1444 2754 1481 ac
2785 1428 3173 1497 discrepantes
3228 1428 3471 1498 explicat
3508 1428 3716 1498 quibus

2015 1499 2325 1551 consistere
2357 1499 2501 1551 solet
2540 1499 2781 1568 intelligi
2838 1515 3044 1568 corpus
3097 1498 3325 1555 Christi,
3387 1499 3621 1566 scilicet,
3653 1500 3713 1552 in

2014 1575 2179 1622 utero
2216 1570 2395 1622 beatae
2440 1569 2688 1638 Virginis
2718 1574 2772 1621 et
2804 1569 2861 1621 in
2893 1586 3079 1622 cruce.
3123 1571 3266 1623 Tum
3318 1569 3578 1639 loquitur
3644 1570 3713 1623 de

2016 1655 2251 1709 corpore
2285 1642 2676 1709 nuncupativo
2705 1641 3096 1693 Eucharistite.
3131 1640 3461 1693 Continenti
3504 1640 3716 1709 scripto

2016 1710 2267 1764 ostendit
2302 1726 2556 1791 carnem.
2609 1711 2967 1791 spiritualem
3018 1710 3248 1779 Christi,
3302 1711 3420 1790 sive
3494 1727 3715 1791 assum-

1947 1791 1985 1844 B
2013 1787 2169 1862 ptam
2201 1797 2271 1862 est
2294 1781 2468 1862 beata
2499 1781 2726 1862 Virgine
2749 1782 3082 1862 gloriosam,
3134 1797 3265 1862 quin
3296 1781 3532 1862 animaa-
3557 1782 3709 1862 viam

2016 1851 2402 1905 immortalem
2453 1852 2871 1915 subministrat,
2937 1867 3057 1905 esse
3111 1851 3375 1905 effectum
3443 1851 3713 1921 potentia!

2016 1922 2329 1993 spiritualis
2368 1928 2425 1976 et
2461 1922 2813 1976 efﬁcacitatis
2859 1921 3164 1976 invisibilis
3218 1927 3273 1975 et
3311 1921 3535 1993 virtutis
3586 1922 3710 1990 Dei,

2017 2010 2145 2063 quas
2186 1993 2340 2047 aliud
2375 1998 2460 2047 est
2497 1993 2810 2047 secundum
2835 1993 2987 2063 quod
3018 1993 3279 2046 sensibus
3306 1992 3608 2062 subjicitur
3646 2009 3713 2046 ac

2015 2064 2332 2143 percipitur
2355 2080 2534 2143 quam
2566 2065 2716 2143 quod
2770 2064 3025 2143 creditur
3046 2069 3131 2143 ‘et
3178 2063 3307 2143 ﬁde
3344 2063 3710 2143 intelligitur.

2019 2133 2045 2183 ί(
2087 2133 2566 2204 Quidquidenim,
2586 2133 2661 2188 'in
2689 2151 2755 2187 ea
2776 2134 2904 2187 vitae
2926 2134 3140 2203 praebet
3160 2133 3557 2198 substantiam,
3590 2134 3713 2203 spi-

2016 2205 2238 2258 ritualis
2261 2210 2345 2257 est
2368 2206 2640 2274 potentia;
2670 2210 2725 2257 et
2767 2205 3069 2257 invisibilis
3117 2204 3441 2257 efticientiie
3471 2204 3711 2257 divinae-

2016 2292 2127 2345 que
2160 2275 2420 2340 virtutis;
2459 2281 2631 2346 atque
2684 2276 2841 2329 aliud
2887 2277 3055 2344 longe
3096 2275 3356 2346 consistit
3400 2274 3715 2346 secundum

2016 2347 2167 2416 quod
2217 2347 2466 2400 exterius
2514 2345 2879 2415 conspicitur,
2944 2352 3114 2416 atque
3176 2345 3330 2399 aliud
3398 2345 3712 2399 secundum

2017 2419 2167 2487 quod
2203 2418 2260 2470 in
2316 2420 2587 2486 mysterio
2614 2418 2883 2471 creditur.
2919 2437 2944 2466 ι»
2988 2416 3317 2470 Paschasius
3363 2417 3513 2469 idem
3552 2416 3711 2479 dicit,

2016 2505 2145 2541 cum
2187 2487 2456 2541 omnibus
2486 2490 2777 2541 catholica:
2812 2488 2942 2540 fidei
2984 2487 3401 2551 defensoribus,
3451 2503 3575 2557 cap.
3626 2490 3710 2551 tl,

2018 2559 2087 2612 de
2121 2575 2359 2628 corpore
2391 2565 2444 2611 et
2469 2560 2750 2628 sanguine
2778 2560 2999 2612 Domini
3034 2574 3047 2612 :
3086 2580 3111 2605 ‹‹
3151 2559 3213 2611 Et
3242 2558 3399 2610 dabit
3430 2557 3711 2611 sacerdoti

2060 2629 2113 2681 ui
2144 2630 2400 2683 advertat
2434 2646 2665 2683 omnem
2721 2629 3225 2683 sanctiticationem
3261 2628 3481 2699 mystici
3544 2629 3713 2681 sacri-

2060 2646 2113 2681 ttl
2144 2646 2400 2683 advertat
2434 2646 2665 2683 omnem
2721 2646 3225 2683 sancnncauonem
3261 2646 3481 2699 mysuci
3544 2646 3713 2681 sacri-

2016 2646 2127 2753 Ecii
2161 2708 2215 2754 et
2246 2701 2554 2754 efficaciam
2584 2701 2873 2771 quomodo
2905 2700 3187 2753 sensibilis
3212 2716 3298 2751 res
3324 2698 3715 2771 intelligibili-

2015 2776 2103 2824 ter
2132 2772 2337 2825 virtute
2369 2772 2462 2826 Dei
2512 2769 2618 2842 per
2640 2772 2875 2825 verbum
2919 2771 3127 2825 Christi
3156 2776 3211 2822 et
3261 2786 3489 2823 carnem
3536 2769 3717 2839 ipsius

2015 2858 2080 2894 ac
2138 2843 2476 2908 sanguinem
2524 2843 2795 2897 divinitus
2853 2842 3247 2894 transferatur.
3286 2860 3311 2889 ι)
3362 2842 3429 2893 Et
3482 2842 3709 2909 cain:

2020 2934 2038 2960 α
2082 2913 2190 2965 Sed
2223 2914 2408 2982 figura
2473 2930 2593 2967 esse
2650 2915 2876 2967 videtur
2919 2913 3057 2966 dum
3112 2910 3416 2978 frangitur,
3470 2909 3717 2982 dumin

2015 2983 2205 3052 specie
2232 2981 2483 3037 visibilili
2532 2984 2686 3037 aliud
2740 2982 3086 3051 intelligitur
3152 2998 3326 3051 quam
3379 2981 3535 3052 quod
3589 2981 3712 3034 visu

2015 3051 2202 3106 carnis
2232 3060 2287 3107 et
2328 3060 2499 3122 gustu
2533 3053 2798 3118 sentitur,
2845 3054 3099 3122 dumque
3147 3051 3480 3121 sanguis’in
3535 3051 3710 3106 calice

1954 3127 1994 3183 C
2028 3124 2193 3175 simul
2224 3140 2353 3177 cum
2387 3140 2535 3194 aqua
2592 3123 2877 3176 miscetur.
2932 3125 3107 3176 Porro
3155 3122 3295 3194 illud
3355 3122 3486 3175 fidei
3529 3138 3710 3174 sacra-

2021 3193 2453 3260 mentumjure’
2484 3194 2737 3247 veritatis
2784 3194 3137 3263 appellatur.
3174 3193 3390 3263 Veritas
3443 3207 3577 3263 ergo
3629 3197 3715 3263 est

2023 3266 2158 3318 dum
2196 3281 2400 3334 corpus
2450 3263 2657 3319 Christi
2707 3268 2761 3316 et
2821 3261 3052 3331 sanguis
3089 3262 3303 3334 Vvirtute
3358 3262 3605 3334 Spiritus
3650 3261 3707 3314 in

2023 3335 2194 3387 verba
2224 3332 2400 3405 ipsius
2424 3351 2492 3387 ex
2538 3334 2702 3403 panis
2741 3334 2970 3403 vinique
3017 3333 3332 3405 substantia
3385 3332 3649 3405 efficitur.
3687 3353 3711 3378 »ι

2095 3402 2433 3475 ιῐν.’(Ρειε.
2494 3402 2619 3470 ‘296,
2679 3405 2814 3458 edit.
2873 3402 3305 3467 Amstelodam.,
3372 3406 3459 3456 191
3512 3402 3714 3467 Paris.)

2022 3478 2190 3531 Num.
2259 3481 2325 3530 77
2382 3478 2675 3531 Ratramni
2721 3494 2737 3529 :
2792 3498 2817 3523 ‹‹
2876 3477 3071 3529 Verum
3124 3490 3316 3543 corpus
3362 3480 3458 3539 est,
3512 3476 3712 3541 inquit,

2022 3547 2167 3614 quod
2198 3550 2361 3601 sentit
2382 3550 2596 3601 animus
2626 3546 2910 3613 cogitando
2938 3563 2950 3600 :
2985 3550 3063 3598 est
3094 3547 3151 3596 in
3176 3546 3532 3609 intelligentia
3562 3544 3714 3612 ﬁdei,

2020 3619 2293 3671 invisibili
2318 3619 2534 3687 quidem
2565 3623 2615 3670 et
2665 3619 2966 3686 spirituali,
3016 3615 3110 3669 sed
3148 3632 3312 3684 quam
3360 3618 3575 3668 animus
3604 3617 3718 3683 ipse

2018 3691 2271 3757 percipit.
2315 3692 2398 3743 En
2437 3688 2698 3757 quomodo
2756 3689 2963 3743 Christi
2995 3702 3187 3754 corpus
3236 3691 3313 3740 est
3351 3690 3410 3740 in
3460 3689 3717 3757 mysterio

2021 3761 2079 3811 in
2106 3765 2276 3811 mente
2313 3760 2643 3812 credentium
2690 3759 2861 3813 Verbo
2896 3760 3017 3822 Dei;
3053 3763 3214 3810 extra
3249 3762 3473 3810 mentem
3529 3760 3588 3811 in
3629 3758 3713 3811 alo

2024 3831 2137 3883 tari
2160 3844 2265 3883 non
2294 3834 2389 3883 est.

2709 3932 3024 3971 RESPONSIO.

2091 4040 2417 4093 Exscribere
2460 4039 2861 4094 tantummodo
2897 4055 3041 4107 opus
3094 4042 3178 4091 est
3215 4042 3487 4104 concepta
3543 4036 3715 4087 verba

2024 4127 2087 4165 ex
2120 4113 2226 4164 hoc
2254 4126 2492 4190 numero
2520 4114 2606 4177 78,
2640 4116 2701 4190 ut
2728 4111 3031 4190 perspiciat
3056 4110 3717 4190 lectogquamﬁsu‘perva-

2024 4198 2263 4235 caneum
2299 4182 2371 4235 sit
2399 4182 2683 4252 ejusmodi
2716 4179 3045 4251 Opinionem
3091 4180 3371 4252 ascribere
3412 4179 3719 4231 Batramno

2025 4257 2081 4306 et
2104 4251 2565 4307 suasionem'non
2592 4268 2703 4307 esse
2732 4259 2889 4306 extra
2934 4256 3159 4306 mentem
3187 4254 3245 4304 in
3293 4251 3463 4304 altari
3527 4263 3719 4316 corpus

2026 4324 2362 4390 Christi;ait
2390 4326 2585 4377 enim:
2633 4348 2653 4370 σι
2694 4323 2860 4376 Aliud
2919 4331 3002 4375 est
3059 4321 3216 4392 quod
3272 4321 3520 4374 exterius
3564 4318 3717 4392 geri-

2030 4400 2139 4458 tur,
2168 4396 2320 4447 aliud
2347 4395 2499 4465 quod
2532 4410 2635 4463 per
2664 4393 2837 4447 fidem
2859 4390 3129 4465 creditur.
3156 4392 3585 4465 Numquidnon
3613 4390 3718 4443 hoc

211 4458 290 4504 est
324 4452 508 4534 ‘panis
540 4454 671 4531 vita:
709 4456 920 4534 regem?
946 4450 1188 4533 .Verbum
1240 4452 1599 4532 Debscilicet,
1659 4453 1747 4502 cui
1786 4451 1909 4503 dum

2032 4450 2228 4517 verum
2276 4450 2549 4518 est‘cum‘
2582 4465 2830 4517 exterius
2884 4464 3100 4534 species
3130 4450 3353 4517 tantum
3418 4462 3720 4534 videantur

209 4522 481 4588 creditur,
501 4524 718 4576 animus
749 4521 955 4577 Christi
974 4536 1192 4589 corpore
1212 4523 1461 4589 pascitur
1484 4536 1545 4575 ac
1568 4526 1810 4590 potatur.

844 4640 863 4656 ⁸
907 4656 1222 4696 neseoxsxo.

285 4746 500 4800 Omnes
557 4744 824 4800 homines
874 4746 1060 4817 sciunt
1113 4745 1490 4800 nutritionem
1552 4744 1762 4800 animae
1819 4763 1922 4817 per

213 4818 688 4870 communionem
715 4816 974 4885 corporis
1001 4817 1146 4882 ﬁeri,
1181 4833 1296 4871 non
1325 4833 1458 4870 vero
1489 4817 1614 4871 fieri
1646 4831 1750 4885 per
1780 4816 1920 4871 can-

218 4888 545 4940 versionem
572 4887 706 4939 dicti
741 4887 997 4955 corporis
1029 4888 1085 4940 in
1120 4888 1494 4941 substantiam
1530 4888 1759 4941 animae.
1810 4889 1920 4942 Sed

213 4958 423 5010 falsum
478 4963 566 5029 est
619 4958 994 5029 Hatramuum
1065 4960 1203 5012 nihil
1253 4960 1405 5013 aliud
1466 4959 1787 5027 intelligeie
1819 4976 1922 5029 per

214 5044 425 5100 corpus
460 5027 669 5100 Christi
702 5044 877 5098 quam
918 5029 1071 5100 quod
1104 5029 1275 5083 modo
1327 5030 1585 5083 sensibili
1632 5027 1834 5083 intrat'
1862 5030 1919 5083 in

212 5115 277 5151 os
306 5105 361 5152 et
391 5098 717 5167 deglutitur
760 5099 820 5152 in
878 5098 1236 5153 stomachum
1299 5105 1352 5153 et
1412 5100 1645 5154 Verbum
1687 5103 1781 5154 Dei
1833 5102 1921 5154 cui

211 5169 474 5221 creditur.
547 5170 685 5222 Nam
718 5176 952 5223 econtra
1002 5187 1070 5223 eo
1120 5187 1363 5225 numero
1409 5174 1475 5225 68
1535 5172 1797 5224 observat
1861 5172 1915 5225 S.

207 5239 608 5311 Ambrosium,
662 5240 822 5309 cujus
856 5241 1026 5295 verba
1054 5240 1117 5295 in
1174 5241 1427 5295 medium
1480 5242 1716 5311 profert,
1773 5242 1919 5295 velle

210 5309 577 5383 mentionem
610 5311 793 5364 facere
826 5311 894 5383 de
924 5328 1073 5382 pane
1119 5313 1217 5383 qui
1275 5319 1359 5366 est
1414 5309 1621 5380 corpus
1680 5312 1910 5377 Christi,

212 5386 270 5435 et
311 5380 523 5454 animae
557 5386 765 5454 nostra
810 5380 1182 5437 substantiam
1234 5384 1411 5448 fulcit,
1444 5399 1558 5437 non
1609 5383 1669 5436 in
1729 5399 1918 5454 quan-

211 5457 342 5524 tum
372 5451 549 5504 intrat
580 5452 918 5524 ingcorpus,
973 5454 1073 5524 sed
1124 5459 1205 5507 est
1270 5455 1431 5524 panis
1485 5454 1614 5507 vitae
1669 5451 1917 5509 aeternae.

213 5544 241 5569 ι(
309 5522 455 5595 Ergo
514 5522 907 5595 manifestum,
966 5522 1177 5595 inquit,
1225 5522 1294 5578 de
1355 5541 1468 5595 quo
1524 5541 1674 5594 pane
1716 5525 1917 5595 loqui-

212 5597 330 5658 tur,
390 5594 462 5647 de
516 5608 666 5662 pane
725 5594 987 5649 videlicet
1041 5594 1298 5664 Corporis
1352 5594 1579 5657 Christi,
1628 5594 1728 5665 qui
1803 5611 1918 5649 non

210 5680 281 5717 ex
323 5680 389 5736 eo
431 5665 587 5736 quod
642 5665 796 5719 vadit
847 5666 907 5719 in
954 5682 1183 5735 corpus,
1238 5666 1337 5721 sed
1389 5682 1458 5719 ex
1509 5682 1577 5719 eo
1622 5666 1773 5736 quod
1824 5683 1918 5735 pa-

210 5736 304 5787 nis
337 5735 409 5788 sit
431 5735 569 5789 vitae
599 5740 848 5803 aeterne,
873 5737 1081 5791 animae
1124 5742 1336 5791 nostrai
1385 5735 1765 5790 substantiam
1804 5736 1918 5790 ful-

212 5807 314 5859 cit.
347 5826 375 5853 »
410 5805 532 5860 Hoc
561 5806 726 5860 valde
767 5806 1107 5861 catholicum
1134 5811 1192 5861 et
1245 5807 1625 5862 orthodoxam
1656 5812 1760 5874 est,
1814 5823 1918 5862 nec

2032 4536 2198 4604 panis
2251 4540 2307 4588 et
2354 4535 2488 4596 vini,
2539 4542 2596 4588 et
2650 4531 3182 4589 interius'existere
3241 4548 3445 4603 corpus
3507 4531 3725 4604 Christi

2031 4603 2161 4659 vere
2200 4606 2505 4659 credatur?
2550 4606 2629 4661 Ad
2671 4622 2901 4659 sensum
2958 4605 3113 4675 quod
3169 4604 3421 4674 pertinet
3471 4603 3725 4675 corporis

2029 4676 2400 4746 corruptibile
2438 4682 2551 4740 est;
2588 4676 2741 4746 quod
2772 4677 2913 4730 fides
2943 4673 3076 4730 vero
3120 4673 3317 4739 credit,
3360 4673 3715 4746 incorrupti:

2029 4693 2400 4746 corruptione
2438 4693 2551 4740 eet;
2629 4693 2741 4730 uoa
2772 4693 2913 4730 nues
2943 4693 3076 4730 vero
3120 4693 3317 4739 creuit,
3360 4693 3715 4744 incorrupti-

2029 4746 2162 4801 bile.
2212 4766 2239 4797 ι)
2291 4748 2455 4801 Estne
2501 4746 2559 4801 in
2588 4693 2692 4800 (his
2741 4746 2959 4817 aliquid
3015 4746 3395 4800 commentitii
3441 4750 3493 4799 et
3552 4743 3725 4798 falsi?

2030 4834 2158 4871 cum
2213 4818 2431 4887 species
2476 4818 2731 4887 quotidie
2801 4822 3261 4887 corrumpantur,
3334 4832 3539 4886 corpus
3589 4830 3722 4887 vero

2031 4885 2429 4959 Christi—quod
2475 4885 2606 4942 ﬁdei
2648 4888 2931 4957 objectum
2986 4885 3089 4951 est,
3142 4887 3299 4941 nulla
3356 4885 3723 4959 corruptione

2031 4953 2308 5013 violetur.-
2329 4961 2591 5012 Emterius
2626 4953 2772 5027 quod
2800 4965 3034 5027 apparet
3062 4974 3169 5012 non
3225 4963 3305 5012 est
3336 4961 3457 5027 ipsa
3487 4953 3591 5009 res.
3625 4953 3715 5007 Al-

2028 5031 2196 5089 bedo.
2223 5029 2565 5095 rotunditas,
2592 5045 2759 5099 sapor
2780 5030 2963 5099 panis,
2998 5030 3141 5083 odor
3168 5030 3307 5093 vini,
3344 5034 3478 5081 sunt
3497 5042 3567 5079 ne
3597 5039 3721 5077 cor-

2030 5117 2137 5171 pus
2162 5100 2413 5155 Christi?
2445 5101 2552 5155 Sed
2582 5104 2761 5165 imago
2790 5100 2873 5153 rei
2902 5100 3166 5170 nunquid
3215 5115 3332 5153 non
3364 5112 3559 5171 revera
3592 5099 3727 5171 sunt

2030 5165 2238 5241 imago,
2268 5173 2472 5241 tigura,
2502 5171 2783 5234 velamen,
2819 5165 3178 5239 operculum,
3202 5186 3316 5239 quo
3346 5167 3487 5221 fallit
3510 5165 3722 5241 oculos

2029 5238 2377 5315 hominum?
2399 5244 2574 5296 Mente
2610 5257 2747 5315 vero
2762 5238 2913 5315 quod
2932 5246 3169 5315 sentitur
3196 5238 3397 5315 veritas
3438 5238 3539 5315 rei,
3594 5250 3724 5315 cum

2028 5330 2120 5366 res
2166 5312 2293 5383 ipsa
2336 5312 2407 5366 sit
2463 5328 2670 5381 corpus
2712 5312 2940 5374 Christi,
2996 5312 3202 5383 veritas
3248 5309 3332 5362 rei
3383 5309 3722 5383 est‘veritas

2028 5378 2285 5453 corporis
2316 5383 2523 5438 Christi
2559 5378 2580 5437 ξ
2621 5388 2680 5437 et
2721 5398 2851 5436 cum
2895 5384 2968 5436 sit
3023 5382 3228 5453 veritas
3281 5395 3396 5453 non
3455 5378 3725 5453 chimaera

2029 5449 2255 5508 nec'ens
2284 5455 2543 5519 rationis,
2578 5471 2649 5508 an
2682 5470 2785 5524 per
2832 5454 3012 5507 solam
3062 5451 3469 5524 cogitationem
3516 5449 3726 5524 mentis

2029 5525 2220 5579 existit
2250 5531 2306 5649 ξι
2329 5542 2441 5580 non
2491 5542 2595 5596 per
2625 5520 2911 5578 se'verum
2957 5531 3013 5578 et
3059 5520 3311 5576 solidum
3365 5520 3575 5576 mentis
3623 5520 3723 5574 ob-

2029 5597 2237 5649 iectum

2030 5597 2174 5649 iectu
2185 5612 2237 5649 m

2020 5612 2433 5732 JeclilillfliEdit.
2491 5665 2898 5721 Amstelodam.
2960 5680 3091 5735 Ρδϐο
3142 5666 3269 5730 296'
3324 5663 3500 5717 Paris'
3580 5662 3727 5729 19L)

2101 5681 2205 5722 LV.
2266 5681 2433 5732 (non.
2491 5681 2898 5721 AmsteIoaam.
2947 5681 3091 5789 (pag.
3142 5681 3269 5730 zso,
3324 5681 3500 5717 raris.
3580 5681 3725 5729 ιυι.)

2025 5738 2200 5792 Num.
2238 5741 2304 5792 89
2328 5743 2377 5791 et
2407 5739 2493 5791 94.
2534 5741 2865 5793 Ratramnus
2903 5736 2945 5795 ﬁ
2980 5752 3011 5789 te
3058 5736 3429 5806 spiritualiter
3483 5734 3725 5806 animam

2022 5812 2180 5877 pasci
2209 5810 2309 5877 ait,
2336 5808 2468 5863 dum
2494 5823 2601 5861 non
2629 5806 2935 5861 attenditur
2964 5801 3110 5878 quod
3138 5821 3336 5878 corpus
3369 5805 3556 5875 pascit
3583 5801 3729 5872 quod
