4130 6184
437 295 539 346 219

1161 289 1614 345 DISSERTATIO
1653 291 1719 343 IN
1764 288 1896 344 LIB.
1939 290 2029 344 DE
2071 289 2392 346 CORPORE
2434 291 2522 344 ET
2561 289 2909 344 SANGUINE
2951 288 3215 345 DOMINI.

3823 294 3925 343 ‘22!)

437 429 594 482 dente
637 431 903 496 premitur
953 425 1098 493 quod
1168 439 1265 492 per
1317 428 1502 492 partes
1559 427 1959 490 comminuitur,
2033 424 2128 478 sed
2165 432 2206 483 A
2237 441 2326 478 nee
2357 425 2701 496 patrocinari
2733 424 2956 494 potest?
3003 427 3066 478 Et
3088 424 3210 478 haec
3241 424 3421 478 miror
3465 441 3762 496 nunquam
3819 426 3926 479 dis-

439 499 582 567 quod
622 502 680 551 in
725 498 831 565 ﬁde
866 497 1232 559 spiritualiter
1279 497 1567 567 accipitur,
1627 499 1816 549 innues
1863 499 2125 549 nimirum

437 566 595 623 eastra
617 569 778 629 ﬁdem
817 567 956 619 nihil
982 581 1092 619 esse
1135 568 1246 619 nisi
1302 566 1444 634 quod
1474 582 1666 634 corpus
1717 569 1913 633 pascit,
1971 567 2126 621 dente

432 641 719 708 premitur.
766 639 868 692 Nec
927 637 1040 690 dici
1101 651 1273 703 posse,
1335 636 1479 702 quod
1535 638 1825 704 proﬁtetur
1877 639 2126 691 Ecclesia

440 712 534 762 Dei
566 724 682 762 cum
734 709 902 761 Paulo
953 714 1002 760 ct
1058 710 1387 773 Augustino,
1447 710 1553 760 imo
1599 723 1718 760 cum
1757 709 1970 764 Christo
2021 711 2124 762 Do-

436 782 599 832 mino.
637 779 788 844 Quod
818 780 1015 832 videtis
1045 785 1122 832 est
1143 793 1336 847 corpus
1364 793 1553 832 meum.

1125 933 1436 971 RESPONSIO.

503 1043 626 1095 .lam
685 1041 1111 1094 observavimus
1166 1041 1541 1112 nutritionem
1589 1041 1800 1095 animae
1858 1059 2125 1112 procura-

436 1118 552 1165 tam
581 1129 750 1165 carne
781 1119 836 1165 et
884 1112 1163 1182 sanguine
1216 1111 1423 1166 Christi
1462 1129 1578 1165 non
1609 1112 1751 1172 ﬁeri,
1806 1111 1984 1166 instar
2012 1131 2126 1166 nu—

434 1183 688 1236 tritionis
719 1183 1011 1246 naturalis,
1047 1198 1150 1252 per
1177 1183 1566 1236 conversionis
1615 1185 1800 1236 carnis
1834 1185 2009 1253 ipsius
2065 1185 2125 1236 in

439 1253 813 1306 substantiam
850 1254 1076 1314 animae,
1113 1257 1204 1304 sed
1230 1270 1330 1322 per
1356 1253 1697 1306 infusionem
1744 1256 1939 1322 gratias
1971 1256 2124 1321 ﬁdei,

439 1325 561 1394 spei
593 1331 649 1376 et
677 1325 990 1377 charitatis.
1025 1324 1134 1378 Sed
1187 1323 1306 1378 haec
1333 1341 1449 1377 non
1499 1324 1864 1393 praepediunt
1893 1326 2126 1394 quomi-

438 1411 546 1448 nus
569 1396 640 1448 sit
670 1411 868 1448 vcrum
905 1395 1113 1449 Christi
1155 1412 1360 1464 corpus
1405 1395 1565 1464 cujus
1624 1396 2019 1449 commistione
2073 1401 2129 1450 et

433 1467 762 1535 receptione
813 1472 1151 1536 procuratur
1192 1466 1356 1520 nobis
1397 1465 1634 1518 nutritio
1684 1467 1996 1536 spiritualis
2025 1483 2128 1534 per

435 1537 792 1606 spiritualem
826 1537 1060 1606 spiritus
1094 1537 1190 1588 Dei
1225 1537 1536 1605 potentiam
1565 1541 1622 1590 et
1657 1537 1946 1590 virtutem.
1990 1538 2126 1601 Quae

437 1623 566 1660 cum
603 1608 682 1660 ita
721 1607 853 1671 sint,
886 1608 1338 1660 animadvertere
1379 1623 1604 1660 necesse
1629 1614 1913 1678 estquam
1955 1611 2126 1661 vehe-

434 1686 662 1731 menter
701 1678 1045 1731 allucinatus
1073 1679 1145 1730 sit
1193 1678 1544 1738 dissertator,
1606 1678 1743 1731 dum
1789 1678 1990 1732 asserit
2021 1679 2126 1732 Ra-

433 1755 725 1802 tramnum
748 1748 1069 1816 signiﬁcare
1090 1749 1334 1801 voluisse
1373 1755 1584 1818 praeter
1610 1749 1784 1802 ﬁdem
1822 1750 1879 1802 in
1917 1751 2128 1803 Eucha-

437 1819 593 1870 ristia
621 1819 762 1890 nihil
788 1819 1030 1890 reperiri
1053 1819 1163 1872 nisi
1192 1820 1346 1888 quod
1373 1820 1444 1873 ad
1469 1820 1845 1873 nutritionem
1869 1821 2123 1890 corporis

430 1889 788 1942 conducibile
818 1889 922 1953 sit;
958 1889 1064 1943 hoc
1091 1891 1246 1942 enim
1279 1906 1394 1943 non
1443 1891 1578 1944 dicit
1624 1889 1988 1956 Ratramnus,
2023 1891 2123 1944 sed

433 1961 586 2029 quod
610 1975 738 2012 cum
773 1960 885 2012 ﬁde
913 1961 1287 2030 spiritualiter
1325 1962 1599 2030 accipitur
1629 1968 1898 2030 prmstare
1938 1963 2118 2015 nutri-

433 2032 652 2083 tionem
703 2031 929 2084 animae.
989 2031 1228 2084 Maxima
1282 2031 1434 2084 enim
1481 2032 1801 2086 dilferentia
1848 2037 1932 2086 est
1975 2033 2124 2086 inter

431 2101 606 2172 ﬁdem
640 2107 697 2154 et
730 2101 783 2154 id
835 2102 986 2170 quod
1035 2118 1164 2155 cum
1225 2101 1336 2155 ﬁde
1387 2103 1719 2172 percipitur,
1773 2104 1920 2157 sicut
1970 2104 2124 2156 inter

432 2171 619 2224 visum
675 2178 733 2225 et
787 2173 1072 2242 objectuni
1133 2173 1304 2225 visus.
1370 2173 1509 2226 Cum
1547 2171 1886 2227 ltatramno
1942 2174 2124 2227 mira-

435 2241 626 2296 biliter
710 2241 976 2295 convenit
1052 2243 1403 2310 Paschasius,
1476 2245 1782 2297 discrimen
1870 2249 2124 2298 statuens

433 2313 585 2384 inter
623 2313 888 2384 homines
940 2314 1110 2383 digne
1164 2320 1262 2366 aut
1329 2314 1562 2384 indigne
1604 2317 1674 2367 ad
1735 2331 1952 2368 sacram
1997 2331 2122 2368 cor-

434 2383 592 2452 poris
648 2383 851 2438 Christi
932 2386 1400 2438 communionem
1463 2383 1838 2439 iaccedentes.
1895 2405 1921 2436 ‹‹
1986 2387 2122 2439 Ecce

435 2470 635 2507 omnes
681 2454 1080 2508 inditi‘erentur
1135 2470 1307 2524 quam
1355 2472 1506 2524 saepe
1540 2463 1898 2509 sacramenta
1927 2457 2124 2509 altaris

433 2524 762 2593 percipiunt
790 2542 802 2577 :
831 2526 1154 2595 percipiunt
1180 2526 1371 2594 plane,
1406 2526 1501 2579 sed
1535 2527 1681 2578 alius
1711 2543 1940 2579 carnem
1970 2527 2126 2581 Chri-

433 2597 507 2648 sti
537 2596 911 2664 spiritualiter
954 2597 1261 2650 manducet
1303 2602 1359 2649 et
1385 2598 1724 2666 sanguinem
1766 2597 1932 2660 bibit,
1981 2598 2125 2650 alius

433 2681 569 2718 vero
613 2681 750 2732 non,
811 2668 1070 2736 quamvis
1118 2666 1430 2720 buccellam
1484 2670 1552 2721 de
1615 2685 1789 2721 manu
1819 2669 2125 2722 sacerdotis

434 2737 694 2790 videatur
712 2737 1021 2807 percipere.
1059 2758 1086 2785 ››
1127 2737 1212 2790 Ad
1242 2738 1296 2790 id
1328 2754 1461 2790 vero
1511 2739 1662 2807 quod
1719 2739 1799 2792 ait
1854 2740 2124 2792 disserta-

431 2809 965 2880 tor,_ltatramnum»
989 2807 1193 2880 docere
1237 2824 1302 2860 eo
1336 2809 1443 2861 loci
1473 2825 1577 2862 nec
1627 2809 1737 2862 dici
1769 2827 1932 2878 posse
1971 2810 2121 2880 quod

432 2877 738 2946 proﬁtetur
767 2878 1004 2932 Ecclesia
1043 2878 1142 2932 Dei
1168 2895 1298 2932 cum
1332 2880 1504 2933 Paulo
1537 2887 1592 2933 et
1620 2877 1964 2949 Augustino,
1988 2877 2123 2934 'imo

432 2965 560 3002 cum
591 2949 814 3003 Christo
848 2949 1092 3002 Domino
1127 2965 1140 3003 :
1175 2970 1202 2998 ι(
1236 2951 1352 3004 lloc
1405 2951 1554 3019 quod
1615 2951 1837 3004 videtur
1875 2957 1959 3004 est
2009 2967 2126 3004 cor-

431 3035 540 3088 pus
570 3035 783 3085 meum,
817 3038 844 3070 »
870 3020 1128 3089 quamvis
1150 3020 1269 3088 jam
1312 3020 1550 3074 inﬁnitis
1597 3022 1731 3074 locis
1761 3023 1869 3076 hoc
1897 3022 2124 3075 axioma

430 3091 903 3162 explicuerimus,
953 3107 1071 3162 non
1125 3093 1328 3144 melius
1387 3094 1729 3161 respondere
1818 3109 2123 3162 possumus

429 3148 602 3230 qu‘am
635 3160 724 3214 his
753 3148 940 3216 verbis
977 3161 1127 3216 beati
1181 3162 1374 3232 Algeri
1415 3148 1508 3216 liii.
1555 3181 1570 3216 ι
1628 3163 1697 3216 de
1743 3148 2121 3229 Eucharistia,
2162 3148 2200 3191 (λ

429 3248 550 3300 cap.
589 3235 674 3285 11.
712 3253 739 3281 ‹‹
771 3233 912 3286 Item
943 3233 1294 3302 Augustinus
1347 3233 1418 3287 ad
1464 3235 1745 3288 Irenaeum
1781 3252 1792 3288 :
1854 3235 1980 3288 Non
2023 3235 2128 3288 hoc

429 3303 583 3372 quod
613 3302 814 3356 videtis
836 3303 1230 3357 manducaturi
1273 3303 1425 3365 estis,
1461 3304 1647 3372 ipsum
1673 3305 1904 3372 quidem
1932 3312 1988 3357 et
2009 3322 2127 3358 non

427 3374 642 3440 ipsum,
675 3375 864 3440 ipsum
915 3374 1276 3428 invisibiliter
1301 3380 1357 3426 et
1406 3390 1521 3426 non
1554 3375 1740 3442 ipsum
1800 3375 2120 3427 visibiliter.

431 3443 588 3496 Unde
610 3443 874 3496 subditur
916 3459 928 3495 :
961 3444 1018 3496 Si
1049 3459 1278 3496 necesse
1328 3449 1412 3495 est
1447 3444 1750 3496 visibiliter
1797 3445 1937 3498 illud
1978 3447 2124 3498 cele-

429 3511 602 3575 brari,
649 3528 885 3583 necesse
915 3517 999 3565 est
1056 3512 1416 3583 invisibiliter
1471 3513 1730 3582 intelligi.
1793 3515 1934 3577 Quia
1989 3531 2123 3583 ergo

427 3582 893 3656 corpusDomini
951 3582 1253 3650 spirituale
1309 3589 1559 3656 nonest
1611 3585 1926 3656 corporalis
1973 3582 2121 3652 esca,

428 3652 522 3706 sed
574 3651 904 3721 spiritualis,
965 3659 1022 3706 et
1064 3669 1292 3706 necesse
1335 3651 1730 3719 invisibiliter,
1770 3655 1912 3709 illud
1961 3651 2124 3710 intel-

428 3723 549 3790 ligi.
588 3741 614 3774 ››
648 3724 737 3777 Sic
767 3723 916 3776 fatur
959 3723 1308 3777 fortissimus
1342 3725 1473 3779 ﬁdei
1522 3726 1817 3779 catholicm
1860 3727 2123 3780 defensor

427 3795 696 3866 adversus
728 3795 1155 3865 Berengarium,
1188 3797 1445 3865 apposite
1478 3797 1714 3866 quidem
1749 3798 1818 3850 ad
1867 3804 2117 3853 mentem

427 3865 697 3938 tuendam
731 3871 787 3920 et
809 3866 1157 3938 sententiam
1193 3865 1714 3928 Ratramninostri,
1749 3884 1917 3938 quem
1951 3885 2119 3922 nemo

426 3935 601 3990 homo
633 3937 947 3992 catholicus
985 3938 1198 3990 erroris
1238 3943 1337 3990 aut
1390 3939 1620 3991 haeresis
1660 3935 1898 3992 crimine
1955 3956 2119 3993 accu-

427 4024 551 4061 sare
583 4009 770 4077 potuit
799 4025 868 4062 eo
907 4008 1060 4078 quod
1092 4008 1314 4060 dixerit.
1340 4009 1452 4062 Hoc
1483 4010 1636 4077 quod
1672 4010 1874 4062 videtis
1918 4010 1974 4062 in
2008 4012 2117 4063 En-

427 4079 691 4131 charistia
725 4095 839 4131 non
863 4086 947 4132 est
995 4080 1184 4147 ipsum
1223 4094 1429 4146 corpus
1452 4079 1679 4146 Christi,
1710 4081 1844 4148 quia
1881 4097 1990 4133 non
2036 4087 2119 4134 est

427 4149 652 4222 visibile
686 4148 1139 4222 necpalpabile;
1173 4149 1271 4202 sed
1301 4157 1386 4201 est
1415 4149 1604 4222 ipsum
1638 4151 1792 4219 quod
1823 4150 1927 4222 sub
1983 4169 2116 4222 spe-

427 4218 622 4271 ciebus
655 4219 974 4272 visibilibus
1029 4234 1228 4271 revera
1260 4222 1346 4270 est
1371 4218 1668 4272 occultum
1706 4227 1763 4273 et
1816 4218 2113 4275 abscondi-

428 4293 551 4340 tum
582 4289 747 4361 panis
778 4293 835 4342 et
865 4288 1004 4361 vini,
1039 4305 1167 4357 qua:
1191 4295 1356 4342 antea
1384 4289 1635 4361 fuerunt,
1669 4298 1720 4343 et
1745 4293 1864 4361 jam
1895 4293 1955 4344 in
1983 4293 2114 4346 sub-

428 4357 695 4430 stantiam
743 4359 1002 4430 corporis
1043 4364 1105 4430 et
1163 4359 1457 4430 sanguinis
1514 4357 1810 4415 Christi'a
1851 4362 2113 4416 ﬁdelibus

426 4429 688 4482 sumenda
719 4429 804 4482 vel
830 4429 1145 4483 sumendam
1172 4446 1439 4483 conversa
1467 4437 1616 4486 sunt.

498 4500 629 4553 LVI.
663 4500 861 4569 (Ibid.)
897 4501 1040 4554 Eam
1060 4501 1123 4553 ob
1152 4518 1265 4554 rem
1294 4504 1564 4567 num-15,
1597 4507 1760 4570 negat
1790 4519 1980 4573 corpus
2013 4521 2114 4571 pa-
2154 4485 2198 4539 D

427 4573 512 4622 nis
537 4585 647 4624 esse
684 4577 970 4624 mutatum.
1016 4573 1165 4626 Cur?
1197 4573 1562 4640 Corporaliter
1606 4589 1856 4642 namque,
1912 4577 2112 4642 inquit,

425 4641 566 4764 ἓξςιξι
585 4643 644 4766 ip
672 4643 746 4694 eis
793 4645 1039 4696 cernitur
1069 4658 1184 4697 esse
1229 4648 1619 4712 permutatum.
1664 4641 1825 4710 Sane,
1857 4645 1952 4699 sed
1982 4641 2117 4700 fcre-

469 4727 581 4764 tur
632 4727 804 4766 amen.

469 4727 581 4764 ιῑω·
608 4727 804 4765 tamen.

1117 4826 1428 4874 nasrousw.

500 4942 624 4995 Non
651 4946 824 5012 negat
855 4958 1014 4996 num.
1053 4945 1137 5008 15,
1187 4958 1396 5013 corpus
1439 4943 1606 5012 panis
1637 4960 1756 4996 esse
1813 4950 2116 5009 mutatum,

428 5013 524 5066 sed
556 5013 1035 5085 probatnumeris
1056 5014 1505 5080 continentibus,
1534 5016 1726 5085 aitque
1757 5015 2118 5070 solummodo

427 5084 811 5138 mutationem
836 5089 1128 5138 externam
1160 5085 1420 5138 sensibus
1451 5084 1720 5138 humanis
1768 5101 1886 5138 non
1932 5087 2118 5154 perci-

427 5156 505 5224 pi,
541 5156 608 5208 de
642 5171 758 5226 quo
789 5155 1015 5226 nemini
1035 5155 1252 5208 homini
1283 5155 1520 5209 dubium
1557 5157 1797 5221 subolet,
1830 5176 1856 5206 ‹‹
1905 5157 2119 5226 Corpo-

427 5229 624 5278 raliter
664 5225 944 5296 namque,
1007 5225 1214 5295 inquit,
1251 5227 1310 5279 in
1363 5226 1444 5280 eis
1487 5227 1627 5280 nihil
1685 5227 1940 5280 cernitur
1997 5225 2118 5281 esse

429 5295 842 5364 permutatum;
889 5295 1240 5350 Fatebuntur
1269 5297 1446 5363 igitur
1474 5313 1701 5351 necesse
1733 5305 1818 5351 est
1848 5301 1948 5350 aut
1988 5315 2120 5352 mu-

427 5370 544 5437 tata
574 5382 696 5437 esse
728 5369 1040 5420 secundum
1072 5367 1226 5420 aliud
1275 5383 1448 5437 quam
1477 5368 1790 5421 secundum
1824 5385 2052 5436 corpus.
2087 5390 2116 5417 »

431 5435 498 5488 Et
524 5435 582 5488 in
614 5436 727 5508 ﬁne
767 5437 940 5507 hujus
993 5438 1219 5491 numeri
1264 5435 1568 5508 postquam
1599 5438 1863 5506 probavit
1893 5435 2120 5493 necesse

430 5520 552 5557 esse
593 5507 845 5576 aliquam
884 5509 1267 5562 mutationem
1300 5507 1426 5561 ﬁeri
1475 5507 1535 5561 in
1577 5508 1950 5574 Encharistia,
1999 5511 2116 5563 ait:

435 5597 457 5623 ι
492 5579 605 5628 Aut
634 5579 680 5629 si
708 5578 818 5630 hoc
842 5578 1102 5647 proﬁteri
1125 5579 1431 5640 voluerint,
1457 5580 1882 5650 compelluntur
1912 5597 2120 5650 negare

429 5661 638 5714 corpus
673 5664 808 5720 esse
870 5651 1324 5720 sanguinemque
1365 5651 1572 5702 Christi
1625 5649 1774 5719 quod
1829 5649 2008 5703 nefas’
2037 5657 2122 5704 est

431 5733 549 5770 non
607 5718 791 5770 solum
853 5719 1062 5785 dicere,
1112 5718 1310 5773 verum
1377 5723 1547 5773 etiam
1579 5718 1848 5785 cogitare.
1888 5739 1916 5769 ι)
1975 5721 2120 5784 Quid

430 5803 563 5842 vero
595 5789 893 5843 nervosius
932 5790 1020 5844 his
1058 5790 1243 5846 verbis
1285 5793 1543 5846 Ecclesiae
1569 5791 1862 5845 catholicae
1910 5791 2116 5847 doctri-

2235 495 2566 549 sertatorem
2600 497 2830 549 attentis
2867 495 3074 549 animis
3103 502 3416 564 reputasse.

2308 567 2465 620 LVll.
2518 568 2703 631 illud.)
2741 570 2809 620 Et
2847 583 2994 620 num.
3037 569 3098 619 16
3129 569 3478 620 mutationem
3508 583 3618 620 esse
3661 571 3740 621 ait
3788 571 3925 636 ﬁgu-

2233 645 2413 691 ratam
2444 643 2494 690 et
2521 640 2885 706 spiritualem,
2933 643 2992 691 ut
3043 640 3307 704 diwimus,
3351 653 3470 706 quae
3497 638 3602 707 ﬁat
3649 654 3746 707 per
3797 638 3930 708 ﬁdei

2233 710 2578 763 intellectum.

2925 811 3233 849 RESPONSIO.

2307 902 2422 954 Hoc
2471 900 2677 954 falsum
2727 906 2826 963 est,
2882 917 3177 969 nunquam
3247 901 3326 954 sic
3374 902 3598 954 locutus
3649 906 3734 954 est
3814 902 3929 955 Ra-

2235 975 2513 1037 tramnus,
2548 987 2652 1024 nec
2680 971 2820 1024 dixit
2849 971 2994 1025 hanc
3025 971 3395 1024 mutationem
3427 972 3607 1026 eftieri
3641 988 3742 1040 per
3793 972 3930 1025 ﬁdei

2237 1042 2614 1095 intellectum.
2643 1044 2762 1095 lmo
2790 1058 2923 1096 vero
2953 1043 3180 1110 subjicit
3229 1043 3508 1111 ejusmodi
3553 1044 3927 1096 mutationem

2234 1112 2363 1184 ﬁcri
2389 1113 2596 1166 debere
2627 1129 2693 1166 ex
2725 1129 2873 1182 pane
2905 1119 2962 1166 et
2995 1113 3124 1166 vino
3159 1115 3215 1165 in
3269 1129 3476 1183 corpus
3503 1119 3558 1166 et
3587 1114 3928 1184 sanguinem

2235 1182 2464 1248 Christi,
2495 1189 2555 1236 ut
2586 1183 2666 1236 ait
2690 1199 2850 1236 num.
2895 1185 2982 1249 30,
3018 1200 3275 1254 «panem
3325 1182 3386 1237 et
3415 1185 3608 1237 vinum
3641 1182 3930 1254 incorpo-

2237 1254 2314 1306 ris
2343 1260 2399 1306 et
2428 1254 2726 1323 sanguinis
2758 1271 3028 1307 conversa
3069 1255 3440 1307 substantiam
3473 1255 3679 1307 virtute
3712 1261 3768 1308 et
3822 1271 3928 1324 po-

2235 1325 2410 1377 tentia
2438 1325 2606 1378 Verhi
2635 1325 2881 1378 divini.»
2931 1327 3146 1379 Revera
3191 1327 3356 1378 docet
3397 1326 3676 1393 ejusmodi
3735 1336 3928 1378 muta-

2234 1395 2451 1466 tionem
2484 1411 2596 1448 non
2629 1396 2753 1450 ﬁeri
2783 1396 2951 1450 modo
2985 1395 3244 1449 sensibili
3270 1401 3324 1449 et
3356 1412 3651 1464 corporeo,
3685 1397 3786 1448 sed
3814 1398 3929 1466 spi-

2235 1465 2428 1520 rituali
2452 1473 2509 1519 et
2538 1483 2571 1519 a
2609 1467 2872 1520 sensibus
2901 1472 3121 1520 remoto
3154 1472 3215 1519 ut
3245 1467 3513 1520 dixerunt
3565 1468 3921 1531 Paschasius,

2234 1537 2499 1606 Algerus,
2542 1538 2888 1591 Lanfrancus
2935 1543 2992 1590 et
3035 1553 3235 1589 omnes
3279 1539 3579 1605 scriptores
3635 1539 3922 1591 catholici.

2237 1607 2618 1670 Quamobrem
2652 1625 2731 1660 51c
2787 1610 2934 1662 fatur
2967 1610 3310 1662 Ratramnus
3363 1624 3522 1661 num.
3564 1611 3626 1662 16
3682 1609 3781 1661 sub
3837 1625 3929 1659 ve-

2235 1679 2486 1731 lamento
2525 1680 2786 1748 corporei
2818 1680 3002 1747 panis,
3052 1679 3426 1748 corporeique
3461 1679 3576 1731 vini
3632 1681 3927 1747 spirituale

2167 1781 2207 1832 Β
2235 1763 2432 1832 corpus
2463 1751 2682 1832 Christi
2727 1751 3144 1832 spiritualisque
3172 1752 3398 1832 sanguis
3428 1752 3654 1832 existit;
3691 1750 3828 1828 quia
3852 1749 3922 1832 l_i-

2234 1827 2321 1873 cet
2367 1835 2572 1890 corpus
2618 1821 2691 1873 sit
2720 1836 2942 1882 verum,
2973 1821 3114 1873 nulli
3151 1821 3361 1874 mentis
3408 1821 3740 1889 cogitationi
3788 1824 3922 1874 sub-

2226 1890 2466 1960 jectum,
2499 1897 2583 1944 est
2611 1896 2801 1943 tamen
2835 1891 3131 1960 spirituale
3162 1897 3219 1944 et
3248 1890 3584 1960 gloriosum.
3633 1891 3702 1944 ad
3742 1891 3929 1944 instar

2231 1978 2540 2030 corporum
2587 1968 2915 2014 nostrorum
2959 1977 3086 2014 cum
3145 1969 3276 2031 post
3326 1961 3806 2014 resurrectionem
3839 1978 3928 2015 re-

2230 2032 2476 2084 viXerint
2509 2049 2520 2086 :
2552 2049 2681 2102 quae
2712 2031 2944 2101 quidem
2984 2038 3151 2084 erunt
3181 2033 3380 2085 eadem
3411 2048 3542 2102 quae
3582 2037 3714 2085 sunt
3750 2032 3926 2086 hodie

2232 2103 2290 2156 in
2323 2103 2488 2156 terris
2518 2105 2660 2170 viva,
2698 2105 2826 2156 licet
2851 2104 2909 2156 in
2957 2104 3111 2156 coelis
3136 2109 3193 2156 et
3241 2103 3427 2172 gloria
3473 2103 3743 2167 rediviva,
3805 2109 3862 2155 et
3892 2119 3926 2156 a

2231 2174 2432 2242 seipsis
2493 2175 2832 2227 mortalibus
2885 2189 2990 2244 per
3037 2173 3415 2227 substantiam
3472 2174 3926 2227 immortalitatis

2233 2244 2634 2314 discrepantia.
2692 2245 2830 2308 Quae
2894 2244 3208 2297 continenti
3281 2260 3545 2297 sermone
3615 2244 3756 2297 dixit
3814 2245 3926 2298 Ra-

2230 2321 2513 2385 traninus,
2557 2316 2941 2367 sinceritatem
2976 2315 3108 2368 ﬁdei
3149 2316 3269 2384 ejus
3316 2321 3432 2368 tam
3455 2316 3753 2385 perspicue
3786 2331 3923 2368 con-

2231 2384 2463 2438 ﬁrmant
2494 2391 2555 2438 ut
2585 2386 2743 2438 nulla
2781 2401 2869 2438 res
2907 2385 3198 2438 inﬁrmare
3255 2387 3434 2455 possit
3457 2384 3479 2439 7:
3516 2404 3542 2436 ι(
3592 2386 3716 2438 Νοη
3768 2386 3925 2455 quod

2231 2457 2476 2510 duarum
2511 2457 2626 2508 sint
2665 2457 2979 2509 existentiae
3015 2471 3208 2509 rerum
3252 2461 3402 2509 inter
3433 2473 3491 2509 se
3539 2456 3920 2520 diversarum,

2231 2527 2488 2596 corporis
2519 2526 2783 2579 videlicet
2813 2533 2867 2580 et
2905 2526 3160 2597 spiritus,
3205 2543 3404 2580 verum
3434 2543 3550 2580 una
3599 2530 3921 2597 eademque

2234 2614 2359 2663 res;
2394 2598 2708 2651 secundum
2744 2597 2899 2651 aliud
2947 2598 3162 2666 species
3198 2598 3364 2666 panis
3394 2603 3449 2651 et
3484 2598 3603 2650 vini
3643 2598 3925 2660 consistit,

2235 2669 2547 2720 secundum
2607 2668 2760 2722 aliud
2797 2673 2988 2722 autem
3038 2685 3242 2738 corpus
3272 2675 3330 2722 et
3361 2668 3593 2737 sanguis
3641 2669 3873 2722 Christi.
3897 2691 3923 2715 ››

2236 2739 2385 2809 Nihil
2420 2739 2554 2792 ﬁdei
2585 2739 2877 2792 catholicae
2930 2740 3364 2792 convenientius
3395 2739 3508 2793 dici
3566 2745 3765 2809 potest.
3820 2756 3929 2792 nec

2233 2808 2619 2863 internoscere
2657 2827 2886 2880 possum
2919 2811 3197 2863 rationem
3241 2810 3378 2880 quia
3431 2808 3747 2863 commotus
3804 2811 3929 2862 dis-

2233 2888 2480 2932 sertator
2505 2897 2571 2933 ex
2613 2882 2701 2933 his
2751 2880 2937 2933 verbis
2969 2881 3252 2951 intelligat
3280 2880 3610 2949 signiﬁcari,
3653 2885 3710 2934 in
3758 2883 3934 2934 altari

2232 2951 2595 3004 substantiam
2639 2954 2802 3020 panis
2861 2951 3156 3016 duntaxat,
3213 2953 3367 3018 cujus
3414 2952 3694 3005 admonitu
3732 2967 3930 3018 corpus

2233 3021 2440 3076 Christi
2482 3023 2625 3091 quod
2656 3022 2898 3074 creditur
2927 3025 3135 3075 animos
3164 3023 3494 3075 credentium
3529 3029 3579 3075 et
3605 3024 3885 3089 viviﬁcare
3911 3039 3924 3075 :

2232 3098 2374 3145 eteo
2407 3093 2562 3162 quod
2593 3091 2928 3162 concipitur,
2971 3108 3177 3161 corpus
3209 3092 3428 3146 Christi
3459 3093 3750 3162 spirituale
3782 3109 3932 3146 nun-

2237 3179 2462 3233 cupari;
2496 3180 2625 3216 nam
2659 3181 2689 3216 e
2719 3168 2914 3215 contra
2945 3179 3073 3216 cum
3112 3163 3488 3216 mutationem
3521 3164 3677 3232 panis
3723 3168 3779 3216 et
3808 3163 3927 3215 vini

2235 3234 2292 3286 in
2325 3251 2530 3302 corpus
2579 3241 2636 3287 et
2693 3234 3032 3303 sanguinem
3091 3233 3297 3287 Christi
3352 3239 3736 3302 recognoscat,
3796 3250 3926 3302 spe-

2235 3305 2465 3374 ciesque
2496 3322 2798 3374 corporeas
2854 3321 2917 3357 ac
2955 3306 3215 3357 sensibus
3262 3321 3379 3357 non
3425 3304 3634 3357 habere
3677 3304 3927 3357 existen-

2233 3375 2370 3427 tiam
2401 3376 2678 3428 diversam
2712 3393 2745 3426 a
2776 3391 3011 3444 corpore
3067 3374 3274 3427 Christi
3305 3375 3591 3444 spirituali
3648 3391 3750 3428 seu
3796 3375 3926 3443 glo-

2233 3445 2400 3510 rioso,
2451 3452 2888 3498 consectaneum
2966 3445 3334 3498 manifestum
3393 3452 3477 3498 est
3548 3446 3927 3499 Ratramnum

2234 3530 2350 3566 non
2382 3516 2629 3586 potuisse
2659 3515 2976 3583 intelligere
3000 3537 3027 3564 ‹‹
3063 3518 3219 3585 quod
3252 3517 3313 3568 in
3341 3517 3450 3570 hoc
3493 3517 3760 3586 mysterio
3789 3518 3928 3569 sub-

2232 3585 2441 3638 stantia
2473 3586 2561 3657 sit,
2595 3586 2874 3657 duntaxat
2922 3587 3107 3656 panis,
3160 3588 3323 3656 cujus
3370 3587 3668 3640 admonitu
3721 3603 3932 3657 corpus

2231 3657 2386 3724 quod
2438 3656 2712 3722 creditur,
2765 3656 3019 3710 animam
3070 3659 3253 3724 pascit
3311 3673 3374 3710 ac
3417 3657 3680 3724 viviticat,
3715 3665 3771 3711 et
3827 3656 3925 3712 eo

2230 3728 2380 3797 quod
2415 3727 2737 3793 concipitur
2765 3743 2970 3796 corpus
2999 3728 3295 3798 spirituale
3329 3735 3714 3798 nuncupatur.
3749 3751 3775 3775 »

2304 3798 2493 3854 LVIII.
2531 3800 2689 3869 (Pag.
2735 3801 2837 3851 276
2869 3799 3005 3851 edit.
3057 3799 3369 3853 Amstelod.
3419 3808 3475 3852 et
3509 3803 3597 3853 191
3655 3799 3792 3852 edit.
3827 3801 3934 3852 Pa-

2227 3867 2354 3936 ris.)
2382 3872 2468 3922 Eac
2506 3885 2610 3937 quo
2644 3867 3047 3924 “consectarium
3097 3885 3302 3923 necesse
3355 3873 3433 3923 est
3462 3885 3572 3924 esse
3601 3870 3746 3939 quod
3781 3873 3932 3923 ultro

2227 3944 2277 3992 et
2307 3945 2492 4007 aperte
2531 3943 2614 3993 ait
2647 3957 2792 3994 num.
2843 3941 2931 4004 4-0,
2970 3942 3310 3993 [)ominicum
3358 3956 3551 4010 corpus
3597 3947 3647 3994 et
3695 3944 3927 4008 sangui-

2225 4025 2343 4062 nem
2381 4011 2719 4064 Dominicum
2758 4012 3000 4076 symbola
3029 4013 3318 4079 appellari,
3370 4015 3626 4078 quoniam
3671 4013 3787 4079 ejus
3832 4027 3930 4065 su—

2227 4087 2378 4134 munt
2433 4082 2870 4150 appellationem,
2925 4083 3018 4134 hoc
3062 4087 3140 4135 est
3175 4084 3292 4135 veri
3329 4085 3568 4151 corporis
3607 4087 3656 4135 et
3703 4084 3932 4149 sangui-

2225 4154 2331 4216 nis,
2368 4155 2425 4204 in
2456 4168 2558 4220 quo
2593 4152 2844 4207 Christus
2888 4158 2966 4206 est
3001 4159 3184 4216 natus,
3219 4153 3374 4221 cujus
3431 4156 3679 4207 emistunt
3729 4167 3925 4206 sacra-

2223 4229 2478 4288 mentum,
2507 4224 2662 4292 cujus
2690 4225 3001 4277 memoriam
3032 4228 3081 4276 et
3112 4224 3271 4292 ﬁdem
3302 4225 3562 4278 excitant.

2911 4363 3222 4401 RESPONSIO.

2293 4451 2565 4520 Symbola
2594 4467 2709 4504 non
2749 4453 2986 4506 omnino
3026 4458 3434 4522 nuncupantur
3462 4469 3667 4522 corpus
3709 4452 3922 4506 Christi

2224 4538 2290 4575 eo
2314 4523 2468 4591 quod
2501 4522 2558 4574 in
2619 4524 2954 4575 memoriam
3012 4529 3277 4577 revocent
3323 4523 3476 4577 istud
3531 4539 3757 4593 corpus,
3821 4533 3926 4578 aut

2226 4593 2349 4671 ejus
2371 4593 2543 4646 ﬁdem
2577 4593 2842 4659 excitant,
2892 4594 2987 4673 sed
3018 4594 3154 4664 quia
3210 4601 3566 4675 sacramenta
3613 4601 3670 4647 et
3700 4601 3925 4680 mjste-

2226 4665 2310 4716 ria
2343 4679 2533 4717 rerum
2568 4678 2711 4732 quas
2755 4664 3054 4717 continent
3101 4666 3335 4718 nomina
3371 4666 3699 4718 sortiantur.
3745 4664 3821 4718 Ea
3850 4665 3925 4718 de

2226 4749 2395 4786 causa
2452 4741 2618 4787 vocat
2682 4734 3093 4787 Eucharistiam
3166 4735 3367 4788 beatus
3417 4735 3660 4804 Algerus
3726 4750 3925 4804 corpus

2224 4807 2655 4875 nuncupativum
2709 4807 2835 4858 Jesu
2906 4807 3130 4870 Christi,
3202 4807 3477 4875 quoniam
3541 4824 3606 4859 ea
3659 4805 3922 4874 ejusdem

2227 4874 2412 4943 ﬁgura
2442 4881 2573 4928 sunt
2606 4890 2668 4928 ac
2699 4875 2986 4947 velamen.
3015 4874 3316 4929 Enimvero
3369 4877 3652 4947 ejusmodi
3701 4877 3928 4947 species

2227 4963 2292 4998 ac
2330 4947 2530 5015 ﬁgurm
2583 4946 2652 4999 ad
2716 4945 3154 4998 similitudinem
3185 4945 3440 5016 corporis
3493 4948 3701 5003 Christi
3733 4945 3928 5000 facce-

2228 5017 2390 5081 dunt,
2427 5017 2666 5085 ejusque
2706 5016 3018 5088 imaginem
3053 5018 3451 5087 praeseferunt,
3481 5035 3593 5071 non
3627 5019 3762 5088 quia
3795 5021 3929 5088 ejus

2228 5087 2570 5160 memoriam
2603 5091 2888 5160 revocant,
2923 5087 3019 5140 sed
3047 5088 3185 5160 quia
3215 5104 3422 5160 corpus
3456 5087 3738 5150 nutriunt,
3801 5087 3926 5143 non

2228 5174 2388 5230 secus
2418 5173 2482 5230 ac
2513 5157 2761 5230 verbum
2791 5158 2913 5224 Dei,
2961 5157 3115 5230 quod
3160 5165 3243 5212 est
3277 5157 3444 5230 panis
3490 5160 3648 5212 vivus
3687 5161 3926 5214 descen-

2228 5229 2368 5282 dens
2397 5228 2467 5282 de
2488 5228 2649 5294 ccelo,
2678 5228 2767 5281 sui
2823 5228 3294 5299 participatione
3319 5229 3515 5284 ﬁdeles
3563 5230 3782 5284 animas
3813 5247 3925 5283 nu-

2227 5301 2324 5352 trit
2371 5305 2431 5352 et
2488 5304 2724 5353 recreat.
2777 5321 2806 5348 «
2851 5299 2991 5360 Ouia
3050 5301 3196 5357 sicut
3242 5302 3415 5370 hujus
3462 5301 3702 5355 visibilis
3752 5303 3928 5370 panis

2229 5370 2461 5438 vinique
2491 5369 2807 5423 substantia
2836 5372 3176 5426 exteriorem
3219 5369 3401 5426 nutrit
3452 5377 3507 5426 et
3542 5369 3790 5426 inebriat
3822 5372 3926 5425 ho-

2229 5440 2465 5513 minem,
2499 5441 2579 5494 ita
2614 5440 2859 5513 verbum
2893 5441 3014 5507 Dei,
3056 5444 3209 5512 quod
3242 5449 3325 5496 est
3358 5442 3522 5513 panis
3566 5443 3746 5509 vivus,
3777 5459 3928 5513 par—

2227 5511 2555 5578 ticipatione
2587 5510 2672 5564 sui
2710 5511 2905 5564 ﬁdeles
2938 5510 3157 5567 recreat
3187 5510 3425 5567 mentes.
3461 5533 3487 5562 ι)

2302 5581 2605 5651 LlX.(Pag.
2665 5584 2769 5636 296
2817 5586 3021 5649 Amst.,
3073 5601 3202 5653 pag.
3263 5586 3380 5638 192.
3434 5583 3634 5651 Paris.)
3676 5585 3795 5638 Non
3844 5590 3928 5638 est

2229 5655 2405 5706 autem
2464 5653 2902 5721 pratereundum
2951 5652 3095 5722 quod
3150 5652 3356 5721 insigni
3403 5655 3641 5708 audacia
3694 5652 3928 5709 Patrum

2231 5725 2553 5786 testimonia,
2611 5725 2806 5791 quibus
2867 5726 3112 5778 abutitur
3157 5726 3750 5781 Pseudo-Ratramnus.
3808 5741 3930 5778 cor-

2228 5797 2461 5864 ruperit,
2485 5794 2766 5850 Ambrosii
2803 5799 3107 5865 praesertim
3136 5801 3186 5851 et
3213 5797 3533 5863 Augustini.
3575 5799 3650 5851 De
3677 5797 3930 5851 Ambro-
