4148 6180
217 289 310 339 2‘2l
946 281 1400 338 DISSERTATIO
1438 283 1504 336 IN
1543 282 1673 336 LIB.
1714 281 1802 336 DE
1843 279 2163 336 CORPORE
2205 278 2291 334 ET
2330 278 2679 335 SANGUINE
2720 277 2980 333 DOSIINI.

3618 282 3719 334 222

215 420 299 472 sio
338 421 480 470 certe
498 418 620 484 jam
660 416 987 484 praemonuit
1033 415 1260 468 antistes
1289 413 1694 484 illustrissimus
1731 414 1916 466 Petrus
1955 413 1996 466 A
2029 409 2164 463 anni
2210 410 2370 484 t686,
2423 409 2492 484 ad
2537 425 2713 484 quam
2743 409 3098 463 curationem
3147 426 3264 464 non
3297 411 3480 484 levem
3519 411 3715 484 habui,

217 489 284 542 de
343 483 552 542 Marco.
625 483 681 539 in
749 502 806 538 eo
856 486 1156 539 testimonio
1209 483 1354 552 quod
1410 485 1672 551 impostor
1725 485 1918 536 recitat

216 575 368 612 nam.
405 561 494 623 59,
547 559 655 610 haec
697 557 859 611 verba
900 556 1074 618 fuisse
1111 561 1412 624 expuncta:
1451 556 1564 608 [loc
1595 554 1746 625 quod
1781 570 1916 606 cou-

217 631 452 684 tieimus
485 645 690 699 corpus
720 643 788 682 ex
821 627 1050 696 Virgine
1081 632 1184 680 est.

921 731 1232 768 RESPONSIO.

293 807 420 859 Non
454 803 656 858 infecit
686 820 790 857 nec
815 804 1072 873 corrupit
1097 804 1152 856 S.
1184 802 1551 856 Ambrosium
1576 802 1920 856 Ratramnus

221 893 355 930 cum
387 892 522 929 eum
553 877 745 928 locum
781 891 845 928 ex
897 874 1062 927 libro.
1111 875 1184 926 De
1236 874 1302 926 iis
1332 874 1429 944 qui
1484 873 1770 942 mysteriis
1810 873 1923 926 ini-

221 949 464 1011 tiantur,
501 962 624 1015 cap.
668 950 721 1010 9,
755 945 813 998 in
848 945 1104 998 medium
1130 944 1388 1009 adducit;
1425 960 1609 1014 neque
1648 944 1917 997 illustris-

222 1021 403 1072 simus
431 1033 496 1070 ac
543 1017 906 1070 doctissimus
941 1017 1138 1069 Petrus
1163 1016 1231 1068 de
1265 1016 1444 1069 Marca
1492 1031 1558 1068 eo
1610 1015 1923 1082 corruptio-

223 1091 312 1144 nis
343 1087 584 1142 crimine
618 1103 872 1156 unquam
917 1088 1216 1139 accusavit.
1255 1087 1370 1140 tloc
1409 1085 1733 1150 intelligere
1756 1085 1921 1138 facile

225 1166 309 1214 est
368 1176 438 1213 ex
479 1158 602 1226 ejus
660 1158 904 1226 epistola
963 1158 1032 1209 ad
1085 1157 1358 1210 domuum
1423 1157 1628 1209 Lucam
1686 1157 1920 1210 d'Ache-

225 1232 400 1295 rium,
457 1231 638 1282 relata
690 1237 846 1282 tomo
903 1229 942 1278 V
985 1227 1296 1298 Spicilegii.
1359 1227 1467 1280 Sed
1511 1227 1773 1280 observat
1803 1233 1924 1280 tan-

225 1301 528 1354 tummodo
579 1301 725 1353 bene
786 1317 849 1352 ac
896 1300 1184 1368 sapienter
1243 1298 1493 1368 potuisse
1547 1299 1923 1352 Ratramnum

227 1373 346 1426 haec
376 1372 552 1424 verba
594 1369 850 1440 ejusdem
901 1370 1101 1438 capitis
1149 1369 1204 1422 S.
1247 1368 1571 1422 Ambrosii:
1623 1370 1746 1440 Hoc,
1780 1368 1925 1440 quod

230 1445 541 1510 conﬁcimus
598 1456 791 1509 corpus
840 1456 906 1493 em
964 1443 1188 1508 Virgine
1234 1445 1332 1505 est,
1382 1455 1508 1508 quae
1561 1439 1823 1508 superius
1863 1439 1923 1492 in

233 1515 435 1568 eodem
503 1512 687 1582 capite
733 1516 1056 1574 occurrunt,
1095 1510 1462 1582 interpositis
1508 1512 1925 1582 quinquaginta

232 1585 420 1638 lineis.
491 1581 698 1636 Eadem
755 1583 927 1635 verba
978 1581 1228 1650 proferre
1278 1586 1518 1651 poterat.
1575 1581 1921 1640 Paschasius.

235 1672 338 1708 nec
369 1661 563 1707 tamen
601 1659 904 1724 propterea
935 1652 1218 1706 Ambrosii
1248 1657 1548 1724 corruptor
1576 1652 1788 1705 audiet.
1821 1651 1925 1704 Sed

234 1727 279 1779 si
309 1727 463 1779 bona
495 1722 618 1778 fide“
639 1722 898 1794 agamus,
929 1740 1000 1777 an
1034 1728 1223 1792 potest
1238 1723 1372 1794 jure
1413 1722 1615 1775 merito
1651 1724 1930 1794 deprava-

233 1797 408 1849 tionis
459 1802 514 1848 et
563 1793 950 1866 corruptionis
1001 1793 1250 1847 accusari
1289 1793 1930 1866 scriptorecclesiastif

234 1885 352 1934 cus,
384 1874 443 1919 et
490 1863 1130 1934 crimine'expunctoris
1178 1873 1231 1918 et
1283 1864 1610 1934 impostoris
1655 1863 1930 1933 postulari

234 1945 472 2008 propter
517 1937 732 1990 omissa
761 1937 1027 2008 quaedam
1057 1935 1232 1988 verba
1263 1951 1303 2008 _a
1333 1935 1926 2008 loco_citato_interca-_

233 2005 442 2080 pedine
475 2005 902 2080 quinquaginta
932 2007 1211 2080 linearum
1246 2005 1561 2080 dis_t_antia?_
1607 2005 1787 2080 Absit.
1809 2005 1930 2080 Sed

233 2075 279 2132 5i
338 2075 710 2149 percuntar'er
747 2075 837 2131 iab
878 2078 1144 2130 omnibus
1201 2077 1283 2130 rei
1328 2076 1619 2149 litterariae
1669 2075 1931 2129 Patribus

233 2147 572 2218 conscriptis
635 2149 770 2220 quid
835 2149 909 2220 sit
969 2153 1183 2201 textum
1233 2147 1480 2200 auctoris
1539 2163 1927 2216 corrumpere,

233 2221 600 2275 concorditer
643 2219 1057 2288 responderent
1101 2234 1222 2271 esse
1271 2234 1466 2270 vocem
1518 2233 1583 2270 ex
1627 2225 1784 2270 textu
1828 2233 1930 2270 ex-

234 2308 516 2362 pungere,
564 2297 618 2344 et
650 2292 772 2360 ejus
821 2307 928 2359 ope
965 2305 1196 2362 sensum
1227 2288 1557 2362 hatereticum
1597 2304 1701 2358 pro
1732 2288 1932 2362 catho-

238 2359 340 2417 lico
363 2359 779 2415 'inducere’et
835 2360 1053 2413 auctori
1110 2360 1412 2413 ascribere.
1481 2359 1766 2428 EjUsmodi
1819 2359 1928 2412 cri-

237 2434 409 2486 minis
463 2433 724 2502 exempla
756 2431 1064 2501 perspiciet
1095 2431 1266 2502 lector
1312 2429 1664 2502 amplissima
1700 2430 1754 2481 in
1798 2431 1926 2502 Cot-

236 2504 433 2573 loquio
463 2501 659 2556 critico
689 2503 757 2556 de
809 2501 1144 2573 spbalmatis
1189 2501 1442 2573 virorum
1471 2501 1528 2552 in
1564 2501 1931 2573 relitteraria

237 2571 570 2638 illustrium,
623 2575 680 2625 in
732 2572 1021 2642 opusculis
1074 2571 1319 2625 Marcelli
1367 2571 1648 2638 Ancyrani
1696 2588 1929 2642 compa-

236 2652 411 2698 ctum.
447 2646 558 2698 Sed
598 2641 827 2696 interim
886 2643 1303 2696 animadvertat
1333 2643 1716 2694 dissertatoris
1757 2641 1930 2694 auda-

235 2719 379 2770 ciam
413 2732 549 2784 pag.
584 2716 700 2777 184,
736 2718 791 2767 in
825 2731 938 2784 qua
969 2714 1275 2783 assumptis
1303 2712 1392 2765 his
1421 2712 1608 2784 verbis
1640 2712 1931 2766 Ratramni

235 2804 300 2863 ex
331 2783 582 2863 numero
610 2788 715 2838 56:
773 2808 793 2832 ι
836 2783 1098 2853 Intellige
1143 2783 1534 2863 quodponin
1575 2784 1783 2862 specie,
1832 2784 1928 2836 sed

235 2860 290 2911 in
331 2858 578 2910 veritate
617 2872 824 2924 corpus
883 2863 938 2909 et
980 2853 1212 2922 sanguis
1271 2853 1476 2908 Christi
1508 2853 1759 2907 existunt
1802 2870 1931 2924 qua:

232 2935 572 2993 cernuntur,
601 2947 628 2977 ››
670 2943 798 2996 quas
827 2942 1059 2980 sensum
1092 2925 1439 2979 catholicum
1473 2929 1529 2978 et
1553 2925 1798 2996 omnino
1832 2941 1932 2978 or—

231 3000 547 3053 thodoxum
592 2995 888 3068 praestant,
937 2997 1270 3068 dissertator
1315 2995 1590 3068 expunxit
1639 2995 1746 3068 hoc
1799 3011 1930 3049 ver-

231 3071 365 3124 bum
411 3066 730 3136 cernuutur,
778 3075 836 3122 et
879 3067 1104 3136 scripsit
1148 3067 1209 3120 in
1240 3072 1396 3119 textu
1447 3066 1764 3122 Ratramni.
1816 3083 1926 3119 cre-

231 3143 459 3205 duntur,
513 3146 577 3193 ut
614 3140 830 3193 dictum
871 3141 1251 3193 Ratramnum
1303 3137 1536 3190 hieresis
1584 3136 1931 3190 Calviniana:

231 3212 473 3266 crimine
532 3210 916 3275 convinceret,
968 3209 1046 3261 uti
1090 3208 1208 3277 jam
1259 3207 1687 3261 observavimus
1736 3207 1796 3259 in
1837 3223 1932 3259 re—

232 3283 546 3353 sponsione
611 3281 678 3334 ad
734 3279 1119 3349 objectionem
1171 3281 1277 3353 39,_
1307 3294 1491 3353 quam
1540 3277 1632 3330 hic
1671 3283 1931 3347 repetere

231 3349 598 3408 fustidiosum
633 3356 688 3405 et
717 3366 1203 3419 supervacaneum
1231 3349 1539 3402 videretur.

302 3425 403 3478 LX.
459 3424 628 3492 (Pag.
707 3418 806 3476 193
876 3421 1076 3485 Paris.,
1136 3425 1194 3474 et
1250 3423 1352 3473 296
1417 3418 1754 3492 Amstelod.)
1807 3421 1932 3492 dum

236 3499 290 3548 in
319 3490 636 3560 Augustiui
663 3494 840 3546 verbis
867 3493 1017 3546 haud
1046 3493 1211 3560 paulo
1241 3493 1424 3544 levior.
1465 3491 1603 3544 Nam
1631 3505 1748 3543 cum
1779 3490 1931 3542 duce-

232 3571 308 3620 rit
361 3571 590 3619 sanctus
645 3563 829 3617 doctor
881 3566 939 3616 in
986 3578 1225 3617 sermone
1268 3561 1342 3614 ad
1396 3563 1634 3626 infantes
1684 3563 1934 3628 superius

234 3638 435 3690 allato:
475 3635 806 3704 Mysterium
855 3638 1102 3687 vestrum
1155 3631 1432 3704 accipitis,
1484 3632 1673 3699 legisse
1718 3631 1935 3704 videtur

237 3701 839 3771 Pseudo-Itatramnus,
887 3721 1036 3759 num.
1085 3706 1170 3757 95.
1207 3703 1530 3772 Mysterium
1581 3701 1804 3756 Domini
1836 3717 1934 3753 ac-

239 3779 446 3848 cipitis.
508 3775 621 3846 (Sic
660 3776 816 3829 enim
848 3776 1061 3829 habent
1104 3774 1388 3848 editiones
1413 3772 1537 3841 ejus
1568 3773 1698 3826 libri
1730 3788 1932 3824 omnes

238 3865 269 3902 a
293 3845 522 3919 prima,
555 3863 702 3919 quae,
726 3863 877 3899 anno
915 3849 1048 3900 1522
1078 3845 1553 3919 prodiit,_preeter
1585 3850 1931 3919 postremam

240 3915 371 3973 anni
424 3915 608 3986 1686ξ)
663 3918 773 3970 Nec
824 3933 956 3970 vero
1015 3919 1129 3969 sine
1188 3916 1410 3969 consilio
1447 3915 1937 3986 huncWAugustini

241 3996 408 4044 locum
446 3994 523 4043 sic
574 3990 940 4056 interpolavit.
975 3989 1173 4054 Nempe
1202 3991 1260 4039 ut
1300 3988 1482 4039 statim
1523 3985 1794 4050 colligeret
1832 3999 1934 4052 pa-

240 4078 354 4113 nem
410 4064 777 4113 consecratum
837 4063 946 4111 tam
998 4072 1107 4111 esse
1151 4059 1464 4121 mysterium
1513 4058 1724 4109 nomine
1773 4070 1936 4123 quam

244 4138 316 4184 est
345 4132 665 4198 mysterium
707 4134 996 4198 nostrum,
1025 4129 1118 4181 hoc
1148 4132 1224 4181 est
1256 4132 1368 4180 tam
1414 4142 1524 4180 esse
1569 4125 1937 4198 tantummodo

245 4196 454 4266 signum
528 4202 769 4269 corporis
843 4197 1113 4254 Dominici
1185 4213 1349 4268 quam
1426 4203 1502 4252 est
1571 4196 1938 4251 tantummodo

248 4276 455 4339 signum
489 4271 759 4326 credentis
780 4271 988 4340 pepuli.

933 4373 1241 4412 RESPONSIO.

316 4449 395 4504 Ad
428 4451 550 4504 haec
577 4447 925 4520 respondere
956 4447 1120 4502 facile
1147 4451 1252 4512 est,
1299 4445 1613 4500 editionem
1642 4443 1935 4498 Ratramni

2030 481 2252 534 caeteris
2287 481 2718 534 anteferendam
2749 496 2893 541 esse,
2941 496 3067 534 cum
3111 482 3431 550 praesertim
3480 499 3544 536 ex
3576 483 3722 536 anti-

2029 569 2144 621 quo
2213 552 2404 605 codice
2465 551 2850 620 manuscripto
2919 551 3380 621 octingentorum
3439 570 3720 606 annorum

2031 622 2274 676 abbatiae
2320 622 2616 676 Lobieusis
2657 638 2923 692 expressa
2980 622 3073 684 sit,
3119 638 3247 674 cum
3305 638 3442 675 cura
3497 627 3553 676 et
3608 626 3720 678 lide

2030 693 2331 763 singulari.
2366 694 2652 747 Caeterum
2680 693 2726 745 si
2750 693 3210 760 interpolationis
3231 694 3580 746 contumelia
3609 711 3722 747 sor-

2029 765 2220 818 descat
2254 764 2595 818 Ratramnus
2626 769 2863 832 propter
2897 763 3014 816 haec
3055 763 3223 815 verba
3251 766 3569 834 mysterium
3623 768 3723 817 Do-

2029 837 2168 888 mini
2206 837 2478 902 accipitis,
2522 835 2642 886 Ioco
2676 835 2914 887 istorum
2966 836 3280 901 mysterium
3310 839 3545 887 vestrum
3575 837 3722 888 acci-

2029 908 2181 974 pitis,
2233 906 2429 960 eadem
2485 905 2770 958 notandus
2822 904 2928 957 erit
2967 905 3020 958 S.
3089 904 3372 971 Fulgentii
3404 921 3590 958 sermo
3623 903 3724 974 qui

2029 976 2278 1030 occurrit
2326 976 2386 1029 in
2428 977 2541 1030 fine
2581 976 2839 1046 epistolae
2890 975 2961 1028 ad
3021 975 3368 1029 Ferrandum
3419 974 3722 1028 diaconum

2030 1063 2162 1100 cum
2210 1047 2316 1100 hac
2367 1047 2630 1110 lectione,
2680 1049 2994 1112 mysterium
3046 1047 3256 1099 Domini
3291 1047 3562 1112 accipitis.
3611 1046 3724 1098 Hoc

2031 1117 2651 1204 perspectumuhabere
2685 1117 2866 1204 'facille
2915 1121 3022 1204 est“
3057 1132 3121 1204 ex
3180 1115 3433 1195 editione
3484 1131 3723 1204 operum

2031 1186 2092 1243 S.
2156 1188 2437 1254 Fulgentii
2485 1188 2632 1241 facta
2685 1188 2943 1258 Lugduni
2993 1186 3442 1258 Sebosianorum
3488 1191 3727 1258 curaet

2032 1259 2222 1313 studio
2268 1259 2450 1313 Patris
2491 1256 2791 1328 Theophili
2823 1258 3117 1317 Rainaudi,
3147 1257 3377 1311 Jesuitaa
3407 1272 3521 1328 non
3561 1256 3727 1308 indo-

2033 1330 2105 1383 cti
2166 1345 2271 1384 nec
2315 1329 2609 1384 imbecilli.
2645 1327 2751 1384 Sed
2806 1334 3096 1398 utcunque
3148 1345 3236 1381 res
3283 1329 3372 1391 sit,
3417 1327 3462 1380 si
3519 1331 3728 1396 praeter

2035 1401 2428 1454 auctoritatem
2495 1400 2856 1470 antiquitatis
2924 1397 3133 1452 codicis
3185 1397 3563 1468 manuscripti
3615 1398 3728 1450 Lo-

2037 1472 2248 1525 biensis
2283 1471 2492 1542 aliquis
2521 1469 2865 1542 conjecturae
2896 1471 3057 1523 locus
3088 1470 3237 1542 inter
3267 1470 3416 1521 viros
3447 1469 3729 1522 litteratos

2034 1559 2155 1596 esse
2184 1540 2395 1612 possit,
2411 1541 2673 1595 existimo
2705 1541 2897 1611 potius
2928 1540 3234 1609 legendum
3275 1543 3588 1605 mysterium
3613 1555 3729 1612 Ave—

2035 1609 2209 1666 stram
2258 1615 2510 1682 accipitis
2567 1609 2738 1682 quani
2780 1615 3094 1679 mysterium
3151 1613 3382 1674 Domini,
3431 1626 3560 1662 cum
3608 1609 3728 1680 ipse

1970 1706 2011 1760 Β
2041 1685 2388 1760 Batramnus
2457 1683 2612 1760 linea
2663 1683 2962 1760 superiori
3011 1682 3220 1736 dixerit
3275 1684 3593 1760 mysterium
3639 1697 3729 1734 ve-

2039 1760 2213 1808 strum
2250 1757 2310 1808 in
2354 1770 2537 1808 mensa
2568 1755 2790 1807 Domini
2818 1752 3055 1820 positum
3084 1757 3190 1816 est;
3225 1752 3483 1820 adeoque
3507 1753 3728 1819 justum

2039 1825 2222 1894 magis
2250 1825 2474 1879 videtur
2517 1830 2572 1878 et
2601 1841 2831 1894 aequum
2853 1824 2921 1877 de
2953 1825 3065 1877 tide
3101 1824 3396 1894 Hatramni
3429 1822 3615 1894 potius
3663 1837 3728 1874 ex

2039 1892 2278 1966 antiquo
2335 1892 2797 1964 octingentorum
2863 1910 3148 1948 annorum
3213 1893 3403 1966 codice
3474 1892 3730 1966 judicare

2039 1962 2215 2037 quam
2288 1982 2353 2019 ex
2414 1962 2858 2037 recentioribus
2894 1967 2963 2019 ab
3042 1964 3326 2037 haereticis
3384 1962 3727 2037 hominibus,

2039 2033 2240 2107 primis
2269 2037 2441 2105 hujus
2476 2037 2604 2090 libri
2637 2036 2972 2107 editoribus,
3001 2035 3309 2107 corruptis
3346 2037 3402 2086 et
3429 2033 3732 2107 interpola-

2039 2103 2129 2160 tis.
2186 2109 2262 2163 De
2320 2103 2541 2177 reliquo
2585 2106 2912 2174 conjectura
2957 2103 3336 2159 dissertatoris
3373 2104 3515 2177 adeo
3562 2103 3731 2156 fallax

2040 2184 2146 2243 est,
2177 2183 2240 2231 ut
2271 2194 2387 2230 non
2418 2174 2726 2231 obscurum
2758 2177 2830 2229 sit
2868 2177 3295 2230 dissertatorem
3329 2174 3506 2227 nimio
3533 2178 3731 2227 contra

2041 2249 2416 2303 Batramnum
2448 2248 2636 2302 studio
2667 2252 2964 2318 abreptum
2996 2246 3190 2300 fuisse.

2116 2321 2241 2374 LXI.
2302 2321 2457 2388 (Pag.
2513 2317 2929 2382 ibidem.)’Sic
2991 2332 3210 2372 rursum
3254 2331 3402 2368 num.
3464 2317 3552 2379 33,
3614 2327 3733 2366 cum

2042 2393 2385 2456 Augustinus
2441 2406 2475 2442 a
2527 2390 2681 2442 nobis
2741 2392 2941 2442 citatus
2997 2388 3225 2451 dia-erit,
3285 2388 3527 2439 suaviter
3571 2390 3733 2456 atque

2040 2455 2251 2514 utiliter
2288 2461 2682 2514 recondendum
2713 2463 2771 2512 in
2801 2462 3058 2512 memoria
3087 2460 3400 2525 mysterium
3440 2455 3729 2523 passionis,

2039 2535 2173 2598 ipse,
2203 2535 2486 2600 expunctis
2526 2529 2892 2598 detractisque
2937 2529 3154 2582 vocibus
3185 2528 3396 2581 duabus
3435 2525 3730 2600 prior-ibus,

2041 2597 2287 2656 ﬁdeliter
2353 2597 3106 2655 recondendum’ezhibuit.
3173 2600 3304 2664 Qua:
3361 2597 3731 2665 interpolatio,

2041 2675 2258 2727 tametsi
2301 2674 2436 2726 alibi
2479 2689 2576 2741 per
2617 2688 2671 2725 se
2715 2673 2846 2726 levis
2883 2673 3053 2738 possit
3081 2670 3276 2731 videri,
3317 2685 3374 2721 eo
3407 2674 3581 2720 tamen
3608 2681 3732 2741 con-

2041 2746 2164 2797 sitio
2190 2749 2266 2797 est
2296 2745 2363 2796 ab
2416 2739 2517 2797 isto
2563 2743 2816 2796 adhibita
2845 2748 2905 2796 ut
2935 2758 3002 2795 ea:
3046 2757 3102 2793 eo
3157 2743 3378 2807 colligat
3405 2739 3730 2810 mysteriaa

2040 2815 2289 2882 ﬁdelibus
2316 2816 2512 2883 peragi
2549 2829 2653 2868 sua
2679 2813 2805 2883 ﬁde,
2837 2828 2943 2867 non
2981 2812 3048 2866 ab
3079 2815 3198 2882 ipso
3240 2815 3341 2866 Deo
3389 2812 3448 2863 in
3462 2807 3734 2877 symbolis

2041 2887 2415 2954 sanctiﬁcatis.

2733 2988 3040 3026 RESPONSIO.

2114 3099 2232 3153 Hoc
2259 3097 2621 3166 probandum
2650 3095 2932 3149 incumbit
2953 3093 3329 3166 dissertatori,
3361 3094 3732 3166 Batramnum

2041 3185 2108 3221 eo
2155 3163 2393 3221 consilio
2445 3166 2818 3234 interpolasse
2875 3164 3292 3234 Augustinum:
3337 3164 3581 3234 sedatam
3615 3163 3734 3214 leve

2040 3244 2338 3308 peccatum
2370 3241 2454 3290 est
2493 3232 2790 3308 ejusmodi
2825 3233 3288 3308 interpoiationis
3328 3237 3397 3308 et
3435 3232 3622 3308 futile,
3672 3237 3736 3283 ut

2043 3302 2147 3379 pro
2189 3308 2370 3362 nihilo
2418 3302 2724 3362 habuerint
2765 3305 3100 3379 Galviniani,
3147 3319 3251 3379 nec
3450 3303 3736 3379 ullatenus

2041 3372 2391 3450 patrocinari
2439 3377 2908 3450 existimaverint.
2961 3375 3206 3450 Nan"._in
3244 3373 3596 3450 editioni-bus
3627 3372 3734 3450 Ra:

2042 3443 2255 3505 tramni
2313 3465 2559 3519 quarum
2631 3448 3005 3519 curationem,
3041 3445 3313 3510 habuere,
3386 3443 3738 3519 scripserunt

2041 3525 2282 3576 suaviter
2313 3513 2475 3589 atque
2526 3520 2739 3572 utiliter
2787 3535 2899 3572 non
2930 3518 3180 3589 ﬁdeliter,
3235 3515 3621 3589 ut__pot_issime
3657 3513 3738 3566 in-

2042 3593 2326 3662 telligitur
2355 3585 2418 3644 ex
2445 3591 2697 3662 editione
2727 3585 3122 3662 recentissima
3151 3585 3554 3662 hoxidinii‘acto
3586 3599 3736 3662 anno

2044 3655 2359 3733 ipso'l861,
2394 3667 2450 3716 et
2506 3677 2570 3733 ex
2605 3660 2851 3733 editione
2909 3658 3126 3713 domini
3161 3657 3313 3711 Petri
3359 3656 3504 3733 Allix
3536 3655 3738 3733 templi

2032 3725 2710 3810 .Charentoniiuministri,
2767 3747 2918 3783 anno
2975 3733 3130 3790 l67‘2,
3176 3734 3236 3808 et
3291 3726 3562 3810 omnibus
3593 3725 3737 3810 .alii‘s

2043 3796 2178 3859 cura
2207 3809 2263 3856 et
2293 3803 2484 3856 studio
2517 3801 2818 3855 hominum
2854 3800 3292 3868 protestantium
3333 3796 3637 3868 publicatis
3665 3796 3734 3848 ab

2044 3891 2196 3929 anno
2231 3876 2386 3927 1532.
2423 3875 2664 3942 Insuper
2703 3873 2749 3923 si
2781 3867 3061 3941 ejusmodi
3115 3870 3520 3942 conjecturam,
3555 3867 3736 3942 levem

2046 3945 2418 4016 quantumvis
2447 3949 2504 3997 et
2545 3937 3252 4016 thtilemfcontumaciter
3281 3939 3554 3992 tuendam
3602 3937 3739 3990 reci-

2046 4011 2179 4088 pere
2205 4015 2722 4088 velitdissertator,
2756 4012 2982 4088 appello
3015 4011 3342 4088 adsensum
3372 4024 3736 4088 communem

2045 4081 2298 4142 virorum
2333 4087 2649 4140 doctorum.
2690 4081 2845 4148 Quis,
2867 4084 3021 4136 enim
3053 4082 3158 4135 sibi
3201 4081 3545 4151 persuadeat
3575 4094 3738 4151 posse

2045 4161 2103 4213 in
2144 4158 2483 4212 memoriam
2531 4161 2784 4209 nostram
2832 4154 3088 4208 revocari
3128 4150 3357 4206 carnem
3392 4150 3598 4204 Christi
3636 4165 3738 4218 pro

2047 4232 2227 4284 salute
2283 4229 2583 4281 hominum
2639 4226 2792 4279 cruci
2853 4226 3078 4279 affixam
3139 4226 3382 4278 suaviter
3417 4227 3467 4276 et
3507 4222 3736 4274 utiliter.

2045 4302 2237 4355 Sinon
2266 4301 2518 4368 ﬁdeliter,
2553 4304 2608 4352 et
2639 4298 2930 4368 quomodo
2957 4297 3230 4368 ﬁdeliter?
3267 4295 3322 4348 Si
3354 4309 3468 4368 non
3496 4294 3742 4368 suaviter

2046 4378 2103 4425 et
2129 4363 2355 4432 utiliter,
2387 4370 2526 4440 quid
2551 4363 2686 4437 ergo
2717 4368 2825 4422 sibi
2846 4363 2968 4420 vult
2996 4367 3328 4440 dissertator
3355 4364 3464 4440 nisi
3491 4363 3738 4435 quadam

2048 4435 2441 4515 ἰδιοσυγκρισιᾷ
2470 4457 2536 4494 ex
2568 4435 2792 4510 pumice
2831 4453 3040 4508 aquam
3071 4435 3402 4490 extrahere?
