4130 6184
388 320 490 371 2‘23

1547 312 1901 367 RATRAMNI
1933 312 2398 368 CORBEIENSIS
2439 309 2745 364 MONACHI

1713 610 2581 712 RATBAMNI

1765 828 2169 872 CORBEIENSIS
2215 827 2501 873 MONACHI

582 1003 1377 1150 CONTRA
1477 1002 2627 1149 GRAECORUM
2734 1002 3697 1147 OPPOSITA

1367 1230 1776 1296 ROMANAM
1825 1231 2273 1297 ECCLESIAM
2323 1232 2902 1297 INFAMANTIUM

1656 1406 1967 1492 LIBRI
2043 1406 2614 1505 QUATUOB.

1405 1562 1593 1632 (Apud
1632 1560 1954 1625 Acherium,
1986 1560 2277 1634 Spicilegii
2310 1567 2465 1617 tomo
2496 1565 2542 1631 Ι,
2577 1580 2713 1634 pag.
2754 1567 2867 1631 63.)

1831 1839 2442 1914 MONITUM.

3118 2173 3129 2183 ο

461 2175 572 2228 Hos
605 2173 780 2227 libros
796 2172 1194 2242 episcoporum
1223 2171 1694 2239 hortatnjussuve
1717 2169 2078 2223 elucubrasse
2117 2174 2162 2225 A
2192 2169 2501 2225 Christiani
2543 2172 2817 2241 praesules
2858 2186 3085 2227 summo
3118 2173 3240 2225 'ure
3267 2188 3279 2225 :
3315 2174 3500 2242 deque
3533 2172 3661 2226 aliis
3695 2175 3891 2229 Eccle-

461 2250 768 2295 itramnum
795 2243 1141 2295 persuadere
1176 2242 1438 2295 videntur
1467 2241 1661 2294 isthaac
1707 2241 1837 2293 libri
1890 2240 2080 2295 auarti
2189 2241 2283 2295 site
2333 2242 2535 2295 ritibus
2595 2242 2713 2295 agit
2767 2244 3004 2295 omnino
3058 2189 3316 2295 feliciter.
3378 2243 3557 2295 Ouam
3611 2260 3782 2295 norro
3828 2245 3891 2295 in

385 2245 768 2298 Ratramnum
795 2240 1141 2312 persuadere
1176 2242 1438 2295 videntur
1467 2241 1661 2294 isti]th
1707 2241 1837 2293 libri
1890 2240 2080 2310 quarti

384 2316 556 2369 verba
589 2319 913 2385 postrema:
960 2334 981 2361 ι
1034 2314 1266 2385 Egimus
1315 2314 1469 2385 velut
1500 2312 1794 2385 potuimus
1842 2328 2082 2385 responf

385 2382 607 2439 dentes
626 2386 694 2438 ad
756 2401 822 2438 ea
871 2400 1001 2455 qua:
1060 2383 1501 2455 nobisscripta
1549 2382 1988 2455 misistis._Qua3
2036 2383 2083 2435 si

384 2456 724 2526 placuerint,
777 2452 906 2509 Deo'
929 2455 1143 2526 gratias
1171 2452 1423 2522 agimus;
1460 2454 1550 2506 sin
1607 2469 1739 2505 vero
1773 2453 2080 2526 displicue-

388 2524 526 2590 rint,
560 2531 763 2579 vestras
807 2524 1179 2579 correctionis
1227 2540 1527 2577 censuram
1580 2524 2006 2592 prmstolamur.
2054 2545 2074 2572 ι

386 2597 611 2650 Etenim
649 2612 907 2649 summus
959 2595 1217 2649 Ecclesia
1249 2595 1546 2648 hierarcha
1590 2596 1901 2648 Nicolausl
1953 2593 2080 2649 Gal-

385 2666 479 2720 liae
536 2666 832 2735 episcopos
886 2666 1087 2719 litteris
1143 2670 1575 2718 commonuerat
1622 2671 1683 2718 ut
1731 2666 2077 2731 Graecorum,

389 2738 663 2791 Romana
717 2736 865 2789 sedis
908 2736 1383 2799 adversariorum,
1419 2735 1655 2804 objectis
1696 2742 2078 2801 occurrerent,

388 2807 475 2861 uti
532 2811 729 2859 auctor
760 2812 845 2860 est
902 2806 1255 2860 Frodoardus
1294 2806 1355 2859 in
1404 2806 1545 2860 Hist.
1594 2807 1733 2861 Eccl.
1770 2807 2076 2861 Rbemens.

387 2877 484 2930 lib.
525 2894 605 2943 ιιι,
640 2894 769 2947 cap.
826 2880 927 2930 l7:
985 2899 1004 2923 «
1064 2877 1324 2930 Nicolaus
1358 2893 1503 2947 papa
1551 2878 1848 2947 epistolam
1892 2879 2077 2931 eidem

388 2948 730 3017 (Hincmaro)
780 2954 838 3001 et
886 2949 1105 3018 caeteris
1136 2947 1578 3017 archiepiscopis
1623 2953 1680 3001 et
1709 2948 1991 3018 episcopis
2020 2949 2080 3002 in

386 3034 565 3088 regno
604 3018 791 3072 Caroli
819 3017 1137 3071 constitutis
1169 3019 1504 3083 transmisit,
1539 3017 2078 3088 innotescensprae-

386 3088 528 3142 fatos
560 3090 883 3144 GNBCOI‘UU’I
912 3089 1324 3159 imperatores,
1373 3090 1468 3143 sed
1501 3100 1556 3142 et
1589 3090 1904 3143 Orientales
1939 3090 2077 3159 epis

385 3175 556 3228 copos
584 3158 922 3212 calumniari
954 3164 1204 3212 sanctam
1240 3160 1556 3214 Romanam
1600 3160 1928 3225 Ecclesiam,
1964 3158 2080 3214 imo

386 3246 618 3301 omnem
670 3230 975 3301 Ecclesiam
1018 3247 1146 3300 quae
1196 3231 1391 3284 Latina
1434 3231 1615 3284 utitur
1654 3231 1881 3300 lingua;
1927 3232 2077 3301 quod

377 3300 710 3369 jejunamus
739 3300 798 3353 in
839 3300 1130 3366 Sabbatis;
1183 3302 1335 3370 quod
1385 3301 1660 3371 Spiritum
1715 3308 1970 3354 sanctum
2014 3319 2077 3355 ex

383 3373 549 3425 Patre
585 3372 839 3440 Filioque
895 3372 1198 3440 procedere
1227 3372 1502 3435 dicimus;
1533 3372 1671 3439 quia
1720 3373 2080 3441 presbyteros

384 3442 688 3495 chrismate
750 3441 920 3495 linire
977 3442 1393 3510 baptizatorum
1455 3442 1643 3494 fronte
1708 3442 2073 3496 iuhibemus:

385 3512 641 3565 dicentes
679 3512 787 3580 ipsi
846 3512 1025 3565 Graeci
1054 3512 1208 3581 quod
1239 3512 1484 3565 chrisma
1534 3528 1595 3564 ex
1642 3528 1789 3580 aqua
1821 3513 2077 3565 ﬂuminis

388 3583 570 3637 Latini
596 3581 995 3653 conﬁciemus;
1028 3581 1509 3653 reprehendentes
1541 3599 1642 3635 nos
1672 3583 1897 3635 Latinos
1926 3583 2078 3653 quod

386 3659 514 3707 octo
547 3651 1004 3706 hebdomadibus
1033 3669 1065 3705 a
1111 3652 1257 3705 casei
1298 3656 1353 3705 et
1378 3668 1616 3706 ovorum
1647 3670 1748 3706 esu
1782 3651 2076 3707 more—suo

383 3740 498 3777 non
538 3739 853 3785 cessamus;
908 3722 1159 3776 dicentes
1190 3723 1359 3777 etiam
1392 3724 1545 3793 quod
1576 3725 1633 3777 in
1680 3726 1895 3778 Pascha
1922 3741 2077 3777 more

382 3795 717 3849 Judaeorum
759 3809 930 3863 super
978 3794 1155 3847 altare
1201 3795 1409 3863 pariter
1435 3811 1565 3848 cum
1615 3796 1909 3849 Dominico
1961 3811 2081 3849 cor-

383 3881 522 3935 pore
549 3880 763 3936 agnum
796 3865 1203 3919 benedicamus
1233 3871 1289 3918 et
1319 3866 1654 3932 otferamns;
1682 3872 2078 3921 succensentes

384 3936 556 4007 etiam
611 3936 776 3989 nobis
810 3936 945 4006 quia
1001 3936 1211 4007 clerici
1248 3937 1399 4007 apud
1450 3954 1553 3990 nos
1593 3937 1795 3991 barbas
1828 3954 1957 3990 suas
1993 3954 2081 3991 ra-

383 4006 558 4066 dunt;
607 4011 664 4060 et
711 4006 968 4061 dicentes
1016 4008 1154 4076 quia
1187 4006 1466 4060 diaConus
1497 4024 1608 4060 non
1658 4014 1917 4076 suscepto
1948 4024 2077 4077 pre-

386 4077 706 4147 sbyteratus
733 4077 921 4130 olﬁcio
945 4077 1095 4147 apud
1122 4094 1219 4129 nos
1246 4078 1545 4147 episcopus
1568 4078 1883 4145 ordinatur,
1910 4100 1937 4126 ››
1970 4083 2073 4131 etc.

389 4147 603 4200 Deinde
657 4147 873 4199 Nicolai
947 4148 1197 4215 epistolae
1263 4147 1433 4199 verba
1498 4147 1780 4201 subtexit:
1845 4167 1871 4198 (ι
1937 4150 2075 4214 Tua,

388 4217 727 4288 Hincmare,
773 4217 1051 4288 charitas»
1085 4232 1215 4268 cum
1266 4217 1418 4288 hanc
1473 4217 1777 4286 epistolam
1852 4219 2077 4288 legerit,

386 4301 517 4359 mox
551 4290 613 4337 ut
656 4286 829 4359 etiam
873 4286 940 4359 ad
982 4286 1122 4359 alios
1165 4286 1644 4359 archiepiscopus,
1678 4288 1778 4356 qui
1809 4288 1867 4342 in
1898 4286 2076 4359 regno

387 4356 494 4409 lilii
526 4355 703 4408 nostri
725 4356 909 4411 Caroli
939 4356 1177 4426 gloriosi
1208 4358 1357 4426 regis
1388 4355 1724 4423 consistunt,
1766 4355 2075 4426 deferatur,

386 4442 753 4550 summopere
784 4442 953 4496 agere
983 4428 1228 4493 studeat,
1249 4432 1314 4480 ut
1340 4432 1395 4480 et
1423 4429 1491 4482 de
1522 4429 1610 4482 his
1629 4430 1840 4501 singuli
1870 4431 1927 4485 in
1960 4432 2078 4485 suis

387 4496 611 4550 dioecesi
658 4513 723 4550 us
772 4497 1022 4550 nronriis
1071 4514 1182 4550 una
1222 4514 1351 4550 cum
1394 4500 1771 4550 sulfraxzaneis
1829 4502 1967 4550 suis-
2017 4502 2075 4550 in

387 4496 723 4551 dioecesibus
772 4497 1022 4567 propriis
1071 4514 1182 4550 una
1222 4514 1351 4551 cum
1394 4496 1771 4569 sulfraganeis
1829 4502 1967 4567 suis,
2017 4502 2077 4556 in

386 4569 778 4636 cujuscunque
812 4584 986 4637 regno
1043 4570 1157 4621 sint
1187 4570 1502 4633 constituti,
1536 4572 1941 4627 convenienter
1969 4578 2077 4626 tra-

387 4644 562 4711 ctare,
591 4644 647 4691 et
677 4639 843 4692 nobis
875 4656 1003 4711 quae
1045 4639 1363 4707 repererint
1392 4658 1700 4711 suggerere
1730 4649 1949 4709 curent,
1983 4660 2077 4697 eos

388 4708 625 4761 incitare
658 4725 771 4762 non
824 4710 1094 4779 negligat,
1127 4730 1152 4759 »
1212 4717 1312 4764 etc.
1373 4708 1723 4767 En’summa
1755 4708 2078 4769 schismatis

388 4779 448 4853 in
475 4779 708 4833 Oriente
738 4797 769 4831 a
800 4780 999 4853 Pho_t_io
1031 4782 1577 4853 pseudopatriarcha
1603 4785 2080 4853 Constantinopo-

389 4848 569 4903 litano
602 4855 656 4924 e_t_
698 4848 1269 4924 gregariisgéxcitati,
1300 4853 1514 4924 fotique
1548 4871 1582 4907 a
1610 4856 1932 4910 Graecorum
1964 4848 2077 4909 i'm-

389 4921 751 4991 peratoribus
776 4921 1041 4976 Michaele
1072 4930 1126 4975 et
1156 4924 1381 4977 Basilio.

462 4993 659 5061 Itaque
714 4994 1055 5066 Batramnus
1084 5001 1277 5047 noster
1307 4994 1359 5048 id
1407 4996 1660 5049 muneris
1710 4997 1817 5050 sibi
1848 4995 2079 5066 imposi-

389 5065 511 5116 tum
555 5067 836 5137 accurate,
871 5064 1247 5137 eleganteret
1295 5082 1526 5135 prorsus
1555 5067 1798 5131 erudite,
1833 5064 2081 5137 quatuor

388 5134 614 5205 peregit
654 5134 842 5205 libris.
906 5136 967 5187 In
1002 5134 1470 5205 prioribustotus
1515 5143 1599 5190 est
1627 5154 1756 5191 cum
1798 5134 1865 5191 in'
1909 5139 2080 5192 sacris

388 5203 715 5273 Scripturis,
744 5213 862 5257 tum
897 5205 953 5257 in
987 5203 1313 5278 Graecorum
1358 5207 1801 5278 Latinorumque
1835 5209 2077 5277 plaritis,

388 5289 502 5346 quo
525 5280 875 5346 novaturum
905 5276 1185 5345 propellat
1210 5275 1613 5346 blasphemios,
1647 5275 1979 5333 et'stabiliat
2011 5280 2079 5333 de

387 5342 604 5410 Spiritu
654 5352 846 5399 sancto
898 5342 1233 5399 catholicam
1264 5342 1582 5401 veritatem.
1605 5342 1829 5412 'Quarto
1857 5367 1990 5404 vero
2021 5350 2080 5404 in

389 5412 532 5491 libro
588 5414 656 5491 de
708 5416 866 5469 varia
921 5416 1408 5491 Quadragesimze
1436 5418 1851 5491 observatione,
1892 5422 2078 5491 deque

388 5485 545 5559 vario
579 5485 834 5559 ciborum
862 5503 1009 5559 usu;
1038 5488 1106 5541 de
1131 5488 1352 5559 jejunio
1379 5488 1610 5543 Sabbati
1639 5491 1791 5559 apud
1815 5485 2073 5547 Latinos:

387 5552 457 5629 de
489 5552 835 5629 clericorum
859 5558 1050 5629 barba:
1084 5552 1151 5611 et
1170 5552 1372 5626 capitis
1403 5564 1656 5625 tonsura,
1674 5552 1750 5615 'ac
1781 5563 2075 5629 caelibatu;

388 5623 458 5701 de
507 5624 970 5701 conﬁrmationis
1016 5623 1369 5701 sacramento
1413 5646 1446 5682 a
1474 5632 1592 5684 solo
1625 5623 1895 5701 episcopo
1936 5623 2080 5686 con-'-

385 5693 649 5772 ferendo;
693 5695 772 5772 de
826 5697 1067 5751 Romani
1119 5700 1401 5769 pontificis
1440 5701 1497 5754 in
1529 5693 1909 5772 patriarcham
1946 5708 2082 5759 Con-

381 5764 961 5835 atantinopolitanum
1019 5764 1189 5839 atque
1256 5772 1399 5825 adeo
1456 5764 1870 5827 in'universos
1925 5774 2080 5828 orbis

2189 2241 2283 2295 site
2333 2242 2535 2313 ritibus
2595 2242 2713 2311 agit
2767 2244 3004 2295 omnino
3058 2241 3316 2299 feliciter.
3378 2241 3557 2307 Quam
3611 2260 3782 2313 porro
3828 2245 3893 2298 in

2191 2328 2363 2365 sacrae
2395 2312 2705 2380 Scriptura:
2751 2320 2807 2366 et
2846 2314 2905 2367 in
2936 2314 3303 2383 antiquorum
3337 2315 3570 2368 Patrum
3604 2312 3664 2368 ac
3696 2315 3894 2368 conci-

2191 2383 2399 2436 liorum
2463 2384 2699 2437 lectione
2760 2388 3009 2437 versatus
3074 2384 3250 2437 fuerit
3300 2385 3669 2448 Ratramnus,
3719 2386 3892 2440 facile

2191 2454 2289 2523 qui
2322 2454 2496 2506 libros
2528 2454 2696 2508 hosce
2736 2463 2983 2524 quatuor
3025 2455 3356 2520 evolverint,
3404 2456 3888 2510 animadvertent.

2194 2525 2315 2597 Non
2348 2525 2501 2577 enim
2545 2525 2682 2597 sinit
2732 2525 3080 2594 praefationis
3110 2527 3378 2595 angustia
3409 2527 3701 2596 prolixiori
3742 2529 3893 2597 stylo

2190 2595 2384 2649 laudes
2416 2596 2556 2648 tanti
2592 2597 2692 2649 viri
2722 2612 3077 2666 percurrere,
3112 2596 3181 2649 de
3222 2613 3335 2667 quo
3369 2598 3644 2650 nonnulla
3674 2595 3887 2651 dunta-

2188 2672 2283 2719 xat
2328 2666 2683 2746 scriptorum
2744 2667 3074 2720 testimonia
3131 2666 3254 2720 hic’
3287 2668 3641 2737 subjicienda
3697 2668 3891 2722 existi-

2192 2752 2360 2789 mat-1.

2259 2808 2363 2861 Sed
2392 2813 2700 2877 antequam
2737 2808 2974 2860 ulterius
3008 2808 3361 2877 progrediar,
3397 2825 3510 2862 non
3543 2809 3642 2861 abs
3676 2825 3734 2861 re
3773 2808 3895 2861 fue-

2190 2879 2266 2931 rit
2294 2880 2560 2931 lectorem
2619 2894 2997 2948 praemonere,
3040 2879 3312 2932 Jacobum
3344 2878 3734 2945 Sirmondum,
3783 2878 3893 2931 im-

2189 2950 2417 3004 mortali
2452 2950 2727 3003 memoria
2766 2950 3028 3019 dignum,
3064 2948 3285 3003 edendo
3333 2950 3387 3003 S.
3423 2951 3708 3019 Fulgentii
3740 2965 3888 3018 cpu-

2189 3021 2342 3073 scula
2375 3020 2659 3089 qusedam,
2696 3021 2831 3073 dum
2882 3021 2939 3073 in
2971 3021 3120 3073 calce
3154 3021 3472 3090 fragmenta
3506 3037 3704 3074 eorum
3753 3037 3888 3088 qua-

2187 3091 2465 3144 hactenus
2517 3092 2755 3158 latuere,
2816 3096 3149 3158 recenseret,
3206 3092 3331 3143 illos
3385 3092 3540 3160 ipsos
3588 3092 3890 3145 Ratramni

2192 3161 2365 3215 libros
2420 3162 2729 3215 Hincmaro
2793 3162 3102 3216 Rhemensi
3172 3162 3497 3230 ascripsisse
3564 3162 3890 3231 fragmento

2190 3233 2415 3296 ultimo,
2448 3234 2507 3285 in
2547 3233 2699 3286 hunc
2741 3234 3015 3286 modum:
3071 3234 3150 3285 Ea:
3188 3234 3325 3286 libro
3373 3250 3429 3285 ιιι
3474 3234 3754 3286 Hincmari
3784 3248 3887 3285 ar-

2188 3305 2517 3372 chiepiscopi
2564 3306 2872 3357 Rhemensis
2901 3304 3160 3356 adversus
3205 3304 3412 3371 objecta
3444 3305 3774 3366 Graecorum,
3812 3303 3889 3354 ad

2190 3374 2423 3428 Odonem
2480 3376 2929 3443 Bellovacmsem;
2980 3373 3185 3427 deinde
3246 3374 3531 3442 ipsissima
3588 3374 3888 3428 Ratramni

2189 3445 2362 3495 verba
2412 3444 2686 3511 subjecit:
2740 3446 3050 3509 Fulgentius
3101 3447 3378 3513 episcopus
3429 3446 3735 3499 litterarum
3773 3450 3889 3497 stu-

2188 3514 2298 3567 diis
2343 3514 2633 3566 admodum
2668 3516 2933 3580 eruditus,
2967 3521 3098 3579 etc.,
3150 3532 3279 3584 quae
3319 3516 3464 3568 infra
3498 3516 3596 3568 lib.
3631 3531 3708 3579 ιιι,
3741 3533 3788 3567 r.
3827 3519 3883 3576 5,

2186 3584 2421 3637 videbis.
2464 3585 2701 3637 Demum
2749 3585 2904 3639 idem
2955 3586 3078 3639 loca
3129 3587 3244 3640 duo
3289 3587 3571 3640 Fulgentii
3605 3585 3820 3638 inedita
3851 3603 3888 3638 a

2187 3654 2497 3708 Ratramno
2532 3656 2668 3708 locis
2706 3656 2891 3709 citatis
2921 3657 3091 3710 allata
3127 3657 3361 3725 profert.
3397 3654 3542 3720 Quid
3578 3656 3884 3711 Sirmondo

2186 3726 2535 3794 persuaserit
2566 3727 2788 3795 prolem
2821 3729 2965 3780 hanc
2990 3733 3259 3782 extraneo
3285 3728 3509 3796 parenti
3531 3742 3883 3796 supponere,

2187 3796 2327 3849 mihi
2376 3813 2609 3866 prorsus
2667 3798 3111 3867 incompertum,
3167 3814 3295 3851 cum
3357 3798 3615 3865 alioquin
3659 3797 3887 3851 caeteris

2186 3868 2474 3921 Hincmari
2507 3869 2795 3937 operibus,
2832 3884 2934 3939 per
2964 3868 3541 3939 duodequadraginta
3580 3884 3756 3938 prope
3789 3884 3887 3919 an-

2184 3955 2288 4010 nos
2313 3954 2346 3991 a
2376 3955 2433 4010 se
2468 3955 2694 3993 summo
2726 3938 2913 3993 studio
2944 3938 3281 4010 summaque
3314 3939 3612 4009 diligentia
3637 3938 3882 4007 conqui-

2185 4009 2326 4069 sitis,
2370 4009 2509 4063 illud
2561 4026 2673 4063 non
2724 4010 2978 4079 ignobile
3024 4026 3167 4079 Opus
3195 4009 3511 4063 iaccensere
3560 4009 3876 4064 debuisset.

2187 4080 2349 4134 Nunc
2377 4080 2699 4134 testimonia
2732 4081 2789 4133 in
2822 4081 3075 4134 medium
3104 4082 3429 4135 aiferamus.

2256 4150 2569 4204 SiciaEnrus
2637 4152 2706 4205 de
2776 4151 3162 4221 Scriptoribus
3245 4149 3877 4221 Ecclesiasticis,ricap.

2186 4223 2346 4293 95η(
2392 4223 2715 4275 Bertramus
2773 4220 2915 4288 (sive
2970 4223 3332 4293 Ratramnus)
3385 4222 3613 4290 scripsit
3662 4220 3881 4293 librum

2186 4291 2256 4344 de
2295 4292 2547 4360 Corpore
2594 4298 2649 4345 et
2687 4292 2975 4362 Sanguine
3008 4294 3257 4356 Domini,
3301 4291 3356 4346 et
3403 4293 3471 4346 ad
3502 4293 3771 4347 Carolum
3815 4291 3881 4345 li-

2185 4362 2353 4416 brum
2380 4363 2449 4415 de
2477 4363 3004 4417 Preedestinatione.
3046 4385 3068 4410 ι

2254 4434 2497 4486 Joannes
2533 4435 2891 4499 Tai'rnauws,
2925 4435 3099 4489 abbas
3130 4433 3201 4488 de
3256 4433 3399 4487 Viris
3449 4433 3768 4488 illustribus
3799 4448 3885 4484 or-

2186 4503 2334 4557 dinis
2387 4506 2441 4559 S.
2499 4505 2806 4567 Benedicti,
2862 4506 2962 4558 lib.
3024 4522 3082 4569 ιι,
3138 4521 3260 4574 cap.
3321 4506 3417 4558 48:
3480 4526 3499 4552 ‹
3558 4506 3886 4558 Bertramus

2186 4576 2516 4639 monachus,
2548 4576 2607 4628 in
2639 4575 2846 4628 divinis
2872 4575 3181 4645 Scripturis
3203 4576 3490 4629 studiosus
3511 4578 3566 4628 et
3597 4574 3882 4638 eruditus,

2185 4651 2354 4714 atque
2410 4645 2468 4698 in
2530 4647 2894 4700 saecularibus
2958 4646 3162 4700 litteris
3213 4646 3485 4699 nobiliter
3544 4646 3884 4711 instructus,

2188 4716 2414 4787 scripsit
2442 4733 2558 4770 non
2592 4717 3074 4786 parvipendendse
3129 4717 3390 4770 lectionis
3438 4717 3731 4787 opuscula,
3760 4715 3888 4787 qui-

2118 4765 2158 4820 Ο
2188 4765 2316 4840 busl
2345 4803 2510 4839 suum
2552 4765 2851 4855 m‘agnit'ice
2902 4788 3232 4841 exercitavit
3263 4765 3582 4855 ingenium,
3612 4804 3642 4839 e
3673 4765 3887 4854 qiiibus

2189 4874 2295 4925 ego
2324 4864 2546 4909 tantum
2603 4859 2787 4926 reperi
2849 4859 2917 4912 de
2959 4862 3207 4928 Corpore
3244 4864 3299 4911 et
3331 4859 3621 4928 Sanguine
3654 4856 3884 4928 Domini

2189 4927 2288 4980 lib.
2322 4944 2356 4991 ι,
2391 4928 2458 4981 ad
2508 4928 2771 4983 Carolum
2812 4930 2881 4983 de
2923 4927 3426 4983 Prtedestinatione
3457 4927 3553 4982 lib.
3590 4946 3623 4981 l.
3671 4927 3891 4981 Claruit

2187 5001 2249 5054 Α.
2280 5000 2341 5051 D.
2378 5000 2505 5053 870.
2552 5021 2573 5044 ι

2260 5069 2526 5123 Claudius
2556 5070 2895 5137 Esaemceos,
2933 5071 3133 5123 doctor
3163 5069 3518 5132 Parisiensis,
3561 5070 3630 5123 de
3667 5070 3885 5122 Eucha-

2190 5139 2349 5192 ristia
2404 5138 2501 5193 lib.
2558 5156 2629 5205 ιν,
2664 5157 2711 5194 c.
2762 5144 2846 5204 l9,
2896 5140 2998 5194 sub
3049 5141 3240 5194 med.:
3301 5165 3325 5186 «
3372 5142 3436 5194 Et
3464 5140 3671 5193 merito
3724 5155 3889 5201 sane,

2188 5226 2528 5281 cumrverus,
2558 5216 2617 5264 ut
2645 5210 2723 5263 ita
2748 5211 2972 5281 loquar,
3002 5211 3099 5265 ille
3135 5213 3486 5275 Bertramus,
3517 5216 3667 5281 totos
3706 5226 3895 5263 annos

2190 5280 2603 5350 septingentos,
2640 5297 2740 5333 nec
2781 5280 3092 5349 a’quodam
3127 5283 3407 5336 haereseos
3446 5282 3616 5336 fuerit
3648 5280 3896 5334 insimu-

2190 5350 2356 5423 latus,
2404 5352 2491 5405 vel
2543 5352 2922 5420 reprehensus
2954 5353 3115 5423 quasi
3162 5354 3309 5406 male
3353 5352 3660 5422 scripserit,
3695 5351 3797 5405 sed
3830 5352 3891 5404 in

2187 5422 2511 5492 catalogum
2574 5423 2917 5492 scriptorum
2970 5422 3483 5478 ecclesiasticorum
3539 5424 3768 5489 relatus,
3826 5426 3897 5474 ut

2187 5494 2283 5572 vir‘
2324 5510 2435 5573 non
2457 5493 2680 5574 .minus
2723 5494 2838 5547 vita
2887 5511 3061 5565 quam
3095 5494 3377 5561 doctrina,
3409 5494 3646 5565 ingenio
3678 5498 3738 5547 et
3768 5493 3891 5546 elo-

2188 5579 2326 5633 quio
2362 5579 2622 5633 inSigms.
2657 5584 2678 5611 ι

2258 5634 2526 5706 Claudius
2594 5651 2661 5687 na
2716 5636 2959 5695 Samres,
3019 5636 3318 5706 episcopus
3380 5634 3752 5696 Ebroicensis,
3814 5634 3893 5687 de

2190 5705 2557 5776 Eucharistite
2611 5705 3068 5769 Controversiis,’
3102 5712 3281 5776 repet.
3315 5708 3369 5770 2,
3400 5723 3449 5759 c.
3483 5708 3575 5759 lli:
3617 5726 3638 5753 ι
3673 5706 3892 5759 Verum

2187 5775 2353 5829 illum
2414 5778 2770 5830 Bertramum
2827 5781 2975 5830 totos
3036 5792 3215 5830 annos
3270 5777 3663 5847 septingentos
3713 5791 3896 5829 nemo
