4130 6184
236 275 341 327 225

1265 271 1536 328 CONTRA
1580 272 1980 329 GRAECORUM
2023 272 2378 329 OPPOSITA.
2414 304 2477 312 —
2511 276 2636 330 LIB.
2674 276 2715 330 Ι.

3642 291 3745 343 226

197 400 209 408 ί
236 410 523 483 haereseos
559 408 949 483 reprehendit,
984 408 1145 483 quasi
1182 409 1327 462 male
1360 408 1811 483 scripserit;_sed
1844 424 1930 462 re-
1970 410 2013 463 A
2046 424 2174 483 rum
2220 409 2586 483 testimoniis,
2634 411 2750 465 imo
2798 411 2951 465 hisce
3001 413 3363 483 potissimum
3423 418 3744 475 rationibus

233 482 421 534 fertur
492 482 551 533 in
612 482 933 549 catalogum
990 480 1332 549 scriptorum
1397 480 1931 544 ecclesiasticorum,

232 560 295 605 ut
333 553 420 603 vir
448 568 564 604 non
599 553 788 603 minus
811 551 923 602 vita
954 567 1123 620 quam
1160 551 1438 617 doctrina,
1473 552 1704 620 ingenio
1738 558 1794 605 et
1825 552 1934 604 elo-

233 622 373 692 quio
406 622 647 689 insignis
678 629 731 673 et
754 622 1089 673 catholicus.
1131 644 1149 667 ι

307 694 591 745 Anbertus
621 692 845 746 Mimans
878 693 933 745 in
962 692 1202 744 Srholiis
1227 692 1293 743 ad
1331 691 1631 759 praefatum
1666 692 1934 759 Sigiberti

232 770 445 834 caput:
483 786 510 811 «
567 765 893 817 Bertramus
944 763 1169 832 scripsit
1204 763 1411 834 librum
1475 764 1544 815 de
1598 764 1850 830 Corpore
1882 769 1937 817 et

231 833 528 900 Sanguine
571 834 819 898 Domini,
871 850 1138 887 excusum
1191 833 1441 887 Coloniae
1498 836 1650 901 l532,
1700 834 1934 888 Basileae

232 906 294 958 in
335 905 868 975 Mycropresbytico,
914 908 969 956 et
1006 903 1162 970 alibi,
1206 904 1301 957 scd
1362 904 1697 958 damnatum
1730 921 1763 957 a
1807 906 1935 959 Tri-

232 977 489 1028 dentinis
537 977 887 1028 censoribus.
946 976 1029 1028 Ita
1060 976 1315 1029 Molanus
1344 976 1401 1028 in
1445 975 1793 1029 Bibliotheca
1824 992 1932 1029 ms.

235 1047 497 1099 Haeretici
528 1062 660 1099 eum
693 1046 865 1117 primi
898 1048 1047 1116 typis
1074 1047 1402 1109 ediderunt,
1437 1047 1816 1117 videnturque
1847 1049 1933 1100 illi

234 1118 548 1171 inseruisse
594 1114 971 1187 quaecunque
1002 1119 1083 1170 vel
1127 1117 1373 1188 ,Obscura
1424 1118 1509 1169 vel
1570 1117 1627 1170 in
1687 1114 1933 1188 speciem

282 1204 411 1241 rave
462 1189 727 1241 sonantia
759 1190 1045 1258 leguntur.
1076 1187 1345 1241 Plurimis
1383 1192 1532 1240 certe
1578 1187 1933 1242 locis’veram

234 1205 411 1313 grave
462 1205 727 1241 sonantia
759 1205 1045 1258 teguntur.
1077 1205 1345 1241 murinus
1383 1205 1532 1240 certe
1580 1205 1710 1241 IOCIS
1744 1205 1933 1242 veram

282 1258 449 1312 hristi
515 1260 879 1329 prmsentiam
933 1259 1138 1311 astruit
1209 1263 1265 1312 et
1336 1259 1936 1312 transsubstantiatio-

236 1346 371 1383 nem
406 1331 586 1393 docet,
621 1336 683 1383 ut
723 1346 796 1383 ne
824 1330 947 1400 ipse
979 1329 1210 1400 quidem
1243 1330 1618 1398 interpolator
1647 1330 1702 1383 id
1732 1331 1837 1383 sub
1866 1331 1934 1384 ﬁ-

236 1417 371 1453 nem
422 1402 760 1464 dissimulet,
801 1402 993 1453 dicens
1024 1402 1203 1453 multa
1232 1416 1347 1452 non
1379 1401 1666 1471 cohaerere
1697 1406 1752 1453 et
1782 1418 1931 1471 prte-

237 1473 499 1525 eedentia
548 1471 919 1540 sequentibus
968 1471 1374 1525 contradicere.
1429 1472 1540 1524 Hoc
1599 1470 1751 1524 inter
1786 1470 1933 1527 alios

234 1543 557 1595 observavit
609 1543 1062 1595 Bat‘tholommus
1116 1543 1316 1595 Petrus
1366 1541 1701 1610 Liutrensis,
1735 1542 1935 1597 doctor

232 1613 582 1681 Theologus.
617 1633 643 1661 ι)

316 1684 595 1737 Dionisius
652 1685 914 1736 Pennus
961 1682 1016 1736 S.
1074 1683 1121 1736 J.
1173 1682 1651 1746 Theologicorum
1688 1685 1931 1752 Dogma-

234 1759 363 1807 tum
396 1762 549 1807 tumo
605 1756 671 1813 lI.
710 1755 805 1807 lib.
841 1770 934 1817 vn,
967 1769 1090 1822 cap.
1146 1755 1199 1814 2,
1234 1758 1363 1806 ante
1410 1754 1607 1818 tinem,
1642 1757 1931 1811 Rati-amni

232 1832 499 1893 tanquam
531 1826 784 1879 catholici
822 1824 1124 1891 nobiliSque
1161 1826 1443 1890 scriptoris
1473 1828 1795 1878 auctoritate
1820 1831 1930 1881 uti-

233 1902 346 1960 tur,
379 1898 658 1964 explicans
690 1912 867 1949 vocem
900 1895 1177 1965 Filioque.
1213 1895 1463 1948 additam
1507 1896 1580 1947 ad
1621 1896 1929 1964 Symbolum

230 1968 922 2035 Constantinopolitanum.
1004 1986 1027 2011 «
1112 1965 1259 2028 Quin
1319 1965 1489 2018 etiam
1564 1966 1927 2035 Ratramnus,

233 2038 562 2090 Corbeinsis
603 2038 935 2100 monachus,
969 2036 1026 2089 in
1076 2037 1174 2089 lib.
1228 2052 1264 2088 ιι
1314 2052 1416 2105 pro
1460 2037 1717 2091 Romana
1751 2040 1931 2093 Eccle-

229 2110 316 2159 sia
365 2116 563 2161 contra
611 2110 855 2173 Graecos,
889 2123 1061 2177 quem
1105 2107 1252 2159 circa
1290 2123 1506 2160 annum
1551 2110 1654 2161 868
1683 2109 1927 2178 scripsit,

230 2178 427 2231 Pbotii
468 2185 748 2249 tempore,
786 2185 1061 2248 tanquam
1095 2178 1163 2231 ab
1202 2178 1316 2231 illis
1348 2178 1636 2246 objectum
1671 2183 1928 2249 corrupti

228 2250 479 2318 symboli
523 2250 740 2302 crimen
769 2249 957 2312 diluit,
1008 2270 1035 2296 ››
1083 2255 1187 2320 etc.
1230 2250 1308 2302 Ac
1338 2249 1558 2302 subdit:
1613 2270 1639 2297 ‹‹
1692 2249 1930 2320 Scripsit.

226 2327 423 2373 autem
458 2320 822 2383 Ratramnus,
851 2320 1055 2390 utjam
1088 2319 1303 2373 dictum
1337 2325 1441 2383 est,
1479 2324 1607 2389 post
1636 2319 1928 2390 acceptam

229 2391 448 2444 Nicolai
501 2392 867 2459 Encyclicam,
922 2406 1097 2460 quam
1129 2390 1197 2443 ad
1254 2390 1621 2443 Hincmarum
1671 2396 1725 2443 et
1786 2392 1928 2446 alios

229 2463 535 2529 episcopos
585 2463 641 2515 in
676 2478 855 2532 regno
906 2462 1091 2514 Caroli
1125 2461 1275 2515 Calvi
1305 2462 1663 2532 constitutos
1694 2462 1927 2516 miserat

226 2550 380 2585 anno
409 2536 533 2594 867,
571 2540 631 2585 ut
659 2550 756 2585 eos
782 2532 1104 2585 hortaretur
1135 2532 1204 2584 ad
1228 2531 1567 2585 refellendas
1598 2533 1926 2587 Grazcorum

224 2604 566 2663 calumnias.
601 2603 872 2656 adversus
912 2604 1231 2657 Romanam
1268 2603 1568 2655 Ecclesiam
1614 2603 1865 2673 objectas
1894 2621 1927 2657 a

225 2675 497 2728 Michaele
544 2675 888 2744 imperatore
936 2678 991 2727 et
1035 2674 1242 2727 Basilio
1290 2674 1349 2726 in
1401 2674 1643 2744 epistola
1677 2676 1924 2744 quadam

227 2746 294 2797 ad
326 2762 384 2797 se
418 2746 647 2814 scripta.
689 2766 715 2792 ››

290 2817 543 2869 Joannes
601 2832 665 2868 ne
714 2815 959 2875 Lauxov.
995 2815 1194 2868 doctor
1225 2814 1576 2879 Parisiensis,
1610 2814 1667 2867 in
1703 2816 1924 2869 disser-

222 2888 445 2940 tatione
491 2887 563 2940 de
619 2888 793 2940 veteri
838 2886 1095 2939 ciborum
1152 2887 1401 2948 Delectu,
1451 2891 1579 2947 etc.,
1635 2902 1767 2956 pag.
1820 2890 1918 2941 l3:

227 2980 248 3003 ι
305 2958 637 3011 Graecorum
691 2956 999 3026 objectioni
1053 2957 1131 3009 sic
1184 2957 1490 3026 respondet
1550 2958 1918 3023 Ratramnus,

226 3029 559 3081 Corbeinsis
600 3028 931 3091 monachus,
970 3029 1023 3080 in
1055 3043 1228 3097 opere
1273 3027 1421 3097 quod
1457 3034 1591 3079 tunc
1622 3029 1918 3098 episcopo-

2047 478 2353 555 a_dd_uctu_s._
2399 480 2590 555 Altera
2644 490 2748 542 est,
2783 478 3171 555 septingentos
3220 502 3322 555 per
3353 504 3535 541 annos
3566 492 3744 555 haere-

2045 550 2122 602 sis
2156 550 2307 625 haud
2342 552 2735 605 insimulatum
2768 550 2999 625 ab'ullo'
3021 550 3318 625 scriptore,
3352 561 3560 613 nedum
3587 554 3741 617 dam-

2048 623 2679 700 natumRatramnum.
2715 624 2905 676 Altera
2938 641 3091 700 vero,
3135 623 3337 700 neque
3380 630 3447 682 ab
3482 632 3604 700 ipso
3638 635 3740 686 Be-

2046 694 2312 770 rengario
2345 693 2746 770 haeresiarcha,
2793 710 2982 770 neque
3030 698 3098 749 ab
3140 693 3264 765 ejus
3310 693 3605 770 discipulis
3651 720 3739 757 us-

2045 778 2219 839 quam
2252 764 2883 839 laudaturnrepereris.
2920 766 3015 839 His
3045 764 3259 822 accedit
3280 772 3430 839 quod
3455 764 3738 827 immunis

2044 834 2322 887 exstiterit
2363 834 2504 887 liber
2534 835 2628 888 ille
2677 836 2970 889 Ratramni
3020 853 3047 888 a
3078 834 3314 891 censura
3345 842 3567 895 consilii
3602 845 3735 896 Ver-

2043 904 2414 984 cellensisLin
2446 921 2559 975 quo
2591 906 3198 984 Berengariiimpium
3222 909 3735 984 dogmasimulque

2041 976 2273 1054 Joannis
2299 976 2594 1054 ,Erigenae,
2638 978 2753 1054 sive
2812 978 2985 1054 Scoti',
3043 976 3319 1054 ejusdem'
3347 982 3543 1035 farinae
3586 976 3734 1054 opu-

2043 1046 2197 1118 scula
2241 1052 2455 1099 aeterno
2507 1048 2870 1101 anathemate
2904 1046 3079 1101 fuere
3108 1052 3384 1118 perculsa.
3440 1046 3735 1108 Postremo

2043 1117 2341 1194 subjungit
2393 1117 2775 1194 Sanbovmus:
2830 1119 2943 1194 Etsi
2979 1117 3135 1194 _opus
3184 1120 3326 1194 illud
3374 1122 3441 1175 de
3488 1124 3736 1194 Corpore

2042 1192 2097 1239 et
2130 1188 2418 1260 Sanguine
2473 1189 2721 1254 Domini,
2778 1189 2931 1259 quod
2959 1191 3254 1260 Bertrami
3300 1188 3731 1260 prmsefert'no-

2045 1273 2195 1325 men,
2230 1259 2515 1333 genuinus
2560 1265 2707 1313 esset
2738 1260 2915 1330 ipsius
2947 1259 3113 1323 fetus,
3152 1259 3507 1333 minimeque
3538 1280 3731 1319 corru-

2041 1335 2194 1398 ptus,
2230 1331 2883 1400 interpolatusve,suum
2914 1347 3035 1385 esse
3059 1331 3439 1386 nihilominus
3470 1335 3732 1391 Ratram-

2042 1416 2182 1452 num
2212 1405 2495 1466 nostrum,
2529 1402 2613 1454 vel
2661 1417 2779 1455 suas
2830 1403 3034 1455 haeresi
3081 1402 3387 1465 faventem,
3424 1405 3496 1459 ob
3544 1423 3737 1461 naevos

2043 1486 2109 1523 eo
2138 1470 2198 1542 in
2235 1487 2407 1539 opere
2455 1478 2773 1536 contentos,
2814 1473 3099 1526 incassum
3141 1475 3485 1542 persuadere
3518 1494 3731 1531 conan-

2042 1541 2450 1613 turhmretici:
2511 1543 2726 1612 quippe
2781 1544 2876 1613 qui
2914 1541 3183 1597 continuo
3217 1545 3274 1597 in
3312 1547 3569 1601 Ecclesia:
3601 1550 3730 1602 sinu

2042 1612 2197 1672 vixit,
2256 1628 2319 1664 ac
2367 1613 2587 1681 placide
2618 1615 2674 1665 in
2710 1612 2832 1682 ejus
2866 1614 3216 1667 obdormivit
3246 1618 3662 1673 communione.
3703 1638 3730 1669 ››

2042 1682 2313 1755 Aitenim
2348 1684 2641 1736 Facundus
2672 1684 2771 1755 lib.
2802 1700 2859 1751 x,
2886 1701 3007 1755 cap.
3045 1688 3111 1737 ὅς
3147 1702 3175 1736 (ι
3205 1686 3327 1739 Νοη
3359 1703 3423 1741 ex
3456 1690 3563 1741 levi
3597 1706 3734 1742 sono

1969 1762 2009 1814 Β
2044 1753 2368 1816 verborum,
2425 1755 2521 1807 sed
2593 1770 2659 1807 ex
2718 1753 3039 1808 intentione
3109 1757 3346 1809 dicentis
3396 1758 3731 1813 aestimanda

2042 1830 2331 1893 suntquae
2390 1824 2674 1878 dicuntur.
2735 1826 2980 1878 Dicentis
3040 1832 3230 1879 autem
3281 1827 3548 1893 intentio,
3600 1846 3730 1883 cum

2034 1894 2154 1969 jam
2204 1911 2447 1969 persona
2479 1896 2744 1969 defuncta
2788 1903 2891 1949 est.
2929 1912 2996 1949 ex
3024 1896 3454 1969 communione
3493 1898 3732 1969 religio-

2040 1965 2157 2018 sius
2215 1967 2549 2018 testimatur.
2611 1986 2636 2013 ι
2692 1967 2756 2019 Et
2804 1982 2939 2019 sane
2986 1968 3055 2019 ab
3105 1968 3583 2022 heterodoxorum
3607 1965 3729 2023 Vca-

2042 2037 2259 2088 lumnia
2308 2037 2581 2089 catholicc
2634 2037 2861 2090 defendi
2926 2044 3116 2106 posset
3180 2040 3545 2101 Ratramnus,
3616 2056 3731 2093 non

2040 2123 2199 2159 secus
2249 2114 2420 2176 atque
2470 2108 2607 2159 olim
2660 2108 2993 2176 Dionysium
3046 2110 3499 2162 Alexandrinum
3553 2111 3735 2164 vindi-

2039 2179 2186 2251 cavit
2217 2179 2643 2251 Athanasius.“
2694 2178 2887 2251 Magni
2935 2183 3085 2251 certe
3134 2179 3460 2251 argumenti
3493 2186 3578 2233 est
3628 2182 3733 2251 (in-

2038 2249 2161 2317 quit
2214 2248 2333 2317 ipse
2389 2250 2446 2300 in
2507 2248 2743 2315 epistola
2800 2250 2868 2301 de
2918 2249 3165 2318 Dionysii
3204 2250 3486 2303 sententia
3533 2248 3733 2305 contra

2038 2318 2296 2388 Arianos)
2332 2335 2401 2371 ne
2434 2319 2494 2371 in
2548 2322 2650 2371 hoc
2699 2319 2931 2389 quidem
2974 2320 3101 2372 illos
3145 2336 3345 2374 verum
3387 2320 3595 2385 dicere,
3632 2323 3729 2375 sed

2037 2390 2339 2461 calumniis
2391 2389 2574 2442 virum
2629 2405 2912 2459 premere,
2955 2392 3105 2459 quod
3161 2391 3256 2443 ille
3310 2407 3608 2461 nunquam
3661 2392 3732 2446 ab

2034 2460 2161 2513 aliis
2187 2461 2470 2530 episcopis
2511 2461 2580 2513 de
2614 2461 2907 2530 impietate
2939 2462 3230 2513 convictus
3269 2468 3371 2527 est,
3408 2460 3594 2531 neque
3620 2463 3731 2516 haz-

2037 2531 2205 2583 resim
2238 2532 2658 2610 propugnando
2688 2531 2767 2610 ab
2811 2532 3053 2610 Ecclesia
3106 2532 3354 2610 secessit,
3404 2532 3499 2585 sed
3546 2533 3606 2610 in
3636 2550 3730 2610 _ea

2033 2617 2161 2653 cum
2195 2602 2408 2671 pietate
2437 2602 2817 2667 obdormivit;
2848 2602 3115 2672 quodque
3159 2602 3280 2671 ejus
3319 2604 3597 2656 memoria
3636 2603 3731 2656 ha-

2032 2678 2230 2724 ctenus
2274 2688 2403 2725 cum
2453 2673 2713 2725 Patribus
2760 2673 3055 2743 hucusque
3087 2674 3370 2726 celebrata
3403 2679 3505 2737 est,
3562 2679 3618 2726 et
3668 2675 3729 2727 in

2032 2744 2356 2809 catalogum
2390 2744 2600 2807 relata;
2635 2744 2733 2813 qui
2764 2744 2811 2795 si
2846 2759 2974 2796 cum
3006 2744 3128 2796 istis
3158 2744 3419 2812 ejusdem
3442 2744 3730 2813 opinionis

2032 2813 2247 2873 fuisset,
2304 2820 2401 2867 aut
2466 2814 2513 2866 si
2573 2814 2911 2883 scriptorum
2971 2830 3208 2867 suorum
3268 2815 3550 2867 rationem
3611 2831 3729 2869 non

2033 2884 2390 2955 reddidisset,
2448 2884 2683 2937 minime
2743 2885 2983 2937 dubium
3033 2884 3175 2954 quin
3225 2885 3422 2937 eadem
3473 2901 3600 2955 quas
3644 2886 3725 2939 illi

2029 2970 2229 3023 passus
2261 2954 2475 3008 fuisset.
2526 2976 2544 3001 ι
2594 2955 2843 3008 Tandem
2880 2972 3013 3007 vero
3045 2970 3174 3007 cum
3219 2961 3335 3008 tam
3368 2954 3640 3025 praeclara
3672 2962 3730 3011 et

2031 3030 2225 3095 aperta
2260 3026 2326 3096 iu
2366 3025 2599 3094 praefato
2649 3026 2943 3079 Ratramni
2985 3041 3158 3095 opere
3210 3028 3419 3079 realem
3467 3027 3728 3096 corporis

225 3115 351 3152 rum
383 3099 724 3151 auctoritate
773 3105 969 3151 contra
1013 3095 1237 3151 Grmcos
1283 3095 1365 3150 vir
1416 3099 1512 3150 ille
1561 3095 1924 3152 doctissimus
1961 3100 1999 3153 C
2033 3104 2089 3148 et
2130 3095 2426 3164 sanguinis
2466 3096 2671 3149 Christi
2725 3096 3088 3164 praesentiam
3134 3096 3238 3149 sub
3283 3095 3579 3165 speciebus
3632 3114 3728 3150 eu-

221 3170 584 3238 conscripsit.
639 3169 714 3222 Ex
754 3169 851 3222 lib.
890 3186 940 3221 iv
990 3168 1159 3238 hujus
1186 3169 1397 3238 operis,
1433 3190 1452 3214 ι
1489 3175 1596 3221 etc.
1634 3169 1761 3222 Inde
1787 3186 1922 3237 pro-

224 3243 397 3293 lixam
429 3244 719 3309 pericopen
747 3244 1031 3308 excerpsit.

290 3308 585 3364 Gilbertus
620 3311 902 3375 Mannum,
956 3310 1077 3379 regi
1122 3326 1155 3362 a
1199 3309 1475 3368 consiliis.
1521 3308 1581 3362 in
1625 3308 1919 3364 Historiae

218 3386 275 3433 et
305 3381 743 3450 Chronologicae
794 3380 1217 3434 Dissertationis
1263 3381 1445 3450 capite
1484 3384 1567 3443 l7,
1601 3381 1668 3433 ad
1705 3397 1916 3434 annum

216 3453 343 3504 8530.
380 3471 407 3501 «ι
468 3452 583 3505 Hoc
628 3453 800 3505 etiam
837 3467 987 3504 anno
1028 3453 1391 3513 Ratramnus,
1434 3452 1756 3504 Corbr-insis
1790 3468 1919 3504 mo-

216 3524 437 3575 nachus
479 3539 596 3575 non
631 3522 769 3574 levis
813 3528 1119 3575 armatura:
1169 3523 1227 3575 in
1280 3521 1521 3575 Ecclesia
1553 3522 1762 3576 Christi
1812 3522 1917 3576 mi-

216 3596 318 3655 les,
354 3593 517 3661 regio
549 3592 818 3645 mandato
850 3592 1276 3663 obtemperans,
1310 3592 1453 3646 duos
1478 3593 1649 3645 libros
1673 3593 1742 3645 de
1775 3594 1921 3646 Prie-

214 3663 605 3717 destinatione
681 3664 1019 3734 composuit.
1083 3684 1110 3713 »
1176 3665 1315 3728 Quos
1387 3664 1479 3716 ille
1550 3665 1761 3731 primus
1813 3664 1921 3717 luci

211 3734 390 3787 dedit.

283 3804 531 3858 Iacobus
578 3820 642 3857 ne
688 3804 880 3858 Sume
936 3805 1172 3868 Beurve,
1228 3803 1411 3857 socius
1463 3802 1809 3858 Sorbonicus
1857 3820 1920 3858 ac

212 3876 411 3944 regius
466 3875 771 3944 professor,
823 3880 1116 3929 tractatum
1168 3875 1233 3929 de
1287 3874 1642 3929 Eucharistia
1688 3877 1746 3927 in
1792 3874 1918 3929 Sor-

210 3946 363 3999 bouae
394 3945 593 3999 scholis
628 3948 739 4014 ipse
759 3947 1072 4014 praelegens,
1106 3947 1465 4000 Ratramnum
1515 3946 1700 3998 multis
1747 3946 1922 4012 iisque

208 4032 321 4070 non
364 4018 587 4084 vulgari
620 4016 921 4069 eruditione
944 4018 1164 4083 refertis
1196 4019 1406 4083 egregie
1433 4016 1699 4070 vindicat.
1732 4015 1920 4069 Primo

208 4088 451 4158 quidem
504 4092 633 4156 post
682 4085 1055 4156 Sigibertum.
1098 4086 1499 4150 Trithemium,
1547 4087 1920 4158 Espencaeum

207 4157 267 4211 et
302 4158 687 4221 Sanctesium,
729 4158 880 4210 inter
927 4158 1338 4211 ecclesiasticos
1381 4158 1688 4226 scriptores
1720 4157 1920 4211 ortho-

207 4229 511 4298 doxosque
558 4230 741 4281 locum
795 4228 1112 4282 obtinuisse
1148 4229 1543 4289 Ratramnum,
1593 4227 1797 4298 deinde
1826 4244 1917 4281 ca-

207 4297 495 4352 tholicum
524 4315 671 4368 opus
716 4299 785 4352 de
821 4300 1068 4369 Corpore
1099 4304 1155 4352 et
1187 4297 1737 4369 SanguineDomini
1771 4314 1921 4351 com-

206 4369 471 4439 posuisse
508 4370 705 4436 docet;
759 4368 947 4423 fretus
968 4385 1087 4424 non
1134 4375 1358 4423 tantum
1389 4368 1656 4439 Sigiberti
1704 4373 1761 4422 et
1793 4370 1921 4422 alio-

2032 3166 2352 3219 charisticis
2383 3166 2622 3235 probent
2658 3181 2719 3217 ac
2760 3166 3477 3231 transsubstantiationem,
3522 3168 3728 3220 obscu-

2033 3237 2184 3290 riora
2234 3236 2475 3305 proinde
2508 3243 2564 3288 et
2608 3236 2930 3288 difficiliora
2963 3237 3029 3289 ad
3073 3236 3451 3289 orthodoxam
3496 3253 3727 3291 sensum

2031 3308 2279 3377 benigne
2318 3312 2537 3376 queunt
2584 3306 2883 3377 elucidari;
2929 3322 2993 3359 ex
3041 3306 3254 3375 Regula
3305 3306 3583 3359 nimirum
3634 3308 3729 3361 Fa-

2032 3382 2225 3441 cundi,
2270 3378 2367 3431 lib.
2408 3393 2483 3441 ix,
2520 3392 2566 3430 c.
2612 3380 2682 3430 5:
2746 3396 2772 3427 α
2824 3376 3318 3441 Quemadmodum
3374 3377 3730 3431 calumnian-

2032 3450 2177 3503 tium
2233 3448 2633 3502 hmreticorum
2682 3453 2766 3500 est
2822 3464 2890 3501 ex
2942 3448 3133 3501 dubiis
3190 3455 3247 3500 et
3294 3447 3548 3519 obscuris
3599 3464 3729 3519 quae

2029 3527 2184 3573 certa
2231 3525 2286 3573 et
2315 3520 2615 3573 manifesta
2665 3523 2798 3572 sunt
2827 3519 2975 3572 male
3006 3518 3390 3588 interpretati,
3432 3520 3492 3571 in
3523 3519 3601 3572 ita
3620 3518 3731 3573 sal-

2031 3607 2164 3644 vum
2216 3596 2301 3644 est
2346 3590 2669 3660 prudentia
2719 3606 2781 3642 ac
2817 3589 3044 3659 pietatis
3086 3589 3381 3642 catholica
3409 3604 3474 3642 ex
3504 3589 3730 3644 indubi-

2029 3662 2163 3714 tatis
2196 3667 2369 3731 atque
2409 3660 2768 3714 evidentibus
2800 3666 2856 3713 et
2887 3661 3112 3714 ﬁrmare
3145 3660 3417 3729 ambigua
3466 3661 3730 3731 etilaten-

2029 3733 2110 3785 tia
2138 3730 2446 3785 declarare.
2482 3732 2537 3785 Si
2594 3731 2696 3801 qui
2736 3747 2867 3784 vero
2912 3730 3221 3784 orthodoxi
3271 3731 3439 3783 etiam
3474 3730 3627 3784 aliud
3659 3732 3732 3785 fa-

2030 3802 2297 3855 ciendum
2328 3800 2673 3871 putaverint,
2715 3817 2831 3854 non
2873 3806 3006 3854 sunt
3052 3801 3111 3853 in
3153 3802 3259 3854 hoc
3293 3819 3321 3852 a
3352 3800 3730 3871 prudentibus

2030 3873 2315 3926 imitandi.
2348 3891 2375 3923 »

2105 3944 2232 3997 Haac
2278 3941 2569 4006 Acherius,
2606 3940 2702 4012 qui
2737 3945 3016 4012 praeterea
3050 3944 3246 3994 monet
3274 3956 3369 3993 eos
3400 3939 3578 4012 libros
3607 3958 3640 3995 a
3670 3958 3729 3996 se

2032 4014 2213 4067 editos
2266 4030 2387 4066 esse
2429 4029 2495 4065 ex
2545 4011 2752 4066 codice
2786 4012 3076 4065 Thuaneo.
3123 4013 3285 4065 Hunc
3328 4011 3591 4064 codicem
3635 4012 3730 4066 de-

2032 4084 2166 4138 inde
2220 4083 2480 4137 Baluzius
2531 4084 2774 4136 contulit
2850 4082 2908 4135 in
2977 4082 3315 4136 bibliotheca
3376 4081 3725 4149 Colbertina,

2033 4171 2282 4225 eumque
2332 4156 2646 4225 diligentiae
2702 4169 2819 4225 sure.
2858 4152 3404 4225 ifructumuretulit.
3458 4152 3726 4225 qu_od_in

2032 4222 2330 4279 noun—ullis
2374 4222 2512 4279 locis
2544 4224 2924 4294 deprehendit
2949 4222 3174 4278 Acherii
3198 4223 3495 4278 librarium
3525 4222 3585 4276 in
3612 4222 3729 4278 Ra-

2031 4296 2243 4350 tramni
2284 4312 2455 4366 opere
2505 4295 2878 4349 exscribendo
2933 4294 3177 4349 nimium
3230 4294 3463 4364 ingenio
3510 4310 3613 4347 suo
3644 4295 3727 4349 in-

2031 4367 2291 4420 dulsisse.

1607 4713 1889 4786 LIBER
1945 4709 2332 4783 PRIMUS.

784 5073 1009 5129 CAPUT
1042 5071 1338 5127 PRIMUM.

197 5186 489 5242 Michaelis
520 5188 571 5238 et
592 5183 791 5237 Basilii
818 5183 992 5251 impp.
1024 5180 1287 5249 oppositis
1318 5178 1611 5247 responsio.
1648 5175 1911 5244 Opposita

900 5252 1223 5307 Graecorum.

271 5346 558 5415 Opposita
610 5342 819 5413 quibus
877 5340 1112 5394 Michael
1156 5343 1211 5393 et
1267 5336 1527 5402 Basilius,
1584 5336 1909 5390 Grmcorum

194 5436 612 5505 imperatores,
637 5431 951 5485 Romanam
992 5427 1295 5482 Ecclesiam
1349 5425 1627 5479 infamare
1686 5437 1907 5477 conan-

193 5528 315 5585 tur,
354 5522 438 5573 vel
493 5520 655 5582 falsa,
717 5518 802 5571 vel
862 5516 1153 5580 haeretica,
1206 5516 1293 5569 vel
1347 5510 1760 5583 superstitiosa,
1819 5508 1907 5564 vel

194 5608 533 5677 irreligiosa
564 5606 687 5659 fore
709 5608 1150 5675 cognoscuntur.
1176 5601 1531 5671 Quapropter
1549 5599 1753 5652 merito
1772 5612 1909 5651 con-

196 5695 459 5766 temptui
492 5694 789 5763 suhjacere
820 5692 1117 5756 deberent,
1139 5689 1251 5744 nisi
1271 5687 1727 5742 consideraretur
1756 5684 1910 5756 quod

195 5784 571 5854 simplicibus
606 5782 911 5852 minusque
959 5778 1262 5851 capacibus
1296 5776 1627 5831 scandalum
1662 5772 1910 5828 lmsionis

1952 5064 1992 5118 D
2024 5063 2234 5117 inferre
2256 5062 2530 5127 valerent,
2567 5060 2823 5131 illudque
2865 5059 3292 5115 Salomonicum
3337 5061 3554 5131 Spiritu
3592 5077 3720 5115 san-

2019 5156 2107 5205 cto
2156 5149 2497 5221 prolatum:
2545 5149 2822 5218 Responde
2887 5150 3056 5202 stulto
3096 5149 3387 5203 secundum
3428 5149 3723 5204 stultitiam

2019 5256 2196 5306 suam,
2239 5255 2304 5293 ne
2344 5238 2452 5292 sibi
2500 5241 2718 5308 sapiens
2765 5252 2875 5291 esse
2911 5238 3169 5290 videatur
3216 5238 3393 5306 (Prov.
3441 5253 3590 5305 xxvr,
3642 5240 3719 5307 5).

2021 5330 2164 5384 Cum
2186 5328 2340 5382 enim
2366 5327 2557 5381 dicant
2585 5326 2739 5397 quod
2766 5326 3013 5379 chrisma
3036 5325 3407 5378 conficiemus
3436 5340 3504 5377 ex
3535 5341 3720 5396 aqua;

2017 5424 2072 5473 et
2104 5417 2260 5489 quod
2309 5433 2523 5487 agnum
2560 5416 2650 5470 die
2681 5421 2873 5469 sancto
2921 5414 3151 5468 Pascha:
3195 5429 3368 5484 super
3398 5414 3577 5468 altare
3609 5431 3724 5470 una

2018 5523 2150 5561 cum
2208 5505 2504 5560 Dominico
2564 5519 2802 5574 corpore
2853 5502 3193 5556 sacrandum
3263 5502 3595 5558 Iudaeorum
3653 5504 3723 5559 de

2018 5611 2178 5651 more
2204 5610 2507 5665 ponamus,
2554 5608 2747 5647 nonne
2802 5590 3101 5644 manifeste
3153 5589 3560 5645 mentiuntur?
3608 5592 3722 5646 Nec

2021 5684 2231 5739 timent
2276 5681 2421 5737 illud
2467 5678 2782 5735 Psalmistae
2831 5676 3053 5749 Spiritu
3104 5681 3300 5733 sancto
3366 5677 3656 5751 loquentis
3704 5694 3718 5734 :

2022 5771 2216 5826 Perdes
2267 5784 2444 5826 omnes
2489 5771 2587 5839 qui
2620 5768 2919 5837 loquuntur
2952 5764 3296 5823 mendacium
3344 5767 3511 5838 (Psal.
3549 5781 3602 5831 ν,
3641 5765 3717 5834 7).
