4148 6180
400 304 499 353 “2‘27

1554 298 1911 352 RATBAMNI
1951 296 2412 354 CORBEIENSIS
2453 297 2764 353 MONACHI

3797 297 3904 349 1’28

400 432 465 486 Et
486 432 637 503 quod
673 431 811 485 alibi
840 430 1082 501 Spiritus
1132 418 1359 482 sanctus
1408 430 1839 485 comminatur:
1898 431 2087 485 FaLsus
2127 433 2169 487 A
2201 446 2303 501 per
2331 431 2755 485 invocationem
2803 434 3012 483 sancta:
3060 430 3354 484 Trinitatis
3413 430 3735 487 facientes?
3787 431 3903 484 Su-

401 522 550 573 testz's
580 534 683 573 non
712 521 815 573 erit
840 520 1136 587 impunitus
1168 517 1344 586 (Prov.
1379 534 1487 583 Xix,
1523 522 1575 581 5,
1613 520 1682 584 9).
1714 519 1888 583 Idem,
1938 520 2091 589 quod

400 608 629 679 culpare
658 608 920 662 nituntur
959 623 1073 660 non
1113 608 1297 659 solum
1339 607 1678 666 Romanam.
1713 624 1913 661 verum
1967 624 2091 661 om-

400 713 530 750 nem
569 697 822 748 Latinam
858 695 1183 760 Ecclesiam,
1230 695 1381 765 quod
1410 696 1687 765 Spiritum
1717 701 1975 749 sanctum
2023 698 2089 747 «lo

397 787 559 839 Patre
595 785 852 854 Filioque
878 784 1186 855 procedere
1216 784 1612 850 conﬁteamur,
1649 785 1967 839 secundum
1997 806 2087 838 ca-

394 874 661 926 tholicam
695 874 887 940 tidem,
912 890 1040 927 cum
1072 874 1155 927 illi
1185 878 1407 927 tantum
1432 874 1642 942 dicant,
1666 891 1798 928 eum
1822 876 1889 929 de
1923 876 2089 929 Patre

395 963 726 1031 procedere,
761 978 955 1015 nonne
977 978 1033 1016 se
1068 964 1345 1016 haereseos
1367 963 1645 1033 pravitate
1678 964 2086 1030 condemnant,

396 1056 453 1105 et
486 1052 557 1104 ab
591 1050 849 1104 Ecclesiae
881 1051 1287 1103 communione
1319 1058 1633 1115 removent,
1660 1052 1793 1105 etin
1813 1052 2088 1123 Spiritum

396 1144 650 1193 sanctum
688 1139 1125 1210 blasphemant?
1168 1140 1316 1210 quod
1348 1145 1642 1209 peccatum
1694 1140 2088 1195 irremissibile

397 1246 517 1282 esse
572 1228 826 1282 Salvator
874 1228 933 1281 in
990 1229 1293 1299 Evangelio
1366 1234 1710 1299 protestatur
1768 1232 1943 1294 (Marc
2005 1247 2085 1298 Ill,

396 1318 505 1386 29).
543 1316 660 1371 Nisi
719 1318 866 1371 forte
918 1324 1234 1371 monstrare
1290 1318 1508 1388 possint
1540 1335 1573 1371 a
1612 1318 1727 1371 suis
1777 1318 2090 1388 majoribus

397 1401 690 1454 catholicis
729 1402 865 1453 viris
919 1403 1026 1455 hoc
1073 1403 1380 1472 aliquando
1429 1403 1799 1472 denegatum.
1864 1404 2087 1457 Etenim

396 1506 523 1544 cum
582 1490 775 1543 dicant
824 1490 1099 1559 Spiritum
1134 1496 1389 1545 sanctum
1443 1493 1751 1561 procedere
1810 1508 1842 1545 a
1901 1494 2085 1558 Patre,

396 1595 512 1632 non
537 1584 748 1648 negant
777 1584 834 1632 et
881 1596 913 1632 a
964 1580 1103 1632 Filio
1148 1580 1476 1649 procedere.
1531 1579 1693 1643 Quod
1750 1579 1796 1633 si
1846 1579 2089 1649 majores

398 1682 530 1719 suos
579 1667 742 1737 sequi
787 1667 1089 1731 voluerint,
1129 1668 1612 1737 amplexabantur
1658 1668 1933 1741 catholice
2009 1668 2089 1721 di-

396 1760 571 1820 ctum,
615 1756 923 1824 procedere
975 1756 1251 1827 Spiritum
1314 1761 1575 1810 sanctum
1623 1773 1655 1810 a
1707 1758 1892 1821 Patre,
1943 1756 2087 1811 sicut

396 1848 451 1897 et
480 1844 568 1896 sui
596 1847 840 1915 majores
871 1851 1004 1899 sunt
1033 1845 1299 1916 amplexi,
1335 1846 1433 1915 qui
1473 1845 1645 1899 sacris
1679 1845 1882 1900 litteris
1925 1845 2085 1899 insti-

393 1931 503 1984 tuti
534 1932 752 2001 optime
784 1938 1063 1987 noverunt
1094 1933 1396 2003 utriusque
1438 1934 1713 2003 Spiritum
1754 1951 1895 1996 esse,
1937 1934 2090 1988 vide-

394 2020 525 2074 licet
560 2025 678 2074 tam
719 2020 899 2075 Patris
964 2037 1138 2091 quam
1198 2022 1342 2075 Filii.
1396 2022 1557 2085 Quod
1616 2023 1676 2075 in
1717 2023 2087 2092 sequentibus

395 2108 603 2161 clarius
635 2109 1145 2163 demonstrabitur.

1070 2235 1294 2288 CAPUT
1344 2235 1411 2287 Il.

395 2358 595 2410 Iterum
622 2355 687 2409 de
733 2356 1036 2411 Graecorum
1080 2358 1317 2426 objectis.
1360 2388 1428 2399 —
1458 2359 1600 2425 Quid
1644 2361 1879 2413 muneris
1918 2361 2088 2428 impe-

943 2446 1217 2500 ratoribus
1250 2448 1531 2500 incumbit.

464 2549 588 2603 Jam
615 2552 764 2621 quod
794 2567 1033 2619 arguere
1055 2557 1357 2617 conantur,
1394 2552 1541 2623 quod
1576 2552 1633 2605 in
1669 2551 1911 2605 Sabbato
1932 2552 2083 2622 jeju-

395 2654 598 2692 namus
628 2639 715 2692 vel
747 2640 897 2709 quod
934 2640 1197 2693 Paschale
1220 2640 1505 2709 jejunium
1551 2657 1668 2693 non
1708 2640 1907 2693 eadem
1958 2656 2084 2692 cum

391 2726 472 2780 eis
498 2728 698 2797 regula
744 2727 1129 2794 celebremus;
1164 2727 1293 2798 quis
1344 2745 1457 2782 non
1503 2729 1685 2782 videat
1731 2734 1945 2799 quanto
1992 2734 2082 2782 tu-

390 2832 573 2881 more,
631 2821 960 2887 quantaque
1022 2815 1261 2869 stultitia
1305 2817 1391 2870 vel
1446 2816 1625 2871 inflati
1677 2818 1761 2871 vel
1820 2817 2085 2871 excaecati

390 2904 527 2958 talia
558 2904 789 2959 dicant?
818 2909 1079 2975 Arguunt
1108 2905 1456 2974 jejunautes,
1514 2906 1721 2959 iterum
1773 2906 2082 2975 reprehen-

2200 520 2555 590 perstitionis
2584 519 2692 573 ista
2741 519 3251 589 deprehenduntur
3280 536 3427 589 esse,
3480 537 3595 574 non
3656 521 3906 590 alicujus

2200 608 2483 678 religiosas
2514 608 3003 663 considerationis.

2270 697 2415 760 Quid
2451 698 2659 751 mirum
2706 698 3037 766 hujusmodi
3066 696 3114 750 si
3147 695 3450 750 calumniae.
3482 697 3799 765 procedant
3829 699 3905 751 ab

2199 786 2529 842 hominibus
2558 803 2731 840 sacrm
2758 786 2900 857 legis
2931 786 3147 856 peritis,
3200 786 3459 840 saeculari
3491 787 3758 855 potentia
3787 788 3905 840 ful-

2199 876 2287 943 tis,
2323 875 2549 946 imperii
2581 876 2726 930 fastu
2769 875 3226 951 cionﬁdentibus?
3270 876 3346 928 De
3377 875 3551 927 sacris
3608 875 3904 944 dogmati-

2198 964 2321 1025 bus,
2377 965 2446 1017 de
2491 964 2867 1018 ecclesiastico
2919 964 3054 1032 ritu,
3114 979 3226 1017 non
3292 964 3729 1034 imperatorum,
3802 965 3906 1018 sed

2197 1053 2598 1123 episcoporum
2630 1054 2814 1107 fuerat
2843 1053 3153 1123 disputare.
3206 1052 3547 1107 Discendum
3581 1053 3714 1118 illis,
3783 1070 3907 1107 non

2199 1142 2538 1207 docendum,
2580 1143 2640 1195 in
2673 1142 2917 1196 Ecclesia
2962 1142 3343 1195 ministerium
3374 1142 3746 1195 commissum
3787 1148 3899 1196 est.

2197 1233 2334 1286 Nam
2369 1232 2626 1301 quamvis
2648 1230 2936 1300 imperiali
2966 1230 3242 1300 dignitate
3266 1230 3617 1301 praecellant,
3650 1246 3741 1284 res
3782 1231 3903 1284 illis

2196 1320 2427 1390 publica
2452 1321 2752 1374 commissa
2794 1324 2897 1385 est,
2941 1335 3056 1373 non
3111 1318 3436 1389 episcopale
3481 1320 3899 1375 ministerium.

2200 1408 2578 1479 Imperatores
2645 1409 2713 1463 de
2792 1409 2985 1461 saeculi
3053 1409 3274 1478 legibus
3349 1396 3611 1461 tractare,
3650 1409 3902 1474 debent;

2199 1498 2448 1568 episcopi
2480 1514 2610 1551 vero
2637 1497 2706 1551 de
2738 1498 2941 1551 divinis
2967 1497 3331 1567 dogmatibus
3361 1497 3673 1566 disputare.
3714 1498 3903 1551 Suum

2199 1586 2434 1639 modum
2486 1586 2708 1640 studeat
2772 1592 2988 1653 tenere,
3057 1602 3172 1639 non
3248 1585 3502 1638 ofﬁcium
3574 1586 3904 1656 episc0pale

2198 1674 2525 1745 prmripere,
2556 1690 2626 1728 ne
2657 1675 2770 1728 illis
2791 1675 3089 1745 proveniat
3113 1675 3261 1744 quod
3299 1674 3446 1729 Ozize
3476 1675 3627 1744 regis
3661 1677 3903 1744 pontifi-

2200 1764 2317 1817 cale
2347 1763 2731 1817 ministerium
2770 1763 3143 1833 praesumenti
3164 1762 3430 1831 contigit;
3477 1763 3577 1834 qui
3622 1763 3906 1817 divinitus

2198 1851 2355 1921 lepra
2386 1868 2684 1921 percussus
2724 1869 2841 1905 non
2884 1852 3071 1905 solum
3120 1869 3154 1905 a
3210 1853 3446 1921 templo,
3504 1868 3701 1905 verum
3756 1859 3810 1906 et
3868 1871 3902 1906 a

2198 1940 2603 1993 communione
2620 1941 2818 2010 populi
2849 1941 3100 1994 noscitur
3118 1941 3331 2009 ejectus
3354 1940 3433 2009 (Il
3455 1943 3581 1994 Par.
3606 1958 3756 2006 xxvr,
3786 1943 3901 2011 l7).

2197 2028 2311 2083 Cur
2347 2045 2483 2099 ergo
2528 2035 2785 2083 recentes
2832 2029 2925 2082 isti
2968 2029 3251 2097 doctores,
3315 2034 3373 2083 et
3414 2031 3785 2097 monstruosi,
3836 2039 3902 2085 ut

2196 2117 2278 2171 ita
2302 2116 2575 2181 dicamus,
2622 2121 3017 2187 praeceptores,
3048 2133 3153 2170 suo
3197 2133 3349 2170 nunc
3377 2122 3636 2188 tempore
3676 2120 3735 2172 in
3779 2120 3893 2172 cri-

2197 2222 2330 2259 men
2362 2205 2630 2259 devocare
2661 2210 2960 2273 conantur,
3015 2206 3170 2276 quod
3209 2206 3296 2259 sui
3326 2208 3567 2276 priores,
3618 2208 3665 2261 si
3701 2214 3901 2262 tamen

2197 2294 2455 2348 Ecclesiae
2506 2292 2609 2347 ﬁlii
2655 2298 2807 2361 sunt,
2867 2298 2923 2348 et
2959 2294 3197 2349 unitatis
3227 2295 3519 2349 catholicas
3561 2302 3897 2360 sectatores,

2194 2384 2403 2437 duxere
2436 2374 2659 2452 semper
2714 2383 3146 2437 venerandum?
3207 2384 3405 2437 Nullus
3470 2401 3651 2438 novus
3708 2386 3901 2439 cultus

2195 2470 2344 2539 apud
2379 2471 2695 2524 Romanam
2735 2471 3041 2524 Ecclesiam
3078 2487 3229 2524 nunc
3274 2472 3495 2541 agitur;
3541 2474 3698 2527 nulla
3747 2490 3899 2527 nova

2193 2557 2418 2628 religio,
2458 2559 2613 2613 nulla
2662 2576 2807 2613 nova
2859 2560 3137 2626 doctrina,
3187 2561 3474 2615 institutio
3515 2579 3662 2616 nova
3711 2563 3895 2615 nulla.

2192 2648 2427 2716 Majores
2457 2648 2637 2701 nostri
2669 2665 2796 2718 qua:
2827 2652 3085 2713 tenuere,
3121 2665 3249 2719 qua:
3299 2650 3563 2716 docuere,
3609 2668 3738 2721 quae
3782 2668 3900 2704 ser-

2194 2737 2378 2790 vanda
2435 2736 2551 2790 suis
2605 2738 2846 2807 posteris
2904 2738 3212 2807 reliquere,
3274 2740 3396 2792 hmo
3446 2744 3731 2805 tenemus,
3773 2742 3900 2793 ham

2193 2840 2507 2891 servamus,
2541 2824 2683 2878 nihil
2710 2842 2883 2895 supra
2913 2832 3212 2895 ponentes,
3241 2828 3388 2881 nihil
3431 2828 3515 2881 eis
3542 2829 3895 2883 adimentes.

2191 2916 2351 2979 Quod
2391 2915 2460 2969 dc
2517 2920 2707 2968 sancto
2764 2915 2977 2986 Spiritu
3032 2924 3352 2985 senserunt,
3400 2920 3507 2973 hoc
3588 2921 3894 2975 sentimus.

389 2992 533 3047 dunt
562 3009 676 3047 non
703 2993 1061 3063 jejunantes;
1091 2999 1190 3047 aut
1219 2994 1373 3047 enim
1408 2994 1624 3048 bonum
1658 3000 1742 3047 est
1771 2994 2078 3064 jejunium,

2195 3006 2579 3074 Perceperunt
2608 3004 2692 3057 illi
2723 3004 2792 3057 ab
2826 3007 3117 3075 apostolis,
3170 3008 3411 3077 apostoli
3454 3024 3487 3061 a
3534 3009 3757 3063 Christo
3802 3026 3897 3062 ac-

390 3085 488 3136 aut
526 3084 770 3147 malum;
830 3082 877 3136 si
910 3083 1126 3137 bonum
1168 3102 1183 3137 :
1240 3100 1343 3137 cur
1381 3083 1682 3137 accusant?
1737 3084 1783 3137 si
1814 3084 2026 3138 malum
2063 3101 2074 3138 :

388 3184 488 3222 cur
518 3180 781 3223 exercent
811 3171 965 3241 quod
1005 3172 1315 3227 accusant?
1357 3172 1612 3226 Forsitan
1671 3188 1762 3225 res
1811 3188 1928 3225 non
1991 3172 2077 3225 sui

388 3258 590 3312 merito
630 3259 953 3327 sancienda,
1009 3261 1107 3313 sed
1160 3278 1264 3330 pro
1312 3277 1688 3330 personarum
1754 3261 2080 3330 acceptione

383 3347 699 3416 judicanda
728 3351 844 3413 est;
881 3351 942 3399 ut
967 3348 1255 3417 jejunium
1299 3349 1450 3418 quod
1472 3349 1719 3401 celebrat
1750 3348 1984 3402 Latinus
2008 3349 2082 3401 sit

388 3434 777 3502 arguendem;
812 3434 964 3503 quod
996 3451 1129 3487 vero
1162 3436 1408 3499 Graecus,
1442 3436 1514 3486 sit
1560 3436 1967 3497 venerandum,
2003 3435 2081 3488 sic

380 3521 644 3590 judicant
682 3523 769 3573 vel
813 3521 1059 3573 elatione
1114 3521 1354 3591 decepti,
1427 3523 1513 3574 vel
1569 3521 1805 3574 scientia
1851 3523 2077 3592 privati.

387 3607 523 3671 Quis
541 3612 733 3660 autem
767 3608 912 3661 ferre
942 3608 1123 3677 possit
1167 3610 1320 3679 quod
1378 3609 1797 3679 reprehendere
1829 3612 2082 3681 gestiunt

386 3694 800 3749 continentiam
831 3696 1177 3762 alfectantes,
1208 3715 1240 3750 a
1276 3697 1624 3751 feminarum
1674 3699 1981 3752 concubitu
2022 3716 2079 3752 se

386 3787 762 3851 removentes,
815 3784 1000 3839 carnis
1050 3789 1107 3839 et
1138 3786 1347 3839 animae
1402 3787 1759 3840 sanctitatem
1793 3788 2077 3842 aemulan-
2124 3824 2129 3835 ι

387 3870 515 3925 tes?
556 3871 690 3936 Quae
722 3889 851 3927 cum
891 3873 1004 3926 sint
1038 3874 1095 3927 in
1142 3876 1358 3929 cunctis
1403 3874 1739 3929 mortalibus
1787 3877 2078 3946 przeconio

384 3960 571 4015 laudis
614 3963 954 4017 extollenda.
1026 3968 1147 4017 tum
1212 3965 1506 4034 praecipue
1565 3964 1622 4018 in
1690 3966 1833 4018 sacri
1885 3966 2079 4019 altaris

384 4049 651 4115 ministis,
684 4068 934 4122 quorum
976 4058 1060 4105 est
1116 4053 1372 4107 ofﬁcium
1412 4053 1472 4106 in
1516 4053 1688 4107 sacris
1723 4069 1950 4123 semper
1990 4071 2077 4107 as-

385 4139 605 4205 sistere,
642 4140 929 4193 Divinitati
960 4140 1245 4193 servitutis
1276 4142 1617 4211 obsequium
1661 4141 1881 4211 jugiter
1919 4141 2078 4195 exhi-

384 4227 540 4292 bere,
588 4243 694 4295 pro
747 4228 1062 4280 commissis
1119 4228 1347 4297 populis
1401 4229 1653 4282 divinam
1724 4230 2077 4299 majestatem

385 4313 583 4367 diebus
615 4314 882 4367 omnibus
906 4315 1031 4385 jugi
1059 4320 1287 4386 precatu
1312 4316 1564 4386 placare.
1605 4319 1717 4371 Hoc
1734 4319 1869 4388 quia
1900 4320 2079 4372 nostri

385 4402 706 4456 sacerdotes
735 4418 906 4473 agere
958 4404 1027 4458 de
1081 4421 1240 4458 more
1300 4407 1577 4476 majorem
1634 4423 1750 4461 non
1782 4408 2074 4474 omittunt,

386 4490 740 4545 infamantur
777 4492 1006 4561 nuptias
1031 4493 1325 4549 damnare.
1360 4494 1503 4558 Quid
1538 4496 1661 4549 haec
1708 4495 2076 4566 impugnant,

387 4578 499 4631 nisi
524 4578 1096 4649 religionemYQuid
1150 4585 1273 4638 haec
1306 4584 1598 4639 destruere
1631 4586 1913 4651 nituntur,
1970 4586 2081 4639 nisi

387 4668 822 4723 sanctimoniam
869 4671 989 4725 sine
1038 4688 1149 4742 qua
1209 4689 1378 4726 nemo
1422 4674 1647 4743 placere
1703 4677 1894 4743 potest
1926 4675 2080 4728 Deo?

387 4754 523 4819 Quis
547 4773 680 4810 vero
714 4773 833 4810 non
860 4758 1047 4812 videat
1082 4765 1295 4830 quanto
1336 4762 1410 4813 sit
1461 4762 1773 4816 tenendum
1815 4762 2075 4829 ridiculo,

387 4845 458 4899 de
488 4844 681 4899 barbae
731 4845 994 4899 tonsione
1034 4848 1188 4917 quod
1221 4849 1487 4919 culpant:
1533 4851 1620 4904 vel
1644 4850 1795 4921 quod
1846 4852 2079 4921 presby-

386 4932 496 4988 teri
525 4948 702 5004 penes
729 4948 831 4987 nos
880 4934 1307 5003 baptizatorum
1340 4936 1557 4992 frontes
1611 4940 1914 4993 chrismate
1951 4956 2079 4993 san-

386 5026 475 5076 cto
508 5039 622 5076 non
666 5022 875 5088 linunt,
910 5023 1004 5077 sed
1044 5023 1152 5077 hoc
1180 5024 1551 5095 privilegium
1583 5028 1952 5097 pontiﬁcibus
1990 5045 2081 5082 re-

386 5110 705 5182 linquunt?
737 5112 880 5164 Num
915 5110 975 5164 in
1005 5111 1197 5166 barbae
1227 5114 1315 5167 vel
1346 5114 1627 5181 tonsione,
1662 5117 1747 5171 vel
1782 5133 2079 5172 conserva-

386 5199 568 5269 tione,
604 5204 1023 5271 praéceptorum
1064 5200 1389 5255 divinorum
1440 5205 1833 5273 praevaricatio
1866 5222 2078 5277 cogno-

390 5287 564 5340 scitur
594 5288 749 5343 ulla?
788 5290 873 5343 vel
900 5288 948 5342 si
997 5289 1315 5359 presbyteri
1361 5306 1505 5361 quos
1552 5291 1843 5361 baptizant
1878 5310 2079 5349 eorum

388 5372 605 5428 frontes
661 5377 933 5432 unctione
995 5394 1151 5432 sacra
1205 5394 1319 5432 non
1373 5378 1590 5446 linunt;
1660 5396 1800 5435 num
1867 5382 2077 5438 idcirco

389 5460 659 5529 baptismi
688 5467 931 5535 gratiam
962 5484 1083 5523 non
1110 5467 1435 5539 perﬁciunt,
1480 5466 1693 5523 trinam
1730 5470 2077 5527 mersionem

2188 3096 2487 3160 ceperunt.
2538 3093 2602 3145 In
2634 3093 2832 3147 eadem
2859 3094 2971 3147 ﬁde
3002 3099 3117 3148 tam
3176 3095 3480 3149 Orientalis
3512 3112 3687 3167 quam
3735 3098 3896 3152 Occi-

2187 3180 2430 3233 dentalis
2455 3196 2681 3251 semper
2708 3183 2981 3235 remansit
3031 3183 3294 3237 Ecclesia.
3344 3186 3635 3239 Noverunt
3677 3187 3895 3241 etenim

2189 3269 2433 3337 apostoli
2466 3270 2702 3337 dictum,
2736 3271 2888 3340 quod
2922 3277 3006 3325 est
3058 3288 3168 3326 una
3207 3273 3343 3341 fich
3396 3290 3563 3328 unum
3616 3275 3895 3344 baptisma

2188 3359 2405 3424 (Ephes.
2442 3374 2517 3425 iv,
2551 3358 2622 3428 5).
2668 3360 2731 3412 Et
2772 3359 2905 3413 licet
2948 3360 3195 3415 haereses
3242 3362 3572 3432 frequenter
3623 3381 3895 3433 exsurge-

2186 3448 2334 3509 rent,
2369 3460 2496 3514 ηοω
2526 3450 2801 3515 tanquam
2834 3448 2971 3502 mali
2999 3449 3180 3519 pisces
3211 3450 3420 3505 Christi
3456 3452 3594 3505 retia
3654 3469 3896 3523 rumpe-

2187 3536 2337 3594 rent,
2371 3532 2577 3585 Christi
2609 3537 2802 3588 tamen
2832 3537 3025 3589 tunica
3059 3538 3379 3607 permansit
3425 3538 3666 3609 integra.
3724 3541 3895 3594 Insti-

2188 3622 2312 3671 tuta
2340 3635 2474 3673 vero
2526 3620 2811 3690 majorum
2860 3624 2977 3677 suis
3023 3625 3478 3697 quibuscumque
3522 3628 3659 3682 locis
3715 3629 3893 3693 edita,

2189 3708 2333 3761 sicut
2375 3724 2493 3762 non
2544 3711 2812 3765 omnibus
2868 3714 3119 3767 ecclesiis
3179 3716 3400 3778 eadem,
3462 3717 3539 3769 sic
3607 3717 3895 3773 unitatem

2186 3795 2319 3851 ﬁdei
2350 3798 2510 3851 nullo
2541 3800 2711 3853 modo
2741 3800 2984 3855 divisere
3018 3819 3029 3855 :
3068 3818 3171 3856 nec
3201 3810 3437 3874 propter
3479 3806 3713 3859 alterum
3749 3822 3890 3860 con-

2189 3885 2517 3940 suetudinis
2544 3889 3054 3944 commutationem
3079 3896 3293 3946 mutuae
3325 3892 3609 3947 societatis
3647 3895 3893 3949 amisere

2186 3975 2676 4029 communionem.
2738 3977 3020 4041 Quoniam
3080 3980 3237 4034 aliud
3286 3986 3370 4034 est
3421 3983 3489 4035 de
3538 3982 3758 4049 habitu,
3820 3985 3893 4039 de

2187 4063 2617 4118 conversatione
2649 4065 2994 4133 discernere,
3024 4072 3079 4121 et
3100 4068 3259 4124 aliud
3292 4070 3360 4123 de
3401 4070 3618 4125 unitate
3639 4071 3775 4126 ﬁdei
3813 4074 3892 4126 si-

2187 4150 2401 4204 militer
2429 4152 2658 4206 sentire.
2694 4153 2801 4208 Sed
2856 4155 2925 4209 de
2973 4156 3062 4210 his
3090 4159 3390 4227 posterius.
3451 4160 3607 4213 Nunc
3638 4161 3709 4213 ad
3752 4178 3891 4231 pro-

2188 4239 2370 4307 posita
2426 4241 2743 4307 veniamus,
2798 4248 2855 4296 et
2901 4244 2970 4297 de
3012 4244 3255 4315 singulis
3296 4263 3426 4317 qna:
3477 4248 3659 4317 gratia
3707 4250 3892 4304 sancti

2119 4324 2161 4377 D
2186 4326 2431 4397 Spiritus
2468 4329 2784 4398 donaverit,
2814 4331 3196 4402 disputemus,
3226 4351 3345 4389 non
3371 4336 3633 4390 ordinem
3673 4354 3889 4407 propo-

2188 4415 2424 4469 sitarum
2457 4422 2761 4488 sequentes
2778 4422 3181 4490 quaestionum.
3216 4425 3308 4477 Est
3340 4424 3494 4479 enim
3518 4426 3706 4478 minus
3747 4443 3890 4496 pru-

2189 4504 2390 4558 denter
2417 4505 2746 4576 dispositus,
2780 4509 2917 4579 quia
2951 4510 3177 4565 levitate
3206 4513 3433 4574 mentis,
3470 4529 3584 4567 non
3629 4515 3887 4584 pruden-

2187 4590 2280 4644 tiae
2308 4592 2585 4662 gravitate
2616 4594 2870 4666 digestus
2901 4613 3024 4652 esse
3063 4600 3450 4669 cognoscitur.

2258 4680 2327 4733 Et
2354 4680 2540 4751 primo
2567 4683 2637 4737 de
2667 4683 2879 4754 Spiritu
2906 4692 3102 4741 sancto
3136 4705 3265 4758 quae
3299 4688 3596 4743 donaverit
3627 4689 3752 4761 ipse
3788 4693 3889 4747 di-

2188 4783 2416 4822 camus:
2448 4770 2555 4824 hoc
2604 4772 2759 4825 enim
2791 4778 2849 4826 et
2880 4775 3135 4844 primum
3166 4781 3249 4830 est
3283 4782 3337 4829 et
3393 4777 3776 4848 praecipuum,
3831 4787 3893 4836 et

2189 4857 2260 4911 ad
2302 4857 2592 4913 catholica:
2640 4860 2774 4915 ﬁdei
2826 4862 3122 4931 pertinens
3180 4864 3629 4920 ﬁrmamentum.
3676 4867 3894 4923 Osten-

2188 4945 2322 4999 dere
2350 4962 2598 5017 namque
2629 4953 2716 5002 est
2744 4950 2939 5005 animo
2998 4952 3151 5022 quod
3195 4953 3274 5006 sic
3303 4953 3372 5007 de
3401 4970 3467 5007 eo
3520 4955 3801 5009 sentimus
3833 4962 3894 5012 et

2189 5033 2550 5103 conﬁtemur,
2583 5035 2728 5090 sicut
2757 5042 2813 5091 et
2841 5040 3036 5092 Patres
3084 5041 3267 5094 nostri
3316 5048 3621 5096 senserunt
3666 5048 3723 5097 et
3754 5061 3892 5099 con-

2189 5120 2317 5175 fessi
2350 5127 2511 5188 sunt;
2573 5127 2630 5177 et
2682 5125 2762 5178 sic
2811 5125 2921 5196 ipsi
2974 5133 3273 5182 senserunt
3328 5135 3384 5183 et
3438 5130 3682 5200 professi
3729 5139 3889 5203 sunt,

2189 5208 2334 5263 sicut
2363 5212 2607 5280 apostoli
2639 5217 2939 5267 senserunt
2987 5220 3043 5268 et
3089 5216 3423 5271 docuerunt.
3477 5220 3893 5289 Apostolorum

2188 5301 2383 5352 autem
2423 5298 2742 5353 doctrinam
2785 5300 2831 5353 si
2875 5302 3004 5372 quis
3044 5319 3283 5375 arguere
3331 5307 3619 5374 maluerit,
3678 5308 3894 5364 Christi

2188 5400 2421 5439 necesse
2453 5392 2538 5441 est
2564 5388 2962 5459 magisterium
3003 5392 3331 5464 redarguat,
3364 5400 3420 5449 et
3470 5395 3891 5467 prophetarum

2188 5476 2416 5528 oracula
2447 5476 2671 5531 refutet.

2004 5634 2309 5646 —_
