4130 6184
180 284 283 337 2‘29

857 435 1080 489 CAPUT
1109 437 1205 490 III.

178 540 447 614 Probatur
497 540 765 614 Spiritum
814 548 1058 595 sanctum
1106 560 1173 595 ese
1231 546 1392 597 Patre
1462 546 1707 613 Filioque
1750 563 1871 614 pro-

244 611 447 664 cedere.
500 613 636 664 Aria
676 615 1051 665 assimilantur
1082 616 1273 668 Graeci.
1314 617 1570 668 Salvator
1613 611 1690 670 est
1730 611 1870 669 veri-

245 688 352 734 tas.
381 684 625 748 Spiritus
678 690 898 736 sanctus
948 689 1025 737 est
1077 688 1309 750 spiritus
1358 689 1624 753 veritatis,
1687 688 1744 739 id
1795 692 1873 741 est

244 754 475 807 Christi.
510 755 763 808 Charitas
785 754 989 807 dicitur
1010 756 1251 823 Spiritus
1274 762 1512 810 sanctus.

241 859 500 928 Arguitis
535 859 687 929 quod
715 859 989 929 Spiritum
1024 867 1281 914 sanctum
1316 878 1383 915 ex
1412 864 1577 915 Patre
1614 864 1871 935 Filioque

171 948 484 1014 procedere
515 947 791 1011 dicamus,
825 964 956 1001 cum
985 949 1093 1018 ipsi
1124 966 1192 1002 ex
1218 951 1377 1003 Patre
1412 955 1635 1003 tantum
1670 968 1869 1022 proce-

172 1036 305 1087 dere
348 1035 567 1088 dicatis.
609 1036 1051 1090 Consideremus
1095 1037 1385 1107 Evangelii
1443 1039 1765 1103 lectionem,
1817 1045 1873 1093 et

171 1142 232 1176 ex
255 1142 327 1177 eo
359 1109 747 1192 responsionis
772 1133 1028 1179 tenorem
1053 1128 1364 1195 capiamus.
1414 1129 1689 1199 Loquitur
1716 1130 1869 1183 enim

170 1214 430 1266 Salvator
460 1214 519 1267 in
576 1230 839 1267 sermone
889 1232 1061 1285 quem
1099 1218 1412 1271 secundum
1464 1220 1741 1272 Joannem
1798 1220 1866 1273 ad

171 1302 483 1371 discipulos
512 1308 699 1365 nocte,
732 1320 843 1373 qua
894 1304 1208 1357 tradendus
1259 1310 1393 1365 erat,
1435 1306 1663 1374 fecerat,
1719 1308 1870 1360 inter

169 1392 394 1460 reliqua
438 1392 515 1443 sic
549 1409 560 1444 :
613 1394 753 1445 Cum
783 1397 961 1446 autem
990 1396 1197 1447 venerit
1227 1396 1540 1449 Paractetus
1582 1412 1737 1465 quem
1774 1412 1868 1463 ego

170 1484 385 1532 mittam
418 1481 563 1533 vobis
596 1498 627 1532 a
663 1484 837 1543 Patre,
872 1483 1144 1549 Spiritum
1192 1485 1462 1543 veritatis,
1496 1487 1591 1551 qui
1645 1502 1678 1537 a
1708 1488 1869 1539 Patre

164 1569 431 1636 procedit,
491 1571 580 1621 ille
640 1567 998 1623 testimonium
1050 1572 1357 1639 prohibebit
1422 1572 1486 1625 de
1544 1589 1624 1625 me
1687 1575 1860 1643 (Joan.

1213 282 1485 338 CONTRA
1522 284 1916 339 GR/ECORUM
1952 284 2311 342 OPPOSITA.
2345 318 2414 327 —
2443 291 2568 344 LIB.
2606 292 2645 343 Ι.

3577 303 3680 355 230

1911 421 1961 475 Α
1991 422 2248 493 Filioque
2279 426 2533 495 procedit
2563 443 2575 479 :
2600 426 2723 481 sine
2771 434 3027 500 tempore
3057 447 3307 503 namque
3356 438 3613 504 procedit
3645 456 3679 493 a

1992 513 2172 577 Patre,
2217 514 2469 583 procedit
2519 520 2576 567 et
2605 531 2637 566 a
2686 516 2855 581 Filio;
2902 519 3036 588 quia
3085 522 3253 573 Pater
3309 529 3366 575 et
3406 524 3579 578 Filius
3622 531 3677 579 et

1982 600 2225 669 Spiritus
2263 607 2492 655 sanctus
2540 608 2655 655 tres
2714 605 2947 674 quidem
3001 623 3279 677 persona,
3346 612 3441 664 sed
3505 615 3675 667 unius

1982 689 2355 761 ejusdemque
2380 692 2725 745 exstiterunt
2754 694 3122 766 existuntque
3154 699 3506 753 substantiae.

2049 777 2317 848 Sequitur
2368 780 2615 835 :Omnia
2687 796 3014 850 quaecunque
3071 785 3225 838 habet
3289 787 3474 853 Pater,
3558 806 3676 843 mea

1978 872 2139 931 sunt;
2178 872 2469 936 propterea
2510 869 2654 933 dimi,
2688 872 2821 939 quia
2844 871 2909 923 de
2937 887 3049 925 meo
3080 876 3324 942 accipiet,
3358 881 3406 929 et
3454 894 3674 931 annun-

1980 956 2322 1009 tiabit'vobis
2346 958 2541 1024 (1ὁίίί.,
2612 960 2799 1024 15).Si
2859 960 3055 1013 omnia
3096 977 3451 1033 quaecunque
3505 965 3676 1019 habet

1978 1045 2163 1108 Pater,
2215 1044 2385 1099 habet
2440 1050 2495 1099 et
2545 1047 2738 1111 Filius,
2791 1048 3047 1116 profecto
3109 1050 3255 1102 sicut
3284 1060 3369 1103 est
3428 1052 3671 1121 Spiritus

1976 1137 2201 1185 sanctus
2244 1134 2423 1186 Patris
2452 1134 2715 1203 Spiritus,
2750 1136 2828 1188 sic
2851 1142 2933 1189 est
2969 1142 3024 1189 et
3057 1138 3179 1190 Filii
3215 1139 3493 1209 Spiritus;
3533 1142 3673 1194 alio-

1977 1221 2116 1290 quin
2146 1221 2193 1274 si
2220 1222 2401 1275 Patris
2421 1228 2507 1276 est
2536 1228 2780 1290 tantum,
2817 1240 2930 1278 non
2950 1225 3124 1278 etiam
3159 1227 3301 1290 Filii,
3328 1245 3440 1281 non
3483 1230 3675 1283 omnia

1977 1325 2335 1381 quaecunque
2366 1310 2539 1365 habet
2569 1314 2753 1372 Pater,
2784 1319 2914 1366 sunt
2947 1314 3091 1368 Filii.
3128 1316 3234 1370 Sed
3272 1316 3444 1370 habet
3482 1319 3676 1371 omnia

1977 1414 2337 1469 quaecunque
2368 1399 2541 1453 habet
2580 1402 2763 1465 Pater,
2808 1402 3001 1455 Filius.
3038 1404 3216 1473 Igitur
3248 1405 3392 1458 sicut
3423 1413 3508 1459 est
3547 1406 3672 1476 Spi-

1976 1486 2117 1538 ritus
2150 1488 2590 1553 sanctuquatris
2633 1489 2897 1557 Spiritus,
2931 1492 3010 1543 sic
3048 1498 3210 1545 estet
3236 1494 3357 1546 Filii
3405 1494 3668 1563 Spiritus.

1976 1572 2082 1625 Sed
2108 1574 2253 1626 hanc
2274 1574 2643 1629 habitationis
2676 1578 3095 1644 possessionem
3128 1596 3242 1632 non
3288 1587 3556 1649 putemus
3587 1584 3671 1636 vel

168 1676 255 1721 xv,
294 1662 404 1713 26).
441 1660 647 1727 Legitis
678 1663 834 1728 quia
883 1662 1056 1713 Patre
1098 1660 1361 1729 procedit,
1406 1668 1461 1715 et
1500 1663 1699 1716 audire
1752 1681 1863 1718 non
1905 1704 1947 1758 Β
1979 1661 2421 1715 minorationem
2470 1663 2865 1733 depOsitionis,
2898 1668 2986 1720 vel
3029 1669 3375 1721 conditionis
3423 1670 3673 1723 additio-

167 1744 343 1796 vultis
390 1745 672 1797 dicentem
735 1746 960 1809 Filium,
1016 1762 1170 1813 quem
1217 1762 1310 1813 ego
1366 1750 1581 1801 mittam
1627 1750 1775 1803 vobis
1831 1767 1864 1804 a

168 1834 360 1885 Patre.
395 1834 572 1887 Dicite
615 1835 1104 1903 quemadmodum
1143 1835 1407 1889 mittatur
1433 1853 1466 1887 a
1518 1838 1658 1890 Filio
1692 1854 1704 1891 :
1760 1840 1867 1893 hoc

166 1938 423 1991 namque
456 1922 643 1975 dicere
678 1923 881 1975 Filium
916 1940 1029 1975 non
1082 1924 1323 1992 negatis,
1359 1925 1404 1977 si
1436 1931 1631 1979 tamen
1689 1929 1870 1981 Evan-

164 2013 382 2080 gelium
416 2012 623 2081 legitis,
674 2017 770 2064 aut
822 2013 1125 2082 Evangelia
1158 2013 1202 2065 si
1256 2013 1527 2066 creditis?
1571 2018 1685 2068 Aut
1724 2032 1864 2085 ergo

165 2101 524 2165 missionem,
594 2101 742 2154 hanc
810 2102 1164 2155 conﬁtemini
1220 2103 1668 2172 processionem,
1747 2111 1864 2171 aut,

166 2190 319 2259 quod
364 2195 451 2242 est
506 2190 774 2259 impium,
836 2190 1033 2244 dicetis
1082 2190 1513 2261 obsequium“:
1572 2198 1627 2246 et
1687 2193 1865 2256 eritis,

165 2278 316 2348 quod
353 2277 523 2341 absit,
556 2294 683 2331 cum
722 2278 879 2343 Ario,
915 2280 1016 2349 qui
1065 2280 1344 2333 minorem
1405 2281 1673 2350 dogmate
1730 2299 1860 2352 per-

166 2384 330 2420 verso
363 2367 642 2436 Spiritum
704 2373 963 2421 sanctum
1025 2370 1315 2423 asserebat
1373 2370 1534 2423 Filio.
1569 2372 1731 2425 Absit
1762 2389 1862 2425 au-

167 2462 277 2510 tem
311 2461 374 2509 ut
403 2457 523 2509 Arii
552 2462 741 2525 partes
780 2457 964 2510 velitis
992 2462 1277 2524 astruere;
1311 2458 1457 2512 absit
1487 2464 1549 2512 ut
1588 2460 1864 2528 Spiritum

164 2552 427 2598 sanctum
479 2546 759 2597 minorem
794 2547 954 2599 Patre
1012 2546 1270 2616 Filioque
1324 2547 1508 2599 velitis
1557 2548 1862 2603 affirmare.

166 2636 342 2693 luitur
406 2650 537 2686 cum
604 2634 754 2685 dicat
822 2634 993 2687 Filius
1056 2635 1363 2688 missurum
1434 2652 1493 2687 se
1560 2653 1679 2687 esse
1746 2639 1867 2707 Spi-

162 2726 326 2775 ritum
358 2724 610 2774 veritatis
640 2724 773 2788 quia
802 2738 835 2773 a
866 2723 1027 2775 Patre
1059 2724 1322 2791 procedit,
1360 2724 1611 2793 profecto
1652 2725 1866 2778 fatetur

162 2811 312 2880 quod
347 2827 381 2862 a
414 2826 477 2862 se
502 2810 653 2862 dicat
681 2826 809 2863 cum
841 2811 1166 2879 procedere,
1202 2812 1338 2865 dum
1371 2813 1674 2865 confirmat
1731 2830 1864 2867 eum

161 2916 217 2951 se
262 2899 515 2952 mittere.
579 2899 857 2951 Fortassis
906 2901 1282 2969 quaestionem
1340 2901 1488 2963 facit,
1547 2902 1694 2971 quod
1747 2919 1863 2957 non

1979 1766 2133 1803 nem.
2182 1753 2391 1805 Verum
2438 1753 2577 1807 illud
2629 1754 2969 1819 declaratur,
3026 1757 3162 1826 quia
3226 1760 3371 1810 sicut
3419 1759 3675 1827 procedit

1974 1838 2217 1906 Spiritus
2273 1845 2498 1894 sanctus
2544 1858 2573 1893 a
2629 1844 2814 1907 Patre,
2876 1845 2953 1895 sic
3029 1861 3257 1913 quoque
3324 1847 3583 1912 procedit
3640 1864 3670 1899 a

1977 1928 2144 1981 Filio.
2208 1930 2386 1981 Paulo
2425 1930 2686 1999 superius
2718 1932 2975 1985 Christus
3002 1934 3080 1985 nit
3114 1949 3125 1985 :
3172 1935 3301 1987 Cum
3350 1938 3526 1987 autem
3575 1950 3670 1987 ve—

1971 2018 2111 2068 nerit
2132 2017 2223 2070 ille
2236 2018 2474 2085 Spiritus
2504 2021 2779 2083 veritatis;
2799 2024 2853 2071 et
2876 2020 3034 2088 prius
3052 2022 3271 2073 diXerat
3296 2038 3306 2075 :
3334 2022 3461 2076 Cum
3494 2026 3671 2075 autem

1974 2107 2183 2158 venerit
2225 2107 2552 2167 Paractetus,
2607 2123 2762 2174 quem
2818 2123 2911 2173 ego
2966 2111 3181 2162 mittam
3228 2111 3374 2162 vobis
3407 2127 3436 2161 a
3487 2112 3669 2172 Patre,

1975 2194 2243 2261 Spiritum
2272 2197 2541 2247 veritatis.
2574 2196 2787 2248 Veritas
2817 2196 3074 2249 Salvator
3104 2202 3207 2263 est,
3241 2198 3361 2267 ipse
3391 2198 3671 2268 Philippo

1973 2282 2307 2335 testificatur
2342 2286 2484 2352 :Ego
2506 2299 2623 2336 sum
2643 2286 2755 2350 via,
2780 2286 3002 2345 veritas,
3027 2290 3077 2338 et
3099 2288 3215 2339 vita
3239 2287 3414 2354 (Joan.
3453 2303 3562 2351 xw,
3596 2287 3669 2356 6).

1974 2368 2032 2421 Si
2064 2386 2201 2439 ergo
2228 2371 2436 2423 veritas
2464 2371 2719 2424 Salvator
2742 2377 2848 2437 est,
2880 2378 2936 2425 et
2974 2373 3231 2427 Salvator
3278 2375 3449 2428 Filius
3492 2374 3672 2427 Patris

1973 2462 2077 2524 cst,
2116 2458 2257 2527 quid
2298 2463 2381 2511 est
2414 2460 2570 2512 aliud
2616 2460 2803 2512 dicere
2853 2460 3125 2530 Spiritum
3168 2461 3438 2527 veritatis,
3496 2477 3669 2531 quam

1972 2544 2246 2615 Spiritum
2273 2548 2436 2600 Filii?
2465 2548 2837 2617 Cognoscitur
2870 2564 3004 2617 crgo
3037 2549 3283 2617 Spiritus
3336 2550 3519 2603 Patris
3551 2566 3671 2601 esse

1974 2635 2069 2703 qui
2094 2635 2353 2701 procedit
2398 2653 2431 2690 a
2468 2638 2662 2701 Patre;
2698 2636 2985 2707 simulque
3025 2638 3268 2707 Spiritus
3301 2639 3446 2701 Filii,
3496 2655 3669 2709 quem

1973 2722 2231 2775 Salvator
2259 2723 2559 2776 confitetur
2585 2723 2860 2793 Spiritum
2886 2742 3007 2779 esse
3041 2726 3312 2779 veritatis.

2043 2811 2098 2865 Si
2134 2812 2345 2882 quieris
2380 2813 2530 2866 unde
2558 2813 2632 2865 sit
2665 2813 2911 2882 Spiritus
2953 2814 3229 2880 veritatis,
3265 2831 3460 2885 quaere
3495 2816 3664 2869 simul

1976 2900 2125 2953 unde
2158 2901 2231 2952 sit
2264 2900 2508 2970 Spiritus
2549 2901 2727 2955 Patris
2762 2919 2773 2955 :
2809 2903 3171 2971 procedendo
3207 2920 3453 2973 namque
3498 2922 3528 2957 a
3567 2907 3663 2958 Pa-

158 2988 503 3057 simpliciter
528 2986 738 3040 dixerit
768 2988 1023 3041 Salvator
1056 3004 1067 3041 :
1121 2990 1288 3053 Quem
1356 3004 1452 3059 ego
1502 2992 1719 3044 mittam
1764 3008 1862 3045 vo—
1900 2986 1939 3039 C
1973 2992 2058 3041 tre
2092 2988 2337 3058 Spiritus
2368 2989 2549 3043 Patris
2579 2994 2681 3053 est;
2721 2990 3006 3061 simulque
3048 2992 3407 3062 procedendo
3441 3009 3473 3046 a
3504 2993 3666 3057 Filio,

160 3075 238 3128 bis
285 3094 297 3129 :
350 3076 450 3129 sed
512 3076 819 3138 addiderit,
875 3092 909 3128 a
969 3077 1155 3131 Patre.
1218 3078 1331 3129 Hoc
1379 3076 1577 3129 Ariani
1632 3089 1860 3128 movere

158 3167 331 3233 primi
384 3166 632 3233 gradum
709 3165 890 3218 facere
941 3165 1196 3217 volentes
1242 3165 1299 3217 in
1359 3163 1677 3217 Divinitate.
1753 3162 1861 3215 Sed

162 3254 458 3323 Evangelii
500 3256 707 3307 veritas
758 3252 1294 3306 consubstantialem
1348 3253 1521 3306 totius
1567 3249 1861 3305 Trinitatis

159 3343 408 3396 ostendit
439 3342 744 3395 unitatem.
771 3341 1032 3395 Procedit
1059 3341 1301 3411 Spiritus
1349 3347 1575 3395 sanctus
1608 3357 1640 3393 a
1669 3341 1858 3403 Patre,

160 3432 312 3483 illius
346 3431 489 3499 quia
518 3430 587 3482 de
615 3429 936 3482 substantia
966 3435 1179 3482 manat.
1214 3430 1379 3483 Mittit
1402 3446 1631 3499 quoque
1684 3428 1861 3481 Filius

158 3520 435 3588 Spiritum
470 3518 722 3571 veritatis
758 3535 788 3569 a
832 3519 1013 3585 Patre,
1046 3518 1182 3587 quia
1230 3518 1475 3586 Spiritus
1538 3522 1766 3571 sanctus
1798 3523 1861 3573 ut

160 3608 356 3661 aFilio
392 3609 691 3676 procedat,
728 3606 847 3676 ipse
898 3612 1064 3659 natus
1113 3610 1199 3659 est
1239 3622 1301 3658 ex
1356 3609 1552 3671 Patre;
1604 3612 1660 3659 et
1715 3607 1860 3661 sicut

158 3697 377 3767 accepit
427 3697 498 3748 de
542 3697 707 3748 Patre
773 3695 943 3747 Filius
994 3696 1279 3749 nascendo
1329 3694 1727 3761 substantiam,
1782 3695 1859 3749 sic

158 3785 355 3837 itidem
389 3783 606 3852 accepit
642 3800 671 3834 a
706 3784 869 3835 Patre
904 3787 965 3834 ut
1015 3782 1290 3852 Spiritum
1326 3782 1577 3835 veritatis
1608 3783 1859 3837 mitteret

154 3890 187 3925 a
216 3890 275 3925 se
314 3870 708 3942 procedendo.
742 3870 1011 3939 Alioquin
1060 3886 1189 3923 cum
1237 3871 1372 3923 dicit
1406 3887 1418 3923 :
1472 3873 1575 3937 Qui
1613 3887 1647 3924 a
1703 3873 1861 3925 Patre

150 3961 433 4028 procedit;
469 3976 581 4012 non
620 3964 790 4029 negat
822 3976 851 4011 a
882 3974 939 4011 se
973 3958 1298 4028 procedere,
1344 3959 1616 4028 quoniam
1662 3958 1858 4013 missio

159 4050 306 4113 Filii,
340 4047 635 4119 processio
669 4052 753 4100 est
802 4045 1045 4116 Spiritus
1089 4047 1296 4111 sancti;
1356 4051 1417 4100 ut
1452 4046 1641 4099 mittat
1680 4047 1860 4117 Spiri-

154 4144 279 4189 tum
315 4136 593 4195 veritatis,
629 4151 743 4187 non
771 4140 1043 4205 tanquam
1098 4134 1383 4188 minorem
1439 4134 1696 4203 jubendo
1737 4134 1858 4204 ipse

1973 3075 2073 3145 qui
2100 3081 2184 3129 est
2213 3077 2439 3141 veritas,
2499 3076 2741 3145 Spiritus
2781 3084 2865 3130 est
2898 3079 3039 3131 Filii.
3085 3080 3207 3132 Non
3256 3085 3489 3149 propter
3537 3082 3668 3134 sub-

1965 3164 2275 3232 jectionem
2308 3163 2575 3216 dicuntur
2606 3164 2731 3226 ista,
2763 3166 2859 3217 sed
2902 3171 3137 3234 propter
3169 3167 3337 3219 unius
3378 3168 3667 3235 ejusdem-

1973 3267 2084 3320 que
2107 3251 2437 3304 substautiaa
2478 3252 2975 3315 significationem.
3006 3254 3292 3317 Quoniam
3338 3254 3485 3307 sicut
3531 3260 3665 3308 sunt

1972 3340 2141 3392 Pater
2160 3344 2217 3391 et
2249 3340 2420 3392 Filius
2455 3340 2623 3393 unius
2651 3340 3030 3412 ejusdemque
3068 3342 3439 3412 {substantim,
3475 3342 3554 3397 sic
3592 3344 3662 3396 ab

1972 3432 2215 3497 utroque
2253 3428 2514 3497 procedit
2551 3428 2798 3497 Spiritus
2845 3436 3092 3485 sanctus.
3148 3432 3257 3485 Nec
3302 3438 3467 3500 putes
3526 3433 3668 3486 duos

1971 3516 2181 3569 habere
2232 3522 2420 3585 patres
2468 3517 2743 3587 Spiritum
2801 3524 3082 3586 sanctum,
3142 3520 3277 3591 quia
3336 3521 3592 3590 procedit
3636 3538 3670 3574 a

1973 3606 2157 3668 Patre,
2206 3606 2462 3675 procedit
2508 3623 2541 3659 a
2596 3608 2769 3660 Filio:
2831 3609 3107 3678 quoniam
3151 3610 3396 3679 Spiritus
3442 3614 3668 3664 sanctus

1971 3708 2087 3745 non
2121 3698 2205 3744 est
2238 3692 2430 3759 Filius,
2463 3698 2520 3746 et
2546 3693 2644 3762 qui
2675 3694 2830 3747 filius
2862 3712 2979 3749 non
3020 3700 3123 3759 est,
3174 3697 3383 3750 habere
3441 3703 3666 3767 patrem

1968 3796 2087 3833 non
2118 3784 2326 3848 potest.

2045 3867 2263 3921 Dicitur
2306 3884 2536 3938 quoque
2610 3868 2853 3939 Spiritus
2913 3874 3140 3923 sanctus
3206 3872 3454 3925 charitas
3520 3891 3664 3940 esse,

1971 3957 2122 4010 unde
2156 3956 2354 4009 beatus
2395 3957 2642 4009 Joannes
2676 3973 2687 4010 :
2725 3960 2861 4011 Deus
2888 3959 3129 4012 Charitas
3184 3964 3261 4011 est
3309 3960 3367 4029 (Ι
3410 3965 3549 4015 Joan
3592 3979 3662 4028 1v,

1974 4048 2081 4111 16).
2113 4045 2292 4110 Quam
2327 4046 2662 4100 charitatem
2693 4047 3099 4100 commendans
3130 4048 3325 4101 scribit
3352 4048 3618 4104 fidelibus
3650 4067 3661 4103 :

1969 4135 2050 4187 Et
2102 4150 2194 4188 vos
2228 4138 2530 4189 unctionem
2577 4151 2741 4204 quam
2784 4139 3067 4204 accepistis
3109 4138 3176 4189 ab
3204 4144 3297 4199 ‘eo,
3346 4143 3561 4191 maneat
3608 4142 3663 4192 in

156 4228 345 4295 major
394 4223 716 4285 existendo;
774 4223 871 4276 sed
925 4223 1213 4276 missionis
1266 4223 1437 4276 verbo
1486 4227 1856 4287 monstratur,
1899 4224 2149 4312 Dvobis;
2181 4229 2232 4276 et
2277 4238 2482 4277 necesse
2530 4240 2636 4277 non
2688 4226 2895 4277 habetis
2950 4230 3011 4277 ut
3058 4226 3263 4292 aliquis
3307 4226 3491 4280 doceat
3536 4242 3660 4297 vos;

155 4314 293 4385 quia
365 4313 514 4366 sicut
571 4310 829 4380 procedit
882 4311 1124 4380 Spiritus
1156 4311 1411 4364 veritatis
1456 4327 1485 4361 a
1540 4311 1721 4377 Patre,
1780 4310 1859 4363 sic

156 4404 335 4456 etiam
366 4401 631 4472 procedit
657 4403 713 4452 et
752 4417 781 4451 a
818 4400 978 4453 Filio.
1035 4400 1172 4452 Hinc
1220 4399 1279 4452 in
1324 4398 1807 4468 consequentibus
1841 4415 1853 4451 :

156 4498 238 4544 At
270 4493 363 4543 itte
392 4506 477 4543 me
503 4488 854 4556 clari/icabit;
892 4487 1025 4555 quia
1070 4488 1135 4541 de
1171 4504 1283 4541 meo
1334 4490 1597 4556 accipiet,
1658 4491 1708 4540 et
1757 4502 1854 4539 an-

154 4579 460 4632 muntiabit
489 4578 637 4631 vobis
671 4579 850 4644 (Joan.
891 4591 1003 4641 xvi,
1053 4578 1161 4643 14).
1203 4576 1344 4639 Quid
1401 4576 1556 4629 enim
1616 4575 1859 4644 accipiet

152 4669 405 4739 Spiritus
433 4670 712 4719 sanctusa
761 4665 921 4731 Filio,
973 4681 1099 4718 cum
1143 4665 1313 4718 unius
1353 4665 1465 4717 sint
1520 4664 1855 4717 substantiae

152 4758 446 4826 uniusque
516 4754 829 4824 potentiae?
907 4753 1212 4816 Nimirum,
1284 4752 1349 4805 de
1412 4768 1522 4805 meo
1605 4754 1849 4819 accipiet,

152 4847 324 4909 dixit;
358 4846 413 4898 id
451 4852 536 4897 est
568 4860 596 4895 a
648 4859 737 4896 me
783 4840 1059 4911 procedit,
1111 4840 1247 4911 quia
1292 4842 1437 4894 sicut
1486 4846 1619 4892 sunt
1686 4841 1854 4894 unius

149 4933 494 4987 substantiae
523 4934 689 4985 Pater
718 4936 775 4983 et
806 4930 1000 4995 Filius,
1036 4929 1116 4983 sic
1151 4934 1207 4982 et
1236 4929 1306 4982 de
1367 4932 1609 4999 utroque
1651 4944 1854 4998 proce—

147 5024 343 5077 dendo
388 5021 636 5091 Spiritus
693 5023 921 5072 sanctus
966 5019 1182 5089 accepit
1248 5016 1853 5073 consubstantialitatis

149 5111 549 5165 existentiam.

222 5201 337 5254 Nec
370 5199 540 5253 debet
584 5213 808 5251 movere
861 5196 1015 5266 quod
1066 5197 1298 5264 accipiet
1340 5194 1519 5249 futuri
1576 5194 1853 5263 temporis

146 5290 316 5352 dixit,
352 5289 461 5341 hoc
497 5287 653 5339 enim
684 5286 752 5339 ad
790 5284 931 5338 illud
962 5284 1196 5353 respicit
1225 5284 1378 5353 quod
1417 5283 1674 5336 futurum
1709 5286 1849 5344 erat,

147 5378 304 5448 quod
337 5375 635 5445 discipulis
659 5373 1012 5440 mitteretur;
1036 5387 1154 5425 non
1184 5372 1254 5426 ad
1274 5372 1416 5426 illud
1446 5370 1601 5441 quod
1630 5386 1664 5423 a
1686 5372 1850 5425 Patre

1966 4311 2061 4364 sed
2084 4314 2222 4364 sicut
2263 4315 2445 4366 unctio
2484 4313 2599 4379 ejus
2648 4312 2797 4365 docet
2842 4328 2932 4367 vos
2994 4313 3059 4366 de
3102 4314 3351 4368 omnibus
3397 4317 3442 4382 (Ι
3496 4314 3657 4370 Joan.

1970 4416 2029 4461 ιι,
2093 4399 2205 4467 27).
2268 4400 2411 4454 Huic
2469 4400 2654 4452 simile
2723 4400 3025 4453 Salvator:
3108 4404 3249 4454 Cum
3323 4408 3503 4456 autem
3576 4421 3667 4457 ve-

1966 4490 2129 4552 nerit,
2162 4487 2372 4557 inquit,
2410 4488 2500 4540 ilte
2522 4490 2769 4555 Spiritus
2796 4492 3063 4555 veritatis,
3085 4490 3290 4545 docebit
3328 4507 3419 4545 vos
3460 4508 3665 4546 omnem

1964 4578 2245 4629 veritatem
2292 4576 2469 4642 (Joan.
2522 4593 2631 4639 xw,
2693 4578 2794 4645 t6).
2844 4578 2969 4629 Sive
3019 4577 3198 4647 igitur
3245 4579 3398 4633 dicas
3457 4597 3469 4633 :
3527 4584 3665 4635 Deus

1965 4665 2207 4717 charitas
2253 4669 2358 4733 est;
2392 4664 2507 4717 sive
2552 4664 2702 4717 dicas
2736 4681 2747 4716 :
2784 4666 2936 4720 Sicut
2973 4669 3154 4721 unctio
3207 4669 3323 4735 ejus
3370 4668 3523 4723 docet
3573 4686 3665 4725 vos

1965 4751 2030 4805 de
2059 4753 2335 4818 omnibus;
2367 4754 2483 4806 sive
2516 4753 2668 4807 dicas
2711 4769 2724 4805 :
2780 4754 3047 4822 Spiritum
3076 4759 3345 4824 veritatis,
3382 4762 3480 4826 qui
3514 4759 3666 4814 docet

1964 4855 2167 4895 omnem
2211 4844 2492 4895 veritatem
2525 4858 2537 4894 :
2567 4842 2842 4911 Spiritum
2887 4848 3144 4897 sanctum
3204 4845 3510 4915 significas.
3570 4849 3664 4901 Est

1963 4937 2157 4983 autem
2187 4929 2430 4983 charitas
2464 4930 2664 4995 Patris,
2694 4948 2809 5000 qua
2835 4948 2937 4985 nos
2984 4932 3185 4986 dilexit
3214 4950 3227 4987 :
3283 4939 3368 4987 est
3416 4934 3664 4988 charitas

1966 5019 2251 5087 Filii,qua
2288 5034 2391 5071 nos
2424 5019 2684 5072 redemit.
2743 5020 2848 5074 Sed
2912 5037 3027 5074 non
3078 5022 3299 5076 diversa
3358 5027 3665 5093 propterea

1963 5107 2230 5172 charitas,
2274 5107 2410 5177 quia
2454 5107 2632 5160 Patris
2669 5125 2789 5161 esse
2849 5109 3057 5163 dicitur
3115 5116 3289 5181 atque
3338 5111 3511 5164 Filii:
3550 5126 3664 5180 qua

1962 5211 2212 5264 namque
2244 5194 2517 5248 charitate
2560 5197 2726 5249 Pater
2751 5197 2939 5267 diligit
2972 5199 3198 5262 Filium,
3243 5200 3442 5252 eadem
3478 5199 3660 5252 chari-

1962 5288 2075 5337 tate
2118 5283 2289 5337 Filius
2316 5283 2503 5354 diligit
2552 5286 2813 5339 Patrem:
2857 5290 2941 5338 est
2984 5302 3233 5354 namque
3264 5286 3510 5338 Charitas
3556 5289 3661 5340 Pa-

1962 5370 2065 5424 tris
2084 5370 2330 5440 Spiritus
2359 5374 2610 5435 sanctus,
2658 5376 2742 5425 est
2792 5373 3037 5425 cbaritas
3087 5387 3316 5441 quoque
3378 5372 3500 5425 Filii
3528 5373 3660 5445 Spi-

220 5553 245 5575 ι
288 5541 493 5595 Dicetis
521 5538 864 5605 obsequium.
904 5533 1211 5587 Vcrissima
1235 5532 1433 5597 lectio;
1466 5537 1635 5587 antea
1660 5531 1977 5602 legebatur,
2011 5533 2241 5599 impium
2261 5531 2482 5599 dicenti,
2512 5532 2845 5601 obsequium.
