4148 6180
416 292 508 343 ‘23!

1568 271 1930 328 RATRAMNI
1969 272 2427 329 CORBEIENSIS
2460 271 2770 327 MONACHI

3817 273 3926 324 232

416 424 560 479 ritus
596 426 840 475 sanctus.
876 412 1133 470 Procedit
1162 410 1405 466 cliaritas
1466 408 1646 463 Patris
1702 425 1735 461 a
1796 409 1981 476 Patre,
2042 411 2106 461 ut
2143 417 2185 467 Α
2217 408 2510 479 discipulis
2541 406 2661 462 ait:
2696 407 2867 463 Verba
2916 420 3036 474 quae
3068 406 3274 460 locutus
3305 421 3423 460 sum
3470 406 3639 474 vobis,
3676 409 3925 476 Spiritus

418 514 621 581 diligat
652 508 885 573 Filium;
919 502 1183 574 .procedit
1211 501 1384 554 etiam
1438 498 1687 551 charitas
1731 496 1855 551 Filii
1883 513 1916 550 a
1962 497 2103 551 Filio

416 606 478 655 ut
517 600 717 666 diligat
762 597 1007 648 Patrem.
1062 590 1242 660 Igitur
1310 589 1607 657 utriusque
1659 602 1775 639 una
1839 585 2105 651 charitas,

410 687 681 759 quoniam
712 683 1012 751 utriusque
1066 694 1215 732 unus
1256 676 1501 748 Spiritus
1532 677 1603 729 ab
1634 680 2105 746 utroqueprocv—

416 777 574 829 dens.

484 860 740 916 Christus
794 856 1076 911 clamabat
1108 855 1304 909 dicens
1340 871 1353 907 :
1387 854 1448 908 Si
1492 855 1614 921 quis
1643 854 1780 919 sitit,
1813 853 1996 904 veniat
2037 849 2110 903 ad

411 965 511 1013 me,
566 954 617 1001 et
664 946 813 1000 bibat
859 947 1035 1014 (Joan.
1096 960 1191 1008 vn,
1240 942 1344 1011 3T).
1391 943 1495 1007 Qui
1524 939 1694 994 credit
1724 942 1782 992 in
1828 955 1928 1006 me,
1967 938 2112 991 sicut

412 1038 551 1092 dicit
593 1035 907 1104 Scriptura,
968 1035 1195 1101 ﬂumina
1246 1031 1311 1083 de
1357 1035 1539 1083 ventre
1584 1029 1697 1096 ejus
1727 1031 1902 1096 ﬂuunt
1957 1042 2112 1094 aqua

412 1130 567 1180 view.
624 1122 933 1193 Subjungit
987 1120 1383 1190 evangelista:
1444 1120 1550 1171 Hoc
1608 1121 1786 1170 autem
1851 1115 1999 1169 dimit
2047 1115 2113 1168 de

416 1218 629 1285 Spiritu
659 1229 819 1283 quem
871 1213 1147 1280 accepturi
1185 1213 1339 1262 erant
1376 1207 1645 1262 credentes
1686 1210 1745 1259 in
1772 1222 1892 1259 eum
1933 1206 2109 1274 (Joan.

412 1322 507 1369 vn,
551 1304 662 1371 39).
725 1305 903 1372 Aqua:
938 1300 1070 1352 vivae
1129 1298 1389 1364 ﬂumina,
1443 1296 1793 1366 evangelista
1845 1295 2105 1361 docente,

422 1392 857 1446 inundationem
892 1389 1133 1442 dicimus
1163 1386 1406 1457 Spiritus
1436 1384 1632 1449 sancti,
1668 1400 1779 1454 qua
1803 1383 1967 1437 docet
1992 1382 2113 1435 Sal-

424 1487 587 1535 vator
623 1482 682 1532 in
723 1495 781 1532 se
825 1478 1120 1532 credentes
1177 1475 1522 1545 irrigandos.
1588 1473 1745 1527 Unde
1780 1471 1956 1540 igitur
2001 1470 2115 1523 flu-

430 1570 603 1634 mina,
637 1568 746 1621 nisi
779 1567 848 1620 de
877 1566 986 1619 tide
1017 1564 1219 1619 Christi
1263 1562 1552 1616 manantia
1584 1561 1610 1614 ‘I
1634 1562 1697 1614 Et
1743 1560 1895 1614 unde
1940 1558 2135 1630 :ﬁdesy

426 1657 535 1710 nisi
565 1673 630 1709 ex
662 1654 869 1710 Christi
901 1652 1200 1707 doctrina?
1247 1649 1744 1715 Quemadmodum
1796 1649 1974 1718 igitur
2012 1647 2115 1701 do-

413 1747 594 1800 ctrina
623 1743 827 1799 Christi
859 1745 926 1795 de
960 1742 1202 1806 Christo,
1239 1714 1295 1795 et
1328 1740 1466 1793 lides
1514 1739 1667 1792 illius
1712 1714 1984 1792 doctrinae
2037 1736 2106 1790 de
2147 1714 2186 1767 Β

414 1835 634 1889 Christo
670 1850 682 1887 :
715 1832 793 1886 sic
829 1832 1070 1885 ﬂumina
1101 1846 1266 1900 aquae
1303 1829 1463 1894 vivae,
1494 1828 1548 1881 id
1588 1832 1672 1880 est
1699 1825 1946 1896 Spiritus
1975 1840 2111 1877 sau-

412 1930 534 1978 ctus
566 1920 873 1993 procedita
928 1919 1147 1975 Christo
1181 1936 1193 1972 :
1249 1918 1503 1973 Christus
1557 1931 1807 1985 namque
1838 1918 1896 1967 et
1935 1914 2110 1967 homo

416 2012 719 2081 perfectus,
752 2016 809 2063 et
843 2010 992 2063 Deus
1023 2006 1324 2077 perfectus.
1370 2007 1441 2059 Ex
1469 2020 1582 2075 quo
1632 2003 1914 2073 perfectus
1942 2003 2109 2066 Deus,

414 2101 693 2169 Spiritum
725 2104 982 2150 sanctum
1017 2097 1075 2148 iu
1104 2111 1162 2148 se
1194 2094 1576 2151 credentibus,
1611 2092 1770 2162 quia
1803 2108 1861 2145 se
1910 2106 2109 2160 proce-

415 2188 516 2254 dit,
552 2186 810 2257 largitur,
862 2182 1143 2249 infundit;
1195 2182 1358 2251 cujus
1403 2181 1617 2234 tluenta
1662 2179 1830 2233 corda
1875 2178 2109 2232 creden-

414 2277 557 2329 tium
589 2280 819 2328 aaternae
848 2272 979 2326 vita:
1010 2271 1261 2325 fontibus
1311 2269 1616 2323 inundant.

487 2366 861 2421 Samaritana:
894 2380 1123 2434 quoque
1154 2363 1293 2415 dicit
1320 2378 1332 2415 :
1369 2363 1475 2427 Qui
1505 2361 1704 2416 biberit
1724 2376 1791 2413 ea:
1812 2375 1960 2427 aqua
1990 2360 2111 2425 hac,

414 2457 562 2508 sitiet
582 2458 778 2508 iterum
812 2469 823 2506 :
856 2454 952 2520 qui
981 2458 1159 2504 autem
1188 2450 1383 2503 biberit
1402 2464 1468 2501 ea:
1490 2464 1637 2517 aqua
1663 2463 1826 2516 quam
1856 2463 1949 2513 ego
1972 2447 2111 2500 dabo

414 2545 482 2609 ei,
514 2558 620 2595 non
650 2544 795 2595 sitiet
826 2543 883 2593 in
913 2544 1189 2593 aeternum.
1240 2536 1345 2592 Sed
1378 2552 1526 2604 aqua
1560 2552 1723 2604 quam
1748 2552 1840 2601 ego
1875 2535 2014 2589 dabo
2043 2536 2112 2600 ei,

412 2633 572 2699 ﬂetin
599 2646 657 2684 eo
687 2631 812 2695 fons
852 2643 1008 2698 aqua
1039 2628 1285 2680 salientis
1320 2627 1378 2678 in
1422 2628 1591 2677 vitam
1627 2628 1883 2677 aeternam
1934 2624 2111 2691 (Joan.

416 2735 486 2784 iv,
515 2722 620 2784 t3).
645 2717 809 2781 Quod
834 2716 973 2770 alibi
1005 2715 1248 2769 ﬂumina
1296 2713 1519 2766 dixerat
1568 2728 1733 2783 aqua:
1766 2712 1936 2779 viva};
1964 2725 2118 2764 nunc

418 2807 669 2877 appellat
699 2806 916 2859 fontem
957 2820 1120 2875 aqua:
1149 2802 1404 2855 salientis
1426 2802 1483 2853 in
1514 2800 1685 2854 vitam
1719 2803 2027 2863 teternam;
2057 2798 2115 2851 in

417 2902 662 2965 utroque
715 2894 988 2963 Spiritum
1043 2896 1304 2944 sanctum
1365 2890 1560 2942 volens
1618 2887 1886 2957 intelligi,
1943 2902 2117 2957 quem

2216 501 2265 550 et
2294 500 2408 550 vita
2461 501 2587 550 sunt
2644 496 2830 564 (Joan.
2878 511 2952 560 γι,
3008 496 3115 563 64).
3170 495 3327 548 Unde
3381 494 3559 564 igitur
3603 497 3929 564 procedunt

2216 586 2406 652 verba,
2441 585 2551 639 nisi
2587 584 2793 638 mentis
2818 584 2887 637 ab
2930 582 3177 639 intimo?
3205 584 3389 653 Igitur
3435 584 3605 638 verba
3653 600 3781 655 qua:
3838 585 3925 638 lo-

2218 675 2415 744 quitur
2446 672 2701 727 Christus
2755 672 3000 741 Spiritus
3032 676 3087 725 et
3118 672 3227 724 vita
3258 679 3413 741 sunt,
3458 673 3594 742 quia
3649 673 3924 742 Spiritus,

2218 762 2318 831 qui
2350 762 2418 815 de
2441 761 2609 814 corde
2639 759 2847 814 Christi
2875 760 3152 830 procedit,
3186 761 3303 813 vita
3334 767 3437 813 est.
3493 762 3613 814 Non
3660 761 3817 831 quod
3866 761 3926 813 in

2223 850 2523 906 Divinitate
2570 865 2668 902 cor
2717 849 2807 913 sit,
2868 848 3055 900 carnis
3109 847 3375 902 videlicet
3443 849 3761 919 particula;
3822 849 3925 902 sed

2220 938 2371 1009 quod
2402 938 2502 990 tali
2534 937 2806 991 vocabulo
2835 936 3013 990 voluit
3042 935 3337 990 interioris
3385 938 3717 991 substantiae
3767 954 3928 991 mou-

2220 1032 2396 1079 strare
2427 1032 2865 1088 sacramentum,
2914 1027 2983 1080 de
3030 1041 3143 1095 quo
3188 1024 3325 1078 dicit
3376 1025 3687 1095 procedere
3747 1024 3929 1094 Spiri-

2221 1118 2344 1168 tum
2376 1114 2474 1184 qui
2512 1113 2621 1167 vita
2664 1119 2767 1167 est.
2813 1115 2955 1184 Ergo
3014 1113 3271 1183 procedit
3326 1112 3572 1182 Spiritus
3628 1118 3862 1166 satctus
3895 1129 3930 1165 a

2226 1201 2387 1269 Filio,
2445 1215 2500 1256 et
2555 1207 2639 1255 est
2715 1201 2884 1255 unius
2956 1199 3332 1271 ejusdemque
3389 1200 3721 1255 substantiae
3791 1216 3925 1254 cum

2226 1292 2384 1345 Filio.

2907 1397 3131 1451 CAPUT
3174 1397 3260 1449 IV.

2230 1524 2553 1577 Testimonia
2571 1523 2929 1590 proferuntur
2957 1537 3026 1574 ea:
3059 1522 3349 1588 Evangelio
3381 1528 3430 1574 et
3464 1522 3722 1589 Epistolis
3742 1522 3927 1574 Pauli.

2300 1646 2359 1697 lu
2384 1644 2690 1712 Evangelio
2726 1645 2887 1697 Lucas
2906 1644 2983 1697 sic
3016 1644 3258 1714 legitur:
3282 1645 3359 1698 Et
3390 1659 3630 1711 egressus
3652 1650 3729 1697 est
3770 1646 3929 1699 Chri-

2219 1740 2332 1787 stus
2362 1735 2419 1786 in
2450 1736 2650 1786 virtute
2681 1733 2921 1800 Spiritus
2962 1735 3015 1785 in
3068 1733 3350 1788 Galilwam
3384 1734 3534 1795 (Luc.
3575 1748 3646 1797 vx,
3693 1735 3797 1797 14).
3848 1733 3927 1785 De

2218 1822 2505 1875 Salvatore
2539 1821 2764 1890 legitur,
2799 1821 2953 1890 quod
2982 1822 3054 1873 sit
3084 1820 3261 1873 virtus
3297 1820 3496 1883 Patris,
3524 1826 3579 1873 et
3609 1837 3763 1873 nunc
3793 1822 3926 1890 Spi-

2219 1910 2363 1964 ritus
2396 1909 2572 1963 virtus
2604 1910 2937 1980 appellatur.
2972 1909 3241 1980 Nunquid
3273 1908 3384 1962 alia
3414 1909 3592 1963 virtus
3633 1910 3919 1973 Christus,

2221 2006 2274 2053 et
2305 2000 2415 2052 alia
2443 1998 2621 2051 virtus
2640 1997 2922 2067 Spiritus?
2956 1999 3077 2052 Non
3111 1998 3305 2067 utique
3343 2015 3355 2051 :
3391 1998 3498 2051 Sed
3528 2002 3771 2068 uterque
3802 2000 3924 2050 vir-

2220 2094 2311 2142 tus
2342 2088 2570 2151 dicitur,
2595 2093 2658 2141 ut
2689 2103 2801 2139 una
2848 2088 3145 2157 utriusque
3183 2087 3503 2141 substantia
3550 2092 3923 2140 monstretur.

2220 2176 2365 2241 Quid
2383 2183 2467 2230 est
2495 2180 2683 2229 autem
2701 2175 2849 2245 quod
2873 2178 2979 2229 ait:
3002 2177 3062 2230 In
3093 2179 3295 2229 virtute
3335 2176 3576 2245 Spiritus
3600 2176 3627 2227 ?
3651 2175 3928 2244 Nunquid

2222 2266 2497 2336 majorem
2517 2264 2693 2318 voluit
2714 2265 3015 2319 ostendere
3038 2264 3283 2335 Spiritus
3304 2264 3482 2318 sancti
3507 2265 3775 2317 virtutem
3796 2264 3926 2316 Filii

2222 2353 2470 2408 virtute?
2492 2354 2617 2408 Non
2647 2353 2906 2407 omnino.
2939 2352 3082 2417 Quid
3116 2358 3351 2423 estergo
3374 2352 3524 2423 quod
3548 2352 3626 2406 ait
3656 2368 3668 2405 :
3704 2354 3767 2406 In
3807 2354 3926 2405 vir-

2224 2448 2333 2497 tute
2381 2444 2663 2511 Spiritus?
2709 2444 2831 2495 Non
2884 2443 3039 2496 enim
3085 2448 3376 2496 externam
3437 2441 3663 2496 Christo
3741 2440 3929 2493 voluit

2223 2531 2524 2585 ostendere
2558 2532 2847 2595 virtutem,
2882 2536 2937 2584 et
2968 2531 3119 2584 velut
3167 2530 3397 2584 aliunde
3433 2546 3781 2595 concessam,
3825 2529 3926 2581 sed

2222 2620 2545 2691 propriam;
2570 2636 2699 2689 qua),
2730 2636 2857 2673 cum
2891 2619 3226 2689 sitSpiritus
3264 2620 3463 2683 sancti,
3498 2619 3569 2673 sit
3616 2620 3790 2671 etiam
3848 2616 3925 2669 si-

2224 2709 2345 2761 mul
2375 2712 2429 2760 et
2461 2707 2585 2761 Filii
2607 2712 2882 2778 tanquam
2914 2707 2972 2760 in
3006 2724 3119 2761 una
3163 2711 3371 2761 natura
3400 2723 3514 2760 non
3566 2706 3623 2759 in
3672 2705 3928 2759 essentia

2224 2797 2443 2850 diversa
2475 2801 2531 2849 et
2561 2796 2845 2849 manendo
2879 2796 3051 2848 simul
3096 2796 3155 2849 in
3196 2811 3313 2848 uno
3348 2794 3493 2849 alter
3552 2794 3821 2863 procedat
3855 2808 3923 2845 ex

2226 2887 2422 2952 altero,
2456 2885 2699 2954 Spiritus
2738 2884 3004 2938 videlicet
3048 2888 3277 2938 sanctus
3324 2900 3388 2937 ex
3442 2884 3611 2949 Filio;
3659 2884 3926 2953 [uterque

416 2980 880 3039 manifestissime
933 2981 1129 3035 dicita
1187 2995 1245 3032 se
1302 2978 1425 3032 dari
1483 2993 1613 3030 cum
1669 2977 1851 3029 dicit:
1900 2977 2117 3045 Aquam
2155 3016 2193 3070 (Σ
2225 2990 2358 3028 vero
2390 2974 2458 3028 de
2510 2974 2721 3027 Patre:
2778 2973 2875 3027 sed
2928 2973 3102 3026 Filius
3148 2972 3453 3038 nascendo,
3497 2971 3742 3042 Spiritus
3790 2989 3929 3027 vero

417 3088 584 3142 quam
615 3087 708 3139 ego
744 3071 883 3124 dabo
926 3072 994 3135 ei,
1025 3069 1119 3139 ﬁet
1170 3070 1227 3121 in
1254 3082 1309 3120 eo
1351 3068 1475 3132 fons
1518 3082 1691 3134 aquae.
1743 3064 1906 3128 Quod
1956 3064 2111 3117 enim

414 3162 530 3227 dat,
572 3176 639 3213 ex
671 3158 979 3226 semetipso
1021 3155 1117 3209 dat
1150 3170 1163 3207 :
1198 3158 1295 3207 dat
1325 3159 1515 3207 autem
1567 3154 1787 3206 fontem
1820 3167 1985 3223 aqua;
2032 3168 2113 3204 sa-

414 3248 608 3304 lientis
637 3246 698 3300 in
735 3248 909 3300 vitam
955 3250 1257 3309 aeternam,
1307 3243 1366 3296 id
1388 3249 1471 3296 est
1514 3242 1791 3310 Spiritum
1830 3244 2112 3293 sanctum-

419 3339 476 3391 in
548 3351 608 3388 se
665 3332 1029 3387 credentibus
1096 3330 1513 3400 copiosissime'
1552 3329 1814 3397 largitur.
1866 3329 2110 3381 Demon-

418 3429 626 3489 strans,
658 3438 688 3473 a
718 3437 775 3473 se
807 3419 1134 3489 procedere,
1178 3432 1348 3487 quem
1390 3432 1421 3468 a
1450 3432 1509 3467 se
1558 3415 1695 3467 dicit
1749 3414 2112 3468 credentibus

421 3510 645 3564 donari.

489 3597 812 3663 Resurgens
842 3610 874 3646 a
910 3590 1151 3644 mortuis
1181 3588 1558 3658 et.discipulis
1584 3589 1643 3642 in
1674 3589 1927 3642 conclavi
1968 3589 2113 3642 resi-

419 3683 704 3745 dentibus,
750 3685 875 3749 post
922 3678 1074 3747 pacis
1124 3678 1546 3743 salutationem,
1591 3683 1648 3731 et
1696 3681 1821 3749 post
1876 3677 2109 3730 manda-

420 3778 535 3827 tam
566 3770 719 3841 pacis
765 3769 1110 3839 legationem
1144 3782 1157 3819 :
1198 3768 1528 3836 lusu/ﬂavit,
1560 3770 1615 3820 et
1659 3766 1794 3821 dicit
1827 3766 1908 3819 eis
1942 3783 1953 3820 :
2000 3769 2114 3820 Ac-

419 3862 583 3929 cipite
622 3858 892 3927 Spiritum
942 3858 1188 3908 sanctum
1237 3856 1411 3919 (Joan.
1458 3870 1549 3916 xx,
1603 3855 1717 3925 22),
1767 3859 1825 3907 et
1866 3853 2109 3924 reliqua.

418 3948 562 4014 Quid
605 3947 759 4001 enim
809 3961 912 4015 per
953 3942 1422 4009 insufﬂationem,
1469 3942 1578 3996 nisi
1638 3943 1883 4012 Spiritus
1932 3941 2112 3996 sancti

418 4038 841 4111 processionem
872 4032 1194 4103 signiﬁcat?
1236 4033 1361 4085 Non
1385 4037 1446 4085 ut
1475 4033 1641 4086 flatus
1672 4031 1768 4085 ille
1801 4047 2111 4101 corporeus

419 4144 487 4183 ex
510 4143 637 4181 aere
667 4128 951 4193 sumptus,
990 4127 1046 4176 et
1076 4122 1419 4190 pulmonum
1464 4119 1783 4173 ministerio
1845 4135 1947 4189 per
1996 4119 2113 4173 oris

418 4230 701 4287 organum
733 4213 967 4276 etfusus,
1012 4209 1257 4279 Spiritus
1316 4208 1497 4261 sancti
1546 4207 1722 4261 fuerit
1776 4207 2109 4274 substantia,

2225 3067 2453 3116 sanctus
2484 3060 2865 3132 procedendo.
2914 3060 3038 3113 Non
3088 3060 3239 3130 quod
3281 3059 3515 3114 alternis
3561 3060 3928 3129 temporibus

2219 3151 2290 3206 de
2316 3152 2478 3205 Patre
2504 3149 2777 3219 procedat
2807 3148 2892 3202 vel
2919 3148 3080 3213 Filio,
3114 3148 3213 3201 sed
3257 3149 3405 3219 quod
3448 3150 3602 3202 nullo
3670 3148 3925 3202 interve-

2222 3240 2413 3294 niente
2445 3244 2706 3308 tempore
2738 3237 2806 3291 de
2840 3238 3004 3291 Patre
3036 3238 3306 3308 procedat
3327 3237 3494 3291 simul
3522 3241 3579 3290 et
3611 3238 3773 3291 Filio.

2294 3328 2500 3382 Beatus
2532 3327 2738 3380 Paulus
2770 3326 3063 3396 apostolus
3119 3326 3314 3379 scribit
3345 3326 3411 3380 ad
3461 3326 3685 3380 Galatas
3719 3342 3733 3379 :
3781 3328 3925 3394 Quo-

2222 3417 2369 3468 niam
2399 3417 2524 3468 estis
2545 3414 2657 3478 ﬁlii
2702 3416 2812 3479 Dei,
2852 3416 3002 3467 misit
3035 3414 3181 3468 Deus
3228 3415 3495 3484 Spiritum
3542 3414 3679 3467 Filii
3729 3418 3820 3468 sui
3867 3418 3931 3469 in

2222 3502 2387 3556 corda
2424 3507 2605 3556 vestra
2657 3503 2996 3568 clamantem,
3057 3502 3236 3567 Abba,
3287 3504 3449 3557 Pater
3492 3503 3641 3569 (Gal.
3710 3519 3783 3570 iv,
3847 3504 3927 3573 6).

2224 3590 2349 3643 Non
2381 3590 2507 3644 ait:
2544 3590 2691 3644 Misit
2720 3592 2868 3645 Deus
2914 3590 3192 3662 Spiritum
3245 3606 3432 3645 suum.
3477 3590 3638 3655 Quod
3685 3591 3733 3645 si
3781 3591 3930 3645 dice-

2223 3681 2329 3744 ret,
2378 3694 2489 3732 non
2538 3678 2765 3749 penitus
2809 3679 3135 3733 excluderet
3172 3679 3407 3744 Filium;
3445 3678 3721 3749 quoniam
3773 3681 3927 3733 Deus

2223 3771 2308 3820 est
2346 3767 2519 3821 etiam
2575 3766 2768 3832 Filius,
2831 3768 3315 3838 quemadmodum
3375 3769 3539 3821 Pater
3597 3773 3681 3821 est
3744 3769 3922 3831 Deus,

2222 3861 2279 3909 et
2308 3860 2551 3927 uterque
2582 3873 2697 3910 non
2742 3856 2856 3910 duo
2888 3856 2988 3922 dii,
3045 3856 3143 3909 Sed
3191 3872 3339 3910 unus
3382 3860 3466 3910 est
3525 3857 3721 3910 Deus:
3767 3858 3927 3928 quod

2222 3944 2375 3998 enim
2406 3960 2652 4015 persona
2689 3950 2933 4016 separat,
2977 3944 3295 3998 substantia
3334 3944 3649 4014 conjungit.
3717 3946 3930 3999 Volens

2223 4037 2415 4087 autem
2447 4049 2678 4087 omnem
2722 4033 2945 4088 auferre
2989 4033 3387 4103 quaestionem,
3437 4049 3743 4104 personam
3793 4033 3927 4087 Filii

2223 4121 2543 4193 specialiter
2570 4121 2729 4189 dixit,
2760 4121 2981 4175 misisse
3019 4122 3195 4175 Deum
3238 4121 3513 4191 Spiritum
3566 4122 3691 4175 Filii
3742 4122 3832 4175 sui
3867 4121 3927 4176 in

2223 4210 2394 4265 corda
2422 4215 2636 4264 nostra.
2669 4209 2818 4264 Num
2842 4208 2987 4263 alius
3018 4214 3105 4263 est
3134 4208 3377 4281 Spiritus
3413 4209 3539 4263 Filii
3568 4225 3746 4281 quam
3793 4210 3928 4280 Spi-

421 4320 618 4359 verum
650 4301 750 4356 tali
794 4316 897 4354 nos
936 4299 1108 4353 modo
1135 4296 1313 4351 voluit
1354 4297 1612 4361 edocere,
1662 4296 1937 4367 Spiritum
1990 4312 2113 4350 san-
2150 4311 2194 4364 1)
2226 4300 2367 4354 ritus
2418 4299 2632 4353 Patris?
2682 4299 2844 4362 Quod
2876 4298 2924 4351 si
2972 4297 3127 4351 idem
3186 4303 3269 4351 est
3300 4296 3550 4367 Spiritus
3593 4298 3926 4363 amborum,

420 4397 577 4446 ctum
607 4406 673 4444 ex
705 4388 895 4458 seipso
925 4386 1247 4458 procedere,
1281 4390 1340 4438 et
1371 4384 1440 4438 de
1470 4383 1783 4437 substantia
1815 4383 1940 4437 Filii
1985 4383 2112 4453 Spi-

2221 4388 2472 4459 prolecto
2500 4387 2755 4458 procedit
2785 4388 2856 4442 ab
2911 4392 3189 4458 utroque;
3240 4402 3354 4441 non
3394 4386 3548 4441 enim
3593 4387 3673 4440 sic
3711 4386 3932 4441 dicitur

420 4481 567 4535 ritus
597 4493 829 4550 quoque
859 4475 1039 4530 sancti
1069 4473 1445 4529 substantiam
1477 4488 1731 4527 manare.
1764 4472 1922 4527 Sicut
1950 4473 2115 4545 Pater
2221 4476 2464 4547 Spiritus
2490 4476 2617 4530 Filii
2649 4480 2925 4546 tanquam
2958 4475 3030 4529 sit
3059 4474 3249 4529 minor
3296 4475 3468 4539 Filio;
3510 4475 3618 4528 hoc
3664 4474 3764 4546 qui
3795 4491 3931 4529 sen-

424 4564 549 4620 Filii
588 4564 941 4620 nativitatem
971 4565 1038 4618 de
1066 4580 1170 4617 sua
1199 4562 1515 4617 substantia
1564 4563 1762 4617 volens
1813 4562 2114 4617 ostendere
2221 4564 2311 4630 tit,
2344 4564 2429 4619 vel
2462 4563 2618 4630 dicit,
2645 4579 2763 4618 non
2791 4569 2875 4617 est
2921 4563 3249 4618 catholicus.
3285 4563 3409 4627 Qua
3444 4564 3513 4617 de
3544 4579 3606 4617 re
3662 4579 3782 4617 non
3844 4567 3934 4616 est.

421 4658 816 4724 propagatam,
844 4669 908 4706 ac
941 4668 1045 4723 per
1077 4652 1183 4705 hoc
1214 4650 1419 4705 Filium
1444 4650 1553 4705 sibi
1576 4651 1695 4705 fore
1736 4651 2114 4705 consubstan-

421 4740 638 4809 tialem,
664 4741 946 4812 loquitur
972 4742 1034 4793 in
1076 4740 1301 4795 Psalmo
1342 4740 1531 4793 eidem
1590 4739 1775 4793 Filio:
1840 4740 1938 4794 Ea;
1968 4744 2117 4794 utero

421 4834 547 4885 ante
579 4830 866 4896 luciferum
891 4830 1054 4897 genui
1082 4833 1131 4881 te
1161 4828 1325 4897 (Psal.
1360 4844 1467 4893 cxx,
1495 4827 1567 4897 3).
1604 4827 1731 4880 Non
1783 4829 1937 4898 quod
1986 4834 2118 4881 ute-

422 4935 549 4974 rum
583 4920 731 4973 Deus
770 4919 937 4971 Pater
983 4914 1267 4981 habuerit,
1301 4915 1370 4969 de
1399 4931 1515 4986 quo
1568 4914 1777 4969 Filium
1826 4920 1958 4970 ante
2011 4931 2116 4969 sae-

423 5011 551 5063 cula
579 5008 873 5077 genuerit;
923 5005 1021 5059 sed
1058 5020 1172 5075 quo
1223 5003 1553 5058 testiﬁcatus
1606 5003 1793 5067 fuerit,
1843 5004 1997 5074 quod
2038 5004 2121 5058 Fi-

422 5098 567 5152 lium
601 5112 716 5150 non
738 5095 807 5149 de
838 5092 1040 5158 nihilo,
1075 5108 1191 5146 non
1234 5092 1467 5145 alterius
1496 5092 1567 5146 de
1614 5091 1697 5145 rei
1728 5092 2115 5157 subsistentia,

2224 4668 2402 4723 quare
2450 4652 2670 4707 dicatur
2716 4652 2960 4723 Spiritus
3012 4652 3160 4717 Filii,
3223 4652 3331 4707 nisi
3385 4652 3521 4723 quia
3577 4651 3840 4722 procedit
3898 4668 3937 4705 a

2224 4741 2400 4810 Filio;
2428 4742 2574 4796 sicut
2612 4741 2822 4795 dicitur
2878 4740 3123 4812 Spiritus
3178 4741 3379 4807 Patris,
3427 4740 3564 4812 quia
3608 4740 3870 4811 procedit
3900 4757 3938 4793 a

2226 4831 2411 4885 Patre.

2295 4918 2381 4973 Ad
2413 4917 2812 4989 Philippenses
2837 4922 3032 4973 autem
3080 4917 3355 4984 scribens,
3398 4918 3551 4972 inter
3603 4920 3810 4972 caetera
3854 4915 3939 4970 sic

2226 5006 2351 5061 ait:
2394 5007 2517 5060 Scio
2572 5010 2714 5061 enim
2752 5009 2885 5075 quia
2942 5007 3039 5061 hoc
3095 5007 3233 5060 mihi
3274 5008 3550 5075 proveniet
3600 5008 3658 5060 in
3700 5005 3940 5061 salutem

2218 5109 2321 5163 per
2348 5099 2584 5149 vestram
2608 5098 2925 5161 creticum,
2968 5100 3018 5150 et
3067 5095 3625 5149 subministrationem
3674 5096 3935 5162 Spiritus

424 5187 521 5241 sed
552 5184 783 5257 propria
806 5184 875 5238 de
916 5186 1121 5236 natura
1147 5179 1576 5251 substantiaque
1616 5180 1903 5249 genuerit.
1941 5180 2032 5235 Sic
2064 5185 2123 5234 et
2224 5185 2356 5238 Jesu
2381 5183 2605 5237 Christi
2636 5184 2862 5253 (Philip.
2902 5200 2940 5251 ι,
2968 5183 3079 5253 l9).
3137 5183 3300 5238 Jesus
3331 5182 3613 5245 Christus,
3665 5183 3815 5237 Deus
3871 5187 3935 5236 et

430 5274 603 5328 Filius
645 5270 991 5327 insufﬂando
1021 5269 1163 5324 dans
1210 5268 1486 5338 Spiritum
1526 5272 1782 5321 sanctum
1823 5269 2117 5339 apostolis,

426 5361 675 5416 ostendit
701 5362 770 5416 de
797 5376 899 5415 sua
943 5357 1264 5413 substantia
1307 5354 1639 5427 procedere,
1672 5371 1847 5427 quem
1889 5358 1988 5412 tali
2030 5358 2121 5412 in-

428 5449 750 5503 sufﬂatione
776 5448 958 5503 voluit
994 5448 1230 5502 donare.

502 5537 580 5591 De
608 5543 960 5592 sacramento
1007 5534 1265 5606 corporis
1318 5537 1375 5588 et
1401 5531 1698 5603 sanguinis
1744 5532 1831 5588 sui
1879 5533 2121 5604 loquens

2228 5271 2424 5325 homo.
2458 5271 2732 5342 Nunquid
2763 5272 2832 5325 de
2863 5273 3118 5326 humano
3159 5271 3364 5343 spiritu
3401 5271 3745 5342 loquebatur
3780 5273 3941 5341 Apo-

2230 5360 2427 5426 stolus,
2456 5361 2579 5414 haec
2607 5360 2837 5431 quando
2868 5359 3128 5414 dicebat?
3155 5361 3216 5414 In
3262 5376 3429 5414 cruce
3488 5374 3739 5430 namque
3770 5359 3939 5413 Jesus

2231 5447 2487 5502 Christus
2516 5450 2840 5503 humanum
2868 5448 3062 5519 posuit
3106 5449 3397 5521 spiritum,
3441 5447 3787 5517 evangelista
3846 5452 3938 5503 te-

2228 5540 2437 5606 stante,
2467 5536 2567 5608 qui
2593 5537 2662 5592 de
2705 5536 2804 5592 illo
2835 5536 2974 5593 dicit
3004 5553 3018 5593 :
3058 5539 3130 5593 Et
3167 5538 3430 5593 inclinato
3474 5538 3651 5606 capite
3698 5534 3945 5590 tradidit
