4130 6184
211 235 310 285 233

1238 228 1511 285 CONTRA
1548 227 1952 283 GBJEGOBUM
1993 226 2345 283 OPPOSITA.
2374 258 2441 265 —
2468 228 2594 283 ΗΒ.
2638 230 2681 282 Ι.

3605 233 3709 286 234

210 366 480 433 Spiritum
508 365 695 433 (Joan.
724 378 837 427 xxx,
860 363 968 429 30).
1001 361 1066 415 Et
1114 360 1185 415 de
1216 374 1333 431 quo
1364 360 1499 415 dicit
1529 359 1700 413 etiam
1731 358 1851 430 ipse
1887 376 1899 412 :
1946 361 1984 413 Α
2014 373 2187 427 supra
2207 358 2451 426 singulos
2485 374 2665 412 eorum
2694 375 2706 411 :
2749 363 2798 412 et
2829 360 3022 428 repleti
3076 364 3202 413 sunt
3257 375 3435 415 omnes
3494 362 3710 430 Spiritu

211 456 528 508 Potestatem
578 452 744 505 habeo
792 450 1030 520 ponendi
1087 452 1327 503 animam
1373 465 1561 512 meam,
1619 453 1669 502 et
1710 451 1906 502 iterum

208 542 457 597 sumendi
498 558 616 595 eam
656 543 831 605 (Joan.
884 556 917 592 Χ
974 540 1077 607 l8).
1140 540 1249 592 Iste
1314 554 1445 591 vero
1502 538 1770 607 Spiritus,
1834 537 1905 590 de

208 647 323 702 quo
354 645 509 683 nunc
569 630 821 699 loquitur
876 628 1176 697 Apostolus
1208 626 1268 696 (Ι
1316 628 1436 682 Cor.
1473 642 1569 691 xu,
1621 626 1771 692 etc.),
1802 641 1907 693 per

208 721 369 789 cujus
419 716 1007 771 subministrationem
1027 721 1180 769 certa
1208 733 1306 785 spe
1342 714 1597 775 confidit,
1649 714 1805 784 quod
1847 714 1905 766 in

207 808 367 861 nullo
417 822 589 876 super
638 805 850 859 Christi
921 804 1416 869 administratione
1501 803 1906 868 confundetur,

211 897 360 949 Deus
390 902 475 948 est
507 910 519 948 :
553 895 651 965 qui
679 893 852 947 etiam
884 893 1127 963 Spiritus
1170 899 1400 946 sanctus
1444 892 1787 962 appellatur,
1836 891 1906 944 ad

208 984 595 1039 distictionem
642 983 824 1036 Patris
870 987 927 1035 et
982 982 1136 1047 Filii;
1186 982 1256 1035 de
1308 998 1421 1051 quo
1465 985 1706 1034 testatur
1761 983 1908 1048 Apo-

210 1073 415 1137 stolus,
467 1072 624 1143 quod
683 1071 993 1125 divisiones
1050 1070 1364 1140 gratiarum
1406 1071 1527 1139 ipse
1582 1070 1903 1133 distribuat,

213 1161 315 1231 qui
348 1167 622 1231 operatur
651 1161 847 1213 omnia
875 1164 1046 1230 prout
1074 1160 1214 1213 vult.
1245 1160 1343 1213 Hic
1379 1175 1516 1228 ergo
1548 1158 1793 1228 Spiritus
1824 1162 1909 1211 est

212 1250 445 1316 Christi,
476 1266 593 1303 non
618 1248 971 1319 subiectione
1027 1247 1238 1313 servili,
1291 1248 1385 1301 sed
1419 1248 1780 1317 processione
1830 1246 1908 1299 di-

212 1338 365 1401 vina,
398 1338 571 1403 Patri,
615 1338 870 1408 Filioque
906 1336 965 1390 in
1012 1341 1235 1403 natura,
1274 1336 1331 1390 in
1356 1337 1674 1406 majestate,
1722 1335 1782 1388 in
1822 1334 1906 1388 di-

211 1427 437 1495 gnitate
467 1426 721 1497 aequalis.

285 1515 491 1569 Scribit
551 1520 780 1569 sanctus
833 1515 1005 1568 Lucas
1054 1515 1113 1567 in
1173 1514 1405 1568 Actibus
1461 1514 1847 1583 apostolorum
1893 1530 1905 1566 :

210 1606 346 1660 Cum
377 1607 644 1657 venissent
674 1608 850 1656 autem
868 1606 925 1656 in
955 1605 1210 1671 Mysiam,
1262 1603 1542 1656 tentabant
1592 1604 1673 1655 ire
1716 1603 1906 1670 Bithy-

208 1697 386 1759 niam,
413 1702 587 1747 etnon
624 1694 875 1761 permisit
913 1707 996 1745 eos
1022 1692 1268 1760 Spiritus
1318 1693 1442 1744 Jesu
1473 1692 1617 1761 (Act.
1674 1706 1783 1755 xw,
1825 1690 1904 1755 Ἴ).

209 1784 292 1835 De
316 1798 430 1852 quo
462 1781 676 1851 Spiritu
706 1781 874 1845 dicat,
908 1780 1173 1849 superius
1203 1785 1412 1846 narrat,
1433 1779 1627 1832 dicens
1661 1794 1673 1831 :
1706 1781 1907 1831 Trans-

210 1878 396 1924 euntes
470 1876 646 1923 autem
692 1872 991 1937 Phrygium
1048 1874 1098 1921 et
1152 1868 1386 1922 Galatiae
1415 1870 1705 1934 regionem,
1758 1870 1911 1921 vetiti

210 1964 342 2011 sunt
371 1976 404 2012 a
428 1966 611 2012 sancto
640 1959 856 2027 Spiritu
899 1959 1046 2025 loqui
1096 1959 1313 2011 verbum
1360 1960 1416 2009 in
1440 1959 1577 2011 Asia
1624 1956 1806 2026 (lbid.,
1832 1957 1905 2023 6).

211 2050 397 2112 Quem
448 2048 668 2100 dixerat
722 2046 986 2117 superius
1033 2052 1294 2099 sanctum
1363 2044 1662 2114 Spiritum,
1720 2044 1910 2113 ipsum

213 2144 415 2207 postea
465 2136 605 2190 dixit
650 2135 927 2206 Spiritum
973 2136 1103 2188 Jesu
1155 2134 1451 2187 manifeste
1509 2134 1744 2202 signans
1800 2149 1911 2185 non

214 2226 394 2278 alium
421 2241 543 2277 esse
586 2224 861 2293 Spiritum
912 2224 1045 2278 Jesu
1092 2240 1265 2293 quam
1310 2222 1588 2293 Spiritum
1629 2227 1905 2275 sanctum.

213 2316 329 2368 Cur
404 2318 598 2366 autem
657 2312 878 2366 dicatur
932 2312 1178 2381 Spiritus
1234 2312 1389 2376 Jesu,
1446 2311 1780 2381 frequenter
1827 2316 1913 2364 est

212 2403 458 2467 dictum,
516 2401 789 2471 quoniam
821 2401 1078 2470 procedit
1130 2417 1162 2453 a
1194 2402 1346 2454 Jesu.
1412 2401 1532 2453 Non
1585 2416 1650 2453 ea
1707 2404 1913 2453 natura

211 2504 330 2556 qua
358 2489 537 2540 factus
569 2494 649 2540 est
694 2487 1139 2541 misericorditer
1181 2488 1376 2555 homo,
1411 2489 1504 2541 sed
1562 2504 1627 2541 ex
1680 2505 1746 2541 ea
1802 2504 1914 2558 qua

214 2582 383 2628 natus
424 2576 495 2629 de
528 2577 692 2629 Patre
724 2576 961 2646 mqualis
1000 2581 1085 2628 est
1136 2578 1306 2629 Patri.

287 2666 428 2717 Item
489 2664 747 2734 loquitur
789 2665 857 2717 ad
882 2665 1109 2718 Titum:
1154 2664 1456 2718 Secundum
1494 2681 1648 2719 suam
1705 2667 1915 2718 miseri-

210 2753 461 2806 cordium
482 2755 658 2807 salvos
690 2769 784 2806 nos
826 2756 955 2818 fecit
985 2769 1082 2822 per
1141 2756 1418 2807 lavacrum
1472 2757 1913 2821 regenerationis,

210 2846 660 2896 etrenorationis
706 2845 946 2911 Spiritus
1003 2846 1203 2910 sancti,
1258 2860 1412 2911 quem
1464 2844 1661 2911 effudit
1724 2846 1781 2896 in
1819 2860 1915 2897 nos

208 2930 431 2981 abunde
498 2944 599 2997 per
668 2930 847 2982 Jesum
926 2931 1199 2985 Christum
1245 2930 1587 2983 Salvatorem
1670 2936 1915 2984 nostrum
1954 2963 1992 3017 ε

210 3016 352 3077 (Tit.
396 3033 479 3083 ιιι,
513 3018 588 3085 5).
618 3015 1113 3079 Quemadmodum
1146 3016 1347 3069 effudit
1381 3032 1484 3085 per
1518 3016 1710 3070 Jesum
1746 3017 1914 3071 Chri-

206 3111 369 3158 stum
416 3105 699 3174 Spiritum
754 3105 1052 3158 sanctum?
1112 3105 1374 3175 nunquid
1422 3106 1577 3159 velut
1629 3106 1913 3159 minorem

206 3211 316 3263 per
348 3194 670 3263 majorem?
703 3195 816 3247 Iloc
848 3194 1040 3247 Ariani
1071 3194 1376 3247 voluerunt
1408 3210 1421 3247 :
1451 3195 1547 3248 sed
1579 3197 1803 3248 Patrem
1837 3195 1915 3248 di-

204 3281 291 3335 cit
318 3280 596 3334 effudisse
624 3281 900 3351 Spiritum
930 3287 1187 3335 sanctum
1240 3298 1346 3351 per
1374 3283 1569 3336 Jesum
1604 3282 1911 3349 Christum,

208 3374 274 3423 nt
304 3369 642 3422 ostenderet
686 3368 1024 3423 effusionem
1068 3370 1308 3440 Spiritus
1360 3371 1541 3423 sancti
1598 3370 1803 3424 factam
1852 3387 1915 3424 ex

198 3462 338 3514 Jesu
366 3459 616 3523 Christo,
652 3475 767 3511 non
801 3464 1072 3529 tanquam
1126 3459 1354 3513 aliunde
1416 3459 1769 3528 accipiendo,
1820 3461 1917 3513 sed

202 3565 339 3603 eam
364 3564 433 3602 ex
471 3548 660 3617 seipso
693 3547 974 3601 mittendo
1010 3564 1022 3600 :
1061 3564 1245 3618 neque
1287 3548 1441 3601 enim
1497 3548 1680 3601 voluit
1731 3548 1918 3602 dicere

202 3644 273 3691 ut
296 3639 471 3691 Pater
500 3635 779 3706 Spiritum
813 3640 1073 3689 sanctum
1108 3637 1370 3690 effuderit
1400 3653 1502 3706 per
1531 3638 1723 3691 Jesum
1758 3638 1917 3692 Chri-

198 3732 391 3789 stum,
426 3730 707 3793 tanquam
730 3724 778 3776 si
808 3741 911 3794 per
949 3725 1197 3778 fistulam
1249 3725 1579 3778 effundatur
1632 3742 1801 3795 aqua,
1860 3734 1922 3779 ut

200 3814 359 3867 nihil
394 3814 453 3866 in
474 3813 581 3866 hac
608 3812 884 3865 effusione
924 3813 1096 3867 fuerit
1128 3813 1280 3874 Filii,
1314 3818 1701 3884 praeterquam
1750 3815 1918 3867 mini-

196 3903 462 3957 sterium
494 3906 583 3955 vel
634 3902 965 3970 evectionis,
997 3903 1083 3955 vel
1116 3903 1487 3956 transitionis.
1560 3904 1671 3956 Hoc
1727 3904 1922 3973 itaque

196 3993 432 4049 sentire
473 3990 793 4060 impietatis
821 3996 926 4045 est.
960 3993 1169 4045 Verum
1200 3992 1399 4045 effudit
1439 3994 1604 4046 Pater
1648 3992 1922 4062 Spiritum

195 4087 485 4134 sanctum
513 4079 572 4131 in
601 4095 705 4131 nos
731 4079 961 4132 abunde
987 4096 1089 4149 per
1115 4081 1306 4133 Jesum
1341 4080 1627 4133 Christum
1672 4080 1926 4134 Salvato-

194 4186 338 4223 rem
370 4174 659 4221 nostrum.
696 4168 832 4237 quia
861 4167 1117 4237 procedit
1148 4173 1203 4221 et
1232 4168 1445 4233 aFilio,
1492 4168 1636 4222 sicut
1668 4169 1928 4239 procedit

195 4277 233 4312 a
270 4260 455 4311 Patre
494 4272 507 4308 :

194 4345 657 4416 processionem
694 4344 819 4413 ejus
849 4360 881 4397 a
921 4344 1084 4411 Filio,
1116 4360 1220 4398 nec
1274 4350 1469 4399 tamen
1530 4346 1754 4416 negavit
1798 4362 1927 4399 cum

192 4438 387 4490 Patre
423 4432 773 4505 procedere;
807 4433 943 4503 quia
962 4449 1093 4488 cum
1130 4434 1387 4504 procedit
1416 4450 1449 4487 a
1476 4435 1639 4501 Filio,
1673 4436 1932 4504 procedit

194 4530 258 4577 et
296 4540 335 4576 ει
374 4523 567 4575 Patre.

2013 453 2216 512 sancto,
2240 453 2289 500 et
2310 453 2581 516 meperunt
2607 449 2755 514 loqui
2783 452 2955 502 variis
2988 449 3214 516 linguis,
3260 455 3425 517 prout
3470 452 3709 519 Spiritus

2012 541 2232 588 sanctus
2255 535 2425 587 dabat
2454 535 2633 601 eloqui
2656 536 2767 588 illis
2827 540 2963 599 (Act.
2997 552 3054 601 ιι,
3107 536 3244 606 1-4).
3297 538 3360 589 Et
3405 537 3463 589 in
3508 553 3709 591 conse-

2014 625 2318 694 quentibus
2353 640 2364 676 :
2402 623 2591 692 Egerit
2622 626 2680 677 in
2702 626 3007 677 novissimis
3040 624 3249 690 diebus;
3274 625 3409 679 dicit
3434 629 3709 690 Dominus,

2013 713 2291 781 effundam
2319 713 2384 765 de
2422 714 2643 781 Spiritu
2664 727 2774 765 meo
2807 728 2969 780 super
2994 728 3197 766 omnem
3229 730 3464 780 carnem,
3509 720 3559 769 et
3586 731 3710 783 pro-

2010 800 2429 871 phetabuntﬂlii
2441 804 2607 855 vestri
2624 801 2805 871 (Ibid.,
2825 806 2886 854 t7
2905 802 2941 873 ;)
2956 806 3011 855 et
3024 801 3265 871 reliqua.
3290 803 3349 855 Et
3364 803 3534 872 paulo
3550 810 3708 873 post:

2014 894 2083 945 Et
2116 892 2333 958 quidem
2385 906 2546 959 super
2579 906 2756 944 servos
2810 905 2950 943 meos
3005 905 3168 958 super
3195 892 3427 944 ancillas
3477 907 3621 945 meas
3652 895 3710 945 in

2016 980 2202 1033 diebus
2234 982 2343 1033 illis
2373 979 2649 1047 effundam
2672 980 2736 1033 de
2786 980 2999 1049 Spiritu
3032 994 3165 1045 meo,
3216 984 3265 1032 et
3315 981 3715 1047 prophetabunt

2017 1068 2205 1137 (Ibid,
2234 1071 2339 1132 l8).
2368 1070 2482 1121 Hoc
2504 1072 2688 1120 totum
2713 1067 3011 1137 posuimus
3033 1072 3095 1120 ut
3111 1067 3277 1120 beato
3300 1067 3714 1122 Petrodocente

2016 1173 2381 1212 nosceremus
2428 1156 2705 1226 Spiritum
2745 1161 3003 1209 sanctum
3053 1157 3299 1209 effusum
3354 1172 3527 1225 super
3573 1172 3711 1225 apo-

2017 1248 2210 1315 stolos,
2256 1251 2306 1299 et
2358 1246 2613 1316 reliquos
2682 1245 2997 1309 credentes,
3062 1244 3162 1314 qui
3218 1244 3435 1314 pariter
3488 1245 3717 1298 fuerant

2016 1335 2350 1404 congregati
2404 1334 2495 1388 die
2562 1336 2947 1399 Pentecostes,
3008 1334 3077 1385 ab
3138 1334 3288 1387 .lesu.
3358 1333 3515 1386 Unde
3583 1333 3716 1385 scri-

2019 1429 2184 1493 ptum
2209 1430 2294 1475 est
2326 1440 2337 1476 :
2366 1425 2520 1476 Hunc
2562 1424 2741 1475 Jesum
2793 1423 3136 1476 resuscitavit
3196 1424 3355 1487 Deus,
3393 1424 3481 1474 cui
3534 1437 3712 1475 omnes

2018 1528 2115 1566 nos
2159 1517 2311 1565 testes
2360 1526 2542 1565 sumus
2595 1511 2784 1577 (lbid.,
2846 1510 2959 1579 3'2).
3016 1510 3230 1563 Deinde
3272 1510 3508 1564 intulit:
3563 1513 3710 1565 Dea:-

2020 1607 2135 1654 tera
2162 1603 2333 1666 igitur
2364 1602 2460 1652 Dei
2480 1600 2753 1652 exaltatus
2782 1599 2976 1666 effudit
3011 1599 3170 1662 hunc,
3215 1598 3271 1651 id
3306 1604 3390 1651 est
3434 1598 3712 1667 Spiritum

2018 1694 2297 1753 sanctum,
2354 1687 2630 1741 nimirum
2703 1688 2883 1753 Jesus,
2948 1702 3100 1754 quem
3157 1690 3297 1740 Deus
3346 1690 3713 1749 resuscitavit,

2018 1794 2172 1846 quem
2220 1777 2436 1830 vidistis
2493 1781 2542 1829 et
2601 1775 2838 1829 audistis
2909 1776 3099 1842 (Ibid,
3160 1776 3268 1843 33).
3340 1775 3570 1828 Vidistis
3654 1774 3714 1827 in

2016 1865 2203 1935 igneis
2232 1865 2468 1935 linguis,
2513 1864 2746 1917 audistis
2777 1863 2837 1916 in
2870 1865 3195 1933 linguarum
3228 1864 3496 1917 varietate
3529 1880 3543 1916 :
3582 1878 3716 1915 nam

2017 1957 2258 2025 Spiritus
2298 1959 2524 2009 sanctus
2550 1954 2605 2007 in
2640 1953 2871 2025 propria
2917 1960 3125 2007 natura
3162 1970 3265 2007 nec
3303 1953 3481 2007 videri
3521 1970 3717 2024 corpo-

2017 2062 2116 2099 rea
2146 2045 2382 2111 visione,
2425 2060 2528 2097 nec
2568 2043 2757 2097 audiri
2796 2047 2985 2113 potest
3027 2043 3224 2095 auditu
3267 2058 3559 2112 corporeo,
3618 2042 3718 2096 sed

2020 2134 2325 2203 assumpsit
2382 2132 2665 2197 habitum,
2708 2131 2857 2201 ignis
2928 2132 3175 2200 speciem
3217 2131 3320 2183 sub
3380 2131 3713 2200 linguarum

2019 2223 2292 2293 imagine,
2325 2238 2438 2292 quo
2472 2227 2661 2291 posset
2695 2220 2924 2287 intueri,
2960 2225 3016 2273 et
3062 2220 3471 2289 discipulorum
3504 2220 3714 2290 potitus

2021 2317 2105 2366 est
2134 2311 2387 2377 vocibus,
2445 2326 2560 2380 quo
2621 2316 2812 2380 posset
2864 2309 3071 2363 audiri.
3137 2309 3300 2372 Quod
3345 2313 3536 2362 autem
3586 2309 3710 2362 ait:

2020 2401 2375 2454 Promissione
2401 2399 2639 2466 Spiritus
2690 2400 2866 2451 sancti
2911 2403 3126 2465 accepta
3155 2414 3188 2450 a
3239 2400 3399 2451 Patre
3446 2396 3712 2451 effudisse

2022 2490 2174 2541 hunc
2224 2487 2521 2555 Spiritum,
2595 2502 2711 2538 non
2773 2486 3111 2547 Divinitatis,
3179 2486 3272 2539 sed
3341 2486 3718 2539 humanitatis

2022 2576 2386 2630 commendat
2439 2574 2640 2645 gratia.
2734 2574 2875 2627 Nam
2951 2574 3265 2628 secundum
3351 2574 3720 2628 Divinitatem

2024 2682 2139 2719 non
2182 2663 2398 2733 accepit
2454 2663 2977 2734 repromissionem,
3022 2664 3297 2733 quoniam
3347 2663 3542 2717 omnia
3590 2680 3719 2733 qua:

2022 2755 2194 2808 habet
2223 2755 2389 2806 Pater
2434 2768 2536 2805 sua
2586 2754 2738 2816 sunt,
2772 2768 2889 2805 non
2918 2752 3317 2822 temporaliter
3367 2752 3716 2823 accipiendo.

2025 2844 2127 2898 sed
2157 2842 2507 2897 mternaliter
2534 2840 2820 2895 habendo.

2694 2988 2922 3047 CAPUT
2988 2988 3047 3041 V.

2027 3096 2170 3164 ()uid
2213 3097 2285 3148 sit
2328 3094 2517 3162 effusio
2561 3095 2737 3147 sancti
2789 3092 3056 3161 Spiritus.
3116 3093 3221 3158 Qui
3257 3098 3437 3163 spirat
3479 3098 3721 3164 Spiritus

2753 3186 2992 3234 sanctus.

2100 3290 2162 3342 Et
2227 3303 2625 3357 comparemus
2682 3286 2771 3339 his
2833 3287 2992 3339 Pauli
3021 3286 3363 3341 sententiam
3394 3303 3567 3357 supra
3597 3289 3727 3358 jam

2027 3378 2272 3448 positam
2304 3393 2416 3446 qua
2450 3376 2589 3429 dixit
2616 3377 2855 3444 loquens
2886 3376 2955 3428 ad
2982 3376 3194 3439 Titum,
3228 3377 3297 3429 de
3347 3377 3564 3446 Spiritu
3596 3392 3727 3430 san-

2028 3473 2139 3529 cto,
2172 3482 2326 3534 quem
2355 3466 2551 3533 effudit
2589 3468 2646 3518 in
2676 3480 2773 3517 nos
2816 3464 3030 3517 abunde
3078 3480 3174 3531 per
3218 3466 3409 3518 Jesum
3453 3467 3727 3520 Christum

2029 3556 2362 3611 Salvatorem
2426 3560 2669 3608 nostrum
2725 3554 2857 3620 (Tit.
2913 3571 2994 3620 ιιι,
3048 3554 3123 3623 6).
3212 3555 3419 3607 Paulus
3484 3559 3726 3609 testatur

2029 3644 2180 3714 quod
2212 3646 2376 3697 Pater
2407 3642 2671 3695 effuderit
2710 3642 2985 3711 Spiritum
3046 3647 3305 3695 sanctum
3364 3659 3468 3712 per
3529 3644 3723 3697 Jesum

2030 3734 2317 3788 Christum
2367 3731 2714 3783 Salvatorem
2795 3736 3075 3782 nostrum.
3148 3731 3345 3783 Petrus
3395 3748 3526 3785 vero
3566 3732 3724 3796 dicit,

2031 3821 2181 3891 quod
2212 3822 2369 3873 Jesus
2418 3818 2684 3871 effuderit
2736 3818 2887 3870 hunc
2937 3818 3205 3871 eumdem
3260 3818 3538 3889 Spiritum
3597 3836 3728 3874 san-

2032 3915 2185 3963 ctum
2218 3923 2524 3976 resurgens
2552 3923 2583 3958 a
2648 3906 2910 3959 mortuis.
2963 3906 3178 3968 Quibus
3210 3906 3480 3959 docemus
3537 3912 3594 3960 et
3626 3910 3728 3961 Pa-

2034 4002 2180 4050 trem
2210 4011 2340 4049 eum
2372 3995 2665 4049 effundere
2698 4000 2752 4047 et
2777 3995 2969 4048 Jesum
3000 3994 3305 4056 Christum,
3352 4001 3416 4049 ut
3448 3995 3731 4050 discamus

2037 4084 2107 4138 ab
2138 4090 2381 4155 utroque
2414 4083 2722 4153 procedere
2753 4083 3029 4153 Spiritum
3059 4089 3339 4150 sanctum,
3376 4102 3548 4155 quem
3577 4090 3731 4139 uter-

2036 4190 2147 4245 que
2188 4172 2477 4226 effundit:
2511 4188 2700 4242 neque
2732 4173 2883 4225 enim
2946 4172 3198 4243 cogitare
3256 4174 3533 4228 debemus
3587 4174 3733 4228 hanc

569 4261 625 4308 et
655 4255 895 4309 dicendo
927 4256 1130 4310 effudit
1170 4272 1272 4327 per
1315 4257 1543 4322 Filium,
1595 4257 1931 4311 monstravit
1972 4259 2014 4312 D
2041 4262 2377 4316 effusionem
2417 4261 2658 4315 localem
2697 4261 2997 4327 exstitisse,
3044 4266 3107 4315 ut
3148 4262 3217 4316 de
3268 4264 3436 4316 Patre
3494 4279 3735 4317 manans

2040 4350 2293 4404 localiter
2321 4349 2615 4403 transierit
2652 4350 2721 4403 ad
2753 4349 3044 4404 Christum
3075 4355 3353 4420 tanquam
3394 4353 3618 4406 Patrem
3646 4368 3735 4406 re-

2040 4438 2380 4510 linquendo,
2412 4438 2499 4491 vel
2530 4442 2592 4491 ut
2623 4442 2816 4508 posset
2859 4438 2928 4491 ad
2986 4438 3192 4492 Filium
3218 4440 3414 4493 venire
3460 4441 3736 4510 semetip-

2040 4540 2165 4577 sum
2187 4521 2563 4586 extendendo,
2588 4528 2650 4574 ut
2670 4522 2847 4575 altera
2860 4538 2990 4575 vero
3004 4522 3091 4575 sui
3114 4529 3273 4592 parte
3298 4524 3501 4577 Filium
3515 4526 3742 4578 contin-

279 4613 374 4665 De
422 4610 529 4663 hac
580 4608 857 4663 effusione
907 4609 1151 4679 Spiritus
1204 4611 1383 4664 sancti
1436 4616 1678 4665 testatur
1734 4611 1933 4664 beatus

194 4704 432 4754 Petrus
468 4698 531 4750 in
570 4699 803 4751 Actibus
831 4700 1222 4769 apostolorum
1252 4700 1320 4753 de
1346 4700 1588 4753 Domino
1617 4702 1747 4754 Jesu
1771 4700 1936 4753 Chri-

192 4795 292 4842 sto
321 4788 353 4840 J
369 4785 556 4839 udasis
585 4785 665 4838 sic
698 4786 936 4856 loquens
966 4803 980 4839 :
1013 4790 1246 4841 Dextera
1304 4791 1478 4854 igitur
1507 4791 1605 4842 Dei
1637 4789 1934 4853 exaltatus,

191 4886 249 4931 et
278 4876 677 4946 promissione
699 4876 941 4943 Spiritus
972 4879 1148 4930 sancti
1176 4884 1397 4947 accepto.
1436 4894 1471 4931 a
1510 4880 1687 4943 Patre,
1743 4877 1939 4944 effudit

192 4970 364 5021 hunc
422 4978 583 5030 quem
629 4977 721 5016 vos
754 4964 974 5018 vidistis
1012 4970 1063 5019 et
1110 4965 1348 5019 audistis
1388 4966 1535 5033 (Act.
1599 4982 1653 5027 ιι,
1697 4968 1807 5032 33).
1860 4965 1939 5019 De

2042 4618 2222 4683 geret,
2255 4612 2434 4664 altera
2464 4626 2596 4663 vero
2636 4609 2695 4662 in
2752 4612 2915 4664 Patre
2962 4618 3236 4665 maneret.
3286 4613 3561 4667 Similiter
3610 4630 3741 4667 cum

2043 4718 2076 4754 a
2106 4700 2247 4754 Filio
2296 4700 2359 4757 in
2397 4698 2705 4767 discipulos
2742 4699 2914 4754 fuerit
2957 4700 3192 4762 effusus,
3219 4702 3304 4754 vel
3356 4702 3563 4756 Filium
3607 4703 3740 4757 reli-

2046 4787 2236 4860 querit
2281 4793 2332 4841 et
2394 4787 2463 4840 ad
2512 4787 2819 4857 discipulos
2868 4790 3104 4851 venerit,
3157 4790 3243 4842 vel
3301 4798 3452 4844 certe
3496 4792 3741 4860 quadam

2048 4875 2412 4947 protensione
2444 4876 2612 4940 facta,
2645 4877 3015 4946 proportione
3055 4880 3301 4949 quadam
3333 4879 3442 4946 sui,
3492 4878 3741 4947 discipu-

2049 4967 2235 5019 lorum
2268 4964 2441 5018 corda
2479 4964 2856 5030 irradiaverit,
2900 4972 2955 5019 et
2986 4967 3235 5036 quadam
3288 4968 3349 5021 in
3399 4967 3621 5021 Christo
3653 4982 3742 5017 re-

191 5072 328 5127 quo
368 5052 612 5105 locutus
652 5050 828 5104 Lucas
868 5052 926 5105 in
958 5053 1175 5107 eisdem
1222 5053 1457 5106 Actibus
1494 5057 1736 5106 testatur
1767 5068 1779 5105 :
1811 5053 1942 5107 Cum

189 5142 653 5211 complerentur,
709 5140 916 5210 inquit,
961 5141 1075 5194 dies
1143 5143 1490 5208 Pentecostes,
1558 5146 1713 5194 erant
1765 5156 1942 5195 omnes

188 5235 452 5305 pariter
478 5231 537 5281 in
565 5228 747 5281 eodem
776 5229 905 5294 loco,
927 5234 976 5283 et
1012 5231 1195 5294 factus
1229 5235 1306 5283 est
1348 5235 1562 5298 repente
1605 5229 1669 5281 de
1698 5230 1820 5283 calo
1859 5244 1942 5282 so-

189 5338 313 5380 nus
392 5322 671 5384 tanquam
724 5317 1061 5371 advenientis
1100 5320 1332 5387 spiritus
1374 5320 1726 5384 vehementis;
1759 5323 1809 5371 et
1858 5333 1944 5371 re-

189 5412 401 5483 plevit
449 5411 620 5460 totam
649 5404 863 5461 domum
892 5406 987 5459 ubi
1025 5411 1181 5461 erant
1231 5406 1487 5460 sedentes.
1558 5408 1619 5460 Et
1674 5422 1946 5475 apparue-
2056 5411 2169 5473 tur,
2205 5406 2303 5459 sed
2334 5406 2548 5476 absque
2596 5407 2870 5476 temporis
2910 5407 3209 5460 intervallo
3250 5407 3307 5460 in
3356 5408 3468 5462 loci
3506 5408 3750 5479 Spiritus

192 5504 353 5555 runt
416 5496 535 5547 illis
596 5492 895 5561 dispertita:
939 5497 1137 5561 lingua
1168 5500 1430 5564 tanquam
1487 5497 1659 5562 ignis;
1706 5494 1951 5563 seditque
2059 5499 2290 5548 sanctus
2322 5512 2354 5547 a
2378 5496 2541 5549 Patre
2570 5494 2902 5560 effunditur,
2936 5494 3200 5549 similiter
3229 5501 3285 5550 et
3313 5513 3343 5550 a
3369 5498 3528 5551 Filio.
3564 5499 3751 5553 Effun-

612 5591 889 5657 PATBOL.
943 5593 1155 5658 CXXI.
3404 5603 3439 5660 3

2050 5053 2291 5119 sederit;
2322 5053 2498 5106 veluti
2547 5054 2769 5107 radium
2820 5054 2957 5107 solis
3006 5054 3051 5107 si
3092 5056 3415 5109 consideres
3467 5054 3578 5108 alia
3635 5053 3746 5106 sui-

2050 5146 2213 5211 parte
2244 5142 2526 5211 sphaaram
2559 5141 2738 5211 ipsius
2783 5142 3188 5209 illustrantem,
3240 5144 3353 5197 alia
3409 5158 3542 5195 vero
3593 5146 3745 5195 terra

2053 5230 2449 5299 attingentem.
2480 5230 2587 5284 Sed
2615 5230 2723 5284 ista
2753 5230 2813 5283 in
2852 5231 3193 5301 corporibus
3237 5235 3396 5297 sunt;
3430 5234 3486 5284 at
3522 5246 3657 5284 vero
3686 5231 3749 5284 in

2059 5318 2364 5371 Divinitate
2395 5324 2600 5371 sanctae
2628 5318 2918 5372 Trinitatis
2966 5319 3042 5372 nil
3090 5320 3329 5373 istorum
3360 5319 3751 5390 deprehendi-
