4130 6184
416 294 519 346 235

1564 279 1930 336 BATRAMNI
1967 277 2425 334 CORBEIENSIS
2463 276 2775 333 MONACHI

3820 282 3921 334 236

418 423 572 479 ditur
599 437 631 474 a
662 422 825 474 Patre
855 417 915 471 in
957 415 1187 479 Filium,
1221 414 1358 484 quia
1387 411 1587 483 genuit
1643 411 1811 464 Pater
1874 409 2101 475 Filium,
2146 412 2187 464 Α
2223 412 2606 462 monslratum
2664 412 2765 470 est,
2818 406 3152 461 effusionem
3214 407 3463 479 Spiritus
3527 410 3727 479 sancti,
3802 412 3919 465 sive

415 510 732 565 effunditur
762 511 818 561 et
846 523 881 559 a
914 505 1077 569 Filio,
1111 503 1248 574 quia
1295 500 1489 555 omnia
1546 515 1676 570 quas
1710 499 1890 552 Patris
1950 503 2103 565 sunt,

417 599 590 654 habet
623 596 820 650 Filius.

490 688 750 740 Testatur
788 697 1019 754 quoque
1042 685 1297 734 sanctum
1334 677 1705 748 Evangelium
1739 675 1891 747 quod
1929 676 2112 745 Spiri-

422 782 506 830 tus
527 775 622 827 ubi
643 775 758 827 culi
786 774 963 842 spirat
999 771 1172 838 (Joan.
1208 785 1290 836 iu,
1324 768 1401 833 8).
1451 766 1597 831 Quid
1629 770 1712 820 est
1741 763 1961 835 spirat?
2020 764 2115 817 ni-

421 864 630 917 mirum
665 861 799 931 quia
828 859 1287 928 quandocumque
1318 857 1455 921 vult,
1492 855 1818 925 ubicunque
1867 853 1988 905 vult
2026 868 2113 905 se-

421 952 728 1021 metipsum
778 947 1035 1001 effundit.
1074 946 1369 999 Videamus
1409 943 1582 997 totius
1612 941 1905 995 Trinitatis
1940 955 2112 994 unam

422 1040 838 1111 operationem.
876 1038 1043 1089 Pater
1073 1034 1333 1093 effundit,
1364 1033 1535 1105 Filius
1565 1031 1808 1085 effundit
1839 1030 2114 1101 Spiritum

423 1136 701 1183 sanctum.
734 1125 979 1195 Spiritus
1010 1130 1257 1190 sanctus,
1307 1123 1401 1175 ubi
1436 1123 1556 1174 vult
1604 1120 1845 1190 spirans,
1910 1123 2115 1172 semet-

422 1218 612 1287 ipsum
649 1214 906 1268 effundit.
949 1213 1129 1276 Quam
1187 1215 1569 1280 congruenter
1618 1208 1926 1278 Apostolus
1985 1206 2120 1261 dicit

424 1305 762 1360 effusionem
808 1302 1051 1372 Spiritus
1100 1300 1279 1353 sancti
1318 1299 1522 1352 factam
1572 1314 1675 1368 per
1718 1298 1909 1350 Jesum
1957 1296 2117 1350 Chri-

424 1401 597 1459 stum,
630 1408 731 1462 per
761 1406 932 1461 quem
972 1391 1138 1443 Pater
1167 1390 1311 1442 Deus
1354 1387 1546 1441 omnia
1594 1387 1744 1451 fecit,
1781 1401 1950 1456 quam
1995 1401 2121 1437 con-

424 1482 720 1535 venienter
784 1494 1011 1549 quoque
1047 1479 1246 1531 Petrus
1297 1477 1589 1546 apostolus
1642 1481 1884 1527 testatur
1937 1474 2119 1525 Filum

425 1569 688 1623 effudisse
719 1568 994 1636 Spiritum
1026 1572 1305 1633 sanctum,
1338 1566 1408 1618 de
1440 1582 1554 1635 quo
1588 1564 1721 1617 dicit
1754 1563 2117 1631 Evangelium

425 1658 575 1729 quod
608 1659 787 1711 omnia
819 1672 936 1723 qua?
964 1658 1099 1720 facit
1129 1658 1306 1720 Pater,
1333 1656 1440 1707 hac
1478 1653 1662 1705 eadem
1697 1657 1744 1704 et
1775 1652 1952 1704 Filius
1985 1653 2123 1716 facit

2218 498 2605 564 donationem,
2638 498 2706 551 ad
2738 498 2965 551 Patrem
2997 497 3282 567 pertinere
3315 503 3372 551 et
3396 499 3465 552 ad
3516 499 3743 566 Filium,
3787 502 3925 572 quia

2218 586 2477 656 procedit
2506 586 2574 640 ab
2607 591 2874 656 utroque.
2904 588 2965 639 Et
2994 586 3083 639 hic
3112 586 3290 655 igitur
3310 587 3459 657 quod
3483 588 3619 641 dicit
3662 591 3925 644 eamdem

2219 676 2461 746 gratiam
2490 675 2712 729 dedisse
2747 691 2931 744 nuper
2961 675 3343 740 credentibus,
3370 691 3543 745 quam
3568 676 3725 731 dedit
3756 679 3919 747 prius

2222 765 2510 834 apostolis,
2584 763 2859 833 Spiritum
2927 768 3185 817 sanctum
3249 764 3548 819 manifeste
3614 767 3922 836 significat,

2222 868 2392 923 quem
2430 853 2565 906 dare
2614 852 2801 923 potuit
2850 852 3047 920 Filius,
3093 852 3370 923 quoniam
3412 869 3445 906 a
3500 871 3559 907 se
3616 856 3920 925 procedit:

2225 942 2379 1013 quod
2428 941 2662 996 omnino
2712 957 2826 995 non
2883 946 3094 1011 posset,
3134 941 3180 994 si
3233 958 3348 995 non
3431 942 3502 996 ab
3544 942 3642 997 illo
3715 961 3919 1015 proce-

2226 1032 2405 1085 deret.

2897 1192 3121 1247 CAPUT
3162 1193 3251 1247 Vl.

2693 1335 3018 1387 Testimonia
3040 1350 3106 1387 ea:
3136 1334 3457 1402 Scripturis.

2299 1475 2381 1530 Ad
2416 1477 2702 1530 Romanos
2730 1474 2927 1528 beatus
2963 1476 3172 1529 Paulus
3206 1475 3481 1543 scribens,
3514 1475 3777 1532 fidelibus
3802 1478 3919 1534 ait:

2235 1562 2340 1615 Vos
2378 1565 2557 1613 autem
2581 1562 2638 1613 in
2678 1574 2838 1613 carne
2863 1575 2965 1612 non
3005 1563 3152 1625 estis,
3174 1560 3267 1613 sed
3287 1563 3344 1614 in
3379 1562 3629 1631 Spiritu;
3668 1567 3718 1616 si
3749 1571 3929 1618 tamen

2231 1650 2473 1717 Spiritus
2509 1651 2599 1702 Dei
2626 1648 2838 1701 habitat
2870 1650 2926 1700 in
2961 1648 3131 1701 vobis.
3165 1650 3226 1704 Si
3268 1649 3390 1719 quis
3439 1658 3616 1705 autem
3658 1655 3927 1721 Spiritum

419 1726 673 1799 similiter
706 1747 880 1809 (Joan.
918 1746 1171 1812 “1.15).
1218 1742 1464 1796 Effundit
1502 1742 1681 1810 igitur
1729 1742 1893 1793 Pater
1936 1739 2113 1808 Spiri-
2158 1726 2197 1778 Β
2230 1738 2432 1793 Christi
2478 1753 2581 1791 non
2620 1738 2795 1801 habet,
2846 1736 2933 1789 hic
2992 1752 3095 1789 non
3144 1743 3222 1791 est
3268 1739 3383 1805 ejus
3428 1740 3600 1806 (Rom.
3656 1757 3774 1807 vni,
3849 1745 3924 1809 9).

420 1842 541 1887 tum
578 1838 856 1897 sanctum,
891 1832 1134 1884 effundit
1155 1836 1211 1884 et
1242 1830 1434 1895 Filius,
1470 1830 1740 1900 quoniam
1775 1828 1919 1881 sicut
1941 1828 2117 1881 ’datur

419 1941 449 1975 a
493 1925 674 1988 Patre,
710 1923 877 1975 datur
909 1927 962 1973 et
993 1938 1025 1972 a
1061 1921 1218 1973 Filio.
1258 1921 1377 1973 Non
1410 1920 1586 1989 igitur
1624 1920 1866 1987 arguant
1894 1919 2114 1971 Graioc-

420 2027 544 2064 rum
578 2010 957 2080 imperatores
999 2009 1243 2069 Latinos,
1294 2009 1445 2078 quod
1492 2007 1872 2061 couﬁtemtur
1928 2004 2114 2075 Spiri-

419 2105 541 2152 tum
601 2103 858 2151 sanctum
911 2097 1222 2166 procedere
1273 2112 1303 2149 a
1366 2096 1524 2163 Filio,
1584 2096 1730 2149 sicut
1784 2095 2041 2164 procedit
2082 2110 2115 2147 a

424 2186 604 2252 Patre,
648 2186 742 2239 sed
790 2184 983 2254 potius
1035 2184 1256 2237 discant
1286 2183 1421 2237 fidei
1454 2183 1750 2236 veritatem
1783 2199 1813 2235 a
1867 2181 2111 2246 Christo,

424 2274 646 2328 discant
676 2278 732 2328 et
761 2274 829 2327 ab
860 2273 1129 2343 apostolis
1160 2272 1330 2326 illius.

492 2365 631 2417 Item
654 2362 1363 2431 inActibusapostolorum
1394 2361 1648 2429 loquitur
1665 2361 1900 2415 Petrus:
1928 2363 1992 2415 Et
2022 2375 2114 2413 nos

418 2466 601 2505 sumus
626 2456 779 2505 testes
797 2451 989 2504 horum
1014 2451 1317 2509 verborum,
1350 2455 1398 2503 et
1414 2452 1660 2518 Spiritus
1697 2454 2113 2517 sanctus,quem

418 2541 567 2595 dedit
594 2542 735 2594 Deus
754 2540 999 2594 omnibus
1028 2540 1397 2593 obedientibus
1418 2538 1527 2592 sibi
1556 2540 1702 2607 (Act.
1724 2555 1776 2607 v,
1800 2540 1908 2595 32).
1933 2538 2111 2601 Quem

420 2632 597 2684 Deum
614 2628 977 2682 dicitdedisse
996 2628 1277 2698 Spiritum
1299 2631 1554 2680 sanctum
1569 2668 1581 2691 ,
1598 2626 1703 2678 nisi
1721 2627 1789 2678 de
1823 2642 1936 2696 quo
1953 2642 2116 2696 supe-

420 2720 537 2772 rius
555 2718 636 2771 ait
660 2734 672 2772 ε
699 2720 937 2772 Dextera
962 2718 1065 2769 Dei
1084 2719 1255 2783 igitur
1273 2718 1565 2781 exaltatus,
1587 2714 1781 2783 effudit
1799 2716 1938 2769 hunc
1960 2730 2115 2783 quem

416 2806 644 2860 uidistis
672 2805 980 2859 etaudistis
1014 2805 1160 2872 (Act.
1184 2821 1238 2870 ιι,
1261 2806 1388 2871 33);
1417 2804 1608 2857 Iesum
1632 2802 1921 2857 Christum
1950 2803 2116 2869 (sicut

420 2896 634 2948 dictum
667 2894 769 2963 est)
799 2892 1043 2962 intelligi
1078 2895 1442 2946 monstrans?
1476 2892 1582 2946 Sed
1618 2891 1907 2962 quomodo
1958 2891 2116 2944 dedit

2222 1825 2417 1880 Videte
2451 1826 2611 1895 cujus
2666 1841 2970 1894 personam
3006 1825 3189 1877 velitis
3230 1826 3484 1896 accipere
3540 1844 3668 1881 cum
3738 1828 3876 1882 dicit
3910 1845 3922 1882 :

2223 1915 2284 1970 Si
2302 1916 2543 1982 Spiritus
2576 1914 2675 1967 Dei
2719 1914 2929 1967 habitat
2968 1916 3025 1966 in
3070 1914 3239 1967 vobis.
3292 1914 3451 1979 Quod
3503 1916 3549 1969 si
3620 1931 3925 1987 personam

2226 2002 2406 2056 Patris
2458 2003 2729 2071 accipitis,
2801 2008 3216 2070 consequenter
3276 2006 3541 2059 eumdem
3621 2005 3921 2075 Spiritum,

2224 2090 2497 2161 Spiritum
2529 2092 2738 2147 Christi
2763 2109 2883 2147 esse
2934 2098 3193 2147 testatur.
3260 2093 3382 2157 Quo
3437 2095 3585 2148 dicto
3621 2097 3920 2150 manifeste

2222 2181 2559 2250 comprobat
2584 2182 2853 2235 eumdem
2900 2199 3020 2234 esse
3060 2182 3335 2252 Spiritum
3379 2184 3557 2237 Patris
3614 2185 3712 2254 qui
3762 2187 3836 2238 sit
3866 2192 3924 2239 et

2224 2269 2431 2322 Chris‘i
2463 2288 2475 2323 :
2510 2276 2569 2323 et
2623 2270 2758 2324 dum
2813 2270 3109 2342 utriusque
3149 2271 3424 2340 Spiritum
3455 2289 3573 2327 esse
3612 2291 3727 2328 non
3773 2281 3926 2328 tacet

2223 2358 2293 2411 ab
2326 2363 2567 2428 utroque
2597 2359 2903 2428 procedere
2955 2360 3277 2414 confitetur.
3310 2360 3468 2424 Quod
3522 2362 3567 2415 si
3610 2367 3923 2434 utrumque

2223 2447 2754 2518 velitisintelligere
2785 2448 2853 2501 de
2885 2464 3126 2518 persona
3160 2448 3388 2514 Christi,
3436 2450 3586 2519 quod
3638 2452 3780 2504 ordo
3832 2454 3920 2505 le-

2223 2535 2425 2588 ctionis
2455 2536 2637 2606 magis
2693 2536 2918 2590 videtur
2973 2537 3272 2590 admittere
3316 2537 3468 2606 (nam
3527 2539 3784 2592 Christus
3838 2546 3925 2594 est

2227 2624 2428 2691 Deus);
2463 2624 2540 2676 sic
2598 2640 2829 2695 quoque
2887 2625 3161 2679 docemur
3193 2625 3465 2695 Spiritum
3518 2627 3728 2681 Christi
3801 2645 3925 2684 esse

2224 2712 2502 2782 Spiritum
2551 2719 2807 2767 sanctum
2853 2730 2866 2767 :
2920 2730 3022 2782 per
3076 2714 3226 2784 quod
3284 2714 3626 2769 instruimur
3703 2734 3834 2772 eum
3894 2736 3928 2772 a

2225 2801 2443 2855 Christo
2477 2802 2804 2871 procedere.
2842 2802 2982 2855 Nam
3034 2818 3279 2873 persona
3335 2804 3511 2857 Patris
3562 2807 3926 2862 manifestius

2222 2888 2372 2943 infra
2401 2891 2682 2959 signatur,
2731 2891 2839 2960 {ubi
2885 2892 3138 2961 loquitur
3170 2909 3182 2946 :
3210 2893 3363 2962 ()uod
3390 2896 3441 2946 si
3490 2894 3733 2962 Spiritus
3781 2896 3923 2965 ejus,

419 2983 692 3053 Spiritum
727 2987 985 3035 sanctum
1020 2982 1168 3035 Deus
1190 2979 1589 3035 obedientibus
1616 2981 1760 3033 sibi?
1783 2996 1921 3033 num
1951 2979 2113 3049 quasi
2155 3023 2195 3078 Ο
2225 2980 2321 3047 qui
2339 2980 2624 3033 suscitavit
2674 2982 2852 3033 Jesum
2911 2981 3184 3035 Christum
3224 2998 3257 3034 α
3310 2985 3558 3048 mortuis,
3593 2984 3812 3039 habitat
3865 2990 3921 3041 in

422 3071 747 3126 minorem?
782 3070 1174 3141 Nequaquam.
1227 3069 1397 3124 Filius
1429 3085 1679 3139 namque
1711 3068 1846 3123 dicit
1879 3085 1891 3122 :
1926 3069 2113 3137 Spiri-

422 3167 505 3214 tus
535 3161 629 3214 ubi
647 3160 764 3213 vult
792 3163 988 3228 spirat.
1015 3160 1118 3213 Dat
1146 3159 1342 3229 itaque
1373 3160 1521 3212 Deus
1542 3158 1819 3227 Spiritum
1853 3162 2113 3210 sanctum

423 3248 812 3303 obedientium
872 3248 980 3301 sibi
1019 3248 1288 3301 cordibus
1334 3246 1709 3313 infundendo,
1780 3260 1896 3299 non
1944 3250 2009 3298 ut
2059 3261 2117 3297 se

423 3336 710 3406 relinquat
738 3336 795 3388 in
827 3351 940 3405 quo
974 3351 1078 3404 per
1104 3335 1383 3387 unitatem
1434 3334 1769 3387 substantia:
1792 3336 2116 3401 permanet,

422 3422 520 3475 sed
569 3428 632 3475 ut
683 3423 808 3475 illos
874 3420 1162 3474 illuminet
1221 3436 1363 3489 quos
1404 3420 1564 3488 prius
1616 3434 1733 3471 non
1785 3418 2106 3471 irradiabat.

428 3510 603 3563 Nemo
636 3509 787 3579 quod
825 3524 943 3561 non
989 3507 1162 3560 habet
1209 3506 1421 3559 donare
1455 3507 1727 3575 praevalet
1761 3522 1773 3559 :
1811 3505 1888 3558 sic
1946 3505 2119 3558 Filius

423 3601 664 3650 testatur
702 3595 911 3649 habere
953 3593 1227 3664 Spiritum
1259 3598 1539 3661 sanctum,
1580 3609 1750 3663 quem
1797 3592 1951 3646 dedit
1994 3608 2117 3645 om-

422 3684 595 3738 nibus
626 3682 1027 3737 obedientibus
1083 3682 1210 3736 sibi.
1254 3681 1749 3746 Quemadmodum
1792 3686 1982 3735 autem
2009 3680 2118 3734 lia-

425 3774 519 3827 bet
564 3789 669 3844 per
717 3772 996 3826 unitatem
1039 3770 1394 3836 substantite,
1434 3786 1554 3823 non
1589 3786 1694 3839 per
1740 3768 2118 3840 possessionis

424 3861 745 3926 obtentum,
778 3859 855 3913 sic
893 3864 951 3912 et
983 3874 1113 3913 cum
1143 3858 1337 3925 donat,
1389 3873 1506 3912 non
1563 3858 1736 3912 alieni
1779 3857 1899 3928 juri
1953 3856 2115 3928 quasi

425 3953 639 4005 donum
670 3947 891 4014 tribuit,
924 3948 1020 4001 sed
1059 3947 1147 4001 sui
1191 3948 1344 4018 quod
1392 3952 1476 4001 est
1517 3946 1815 4017 proprium
1862 3945 2119 4000 muneris

424 4039 766 4109 impertitur.
802 4037 965 4101 Quod
992 4052 1105 4089 non
1146 4037 1285 4089 alias
1319 4035 1493 4090 Filius
1549 4036 1779 4103 faceret,
1832 4035 1879 4089 si
1938 4051 2054 4089 non
2088 4051 2119 4088 a

422 4143 480 4179 se
512 4140 741 4197 quoque
774 4124 1017 4194 Spiritus
1048 4129 1275 4176 sanctus
1306 4123 1688 4193 procederet,)
1714 4124 1774 4177 In
1830 4124 2119 4195 sequenti-

425 4214 530 4267 bus
593 4213 763 4265 etiam
822 4212 1020 4265 beatus
1095 4211 1291 4264 Petrus
1348 4211 1558 4265 docens
1628 4212 2113 4282 quemadmodum

2224 3067 2393 3120 vobis.
2448 3067 2714 3130 Quamvis
2748 3075 2804 3121 et
2859 3069 2951 3123 hic
3003 3070 3175 3123 Filius
3220 3070 3401 3140 possit
3451 3070 3716 3140 intelligi,
3765 3076 3920 3143 quod

2227 3155 2520 3209 hominem
2558 3172 2728 3227 quem
2776 3164 3118 3227 susceperat,
3155 3158 3275 3227 ipse
3333 3174 3563 3229 quoque
3594 3175 3723 3213 cum
3752 3162 3921 3217 Patre

2228 3244 2604 3309 suscitaverit,
2640 3245 2784 3298 sicut
2830 3246 2888 3298 in
2930 3246 3235 3315 Evangelio
3278 3245 3432 3299 dicit.
3463 3246 3571 3301 Sed
3624 3247 3737 3301 sive
3790 3250 3920 3318 hoc,

2227 3332 2343 3385 sive
2374 3333 2513 3386 illud
2560 3333 2851 3398 malueris,
2904 3334 3203 3388 manifeste
3255 3335 3595 3389 instruimur
3646 3338 3918 3393 eumdem

2227 3437 2347 3473 esse
2371 3420 2642 3490 Spiritum
2678 3422 2823 3487 Filii,
2857 3422 2957 3492 qui
2983 3424 3053 3478 sit
3092 3428 3148 3476 et
3178 3423 3376 3477 Patris.
3415 3424 3570 3477 Unde
3627 3425 3781 3495 quod
3832 3427 3921 3480 in-

2228 3508 2401 3561 ferius
2465 3513 2692 3563 sanctus
2748 3509 2885 3563 dicit
2930 3512 3237 3581 Apostolus
3279 3528 3291 3565 :
3338 3513 3652 3581 Quicunque
3700 3517 3924 3584 Spiritu

2228 3598 2325 3651 Dei
2373 3601 2633 3667 aguntur,
2680 3598 2738 3651 hi
2784 3600 2891 3667 ﬁlii
2940 3606 3066 3654 sunt
3126 3603 3222 3654 Dei
3272 3600 3443 3669 (Rom.
3506 3618 3618 3669 vm,
3696 3604 3799 3671 14),
3853 3605 3926 3658 de

2227 3689 2475 3755 utroque
2499 3687 2622 3740 sine
2654 3688 3017 3742 cunctatione
3048 3693 3232 3759 potest
3284 3689 3482 3759 accipi,
3542 3691 3599 3743 id
3656 3698 3742 3744 est
3804 3693 3925 3748 sive

2229 3772 2298 3827 de
2323 3774 2505 3841 Patre,
2541 3775 2657 3828 sive
2688 3776 2757 3829 de
2809 3776 2983 3843 Filio;
3031 3777 3329 3848 utriusque
3380 3794 3630 3849 namque
3677 3779 3928 3850 Spiritus

2229 3867 2332 3929 est,
2393 3862 2463 3915 ab
2521 3868 2767 3934 utroque
2839 3865 3186 3934 procedens:
3243 3867 3387 3919 sicut
3444 3867 3502 3920 in
3565 3869 3755 3921 multis
3800 3869 3926 3937 jam

2228 3950 2660 4019 comprobatum
2715 3957 2816 4006 est.
2868 3953 2932 4005 Et
2988 3953 3183 4006 intra:
3240 3956 3355 4008 Non
3417 3958 3557 4009 enim
3635 3961 3929 4025 accepisti:

2227 4039 2495 4108 Spiritum
2539 4042 2816 4094 servitutis
2863 4043 3058 4094 iterum
3119 4044 3177 4094 in
3222 4044 3449 4107 timore;
3498 4044 3593 4097 sed
3639 4047 3925 4113 accepistis

2229 4128 2498 4195 Spiritum
2566 4128 2871 4197 adoptionis
2929 4131 3181 4198 ﬁliorum,
3260 4134 3321 4184 in
3380 4147 3484 4199 quo
3560 4133 3856 4187 clamamus
3908 4151 3925 4187 :

2230 4215 2404 4282 Abba,
2440 4218 2598 4271 Pater
2624 4216 2809 4285 (Ibid,
2861 4219 2967 4284 l5).
3018 4218 3100 4271 Ad
3151 4218 3373 4272 Galatas
3422 4224 3610 4273 autem
3662 4221 3928 4274 scribens

425 4303 716 4355 Cornelius
747 4300 817 4354 de
865 4300 1153 4368 gentibus,
1194 4304 1251 4354 et
1280 4300 1379 4371 qui
1408 4318 1540 4356 cum
1594 4318 1660 4356 eo
1715 4302 1945 4358 fuerant
2000 4320 2118 4357 cre-
2157 4322 2199 4375 ι)
2229 4302 2305 4356 ait
2339 4320 2351 4357 :
2382 4305 2651 4369 Quoniam
2674 4312 2852 4359 autem
2880 4308 3008 4359 estis
3036 4306 3177 4360 Filii
3223 4309 3333 4369 Dei,
3367 4310 3520 4361 misit
3548 4311 3683 4362 Deus
3730 4310 3926 4378 Spiri-

424 4390 640 4455 dentes,
672 4389 942 4459 baptismi
978 4389 1222 4457 gratiam
1272 4391 1654 4460 perceperint,
1696 4392 1776 4445 sic
1827 4396 1957 4461 post
2006 4408 2113 4446 caa-

423 4483 549 4531 tera
578 4476 715 4531 dicit
745 4492 757 4530 :
792 4477 853 4531 Si
878 4491 1003 4543 ergo
1032 4476 1272 4531 eamdem
1310 4482 1550 4546 gratiam
1590 4479 1743 4533 dedit
1790 4482 1901 4534 illis
1951 4484 2112 4547 Deus,

421 4568 561 4620 sicut
603 4570 653 4619 et
710 4564 863 4620 nobis
940 4568 1037 4635 qui
1098 4566 1430 4623 credidimus
1476 4571 1534 4622 in
1590 4567 1879 4624 Dominum
1935 4572 2114 4623 Jesum

424 4656 721 4718 Christum,
749 4670 842 4721 ego
872 4658 995 4723 quis
1024 4670 1171 4709 eram
1201 4658 1297 4724 qui
1341 4672 1551 4726 possem
1602 4658 1896 4727 prohibere
1936 4662 2114 4713 'Deum

421 4745 559 4803 (Act.
592 4759 668 4811 XI,
722 4745 848 4813 l7)?
902 4743 1167 4807 Quamvis
1192 4743 1298 4814 [hic
1348 4746 1516 4814 Deus,
1548 4746 1635 4799 vel
1688 4746 1933 4815 Spiritus
1982 4762 2109 4799 san-

419 4837 560 4897 ctus,
597 4831 729 4902 quia
760 4832 928 4885 corda
955 4832 1261 4902 repleverit
1290 4833 1666 4900 credentium,
1698 4839 1754 4887 et
1785 4834 2110 4902 linguarum

416 4920 634 4975 dederit
691 4920 1006 4987 scientiam,
1061 4922 1147 4974 vel
1208 4926 1358 4974 certe
1394 4923 1558 4975 Pater
1612 4922 1791 4991 possit
1820 4922 2107 4992 |intelligi;

416 5018 609 5063 tamen
642 5009 687 5062 si
717 5010 1141 5063 consideremus
1167 5011 1335 5063 verba
1370 5010 1520 5063 Petri
1573 5010 1833 5081 superius
1880 5011 2112 5081 loquen-

415 5101 486 5149 tis
516 5099 586 5152 de
619 5098 891 5152 missione
922 5097 1166 5167 Spiritus
1198 5099 1374 5151 sancti
1407 5114 1580 5168 super
1608 5098 1925 5163 credentes,
1958 5100 2111 5170 quod

416 5186 589 5240 Filius
621 5203 752 5241 eum
788 5185 1055 5241 effuderit
1094 5186 1258 5253 (sicut
1283 5190 1446 5239 antea
1480 5186 1697 5240 dictum
1730 5187 1865 5257 est),
1912 5204 2110 5242 conse-

416 5280 660 5343 quenter
694 5281 751 5328 et
783 5275 876 5330 hic
899 5275 1054 5328 Deus
1088 5274 1262 5327 Filius
1289 5274 1715 5344 intelligendus,
1764 5274 1862 5345 qui
1894 5276 2114 5329 dederit

413 5363 673 5417 eamdem
705 5363 949 5433 gratiam
984 5363 1270 5428 Cornelio,
1300 5362 1582 5432 sociisque
1633 5363 1775 5432 ejus,
1810 5364 1977 5417 Petro
2027 5364 2108 5417 lo-

410 5455 644 5518 quente,
686 5467 860 5522 quam
911 5450 1066 5506 dedit
1088 5449 1247 5521 prius
1297 5449 1599 5504 effundens
1649 5449 1924 5520 Spiritum
1983 5467 2111 5504 san-

411 5541 566 5590 ctum
600 5553 771 5607 super
800 5538 1109 5607 discipulos
1152 5537 1209 5592 in
1236 5537 1452 5607 linguis
1482 5536 1688 5608 igneis.
1722 5538 1786 5592 Et
1816 5538 2107 5593 evidenter

2226 4397 2338 4446 tum
2370 4393 2507 4447 Filii
2534 4396 2622 4448 sui
2651 4397 2709 4448 in
2739 4394 2905 4448 corda
2938 4400 3116 4449 vestra
3156 4397 3475 4450 clamantem
3502 4413 3515 4449 :
3551 4398 3729 4465 Abba,
3760 4400 3931 4452 Pater

2225 4481 2464 4550 (Gat.1v,
2499 4484 2578 4552 6).
2610 4482 2803 4537 Videte
2834 4483 2986 4554 quod
3022 4484 3287 4537 eumdem
3325 4484 3475 4539 dicat
3501 4484 3775 4556 Spiritum
3818 4488 3927 4542 ad-

2223 4571 2472 4639 optionis
2494 4571 2767 4637 filiorum,
2801 4588 2971 4641 quem
2993 4572 3300 4626 conﬁtetur
3319 4572 3594 4643 Spiritum
3621 4574 3764 4637 Filii,
3804 4592 3929 4646 quo

2222 4674 2328 4711 nos
2356 4659 2555 4712 doceat
2600 4662 2899 4729 Apostolus
2940 4661 3205 4716 eumdem
3238 4678 3358 4716 esse
3398 4661 3673 4733 Spiritum
3715 4664 3931 4730 Patris,

2224 4762 2396 4816 quem
2466 4748 2603 4802 dicit
2646 4750 2921 4818 Spiritum
2992 4750 3336 4820 adoptionis,
3370 4755 3426 4803 et
3455 4751 3719 4804 eumdem
3800 4768 3936 4807 esse

2222 4835 2496 4905 Spiritum
2530 4837 2677 4904 Filii,
2721 4854 2891 4908 quem
2926 4838 3081 4892 misit
3136 4840 3282 4893 Deus
3313 4838 3372 4891 in
3413 4841 3583 4893 corda
3615 4846 3835 4905 nostra;
3868 4848 3939 4895 et

2224 4924 2283 4976 in
2314 4924 2540 4987 eodem,
2596 4925 2695 4995 qui
2729 4931 2843 4979 tam
2904 4926 3089 4980 Patris
3156 4943 3330 4997 quam
3388 4928 3514 4982 Filii
3572 4934 3940 4985 monstratur

2222 5010 2484 5080 Spiritus,
2523 5010 2837 5066 clamamus
2881 5012 3059 5079 Abba,
3095 5015 3279 5070 Pater.
3343 5015 3505 5079 Quod
3543 5016 3937 5089 [nequaquam

2221 5098 2405 5152 facere
2436 5116 2756 5169 possemus:
2793 5101 2838 5154 si
2889 5118 3002 5156 non
3054 5104 3545 5173 quemadmodum
3604 5107 3863 5176 procedit
3898 5125 3940 5160 ε

2221 5187 2383 5239 Patre
2445 5186 2689 5257 Spiritus
2749 5195 2993 5256 sanctus,
3063 5190 3142 5245 sic
3201 5192 3373 5246 etiam
3428 5193 3698 5261 procedat
3779 5199 3837 5248 et
3896 5211 3937 5249 δ

2222 5273 2385 5326 Filio.

2290 5362 2496 5417 Scribit
2546 5364 2859 5419 Corinthiis
2914 5367 2972 5420 in
3029 5368 3280 5439 Epistula
3333 5370 3624 5424 secunda:
3664 5373 3936 5439 Epistola

2218 5457 2405 5505 nostra
2429 5468 2519 5505 vos
2549 5457 2696 5519 estis,
2728 5459 2938 5523 scripta
2966 5458 3023 5509 in
3042 5457 3292 5510 cordibus
3313 5461 3539 5525 nostris;
3590 5474 3707 5528 quae
3745 5462 3940 5515 scitur

2219 5546 2268 5593 et
2297 5540 2496 5606 legitur
2522 5542 2589 5594 ab
2617 5545 2860 5596 omnibus
2891 5544 3197 5598 hominibus
3239 5560 3251 5598 :
3279 5548 3622 5612 manifestati
3658 5550 3939 5615 quoniam
