  <div class='ocr_page' id='page_1' title='image "/cluster/home/n/w/nwhite01/storage/ocr_20150623/121/hvd.32044054759832/124.png"; bbox 0 0 4130 6184; ppageno 0'>
   <div class='ocr_carea' id='block_1_1' title="bbox 204 297 302 347">
    <p class='ocr_par' dir='ltr' id='par_1_1' title="bbox 204 297 302 347">
     <span class='ocr_line' id='line_1_1' title="bbox 204 297 302 347; baseline 0.01 -1"><span class='ocrx_word' id='word_1_1' title='bbox 204 297 302 347; x_wconf 79' lang='grc'><strong>237</strong></span> 
     </span>
    </p>
   </div>
   <div class='ocr_carea' id='block_1_2' title="bbox 1242 294 2697 350">
    <p class='ocr_par' dir='ltr' id='par_1_2' title="bbox 1242 294 2697 350">
     <span class='ocr_line' id='line_1_2' title="bbox 1242 294 2697 350; baseline 0.003 -5"><span class='ocrx_word' id='word_1_2' title='bbox 1242 294 1509 348; x_wconf 74' lang='lat' dir='ltr'><strong>CONTRA</strong></span> <span class='ocrx_word' id='word_1_3' title='bbox 1553 294 1947 349; x_wconf 73' lang='lat' dir='ltr'><strong>GR/ECORUM</strong></span> <span class='ocrx_word' id='word_1_4' title='bbox 1990 294 2344 349; x_wconf 73' lang='lat' dir='ltr'><strong>OI’POSITA.</strong></span> <span class='ocrx_word' id='word_1_5' title='bbox 2373 327 2438 333; x_wconf 90' lang='lat'><strong>—-</strong></span> <span class='ocrx_word' id='word_1_6' title='bbox 2473 296 2607 350; x_wconf 72' lang='lat' dir='ltr'><strong>LIB.</strong></span> <span class='ocrx_word' id='word_1_7' title='bbox 2653 296 2697 350; x_wconf 83' lang='grc' dir='ltr'><strong>Ι.</strong></span> 
     </span>
    </p>
   </div>
   <div class='ocr_carea' id='block_1_3' title="bbox 3604 306 3709 357">
    <p class='ocr_par' dir='ltr' id='par_1_3' title="bbox 3604 306 3709 357">
     <span class='ocr_line' id='line_1_3' title="bbox 3604 306 3709 357; baseline 0.01 -1"><span class='ocrx_word' id='word_1_8' title='bbox 3604 306 3709 357; x_wconf 75' lang='lat'><strong>238</strong></span> 
     </span>
    </p>
   </div>
   <div class='ocr_carea' id='block_1_4' title="bbox 198 425 3707 502">
    <p class='ocr_par' dir='ltr' id='par_1_4' title="bbox 198 425 3707 502">
     <span class='ocr_line' id='line_1_4' title="bbox 198 425 3707 502; baseline 0.003 -25"><span class='ocrx_word' id='word_1_9' title='bbox 198 427 429 495; x_wconf 74' lang='lat' dir='ltr'><strong>epistola</strong></span> <span class='ocrx_word' id='word_1_10' title='bbox 457 428 585 480; x_wconf 83' lang='lat' dir='ltr'><strong>estis</strong></span> <span class='ocrx_word' id='word_1_11' title='bbox 609 426 835 485; x_wconf 85' lang='lat' dir='ltr'><strong>Christi,</strong></span> <span class='ocrx_word' id='word_1_12' title='bbox 873 426 1185 479; x_wconf 68' lang='lat' dir='ltr'><strong>ministrata</strong></span> <span class='ocrx_word' id='word_1_13' title='bbox 1215 441 1247 478; x_wconf 88' lang='grc' dir='ltr'><em>α</em></span> <span class='ocrx_word' id='word_1_14' title='bbox 1272 425 1444 492; x_wconf 83' lang='lat' dir='ltr'><strong>nobis,</strong></span> <span class='ocrx_word' id='word_1_15' title='bbox 1480 431 1529 478; x_wconf 92' lang='lat' dir='ltr'><strong>et</strong></span> <span class='ocrx_word' id='word_1_16' title='bbox 1556 429 1762 496; x_wconf 86' lang='lat' dir='ltr'><strong>scripta</strong></span> <span class='ocrx_word' id='word_1_17' title='bbox 1794 442 1897 480; x_wconf 89' lang='lat' dir='ltr'><strong>non</strong></span> <span class='ocrx_word' id='word_1_18' title='bbox 1937 427 1982 481; x_wconf 83' lang='grc' dir='ltr'><strong>Λ</strong></span> <span class='ocrx_word' id='word_1_19' title='bbox 2010 426 2182 480; x_wconf 90' lang='lat' dir='ltr'><strong>ritum</strong></span> <span class='ocrx_word' id='word_1_20' title='bbox 2234 427 2459 481; x_wconf 85' lang='lat' dir='ltr'><strong>Domini</strong></span> <span class='ocrx_word' id='word_1_21' title='bbox 2516 429 2902 492; x_wconf 85' lang='lat' dir='ltr'><strong>ministratur;</strong></span> <span class='ocrx_word' id='word_1_22' title='bbox 2939 432 3093 502; x_wconf 92' lang='lat' dir='ltr'><strong>quod</strong></span> <span class='ocrx_word' id='word_1_23' title='bbox 3143 431 3206 485; x_wconf 81' lang='lat' dir='ltr'><strong>fit</strong></span> <span class='ocrx_word' id='word_1_24' title='bbox 3251 448 3381 486; x_wconf 90' lang='lat' dir='ltr'><strong>cum</strong></span> <span class='ocrx_word' id='word_1_25' title='bbox 3414 432 3482 487; x_wconf 93' lang='lat' dir='ltr'><strong>de</strong></span> <span class='ocrx_word' id='word_1_26' title='bbox 3518 434 3707 488; x_wconf 75' lang='lat' dir='ltr'><strong>littera</strong></span> 
     </span>
    </p>
   </div>
   <div class='ocr_carea' id='block_1_5' title="bbox 200 514 1895 583">
    <p class='ocr_par' dir='ltr' id='par_1_5' title="bbox 200 514 1895 583">
     <span class='ocr_line' id='line_1_5' title="bbox 200 514 1895 583; baseline 0.002 -22"><span class='ocrx_word' id='word_1_27' title='bbox 200 520 524 573; x_wconf 76' lang='lat' dir='ltr'><strong>atramento,</strong></span> <span class='ocrx_word' id='word_1_28' title='bbox 581 514 675 567; x_wconf 87' lang='lat' dir='ltr'><strong>sed</strong></span> <span class='ocrx_word' id='word_1_29' title='bbox 732 515 944 583; x_wconf 76' lang='lat' dir='ltr'><strong>Spiritu</strong></span> <span class='ocrx_word' id='word_1_30' title='bbox 996 514 1100 566; x_wconf 86' lang='lat' dir='ltr'><strong>Dei</strong></span> <span class='ocrx_word' id='word_1_31' title='bbox 1143 516 1256 567; x_wconf 74' lang='lat' dir='ltr'><strong>vivi</strong></span> <span class='ocrx_word' id='word_1_32' title='bbox 1314 514 1400 583; x_wconf 90' lang='lat' dir='ltr'><strong>(II</strong></span> <span class='ocrx_word' id='word_1_33' title='bbox 1424 515 1553 568; x_wconf 87' lang='lat' dir='ltr'><strong>Cor.</strong></span> <span class='ocrx_word' id='word_1_34' title='bbox 1610 532 1669 581; x_wconf 79' lang='grc' dir='ltr'><strong>ιι,</strong></span> <span class='ocrx_word' id='word_1_35' title='bbox 1727 518 1780 581; x_wconf 71' lang='lat'><strong>2,</strong></span> <span class='ocrx_word' id='word_1_36' title='bbox 1823 515 1895 583; x_wconf 88' lang='lat'><strong>3).</strong></span> 
     </span>
    </p>
   </div>
   <div class='ocr_carea' id='block_1_6' title="bbox 202 601 1899 673">
    <p class='ocr_par' dir='ltr' id='par_1_6' title="bbox 202 601 1899 673">
     <span class='ocr_line' id='line_1_6' title="bbox 202 601 1899 673; baseline 0 -18"><span class='ocrx_word' id='word_1_37' title='bbox 202 605 342 656; x_wconf 89' lang='lat' dir='ltr'><strong>Cum</strong></span> <span class='ocrx_word' id='word_1_38' title='bbox 376 604 529 655; x_wconf 94' lang='lat' dir='ltr'><strong>dicat</strong></span> <span class='ocrx_word' id='word_1_39' title='bbox 584 601 737 672; x_wconf 91' lang='lat' dir='ltr'><strong>quod</strong></span> <span class='ocrx_word' id='word_1_40' title='bbox 772 602 1047 656; x_wconf 77' lang='lat' dir='ltr'><strong>Corinthii</strong></span> <span class='ocrx_word' id='word_1_41' title='bbox 1079 603 1191 655; x_wconf 88' lang='lat' dir='ltr'><strong>sint</strong></span> <span class='ocrx_word' id='word_1_42' title='bbox 1225 603 1467 673; x_wconf 86' lang='lat' dir='ltr'><strong>epistola</strong></span> <span class='ocrx_word' id='word_1_43' title='bbox 1504 604 1733 671; x_wconf 77' lang='lat' dir='ltr'><strong>Christi,</strong></span> <span class='ocrx_word' id='word_1_44' title='bbox 1770 619 1899 672; x_wconf 67' lang='lat' dir='ltr'><strong>quae</strong></span> 
     </span>
    </p>
   </div>
   <div class='ocr_carea' id='block_1_7' title="bbox 201 690 1897 763">
    <p class='ocr_par' dir='ltr' id='par_1_7' title="bbox 201 690 1897 763">
     <span class='ocr_line' id='line_1_7' title="bbox 201 690 1897 763; baseline 0.002 -23"><span class='ocrx_word' id='word_1_45' title='bbox 201 693 409 762; x_wconf 65' lang='lat' dir='ltr'><strong>scripta</strong></span> <span class='ocrx_word' id='word_1_46' title='bbox 438 692 511 744; x_wconf 98' lang='lat' dir='ltr'><strong>sit</strong></span> <span class='ocrx_word' id='word_1_47' title='bbox 561 691 774 761; x_wconf 75' lang='lat' dir='ltr'><strong>Spiritu</strong></span> <span class='ocrx_word' id='word_1_48' title='bbox 837 691 933 743; x_wconf 91' lang='lat' dir='ltr'><strong>Dei</strong></span> <span class='ocrx_word' id='word_1_49' title='bbox 967 690 1096 757; x_wconf 89' lang='lat' dir='ltr'><strong>vivi,</strong></span> <span class='ocrx_word' id='word_1_50' title='bbox 1148 707 1319 745; x_wconf 92' lang='lat' dir='ltr'><strong>unam</strong></span> <span class='ocrx_word' id='word_1_51' title='bbox 1370 692 1764 763; x_wconf 76' lang='lat' dir='ltr'><strong>operationem</strong></span> <span class='ocrx_word' id='word_1_52' title='bbox 1803 694 1897 746; x_wconf 86' lang='lat' dir='ltr'><strong>de-</strong></span> 
     </span>
    </p>
   </div>
   <div class='ocr_carea' id='block_1_8' title="bbox 202 778 1899 851">
    <p class='ocr_par' dir='ltr' id='par_1_8' title="bbox 202 778 1899 851">
     <span class='ocr_line' id='line_1_8' title="bbox 202 778 1899 851; baseline -0.001 -18"><span class='ocrx_word' id='word_1_53' title='bbox 202 786 486 833; x_wconf 72' lang='lat' dir='ltr'><strong>monstrat</strong></span> <span class='ocrx_word' id='word_1_54' title='bbox 515 779 695 832; x_wconf 85' lang='lat' dir='ltr'><strong>sancti</strong></span> <span class='ocrx_word' id='word_1_55' title='bbox 736 778 980 848; x_wconf 84' lang='lat' dir='ltr'><strong>Spiritus</strong></span> <span class='ocrx_word' id='word_1_56' title='bbox 1038 784 1093 831; x_wconf 90' lang='lat' dir='ltr'><strong>et</strong></span> <span class='ocrx_word' id='word_1_57' title='bbox 1140 780 1382 846; x_wconf 87' lang='lat' dir='ltr'><strong>Christi;</strong></span> <span class='ocrx_word' id='word_1_58' title='bbox 1433 782 1526 834; x_wconf 86' lang='lat' dir='ltr'><strong>sed</strong></span> <span class='ocrx_word' id='word_1_59' title='bbox 1576 797 1746 851; x_wconf 83' lang='lat' dir='ltr'><strong>quem</strong></span> <span class='ocrx_word' id='word_1_60' title='bbox 1801 797 1899 850; x_wconf 87' lang='lat' dir='ltr'><strong>ap-</strong></span> 
     </span>
    </p>
   </div>
   <div class='ocr_carea' id='block_1_9' title="bbox 201 866 1897 939">
    <p class='ocr_par' dir='ltr' id='par_1_9' title="bbox 201 866 1897 939">
     <span class='ocr_line' id='line_1_9' title="bbox 201 866 1897 939; baseline 0 -18"><span class='ocrx_word' id='word_1_61' title='bbox 201 869 377 939; x_wconf 80' lang='lat' dir='ltr'><strong>pellat</strong></span> <span class='ocrx_word' id='word_1_62' title='bbox 420 868 531 921; x_wconf 89' lang='lat' dir='ltr'><strong>hoc</strong></span> <span class='ocrx_word' id='word_1_63' title='bbox 573 868 699 920; x_wconf 90' lang='lat' dir='ltr'><strong>loco</strong></span> <span class='ocrx_word' id='word_1_64' title='bbox 754 868 932 919; x_wconf 92' lang='lat' dir='ltr'><strong>Deum</strong></span> <span class='ocrx_word' id='word_1_65' title='bbox 965 866 1203 919; x_wconf 81' lang='lat' dir='ltr'><strong>vivum?</strong></span> <span class='ocrx_word' id='word_1_66' title='bbox 1244 868 1535 937; x_wconf 57' lang='lat' dir='ltr'><strong>jNimirum</strong></span> <span class='ocrx_word' id='word_1_67' title='bbox 1592 869 1897 933; x_wconf 81' lang='lat' dir='ltr'><strong>Christum,</strong></span> 
     </span>
    </p>
   </div>
   <div class='ocr_carea' id='block_1_10' title="bbox 200 956 1901 1027">
    <p class='ocr_par' dir='ltr' id='par_1_10' title="bbox 200 956 1901 1027">
     <span class='ocr_line' id='line_1_10' title="bbox 200 956 1901 1027; baseline -0.002 -18"><span class='ocrx_word' id='word_1_68' title='bbox 200 958 361 1027; x_wconf 90' lang='lat' dir='ltr'><strong>cujus</strong></span> <span class='ocrx_word' id='word_1_69' title='bbox 392 957 696 1025; x_wconf 89' lang='lat' dir='ltr'><strong>epistolam</strong></span> <span class='ocrx_word' id='word_1_70' title='bbox 756 956 895 1008; x_wconf 88' lang='lat' dir='ltr'><strong>dicit</strong></span> <span class='ocrx_word' id='word_1_71' title='bbox 944 971 1065 1008; x_wconf 83' lang='lat' dir='ltr'><strong>esse</strong></span> <span class='ocrx_word' id='word_1_72' title='bbox 1121 956 1470 1022; x_wconf 85' lang='lat' dir='ltr'><strong>Corinthios,</strong></span> <span class='ocrx_word' id='word_1_73' title='bbox 1534 957 1901 1010; x_wconf 74' lang='lat' dir='ltr'><strong>manifestans</strong></span> 
     </span>
    </p>
   </div>
   <div class='ocr_carea' id='block_1_11' title="bbox 202 1044 1902 1115">
    <p class='ocr_par' dir='ltr' id='par_1_11' title="bbox 202 1044 1902 1115">
     <span class='ocr_line' id='line_1_11' title="bbox 202 1044 1902 1115; baseline -0.001 -16"><span class='ocrx_word' id='word_1_74' title='bbox 202 1046 482 1115; x_wconf 85' lang='lat' dir='ltr'><strong>Spiritum</strong></span> <span class='ocrx_word' id='word_1_75' title='bbox 517 1062 637 1098; x_wconf 89' lang='lat' dir='ltr'><strong>esse</strong></span> <span class='ocrx_word' id='word_1_76' title='bbox 674 1044 901 1107; x_wconf 81' lang='lat' dir='ltr'><strong>Christi,</strong></span> <span class='ocrx_word' id='word_1_77' title='bbox 930 1045 1030 1114; x_wconf 89' lang='lat' dir='ltr'><strong>qui</strong></span> <span class='ocrx_word' id='word_1_78' title='bbox 1075 1045 1365 1114; x_wconf 73' lang='lat' dir='ltr'><strong>scripserit</strong></span> <span class='ocrx_word' id='word_1_79' title='bbox 1394 1046 1451 1098; x_wconf 92' lang='lat' dir='ltr'><strong>in</strong></span> <span class='ocrx_word' id='word_1_80' title='bbox 1483 1046 1751 1098; x_wconf 84' lang='lat' dir='ltr'><strong>cordibus</strong></span> <span class='ocrx_word' id='word_1_81' title='bbox 1791 1046 1902 1098; x_wconf 86' lang='lat' dir='ltr'><strong>Co-</strong></span> 
     </span>
    </p>
   </div>
   <div class='ocr_carea' id='block_1_12' title="bbox 201 1133 1902 1203">
    <p class='ocr_par' dir='ltr' id='par_1_12' title="bbox 201 1133 1902 1203">
     <span class='ocr_line' id='line_1_12' title="bbox 201 1133 1902 1203; baseline -0.001 -17"><span class='ocrx_word' id='word_1_82' title='bbox 201 1134 553 1186; x_wconf 88' lang='lat' dir='ltr'><strong>rinthiorum</strong></span> <span class='ocrx_word' id='word_1_83' title='bbox 589 1133 887 1203; x_wconf 79' lang='lat' dir='ltr'><strong>epistolam</strong></span> <span class='ocrx_word' id='word_1_84' title='bbox 939 1148 1054 1186; x_wconf 87' lang='lat' dir='ltr'><strong>non</strong></span> <span class='ocrx_word' id='word_1_85' title='bbox 1117 1138 1437 1186; x_wconf 86' lang='lat' dir='ltr'><strong>atramento</strong></span> <span class='ocrx_word' id='word_1_86' title='bbox 1485 1133 1765 1203; x_wconf 90' lang='lat' dir='ltr'><strong>corporis,</strong></span> <span class='ocrx_word' id='word_1_87' title='bbox 1804 1133 1902 1186; x_wconf 91' lang='lat' dir='ltr'><strong>sed</strong></span> 
     </span>
    </p>
   </div>
   <div class='ocr_carea' id='block_1_13' title="bbox 202 1221 1902 1292">
    <p class='ocr_par' dir='ltr' id='par_1_13' title="bbox 202 1221 1902 1292">
     <span class='ocr_line' id='line_1_13' title="bbox 202 1221 1902 1292; baseline 0 -17"><span class='ocrx_word' id='word_1_88' title='bbox 202 1222 587 1275; x_wconf 86' lang='lat' dir='ltr'><strong>illustratione</strong></span> <span class='ocrx_word' id='word_1_89' title='bbox 617 1221 727 1274; x_wconf 88' lang='lat' dir='ltr'><strong>sui.</strong></span> <span class='ocrx_word' id='word_1_90' title='bbox 762 1222 869 1275; x_wconf 85' lang='lat' dir='ltr'><strong>Per</strong></span> <span class='ocrx_word' id='word_1_91' title='bbox 896 1222 1001 1274; x_wconf 92' lang='lat' dir='ltr'><strong>hoc</strong></span> <span class='ocrx_word' id='word_1_92' title='bbox 1034 1237 1171 1291; x_wconf 91' lang='lat' dir='ltr'><strong>ergo</strong></span> <span class='ocrx_word' id='word_1_93' title='bbox 1201 1222 1356 1292; x_wconf 90' lang='lat' dir='ltr'><strong>quod</strong></span> <span class='ocrx_word' id='word_1_94' title='bbox 1394 1222 1655 1276; x_wconf 82' lang='lat' dir='ltr'><strong>eamdem</strong></span> <span class='ocrx_word' id='word_1_95' title='bbox 1688 1222 1902 1291; x_wconf 90' lang='lat' dir='ltr'><strong>episto-</strong></span> 
     </span>
    </p>
   </div>
   <div class='ocr_carea' id='block_1_14' title="bbox 203 1309 1903 1379">
    <p class='ocr_par' dir='ltr' id='par_1_14' title="bbox 203 1309 1903 1379">
     <span class='ocr_line' id='line_1_14' title="bbox 203 1309 1903 1379; baseline 0 -16"><span class='ocrx_word' id='word_1_96' title='bbox 203 1312 310 1363; x_wconf 83' lang='lat' dir='ltr'><strong>lam</strong></span> <span class='ocrx_word' id='word_1_97' title='bbox 385 1310 646 1363; x_wconf 91' lang='lat' dir='ltr'><strong>scribunt</strong></span> <span class='ocrx_word' id='word_1_98' title='bbox 700 1309 959 1363; x_wconf 85' lang='lat' dir='ltr'><strong>Christus</strong></span> <span class='ocrx_word' id='word_1_99' title='bbox 1016 1314 1070 1363; x_wconf 87' lang='lat' dir='ltr'><strong>et</strong></span> <span class='ocrx_word' id='word_1_100' title='bbox 1128 1310 1373 1379; x_wconf 81' lang='lat' dir='ltr'><strong>Spiritus</strong></span> <span class='ocrx_word' id='word_1_101' title='bbox 1432 1316 1678 1376; x_wconf 87' lang='lat' dir='ltr'><strong>sanctus,</strong></span> <span class='ocrx_word' id='word_1_102' title='bbox 1761 1310 1903 1363; x_wconf 82' lang='lat' dir='ltr'><strong>sicut</strong></span> 
     </span>
    </p>
   </div>
   <div class='ocr_carea' id='block_1_15' title="bbox 204 1398 1903 1467">
    <p class='ocr_par' dir='ltr' id='par_1_15' title="bbox 204 1398 1903 1467">
     <span class='ocr_line' id='line_1_15' title="bbox 204 1398 1903 1467; baseline 0.002 -16"><span class='ocrx_word' id='word_1_103' title='bbox 204 1400 372 1451; x_wconf 90' lang='lat' dir='ltr'><strong>unius</strong></span> <span class='ocrx_word' id='word_1_104' title='bbox 406 1398 781 1467; x_wconf 85' lang='lat' dir='ltr'><strong>operationis,</strong></span> <span class='ocrx_word' id='word_1_105' title='bbox 825 1398 904 1451; x_wconf 91' lang='lat' dir='ltr'><strong>sic</strong></span> <span class='ocrx_word' id='word_1_106' title='bbox 953 1414 1072 1451; x_wconf 89' lang='lat' dir='ltr'><strong>esse</strong></span> <span class='ocrx_word' id='word_1_107' title='bbox 1104 1404 1496 1452; x_wconf 83' lang='lat' dir='ltr'><strong>monstrantur</strong></span> <span class='ocrx_word' id='word_1_108' title='bbox 1542 1401 1713 1454; x_wconf 88' lang='lat' dir='ltr'><strong>unius</strong></span> <span class='ocrx_word' id='word_1_109' title='bbox 1772 1402 1903 1455; x_wconf 87' lang='lat' dir='ltr'><strong>sub-</strong></span> 
     </span>
    </p>
   </div>
   <div class='ocr_carea' id='block_1_16' title="bbox 202 1486 1905 1561">
    <p class='ocr_par' dir='ltr' id='par_1_16' title="bbox 202 1486 1905 1561">
     <span class='ocr_line' id='line_1_16' title="bbox 202 1486 1905 1561; baseline 0.002 -23"><span class='ocrx_word' id='word_1_110' title='bbox 202 1488 425 1540; x_wconf 75' lang='lat' dir='ltr'><strong>stantizP</strong></span> <span class='ocrx_word' id='word_1_111' title='bbox 466 1503 479 1540; x_wconf 93' lang='lat'><strong>:</strong></span> <span class='ocrx_word' id='word_1_112' title='bbox 513 1486 664 1557; x_wconf 87' lang='lat' dir='ltr'><strong>quod</strong></span> <span class='ocrx_word' id='word_1_113' title='bbox 699 1487 849 1540; x_wconf 91' lang='lat' dir='ltr'><strong>enim</strong></span> <span class='ocrx_word' id='word_1_114' title='bbox 884 1487 1082 1539; x_wconf 86' lang='lat' dir='ltr'><strong>scribit</strong></span> <span class='ocrx_word' id='word_1_115' title='bbox 1108 1487 1382 1553; x_wconf 87' lang='lat' dir='ltr'><strong>Christus,</strong></span> <span class='ocrx_word' id='word_1_116' title='bbox 1418 1488 1526 1542; x_wconf 90' lang='lat' dir='ltr'><strong>hoc</strong></span> <span class='ocrx_word' id='word_1_117' title='bbox 1568 1495 1624 1543; x_wconf 89' lang='lat' dir='ltr'><strong>et</strong></span> <span class='ocrx_word' id='word_1_118' title='bbox 1661 1492 1905 1561; x_wconf 82' lang='lat' dir='ltr'><strong>Spiritus</strong></span> 
     </span>
    </p>
   </div>
   <div class='ocr_carea' id='block_1_17' title="bbox 203 1575 1901 1647">
    <p class='ocr_par' dir='ltr' id='par_1_17' title="bbox 203 1575 1901 1647">
     <span class='ocr_line' id='line_1_17' title="bbox 203 1575 1901 1647; baseline 0.004 -20"><span class='ocrx_word' id='word_1_119' title='bbox 203 1583 453 1641; x_wconf 78' lang='lat' dir='ltr'><strong>sanctus,</strong></span> <span class='ocrx_word' id='word_1_120' title='bbox 489 1582 546 1629; x_wconf 83' lang='lat' dir='ltr'><strong>et</strong></span> <span class='ocrx_word' id='word_1_121' title='bbox 597 1577 746 1647; x_wconf 89' lang='lat' dir='ltr'><strong>quod</strong></span> <span class='ocrx_word' id='word_1_122' title='bbox 804 1575 1046 1645; x_wconf 87' lang='lat' dir='ltr'><strong>Spiritus</strong></span> <span class='ocrx_word' id='word_1_123' title='bbox 1076 1582 1322 1641; x_wconf 88' lang='lat' dir='ltr'><strong>sanctus,</strong></span> <span class='ocrx_word' id='word_1_124' title='bbox 1371 1578 1476 1630; x_wconf 92' lang='lat' dir='ltr'><strong>hoc</strong></span> <span class='ocrx_word' id='word_1_125' title='bbox 1525 1584 1581 1632; x_wconf 85' lang='lat' dir='ltr'><strong>et</strong></span> <span class='ocrx_word' id='word_1_126' title='bbox 1628 1580 1901 1638; x_wconf 85' lang='lat' dir='ltr'><strong>Christus.</strong></span> 
     </span>
    </p>
   </div>
   <div class='ocr_carea' id='block_1_18' title="bbox 204 1665 1900 1738">
    <p class='ocr_par' dir='ltr' id='par_1_18' title="bbox 204 1665 1900 1738">
     <span class='ocr_line' id='line_1_18' title="bbox 204 1665 1900 1738; baseline 0.002 -19"><span class='ocrx_word' id='word_1_127' title='bbox 204 1683 314 1720; x_wconf 91' lang='lat' dir='ltr'><strong>non</strong></span> <span class='ocrx_word' id='word_1_128' title='bbox 342 1665 728 1719; x_wconf 86' lang='lat' dir='ltr'><strong>alternatione</strong></span> <span class='ocrx_word' id='word_1_129' title='bbox 786 1665 1080 1733; x_wconf 87' lang='lat' dir='ltr'><strong>temporis,</strong></span> <span class='ocrx_word' id='word_1_130' title='bbox 1146 1682 1247 1718; x_wconf 90' lang='lat' dir='ltr'><strong>nec</strong></span> <span class='ocrx_word' id='word_1_131' title='bbox 1306 1667 1560 1720; x_wconf 88' lang='lat' dir='ltr'><strong>locorum</strong></span> <span class='ocrx_word' id='word_1_132' title='bbox 1622 1675 1900 1738; x_wconf 87' lang='lat' dir='ltr'><strong>permuta-</strong></span> 
     </span>
    </p>
   </div>
   <div class='ocr_carea' id='block_1_19' title="bbox 205 1755 1901 1827">
    <p class='ocr_par' dir='ltr' id='par_1_19' title="bbox 205 1755 1901 1827">
     <span class='ocr_line' id='line_1_19' title="bbox 205 1755 1901 1827; baseline 0.004 -21"><span class='ocrx_word' id='word_1_133' title='bbox 205 1758 379 1821; x_wconf 81' lang='lat' dir='ltr'><strong>tione,</strong></span> <span class='ocrx_word' id='word_1_134' title='bbox 416 1772 523 1809; x_wconf 86' lang='lat' dir='ltr'><strong>nec</strong></span> <span class='ocrx_word' id='word_1_135' title='bbox 558 1755 746 1825; x_wconf 88' lang='lat' dir='ltr'><strong>operis</strong></span> <span class='ocrx_word' id='word_1_136' title='bbox 800 1756 1110 1820; x_wconf 78' lang='lat' dir='ltr'><strong>varietate;</strong></span> <span class='ocrx_word' id='word_1_137' title='bbox 1160 1755 1433 1825; x_wconf 89' lang='lat' dir='ltr'><strong>quoniam</strong></span> <span class='ocrx_word' id='word_1_138' title='bbox 1474 1757 1619 1810; x_wconf 87' lang='lat' dir='ltr'><strong>sicut</strong></span> <span class='ocrx_word' id='word_1_139' title='bbox 1648 1758 1901 1827; x_wconf 84' lang='lat' dir='ltr'><strong>ejusdem</strong></span> 
     </span>
    </p>
   </div>
   <div class='ocr_carea' id='block_1_20' title="bbox 204 1844 1903 1915">
    <p class='ocr_par' dir='ltr' id='par_1_20' title="bbox 204 1844 1903 1915">
     <span class='ocr_line' id='line_1_20' title="bbox 204 1844 1903 1915; baseline 0.003 -20"><span class='ocrx_word' id='word_1_140' title='bbox 204 1852 335 1898; x_wconf 81' lang='lat' dir='ltr'><strong>sunt</strong></span> <span class='ocrx_word' id='word_1_141' title='bbox 367 1845 699 1910; x_wconf 77' lang='lat' dir='ltr'><strong>voluntatis,</strong></span> <span class='ocrx_word' id='word_1_142' title='bbox 748 1845 825 1897; x_wconf 90' lang='lat' dir='ltr'><strong>sic</strong></span> <span class='ocrx_word' id='word_1_143' title='bbox 871 1845 1126 1915; x_wconf 82' lang='lat' dir='ltr'><strong>ejusdem</strong></span> <span class='ocrx_word' id='word_1_144' title='bbox 1161 1844 1534 1913; x_wconf 84' lang='lat' dir='ltr'><strong>operationis,</strong></span> <span class='ocrx_word' id='word_1_145' title='bbox 1579 1863 1681 1900; x_wconf 84' lang='lat' dir='ltr'><strong>nec</strong></span> <span class='ocrx_word' id='word_1_146' title='bbox 1730 1847 1903 1900; x_wconf 87' lang='lat' dir='ltr'><strong>dissi—</strong></span> 
     </span>
    </p>
   </div>
   <div class='ocr_carea' id='block_1_21' title="bbox 205 1933 1899 2004">
    <p class='ocr_par' dir='ltr' id='par_1_21' title="bbox 205 1933 1899 2004">
     <span class='ocr_line' id='line_1_21' title="bbox 205 1933 1899 2004; baseline 0.003 -19"><span class='ocrx_word' id='word_1_147' title='bbox 205 1934 354 1987; x_wconf 84' lang='lat' dir='ltr'><strong>milis</strong></span> <span class='ocrx_word' id='word_1_148' title='bbox 384 1934 681 2004; x_wconf 74' lang='lat' dir='ltr'><strong>potentize,</strong></span> <span class='ocrx_word' id='word_1_149' title='bbox 716 1934 985 2004; x_wconf 87' lang='lat' dir='ltr'><strong>quoniam</strong></span> <span class='ocrx_word' id='word_1_150' title='bbox 1009 1950 1121 1986; x_wconf 92' lang='lat' dir='ltr'><strong>non</strong></span> <span class='ocrx_word' id='word_1_151' title='bbox 1154 1938 1287 1986; x_wconf 91' lang='lat' dir='ltr'><strong>sunt</strong></span> <span class='ocrx_word' id='word_1_152' title='bbox 1309 1933 1601 1988; x_wconf 87' lang='lat' dir='ltr'><strong>dissimilis</strong></span> <span class='ocrx_word' id='word_1_153' title='bbox 1620 1936 1899 1991; x_wconf 54' lang='lat' dir='ltr'><strong>essentia.</strong></span> 
     </span>
    </p>
   </div>
   <div class='ocr_carea' id='block_1_22' title="bbox 205 2022 1903 2092">
    <p class='ocr_par' dir='ltr' id='par_1_22' title="bbox 205 2022 1903 2092">
     <span class='ocr_line' id='line_1_22' title="bbox 205 2022 1903 2092; baseline 0.002 -18"><span class='ocrx_word' id='word_1_154' title='bbox 205 2022 701 2087; x_wconf 80' lang='lat' dir='ltr'><strong>Quemadmodum</strong></span> <span class='ocrx_word' id='word_1_155' title='bbox 770 2029 960 2075; x_wconf 89' lang='lat' dir='ltr'><strong>autem</strong></span> <span class='ocrx_word' id='word_1_156' title='bbox 1030 2022 1252 2075; x_wconf 90' lang='lat' dir='ltr'><strong>dicatur</strong></span> <span class='ocrx_word' id='word_1_157' title='bbox 1336 2022 1581 2092; x_wconf 87' lang='lat' dir='ltr'><strong>Spiritus</strong></span> <span class='ocrx_word' id='word_1_158' title='bbox 1659 2030 1903 2089; x_wconf 82' lang='lat' dir='ltr'><strong>sanctus,</strong></span> 
     </span>
    </p>
   </div>
   <div class='ocr_carea' id='block_1_23' title="bbox 204 2111 1901 2183">
    <p class='ocr_par' dir='ltr' id='par_1_23' title="bbox 204 2111 1901 2183">
     <span class='ocr_line' id='line_1_23' title="bbox 204 2111 1901 2183; baseline 0.002 -18"><span class='ocrx_word' id='word_1_159' title='bbox 204 2112 450 2182; x_wconf 82' lang='lat' dir='ltr'><strong>Spiritus</strong></span> <span class='ocrx_word' id='word_1_160' title='bbox 510 2111 714 2166; x_wconf 88' lang='lat' dir='ltr'><strong>Christi</strong></span> <span class='ocrx_word' id='word_1_161' title='bbox 769 2111 1099 2181; x_wconf 88' lang='lat' dir='ltr'><strong>frequenter</strong></span> <span class='ocrx_word' id='word_1_162' title='bbox 1155 2115 1241 2163; x_wconf 87' lang='lat' dir='ltr'><strong>est</strong></span> <span class='ocrx_word' id='word_1_163' title='bbox 1318 2111 1566 2177; x_wconf 88' lang='lat' dir='ltr'><strong>dictum;</strong></span> <span class='ocrx_word' id='word_1_164' title='bbox 1631 2115 1901 2183; x_wconf 86' lang='lat' dir='ltr'><strong>quoniam</strong></span> 
     </span>
    </p>
   </div>
   <div class='ocr_carea' id='block_1_24' title="bbox 210 2199 1904 2274">
    <p class='ocr_par' dir='ltr' id='par_1_24' title="bbox 210 2199 1904 2274">
     <span class='ocr_line' id='line_1_24' title="bbox 210 2199 1904 2274; baseline 0.002 -21"><span class='ocrx_word' id='word_1_165' title='bbox 210 2217 318 2254; x_wconf 92' lang='lat' dir='ltr'><strong>non</strong></span> <span class='ocrx_word' id='word_1_166' title='bbox 355 2202 509 2254; x_wconf 89' lang='lat' dir='ltr'><strong>sicut</strong></span> <span class='ocrx_word' id='word_1_167' title='bbox 559 2200 645 2253; x_wconf 85' lang='lat' dir='ltr'><strong>vel</strong></span> <span class='ocrx_word' id='word_1_168' title='bbox 674 2216 807 2269; x_wconf 79' lang='lat' dir='ltr'><strong>pars</strong></span> <span class='ocrx_word' id='word_1_169' title='bbox 852 2199 1027 2268; x_wconf 88' lang='lat' dir='ltr'><strong>illius,</strong></span> <span class='ocrx_word' id='word_1_170' title='bbox 1084 2200 1167 2253; x_wconf 78' lang='lat' dir='ltr'><strong>vel</strong></span> <span class='ocrx_word' id='word_1_171' title='bbox 1204 2201 1467 2270; x_wconf 85' lang='lat' dir='ltr'><strong>qualitas,</strong></span> <span class='ocrx_word' id='word_1_172' title='bbox 1527 2203 1613 2255; x_wconf 85' lang='lat' dir='ltr'><strong>vel</strong></span> <span class='ocrx_word' id='word_1_173' title='bbox 1675 2203 1904 2274; x_wconf 86' lang='lat' dir='ltr'><strong>aliquod</strong></span> 
     </span>
    </p>
   </div>
   <div class='ocr_carea' id='block_1_25' title="bbox 207 2287 1903 2359">
    <p class='ocr_par' dir='ltr' id='par_1_25' title="bbox 207 2287 1903 2359">
     <span class='ocr_line' id='line_1_25' title="bbox 207 2287 1903 2359; baseline 0.003 -19"><span class='ocrx_word' id='word_1_174' title='bbox 207 2290 550 2358; x_wconf 83' lang='lat' dir='ltr'><strong>subjectum,</strong></span> <span class='ocrx_word' id='word_1_175' title='bbox 594 2289 687 2341; x_wconf 89' lang='lat' dir='ltr'><strong>sed</strong></span> <span class='ocrx_word' id='word_1_176' title='bbox 741 2287 886 2342; x_wconf 91' lang='lat' dir='ltr'><strong>sicut</strong></span> <span class='ocrx_word' id='word_1_177' title='bbox 925 2288 1241 2359; x_wconf 86' lang='lat' dir='ltr'><strong>procedens</strong></span> <span class='ocrx_word' id='word_1_178' title='bbox 1287 2304 1319 2340; x_wconf 92' lang='lat' dir='ltr'><strong>a</strong></span> <span class='ocrx_word' id='word_1_179' title='bbox 1359 2290 1603 2343; x_wconf 88' lang='lat' dir='ltr'><strong>Christo.</strong></span> <span class='ocrx_word' id='word_1_180' title='bbox 1648 2291 1787 2345; x_wconf 89' lang='lat' dir='ltr'><strong>Item</strong></span> <span class='ocrx_word' id='word_1_181' title='bbox 1833 2292 1903 2345; x_wconf 90' lang='lat' dir='ltr'><strong>ad</strong></span> 
     </span>
    </p>
   </div>
   <div class='ocr_carea' id='block_1_26' title="bbox 209 2376 1905 2445">
    <p class='ocr_par' dir='ltr' id='par_1_26' title="bbox 209 2376 1905 2445">
     <span class='ocr_line' id='line_1_26' title="bbox 209 2376 1905 2445; baseline 0.001 -13"><span class='ocrx_word' id='word_1_182' title='bbox 209 2378 537 2432; x_wconf 80' lang='lat' dir='ltr'><strong>Corinthios</strong></span> <span class='ocrx_word' id='word_1_183' title='bbox 594 2378 655 2430; x_wconf 91' lang='lat' dir='ltr'><strong>in</strong></span> <span class='ocrx_word' id='word_1_184' title='bbox 722 2377 966 2430; x_wconf 88' lang='lat' dir='ltr'><strong>eadem:</strong></span> <span class='ocrx_word' id='word_1_185' title='bbox 1006 2378 1179 2445; x_wconf 79' lang='lat' dir='ltr'><strong>Usque</strong></span> <span class='ocrx_word' id='word_1_186' title='bbox 1226 2376 1540 2431; x_wconf 86' lang='lat' dir='ltr'><strong>hodiernum</strong></span> <span class='ocrx_word' id='word_1_187' title='bbox 1586 2379 1725 2433; x_wconf 87' lang='lat' dir='ltr'><strong>diem</strong></span> <span class='ocrx_word' id='word_1_188' title='bbox 1787 2396 1905 2435; x_wconf 89' lang='lat' dir='ltr'><strong>cum</strong></span> 
     </span>
    </p>
   </div>
   <div class='ocr_carea' id='block_1_27' title="bbox 208 2467 1907 2537">
    <p class='ocr_par' dir='ltr' id='par_1_27' title="bbox 208 2467 1907 2537">
     <span class='ocr_line' id='line_1_27' title="bbox 208 2467 1907 2537; baseline 0.001 -18"><span class='ocrx_word' id='word_1_189' title='bbox 208 2470 406 2533; x_wconf 66' lang='lat' dir='ltr'><strong>legitur</strong></span> <span class='ocrx_word' id='word_1_190' title='bbox 449 2468 676 2531; x_wconf 78' lang='lat' dir='ltr'><strong>Moyses,</strong></span> <span class='ocrx_word' id='word_1_191' title='bbox 737 2467 991 2519; x_wconf 83' lang='lat' dir='ltr'><strong>velamem</strong></span> <span class='ocrx_word' id='word_1_192' title='bbox 1038 2471 1115 2519; x_wconf 83' lang='lat' dir='ltr'><strong>est</strong></span> <span class='ocrx_word' id='word_1_193' title='bbox 1179 2470 1417 2535; x_wconf 88' lang='lat' dir='ltr'><strong>positum</strong></span> <span class='ocrx_word' id='word_1_194' title='bbox 1458 2468 1637 2537; x_wconf 66' lang='lat' dir='ltr'><strong>{super</strong></span> <span class='ocrx_word' id='word_1_195' title='bbox 1687 2483 1776 2521; x_wconf 82' lang='lat' dir='ltr'><strong>cor</strong></span> <span class='ocrx_word' id='word_1_196' title='bbox 1827 2483 1907 2520; x_wconf 84' lang='lat' dir='ltr'><strong>eo-</strong></span> 
     </span>
    </p>
   </div>
   <div class='ocr_carea' id='block_1_28' title="bbox 207 2555 1908 2623">
    <p class='ocr_par' dir='ltr' id='par_1_28' title="bbox 207 2555 1908 2623">
     <span class='ocr_line' id='line_1_28' title="bbox 207 2555 1908 2623; baseline 0.002 -17"><span class='ocrx_word' id='word_1_197' title='bbox 207 2570 361 2623; x_wconf 81' lang='lat' dir='ltr'><strong>rum;</strong></span> <span class='ocrx_word' id='word_1_198' title='bbox 394 2570 518 2608; x_wconf 90' lang='lat' dir='ltr'><strong>cum</strong></span> <span class='ocrx_word' id='word_1_199' title='bbox 550 2560 725 2608; x_wconf 85' lang='lat' dir='ltr'><strong>autem</strong></span> <span class='ocrx_word' id='word_1_200' title='bbox 755 2570 1038 2609; x_wconf 81' lang='lat' dir='ltr'><strong>conversus</strong></span> <span class='ocrx_word' id='word_1_201' title='bbox 1076 2558 1246 2620; x_wconf 80' lang='lat' dir='ltr'><strong>fuerit</strong></span> <span class='ocrx_word' id='word_1_202' title='bbox 1276 2555 1350 2608; x_wconf 84' lang='lat' dir='ltr'><strong>ad</strong></span> <span class='ocrx_word' id='word_1_203' title='bbox 1392 2557 1581 2619; x_wconf 87' lang='lat' dir='ltr'><strong>Deum,</strong></span> <span class='ocrx_word' id='word_1_204' title='bbox 1629 2559 1908 2623; x_wconf 79' lang='lat' dir='ltr'><strong>auferetur</strong></span> 
     </span>
    </p>
   </div>
   <div class='ocr_carea' id='block_1_29' title="bbox 206 2643 1904 2710">
    <p class='ocr_par' dir='ltr' id='par_1_29' title="bbox 206 2643 1904 2710">
     <span class='ocr_line' id='line_1_29' title="bbox 206 2643 1904 2710; baseline 0.002 -17"><span class='ocrx_word' id='word_1_205' title='bbox 206 2643 447 2696; x_wconf 79' lang='lat' dir='ltr'><strong>relamen</strong></span> <span class='ocrx_word' id='word_1_206' title='bbox 505 2645 571 2710; x_wconf 80' lang='lat' dir='ltr'><strong>(ll</strong></span> <span class='ocrx_word' id='word_1_207' title='bbox 623 2643 741 2697; x_wconf 85' lang='lat' dir='ltr'><strong>Cor.</strong></span> <span class='ocrx_word' id='word_1_208' title='bbox 782 2659 862 2709; x_wconf 84' lang='lat' dir='ltr'><strong>Ill,</strong></span> <span class='ocrx_word' id='word_1_209' title='bbox 900 2646 983 2708; x_wconf 78' lang='grc'><strong>15,</strong></span> <span class='ocrx_word' id='word_1_210' title='bbox 1026 2646 1127 2709; x_wconf 80' lang='lat' dir='ltr'><strong>l6).</strong></span> <span class='ocrx_word' id='word_1_211' title='bbox 1162 2644 1340 2707; x_wconf 88' lang='lat' dir='ltr'><strong>Quem</strong></span> <span class='ocrx_word' id='word_1_212' title='bbox 1387 2644 1479 2697; x_wconf 93' lang='lat' dir='ltr'><strong>hic</strong></span> <span class='ocrx_word' id='word_1_213' title='bbox 1517 2644 1669 2698; x_wconf 84' lang='lat' dir='ltr'><strong>dicat</strong></span> <span class='ocrx_word' id='word_1_214' title='bbox 1726 2647 1904 2699; x_wconf 91' lang='lat' dir='ltr'><strong>Deum</strong></span> 
     </span>
    </p>
   </div>
   <div class='ocr_carea' id='block_1_30' title="bbox 212 2731 1903 2801">
    <p class='ocr_par' dir='ltr' id='par_1_30' title="bbox 212 2731 1903 2801">
     <span class='ocr_line' id='line_1_30' title="bbox 212 2731 1903 2801; baseline 0.002 -18"><span class='ocrx_word' id='word_1_215' title='bbox 212 2732 377 2797; x_wconf 87' lang='lat' dir='ltr'><strong>paulo</strong></span> <span class='ocrx_word' id='word_1_216' title='bbox 419 2731 683 2801; x_wconf 88' lang='lat' dir='ltr'><strong>superius</strong></span> <span class='ocrx_word' id='word_1_217' title='bbox 711 2732 1290 2797; x_wconf 88' lang='lat' dir='ltr'><strong>manifestat;dicens</strong></span> <span class='ocrx_word' id='word_1_218' title='bbox 1328 2733 1396 2784; x_wconf 82' lang='lat' dir='ltr'><strong>de</strong></span> <span class='ocrx_word' id='word_1_219' title='bbox 1432 2734 1634 2787; x_wconf 84' lang='lat' dir='ltr'><strong>eodem</strong></span> <span class='ocrx_word' id='word_1_220' title='bbox 1672 2734 1903 2787; x_wconf 86' lang='lat' dir='ltr'><strong>velami-</strong></span> 
     </span>
    </p>
   </div>
   <div class='ocr_carea' id='block_1_31' title="bbox 213 2820 1907 2892">
    <p class='ocr_par' dir='ltr' id='par_1_31' title="bbox 213 2820 1907 2892">
     <span class='ocr_line' id='line_1_31' title="bbox 213 2820 1907 2892; baseline 0.004 -22"><span class='ocrx_word' id='word_1_221' title='bbox 213 2838 278 2873; x_wconf 89' lang='lat' dir='ltr'><strong>ue</strong></span> <span class='ocrx_word' id='word_1_222' title='bbox 308 2821 608 2891; x_wconf 86' lang='lat' dir='ltr'><strong>quomodo</strong></span> <span class='ocrx_word' id='word_1_223' title='bbox 638 2820 695 2874; x_wconf 91' lang='lat' dir='ltr'><strong>in</strong></span> <span class='ocrx_word' id='word_1_224' title='bbox 741 2820 960 2875; x_wconf 87' lang='lat' dir='ltr'><strong>Christo</strong></span> <span class='ocrx_word' id='word_1_225' title='bbox 992 2826 1315 2875; x_wconf 88' lang='lat' dir='ltr'><strong>evacuatur.</strong></span> <span class='ocrx_word' id='word_1_226' title='bbox 1362 2822 1418 2876; x_wconf 89' lang='lat' dir='ltr'><strong>Si</strong></span> <span class='ocrx_word' id='word_1_227' title='bbox 1467 2838 1601 2892; x_wconf 87' lang='lat' dir='ltr'><strong>ergo</strong></span> <span class='ocrx_word' id='word_1_228' title='bbox 1648 2824 1907 2877; x_wconf 87' lang='lat' dir='ltr'><strong>velamen</strong></span> 
     </span>
    </p>
   </div>
   <div class='ocr_carea' id='block_1_32' title="bbox 213 2908 1906 2977">
    <p class='ocr_par' dir='ltr' id='par_1_32' title="bbox 213 2908 1906 2977">
     <span class='ocr_line' id='line_1_32' title="bbox 213 2908 1906 2977; baseline 0.005 -20"><span class='ocrx_word' id='word_1_229' title='bbox 213 2910 417 2963; x_wconf 58' lang='lat' dir='ltr'><strong>veteris</strong></span> <span class='ocrx_word' id='word_1_230' title='bbox 455 2908 717 2962; x_wconf 83' lang='lat' dir='ltr'><strong>lectionis</strong></span> <span class='ocrx_word' id='word_1_231' title='bbox 775 2912 1082 2963; x_wconf 87' lang='lat' dir='ltr'><strong>evacuatur</strong></span> <span class='ocrx_word' id='word_1_232' title='bbox 1134 2910 1192 2963; x_wconf 91' lang='lat' dir='ltr'><strong>in</strong></span> <span class='ocrx_word' id='word_1_233' title='bbox 1249 2910 1490 2977; x_wconf 86' lang='lat' dir='ltr'><strong>Christo,</strong></span> <span class='ocrx_word' id='word_1_234' title='bbox 1542 2911 1906 2965; x_wconf 78' lang='lat' dir='ltr'><strong>manifestum</strong></span> 
     </span>
    </p>
   </div>
   <div class='ocr_carea' id='block_1_33' title="bbox 2007 516 3705 589">
    <p class='ocr_par' dir='ltr' id='par_1_33' title="bbox 2007 516 3705 589">
     <span class='ocr_line' id='line_1_33' title="bbox 2007 516 3705 589; baseline 0.004 -23"><span class='ocrx_word' id='word_1_235' title='bbox 2007 518 2282 569; x_wconf 79' lang='lat' dir='ltr'><strong>transitur</strong></span> <span class='ocrx_word' id='word_1_236' title='bbox 2329 516 2396 569; x_wconf 83' lang='lat' dir='ltr'><strong>ad</strong></span> <span class='ocrx_word' id='word_1_237' title='bbox 2447 516 2764 584; x_wconf 87' lang='lat' dir='ltr'><strong>spiritalem</strong></span> <span class='ocrx_word' id='word_1_238' title='bbox 2810 518 3268 589; x_wconf 80' lang='lat' dir='ltr'><strong>intelligentiam,</strong></span> <span class='ocrx_word' id='word_1_239' title='bbox 3322 526 3378 573; x_wconf 89' lang='lat' dir='ltr'><strong>et</strong></span> <span class='ocrx_word' id='word_1_240' title='bbox 3415 520 3483 574; x_wconf 92' lang='lat' dir='ltr'><strong>de</strong></span> <span class='ocrx_word' id='word_1_241' title='bbox 3532 523 3705 573; x_wconf 86' lang='lat' dir='ltr'><strong>servi-</strong></span> 
     </span>
    </p>
   </div>
   <div class='ocr_carea' id='block_1_34' title="bbox 2008 606 3707 675">
    <p class='ocr_par' dir='ltr' id='par_1_34' title="bbox 2008 606 3707 675">
     <span class='ocr_line' id='line_1_34' title="bbox 2008 606 3707 675; baseline 0.004 -18"><span class='ocrx_word' id='word_1_242' title='bbox 2008 610 2126 657; x_wconf 88' lang='lat' dir='ltr'><strong>tute</strong></span> <span class='ocrx_word' id='word_1_243' title='bbox 2156 606 2338 658; x_wconf 84' lang='lat' dir='ltr'><strong>(aruis</strong></span> <span class='ocrx_word' id='word_1_244' title='bbox 2372 606 2427 657; x_wconf 92' lang='lat' dir='ltr'><strong>in</strong></span> <span class='ocrx_word' id='word_1_245' title='bbox 2478 606 2719 675; x_wconf 87' lang='lat' dir='ltr'><strong>Spiritus</strong></span> <span class='ocrx_word' id='word_1_246' title='bbox 2770 608 3092 661; x_wconf 88' lang='lat' dir='ltr'><strong>libertatem</strong></span> <span class='ocrx_word' id='word_1_247' title='bbox 3136 610 3380 663; x_wconf 83' lang='lat' dir='ltr'><strong>venitur.</strong></span> <span class='ocrx_word' id='word_1_248' title='bbox 3442 610 3707 667; x_wconf 84' lang='lat' dir='ltr'><strong>Videmus</strong></span> 
     </span>
    </p>
   </div>
   <div class='ocr_carea' id='block_1_35' title="bbox 2010 694 3707 764">
    <p class='ocr_par' dir='ltr' id='par_1_35' title="bbox 2010 694 3707 764">
     <span class='ocr_line' id='line_1_35' title="bbox 2010 694 3707 764; baseline 0.006 -19"><span class='ocrx_word' id='word_1_249' title='bbox 2010 694 2065 746; x_wconf 91' lang='lat' dir='ltr'><strong>in</strong></span> <span class='ocrx_word' id='word_1_250' title='bbox 2101 694 2187 747; x_wconf 83' lang='lat' dir='ltr'><strong>his</strong></span> <span class='ocrx_word' id='word_1_251' title='bbox 2217 695 2489 763; x_wconf 87' lang='lat' dir='ltr'><strong>Spiritum</strong></span> <span class='ocrx_word' id='word_1_252' title='bbox 2524 695 2747 748; x_wconf 91' lang='lat' dir='ltr'><strong>Domini</strong></span> <span class='ocrx_word' id='word_1_253' title='bbox 2798 696 3072 764; x_wconf 90' lang='lat' dir='ltr'><strong>Spiritum</strong></span> <span class='ocrx_word' id='word_1_254' title='bbox 3125 699 3330 751; x_wconf 76' lang='lat' dir='ltr'><strong>Christi</strong></span> <span class='ocrx_word' id='word_1_255' title='bbox 3379 700 3509 753; x_wconf 92' lang='lat' dir='ltr'><strong>dici.</strong></span> <span class='ocrx_word' id='word_1_256' title='bbox 3567 703 3707 755; x_wconf 88' lang='lat' dir='ltr'><strong>Hinc</strong></span> 
     </span>
    </p>
   </div>
   <div class='ocr_carea' id='block_1_36' title="bbox 2010 783 3706 853">
    <p class='ocr_par' dir='ltr' id='par_1_36' title="bbox 2010 783 3706 853">
     <span class='ocr_line' id='line_1_36' title="bbox 2010 783 3706 853; baseline 0.005 -19"><span class='ocrx_word' id='word_1_257' title='bbox 2010 787 2067 835; x_wconf 86' lang='lat' dir='ltr'><strong>et</strong></span> <span class='ocrx_word' id='word_1_258' title='bbox 2137 783 2191 835; x_wconf 92' lang='lat' dir='ltr'><strong>in</strong></span> <span class='ocrx_word' id='word_1_259' title='bbox 2239 785 2767 853; x_wconf 80' lang='lat' dir='ltr'><strong>consequentibus:</strong></span> <span class='ocrx_word' id='word_1_260' title='bbox 2834 786 2940 838; x_wconf 80' lang='lat' dir='ltr'><strong>Nos</strong></span> <span class='ocrx_word' id='word_1_261' title='bbox 3002 792 3175 839; x_wconf 87' lang='lat' dir='ltr'><strong>autem</strong></span> <span class='ocrx_word' id='word_1_262' title='bbox 3227 802 3404 840; x_wconf 84' lang='lat' dir='ltr'><strong>omnes</strong></span> <span class='ocrx_word' id='word_1_263' title='bbox 3470 791 3706 843; x_wconf 74' lang='lat' dir='ltr'><strong>revelata</strong></span> 
     </span>
    </p>
   </div>
   <div class='ocr_carea' id='block_1_37' title="bbox 2007 872 3704 944">
    <p class='ocr_par' dir='ltr' id='par_1_37' title="bbox 2007 872 3704 944">
     <span class='ocr_line' id='line_1_37' title="bbox 2007 872 3704 944; baseline 0.005 -23"><span class='ocrx_word' id='word_1_264' title='bbox 2007 874 2152 937; x_wconf 80' lang='lat' dir='ltr'><strong>facie</strong></span> <span class='ocrx_word' id='word_1_265' title='bbox 2207 872 2438 937; x_wconf 88' lang='lat' dir='ltr'><strong>gloriam</strong></span> <span class='ocrx_word' id='word_1_266' title='bbox 2496 876 2709 926; x_wconf 85' lang='lat' dir='ltr'><strong>Domini</strong></span> <span class='ocrx_word' id='word_1_267' title='bbox 2749 874 3108 941; x_wconf 72' lang='lat' dir='ltr'><strong>speculantes,</strong></span> <span class='ocrx_word' id='word_1_268' title='bbox 3173 878 3229 928; x_wconf 89' lang='lat' dir='ltr'><strong>in</strong></span> <span class='ocrx_word' id='word_1_269' title='bbox 3274 876 3456 930; x_wconf 79' lang='lat' dir='ltr'><strong>eadem</strong></span> <span class='ocrx_word' id='word_1_270' title='bbox 3507 881 3704 944; x_wconf 85' lang='lat' dir='ltr'><strong>imagi-</strong></span> 
     </span>
    </p>
   </div>
   <div class='ocr_carea' id='block_1_38' title="bbox 2010 964 3705 1034">
    <p class='ocr_par' dir='ltr' id='par_1_38' title="bbox 2010 964 3705 1034">
     <span class='ocr_line' id='line_1_38' title="bbox 2010 964 3705 1034; baseline 0.005 -22"><span class='ocrx_word' id='word_1_271' title='bbox 2010 976 2128 1013; x_wconf 91' lang='lat' dir='ltr'><strong>nem</strong></span> <span class='ocrx_word' id='word_1_272' title='bbox 2160 965 2620 1026; x_wconf 78' lang='lat' dir='ltr'><strong>transformamur</strong></span> <span class='ocrx_word' id='word_1_273' title='bbox 2650 979 2680 1013; x_wconf 92' lang='lat' dir='ltr'><strong>a</strong></span> <span class='ocrx_word' id='word_1_274' title='bbox 2712 964 2963 1015; x_wconf 77' lang='lat' dir='ltr'><strong>claritate</strong></span> <span class='ocrx_word' id='word_1_275' title='bbox 2992 964 3045 1013; x_wconf 86' lang='lat' dir='ltr'><strong>in</strong></span> <span class='ocrx_word' id='word_1_276' title='bbox 3088 964 3413 1031; x_wconf 80' lang='lat' dir='ltr'><strong>claritatem,</strong></span> <span class='ocrx_word' id='word_1_277' title='bbox 3444 971 3705 1034; x_wconf 84' lang='lat' dir='ltr'><strong>tanquam</strong></span> 
     </span>
    </p>
   </div>
   <div class='ocr_carea' id='block_1_39' title="bbox 2010 1050 3708 1121">
    <p class='ocr_par' dir='ltr' id='par_1_39' title="bbox 2010 1050 3708 1121">
     <span class='ocr_line' id='line_1_39' title="bbox 2010 1050 3708 1121; baseline 0.005 -21"><span class='ocrx_word' id='word_1_278' title='bbox 2010 1064 2043 1100; x_wconf 91' lang='lat' dir='ltr'><strong>a</strong></span> <span class='ocrx_word' id='word_1_279' title='bbox 2077 1051 2294 1104; x_wconf 87' lang='lat' dir='ltr'><strong>Domini</strong></span> <span class='ocrx_word' id='word_1_280' title='bbox 2349 1050 2561 1119; x_wconf 88' lang='lat' dir='ltr'><strong>Spiritu</strong></span> <span class='ocrx_word' id='word_1_281' title='bbox 2603 1052 2683 1119; x_wconf 82' lang='lat' dir='ltr'><strong>(II</strong></span> <span class='ocrx_word' id='word_1_282' title='bbox 2722 1053 2851 1105; x_wconf 88' lang='lat' dir='ltr'><strong>Cor.</strong></span> <span class='ocrx_word' id='word_1_283' title='bbox 2886 1069 2967 1116; x_wconf 82' lang='lat' dir='ltr'><strong>Ill,</strong></span> <span class='ocrx_word' id='word_1_284' title='bbox 3008 1055 3110 1118; x_wconf 87' lang='lat' dir='ltr'><strong>l8).</strong></span> <span class='ocrx_word' id='word_1_285' title='bbox 3179 1053 3319 1121; x_wconf 83' lang='lat' dir='ltr'><strong>Ergo</strong></span> <span class='ocrx_word' id='word_1_286' title='bbox 3369 1069 3497 1107; x_wconf 90' lang='lat' dir='ltr'><strong>cum</strong></span> <span class='ocrx_word' id='word_1_287' title='bbox 3555 1071 3708 1108; x_wconf 86' lang='lat' dir='ltr'><strong>reve-</strong></span> 
     </span>
    </p>
   </div>
   <div class='ocr_carea' id='block_1_40' title="bbox 2011 1137 3709 1209">
    <p class='ocr_par' dir='ltr' id='par_1_40' title="bbox 2011 1137 3709 1209">
     <span class='ocr_line' id='line_1_40' title="bbox 2011 1137 3709 1209; baseline 0.005 -20"><span class='ocrx_word' id='word_1_288' title='bbox 2011 1137 2147 1190; x_wconf 88' lang='lat' dir='ltr'><strong>latio</strong></span> <span class='ocrx_word' id='word_1_289' title='bbox 2202 1137 2363 1192; x_wconf 89' lang='lat' dir='ltr'><strong>faciei</strong></span> <span class='ocrx_word' id='word_1_290' title='bbox 2408 1155 2510 1209; x_wconf 90' lang='lat' dir='ltr'><strong>per</strong></span> <span class='ocrx_word' id='word_1_291' title='bbox 2564 1140 2851 1193; x_wconf 83' lang='lat' dir='ltr'><strong>Christum</strong></span> <span class='ocrx_word' id='word_1_292' title='bbox 2910 1140 3029 1201; x_wconf 85' lang='lat' dir='ltr'><strong>ﬁat,</strong></span> <span class='ocrx_word' id='word_1_293' title='bbox 3076 1157 3180 1193; x_wconf 89' lang='lat' dir='ltr'><strong>nos</strong></span> <span class='ocrx_word' id='word_1_294' title='bbox 3234 1142 3709 1197; x_wconf 82' lang='lat' dir='ltr'><strong>transformemur</strong></span> 
     </span>
    </p>
   </div>
   <div class='ocr_carea' id='block_1_41' title="bbox 2011 1226 3705 1298">
    <p class='ocr_par' dir='ltr' id='par_1_41' title="bbox 2011 1226 3705 1298">
     <span class='ocr_line' id='line_1_41' title="bbox 2011 1226 3705 1298; baseline 0.004 -20"><span class='ocrx_word' id='word_1_295' title='bbox 2011 1242 2043 1277; x_wconf 86' lang='lat' dir='ltr'><strong>a</strong></span> <span class='ocrx_word' id='word_1_296' title='bbox 2072 1226 2326 1280; x_wconf 80' lang='lat' dir='ltr'><strong>claritate</strong></span> <span class='ocrx_word' id='word_1_297' title='bbox 2359 1226 2415 1280; x_wconf 91' lang='lat' dir='ltr'><strong>in</strong></span> <span class='ocrx_word' id='word_1_298' title='bbox 2445 1228 2759 1281; x_wconf 87' lang='lat' dir='ltr'><strong>claritatem</strong></span> <span class='ocrx_word' id='word_1_299' title='bbox 2789 1246 2822 1281; x_wconf 87' lang='lat' dir='ltr'><strong>a</strong></span> <span class='ocrx_word' id='word_1_300' title='bbox 2853 1228 3079 1281; x_wconf 87' lang='lat' dir='ltr'><strong>Domini</strong></span> <span class='ocrx_word' id='word_1_301' title='bbox 3108 1228 3347 1298; x_wconf 89' lang='lat' dir='ltr'><strong>Spiritu,</strong></span> <span class='ocrx_word' id='word_1_302' title='bbox 3385 1233 3705 1284; x_wconf 86' lang='lat' dir='ltr'><strong>communis</strong></span> 
     </span>
    </p>
   </div>
   <div class='ocr_carea' id='block_1_42' title="bbox 2010 1314 3703 1387">
    <p class='ocr_par' dir='ltr' id='par_1_42' title="bbox 2010 1314 3703 1387">
     <span class='ocr_line' id='line_1_42' title="bbox 2010 1314 3703 1387; baseline 0.004 -21"><span class='ocrx_word' id='word_1_303' title='bbox 2010 1314 2267 1384; x_wconf 89' lang='lat' dir='ltr'><strong>operatio</strong></span> <span class='ocrx_word' id='word_1_304' title='bbox 2304 1317 2433 1369; x_wconf 88' lang='lat' dir='ltr'><strong>Jesu</strong></span> <span class='ocrx_word' id='word_1_305' title='bbox 2487 1316 2716 1382; x_wconf 88' lang='lat' dir='ltr'><strong>Christi,</strong></span> <span class='ocrx_word' id='word_1_306' title='bbox 2751 1318 3048 1387; x_wconf 89' lang='lat' dir='ltr'><strong>sanctique</strong></span> <span class='ocrx_word' id='word_1_307' title='bbox 3094 1317 3340 1386; x_wconf 89' lang='lat' dir='ltr'><strong>Spiritus</strong></span> <span class='ocrx_word' id='word_1_308' title='bbox 3363 1319 3703 1373; x_wconf 89' lang='lat' dir='ltr'><strong>ostenditur.</strong></span> 
     </span>
    </p>
   </div>
   <div class='ocr_carea' id='block_1_43' title="bbox 2015 1404 3711 1475">
    <p class='ocr_par' dir='ltr' id='par_1_43' title="bbox 2015 1404 3711 1475">
     <span class='ocr_line' id='line_1_43' title="bbox 2015 1404 3711 1475; baseline 0.002 -18"><span class='ocrx_word' id='word_1_309' title='bbox 2015 1404 2169 1457; x_wconf 86' lang='lat' dir='ltr'><strong>Unde</strong></span> <span class='ocrx_word' id='word_1_310' title='bbox 2206 1405 2359 1474; x_wconf 91' lang='lat' dir='ltr'><strong>quod</strong></span> <span class='ocrx_word' id='word_1_311' title='bbox 2391 1406 2470 1457; x_wconf 91' lang='lat' dir='ltr'><strong>ait</strong></span> <span class='ocrx_word' id='word_1_312' title='bbox 2504 1422 2515 1459; x_wconf 88' lang='lat'><strong>:</strong></span> <span class='ocrx_word' id='word_1_313' title='bbox 2550 1407 2598 1460; x_wconf 86' lang='lat' dir='ltr'><strong><em>A</em></strong></span> <span class='ocrx_word' id='word_1_314' title='bbox 2632 1409 2847 1460; x_wconf 87' lang='lat' dir='ltr'><strong>Domini</strong></span> <span class='ocrx_word' id='word_1_315' title='bbox 2869 1409 3106 1475; x_wconf 83' lang='lat' dir='ltr'><strong>Spiritu,</strong></span> <span class='ocrx_word' id='word_1_316' title='bbox 3143 1407 3350 1460; x_wconf 88' lang='lat' dir='ltr'><strong>Christi</strong></span> <span class='ocrx_word' id='word_1_317' title='bbox 3380 1408 3503 1461; x_wconf 90' lang='lat' dir='ltr'><strong>sine</strong></span> <span class='ocrx_word' id='word_1_318' title='bbox 3538 1408 3711 1461; x_wconf 90' lang='lat' dir='ltr'><strong>dubio</strong></span> 
     </span>
    </p>
   </div>
   <div class='ocr_carea' id='block_1_44' title="bbox 2012 1495 3708 1567">
    <p class='ocr_par' dir='ltr' id='par_1_44' title="bbox 2012 1495 3708 1567">
     <span class='ocr_line' id='line_1_44' title="bbox 2012 1495 3708 1567; baseline 0.004 -23"><span class='ocrx_word' id='word_1_319' title='bbox 2012 1508 2318 1562; x_wconf 87' lang='lat' dir='ltr'><strong>personam</strong></span> <span class='ocrx_word' id='word_1_320' title='bbox 2362 1495 2629 1549; x_wconf 89' lang='lat' dir='ltr'><strong>ostendit.</strong></span> <span class='ocrx_word' id='word_1_321' title='bbox 2674 1495 2783 1559; x_wconf 86' lang='lat' dir='ltr'><strong>Qui</strong></span> <span class='ocrx_word' id='word_1_322' title='bbox 2830 1512 2959 1548; x_wconf 91' lang='lat' dir='ltr'><strong>cum</strong></span> <span class='ocrx_word' id='word_1_323' title='bbox 2993 1496 3065 1548; x_wconf 89' lang='lat' dir='ltr'><strong>sit</strong></span> <span class='ocrx_word' id='word_1_324' title='bbox 3093 1495 3338 1565; x_wconf 91' lang='lat' dir='ltr'><strong>Spiritus</strong></span> <span class='ocrx_word' id='word_1_325' title='bbox 3364 1496 3566 1566; x_wconf 86' lang='lat' dir='ltr'><strong>ipsius,</strong></span> <span class='ocrx_word' id='word_1_326' title='bbox 3601 1514 3708 1567; x_wconf 88' lang='lat' dir='ltr'><strong>pa—</strong></span> 
     </span>
    </p>
   </div>
   <div class='ocr_carea' id='block_1_45' title="bbox 2015 1581 3713 1655">
    <p class='ocr_par' dir='ltr' id='par_1_45' title="bbox 2015 1581 3713 1655">
     <span class='ocr_line' id='line_1_45' title="bbox 2015 1581 3713 1655; baseline 0.004 -22"><span class='ocrx_word' id='word_1_327' title='bbox 2015 1581 2151 1634; x_wconf 87' lang='lat' dir='ltr'><strong>riter</strong></span> <span class='ocrx_word' id='word_1_328' title='bbox 2196 1585 2387 1636; x_wconf 87' lang='lat' dir='ltr'><strong>tamen</strong></span> <span class='ocrx_word' id='word_1_329' title='bbox 2446 1599 2576 1636; x_wconf 92' lang='lat' dir='ltr'><strong>cum</strong></span> <span class='ocrx_word' id='word_1_330' title='bbox 2634 1584 2926 1637; x_wconf 82' lang='lat' dir='ltr'><strong>Salvatore</strong></span> <span class='ocrx_word' id='word_1_331' title='bbox 2972 1585 3381 1639; x_wconf 87' lang='lat' dir='ltr'><strong>revelationem</strong></span> <span class='ocrx_word' id='word_1_332' title='bbox 3445 1592 3713 1655; x_wconf 84' lang='lat' dir='ltr'><strong>operatur</strong></span> 
     </span>
    </p>
   </div>
   <div class='ocr_carea' id='block_1_46' title="bbox 2016 1670 3710 1743">
    <p class='ocr_par' dir='ltr' id='par_1_46' title="bbox 2016 1670 3710 1743">
     <span class='ocr_line' id='line_1_46' title="bbox 2016 1670 3710 1743; baseline 0.004 -22"><span class='ocrx_word' id='word_1_333' title='bbox 2016 1670 2222 1723; x_wconf 86' lang='lat' dir='ltr'><strong>veteris</strong></span> <span class='ocrx_word' id='word_1_334' title='bbox 2268 1671 2543 1725; x_wconf 85' lang='lat' dir='ltr'><strong>lectionis.</strong></span> <span class='ocrx_word' id='word_1_335' title='bbox 2606 1672 2761 1736; x_wconf 83' lang='lat' dir='ltr'><strong>Quod</strong></span> <span class='ocrx_word' id='word_1_336' title='bbox 2796 1689 2933 1742; x_wconf 91' lang='lat' dir='ltr'><strong>ergo</strong></span> <span class='ocrx_word' id='word_1_337' title='bbox 2980 1674 3149 1726; x_wconf 85' lang='lat' dir='ltr'><strong>simul</strong></span> <span class='ocrx_word' id='word_1_338' title='bbox 3183 1679 3498 1743; x_wconf 86' lang='lat' dir='ltr'><strong>operantur</strong></span> <span class='ocrx_word' id='word_1_339' title='bbox 3542 1675 3710 1728; x_wconf 88' lang='lat' dir='ltr'><strong>unius</strong></span> 
     </span>
    </p>
   </div>
   <div class='ocr_carea' id='block_1_47' title="bbox 2017 1757 3712 1824">
    <p class='ocr_par' dir='ltr' id='par_1_47' title="bbox 2017 1757 3712 1824">
     <span class='ocr_line' id='line_1_47' title="bbox 2017 1757 3712 1824; baseline 0.004 -15"><span class='ocrx_word' id='word_1_340' title='bbox 2017 1757 2349 1812; x_wconf 69' lang='lat' dir='ltr'><strong>substantias</strong></span> <span class='ocrx_word' id='word_1_341' title='bbox 2403 1760 2639 1812; x_wconf 88' lang='lat' dir='ltr'><strong>societas</strong></span> <span class='ocrx_word' id='word_1_342' title='bbox 2695 1761 3036 1815; x_wconf 89' lang='lat' dir='ltr'><strong>ostenditur.</strong></span> <span class='ocrx_word' id='word_1_343' title='bbox 3101 1762 3260 1824; x_wconf 90' lang='lat' dir='ltr'><strong>Quod</strong></span> <span class='ocrx_word' id='word_1_344' title='bbox 3298 1778 3431 1816; x_wconf 90' lang='lat' dir='ltr'><strong>vero</strong></span> <span class='ocrx_word' id='word_1_345' title='bbox 3488 1764 3712 1817; x_wconf 88' lang='lat' dir='ltr'><strong>Domini</strong></span> 
     </span>
    </p>
   </div>
   <div class='ocr_carea' id='block_1_48' title="bbox 2013 1845 3709 1919">
    <p class='ocr_par' dir='ltr' id='par_1_48' title="bbox 2013 1845 3709 1919">
     <span class='ocr_line' id='line_1_48' title="bbox 2013 1845 3709 1919; baseline 0.004 -21"><span class='ocrx_word' id='word_1_346' title='bbox 2013 1845 2257 1916; x_wconf 87' lang='lat' dir='ltr'><strong>Spiritus</strong></span> <span class='ocrx_word' id='word_1_347' title='bbox 2286 1848 2514 1913; x_wconf 88' lang='lat' dir='ltr'><strong>dicitur,</strong></span> <span class='ocrx_word' id='word_1_348' title='bbox 2548 1849 2699 1919; x_wconf 91' lang='lat' dir='ltr'><strong>quod</strong></span> <span class='ocrx_word' id='word_1_349' title='bbox 2750 1850 2821 1903; x_wconf 90' lang='lat' dir='ltr'><strong>ab</strong></span> <span class='ocrx_word' id='word_1_350' title='bbox 2852 1850 2975 1918; x_wconf 88' lang='lat' dir='ltr'><strong>ipso</strong></span> <span class='ocrx_word' id='word_1_351' title='bbox 3011 1850 3287 1919; x_wconf 83' lang='lat' dir='ltr'><strong>procedit,</strong></span> <span class='ocrx_word' id='word_1_352' title='bbox 3338 1850 3664 1905; x_wconf 86' lang='lat' dir='ltr'><strong>insinuatur</strong></span> <span class='ocrx_word' id='word_1_353' title='bbox 3696 1868 3709 1905; x_wconf 90' lang='lat'><strong>:</strong></span> 
     </span>
    </p>
   </div>
   <div class='ocr_carea' id='block_1_49' title="bbox 2018 1935 3710 2007">
    <p class='ocr_par' dir='ltr' id='par_1_49' title="bbox 2018 1935 3710 2007">
     <span class='ocr_line' id='line_1_49' title="bbox 2018 1935 3710 2007; baseline 0.003 -20"><span class='ocrx_word' id='word_1_354' title='bbox 2018 1935 2319 1989; x_wconf 89' lang='lat' dir='ltr'><strong>Dominum</strong></span> <span class='ocrx_word' id='word_1_355' title='bbox 2398 1952 2648 2007; x_wconf 82' lang='lat' dir='ltr'><strong>namque</strong></span> <span class='ocrx_word' id='word_1_356' title='bbox 2706 1937 3057 1991; x_wconf 89' lang='lat' dir='ltr'><strong>Salvatorem</strong></span> <span class='ocrx_word' id='word_1_357' title='bbox 3152 1938 3260 1991; x_wconf 92' lang='lat' dir='ltr'><strong>hoc</strong></span> <span class='ocrx_word' id='word_1_358' title='bbox 3308 1938 3367 1991; x_wconf 90' lang='lat' dir='ltr'><strong>in</strong></span> <span class='ocrx_word' id='word_1_359' title='bbox 3436 1940 3562 1992; x_wconf 92' lang='lat' dir='ltr'><strong>loco</strong></span> <span class='ocrx_word' id='word_1_360' title='bbox 3635 1940 3710 1993; x_wconf 91' lang='lat' dir='ltr'><strong>si-</strong></span> 
     </span>
    </p>
   </div>
   <div class='ocr_carea' id='block_1_50' title="bbox 2016 2025 3709 2091">
    <p class='ocr_par' dir='ltr' id='par_1_50' title="bbox 2016 2025 3709 2091">
     <span class='ocr_line' id='line_1_50' title="bbox 2016 2025 3709 2091; baseline 0.004 -16"><span class='ocrx_word' id='word_1_361' title='bbox 2016 2025 2273 2091; x_wconf 87' lang='lat' dir='ltr'><strong>gniticari</strong></span> <span class='ocrx_word' id='word_1_362' title='bbox 2336 2026 2731 2080; x_wconf 74' lang='lat' dir='ltr'><strong>cirumstantia</strong></span> <span class='ocrx_word' id='word_1_363' title='bbox 2792 2027 3054 2081; x_wconf 85' lang='lat' dir='ltr'><strong>lectionis</strong></span> <span class='ocrx_word' id='word_1_364' title='bbox 3103 2027 3395 2081; x_wconf 88' lang='lat' dir='ltr'><strong>evidenter</strong></span> <span class='ocrx_word' id='word_1_365' title='bbox 3434 2028 3709 2083; x_wconf 85' lang='lat' dir='ltr'><strong>insinuat.</strong></span> 
     </span>
    </p>
   </div>
   <div class='ocr_carea' id='block_1_51' title="bbox 2676 2168 3053 2222">
    <p class='ocr_par' dir='ltr' id='par_1_51' title="bbox 2676 2168 3053 2222">
     <span class='ocr_line' id='line_1_51' title="bbox 2676 2168 3053 2222; baseline -0.003 0"><span class='ocrx_word' id='word_1_366' title='bbox 2676 2168 2901 2222; x_wconf 83' lang='lat' dir='ltr'><strong>CAPUT</strong></span> <span class='ocrx_word' id='word_1_367' title='bbox 2941 2168 3053 2221; x_wconf 70' lang='grc' dir='ltr'><strong>ΥΠ.</strong></span> 
     </span>
    </p>
   </div>
   <div class='ocr_carea' id='block_1_52' title="bbox 2617 2276 3122 2329">
    <p class='ocr_par' dir='ltr' id='par_1_52' title="bbox 2617 2276 3122 2329">
     <span class='ocr_line' id='line_1_52' title="bbox 2617 2276 3122 2329; baseline 0.002 -2"><span class='ocrx_word' id='word_1_368' title='bbox 2617 2277 2943 2329; x_wconf 84' lang='lat' dir='ltr'><strong>Testimonia</strong></span> <span class='ocrx_word' id='word_1_369' title='bbox 2993 2276 3122 2328; x_wconf 85' lang='lat' dir='ltr'><strong>alia.</strong></span> 
     </span>
    </p>
   </div>
   <div class='ocr_carea' id='block_1_53' title="bbox 2089 2381 3714 2451">
    <p class='ocr_par' dir='ltr' id='par_1_53' title="bbox 2089 2381 3714 2451">
     <span class='ocr_line' id='line_1_53' title="bbox 2089 2381 3714 2451; baseline 0.002 -17"><span class='ocrx_word' id='word_1_370' title='bbox 2089 2381 2291 2434; x_wconf 88' lang='lat' dir='ltr'><strong>Beatus</strong></span> <span class='ocrx_word' id='word_1_371' title='bbox 2348 2382 2549 2435; x_wconf 88' lang='lat' dir='ltr'><strong>Petrus</strong></span> <span class='ocrx_word' id='word_1_372' title='bbox 2596 2382 2888 2451; x_wconf 86' lang='lat' dir='ltr'><strong>apostolus</strong></span> <span class='ocrx_word' id='word_1_373' title='bbox 2958 2381 3153 2436; x_wconf 89' lang='lat' dir='ltr'><strong>scribit</strong></span> <span class='ocrx_word' id='word_1_374' title='bbox 3215 2383 3578 2438; x_wconf 89' lang='lat' dir='ltr'><strong>credentibus</strong></span> <span class='ocrx_word' id='word_1_375' title='bbox 3656 2384 3714 2437; x_wconf 91' lang='lat' dir='ltr'><strong>in</strong></span> 
     </span>
    </p>
   </div>
   <div class='ocr_carea' id='block_1_54' title="bbox 2019 2469 3715 2540">
    <p class='ocr_par' dir='ltr' id='par_1_54' title="bbox 2019 2469 3715 2540">
     <span class='ocr_line' id='line_1_54' title="bbox 2019 2469 3715 2540; baseline 0.001 -16"><span class='ocrx_word' id='word_1_376' title='bbox 2019 2470 2266 2540; x_wconf 84' lang='lat' dir='ltr'><strong>Epistola</strong></span> <span class='ocrx_word' id='word_1_377' title='bbox 2290 2469 2475 2539; x_wconf 89' lang='lat' dir='ltr'><strong>prima</strong></span> <span class='ocrx_word' id='word_1_378' title='bbox 2510 2486 2522 2522; x_wconf 88' lang='lat'>:</span> <span class='ocrx_word' id='word_1_379' title='bbox 2551 2471 2631 2523; x_wconf 88' lang='lat' dir='ltr'><strong>De</strong></span> <span class='ocrx_word' id='word_1_380' title='bbox 2658 2486 2768 2539; x_wconf 87' lang='lat' dir='ltr'><strong>qua</strong></span> <span class='ocrx_word' id='word_1_381' title='bbox 2789 2471 2963 2524; x_wconf 86' lang='lat' dir='ltr'><strong>salute</strong></span> <span class='ocrx_word' id='word_1_382' title='bbox 2982 2473 3535 2540; x_wconf 70' lang='lat' dir='ltr'><strong>exquisieruntatque</strong></span> <span class='ocrx_word' id='word_1_383' title='bbox 3564 2488 3715 2525; x_wconf 85' lang='lat' dir='ltr'><strong>scru-</strong></span> 
     </span>
    </p>
   </div>
   <div class='ocr_carea' id='block_1_55' title="bbox 2019 2554 3711 2626">
    <p class='ocr_par' dir='ltr' id='par_1_55' title="bbox 2019 2554 3711 2626">
     <span class='ocr_line' id='line_1_55' title="bbox 2019 2554 3711 2626; baseline 0.002 -19"><span class='ocrx_word' id='word_1_384' title='bbox 2019 2557 2124 2607; x_wconf 86' lang='lat' dir='ltr'><strong>tati</strong></span> <span class='ocrx_word' id='word_1_385' title='bbox 2144 2559 2269 2608; x_wconf 88' lang='lat' dir='ltr'><strong>sunt</strong></span> <span class='ocrx_word' id='word_1_386' title='bbox 2288 2555 2580 2623; x_wconf 58' lang='lat' dir='ltr'><strong>propheta,</strong></span> <span class='ocrx_word' id='word_1_387' title='bbox 2616 2556 2713 2624; x_wconf 85' lang='lat' dir='ltr'><strong>qui</strong></span> <span class='ocrx_word' id='word_1_388' title='bbox 2748 2554 2813 2609; x_wconf 88' lang='lat' dir='ltr'><strong>de</strong></span> <span class='ocrx_word' id='word_1_389' title='bbox 2840 2557 3033 2621; x_wconf 83' lang='lat' dir='ltr'><strong>futura</strong></span> <span class='ocrx_word' id='word_1_390' title='bbox 3063 2558 3121 2608; x_wconf 89' lang='lat' dir='ltr'><strong>in</strong></span> <span class='ocrx_word' id='word_1_391' title='bbox 3170 2556 3321 2610; x_wconf 84' lang='lat' dir='ltr'><strong>vobis</strong></span> <span class='ocrx_word' id='word_1_392' title='bbox 3354 2559 3537 2623; x_wconf 87' lang='lat' dir='ltr'><strong>gratia</strong></span> <span class='ocrx_word' id='word_1_393' title='bbox 3585 2572 3711 2626; x_wconf 87' lang='lat' dir='ltr'><strong>pro-</strong></span> 
     </span>
    </p>
   </div>
   <div class='ocr_carea' id='block_1_56' title="bbox 2016 2644 3713 2713">
    <p class='ocr_par' dir='ltr' id='par_1_56' title="bbox 2016 2644 3713 2713">
     <span class='ocr_line' id='line_1_56' title="bbox 2016 2644 3713 2713; baseline 0.001 -17"><span class='ocrx_word' id='word_1_394' title='bbox 2016 2645 2394 2712; x_wconf 78' lang='lat' dir='ltr'><strong>phetaverunt,</strong></span> <span class='ocrx_word' id='word_1_395' title='bbox 2439 2648 2738 2695; x_wconf 77' lang='lat' dir='ltr'><strong>scrutantes</strong></span> <span class='ocrx_word' id='word_1_396' title='bbox 2782 2645 2837 2696; x_wconf 89' lang='lat' dir='ltr'><strong>in</strong></span> <span class='ocrx_word' id='word_1_397' title='bbox 2879 2644 3021 2711; x_wconf 76' lang='lat' dir='ltr'><strong>quod</strong></span> <span class='ocrx_word' id='word_1_398' title='bbox 3067 2644 3150 2697; x_wconf 63' lang='grc' dir='ltr'><strong>τοι</strong></span> <span class='ocrx_word' id='word_1_399' title='bbox 3181 2646 3340 2713; x_wconf 82' lang='lat' dir='ltr'><strong>quale</strong></span> <span class='ocrx_word' id='word_1_400' title='bbox 3387 2650 3593 2713; x_wconf 67' lang='lat' dir='ltr'><strong>tempus</strong></span> <span class='ocrx_word' id='word_1_401' title='bbox 3634 2650 3713 2697; x_wconf 83' lang='lat' dir='ltr'><strong>si-</strong></span> 
     </span>
    </p>
   </div>
   <div class='ocr_carea' id='block_1_57' title="bbox 2019 2731 3713 2803">
    <p class='ocr_par' dir='ltr' id='par_1_57' title="bbox 2019 2731 3713 2803">
     <span class='ocr_line' id='line_1_57' title="bbox 2019 2731 3713 2803; baseline 0.001 -18"><span class='ocrx_word' id='word_1_402' title='bbox 2019 2731 2305 2800; x_wconf 79' lang='lat' dir='ltr'><strong>gniﬁcaret</strong></span> <span class='ocrx_word' id='word_1_403' title='bbox 2342 2732 2401 2784; x_wconf 90' lang='lat' dir='ltr'><strong>in</strong></span> <span class='ocrx_word' id='word_1_404' title='bbox 2455 2734 2530 2784; x_wconf 88' lang='lat' dir='ltr'><strong>eis</strong></span> <span class='ocrx_word' id='word_1_405' title='bbox 2565 2733 2811 2799; x_wconf 78' lang='lat' dir='ltr'><strong>Spiritus</strong></span> <span class='ocrx_word' id='word_1_406' title='bbox 2868 2734 3072 2787; x_wconf 87' lang='lat' dir='ltr'><strong>Christi</strong></span> <span class='ocrx_word' id='word_1_407' title='bbox 3104 2734 3165 2800; x_wconf 86' lang='grc' dir='ltr'><strong>(Ι</strong></span> <span class='ocrx_word' id='word_1_408' title='bbox 3206 2735 3348 2787; x_wconf 91' lang='lat' dir='ltr'><strong>Petr.</strong></span> <span class='ocrx_word' id='word_1_409' title='bbox 3400 2751 3435 2799; x_wconf 81' lang='grc' dir='ltr'><strong>ι,</strong></span> <span class='ocrx_word' id='word_1_410' title='bbox 3474 2736 3557 2798; x_wconf 89' lang='lat' dir='ltr'><strong>l0,</strong></span> <span class='ocrx_word' id='word_1_411' title='bbox 3610 2737 3713 2803; x_wconf 83' lang='lat' dir='ltr'><strong>ll).</strong></span> 
     </span>
    </p>
   </div>
   <div class='ocr_carea' id='block_1_58' title="bbox 2023 2820 3717 2891">
    <p class='ocr_par' dir='ltr' id='par_1_58' title="bbox 2023 2820 3717 2891">
     <span class='ocr_line' id='line_1_58' title="bbox 2023 2820 3717 2891; baseline 0.001 -18"><span class='ocrx_word' id='word_1_412' title='bbox 2023 2821 2291 2889; x_wconf 82' lang='lat' dir='ltr'><strong>Princeps</strong></span> <span class='ocrx_word' id='word_1_413' title='bbox 2332 2820 2719 2888; x_wconf 88' lang='lat' dir='ltr'><strong>apostolorum</strong></span> <span class='ocrx_word' id='word_1_414' title='bbox 2752 2820 2843 2873; x_wconf 90' lang='lat' dir='ltr'><strong>cui</strong></span> <span class='ocrx_word' id='word_1_415' title='bbox 2873 2821 3129 2875; x_wconf 85' lang='lat' dir='ltr'><strong>Salvator</strong></span> <span class='ocrx_word' id='word_1_416' title='bbox 3173 2822 3475 2891; x_wconf 90' lang='lat' dir='ltr'><strong>loquitur:</strong></span> <span class='ocrx_word' id='word_1_417' title='bbox 3532 2824 3610 2875; x_wconf 90' lang='lat' dir='ltr'><strong>Tu</strong></span> <span class='ocrx_word' id='word_1_418' title='bbox 3665 2837 3717 2874; x_wconf 81' lang='lat' dir='ltr'><strong>es</strong></span> 
     </span>
    </p>
   </div>
   <div class='ocr_carea' id='block_1_59' title="bbox 2022 2909 3713 2977">
    <p class='ocr_par' dir='ltr' id='par_1_59' title="bbox 2022 2909 3713 2977">
     <span class='ocr_line' id='line_1_59' title="bbox 2022 2909 3713 2977; baseline 0.001 -15"><span class='ocrx_word' id='word_1_419' title='bbox 2022 2910 2228 2968; x_wconf 80' lang='lat' dir='ltr'><strong>Petrus,</strong></span> <span class='ocrx_word' id='word_1_420' title='bbox 2290 2913 2340 2961; x_wconf 89' lang='lat' dir='ltr'><strong>et</strong></span> <span class='ocrx_word' id='word_1_421' title='bbox 2394 2923 2556 2977; x_wconf 89' lang='lat' dir='ltr'><strong>super</strong></span> <span class='ocrx_word' id='word_1_422' title='bbox 2606 2909 2743 2962; x_wconf 89' lang='lat' dir='ltr'><strong>hanc</strong></span> <span class='ocrx_word' id='word_1_423' title='bbox 2807 2915 3018 2977; x_wconf 85' lang='lat' dir='ltr'><strong>petram</strong></span> <span class='ocrx_word' id='word_1_424' title='bbox 3055 2909 3331 2977; x_wconf 71' lang='lat' dir='ltr'><strong>aediﬁcabo</strong></span> <span class='ocrx_word' id='word_1_425' title='bbox 3418 2911 3713 2965; x_wconf 81' lang='lat' dir='ltr'><strong>Ecclesium</strong></span> 
     </span>
    </p>
   </div>
   <div class='ocr_carea' id='block_1_60' title="bbox 210 2996 3717 3080">
    <p class='ocr_par' dir='ltr' id='par_1_60' title="bbox 210 2996 3717 3080">
     <span class='ocr_line' id='line_1_60' title="bbox 210 2996 3717 3080; baseline -0 -29"><span class='ocrx_word' id='word_1_426' title='bbox 210 2998 363 3068; x_wconf 66' lang='lat' dir='ltr'><strong>quia,</strong></span> <span class='ocrx_word' id='word_1_427' title='bbox 411 3013 545 3051; x_wconf 90' lang='lat' dir='ltr'><strong>cum</strong></span> <span class='ocrx_word' id='word_1_428' title='bbox 589 3013 895 3051; x_wconf 87' lang='lat' dir='ltr'><strong>conversus</strong></span> <span class='ocrx_word' id='word_1_429' title='bbox 931 2997 1059 3068; x_wconf 89' lang='lat' dir='ltr'><strong>quis</strong></span> <span class='ocrx_word' id='word_1_430' title='bbox 1089 2998 1260 3051; x_wconf 87' lang='lat' dir='ltr'><strong>fuerit</strong></span> <span class='ocrx_word' id='word_1_431' title='bbox 1292 2999 1359 3051; x_wconf 87' lang='lat' dir='ltr'><strong>ad</strong></span> <span class='ocrx_word' id='word_1_432' title='bbox 1405 2998 1714 3065; x_wconf 90' lang='lat' dir='ltr'><strong>Christum,</strong></span> <span class='ocrx_word' id='word_1_433' title='bbox 1746 3000 1903 3053; x_wconf 85' lang='lat' dir='ltr'><strong>aufe-</strong></span> <span class='ocrx_word' id='word_1_434' title='bbox 1952 3029 1990 3080; x_wconf 63' lang='grc' dir='ltr'><strong>ρ</strong></span> <span class='ocrx_word' id='word_1_435' title='bbox 2020 3011 2190 3049; x_wconf 87' lang='lat' dir='ltr'><strong>meam</strong></span> <span class='ocrx_word' id='word_1_436' title='bbox 2222 2996 2453 3064; x_wconf 85' lang='lat' dir='ltr'><strong>(Matth.</strong></span> <span class='ocrx_word' id='word_1_437' title='bbox 2488 3012 2574 3059; x_wconf 79' lang='lat' dir='ltr'><strong>xv,</strong></span> <span class='ocrx_word' id='word_1_438' title='bbox 2629 2999 2736 3063; x_wconf 75' lang='lat'><strong>18),</strong></span> <span class='ocrx_word' id='word_1_439' title='bbox 2770 2996 2956 3050; x_wconf 91' lang='lat' dir='ltr'><strong>dicere</strong></span> <span class='ocrx_word' id='word_1_440' title='bbox 2992 3013 3106 3049; x_wconf 93' lang='lat' dir='ltr'><strong>non</strong></span> <span class='ocrx_word' id='word_1_441' title='bbox 3157 2997 3379 3050; x_wconf 75' lang='lat' dir='ltr'><strong>dubitat</strong></span> <span class='ocrx_word' id='word_1_442' title='bbox 3441 2998 3717 3067; x_wconf 83' lang='lat' dir='ltr'><strong>Spiritum</strong></span> 
     </span>
    </p>
   </div>
   <div class='ocr_carea' id='block_1_61' title="bbox 215 3088 686 3141">
    <p class='ocr_par' dir='ltr' id='par_1_61' title="bbox 215 3088 686 3141">
     <span class='ocr_line' id='line_1_61' title="bbox 215 3088 686 3141; baseline 0.004 -2"><span class='ocrx_word' id='word_1_443' title='bbox 215 3094 372 3141; x_wconf 86' lang='lat' dir='ltr'><strong>retur</strong></span> <span class='ocrx_word' id='word_1_444' title='bbox 401 3088 686 3141; x_wconf 82' lang='lat' dir='ltr'><strong>velamen.</strong></span> 
     </span>
    </p>
   </div>
   <div class='ocr_carea' id='block_1_62' title="bbox 282 3174 1909 3246">
    <p class='ocr_par' dir='ltr' id='par_1_62' title="bbox 282 3174 1909 3246">
     <span class='ocr_line' id='line_1_62' title="bbox 282 3174 1909 3246; baseline -0.001 -17"><span class='ocrx_word' id='word_1_445' title='bbox 282 3175 445 3240; x_wconf 88' lang='lat' dir='ltr'><strong>Quod</strong></span> <span class='ocrx_word' id='word_1_446' title='bbox 480 3180 535 3228; x_wconf 91' lang='lat' dir='ltr'><strong>et</strong></span> <span class='ocrx_word' id='word_1_447' title='bbox 560 3174 761 3228; x_wconf 89' lang='lat' dir='ltr'><strong>beatus</strong></span> <span class='ocrx_word' id='word_1_448' title='bbox 799 3175 1044 3228; x_wconf 85' lang='lat' dir='ltr'><strong>Joannes</strong></span> <span class='ocrx_word' id='word_1_449' title='bbox 1074 3174 1135 3229; x_wconf 89' lang='lat' dir='ltr'><strong>in</strong></span> <span class='ocrx_word' id='word_1_450' title='bbox 1184 3174 1523 3246; x_wconf 75' lang='lat' dir='ltr'><strong>Apocalypsi</strong></span> <span class='ocrx_word' id='word_1_451' title='bbox 1573 3192 1674 3228; x_wconf 88' lang='lat' dir='ltr'><strong>sua</strong></span> <span class='ocrx_word' id='word_1_452' title='bbox 1725 3175 1862 3229; x_wconf 89' lang='lat' dir='ltr'><strong>dicit</strong></span> <span class='ocrx_word' id='word_1_453' title='bbox 1898 3194 1909 3228; x_wconf 75' lang='grc' dir='ltr'>ε</span> 
     </span>
    </p>
   </div>
   <div class='ocr_carea' id='block_1_63' title="bbox 219 3264 1915 3332">
    <p class='ocr_par' dir='ltr' id='par_1_63' title="bbox 219 3264 1915 3332">
     <span class='ocr_line' id='line_1_63' title="bbox 219 3264 1915 3332; baseline 0 -15"><span class='ocrx_word' id='word_1_454' title='bbox 219 3266 290 3317; x_wconf 77' lang='lat' dir='ltr'><strong>Et</strong></span> <span class='ocrx_word' id='word_1_455' title='bbox 321 3280 417 3329; x_wconf 85' lang='lat' dir='ltr'><strong>ego</strong></span> <span class='ocrx_word' id='word_1_456' title='bbox 448 3264 641 3332; x_wconf 84' lang='lat' dir='ltr'><strong>ﬂebam</strong></span> <span class='ocrx_word' id='word_1_457' title='bbox 669 3264 915 3330; x_wconf 85' lang='lat' dir='ltr'><strong>multum,</strong></span> <span class='ocrx_word' id='word_1_458' title='bbox 951 3266 1082 3332; x_wconf 85' lang='lat' dir='ltr'><strong>quia</strong></span> <span class='ocrx_word' id='word_1_459' title='bbox 1126 3280 1277 3317; x_wconf 88' lang='lat' dir='ltr'><strong>nemo</strong></span> <span class='ocrx_word' id='word_1_460' title='bbox 1303 3264 1502 3329; x_wconf 87' lang='lat' dir='ltr'><strong>dignus</strong></span> <span class='ocrx_word' id='word_1_461' title='bbox 1552 3266 1799 3317; x_wconf 85' lang='lat' dir='ltr'><strong>inventus</strong></span> <span class='ocrx_word' id='word_1_462' title='bbox 1824 3271 1915 3317; x_wconf 64' lang='lat' dir='ltr'><strong>est</strong></span> 
     </span>
    </p>
   </div>
   <div class='ocr_carea' id='block_1_64' title="bbox 213 3352 1915 3421">
    <p class='ocr_par' dir='ltr' id='par_1_64' title="bbox 213 3352 1915 3421">
     <span class='ocr_line' id='line_1_64' title="bbox 213 3352 1915 3421; baseline 0.001 -17"><span class='ocrx_word' id='word_1_463' title='bbox 213 3356 439 3421; x_wconf 78' lang='lat' dir='ltr'><strong>aperire</strong></span> <span class='ocrx_word' id='word_1_464' title='bbox 471 3353 692 3415; x_wconf 87' lang='lat' dir='ltr'><strong>librum,</strong></span> <span class='ocrx_word' id='word_1_465' title='bbox 725 3368 820 3403; x_wconf 81' lang='lat' dir='ltr'><strong>nec</strong></span> <span class='ocrx_word' id='word_1_466' title='bbox 845 3352 1025 3405; x_wconf 78' lang='lat' dir='ltr'><strong>videre</strong></span> <span class='ocrx_word' id='word_1_467' title='bbox 1053 3368 1193 3405; x_wconf 85' lang='lat' dir='ltr'><strong>eum.</strong></span> <span class='ocrx_word' id='word_1_468' title='bbox 1232 3354 1300 3406; x_wconf 80' lang='lat' dir='ltr'><strong>Et</strong></span> <span class='ocrx_word' id='word_1_469' title='bbox 1331 3368 1467 3405; x_wconf 85' lang='lat' dir='ltr'><strong>unus</strong></span> <span class='ocrx_word' id='word_1_470' title='bbox 1512 3352 1577 3404; x_wconf 82' lang='lat' dir='ltr'><strong>rte</strong></span> <span class='ocrx_word' id='word_1_471' title='bbox 1616 3354 1915 3406; x_wconf 81' lang='lat' dir='ltr'><strong>senioribus</strong></span> 
     </span>
    </p>
   </div>
   <div class='ocr_carea' id='block_1_65' title="bbox 214 3440 1913 3507">
    <p class='ocr_par' dir='ltr' id='par_1_65' title="bbox 214 3440 1913 3507">
     <span class='ocr_line' id='line_1_65' title="bbox 214 3440 1913 3507; baseline -0.001 -13"><span class='ocrx_word' id='word_1_472' title='bbox 214 3442 364 3494; x_wconf 69' lang='lat' dir='ltr'><strong>dixit</strong></span> <span class='ocrx_word' id='word_1_473' title='bbox 398 3441 580 3492; x_wconf 85' lang='lat' dir='ltr'><strong>mihi:</strong></span> <span class='ocrx_word' id='word_1_474' title='bbox 610 3440 688 3494; x_wconf 84' lang='lat' dir='ltr'><strong>Ne</strong></span> <span class='ocrx_word' id='word_1_475' title='bbox 723 3441 961 3507; x_wconf 80' lang='lat' dir='ltr'><strong>ﬂeveris;</strong></span> <span class='ocrx_word' id='word_1_476' title='bbox 1007 3454 1120 3493; x_wconf 89' lang='lat' dir='ltr'><strong>ecce</strong></span> <span class='ocrx_word' id='word_1_477' title='bbox 1161 3442 1293 3493; x_wconf 81' lang='lat' dir='ltr'><strong>vicit</strong></span> <span class='ocrx_word' id='word_1_478' title='bbox 1331 3440 1406 3493; x_wconf 89' lang='lat' dir='ltr'><strong>leo</strong></span> <span class='ocrx_word' id='word_1_479' title='bbox 1467 3440 1531 3493; x_wconf 87' lang='lat' dir='ltr'><strong>de</strong></span> <span class='ocrx_word' id='word_1_480' title='bbox 1566 3440 1714 3492; x_wconf 87' lang='lat' dir='ltr'><strong>tribu</strong></span> <span class='ocrx_word' id='word_1_481' title='bbox 1750 3440 1913 3507; x_wconf 87' lang='lat' dir='ltr'><strong>Juda,</strong></span> 
     </span>
    </p>
   </div>
   <div class='ocr_carea' id='block_1_66' title="bbox 213 3526 1917 3595">
    <p class='ocr_par' dir='ltr' id='par_1_66' title="bbox 213 3526 1917 3595">
     <span class='ocr_line' id='line_1_66' title="bbox 213 3526 1917 3595; baseline 0.001 -16"><span class='ocrx_word' id='word_1_482' title='bbox 213 3528 385 3579; x_wconf 64' lang='lat' dir='ltr'><strong>radix</strong></span> <span class='ocrx_word' id='word_1_483' title='bbox 417 3526 627 3591; x_wconf 81' lang='lat' dir='ltr'><strong>David,</strong></span> <span class='ocrx_word' id='word_1_484' title='bbox 655 3528 868 3593; x_wconf 86' lang='lat' dir='ltr'><strong>aperire</strong></span> <span class='ocrx_word' id='word_1_485' title='bbox 894 3526 1111 3591; x_wconf 85' lang='lat' dir='ltr'><strong>librum,</strong></span> <span class='ocrx_word' id='word_1_486' title='bbox 1144 3532 1193 3579; x_wconf 91' lang='lat' dir='ltr'><strong>et</strong></span> <span class='ocrx_word' id='word_1_487' title='bbox 1223 3532 1421 3595; x_wconf 84' lang='lat' dir='ltr'><strong>septem</strong></span> <span class='ocrx_word' id='word_1_488' title='bbox 1466 3528 1747 3593; x_wconf 86' lang='lat' dir='ltr'><strong>signacula</strong></span> <span class='ocrx_word' id='word_1_489' title='bbox 1803 3543 1917 3595; x_wconf 72' lang='lat' dir='ltr'><strong>ejus</strong></span> 
     </span>
    </p>
   </div>
   <div class='ocr_carea' id='block_1_67' title="bbox 215 3614 1915 3684">
    <p class='ocr_par' dir='ltr' id='par_1_67' title="bbox 215 3614 1915 3684">
     <span class='ocr_line' id='line_1_67' title="bbox 215 3614 1915 3684; baseline 0.001 -16"><span class='ocrx_word' id='word_1_490' title='bbox 215 3616 414 3682; x_wconf 74' lang='lat' dir='ltr'><strong>(Apoc.</strong></span> <span class='ocrx_word' id='word_1_491' title='bbox 440 3630 499 3680; x_wconf 86' lang='lat' dir='ltr'><strong>v,</strong></span> <span class='ocrx_word' id='word_1_492' title='bbox 540 3616 593 3679; x_wconf 76' lang='grc'><strong>4,</strong></span> <span class='ocrx_word' id='word_1_493' title='bbox 628 3615 701 3681; x_wconf 81' lang='grc'><strong>5).</strong></span> <span class='ocrx_word' id='word_1_494' title='bbox 735 3614 969 3684; x_wconf 82' lang='lat' dir='ltr'><strong>Apertio</strong></span> <span class='ocrx_word' id='word_1_495' title='bbox 1003 3615 1153 3678; x_wconf 85' lang='lat' dir='ltr'><strong>libri,</strong></span> <span class='ocrx_word' id='word_1_496' title='bbox 1189 3616 1488 3669; x_wconf 85' lang='lat' dir='ltr'><strong>velamiuis</strong></span> <span class='ocrx_word' id='word_1_497' title='bbox 1530 3621 1615 3669; x_wconf 91' lang='lat' dir='ltr'><strong>est</strong></span> <span class='ocrx_word' id='word_1_498' title='bbox 1654 3616 1865 3669; x_wconf 88' lang='lat' dir='ltr'><strong>ablatio</strong></span> <span class='ocrx_word' id='word_1_499' title='bbox 1903 3632 1915 3670; x_wconf 95' lang='lat'><strong>:</strong></span> 
     </span>
    </p>
   </div>
   <div class='ocr_carea' id='block_1_68' title="bbox 218 3702 1919 3774">
    <p class='ocr_par' dir='ltr' id='par_1_68' title="bbox 218 3702 1919 3774">
     <span class='ocr_line' id='line_1_68' title="bbox 218 3702 1919 3774; baseline 0.001 -19"><span class='ocrx_word' id='word_1_500' title='bbox 218 3718 395 3772; x_wconf 88' lang='lat' dir='ltr'><strong>quem</strong></span> <span class='ocrx_word' id='word_1_501' title='bbox 424 3706 621 3754; x_wconf 90' lang='lat' dir='ltr'><strong>autem</strong></span> <span class='ocrx_word' id='word_1_502' title='bbox 664 3702 813 3755; x_wconf 91' lang='lat' dir='ltr'><strong>dicat</strong></span> <span class='ocrx_word' id='word_1_503' title='bbox 858 3702 963 3755; x_wconf 90' lang='lat' dir='ltr'><strong>ista</strong></span> <span class='ocrx_word' id='word_1_504' title='bbox 1012 3702 1319 3768; x_wconf 80' lang='lat' dir='ltr'><strong>facturum,</strong></span> <span class='ocrx_word' id='word_1_505' title='bbox 1368 3720 1485 3757; x_wconf 93' lang='lat' dir='ltr'><strong>non</strong></span> <span class='ocrx_word' id='word_1_506' title='bbox 1532 3708 1663 3774; x_wconf 91' lang='lat' dir='ltr'><strong>eget</strong></span> <span class='ocrx_word' id='word_1_507' title='bbox 1702 3704 1919 3774; x_wconf 82' lang='lat' dir='ltr'><strong>exposi-</strong></span> 
     </span>
    </p>
   </div>
   <div class='ocr_carea' id='block_1_69' title="bbox 216 3790 1923 3857">
    <p class='ocr_par' dir='ltr' id='par_1_69' title="bbox 216 3790 1923 3857">
     <span class='ocr_line' id='line_1_69' title="bbox 216 3790 1923 3857; baseline 0.001 -14"><span class='ocrx_word' id='word_1_508' title='bbox 216 3793 403 3857; x_wconf 86' lang='lat' dir='ltr'><strong>tione,</strong></span> <span class='ocrx_word' id='word_1_509' title='bbox 433 3806 567 3845; x_wconf 89' lang='lat' dir='ltr'><strong>cum</strong></span> <span class='ocrx_word' id='word_1_510' title='bbox 605 3790 968 3843; x_wconf 84' lang='lat' dir='ltr'><strong>manifestum</strong></span> <span class='ocrx_word' id='word_1_511' title='bbox 1000 3791 1072 3844; x_wconf 89' lang='lat' dir='ltr'><strong>sit</strong></span> <span class='ocrx_word' id='word_1_512' title='bbox 1100 3791 1329 3845; x_wconf 89' lang='lat' dir='ltr'><strong>leonem</strong></span> <span class='ocrx_word' id='word_1_513' title='bbox 1374 3792 1443 3846; x_wconf 92' lang='lat' dir='ltr'><strong>de</strong></span> <span class='ocrx_word' id='word_1_514' title='bbox 1471 3792 1621 3845; x_wconf 88' lang='lat' dir='ltr'><strong>tribu</strong></span> <span class='ocrx_word' id='word_1_515' title='bbox 1668 3793 1830 3855; x_wconf 86' lang='lat' dir='ltr'><strong>Juda,</strong></span> <span class='ocrx_word' id='word_1_516' title='bbox 1867 3796 1923 3846; x_wconf 90' lang='lat' dir='ltr'><strong>et</strong></span> 
     </span>
    </p>
   </div>
   <div class='ocr_carea' id='block_1_70' title="bbox 219 3878 1918 3951">
    <p class='ocr_par' dir='ltr' id='par_1_70' title="bbox 219 3878 1918 3951">
     <span class='ocr_line' id='line_1_70' title="bbox 219 3878 1918 3951; baseline 0.001 -18"><span class='ocrx_word' id='word_1_517' title='bbox 219 3880 478 3934; x_wconf 87' lang='lat' dir='ltr'><strong>radicem</strong></span> <span class='ocrx_word' id='word_1_518' title='bbox 546 3878 743 3944; x_wconf 85' lang='lat' dir='ltr'><strong>David,</strong></span> <span class='ocrx_word' id='word_1_519' title='bbox 794 3879 1117 3949; x_wconf 78' lang='lat' dir='ltr'><strong>signiﬁcare</strong></span> <span class='ocrx_word' id='word_1_520' title='bbox 1177 3880 1487 3948; x_wconf 90' lang='lat' dir='ltr'><strong>Christum,</strong></span> <span class='ocrx_word' id='word_1_521' title='bbox 1542 3881 1642 3951; x_wconf 90' lang='lat' dir='ltr'><strong>qui</strong></span> <span class='ocrx_word' id='word_1_522' title='bbox 1701 3886 1918 3951; x_wconf 88' lang='lat' dir='ltr'><strong>septem</strong></span> 
     </span>
    </p>
   </div>
   <div class='ocr_carea' id='block_1_71' title="bbox 218 3968 1922 4040">
    <p class='ocr_par' dir='ltr' id='par_1_71' title="bbox 218 3968 1922 4040">
     <span class='ocr_line' id='line_1_71' title="bbox 218 3968 1922 4040; baseline 0.001 -18"><span class='ocrx_word' id='word_1_523' title='bbox 218 3984 457 4039; x_wconf 85' lang='lat' dir='ltr'><strong>quoque</strong></span> <span class='ocrx_word' id='word_1_524' title='bbox 503 3968 797 4038; x_wconf 85' lang='lat' dir='ltr'><strong>signacula</strong></span> <span class='ocrx_word' id='word_1_525' title='bbox 845 3970 968 4039; x_wconf 90' lang='lat' dir='ltr'><strong>ejus</strong></span> <span class='ocrx_word' id='word_1_526' title='bbox 1022 3970 1359 4039; x_wconf 88' lang='lat' dir='ltr'><strong>perhibetur</strong></span> <span class='ocrx_word' id='word_1_527' title='bbox 1417 3970 1660 4040; x_wconf 86' lang='lat' dir='ltr'><strong>aperire.</strong></span> <span class='ocrx_word' id='word_1_528' title='bbox 1709 3970 1922 4034; x_wconf 83' lang='lat' dir='ltr'><strong>Quibus</strong></span> 
     </span>
    </p>
   </div>
   <div class='ocr_carea' id='block_1_72' title="bbox 218 4056 1922 4129">
    <p class='ocr_par' dir='ltr' id='par_1_72' title="bbox 218 4056 1922 4129">
     <span class='ocr_line' id='line_1_72' title="bbox 218 4056 1922 4129; baseline 0.002 -21"><span class='ocrx_word' id='word_1_529' title='bbox 218 4064 441 4127; x_wconf 80' lang='lat' dir='ltr'><strong>septem</strong></span> <span class='ocrx_word' id='word_1_530' title='bbox 476 4056 786 4126; x_wconf 81' lang='lat' dir='ltr'><strong>signaculis</strong></span> <span class='ocrx_word' id='word_1_531' title='bbox 825 4057 1072 4128; x_wconf 89' lang='lat' dir='ltr'><strong>Spiritus</strong></span> <span class='ocrx_word' id='word_1_532' title='bbox 1122 4063 1346 4112; x_wconf 87' lang='lat' dir='ltr'><strong>sanctus</strong></span> <span class='ocrx_word' id='word_1_533' title='bbox 1408 4058 1729 4112; x_wconf 86' lang='lat' dir='ltr'><strong>insinuatur</strong></span> <span class='ocrx_word' id='word_1_534' title='bbox 1788 4075 1922 4129; x_wconf 91' lang='lat' dir='ltr'><strong>pro-</strong></span> 
     </span>
    </p>
   </div>
   <div class='ocr_carea' id='block_1_73' title="bbox 219 4146 1926 4217">
    <p class='ocr_par' dir='ltr' id='par_1_73' title="bbox 219 4146 1926 4217">
     <span class='ocr_line' id='line_1_73' title="bbox 219 4146 1926 4217; baseline 0 -18"><span class='ocrx_word' id='word_1_535' title='bbox 219 4154 352 4215; x_wconf 88' lang='lat' dir='ltr'><strong>pter</strong></span> <span class='ocrx_word' id='word_1_536' title='bbox 369 4146 810 4216; x_wconf 87' lang='lat' dir='ltr'><strong>septemplicem</strong></span> <span class='ocrx_word' id='word_1_537' title='bbox 842 4146 1019 4215; x_wconf 89' lang='lat' dir='ltr'><strong>ipsius</strong></span> <span class='ocrx_word' id='word_1_538' title='bbox 1049 4146 1374 4200; x_wconf 90' lang='lat' dir='ltr'><strong>donationis</strong></span> <span class='ocrx_word' id='word_1_539' title='bbox 1392 4146 1652 4217; x_wconf 76' lang='lat' dir='ltr'><strong>gratiam.</strong></span> <span class='ocrx_word' id='word_1_540' title='bbox 1685 4148 1809 4217; x_wconf 90' lang='lat' dir='ltr'><strong>lpse</strong></span> <span class='ocrx_word' id='word_1_541' title='bbox 1830 4152 1926 4215; x_wconf 84' lang='lat' dir='ltr'><strong>_est</strong></span> 
     </span>
    </p>
   </div>
   <div class='ocr_carea' id='block_1_74' title="bbox 222 4234 1929 4304">
    <p class='ocr_par' dir='ltr' id='par_1_74' title="bbox 222 4234 1929 4304">
     <span class='ocr_line' id='line_1_74' title="bbox 222 4234 1929 4304; baseline 0.001 -18"><span class='ocrx_word' id='word_1_542' title='bbox 222 4250 483 4304; x_wconf 85' lang='lat' dir='ltr'><strong>namque</strong></span> <span class='ocrx_word' id='word_1_543' title='bbox 539 4234 786 4301; x_wconf 82' lang='lat' dir='ltr'><strong>Spiritus</strong></span> <span class='ocrx_word' id='word_1_544' title='bbox 841 4235 1124 4302; x_wconf 71' lang='lat' dir='ltr'><strong>sapientiae</strong></span> <span class='ocrx_word' id='word_1_545' title='bbox 1170 4239 1219 4287; x_wconf 91' lang='lat' dir='ltr'><strong>et</strong></span> <span class='ocrx_word' id='word_1_546' title='bbox 1264 4236 1586 4299; x_wconf 87' lang='lat' dir='ltr'><strong>intellectus,</strong></span> <span class='ocrx_word' id='word_1_547' title='bbox 1646 4236 1860 4288; x_wconf 85' lang='lat' dir='ltr'><strong>consilii</strong></span> <span class='ocrx_word' id='word_1_548' title='bbox 1879 4238 1929 4288; x_wconf 89' lang='lat' dir='ltr'><strong>et</strong></span> 
     </span>
    </p>
   </div>
   <div class='ocr_carea' id='block_1_75' title="bbox 2022 3084 3718 3155">
    <p class='ocr_par' dir='ltr' id='par_1_75' title="bbox 2022 3084 3718 3155">
     <span class='ocr_line' id='line_1_75' title="bbox 2022 3084 3718 3155; baseline 0.002 -19"><span class='ocrx_word' id='word_1_549' title='bbox 2022 3090 2301 3149; x_wconf 89' lang='lat' dir='ltr'><strong>sanctum,</strong></span> <span class='ocrx_word' id='word_1_550' title='bbox 2337 3085 2435 3154; x_wconf 92' lang='lat' dir='ltr'><strong>qui</strong></span> <span class='ocrx_word' id='word_1_551' title='bbox 2461 3086 2681 3137; x_wconf 88' lang='lat' dir='ltr'><strong>loeutus</strong></span> <span class='ocrx_word' id='word_1_552' title='bbox 2712 3090 2795 3138; x_wconf 85' lang='lat' dir='ltr'><strong>est</strong></span> <span class='ocrx_word' id='word_1_553' title='bbox 2824 3085 2882 3137; x_wconf 92' lang='lat' dir='ltr'><strong>in</strong></span> <span class='ocrx_word' id='word_1_554' title='bbox 2906 3084 3224 3155; x_wconf 90' lang='lat' dir='ltr'><strong>prophetis,</strong></span> <span class='ocrx_word' id='word_1_555' title='bbox 3270 3084 3543 3155; x_wconf 90' lang='lat' dir='ltr'><strong>Spiritum</strong></span> <span class='ocrx_word' id='word_1_556' title='bbox 3598 3102 3718 3139; x_wconf 88' lang='lat' dir='ltr'><strong>esse</strong></span> 
     </span>
    </p>
   </div>
   <div class='ocr_carea' id='block_1_76' title="bbox 2023 3172 3722 3241">
    <p class='ocr_par' dir='ltr' id='par_1_76' title="bbox 2023 3172 3722 3241">
     <span class='ocr_line' id='line_1_76' title="bbox 2023 3172 3722 3241; baseline 0.001 -16"><span class='ocrx_word' id='word_1_557' title='bbox 2023 3172 2231 3225; x_wconf 90' lang='lat' dir='ltr'><strong>Christi</strong></span> <span class='ocrx_word' id='word_1_558' title='bbox 2266 3189 2279 3225; x_wconf 91' lang='lat'><strong>:</strong></span> <span class='ocrx_word' id='word_1_559' title='bbox 2313 3178 2367 3225; x_wconf 93' lang='lat' dir='ltr'><strong>et</strong></span> <span class='ocrx_word' id='word_1_560' title='bbox 2398 3172 2585 3224; x_wconf 89' lang='lat' dir='ltr'><strong>nescio</strong></span> <span class='ocrx_word' id='word_1_561' title='bbox 2632 3172 2731 3241; x_wconf 91' lang='lat' dir='ltr'><strong>qui</strong></span> <span class='ocrx_word' id='word_1_562' title='bbox 2774 3173 3031 3225; x_wconf 60' lang='lat' dir='ltr'><strong>saeculari</strong></span> <span class='ocrx_word' id='word_1_563' title='bbox 3078 3172 3210 3225; x_wconf 90' lang='lat' dir='ltr'><strong>elati</strong></span> <span class='ocrx_word' id='word_1_564' title='bbox 3251 3172 3529 3241; x_wconf 87' lang='lat' dir='ltr'><strong>dignitate</strong></span> <span class='ocrx_word' id='word_1_565' title='bbox 3577 3188 3722 3241; x_wconf 59' lang='lat' dir='ltr'><strong>pra!-</strong></span> 
     </span>
    </p>
   </div>
   <div class='ocr_carea' id='block_1_77' title="bbox 2024 3260 3718 3331">
    <p class='ocr_par' dir='ltr' id='par_1_77' title="bbox 2024 3260 3718 3331">
     <span class='ocr_line' id='line_1_77' title="bbox 2024 3260 3718 3331; baseline 0 -18"><span class='ocrx_word' id='word_1_566' title='bbox 2024 3265 2261 3313; x_wconf 90' lang='lat' dir='ltr'><strong>sumunt</strong></span> <span class='ocrx_word' id='word_1_567' title='bbox 2309 3260 2749 3329; x_wconf 82' lang='lat' dir='ltr'><strong>reprehendere,</strong></span> <span class='ocrx_word' id='word_1_568' title='bbox 2800 3260 2955 3330; x_wconf 91' lang='lat' dir='ltr'><strong>quod</strong></span> <span class='ocrx_word' id='word_1_569' title='bbox 3004 3260 3073 3313; x_wconf 91' lang='lat' dir='ltr'><strong>ab</strong></span> <span class='ocrx_word' id='word_1_570' title='bbox 3137 3260 3409 3331; x_wconf 89' lang='lat' dir='ltr'><strong>apostolis</strong></span> <span class='ocrx_word' id='word_1_571' title='bbox 3459 3261 3718 3313; x_wconf 61' lang='lat' dir='ltr'><strong>Ecclesia:</strong></span> 
     </span>
    </p>
   </div>
   <div class='ocr_carea' id='block_1_78' title="bbox 2024 3347 3719 3419">
    <p class='ocr_par' dir='ltr' id='par_1_78' title="bbox 2024 3347 3719 3419">
     <span class='ocr_line' id='line_1_78' title="bbox 2024 3347 3719 3419; baseline -0.001 -16"><span class='ocrx_word' id='word_1_572' title='bbox 2024 3348 2234 3403; x_wconf 90' lang='lat' dir='ltr'><strong>Christi</strong></span> <span class='ocrx_word' id='word_1_573' title='bbox 2291 3347 2650 3402; x_wconf 82' lang='lat' dir='ltr'><strong>didicerunt!</strong></span> <span class='ocrx_word' id='word_1_574' title='bbox 2700 3350 2843 3418; x_wconf 86' lang='lat' dir='ltr'><strong>Ergo</strong></span> <span class='ocrx_word' id='word_1_575' title='bbox 2895 3348 2942 3401; x_wconf 89' lang='lat' dir='ltr'><strong>si</strong></span> <span class='ocrx_word' id='word_1_576' title='bbox 2990 3348 3233 3419; x_wconf 85' lang='lat' dir='ltr'><strong>Spiritus</strong></span> <span class='ocrx_word' id='word_1_577' title='bbox 3300 3352 3528 3401; x_wconf 88' lang='lat' dir='ltr'><strong>sanctus</strong></span> <span class='ocrx_word' id='word_1_578' title='bbox 3604 3365 3719 3401; x_wconf 92' lang='lat' dir='ltr'><strong>non</strong></span> 
     </span>
    </p>
   </div>
   <div class='ocr_carea' id='block_1_79' title="bbox 2026 3436 3721 3507">
    <p class='ocr_par' dir='ltr' id='par_1_79' title="bbox 2026 3436 3721 3507">
     <span class='ocr_line' id='line_1_79' title="bbox 2026 3436 3721 3507; baseline -0.001 -18"><span class='ocrx_word' id='word_1_579' title='bbox 2026 3436 2636 3507; x_wconf 44' lang='lat' dir='ltr'><strong>proceditalChristo,</strong></span> <span class='ocrx_word' id='word_1_580' title='bbox 2683 3436 2975 3507; x_wconf 89' lang='lat' dir='ltr'><strong>quomodo</strong></span> <span class='ocrx_word' id='word_1_581' title='bbox 3027 3436 3275 3507; x_wconf 89' lang='lat' dir='ltr'><strong>Spiritus</strong></span> <span class='ocrx_word' id='word_1_582' title='bbox 3335 3436 3543 3490; x_wconf 90' lang='lat' dir='ltr'><strong>dicitur</strong></span> <span class='ocrx_word' id='word_1_583' title='bbox 3600 3453 3721 3490; x_wconf 89' lang='lat' dir='ltr'><strong>esse</strong></span> 
     </span>
    </p>
   </div>
   <div class='ocr_carea' id='block_1_80' title="bbox 2028 3524 3723 3596">
    <p class='ocr_par' dir='ltr' id='par_1_80' title="bbox 2028 3524 3723 3596">
     <span class='ocr_line' id='line_1_80' title="bbox 2028 3524 3723 3596; baseline -0.001 -16"><span class='ocrx_word' id='word_1_584' title='bbox 2028 3524 2274 3580; x_wconf 82' lang='lat' dir='ltr'><strong>Christi?</strong></span> <span class='ocrx_word' id='word_1_585' title='bbox 2304 3525 2560 3595; x_wconf 89' lang='lat' dir='ltr'><strong>procedit</strong></span> <span class='ocrx_word' id='word_1_586' title='bbox 2587 3524 2765 3595; x_wconf 90' lang='lat' dir='ltr'><strong>igitur</strong></span> <span class='ocrx_word' id='word_1_587' title='bbox 2796 3542 2827 3578; x_wconf 87' lang='lat' dir='ltr'><strong>a</strong></span> <span class='ocrx_word' id='word_1_588' title='bbox 2866 3526 3108 3592; x_wconf 87' lang='lat' dir='ltr'><strong>Christo,</strong></span> <span class='ocrx_word' id='word_1_589' title='bbox 3162 3524 3299 3596; x_wconf 89' lang='lat' dir='ltr'><strong>quia</strong></span> <span class='ocrx_word' id='word_1_590' title='bbox 3331 3541 3449 3579; x_wconf 91' lang='lat' dir='ltr'><strong>non</strong></span> <span class='ocrx_word' id='word_1_591' title='bbox 3480 3542 3546 3578; x_wconf 87' lang='lat' dir='ltr'><strong>ex</strong></span> <span class='ocrx_word' id='word_1_592' title='bbox 3587 3526 3723 3579; x_wconf 90' lang='lat' dir='ltr'><strong>sub-</strong></span> 
     </span>
    </p>
   </div>
   <div class='ocr_carea' id='block_1_81' title="bbox 2022 3608 3723 3685">
    <p class='ocr_par' dir='ltr' id='par_1_81' title="bbox 2022 3608 3723 3685">
     <span class='ocr_line' id='line_1_81' title="bbox 2022 3608 3723 3685; baseline -0.001 -18"><span class='ocrx_word' id='word_1_593' title='bbox 2022 3608 2293 3684; x_wconf 90' lang='lat' dir='ltr'><strong>jectione,</strong></span> <span class='ocrx_word' id='word_1_594' title='bbox 2320 3630 2422 3667; x_wconf 92' lang='lat' dir='ltr'><strong>nec</strong></span> <span class='ocrx_word' id='word_1_595' title='bbox 2444 3630 2510 3667; x_wconf 82' lang='lat' dir='ltr'><strong>ex</strong></span> <span class='ocrx_word' id='word_1_596' title='bbox 2536 3614 2868 3683; x_wconf 86' lang='lat' dir='ltr'><strong>particulari</strong></span> <span class='ocrx_word' id='word_1_597' title='bbox 2891 3614 3137 3667; x_wconf 89' lang='lat' dir='ltr'><strong>sectione</strong></span> <span class='ocrx_word' id='word_1_598' title='bbox 3170 3614 3381 3667; x_wconf 89' lang='lat' dir='ltr'><strong>dicitur</strong></span> <span class='ocrx_word' id='word_1_599' title='bbox 3419 3615 3542 3685; x_wconf 84' lang='lat' dir='ltr'><strong>ejus</strong></span> <span class='ocrx_word' id='word_1_600' title='bbox 3582 3629 3723 3680; x_wconf 87' lang='lat' dir='ltr'><strong>esse,</strong></span> 
     </span>
    </p>
   </div>
   <div class='ocr_carea' id='block_1_82' title="bbox 2030 3702 3724 3772">
    <p class='ocr_par' dir='ltr' id='par_1_82' title="bbox 2030 3702 3724 3772">
     <span class='ocr_line' id='line_1_82' title="bbox 2030 3702 3724 3772; baseline 0 -17"><span class='ocrx_word' id='word_1_601' title='bbox 2030 3702 2126 3757; x_wconf 90' lang='lat' dir='ltr'><strong>sed</strong></span> <span class='ocrx_word' id='word_1_602' title='bbox 2175 3702 2327 3772; x_wconf 91' lang='lat' dir='ltr'><strong>quod</strong></span> <span class='ocrx_word' id='word_1_603' title='bbox 2399 3702 2520 3772; x_wconf 84' lang='lat' dir='ltr'><strong>ejus</strong></span> <span class='ocrx_word' id='word_1_604' title='bbox 2573 3703 2643 3757; x_wconf 90' lang='lat' dir='ltr'><strong>de</strong></span> <span class='ocrx_word' id='word_1_605' title='bbox 2704 3703 3021 3756; x_wconf 86' lang='lat' dir='ltr'><strong>substantia</strong></span> <span class='ocrx_word' id='word_1_606' title='bbox 3080 3702 3529 3757; x_wconf 87' lang='lat' dir='ltr'><strong>substantialiter</strong></span> <span class='ocrx_word' id='word_1_607' title='bbox 3590 3719 3724 3772; x_wconf 86' lang='lat' dir='ltr'><strong>pro-</strong></span> 
     </span>
    </p>
   </div>
   <div class='ocr_carea' id='block_1_83' title="bbox 2032 3790 2209 3845">
    <p class='ocr_par' dir='ltr' id='par_1_83' title="bbox 2032 3790 2209 3845">
     <span class='ocr_line' id='line_1_83' title="bbox 2032 3790 2209 3845; baseline 0 -1"><span class='ocrx_word' id='word_1_608' title='bbox 2032 3790 2209 3845; x_wconf 89' lang='lat' dir='ltr'><strong>cedat.</strong></span> 
     </span>
    </p>
   </div>
   <div class='ocr_carea' id='block_1_84' title="bbox 2104 3878 3724 3949">
    <p class='ocr_par' dir='ltr' id='par_1_84' title="bbox 2104 3878 3724 3949">
     <span class='ocr_line' id='line_1_84' title="bbox 2104 3878 3724 3949; baseline 0 -16"><span class='ocrx_word' id='word_1_609' title='bbox 2104 3879 2282 3934; x_wconf 88' lang='lat' dir='ltr'><strong>Cerne</strong></span> <span class='ocrx_word' id='word_1_610' title='bbox 2326 3894 2553 3949; x_wconf 87' lang='lat' dir='ltr'><strong>quoque</strong></span> <span class='ocrx_word' id='word_1_611' title='bbox 2605 3878 2835 3933; x_wconf 89' lang='lat' dir='ltr'><strong>beatum</strong></span> <span class='ocrx_word' id='word_1_612' title='bbox 2888 3879 3165 3934; x_wconf 88' lang='lat' dir='ltr'><strong>Joannem</strong></span> <span class='ocrx_word' id='word_1_613' title='bbox 3199 3879 3257 3932; x_wconf 91' lang='lat' dir='ltr'><strong>in</strong></span> <span class='ocrx_word' id='word_1_614' title='bbox 3289 3879 3548 3932; x_wconf 87' lang='lat' dir='ltr'><strong>eamdem</strong></span> <span class='ocrx_word' id='word_1_615' title='bbox 3590 3894 3724 3933; x_wconf 89' lang='lat' dir='ltr'><strong>con-</strong></span> 
     </span>
    </p>
   </div>
   <div class='ocr_carea' id='block_1_85' title="bbox 2034 3966 3725 4036">
    <p class='ocr_par' dir='ltr' id='par_1_85' title="bbox 2034 3966 3725 4036">
     <span class='ocr_line' id='line_1_85' title="bbox 2034 3966 3725 4036; baseline -0.001 -15"><span class='ocrx_word' id='word_1_616' title='bbox 2034 3983 2262 4022; x_wconf 89' lang='lat' dir='ltr'><strong>currere</strong></span> <span class='ocrx_word' id='word_1_617' title='bbox 2326 3967 2688 4033; x_wconf 87' lang='lat' dir='ltr'><strong>sententiam,</strong></span> <span class='ocrx_word' id='word_1_618' title='bbox 2745 3974 2801 4021; x_wconf 92' lang='lat' dir='ltr'><strong>et</strong></span> <span class='ocrx_word' id='word_1_619' title='bbox 2859 3966 3137 4036; x_wconf 91' lang='lat' dir='ltr'><strong>Spiritum</strong></span> <span class='ocrx_word' id='word_1_620' title='bbox 3196 3974 3456 4020; x_wconf 80' lang='lat' dir='ltr'><strong>sanctum</strong></span> <span class='ocrx_word' id='word_1_621' title='bbox 3514 3966 3725 4021; x_wconf 85' lang='lat' dir='ltr'><strong>Christi</strong></span> 
     </span>
    </p>
   </div>
   <div class='ocr_carea' id='block_1_86' title="bbox 2034 4054 3727 4127">
    <p class='ocr_par' dir='ltr' id='par_1_86' title="bbox 2034 4054 3727 4127">
     <span class='ocr_line' id='line_1_86' title="bbox 2034 4054 3727 4127; baseline -0.003 -16"><span class='ocrx_word' id='word_1_622' title='bbox 2034 4055 2309 4127; x_wconf 87' lang='lat' dir='ltr'><strong>Spiritum</strong></span> <span class='ocrx_word' id='word_1_623' title='bbox 2343 4071 2465 4109; x_wconf 88' lang='lat' dir='ltr'><strong>esse</strong></span> <span class='ocrx_word' id='word_1_624' title='bbox 2490 4057 2966 4125; x_wconf 89' lang='lat' dir='ltr'><strong>proclamantem;</strong></span> <span class='ocrx_word' id='word_1_625' title='bbox 3002 4055 3081 4108; x_wconf 90' lang='lat' dir='ltr'><strong>ait</strong></span> <span class='ocrx_word' id='word_1_626' title='bbox 3111 4054 3261 4109; x_wconf 91' lang='lat' dir='ltr'><strong>enim</strong></span> <span class='ocrx_word' id='word_1_627' title='bbox 3298 4055 3356 4109; x_wconf 90' lang='lat' dir='ltr'><strong>in</strong></span> <span class='ocrx_word' id='word_1_628' title='bbox 3388 4055 3727 4126; x_wconf 83' lang='lat' dir='ltr'><strong>Apocalypsi</strong></span> 
     </span>
    </p>
   </div>
   <div class='ocr_carea' id='block_1_87' title="bbox 2039 4145 3727 4214">
    <p class='ocr_par' dir='ltr' id='par_1_87' title="bbox 2039 4145 3727 4214">
     <span class='ocr_line' id='line_1_87' title="bbox 2039 4145 3727 4214; baseline -0.002 -14"><span class='ocrx_word' id='word_1_629' title='bbox 2039 4149 2105 4201; x_wconf 85' lang='lat' dir='ltr'><strong>Et</strong></span> <span class='ocrx_word' id='word_1_630' title='bbox 2133 4145 2252 4199; x_wconf 84' lang='lat' dir='ltr'><strong>vidi</strong></span> <span class='ocrx_word' id='word_1_631' title='bbox 2271 4148 2330 4198; x_wconf 89' lang='lat' dir='ltr'><strong>in</strong></span> <span class='ocrx_word' id='word_1_632' title='bbox 2360 4145 2534 4199; x_wconf 87' lang='lat' dir='ltr'><strong>medio</strong></span> <span class='ocrx_word' id='word_1_633' title='bbox 2571 4146 2770 4210; x_wconf 82' lang='lat' dir='ltr'><strong>throni,</strong></span> <span class='ocrx_word' id='word_1_634' title='bbox 2804 4150 2852 4198; x_wconf 83' lang='lat' dir='ltr'><strong>et</strong></span> <span class='ocrx_word' id='word_1_635' title='bbox 2896 4149 3131 4214; x_wconf 88' lang='lat' dir='ltr'><strong>quatuor</strong></span> <span class='ocrx_word' id='word_1_636' title='bbox 3185 4146 3525 4209; x_wconf 88' lang='lat' dir='ltr'><strong>animalium,</strong></span> <span class='ocrx_word' id='word_1_637' title='bbox 3585 4149 3635 4197; x_wconf 88' lang='lat' dir='ltr'><strong>et</strong></span> <span class='ocrx_word' id='word_1_638' title='bbox 3674 4148 3727 4196; x_wconf 86' lang='lat' dir='ltr'><strong>in</strong></span> 
     </span>
    </p>
   </div>
   <div class='ocr_carea' id='block_1_88' title="bbox 2036 4234 3727 4300">
    <p class='ocr_par' dir='ltr' id='par_1_88' title="bbox 2036 4234 3727 4300">
     <span class='ocr_line' id='line_1_88' title="bbox 2036 4234 3727 4300; baseline -0.001 -12"><span class='ocrx_word' id='word_1_639' title='bbox 2036 4234 2210 4288; x_wconf 86' lang='lat' dir='ltr'><strong>medio</strong></span> <span class='ocrx_word' id='word_1_640' title='bbox 2276 4235 2545 4286; x_wconf 85' lang='lat' dir='ltr'><strong>seniorum</strong></span> <span class='ocrx_word' id='word_1_641' title='bbox 2605 4249 2805 4300; x_wconf 88' lang='lat' dir='ltr'><strong>agnum</strong></span> <span class='ocrx_word' id='word_1_642' title='bbox 2864 4238 3094 4286; x_wconf 85' lang='lat' dir='ltr'><strong>stantem</strong></span> <span class='ocrx_word' id='word_1_643' title='bbox 3157 4239 3417 4300; x_wconf 83' lang='lat' dir='ltr'><strong>tanquam</strong></span> <span class='ocrx_word' id='word_1_644' title='bbox 3473 4236 3727 4292; x_wconf 89' lang='lat' dir='ltr'><strong>occisum.</strong></span> 
     </span>
    </p>
   </div>
   <div class='ocr_carea' id='block_1_89' title="bbox 217 4321 3727 4394">
    <p class='ocr_par' dir='ltr' id='par_1_89' title="bbox 217 4321 3727 4394">
     <span class='ocr_line' id='line_1_89' title="bbox 217 4321 3727 4394; baseline -0 -19"><span class='ocrx_word' id='word_1_645' title='bbox 217 4322 605 4388; x_wconf 83' lang='lat' dir='ltr'><strong>fortitudinis,</strong></span> <span class='ocrx_word' id='word_1_646' title='bbox 639 4323 875 4376; x_wconf 71' lang='lat' dir='ltr'><strong>scientiae</strong></span> <span class='ocrx_word' id='word_1_647' title='bbox 907 4328 966 4375; x_wconf 86' lang='lat' dir='ltr'><strong>et</strong></span> <span class='ocrx_word' id='word_1_648' title='bbox 994 4324 1241 4391; x_wconf 85' lang='lat' dir='ltr'><strong>pietatis,</strong></span> <span class='ocrx_word' id='word_1_649' title='bbox 1272 4321 1393 4394; x_wconf 90' lang='lat' dir='ltr'><strong>ipse</strong></span> <span class='ocrx_word' id='word_1_650' title='bbox 1426 4338 1656 4393; x_wconf 87' lang='lat' dir='ltr'><strong>quoque</strong></span> <span class='ocrx_word' id='word_1_651' title='bbox 1686 4322 1927 4391; x_wconf 88' lang='lat' dir='ltr'><strong>Spiritus</strong></span> <span class='ocrx_word' id='word_1_652' title='bbox 1968 4328 2008 4381; x_wconf 91' lang='lat' dir='ltr'><strong>E</strong></span> <span class='ocrx_word' id='word_1_653' title='bbox 2036 4323 2316 4377; x_wconf 84' lang='lat' dir='ltr'><strong>habentem</strong></span> <span class='ocrx_word' id='word_1_654' title='bbox 2350 4337 2552 4375; x_wconf 88' lang='lat' dir='ltr'><strong>cornua</strong></span> <span class='ocrx_word' id='word_1_655' title='bbox 2577 4328 2795 4392; x_wconf 86' lang='lat' dir='ltr'><strong>septem,</strong></span> <span class='ocrx_word' id='word_1_656' title='bbox 2824 4327 2874 4375; x_wconf 89' lang='lat' dir='ltr'><strong>et</strong></span> <span class='ocrx_word' id='word_1_657' title='bbox 2906 4323 3080 4375; x_wconf 87' lang='lat' dir='ltr'><strong>oculos</strong></span> <span class='ocrx_word' id='word_1_658' title='bbox 3111 4327 3310 4390; x_wconf 79' lang='lat' dir='ltr'><strong>septem</strong></span> <span class='ocrx_word' id='word_1_659' title='bbox 3334 4323 3523 4390; x_wconf 84' lang='lat' dir='ltr'><strong>(Apoc.</strong></span> <span class='ocrx_word' id='word_1_660' title='bbox 3562 4338 3614 4387; x_wconf 89' lang='lat' dir='ltr'><strong>v,</strong></span> <span class='ocrx_word' id='word_1_661' title='bbox 3650 4324 3727 4385; x_wconf 76' lang='lat'><strong>6).</strong></span> 
     </span>
    </p>
   </div>
   <div class='ocr_carea' id='block_1_90' title="bbox 224 4410 1926 4482">
    <p class='ocr_par' dir='ltr' id='par_1_90' title="bbox 224 4410 1926 4482">
     <span class='ocr_line' id='line_1_90' title="bbox 224 4410 1926 4482; baseline 0.002 -21"><span class='ocrx_word' id='word_1_662' title='bbox 224 4414 446 4464; x_wconf 83' lang='lat' dir='ltr'><strong>timoris</strong></span> <span class='ocrx_word' id='word_1_663' title='bbox 483 4412 716 4476; x_wconf 86' lang='lat' dir='ltr'><strong>Domini,</strong></span> <span class='ocrx_word' id='word_1_664' title='bbox 748 4411 893 4465; x_wconf 79' lang='lat' dir='ltr'><strong>sicut</strong></span> <span class='ocrx_word' id='word_1_665' title='bbox 934 4411 1211 4482; x_wconf 88' lang='lat' dir='ltr'><strong>propheta</strong></span> <span class='ocrx_word' id='word_1_666' title='bbox 1266 4410 1524 4481; x_wconf 88' lang='lat' dir='ltr'><strong>loquitur</strong></span> <span class='ocrx_word' id='word_1_667' title='bbox 1579 4411 1748 4465; x_wconf 89' lang='lat' dir='ltr'><strong>Isaias</strong></span> <span class='ocrx_word' id='word_1_668' title='bbox 1800 4413 1926 4474; x_wconf 87' lang='lat' dir='ltr'><strong>(Isa.</strong></span> 
     </span>
    </p>
   </div>
   <div class='ocr_carea' id='block_1_91' title="bbox 221 4499 1933 4571">
    <p class='ocr_par' dir='ltr' id='par_1_91' title="bbox 221 4499 1933 4571">
     <span class='ocr_line' id='line_1_91' title="bbox 221 4499 1933 4571; baseline 0.001 -19"><span class='ocrx_word' id='word_1_669' title='bbox 221 4515 301 4564; x_wconf 71' lang='grc' dir='ltr'><strong>χι,</strong></span> <span class='ocrx_word' id='word_1_670' title='bbox 337 4502 417 4564; x_wconf 76' lang='lat'><strong>2).</strong></span> <span class='ocrx_word' id='word_1_671' title='bbox 466 4500 667 4569; x_wconf 83' lang='lat' dir='ltr'><strong>Aperit</strong></span> <span class='ocrx_word' id='word_1_672' title='bbox 713 4504 903 4553; x_wconf 87' lang='lat' dir='ltr'><strong>autem</strong></span> <span class='ocrx_word' id='word_1_673' title='bbox 967 4504 1182 4571; x_wconf 90' lang='lat' dir='ltr'><strong>septem</strong></span> <span class='ocrx_word' id='word_1_674' title='bbox 1236 4499 1531 4571; x_wconf 85' lang='lat' dir='ltr'><strong>signacula</strong></span> <span class='ocrx_word' id='word_1_675' title='bbox 1580 4500 1709 4553; x_wconf 90' lang='lat' dir='ltr'><strong>libri</strong></span> <span class='ocrx_word' id='word_1_676' title='bbox 1762 4500 1933 4569; x_wconf 84' lang='lat' dir='ltr'><strong>hujus</strong></span> 
     </span>
    </p>
   </div>
   <div class='ocr_carea' id='block_1_92' title="bbox 224 4587 1936 4661">
    <p class='ocr_par' dir='ltr' id='par_1_92' title="bbox 224 4587 1936 4661">
     <span class='ocr_line' id='line_1_92' title="bbox 224 4587 1936 4661; baseline 0.001 -22"><span class='ocrx_word' id='word_1_677' title='bbox 224 4589 389 4641; x_wconf 80' lang='lat' dir='ltr'><strong>radix</strong></span> <span class='ocrx_word' id='word_1_678' title='bbox 464 4587 665 4653; x_wconf 89' lang='lat' dir='ltr'><strong>David,</strong></span> <span class='ocrx_word' id='word_1_679' title='bbox 720 4587 776 4641; x_wconf 93' lang='lat' dir='ltr'><strong>id</strong></span> <span class='ocrx_word' id='word_1_680' title='bbox 824 4592 908 4642; x_wconf 89' lang='lat' dir='ltr'><strong>est</strong></span> <span class='ocrx_word' id='word_1_681' title='bbox 962 4588 1265 4643; x_wconf 89' lang='lat' dir='ltr'><strong>Salvator:</strong></span> <span class='ocrx_word' id='word_1_682' title='bbox 1327 4589 1600 4661; x_wconf 88' lang='lat' dir='ltr'><strong>quoniam</strong></span> <span class='ocrx_word' id='word_1_683' title='bbox 1667 4588 1936 4659; x_wconf 78' lang='lat' dir='ltr'><strong>mysteria</strong></span> 
     </span>
    </p>
   </div>
   <div class='ocr_carea' id='block_1_93' title="bbox 223 4677 1937 4747">
    <p class='ocr_par' dir='ltr' id='par_1_93' title="bbox 223 4677 1937 4747">
     <span class='ocr_line' id='line_1_93' title="bbox 223 4677 1937 4747; baseline 0.001 -19"><span class='ocrx_word' id='word_1_684' title='bbox 223 4693 361 4746; x_wconf 66' lang='lat' dir='ltr'><strong>qua!</strong></span> <span class='ocrx_word' id='word_1_685' title='bbox 411 4677 785 4731; x_wconf 89' lang='lat' dir='ltr'><strong>continentur</strong></span> <span class='ocrx_word' id='word_1_686' title='bbox 840 4678 900 4731; x_wconf 90' lang='lat' dir='ltr'><strong>in</strong></span> <span class='ocrx_word' id='word_1_687' title='bbox 950 4694 1017 4731; x_wconf 91' lang='lat' dir='ltr'><strong>eo</strong></span> <span class='ocrx_word' id='word_1_688' title='bbox 1076 4678 1417 4747; x_wconf 88' lang='lat' dir='ltr'><strong>spiritualia,</strong></span> <span class='ocrx_word' id='word_1_689' title='bbox 1488 4682 1823 4732; x_wconf 83' lang='lat' dir='ltr'><strong>reserantur</strong></span> <span class='ocrx_word' id='word_1_690' title='bbox 1877 4677 1937 4730; x_wconf 91' lang='lat' dir='ltr'><strong>in</strong></span> 
     </span>
    </p>
   </div>
   <div class='ocr_carea' id='block_1_94' title="bbox 223 4766 1939 4838">
    <p class='ocr_par' dir='ltr' id='par_1_94' title="bbox 223 4766 1939 4838">
     <span class='ocr_line' id='line_1_94' title="bbox 223 4766 1939 4838; baseline -0.002 -18"><span class='ocrx_word' id='word_1_691' title='bbox 223 4766 481 4831; x_wconf 81' lang='lat' dir='ltr'><strong>Christo,</strong></span> <span class='ocrx_word' id='word_1_692' title='bbox 518 4781 648 4819; x_wconf 90' lang='lat' dir='ltr'><strong>cum</strong></span> <span class='ocrx_word' id='word_1_693' title='bbox 679 4766 939 4820; x_wconf 82' lang='lat' dir='ltr'><strong>aufertur</strong></span> <span class='ocrx_word' id='word_1_694' title='bbox 966 4767 1227 4821; x_wconf 79' lang='lat' dir='ltr'><strong>velamen</strong></span> <span class='ocrx_word' id='word_1_695' title='bbox 1261 4767 1415 4838; x_wconf 89' lang='lat' dir='ltr'><strong>quod</strong></span> <span class='ocrx_word' id='word_1_696' title='bbox 1456 4766 1517 4820; x_wconf 91' lang='lat' dir='ltr'><strong>in</strong></span> <span class='ocrx_word' id='word_1_697' title='bbox 1548 4767 1692 4820; x_wconf 90' lang='lat' dir='ltr'><strong>libro</strong></span> <span class='ocrx_word' id='word_1_698' title='bbox 1725 4766 1939 4820; x_wconf 85' lang='lat' dir='ltr'><strong>Veteris</strong></span> 
     </span>
    </p>
   </div>
   <div class='ocr_carea' id='block_1_95' title="bbox 224 4852 1938 4923">
    <p class='ocr_par' dir='ltr' id='par_1_95' title="bbox 224 4852 1938 4923">
     <span class='ocr_line' id='line_1_95' title="bbox 224 4852 1938 4923; baseline 0 -18"><span class='ocrx_word' id='word_1_699' title='bbox 224 4852 590 4907; x_wconf 85' lang='lat' dir='ltr'><strong>Testamenti</strong></span> <span class='ocrx_word' id='word_1_700' title='bbox 674 4856 897 4906; x_wconf 88' lang='lat' dir='ltr'><strong>constat</strong></span> <span class='ocrx_word' id='word_1_701' title='bbox 980 4853 1291 4923; x_wconf 90' lang='lat' dir='ltr'><strong>signatum,</strong></span> <span class='ocrx_word' id='word_1_702' title='bbox 1385 4858 1440 4906; x_wconf 91' lang='lat' dir='ltr'><strong>et</strong></span> <span class='ocrx_word' id='word_1_703' title='bbox 1523 4852 1810 4907; x_wconf 87' lang='lat' dir='ltr'><strong>revelatur</strong></span> <span class='ocrx_word' id='word_1_704' title='bbox 1882 4852 1938 4906; x_wconf 89' lang='lat' dir='ltr'><strong>in</strong></span> 
     </span>
    </p>
   </div>
   <div class='ocr_carea' id='block_1_96' title="bbox 226 4941 486 4995">
    <p class='ocr_par' dir='ltr' id='par_1_96' title="bbox 226 4941 486 4995">
     <span class='ocr_line' id='line_1_96' title="bbox 226 4941 486 4995; baseline -0.004 0"><span class='ocrx_word' id='word_1_705' title='bbox 226 4941 486 4995; x_wconf 88' lang='lat' dir='ltr'><strong>Christo.</strong></span> 
     </span>
    </p>
   </div>
   <div class='ocr_carea' id='block_1_97' title="bbox 300 5028 1948 5100">
    <p class='ocr_par' dir='ltr' id='par_1_97' title="bbox 300 5028 1948 5100">
     <span class='ocr_line' id='line_1_97' title="bbox 300 5028 1948 5100; baseline 0.001 -18"><span class='ocrx_word' id='word_1_706' title='bbox 300 5028 627 5098; x_wconf 86' lang='lat' dir='ltr'><strong>Subjungit</strong></span> <span class='ocrx_word' id='word_1_707' title='bbox 659 5045 790 5082; x_wconf 87' lang='lat' dir='ltr'><strong>vero</strong></span> <span class='ocrx_word' id='word_1_708' title='bbox 837 5031 1141 5100; x_wconf 84' lang='lat' dir='ltr'><strong>Apostolus</strong></span> <span class='ocrx_word' id='word_1_709' title='bbox 1185 5047 1197 5084; x_wconf 92' lang='lat'><strong>:</strong></span> <span class='ocrx_word' id='word_1_710' title='bbox 1248 5033 1501 5084; x_wconf 90' lang='lat' dir='ltr'><strong>Dominus</strong></span> <span class='ocrx_word' id='word_1_711' title='bbox 1546 5036 1724 5085; x_wconf 87' lang='lat' dir='ltr'><strong>autem</strong></span> <span class='ocrx_word' id='word_1_712' title='bbox 1771 5032 1948 5099; x_wconf 88' lang='lat' dir='ltr'><strong>Spiri-</strong></span> 
     </span>
    </p>
   </div>
   <div class='ocr_carea' id='block_1_98' title="bbox 228 5118 1943 5189">
    <p class='ocr_par' dir='ltr' id='par_1_98' title="bbox 228 5118 1943 5189">
     <span class='ocr_line' id='line_1_98' title="bbox 228 5118 1943 5189; baseline 0.001 -20"><span class='ocrx_word' id='word_1_713' title='bbox 228 5125 317 5171; x_wconf 81' lang='lat' dir='ltr'><strong>tus</strong></span> <span class='ocrx_word' id='word_1_714' title='bbox 345 5123 451 5180; x_wconf 84' lang='lat' dir='ltr'><strong>est,</strong></span> <span class='ocrx_word' id='word_1_715' title='bbox 473 5118 568 5169; x_wconf 83' lang='lat' dir='ltr'><strong>ubi</strong></span> <span class='ocrx_word' id='word_1_716' title='bbox 597 5123 778 5171; x_wconf 85' lang='lat' dir='ltr'><strong>autem</strong></span> <span class='ocrx_word' id='word_1_717' title='bbox 800 5118 1074 5187; x_wconf 79' lang='lat' dir='ltr'><strong>Spiritum</strong></span> <span class='ocrx_word' id='word_1_718' title='bbox 1104 5121 1341 5187; x_wconf 87' lang='lat' dir='ltr'><strong>Domini,</strong></span> <span class='ocrx_word' id='word_1_719' title='bbox 1368 5120 1448 5172; x_wconf 86' lang='lat' dir='ltr'><strong>ibi</strong></span> <span class='ocrx_word' id='word_1_720' title='bbox 1461 5120 1679 5173; x_wconf 84' lang='lat' dir='ltr'><strong>libertas</strong></span> <span class='ocrx_word' id='word_1_721' title='bbox 1710 5120 1805 5189; x_wconf 90' lang='lat' dir='ltr'><strong>(II</strong></span> <span class='ocrx_word' id='word_1_722' title='bbox 1824 5120 1943 5175; x_wconf 89' lang='lat' dir='ltr'><strong>Cor.</strong></span> 
     </span>
    </p>
   </div>
   <div class='ocr_carea' id='block_1_99' title="bbox 230 5206 1949 5277">
    <p class='ocr_par' dir='ltr' id='par_1_99' title="bbox 230 5206 1949 5277">
     <span class='ocr_line' id='line_1_99' title="bbox 230 5206 1949 5277; baseline 0.002 -19"><span class='ocrx_word' id='word_1_723' title='bbox 230 5223 313 5273; x_wconf 78' lang='lat' dir='ltr'><strong>tu,</strong></span> <span class='ocrx_word' id='word_1_724' title='bbox 358 5206 470 5273; x_wconf 75' lang='lat' dir='ltr'><strong>l7).</strong></span> <span class='ocrx_word' id='word_1_725' title='bbox 506 5206 680 5274; x_wconf 89' lang='lat' dir='ltr'><strong>Cujus</strong></span> <span class='ocrx_word' id='word_1_726' title='bbox 725 5207 993 5261; x_wconf 86' lang='lat' dir='ltr'><strong>Domini?</strong></span> <span class='ocrx_word' id='word_1_727' title='bbox 1033 5207 1315 5261; x_wconf 81' lang='lat' dir='ltr'><strong>Nimirum</strong></span> <span class='ocrx_word' id='word_1_728' title='bbox 1356 5207 1509 5260; x_wconf 90' lang='lat' dir='ltr'><strong>illius</strong></span> <span class='ocrx_word' id='word_1_729' title='bbox 1561 5207 1616 5260; x_wconf 89' lang='lat' dir='ltr'><strong>in</strong></span> <span class='ocrx_word' id='word_1_730' title='bbox 1650 5224 1764 5277; x_wconf 87' lang='lat' dir='ltr'><strong>quo</strong></span> <span class='ocrx_word' id='word_1_731' title='bbox 1807 5208 1949 5261; x_wconf 86' lang='lat' dir='ltr'><strong>vela-</strong></span> 
     </span>
    </p>
   </div>
   <div class='ocr_carea' id='block_1_100' title="bbox 230 5290 1948 5366">
    <p class='ocr_par' dir='ltr' id='par_1_100' title="bbox 230 5290 1948 5366">
     <span class='ocr_line' id='line_1_100' title="bbox 230 5290 1948 5366; baseline 0 -17"><span class='ocrx_word' id='word_1_732' title='bbox 230 5311 374 5349; x_wconf 85' lang='lat' dir='ltr'><strong>men</strong></span> <span class='ocrx_word' id='word_1_733' title='bbox 431 5293 712 5359; x_wconf 79' lang='lat' dir='ltr'><strong>aufertur,</strong></span> <span class='ocrx_word' id='word_1_734' title='bbox 755 5296 904 5366; x_wconf 87' lang='lat' dir='ltr'><strong>quod</strong></span> <span class='ocrx_word' id='word_1_735' title='bbox 950 5290 1014 5349; x_wconf 85' lang='lat' dir='ltr'><strong>in</strong></span> <span class='ocrx_word' id='word_1_736' title='bbox 1060 5295 1303 5349; x_wconf 89' lang='lat' dir='ltr'><strong>lectione</strong></span> <span class='ocrx_word' id='word_1_737' title='bbox 1348 5295 1564 5350; x_wconf 80' lang='lat' dir='ltr'><strong>Veteris</strong></span> <span class='ocrx_word' id='word_1_738' title='bbox 1603 5296 1948 5350; x_wconf 84' lang='lat' dir='ltr'><strong>Testamenti</strong></span> 
     </span>
    </p>
   </div>
   <div class='ocr_carea' id='block_1_101' title="bbox 229 5383 1950 5454">
    <p class='ocr_par' dir='ltr' id='par_1_101' title="bbox 229 5383 1950 5454">
     <span class='ocr_line' id='line_1_101' title="bbox 229 5383 1950 5454; baseline 0 -17"><span class='ocrx_word' id='word_1_739' title='bbox 229 5400 369 5437; x_wconf 90' lang='lat' dir='ltr'><strong>cum</strong></span> <span class='ocrx_word' id='word_1_740' title='bbox 404 5383 619 5452; x_wconf 82' lang='lat' dir='ltr'><strong>legitur</strong></span> <span class='ocrx_word' id='word_1_741' title='bbox 650 5385 889 5454; x_wconf 78' lang='lat' dir='ltr'><strong>Moyses,</strong></span> <span class='ocrx_word' id='word_1_742' title='bbox 930 5389 1124 5438; x_wconf 90' lang='lat' dir='ltr'><strong>manet</strong></span> <span class='ocrx_word' id='word_1_743' title='bbox 1154 5400 1271 5438; x_wconf 92' lang='lat' dir='ltr'><strong>non</strong></span> <span class='ocrx_word' id='word_1_744' title='bbox 1302 5385 1614 5439; x_wconf 86' lang='lat' dir='ltr'><strong>revelatum</strong></span> <span class='ocrx_word' id='word_1_745' title='bbox 1653 5401 1665 5439; x_wconf 90' lang='lat'><strong>:</strong></span> <span class='ocrx_word' id='word_1_746' title='bbox 1706 5384 1950 5438; x_wconf 87' lang='lat' dir='ltr'><strong>remotio</strong></span> 
     </span>
    </p>
   </div>
   <div class='ocr_carea' id='block_1_102' title="bbox 232 5472 1955 5544">
    <p class='ocr_par' dir='ltr' id='par_1_102' title="bbox 232 5472 1955 5544">
     <span class='ocr_line' id='line_1_102' title="bbox 232 5472 1955 5544; baseline 0.001 -20"><span class='ocrx_word' id='word_1_747' title='bbox 232 5490 375 5527; x_wconf 85' lang='lat' dir='ltr'><strong>vero</strong></span> <span class='ocrx_word' id='word_1_748' title='bbox 436 5472 761 5539; x_wconf 83' lang='lat' dir='ltr'><strong>velaminis,</strong></span> <span class='ocrx_word' id='word_1_749' title='bbox 808 5472 1053 5527; x_wconf 88' lang='lat' dir='ltr'><strong>remotio</strong></span> <span class='ocrx_word' id='word_1_750' title='bbox 1099 5473 1383 5527; x_wconf 89' lang='lat' dir='ltr'><strong>servitutis</strong></span> <span class='ocrx_word' id='word_1_751' title='bbox 1434 5478 1537 5540; x_wconf 90' lang='lat' dir='ltr'><strong>est,</strong></span> <span class='ocrx_word' id='word_1_752' title='bbox 1604 5490 1732 5544; x_wconf 70' lang='lat' dir='ltr'><strong>qua:</strong></span> <span class='ocrx_word' id='word_1_753' title='bbox 1779 5473 1955 5526; x_wconf 90' lang='lat' dir='ltr'><strong>conti-</strong></span> 
     </span>
    </p>
   </div>
   <div class='ocr_carea' id='block_1_103' title="bbox 240 5560 1948 5632">
    <p class='ocr_par' dir='ltr' id='par_1_103' title="bbox 240 5560 1948 5632">
     <span class='ocr_line' id='line_1_103' title="bbox 240 5560 1948 5632; baseline -0.001 -17"><span class='ocrx_word' id='word_1_754' title='bbox 240 5567 427 5615; x_wconf 87' lang='lat' dir='ltr'><strong>netur</strong></span> <span class='ocrx_word' id='word_1_755' title='bbox 455 5560 511 5612; x_wconf 92' lang='lat' dir='ltr'><strong>in</strong></span> <span class='ocrx_word' id='word_1_756' title='bbox 548 5560 737 5614; x_wconf 88' lang='lat' dir='ltr'><strong>littera</strong></span> <span class='ocrx_word' id='word_1_757' title='bbox 783 5560 943 5630; x_wconf 83' lang='lat' dir='ltr'><strong>legis,</strong></span> <span class='ocrx_word' id='word_1_758' title='bbox 977 5567 1041 5615; x_wconf 92' lang='lat' dir='ltr'><strong>ut</strong></span> <span class='ocrx_word' id='word_1_759' title='bbox 1071 5560 1172 5615; x_wconf 83' lang='lat' dir='ltr'><strong>fiat</strong></span> <span class='ocrx_word' id='word_1_760' title='bbox 1218 5561 1452 5615; x_wconf 86' lang='lat' dir='ltr'><strong>libertas</strong></span> <span class='ocrx_word' id='word_1_761' title='bbox 1502 5577 1629 5632; x_wconf 67' lang='lat' dir='ltr'><strong>quas</strong></span> <span class='ocrx_word' id='word_1_762' title='bbox 1674 5578 1775 5631; x_wconf 90' lang='lat' dir='ltr'><strong>per</strong></span> <span class='ocrx_word' id='word_1_763' title='bbox 1826 5560 1948 5631; x_wconf 92' lang='lat' dir='ltr'><strong>Spi-</strong></span> 
     </span>
    </p>
   </div>
   <div class='ocr_carea' id='block_1_104' title="bbox 2041 4410 3733 4482">
    <p class='ocr_par' dir='ltr' id='par_1_104' title="bbox 2041 4410 3733 4482">
     <span class='ocr_line' id='line_1_104' title="bbox 2041 4410 3733 4482; baseline -0.001 -17"><span class='ocrx_word' id='word_1_764' title='bbox 2041 4413 2105 4465; x_wconf 87' lang='lat' dir='ltr'><strong>Et</strong></span> <span class='ocrx_word' id='word_1_765' title='bbox 2134 4426 2421 4482; x_wconf 82' lang='lat' dir='ltr'><strong>exponens</strong></span> <span class='ocrx_word' id='word_1_766' title='bbox 2469 4410 2603 4480; x_wconf 89' lang='lat' dir='ltr'><strong>quid</strong></span> <span class='ocrx_word' id='word_1_767' title='bbox 2635 4411 2858 4477; x_wconf 86' lang='lat' dir='ltr'><strong>dixerit,</strong></span> <span class='ocrx_word' id='word_1_768' title='bbox 2907 4410 3115 4480; x_wconf 87' lang='lat' dir='ltr'><strong>adjecit</strong></span> <span class='ocrx_word' id='word_1_769' title='bbox 3150 4427 3161 4464; x_wconf 92' lang='lat'><strong>:</strong></span> <span class='ocrx_word' id='word_1_770' title='bbox 3216 4412 3320 4476; x_wconf 82' lang='lat' dir='ltr'><strong>Qui</strong></span> <span class='ocrx_word' id='word_1_771' title='bbox 3355 4416 3484 4465; x_wconf 84' lang='lat' dir='ltr'><strong>sunt</strong></span> <span class='ocrx_word' id='word_1_772' title='bbox 3530 4416 3733 4480; x_wconf 85' lang='lat' dir='ltr'><strong>septem</strong></span> 
     </span>
    </p>
   </div>
   <div class='ocr_carea' id='block_1_105' title="bbox 2040 4498 3732 4569">
    <p class='ocr_par' dir='ltr' id='par_1_105' title="bbox 2040 4498 3732 4569">
     <span class='ocr_line' id='line_1_105' title="bbox 2040 4498 3732 4569; baseline -0.001 -16"><span class='ocrx_word' id='word_1_773' title='bbox 2040 4502 2267 4569; x_wconf 87' lang='lat' dir='ltr'><strong>spiritus</strong></span> <span class='ocrx_word' id='word_1_774' title='bbox 2303 4501 2393 4552; x_wconf 87' lang='lat' dir='ltr'><strong>Dei</strong></span> <span class='ocrx_word' id='word_1_775' title='bbox 2436 4501 2592 4553; x_wconf 90' lang='lat' dir='ltr'><strong>missi</strong></span> <span class='ocrx_word' id='word_1_776' title='bbox 2615 4502 2673 4552; x_wconf 87' lang='lat' dir='ltr'><strong>in</strong></span> <span class='ocrx_word' id='word_1_777' title='bbox 2703 4515 2905 4553; x_wconf 87' lang='lat' dir='ltr'><strong>omnem</strong></span> <span class='ocrx_word' id='word_1_778' title='bbox 2958 4504 3158 4552; x_wconf 87' lang='lat' dir='ltr'><strong>terram</strong></span> <span class='ocrx_word' id='word_1_779' title='bbox 3214 4498 3440 4567; x_wconf 82' lang='lat' dir='ltr'><strong>(Ibid.).</strong></span> <span class='ocrx_word' id='word_1_780' title='bbox 3505 4502 3732 4569; x_wconf 82' lang='lat' dir='ltr'><strong>Agnum</strong></span> 
     </span>
    </p>
   </div>
   <div class='ocr_carea' id='block_1_106' title="bbox 2044 4587 3737 4659">
    <p class='ocr_par' dir='ltr' id='par_1_106' title="bbox 2044 4587 3737 4659">
     <span class='ocr_line' id='line_1_106' title="bbox 2044 4587 3737 4659; baseline 0 -18"><span class='ocrx_word' id='word_1_781' title='bbox 2044 4589 2292 4641; x_wconf 89' lang='lat' dir='ltr'><strong>occisum</strong></span> <span class='ocrx_word' id='word_1_782' title='bbox 2350 4604 2536 4654; x_wconf 81' lang='lat' dir='ltr'><strong>nemo,</strong></span> <span class='ocrx_word' id='word_1_783' title='bbox 2596 4595 2752 4656; x_wconf 90' lang='lat' dir='ltr'><strong>puto,</strong></span> <span class='ocrx_word' id='word_1_784' title='bbox 2811 4588 3042 4658; x_wconf 87' lang='lat' dir='ltr'><strong>negabit</strong></span> <span class='ocrx_word' id='word_1_785' title='bbox 3100 4588 3410 4641; x_wconf 88' lang='lat' dir='ltr'><strong>catholicus</strong></span> <span class='ocrx_word' id='word_1_786' title='bbox 3490 4587 3737 4659; x_wconf 86' lang='lat' dir='ltr'><strong>intelligi</strong></span> 
     </span>
    </p>
   </div>
   <div class='ocr_carea' id='block_1_107' title="bbox 2046 4675 3740 4745">
    <p class='ocr_par' dir='ltr' id='par_1_107' title="bbox 2046 4675 3740 4745">
     <span class='ocr_line' id='line_1_107' title="bbox 2046 4675 3740 4745; baseline 0 -15"><span class='ocrx_word' id='word_1_787' title='bbox 2046 4676 2332 4730; x_wconf 87' lang='lat' dir='ltr'><strong>Christum</strong></span> <span class='ocrx_word' id='word_1_788' title='bbox 2386 4675 2593 4727; x_wconf 84' lang='lat' dir='ltr'><strong>debere</strong></span> <span class='ocrx_word' id='word_1_789' title='bbox 2626 4692 2636 4729; x_wconf 92' lang='lat'><strong>:</strong></span> <span class='ocrx_word' id='word_1_790' title='bbox 2669 4677 2735 4729; x_wconf 91' lang='lat' dir='ltr'><strong>de</strong></span> <span class='ocrx_word' id='word_1_791' title='bbox 2787 4693 2899 4745; x_wconf 82' lang='lat' dir='ltr'><strong>quo</strong></span> <span class='ocrx_word' id='word_1_792' title='bbox 2957 4677 3205 4745; x_wconf 78' lang='lat' dir='ltr'><strong>Baptista</strong></span> <span class='ocrx_word' id='word_1_793' title='bbox 3258 4677 3552 4731; x_wconf 84' lang='lat' dir='ltr'><strong>Joannes:</strong></span> <span class='ocrx_word' id='word_1_794' title='bbox 3606 4681 3740 4732; x_wconf 89' lang='lat' dir='ltr'><strong>Ecce</strong></span> 
     </span>
    </p>
   </div>
   <div class='ocr_carea' id='block_1_108' title="bbox 2047 4765 3733 4834">
    <p class='ocr_par' dir='ltr' id='par_1_108' title="bbox 2047 4765 3733 4834">
     <span class='ocr_line' id='line_1_108' title="bbox 2047 4765 3733 4834; baseline -0.002 -15"><span class='ocrx_word' id='word_1_795' title='bbox 2047 4780 2217 4833; x_wconf 87' lang='lat' dir='ltr'><strong>agnus</strong></span> <span class='ocrx_word' id='word_1_796' title='bbox 2254 4765 2375 4828; x_wconf 88' lang='lat' dir='ltr'><strong>Dei,</strong></span> <span class='ocrx_word' id='word_1_797' title='bbox 2407 4780 2519 4817; x_wconf 83' lang='lat' dir='ltr'><strong>ecce</strong></span> <span class='ocrx_word' id='word_1_798' title='bbox 2552 4766 2649 4833; x_wconf 88' lang='lat' dir='ltr'><strong>qui</strong></span> <span class='ocrx_word' id='word_1_799' title='bbox 2682 4766 2820 4818; x_wconf 88' lang='lat' dir='ltr'><strong>tollit</strong></span> <span class='ocrx_word' id='word_1_800' title='bbox 2849 4770 3072 4833; x_wconf 85' lang='lat' dir='ltr'><strong>peccata</strong></span> <span class='ocrx_word' id='word_1_801' title='bbox 3101 4765 3292 4818; x_wconf 79' lang='lat' dir='ltr'><strong>mundi</strong></span> <span class='ocrx_word' id='word_1_802' title='bbox 3327 4768 3503 4831; x_wconf 84' lang='lat' dir='ltr'><strong>(Joan.</strong></span> <span class='ocrx_word' id='word_1_803' title='bbox 3554 4783 3591 4833; x_wconf 81' lang='grc' dir='ltr'><strong>ι,</strong></span> <span class='ocrx_word' id='word_1_804' title='bbox 3626 4768 3733 4834; x_wconf 77' lang='lat'><strong>29).</strong></span> 
     </span>
    </p>
   </div>
   <div class='ocr_carea' id='block_1_109' title="bbox 2050 4854 3735 4926">
    <p class='ocr_par' dir='ltr' id='par_1_109' title="bbox 2050 4854 3735 4926">
     <span class='ocr_line' id='line_1_109' title="bbox 2050 4854 3735 4926; baseline -0.002 -16"><span class='ocrx_word' id='word_1_805' title='bbox 2050 4857 2149 4910; x_wconf 83' lang='lat' dir='ltr'><strong>Hic</strong></span> <span class='ocrx_word' id='word_1_806' title='bbox 2180 4871 2362 4926; x_wconf 90' lang='lat' dir='ltr'><strong>agnus</strong></span> <span class='ocrx_word' id='word_1_807' title='bbox 2392 4854 2489 4908; x_wconf 91' lang='lat' dir='ltr'><strong>Dei</strong></span> <span class='ocrx_word' id='word_1_808' title='bbox 2522 4854 2851 4907; x_wconf 88' lang='lat' dir='ltr'><strong>immolatus</strong></span> <span class='ocrx_word' id='word_1_809' title='bbox 2877 4859 2961 4907; x_wconf 90' lang='lat' dir='ltr'><strong>est</strong></span> <span class='ocrx_word' id='word_1_810' title='bbox 2987 4861 3224 4925; x_wconf 86' lang='lat' dir='ltr'><strong>propter</strong></span> <span class='ocrx_word' id='word_1_811' title='bbox 3255 4862 3486 4923; x_wconf 87' lang='lat' dir='ltr'><strong>peccata</strong></span> <span class='ocrx_word' id='word_1_812' title='bbox 3516 4854 3735 4915; x_wconf 89' lang='lat' dir='ltr'><strong>mundi,</strong></span> 
     </span>
    </p>
   </div>
   <div class='ocr_carea' id='block_1_110' title="bbox 2050 4942 3739 5013">
    <p class='ocr_par' dir='ltr' id='par_1_110' title="bbox 2050 4942 3739 5013">
     <span class='ocr_line' id='line_1_110' title="bbox 2050 4942 3739 5013; baseline -0.003 -16"><span class='ocrx_word' id='word_1_813' title='bbox 2050 4947 2108 4997; x_wconf 89' lang='lat' dir='ltr'><strong>et</strong></span> <span class='ocrx_word' id='word_1_814' title='bbox 2169 4944 2475 4997; x_wconf 83' lang='lat' dir='ltr'><strong>resurrexit</strong></span> <span class='ocrx_word' id='word_1_815' title='bbox 2524 4948 2760 5013; x_wconf 89' lang='lat' dir='ltr'><strong>propter</strong></span> <span class='ocrx_word' id='word_1_816' title='bbox 2834 4942 3302 5013; x_wconf 88' lang='lat' dir='ltr'><strong>justiticationem</strong></span> <span class='ocrx_word' id='word_1_817' title='bbox 3362 4943 3582 4996; x_wconf 91' lang='lat' dir='ltr'><strong>mundi.</strong></span> <span class='ocrx_word' id='word_1_818' title='bbox 3644 4943 3739 4994; x_wconf 85' lang='lat' dir='ltr'><strong>Hie</strong></span> 
     </span>
    </p>
   </div>
   <div class='ocr_carea' id='block_1_111' title="bbox 2053 5031 3741 5101">
    <p class='ocr_par' dir='ltr' id='par_1_111' title="bbox 2053 5031 3741 5101">
     <span class='ocr_line' id='line_1_111' title="bbox 2053 5031 3741 5101; baseline -0.002 -18"><span class='ocrx_word' id='word_1_819' title='bbox 2053 5046 2235 5100; x_wconf 88' lang='lat' dir='ltr'><strong>agnus</strong></span> <span class='ocrx_word' id='word_1_820' title='bbox 2275 5031 2483 5084; x_wconf 87' lang='lat' dir='ltr'><strong>habere</strong></span> <span class='ocrx_word' id='word_1_821' title='bbox 2515 5031 2723 5083; x_wconf 89' lang='lat' dir='ltr'><strong>dicitur</strong></span> <span class='ocrx_word' id='word_1_822' title='bbox 2766 5032 2958 5084; x_wconf 89' lang='lat' dir='ltr'><strong>oculos</strong></span> <span class='ocrx_word' id='word_1_823' title='bbox 2992 5036 3235 5101; x_wconf 86' lang='lat' dir='ltr'><strong>septem,</strong></span> <span class='ocrx_word' id='word_1_824' title='bbox 3287 5031 3493 5101; x_wconf 89' lang='lat' dir='ltr'><strong>quibus</strong></span> <span class='ocrx_word' id='word_1_825' title='bbox 3525 5034 3741 5098; x_wconf 79' lang='lat' dir='ltr'><strong>septem</strong></span> 
     </span>
    </p>
   </div>
   <div class='ocr_carea' id='block_1_112' title="bbox 2058 5119 3741 5189">
    <p class='ocr_par' dir='ltr' id='par_1_112' title="bbox 2058 5119 3741 5189">
     <span class='ocr_line' id='line_1_112' title="bbox 2058 5119 3741 5189; baseline -0.002 -17"><span class='ocrx_word' id='word_1_826' title='bbox 2058 5120 2156 5173; x_wconf 89' lang='lat' dir='ltr'><strong>Dei</strong></span> <span class='ocrx_word' id='word_1_827' title='bbox 2212 5119 2469 5189; x_wconf 88' lang='lat' dir='ltr'><strong>spiritus,</strong></span> <span class='ocrx_word' id='word_1_828' title='bbox 2543 5120 2760 5173; x_wconf 86' lang='lat' dir='ltr'><strong>Joanne</strong></span> <span class='ocrx_word' id='word_1_829' title='bbox 2818 5120 3079 5185; x_wconf 82' lang='lat' dir='ltr'><strong>docente,</strong></span> <span class='ocrx_word' id='word_1_830' title='bbox 3130 5120 3568 5189; x_wconf 83' lang='lat' dir='ltr'><strong>signiﬁcantur:</strong></span> <span class='ocrx_word' id='word_1_831' title='bbox 3627 5133 3741 5169; x_wconf 91' lang='lat' dir='ltr'><strong>non</strong></span> 
     </span>
    </p>
   </div>
   <div class='ocr_carea' id='block_1_113' title="bbox 2057 5207 3745 5277">
    <p class='ocr_par' dir='ltr' id='par_1_113' title="bbox 2057 5207 3745 5277">
     <span class='ocr_line' id='line_1_113' title="bbox 2057 5207 3745 5277; baseline -0.001 -17"><span class='ocrx_word' id='word_1_832' title='bbox 2057 5207 2189 5277; x_wconf 90' lang='lat' dir='ltr'><strong>quia</strong></span> <span class='ocrx_word' id='word_1_833' title='bbox 2223 5214 2442 5277; x_wconf 89' lang='lat' dir='ltr'><strong>septem</strong></span> <span class='ocrx_word' id='word_1_834' title='bbox 2492 5207 2606 5260; x_wconf 85' lang='lat' dir='ltr'><strong>sint</strong></span> <span class='ocrx_word' id='word_1_835' title='bbox 2651 5223 3029 5276; x_wconf 85' lang='lat' dir='ltr'><strong>personarum</strong></span> <span class='ocrx_word' id='word_1_836' title='bbox 3088 5207 3569 5271; x_wconf 83' lang='lat' dir='ltr'><strong>enumerationes,</strong></span> <span class='ocrx_word' id='word_1_837' title='bbox 3616 5221 3745 5259; x_wconf 82' lang='lat' dir='ltr'><strong>eum</strong></span> 
     </span>
    </p>
   </div>
   <div class='ocr_carea' id='block_1_114' title="bbox 2058 5293 3752 5365">
    <p class='ocr_par' dir='ltr' id='par_1_114' title="bbox 2058 5293 3752 5365">
     <span class='ocr_line' id='line_1_114' title="bbox 2058 5293 3752 5365; baseline 0 -17"><span class='ocrx_word' id='word_1_838' title='bbox 2058 5296 2130 5349; x_wconf 85' lang='lat' dir='ltr'><strong>sit</strong></span> <span class='ocrx_word' id='word_1_839' title='bbox 2168 5312 2315 5349; x_wconf 91' lang='lat' dir='ltr'><strong>unus</strong></span> <span class='ocrx_word' id='word_1_840' title='bbox 2348 5295 2595 5365; x_wconf 87' lang='lat' dir='ltr'><strong>Spiritus</strong></span> <span class='ocrx_word' id='word_1_841' title='bbox 2638 5301 2867 5350; x_wconf 89' lang='lat' dir='ltr'><strong>sanctus</strong></span> <span class='ocrx_word' id='word_1_842' title='bbox 2906 5297 2965 5349; x_wconf 92' lang='lat' dir='ltr'><strong>in</strong></span> <span class='ocrx_word' id='word_1_843' title='bbox 3007 5303 3215 5351; x_wconf 70' lang='lat' dir='ltr'><strong>sancta:</strong></span> <span class='ocrx_word' id='word_1_844' title='bbox 3252 5293 3544 5348; x_wconf 86' lang='lat' dir='ltr'><strong>Trinitatis</strong></span> <span class='ocrx_word' id='word_1_845' title='bbox 3587 5310 3752 5348; x_wconf 86' lang='lat' dir='ltr'><strong>com-</strong></span> 
     </span>
    </p>
   </div>
   <div class='ocr_carea' id='block_1_115' title="bbox 2060 5384 3754 5455">
    <p class='ocr_par' dir='ltr' id='par_1_115' title="bbox 2060 5384 3754 5455">
     <span class='ocr_line' id='line_1_115' title="bbox 2060 5384 3754 5455; baseline 0 -18"><span class='ocrx_word' id='word_1_846' title='bbox 2060 5384 2478 5455; x_wconf 90' lang='lat' dir='ltr'><strong>prehensione:</strong></span> <span class='ocrx_word' id='word_1_847' title='bbox 2520 5388 2739 5453; x_wconf 86' lang='lat' dir='ltr'><strong>septem</strong></span> <span class='ocrx_word' id='word_1_848' title='bbox 2800 5390 2991 5438; x_wconf 87' lang='lat' dir='ltr'><strong>autem</strong></span> <span class='ocrx_word' id='word_1_849' title='bbox 3041 5385 3330 5447; x_wconf 89' lang='lat' dir='ltr'><strong>dicuntur,</strong></span> <span class='ocrx_word' id='word_1_850' title='bbox 3380 5387 3619 5452; x_wconf 88' lang='lat' dir='ltr'><strong>propter</strong></span> <span class='ocrx_word' id='word_1_851' title='bbox 3665 5400 3754 5437; x_wconf 85' lang='lat' dir='ltr'><strong>se-</strong></span> 
     </span>
    </p>
   </div>
   <div class='ocr_carea' id='block_1_116' title="bbox 2061 5472 3756 5543">
    <p class='ocr_par' dir='ltr' id='par_1_116' title="bbox 2061 5472 3756 5543">
     <span class='ocr_line' id='line_1_116' title="bbox 2061 5472 3756 5543; baseline 0.001 -17"><span class='ocrx_word' id='word_1_852' title='bbox 2061 5473 2381 5543; x_wconf 83' lang='lat' dir='ltr'><strong>ptenariam</strong></span> <span class='ocrx_word' id='word_1_853' title='bbox 2408 5472 2694 5527; x_wconf 89' lang='lat' dir='ltr'><strong>donorum</strong></span> <span class='ocrx_word' id='word_1_854' title='bbox 2726 5472 3216 5537; x_wconf 89' lang='lat' dir='ltr'><strong>distributionem;</strong></span> <span class='ocrx_word' id='word_1_855' title='bbox 3247 5486 3381 5524; x_wconf 86' lang='lat' dir='ltr'><strong>nam</strong></span> <span class='ocrx_word' id='word_1_856' title='bbox 3419 5472 3756 5527; x_wconf 87' lang='lat' dir='ltr'><strong>substantia-</strong></span> 
     </span>
    </p>
   </div>
   <div class='ocr_carea' id='block_1_117' title="bbox 2063 5560 3757 5632">
    <p class='ocr_par' dir='ltr' id='par_1_117' title="bbox 2063 5560 3757 5632">
     <span class='ocr_line' id='line_1_117' title="bbox 2063 5560 3757 5632; baseline 0.001 -19"><span class='ocrx_word' id='word_1_857' title='bbox 2063 5560 2193 5615; x_wconf 90' lang='lat' dir='ltr'><strong>liter</strong></span> <span class='ocrx_word' id='word_1_858' title='bbox 2225 5577 2370 5615; x_wconf 90' lang='lat' dir='ltr'><strong>unus</strong></span> <span class='ocrx_word' id='word_1_859' title='bbox 2396 5566 2495 5616; x_wconf 88' lang='lat' dir='ltr'><strong>est.</strong></span> <span class='ocrx_word' id='word_1_860' title='bbox 2546 5561 2694 5632; x_wconf 87' lang='lat' dir='ltr'><strong>Ergo</strong></span> <span class='ocrx_word' id='word_1_861' title='bbox 2750 5560 3134 5625; x_wconf 86' lang='lat' dir='ltr'><strong>manifestum,</strong></span> <span class='ocrx_word' id='word_1_862' title='bbox 3186 5574 3317 5613; x_wconf 87' lang='lat' dir='ltr'><strong>cum</strong></span> <span class='ocrx_word' id='word_1_863' title='bbox 3364 5560 3499 5615; x_wconf 72' lang='lat' dir='ltr'><strong>dicit</strong></span> <span class='ocrx_word' id='word_1_864' title='bbox 3564 5564 3757 5615; x_wconf 86' lang='lat' dir='ltr'><strong>oculos</strong></span> 
     </span>
    </p>
   </div>
  </div>
