4148 6180
454 290 562 347 239

1606 286 1960 342 RATllAMNl
1999 285 2456 342 CORBEIENSIS
2495 284 2800 341 MONACHI

3848 286 3955 339 240

456 445 668 499 agnum
702 425 909 480 habere
949 425 1189 490 septem,
1222 418 1372 489 quod
1418 418 1701 472 Christum
1746 419 1990 471 fateatur
2040 418 2138 469 ha-
2180 422 2223 469 Α
2331 417 2397 469 Et
2454 415 2845 486 Apocalypsis,
2892 419 3191 486 postquam
3250 413 3392 469 dixit
3448 419 3669 485 septem
3712 415 3955 485 spiritus

454 519 589 571 bere
616 512 890 585 Spiritum
939 512 1218 570 sanctum,
1290 522 1406 559 non
1455 505 1615 576 quasi
1660 505 1981 557 membrum
2038 504 2142 556 ali-

455 605 626 675 quod,
663 602 748 654 vel
788 605 1002 671 partem
1040 594 1298 665 corporis
1343 595 1615 663 aliquam,
1679 594 1777 646 sed
1821 594 1967 662 quod
2002 593 2143 646 sub-

454 691 788 746 stantialiter
840 688 897 740 in
936 687 1060 757 ipso
1109 685 1201 751 sit,
1265 700 1295 737 a
1348 700 1460 753 quo
1492 682 1916 735 subtantialitcr
1968 681 2141 735 etiam

450 778 722 851 procedit.
758 777 821 830 In
848 776 971 845 ipso
1004 777 1195 826 autem
1244 771 1487 825 dicimus
1518 788 1658 834 esse,
1717 787 1829 823 nou
1878 771 2031 823 velut
2083 769 2140 822 in

448 867 596 933 loco,
632 882 733 919 nec
769 865 925 916 velut
955 862 1013 914 in
1046 860 1337 930 subjecto;
1389 875 1504 911 non
1552 860 1705 910 enim
1751 858 2076 910 continetur
2110 872 2143 909 a

453 957 697 1019 Christo,
731 952 893 1024 quasi
935 952 1125 1004 minor
1158 949 1230 1001 sit
1271 948 1514 1015 Christo,
1561 947 1712 1017 quod
1768 948 1911 999 solet
1970 947 2142 999 rebus

451 1045 784 1113 contingere
813 1056 941 1111 quae
970 1040 1106 1092 locis
1139 1038 1538 1102 continentur;
1576 1036 1794 1104 majora
1819 1040 1951 1088 sunt
1987 1034 2139 1087 enim

454 1150 582 1203 quas
651 1131 943 1184 continent
998 1128 1079 1180 eis
1135 1142 1262 1195 qua:
1331 1126 1737 1178 continentur:
1786 1140 1899 1176 non
1987 1124 2140 1176 enim

455 1225 532 1275 sic
603 1221 846 1274 dicimus
900 1232 1021 1270 esse
1085 1215 1358 1284 Spiritum
1428 1219 1688 1266 sanctum
1768 1212 1827 1265 in
1896 1212 2137 1277 Christo,

456 1310 725 1380 quoniam
753 1305 987 1377 aequalis
1026 1309 1127 1368 est,
1173 1320 1286 1356 non
1326 1302 1534 1355 minor.
1569 1302 1673 1354 Sed
1719 1318 1903 1371 neque
1936 1302 2014 1353 sic
2053 1300 2139 1353 di-

453 1398 599 1452 citur
629 1397 790 1467 quasi
827 1397 883 1447 in
909 1392 1193 1461 subjecto;
1222 1408 1336 1444 non
1369 1391 1520 1444 enim
1557 1394 1640 1443 est
1670 1390 1952 1449 accidens.
1987 1390 2137 1460 quod

456 1490 575 1541 sine
607 1486 693 1539 sui
738 1483 992 1553 subjecto
1054 1498 1165 1535 non
1228 1480 1404 1550 possit
1455 1479 1738 1533 existere:
1798 1480 1891 1531 sed
1943 1484 2027 1531 est
2080 1479 2140 1531 in

451 1577 676 1629 Christo
737 1574 880 1626 sicut
935 1569 1459 1633 consubstantialis;
1526 1568 1669 1620 sicut
1728 1568 1785 1620 in
1837 1568 2139 1637 splendore

452 1664 601 1735 ignis
630 1662 887 1716 videmus
912 1660 1096 1713 inesse
1128 1659 1375 1711 calorem
1406 1673 1417 1710 :
1464 1656 1615 1725 ignis
1654 1656 1807 1709 enim
1855 1662 1913 1709 et
1950 1658 2137 1725 splen-

450 1754 545 1806 det
606 1757 661 1805 et
698 1753 861 1814 calet,
905 1744 1508 1817 quomodoilluminat
1531 1749 1586 1797 et
1617 1742 1889 1797 accendit.

520 1840 704 1893 Habes
736 1839 906 1890 etiam
936 1836 991 1888 in
1024 1834 1288 1889 Zacharia
1323 1833 1598 1903 propheta
1626 1850 1638 1886 :
1664 1834 1807 1885 Ecce
1854 1834 1993 1885 enim
2035 1834 2139 1885 ad-

449 1930 641 1983 ducam
671 1943 881 1980 servum
911 1940 1084 1977 meum
1130 1926 1385 1977 orientem
1418 1939 1428 1975 :
1465 1924 1595 1989 quia
1651 1938 1762 1974 ecce
1795 1924 1938 1991 lapis
1987 1937 2142 1990 quem

449 2019 598 2071 dedit
631 2031 809 2069 coram
860 2018 1013 2077 Jesu;
1069 2027 1231 2078 super
1263 2010 1501 2078 lapidem
1548 2025 1713 2061 unum
1752 2015 1950 2076 septem
2000 2011 2142 2062 oculi

448 2110 573 2159 sunt
607 2103 789 2165 (Zach.
825 2118 902 2167 ιιι,
938 2104 1023 2164 8);
1067 2106 1120 2151 et
1162 2099 1313 2151 infra
1346 2115 1357 2150 :
1413 2099 1620 2165 Septem
1672 2100 1767 2150 isti
1804 2100 1945 2151 oculi
2014 2105 2141 2151 sunt

453 2193 694 2251 Domini,
731 2192 828 2257 qui
878 2189 1195 2241 discurrunt
1226 2189 1281 2239 in
1326 2188 1632 2238 universam
1682 2191 1884 2239 terram
1950 2189 2133 2253 (Zach.

451 2298 522 2347 iv,
560 2281 662 2347 10).
710 2279 874 2348 Lapis
931 2278 1035 2329 iste
1094 2276 1347 2330 Salvator
1390 2280 1492 2337 est,
1556 2274 1624 2328 de
1677 2291 1789 2344 quo
1840 2276 2138 2328 Psalmista

450 2369 747 2438 loquitur:
806 2366 1064 2435 Lapidem
1117 2364 1725 2433 quemreprobaverunt
1778 2364 2134 2433 aediﬁcantes,

449 2459 533 2510 hic
561 2460 741 2522 factus
770 2460 847 2508 est
868 2457 925 2507 in
958 2458 1120 2521 caput
1167 2453 1357 2519 anguli
1398 2454 1563 2511 (Psal.
1610 2468 1770 2515 cxvu,
1806 2454 1917 2519 2‘2).
1956 2452 2135 2515 Quem

448 2546 621 2598 etiam
651 2559 875 2597 servum
899 2559 1064 2594 suum
1116 2540 1397 2594 orientem
1430 2541 1576 2593 Deus
1627 2542 1791 2592 Pater
1839 2541 2084 2609 appellat
2120 2559 2129 2595 :

444 2649 669 2686 servum
716 2637 949 2701 propter
1004 2629 1256 2683 hominis
1307 2628 1755 2697 susceptionem;
1824 2630 2130 2693 orientem,

447 2723 580 2793 quia
611 2722 733 2791 ipse
771 2726 853 2772 cst
883 2720 961 2771 sol
996 2718 1254 2788 justititB.
1311 2718 1376 2769 Et
1432 2733 1602 2785 super
1658 2717 1835 2769 istum
1887 2716 2134 2786 lapidem

445 2812 635 2865 oculos
668 2809 941 2863 dicitesse
991 2814 1205 2877 septem
1237 2806 1465 2858 Domini
1496 2806 1878 2858 discurrentes
1910 2806 1967 2858 in
2008 2806 2131 2859 uni-

447 2915 663 2952 versam
703 2903 933 2950 terram.
970 2896 1029 2948 In
1080 2896 1259 2947 oculis
1300 2894 1577 2964 Spiritum
1628 2898 1886 2947 sanctum
1929 2895 2135 2948 intelli-

2256 504 2355 557 l)ei
2411 510 2628 574 septem
2678 521 2800 557 esse
2840 505 3035 557 oculos
3083 503 3234 574 agni,
3269 504 3608 573 subjunxit:
3670 505 3838 557 Missi
3895 507 3957 557 in

2252 609 2456 647 omnem
2524 599 2724 647 terram
2784 592 2970 663 (Apoc.
3034 610 3085 657 v,
3135 594 3206 662 6).
3262 594 3424 657 Quod
3486 594 3784 647 Zacharias
3848 593 3953 653 ait,

2252 681 2636 746 discurrentes,
2670 683 3038 737 hocJoannes
3082 683 3139 735 in
3164 681 3498 751 Apocalypsi
3540 682 3699 745 dicit,
3725 684 3955 746 missos;

2255 770 2539 823 missionis
2588 770 2861 823 vocabulo
2904 771 3322 839 processionem
3366 770 3663 823 insinuans
3704 770 3958 838 Spiritus

2251 859 2452 922 sancti,
2484 858 2583 928 qui
2628 859 2768 912 dum
2817 859 3269 912 substantialiter
3320 859 3393 911 sit
3423 858 3481 911 in
3532 857 3779 923 Christo,
3833 874 3956 911 non

2250 946 2534 1007 discurrit,
2576 948 2663 999 vel
2698 946 2962 1011 mittitur,
3008 948 3116 999 nisi
3144 947 3414 1017 procedat
3454 964 3484 999 a
3530 946 3780 1011 Christo,
3833 962 3957 999 non

2250 1035 2518 1099 localiter,
2553 1035 2647 1087 sed
2706 1034 3169 1089 substantialiter.
3208 1036 3275 1089 Ut
3304 1036 3458 1089 enim
3507 1036 3598 1101 sit,
3632 1035 3875 1105 suscipit
3897 1042 3955 1087 et

2250 1140 2282 1176 ει
2314 1125 2476 1177 Patre
2508 1124 2722 1194 pariter
2772 1130 2827 1176 et
2876 1140 2906 1175 a
2948 1123 3120 1188 Filio;
3162 1122 3309 1175 sicut
3361 1124 3532 1176 Filius
3566 1124 3956 1177 essentialiter

2252 1218 2314 1265 ut
2342 1213 2414 1265 sit
2445 1212 2662 1281 accepit
2693 1228 2726 1264 a
2757 1214 2941 1265 Patre.
2977 1212 3082 1265 Sed
3110 1229 3225 1265 non
3258 1212 3529 1265 recurrrit
3558 1212 3953 1265 convertibili-

2252 1306 2356 1366 ter,
2391 1307 2453 1354 ut
2501 1302 2634 1371 quia
2663 1300 2911 1370 Spiritus
2948 1308 3176 1353 sanctus
3206 1301 3273 1354 de
3324 1301 3464 1353 Filio
3492 1301 3706 1371 pariter
3753 1317 3958 1371 proce-

2249 1389 2331 1442 dit
2379 1395 2433 1442 et
2472 1391 2656 1455 Patre,
2701 1390 2871 1442 Filius
2929 1406 3158 1459 quoque
3213 1395 3479 1443 nascatur
3512 1391 3725 1458 pariter
3769 1395 3827 1443 et
3878 1390 3950 1443 de

2252 1479 2416 1531 Patre
2462 1485 2518 1531 et
2549 1479 2617 1533 de
2677 1478 2893 1547 Spiritu
2926 1485 3149 1543 sancto;
3201 1479 3468 1532 nativitas
3522 1480 3674 1532 enim
3720 1484 3955 1532 tantum

2250 1584 2315 1619 ex
2347 1568 2507 1620 Patre
2546 1573 2648 1630 est,
2700 1567 2769 1618 ab
2812 1572 3054 1637 utroque
3108 1583 3239 1620 vero
3293 1567 3601 1636 processio,
3656 1566 3713 1620 id
3768 1572 3857 1619 est
3916 1584 3949 1620 a

2256 1656 2415 1708 Patre
2474 1656 2642 1708 simul
2690 1661 2743 1707 et
2793 1656 2951 1708 Filio.
3019 1656 3209 1709 Missos
3258 1672 3389 1708 vero
3449 1663 3668 1724 septem
3701 1655 3951 1724 Spiritus

2182 1718 2221 1771 Β
2258 1744 2355 1796 Dei
2409 1745 2494 1796 vel
2549 1744 2911 1813 Apocalypsis
2956 1744 3012 1796 in
3045 1761 3276 1797 omnem
3307 1751 3516 1798 terrain
3546 1745 3701 1809 dicit,
3738 1744 3825 1796 vel
3865 1761 3949 1797 se-

2253 1838 2405 1900 ptem
2428 1833 2618 1885 oculos
2640 1833 2863 1885 Domini
2890 1833 3270 1885 discurrentes
3291 1834 3348 1885 in
3372 1832 3697 1885 universam
3732 1837 3950 1885 terram

2250 1920 2561 1987 Zacharias,
2600 1927 2835 1990 propter
2869 1921 3018 1974 dona
3052 1922 3296 1992 Sipritus
3342 1921 3520 1974 sancti
3562 1920 3947 1991 septiformia,

2252 2025 2351 2077 per
2379 2011 2684 2080 apostolos,
2719 2011 3226 2080 apostolorumque
3254 2026 3630 2073 successores,
3658 2010 3716 2062 in
3741 2026 3949 2063 omnes

2246 2098 2449 2152 diffusa
2486 2104 2704 2167 gentes,
2742 2099 2949 2168 quibus
2977 2100 3403 2153 sanctiticantur
3449 2099 3649 2152 fideles
3710 2100 3954 2152 creden-

2249 2192 2333 2239 tes
2364 2186 2422 2239 in
2454 2187 2759 2253 Christum,
2807 2191 2864 2240 et
2908 2203 3142 2240 suorum
3186 2188 3565 2257 percipientes
3605 2187 3950 2241 delictorum

2247 2275 2735 2328 emundationem.

2316 2364 2507 2432 Ipsum
2555 2380 2784 2434 quoque
2837 2364 3109 2434 Spiritum
3164 2370 3443 2430 sanctum,
3502 2363 3777 2434 Spiritum
3822 2380 3948 2417 esse

2246 2452 2448 2504 Christi
2494 2452 2739 2522 signavit
2786 2454 3049 2517 Joannes,
3093 2470 3221 2506 cum
3256 2453 3624 2506 dixitvidisse
3656 2469 3714 2505 se
3753 2456 3808 2504 in
3840 2469 3951 2506 me-

2244 2540 2335 2592 dio
2419 2546 2617 2608 septem
2677 2540 3128 2594 candelabrorum
3203 2542 3436 2594 similem
3497 2540 3635 2593 Filio
3710 2541 3948 2594 hominis

2246 2628 2437 2695 (Apoc.
2498 2644 2534 2693 ι,
2598 2630 2695 2696 l3).
2762 2629 2826 2681 Et
2882 2629 3226 2697 quibusdam
3276 2628 3628 2695 interpositis
3682 2628 3808 2680 ait:
3864 2628 3949 2680 Et

2242 2717 2383 2768 oculi
2436 2717 2551 2783 ejus
2604 2718 2748 2769 velut
2815 2719 3033 2783 ﬂamma
3092 2720 3235 2783 ignis
3286 2716 3447 2782 (Ibid.
3515 2716 3618 2783 14).
3670 2716 3805 2779 Quis
3859 2722 3951 2769 est

2246 2803 2349 2855 iste
2388 2804 2556 2856 Filius
2588 2804 2876 2857 hominis?
2910 2805 3191 2857 Nimirum
3250 2804 3525 2857 Dominus
3573 2805 3737 2857 Jesus
3776 2803 3948 2857 Chri-

2244 2896 2382 2957 stus,
2417 2893 2514 2962 qui
2546 2909 2602 2945 se
2638 2894 2842 2946 Filium
2874 2892 3123 2946 hominis
3173 2894 3229 2945 in
3266 2892 3572 2961 Evangelio
3624 2893 3946 2962 saepissime

442 2988 713 3058 gendum.
764 2986 993 3055 Septem
1038 2989 1227 3036 autem
1286 2989 1522 3053 propter
1580 2999 1808 3035 causam
1874 2983 2134 3053 superius
2175 2986 2564 3072 Cnuncupat;
2601 2987 2662 3033 ut
2703 2987 2787 3033 est
2843 2982 3031 3034 illud:
3090 2982 3251 3046 Quem
3302 2982 3490 3034 dicunt
3531 2981 3769 3034 homines
3829 2997 3947 3035 esse

422 3077 828 3143 'dictam,cum
863 3090 1010 3126 unus
1053 3072 1125 3124 sit
1174 3072 1420 3141 Spiritus
1480 3078 1725 3135 sanctus,
1788 3072 1937 3124 dona
1999 3089 2129 3125 vero

437 3148 747 3235 gratiarum
778 3163 960 3232 plura.
995 3160 1138 3224 Quid
1172 3165 1257 3212 est
1289 3166 1480 3212 autem
1540 3176 1713 3228 super
1748 3159 1992 3229 lapidem
2035 3177 2129 3213 se-

422 3255 594 3321 'ptem
641 3254 834 3304 oculos
872 3249 1038 3303 esse?
1084 3248 1368 3301 Nimirum
1417 3248 1687 3317 Spiritum
1751 3255 2010 3301 sanctum
2070 3248 2129 3301 in

441 3340 661 3393 Christo
693 3354 941 3391 manere.
978 3337 1039 3387 Et
1064 3336 1209 3387 sicut
1241 3335 1385 3387 oculi
1425 3336 1693 3387 dicuntur
1733 3337 1855 3403 ejus
1904 3336 1961 3387 in
2013 3352 2128 3405 quo

442 3430 575 3479 sunt
603 3424 1053 3478 substantialiter
1095 3438 1234 3486 esse,
1290 3422 1368 3473 sic
1412 3422 1684 3489 Spiritum
1737 3428 1996 3475 sanctum
2040 3425 2126 3475 in-

441 3513 664 3582 telligas
696 3511 903 3565 Christi
943 3526 1083 3561 esse.
1129 3508 1293 3571 Quod
1343 3512 1397 3559 et
1429 3509 1533 3559 sub
1568 3508 1754 3575 specie
1801 3510 2129 3563 candelabri

420 3601 587 3653 [idem
619 3599 896 3668 propheta
933 3596 1197 3665 signavit,
1230 3595 1455 3649 dicens:
1498 3596 1645 3659 Vidi,
1697 3601 1746 3649 et
1789 3612 1899 3649 ecce
1939 3598 2130 3651 cande-

434 3688 645 3742 labrum
673 3703 895 3741 aureum
922 3690 1111 3752 totum,
1143 3689 1192 3737 et
1219 3685 1429 3753 lampas
1460 3686 1576 3753 ejus
1606 3700 1767 3753 super
1814 3692 1977 3754 caput
2033 3689 2127 3756 ip-

433 3779 567 3843 sius,
602 3782 862 3845 etseptem
892 3777 1118 3828 lucernae
1149 3775 1264 3842 ejus
1312 3789 1474 3842 super
1524 3774 1664 3827 illud
1699 3775 1887 3842 (Zach.
1948 3791 2018 3840 iv,
2050 3778 2120 3843 2).

420 3864 847 3923 Candelabrum
887 3879 1125 3917 aureum
1197 3863 1405 3917 Christi
1460 3862 1721 3931 conspice
1784 3863 2127 3917 incarnatio-

420 3972 592 4021 nem;
628 3970 866 4009 aureum
911 3953 1045 4024 quia
1094 3952 1214 4006 sine
1257 3952 1500 4015 macula,
1552 3950 1673 4004 sine
1720 3951 1912 4020 aliqua
1968 3968 2121 4005 com-

426 4044 697 4098 mistione
728 4043 937 4103 delicti.
974 4045 1158 4095 totum
1195 4040 1501 4109 fulgidum,
1526 4044 1709 4091 totum
1733 4039 2119 4108 splendidum.

429 4131 667 4200 Lampa's
716 4135 907 4183 autem
942 4144 1114 4197 super
1171 4133 1343 4196 caput
1404 4126 1580 4195 ipsius
1634 4126 1902 4179 Divinitas
1948 4132 2033 4180 est
2062 4127 2121 4180 in

425 4218 680 4271 homine.
728 4219 903 4285 Caput
934 4218 1086 4269 enim
1136 4217 1341 4271 Christi
1397 4217 1555 4280 Deus,
1615 4214 1755 4268 dicit
1814 4216 2121 4284 Apostolus

2245 3070 2449 3123 Filium
2499 3071 2770 3124 hominis?
2806 3070 3027 3138 (Matth.
3078 3086 3189 3133 xw,
3235 3072 3345 3138 l3.)
3408 3072 3469 3122 Et
3529 3070 3781 3123 Ezechiel
3829 3071 3940 3123 sub

2240 3158 2421 3228 ﬁgura
2444 3157 2596 3211 illius
2624 3158 2949 3227 frequenter
2981 3174 3038 3210 se
3069 3158 3449 3211 auditFilium
3475 3159 3745 3223 hominis,
3781 3175 3941 3212 nuu-

2240 3246 2456 3314 cupari.
2483 3246 2686 3299 Oculos
2719 3251 2908 3298 autem
2934 3246 3104 3314 hujus
3160 3246 3283 3299 Filii
3328 3247 3579 3299 hominis
3613 3263 3755 3316 quos
3797 3248 3940 3300 dicit

2240 3333 2395 3385 velut
2452 3334 2744 3387 ﬂammam
2802 3334 2952 3402 ignis
3016 3335 3285 3399 relucere,
3344 3333 3621 3404 Spiritum
3671 3340 3937 3387 sanctum

2241 3420 2487 3474 insinuat
2526 3438 2536 3473 :
2573 3438 2704 3475 nam
2744 3439 2919 3491 super
2965 3423 3252 3491 apostolos
3304 3424 3457 3475 velut
3485 3422 3637 3492 ignis
3682 3422 3752 3476 de
3790 3425 3941 3476 casto

2240 3507 2443 3561 missus
2472 3511 2755 3579 apparuit.
2811 3511 3061 3565 Dicendo
3092 3528 3223 3564 vero
3255 3512 3450 3564 oculos
3486 3513 3607 3579 ejus
3649 3510 3938 3580 Spiritum

2238 3604 2516 3662 sanctum,
2592 3598 2872 3668 Spiritum
2927 3616 3046 3653 esse
3121 3601 3327 3654 Christi
3380 3601 3743 3668 signiﬁcavit.
3824 3602 3942 3655 Nec

2237 3685 2389 3739 aliud
2427 3687 2615 3740 existit
2655 3704 2757 3740 cur
2804 3688 3011 3742 Christi
3062 3689 3284 3742 dicatur
3322 3688 3590 3758 Spiritus,
3634 3689 3745 3742 nisi
3774 3693 3941 3759 quod

2236 3775 2505 3844 procedat
2532 3776 2601 3829 ab
2633 3776 2778 3846 ipso,
2811 3782 2866 3830 et
2903 3778 2976 3831 sit
2997 3778 3449 3831 substantialiter
3476 3778 3535 3831 in
3569 3778 3714 3847 ipso.

2309 3864 2447 3917 ltem
2490 3866 2626 3917 dicit
2656 3867 2904 3920 Joannes
2947 3882 3077 3919 cum
3114 3868 3179 3920 de
3236 3873 3562 3920 sanctorum
3619 3866 3805 3935 gloria
3851 3868 3941 3922 lo-

2233 3958 2503 4021 queretur
2533 3954 2746 4019 futura,
2789 3956 2941 4025 quod
2966 3971 3151 4024 neque
3204 3957 3300 4022 sol,
3360 3971 3531 4023 neque
3580 3956 3722 4008 ultus
3763 3963 3936 4009 estus

2231 4039 2481 4093 afﬁceret
2511 4056 2631 4109 eos,
2672 4042 2924 4096 subdidit
2958 4059 2969 4095 :
3007 4045 3271 4109 Quoniam
3300 4060 3475 4110 agnus
3506 4045 3603 4111 qui
3642 4046 3699 4096 in
3752 4045 3937 4098 medio

2231 4127 2413 4180 throni
2438 4132 2537 4193 est,
2580 4134 2725 4196 reget
2750 4131 2887 4195 illos,
2937 4136 2987 4184 et
3030 4131 3254 4185 deducet
3294 4147 3379 4185 eos
3435 4132 3512 4187 ad
3566 4134 3693 4185 vitae
3746 4134 3934 4196 fontes

2229 4231 2499 4282 aquarum
2532 4217 2717 4284 (Apoc.
2744 4233 2840 4282 vn,
2878 4220 2960 4283 16,
3008 4218 3114 4287 17).
3148 4219 3253 4282 Qui
3294 4223 3425 4272 sunt
3457 4219 3547 4271 isti
3576 4218 3703 4271 vitae
3743 4218 3937 4271 fontes

427 4307 722 4376 (ICor.x1,
770 4306 841 4374 3).
877 4306 1104 4374 Septem
1150 4320 1278 4356 vero
1324 4304 1570 4357 lucernae
1619 4318 1792 4373 super
1848 4303 2008 4369 illud,
2059 4304 2115 4357 id
2161 4314 2201 4365 ι)
2230 4308 2549 4373 aquarum?
2578 4305 2793 4358 fluenta
2825 4305 3071 4376 Spiritus
3122 4307 3321 4371 sancti,
3368 4307 3575 4376 quibus
3624 4306 3828 4359 ﬁdeles
3874 4313 3937 4361 et

423 4400 508 4448 est
532 4410 702 4464 super
730 4392 1156 4454 candelabrum,
1196 4392 1280 4444 vel
1328 4408 1499 4460 super
1542 4396 1715 4460 caput
1746 4390 1887 4459 ejus,
1934 4392 2113 4461 pleni-

422 4482 561 4536 tudo
592 4487 675 4536 est
722 4482 965 4551 Spiritus
998 4481 1207 4545 sancti;
1256 4480 1561 4549 requiescit
1604 4495 1778 4549 super
1825 4478 2115 4546 illumlse-

422 4572 668 4624 cundum
703 4570 860 4623 Isaias
905 4570 1046 4623 vatis
1095 4569 1436 4621 oraculum:
1493 4570 1559 4621 Et
1607 4571 1899 4637 requiescet
1955 4585 2116 4637 super

404 4665 538 4713 "eum
568 4661 808 4728 Spiritus
839 4658 1125 4727 sapientiae
1163 4662 1211 4710 et
1247 4658 1565 4722 intellectus,
1614 4658 1854 4725 Spiritus
1901 4660 2117 4712 consilii

418 4753 468 4802 et
488 4746 856 4815 fortitudinis,
887 4747 1124 4815 Spiritus
1156 4748 1393 4800 scientia
1422 4751 1472 4798 et
1494 4748 1738 4814 pietatis,
1781 4751 1831 4800 et
1885 4748 2114 4815 replebit

418 4852 536 4890 eum
563 4837 804 4905 Spiritus
835 4836 1043 4888 timoris
1084 4836 1299 4888 Domini
1330 4833 1462 4904 (lsa.
1497 4850 1571 4897 x1,
1603 4836 1681 4903 2).
1728 4834 1890 4897 Quod
1942 4835 1986 4888 si
2018 4852 2113 4889 su-

414 4942 519 4997 per
541 4925 825 4980 Christum
859 4929 1073 4992 septem
1109 4924 1354 4976 lucernae
1393 4922 1639 4993 Spiritus
1686 4924 1865 4977 sancti
1919 4925 2113 4994 requi-

414 5019 632 5079 escunt,
667 5012 969 5083 requiescit
998 5010 1055 5063 in
1088 5027 1153 5065 eo
1186 5011 1429 5081 Spiritus
1460 5016 1706 5078 sanctus,
1739 5012 1835 5083 qui
1878 5012 2110 5066 demon-

412 5106 624 5154 stratur
659 5100 716 5153 in
749 5105 969 5169 septem
1012 5099 1284 5163 lucernis;
1317 5105 1373 5154 et
1427 5116 1556 5154 cum
1588 5101 1647 5153 in
1688 5117 1754 5154 eo
1805 5101 2112 5171 requiescit

412 5188 786 5243 inhabitando
842 5189 1317 5257 substantialiter,
1364 5189 1544 5259 ipsius
1587 5194 1671 5243 est
1709 5190 1987 5259 Spiritus,
2049 5190 2108 5243 in

413 5291 527 5346 quo
563 5278 1032 5342 substantialiter,
1075 5277 1400 5348 requiescit.
1450 5279 1610 5332 Unde
1656 5294 1770 5332 non
1816 5278 2106 5332 immerito

411 5364 656 5433 Spiritus
685 5384 805 5421 esse
837 5367 1047 5421 Christi
1083 5367 1309 5421 dicitur.
1362 5367 1680 5420 Notandum
1714 5372 1906 5421 autem
1951 5367 2105 5438 quod

392 5452 480 5506 de
509 5452 638 5521 isto,
688 5456 905 5527 Spiritu
932 5474 1038 5528 per
1078 5462 1298 5528 septem
1347 5457 1541 5510 oculos
1581 5458 1919 5527 significato,
1977 5457 2106 5512 sub-

410 5539 692 5609 iungitur,
718 5544 871 5614 quod
904 5546 1226 5601 discurrant
1258 5546 1314 5601 in
1350 5546 1672 5599 universam
1695 5552 1925 5599 terram.

2225 4392 2486 4445 lavantur
2517 4409 2618 4463 per
2650 4393 3143 4459 emundationem,
3177 4400 3232 4447 et
3260 4394 3620 4447 viviﬁcantnr
3662 4411 3768 4464 per
3799 4395 3933 4449 irri-

2224 4482 2536 4550 gationem.
2574 4482 2648 4535 De
2675 4482 2883 4551 quibus
2912 4482 3142 4536 fluentis
3181 4482 3438 4537 Salvator
3467 4482 3525 4535 in
3560 4483 3873 4553 Evangelio
3912 4503 3926 4539 :

2224 4570 2332 4633 Qui
2376 4570 2568 4636 credit,
2640 4571 2847 4641 inquit,
2895 4574 2954 4625 in
2999 4588 3098 4639 me,
3151 4574 3379 4639 ﬂumina
3439 4572 3504 4624 de
3560 4578 3745 4625 ventre
3804 4575 3931 4641 ejus

2219 4661 2385 4727 ﬂuent
2414 4675 2569 4727 aqua?
2595 4662 2732 4714 vivae
2758 4660 2937 4728 (Joan.
2970 4676 3064 4725 vu,
3096 4661 3204 4729 38).
3266 4660 3608 4730 Signiﬁcans
3637 4661 3927 4731 Spiritum

2221 4752 2478 4801 sanctum
2505 4788 2518 4811 ,
2551 4764 2724 4818 quem
2781 4748 3080 4802 credentes
3114 4748 3340 4801 fuerant
3391 4748 3696 4817 accepturi.
3758 4749 3927 4813 Quod

2219 4834 2278 4888 in
2328 4836 2595 4906 apostolis
2658 4837 2843 4907 primo
2894 4838 3243 4907 completum
3300 4842 3385 4890 est
3436 4836 3929 4907 quinquagesimo

2220 4925 2309 4979 die
2342 4926 2792 4980 resurrectionis.
2829 4928 2972 4995 Ergo
3013 4927 3258 4980 deducet
3297 4942 3391 4979 eos
3440 4927 3503 4979 ad
3555 4926 3688 4980 vitae
3717 4926 3930 4997 [fontes

2218 5029 2496 5082 aquarum
2546 5031 2749 5084 agnus,
2806 5015 2941 5085 quia
2990 5014 3236 5085 Spiritus
3294 5015 3473 5068 sancti
3522 5015 3755 5067 fluentis
3823 5032 3931 5071 eos

2218 5102 2543 5168 inebriabit,
2572 5110 2632 5158 ut
2674 5105 2805 5157 vitae
2838 5105 3046 5175 gaudia
3096 5103 3447 5174 sempiterna
3495 5120 3794 5174 nunquam
3828 5122 3930 5159 va-

2215 5192 2371 5245 leant
2412 5192 2693 5245 amittere.
2763 5195 2871 5247 Hos
2931 5198 3122 5247 autem
3185 5192 3369 5246 fontes
3428 5193 3555 5245 vitae
3630 5210 3929 5263 aquarum

2216 5285 2371 5333 extra
2393 5279 2679 5333 Christum
2704 5280 2911 5349 degere
2969 5298 3085 5335 non
3114 5281 3484 5347 arbitremur,
3512 5280 3629 5350 ipse
3664 5297 3929 5352 namque

2216 5369 2481 5438 Philippo
2527 5368 2713 5422 dixit:
2770 5370 2882 5435 Ego
2931 5385 3048 5423 sum
3103 5373 3250 5438 vita;
3282 5376 3338 5423 et
3389 5386 3401 5423 :
3438 5370 3585 5434 Quid
3627 5369 3775 5423 videt
3809 5386 3926 5437 me,

2212 5457 2361 5512 videt
2398 5463 2446 5511 et
2475 5459 2689 5511 Patrem
2748 5458 2927 5527 (Joan.
2980 5473 3093 5525 xxv,
3143 5461 3194 5523 6,
3230 5461 3306 5525 9).
3369 5458 3460 5513 Sic
3502 5474 3638 5529 ergo
3699 5464 3757 5512 et
3812 5461 3927 5529 qui

2213 5547 2364 5600 videt
2403 5547 2718 5611 Christum,
2751 5547 2904 5601 videt
2955 5552 3011 5599 et
3056 5548 3325 5617 Spiritum
3367 5553 3649 5615 sanctum,
3695 5548 3796 5617 qui
3829 5556 3929 5605 est
