4130 6184
227 323 318 375 241
1254 318 1529 377 CONTRA
1566 321 1959 378 GRECOBUM
2002 321 2357 379 OPPOSITA.
2390 351 2457 362 —
2491 321 2621 378 LIB.
2664 322 2706 377 Ι.

3624 327 3728 382 242
3742 354 3745 359 ·

221 452 285 506 in
317 453 575 519 Christo;
602 458 658 507 et
687 454 967 509 deducere
997 453 1106 507 sibi
1135 453 1430 508 credentes
1469 454 1538 509 ad
1571 454 1698 508 vita:
1732 454 1918 509 fontes
1957 455 2002 507 A
2026 453 2238 521 Patris;
2298 470 2362 508 ex
2420 454 2793 519 humanitate,
2848 455 3049 510 matris
3102 455 3497 511 substantiam.
3535 458 3725 515 conti-

224 558 527 613 aquarum,
560 542 669 597 hoc
699 548 784 597 est
825 543 892 597 ad
925 560 981 595 se
1023 543 1251 609 ducere,
1285 549 1567 614 quatenus
1598 544 1658 597 in
1696 560 1754 598 se
1798 560 1915 597 cre-

224 632 443 699 dentes,
469 638 526 685 et
558 633 720 686 illum
781 637 1134 698 contuentes,
1170 632 1413 701 Spiritus
1471 632 1649 686 sancti
1701 633 1769 687 de
1820 633 1918 686 illo

221 722 586 790 procedentis
618 737 847 790 semper
876 721 1127 775 fontibus
1158 720 1453 775 satientur.

292 810 433 862 Item
485 809 685 862 beatus
726 810 975 863 Joannes
1023 809 1080 863 in
1126 810 1517 880 Apocalypsi:
1582 811 1661 863 Et
1715 812 1919 878 accepit

218 899 441 968 angelus
474 899 832 964 thuribulum,
866 903 916 951 et
955 900 1197 966 implevit
1248 899 1386 951 illud
1425 898 1490 951 de
1528 901 1651 966 igne
1697 900 1915 964 altaris,

217 991 266 1037 et
296 990 449 1039 misit
478 990 535 1038 in
580 994 798 1052 terram,
830 992 881 1041 et
909 990 1061 1053 facta
1114 992 1243 1040 sunt
1277 989 1517 1041 tonitrua
1561 992 1611 1039 et
1664 1003 1828 1052 voces,
1864 993 1919 1040 et

218 1074 441 1144 reliqua
492 1076 684 1143 (Apoc.
730 1091 849 1142 vui,
883 1078 953 1142 ὅ).
1006 1076 1258 1143 Angelus
1314 1076 1417 1128 iste
1470 1076 1629 1128 Jesus
1661 1076 1916 1130 Christus

218 1168 313 1224 est,
342 1164 444 1233 qui
480 1164 689 1233 legitur
724 1165 911 1229 magni
956 1164 1172 1217 consilii
1220 1165 1461 1230 angelus.
1534 1165 1915 1219 Thuribulum

217 1257 411 1305 autem
462 1251 794 1305 humanitas
838 1258 922 1305 est
957 1253 1164 1322 ipsius;
1210 1253 1387 1307 altare
1436 1269 1591 1320 vero,
1636 1254 1705 1306 de
1753 1257 1916 1324 cujus

2031 549 2297 608 uentem;
2329 543 2493 612 cujus
2536 543 2686 595 oculi
2726 549 2858 597 sunt
2886 544 3039 598 velut
3080 543 3314 598 ﬂamma
3361 545 3534 615 ignis,
3590 546 3723 617 quia

2029 631 2207 685 sancti
2240 632 2485 701 Spiritus
2540 632 2806 686 divinitas
2856 638 2913 687 et
2959 633 3227 703 splendor
3265 634 3628 688 ﬂammiticus
3663 636 3722 689 in

2030 737 2097 774 eo
2141 720 2444 774 consistit:
2492 720 2560 774 de
2604 721 2764 791 cujus
2816 721 3177 792 plenitudine
3220 724 3370 776 velut
3427 725 3725 778 oculorum

2029 808 2123 862 lux
2148 808 2409 877 effulget;
2443 808 2542 861 tali
2587 808 2773 879 figura
2834 808 3181 876 signiﬁcans,
3236 810 3352 863 imo
3411 809 3720 864 clarissime

2030 895 2238 950 docens
2267 896 2623 950 divinitatem
2659 896 2906 966 Spiritus
2936 913 2968 949 a
2992 896 3118 950 Filii
3167 897 3463 953 divinitate
3515 916 3720 970 proce-

2029 985 2195 1051 dere;
2227 990 2282 1039 et
2308 990 2581 1057 tanquam
2627 987 2821 1039 lumen
2844 986 3145 1039 oculorum
3177 987 3301 1055 ejus
3342 986 3549 1041 dicitur
3577 1004 3716 1049 esse,

2027 1073 2189 1144 cujus
2220 1079 2352 1127 sunt
2394 1074 2541 1128 oculi
2576 1075 2698 1128 :ita
2740 1074 2986 1144 Spiritus
3035 1081 3286 1144 sanctus,
3333 1075 3578 1145 Spiritus
3635 1082 3721 1131 est

2028 1162 2255 1227 Christi,
2290 1162 2345 1216 in
2378 1179 2490 1233 quo
2523 1163 2805 1227 consistit,
2839 1168 2894 1217 et
2927 1181 2955 1217 a
2989 1181 3103 1234 quo
3135 1164 3411 1234 procedit.

2677 1304 2899 1359 CAPUT
2930 1305 3067 1358 Vlll.

218 1340 345 1409 igne
414 1340 780 1394 thuribulum
843 1340 1138 1409 impletur,
1201 1342 1409 1396 Christi
1478 1342 1743 1397 divinitas
1798 1349 1915 1408 est;
2004 1378 2015 1389 κ

218 1428 367 1497 ignis
408 1445 546 1482 vero
590 1430 658 1483 de
691 1429 876 1494 altari,
925 1429 1172 1498 Spiritus
1220 1436 1446 1483 sanctus
1478 1434 1561 1483 est
1584 1431 1652 1484 de
1707 1431 1914 1486 Christi

215 1516 519 1568 divinitate
566 1525 830 1585 sumptus
864 1534 876 1570 :
910 1518 1085 1571 altare
1139 1534 1390 1589 namque
1422 1523 1478 1572 et
1527 1520 1909 1585 thuribulum,

216 1611 531 1675 utrumque
562 1605 838 1660 Christus.
885 1607 992 1661 Sed
1024 1607 1200 1661 altare
1231 1608 1505 1677 quoniam
1556 1625 1728 1679 super
1771 1609 1910 1662 illud

213 1692 546 1747 holocausta
577 1694 693 1749 sive
725 1695 999 1749 sacriﬁcia
1029 1702 1354 1750 sanctorum
1387 1697 1723 1763 offeruntur,
1749 1697 1910 1767 cujus

212 1781 533 1853 imaginem
582 1788 735 1836 tenet
778 1786 956 1838 altare
1005 1791 1333 1851 terrenum;
1371 1802 1475 1839 nec
1525 1786 1678 1842 enim
1748 1786 1911 1839 aliter

210 1878 546 1925 sanctorum
609 1878 736 1926 vola
772 1873 1180 1943 suscipiuntur,
1237 1874 1282 1927 si
1356 1890 1474 1928 non
1525 1890 1697 1944 super
1743 1874 1908 1928 altari

210 1959 433 2013 Christo
484 1966 925 2031 componantur.
980 1963 1357 2016 Thuribulum
1411 1980 1542 2017 vero
1605 1968 1910 2034 propterea

208 2047 440 2113 dicitur,
501 2050 774 2119 quoniam
835 2052 1124 2104 orationes
1178 2057 1506 2106 sanctorum
1564 2069 1665 2122 per
1718 2053 1907 2123 ipsum

209 2137 622 2207 suscipiuntur.
660 2139 755 2192 Vel
789 2145 939 2191 certe
964 2139 1344 2207 thuribulum,
1378 2140 1593 2194 donum
1624 2145 1707 2194 est
1737 2141 1911 2210 Spiri-

209 2231 295 2277 tus
342 2227 562 2291 sancti;
598 2232 839 2280 testatur
871 2227 1023 2280 enim
1069 2230 1373 2297 Apostolus
1409 2245 1421 2282 :
1456 2232 1729 2285 Nescimus
1774 2230 1910 2298 quid

209 2329 439 2379 oremus,
471 2315 568 2369 sed
585 2318 697 2384 ipse
716 2316 955 2385 Spiritus
983 2318 1224 2385 postulat
1248 2334 1349 2386 pro
1380 2319 1531 2371 nobis
1565 2319 1742 2389 (Rom.
1790 2336 1905 2383 Vill,

211 2402 315 2471 26),
350 2402 410 2456 id
434 2408 517 2456 est
554 2404 841 2473 postulare
876 2420 979 2457 nos
1022 2404 1173 2471 facit,
1223 2407 1513 2476 gemitibus
1564 2409 1905 2462 inenarrabi-

210 2491 348 2544 libus
409 2493 563 2561 (Luc.
622 2508 719 2554 vu,
793 2494 900 2559 49).
958 2494 1111 2562 Ignis
1164 2500 1357 2548 autem
1396 2496 1611 2562 altaris,
1668 2497 1910 2565 Spiritus

211 2582 438 2629 sanctus
474 2583 577 2641 est,
611 2578 679 2631 de
713 2596 827 2647 quo
861 2580 1115 2634 Salvator
1146 2598 1158 2635 :
1202 2583 1383 2649 Ignem
1432 2586 1555 2636 veni
1582 2586 1793 2637 mittere
1853 2586 1909 2637 in

210 2670 431 2731 terram,
469 2682 626 2734 quem
675 2669 791 2721 voto
822 2673 882 2721 ut
922 2670 1136 2724 ardeat.
1181 2671 1326 2740 Ergo
1371 2672 1609 2739 angelus
1640 2672 1904 2726 thuribu-

209 2753 326 2805 lum
360 2754 561 2806 altaris
590 2754 723 2824 igne
771 2755 1001 2824 plenum
1057 2757 1213 2810 misit
1252 2759 1309 2811 in
1342 2764 1588 2825 terram;
1637 2777 1773 2830 quia
1816 2777 1903 2814 re-

210 2842 597 2909 promissione
640 2843 886 2913 Spiritus
916 2846 1095 2900 sancti
1127 2852 1357 2917 accepta
1401 2866 1434 2902 a
1474 2850 1657 2913 Patre,
1712 2850 1905 2903 Salva-

208 2936 295 2983 tor
325 2930 534 2985 effudit
577 2932 819 3002 gratiam
853 2933 1094 3004 Spiritus
1140 2936 1319 2990 sancti
1364 2953 1539 3007 super
1586 2939 1904 2993 credentes.

210 3019 365 3072 Unde
396 3020 807 3074 convenienter
833 3023 1094 3093 sequitur
1118 3026 1272 3095 quod
1304 3026 1453 3079 facta
1480 3026 1595 3079 sint
1621 3027 1903 3098 jtonitrua,

206 3112 257 3159 et
284 3122 472 3173 voces,
500 3115 566 3177 tet
596 3109 843 3180 fulgura,
890 3116 945 3165 et
986 3117 1344 3167 terraimotus
1393 3115 1705 3168 secundum
1752 3117 1901 3186 quod

206 3195 465 3249 Salvator
521 3198 581 3250 in
645 3200 949 3269 Evangelio
1009 3200 1451 3271 dicit:Evaedit
1501 3204 1652 3257 vobis
1698 3208 1759 3256 ut
1811 3221 1904 3272 ego

205 3284 403 3338 cadam
438 3300 452 3338 :
489 3288 541 3339 si
586 3288 727 3339 enim
774 3302 885 3342 non
931 3289 1136 3353 abiero,
1189 3292 1501 3345 Paractetus
1548 3307 1654 3344 non
1706 3295 1898 3346 veniet.

206 3376 263 3429 Si
282 3380 466 3429 autem
506 3376 709 3438 abiero,
760 3381 973 3431 mittam
1021 3394 1139 3432 eum
1170 3380 1246 3434 ad
1280 3396 1389 3433 vos.
1440 3382 1654 3435 Etcum
1702 3385 1904 3435 venerit

207 3465 312 3527 ille,
348 3471 545 3531 arguet
584 3465 843 3519 mundum
874 3466 938 3519 de
976 3472 1210 3535 peccato,
1254 3473 1303 3520 et
1350 3468 1413 3521 de
1445 3469 1693 3536 justitia,
1739 3474 1790 3523 et
1839 3469 1903 3521 de

198 3554 410 3618 judicio
470 3556 651 3621 (Joan.
708 3571 819 3620 XVI,
876 3554 949 3617 7).
1011 3555 1175 3618 Quod
1228 3557 1597 3626 Apocalypsis
1653 3556 1786 3610 dicit
1833 3559 1901 3611 de

203 3640 335 3710 igne
365 3643 586 3702 altaris,
621 3643 777 3712 quod
810 3643 1028 3696 miserit
1057 3644 1295 3714 angelus
1327 3660 1457 3697 eum
1492 3644 1550 3697 in
1581 3653 1812 3709 terram,
1846 3651 1901 3699 et

204 3729 350 3782 facta
375 3730 495 3782 sint
540 3732 829 3795 tonitura;
882 3731 990 3784 hoc
1019 3736 1103 3785 est
1129 3735 1281 3801 quod
1325 3732 1578 3786 Salvator
1617 3733 1732 3786 ait:
1782 3737 1903 3788 Mit-

206 3820 314 3869 tam
340 3832 465 3869 eum
495 3816 571 3868 ad
598 3832 717 3880 vos;
746 3822 796 3869 et
827 3833 945 3870 cum
983 3821 1191 3873 venerit
1226 3819 1336 3879 ille,
1384 3824 1574 3885 arguet
1622 3821 1899 3874 mundum.

202 3904 335 3958 Post
359 3905 672 3959 adventum
705 3906 949 3975 Spiritus
981 3907 1160 3959 sancti
1192 3923 1319 3976 quae
1358 3908 1612 3961 tonitrua
1652 3913 1706 3961 et
1742 3925 1902 3962 voces

202 3994 683 4063 pradicationum
730 3995 1113 4058 insonuerint.
1172 4001 1388 4065 quanto
1441 4010 1649 4067 pavore
1694 4004 1903 4051 morta-

202 4081 341 4135 lium
373 4083 552 4136 corda
592 4084 996 4151 concusserint,
1035 4101 1161 4155 quas
1214 4086 1441 4154 fulgura
1494 4085 1901 4140 miraculorum

200 4171 644 4237 coruscaverint,
682 4172 780 4242 qui
809 4177 977 4226 terra:
1031 4179 1219 4227 motus
1271 4174 1589 4227 exstiterint
1631 4174 1900 4229 duritiam

201 4261 536 4313 mortalium
580 4260 989 4326 concutientes,
1023 4266 1173 4315 totus
1199 4262 1352 4316 orbis
1388 4265 1649 4333 agnovit;
1710 4263 1903 4333 ignem

201 4355 392 4401 autem
418 4347 616 4401 altaris
648 4349 922 4418 Spiritum
968 4358 1224 4404 sanctum
1262 4351 1399 4404 dicit
1448 4351 1677 4417 Christi,
1733 4368 1903 4422 quem

202 4436 321 4505 ipse
353 4454 412 4490 se
447 4438 757 4490 missurum
790 4439 1074 4507 promittit
1104 4439 1407 4510 apostolis;
1442 4446 1498 4493 et
1536 4441 1902 4511 Apocalypsis

200 4530 449 4578 testatur
475 4526 634 4595 quod
675 4526 892 4580 miserit
922 4543 1057 4580 eum
1091 4527 1150 4581 in
1181 4532 1421 4593 terram,
1467 4529 1764 4582 manifeste
1799 4530 1904 4583 do-

201 4630 333 4666 cens
357 4616 514 4684 quod
547 4614 793 4682 Spiritus
842 4622 1089 4682 sanctus,
1151 4615 1399 4687 Spiritus
1440 4618 1514 4671 sit
1559 4618 1706 4683 Filii,
1748 4624 1804 4672 et
1834 4619 1904 4673 ab

200 4702 324 4769 ipso
359 4703 431 4754 sit
464 4708 594 4771 post
646 4704 1035 4757 ascensionem
1070 4705 1193 4774 ejus
1233 4721 1405 4775 super
1440 4708 1729 4775 apostolos
1778 4707 1906 4760 mis-

198 4806 313 4841 sus.
348 4790 651 4853 Quomodo
683 4807 932 4862 namque
975 4793 1226 4847 mittitur
1257 4811 1287 4847 a
1337 4795 1496 4861 Filio,
1551 4796 1660 4849 nisi
1710 4812 1903 4865 proce-

195 4878 432 4931 dendo?
454 4884 513 4931 et
544 4879 802 4948 procedit
822 4881 893 4933 ab
925 4897 1013 4947 eo,
1048 4881 1209 4951 cujus
1243 4887 1327 4936 est
1357 4882 1620 4953 Spiritus.

270 4968 415 5020 Item
446 4967 509 5021 in
540 4970 740 5023 eadem
774 4970 1112 5040 Apocalypsi
1142 4971 1387 5024 Joannes
1422 4987 1433 5024 :
1463 4973 1532 5025 Et
1560 4970 1679 5024 vidi
1716 4972 1905 5026 ca’lum

154 5088 161 5095 ο
200 5060 479 5122 apertum,
513 5062 564 5110 et
595 5072 708 5111 ecce
736 5072 907 5128 equus
941 5058 1119 5122 albus,
1156 5064 1205 5111 et
1236 5061 1332 5126 qui
1342 5059 1576 5128 lsedebat
1599 5076 1762 5127 super
1789 5076 1907 5115 eum

201 5144 501 5195 vocabatur
517 5143 697 5211 ﬁdelis
728 5150 779 5197 et
803 5161 993 5210 verax,
1013 5152 1063 5199 et
1084 5148 1310 5214 justitia
1331 5147 1552 5215 judicat
1571 5152 1621 5201 et
1652 5155 1902 5219 pugnat:

199 5230 350 5284 oculi
380 5237 561 5285 autem
592 5233 709 5300 ejus
760 5235 901 5287 sicut
929 5237 1150 5302 ﬂamma
1188 5237 1335 5302 ignis
1382 5236 1575 5303 (Apoc.
1628 5252 1741 5301 xxx,
1796 5239 1906 5307 2t).

205 5315 403 5384 Equus
451 5316 616 5369 albus
653 5333 859 5386 corpus
908 5325 996 5372 est
1052 5319 1261 5373 Christi
1312 5320 1625 5374 sanctitatis
1667 5322 1908 5376 candore

202 5403 528 5472 perfusum,
555 5406 838 5459 maculam
871 5407 1088 5461 nullam
1116 5407 1371 5474 habens;
1414 5425 1599 5462 sessor
1638 5414 1780 5479 ejus,
1824 5411 1909 5465 di-

204 5492 416 5544 vinitas
442 5492 670 5557 Christi,
705 5511 832 5563 quae
864 5496 944 5554 sic
971 5495 1266 5550 hominem
1301 5512 1474 5567 quem
1518 5498 1783 5567 suscepit,
1819 5516 1910 5553 re-

206 5581 313 5649 git,
348 5584 406 5632 et
433 5579 615 5648 sedet,
647 5588 711 5635 ut
757 5598 938 5638 unum
989 5582 1159 5659 faciat
1198 5585 1427 5650 Filium,
1472 5601 1542 5653 ex
1594 5586 1908 5655 divinitate,

2312 1414 2639 1464 Testimonia
2669 1427 2736 1464 ea:
2768 1411 3072 1478 Evangelia
3092 1416 3141 1467 et
3172 1413 3431 1466 conciliis.

2095 1517 2387 1571 Credimus
2418 1517 2765 1570 sufﬁcienter
2793 1534 2913 1571 esse
2964 1526 3341 1571 monstratum
3390 1519 3715 1573 divinarum

2026 1604 2368 1658 testimoniis
2415 1605 2826 1675 scripturarum
2859 1605 3135 1674 Spiritum
3177 1613 3439 1661 sanctum
3489 1624 3523 1661 ο,
3575 1609 3719 1661 Filio

2023 1695 2345 1763 procedere.
2380 1694 2668 1748 Addamus
2711 1694 2893 1748 adhuc
2931 1711 2994 1747 ex
3042 1695 3347 1765 Evangelio
3393 1696 3506 1749 duo
3554 1697 3713 1751 testi-

2022 1784 2235 1848 monia,
2268 1783 2475 1852 quibus
2517 1782 3028 1836 contradicentium
3075 1784 3308 1836 durities
3359 1788 3708 1837 conteratur.

2016 1875 2061 1926 A
2092 1872 2374 1941 profluvio
2406 1871 2700 1941 sanguinis
2734 1872 2974 1925 muliere
2991 1879 3209 1937 sanata,
3245 1872 3379 1925 dicit
3406 1872 3666 1927 Salvator
3695 1889 3706 1924 :

2019 1963 2155 2026 Quis
2206 1977 2287 2014 me
2339 1960 2556 2027 tetigit?
2604 1961 2941 2026 Negantibus
2999 1966 3177 2015 autem
3227 1962 3490 2027 omnibus,
3566 1961 3713 2013 dixit

2017 2053 2225 2116 Petrus,
2275 2055 2325 2104 et
2355 2053 2451 2119 qui
2499 2066 2617 2104 cum
2660 2051 2753 2103 illo
2801 2055 2996 2103 erant:
3031 2052 3372 2119 jPra’ceptor,
3429 2050 3596 2103 turba
3663 2056 3711 2102 te

2017 2142 2394 2208 comprimunt,
2429 2144 2477 2192 et
2499 2142 2777 2208 afﬂigunt,
2807 2138 2859 2193 et
2886 2140 3023 2193 dicis
3057 2156 3069 2192 :
3104 2140 3234 2204 Quis
3265 2154 3345 2191 me
3387 2140 3601 2204 tetigit?
3633 2139 3710 2191 Et

2018 2228 2166 2282 dixit
2193 2232 2346 2282 Iesus
2381 2244 2393 2281 :
2432 2228 2631 2293 Tetigit
2660 2243 2742 2281 me
2772 2228 2977 2296 aliquis
3009 2244 3021 2282 :
3062 2242 3188 2280 nam
3220 2242 3343 2294 ego--
3365 2230 3492 2280 novi
3526 2228 3710 2281 virtu-

2017 2321 2120 2371 tem
2150 2316 2214 2370 de
2245 2332 2326 2370 me
2354 2319 2555 2370 exiisse
2580 2318 2729 2385 (Luc.
2766 2332 2881 2377 vui,
2906 2318 3025 2383 45).
3066 2316 3201 2379 Quae
3233 2320 3318 2368 est
3347 2316 3467 2368 haec
3507 2315 3704 2380 virtus,

2018 2420 2190 2475 quam
2230 2405 2367 2458 dicit
2394 2404 2651 2458 Salvator
2680 2405 2749 2459 de
2782 2422 2838 2458 se
2873 2404 3114 2457 exiisse?
3146 2404 3429 2459 Nimirum
3463 2403 3709 2472 Spiritus

2017 2494 2192 2547 sancti
2247 2494 2457 2563 gratia;
2491 2493 2569 2546 sic
2614 2493 2767 2546 enim
2821 2493 2900 2546 ait
2950 2494 3300 2562 Apostolus:
3362 2492 3482 2547 Alii
3544 2492 3710 2546 datur

2017 2584 2201 2650 gratia
2229 2584 2527 2636 sanitatum
2558 2583 2613 2634 in
2636 2597 2739 2635 uno
2772 2582 3003 2649 Spiritu,
3036 2582 3137 2634 alii
3165 2583 3407 2649 operatio
3446 2583 3709 2635 virtutum

2018 2670 2065 2739 (ι
2098 2672 2225 2724 Cor.
2262 2687 2359 2734 xu,
2407 2672 2479 2738 9).
2534 2670 2679 2733 Quid
2728 2676 2813 2723 est.
2870 2686 3005 2739 ergo
3062 2670 3251 2724 dicere
3310 2669 3703 2725 Salvatorem:

2018 2761 2129 2826 Ego
2162 2760 2287 2812 novi
2328 2760 2584 2811 virtutem
2613 2758 2679 2811 de
2710 2774 2789 2811 me
2831 2761 3063 2813 emisse"
3106 2758 3254 2827 (Luc.
3286 2774 3402 2824 Vlll,
3444 2758 3557 2827 46,)
3599 2757 3707 2811 nisi

2016 2849 2202 2902 dicere
2235 2848 2393 2916 :gEgo
2424 2846 2553 2899 novi
2587 2845 2866 2915 Spiritum
2898 2863 2929 2898 a
2975 2862 3065 2899 me
3100 2848 3432 2915 procedere,
3480 2847 3581 2916 qui
3624 2852 3709 2899 est

2016 2938 2253 2991 collator
2279 2935 2608 2999 sanitatum,
2652 2941 2707 2987 et
2739 2940 3003 3005 operator
3035 2934 3326 2988 virtutum.
3365 2934 3574 2988 Exiisse
3605 2950 3705 2987 au-

2017 3031 2129 3078 tem
2162 3024 2437 3094 Spiritum
2469 3030 2729 3076 sanctum
2768 3040 2801 3076 a
2831 3039 2889 3076 se
2937 3023 3075 3076 dicit
3121 3040 3187 3076 eo
3235 3024 3421 3087 modo,
3473 3039 3587 3093 quo
3636 3023 3706 3076 de

2012 3131 2070 3167 se
2100 3112 2235 3166 alibi
2267 3112 2402 3166 dicit
2433 3128 2445 3164 :
2482 3111 2645 3165 Exivi
2674 3127 2707 3163 α
2736 3113 2896 3164 Patre
2947 3113 3118 3179 (loan.
3151 3127 3263 3175 xvr,
3314 3110 3425 3180 28.)
3484 3110 3697 3164 Exiisse

2016 3220 2260 3274 namque
2290 3202 2495 3256 Filium
2540 3218 2572 3253 a
2603 3202 2787 3266 Patre,
2850 3205 2936 3253 est
2980 3205 3180 3253 natum
3237 3216 3358 3252 esse
3403 3200 3472 3253 de
3521 3202 3702 3253 Patre.

2013 3293 2102 3348 Sic
2133 3292 2336 3346 exiisse
2389 3289 2666 3360 Spiritum
2698 3294 2956 3342 sanctum
2990 3306 3022 3341 a
3057 3288 3217 3354 Filio,
3264 3293 3347 3342 est
3382 3287 3451 3339 ab
3503 3288 3704 3342 eodem

2010 3379 2373 3451 processisse.
2419 3381 2559 3433 Item
2612 3378 2787 3431 habes
2837 3377 2899 3429 in
2938 3377 3140 3431 eodem
3201 3376 3504 3445 Evangelio
3553 3375 3706 3430 beati

2012 3471 2175 3523 Luca:
2211 3484 2222 3522 :
2258 3471 2324 3522 Et
2369 3470 2540 3521 omnis
2590 3467 2751 3520 turba
2790 3466 3064 3534 quaerebat
3113 3481 3232 3519 eum
3288 3471 3530 3533 tangere,
3572 3467 3706 3534 quia

2009 3562 2188 3616 virtus
2231 3558 2296 3611 de
2335 3558 2427 3611 illo
2457 3557 2665 3615 exibat,
2705 3561 2754 3609 et
2797 3557 3029 3609 sanabat
3076 3570 3258 3609 omnes
3294 3556 3446 3625 (Luc.
3490 3570 3565 3621 vi,
3598 3556 3702 3622 l9).

2014 3648 2201 3701 Virtus
2234 3647 2302 3700 de
2334 3646 2559 3699 Christo
2589 3645 2785 3697 exiens
2815 3649 2979 3697 sanat
3018 3659 3241 3711 omnes,
3274 3642 3410 3713 quia
3461 3642 3705 3711 Spiritus

2010 3741 2237 3790 sanctus
2278 3734 2348 3788 ab
2397 3750 2464 3787 eo
2511 3732 2847 3803 procedens,
2899 3732 3154 3786 sanitatis
3203 3732 3444 3801 gratiam
3504 3730 3706 3784 tribuit

2009 3824 2245 3880 cunctis.

2080 3914 2309 3968 Cessent
2338 3910 2515 3981 igitur
2545 3909 3005 3979 reprehensores,
3038 3908 3124 3961 vel
3152 3907 3438 3971 malevoli,
3466 3909 3555 3961 vel
3596 3908 3704 3962 im-

2012 4000 2204 4071 periti,
2242 3998 2446 4055 Christi
2484 3996 2784 4051 Ecclesiam
2823 3995 3191 4065 redarguere,
3225 3995 3379 4065 quod
3427 3995 3705 4064 Spiritum

2011 4092 2270 4141 sanctum
2318 4086 2624 4139 conﬁtetur
2653 4100 2686 4137 a
2721 4086 2881 4138 Patre
2924 4089 2982 4137 et
3024 4082 3164 4137 Filio
3211 4083 3541 4152 procedere.
3594 4084 3706 4136 Hoc

2013 4173 2319 4243 Evangelia
2349 4173 2576 4237 docent,
2617 4172 2726 4225 hoc
2756 4171 3002 4242 apostoli
3034 4172 3397 4241 proﬁtentur,
3438 4171 3545 4225 hoc
3571 4187 3703 4241 pro-

2015 4263 2200 4332 phetae
2226 4277 2345 4315 non
2377 4266 2589 4315 tacent.
2624 4260 2851 4314 Discant
2879 4259 3133 4330 primum
3156 4260 3309 4331 quod
3348 4258 3590 4314 Ecclesia
3618 4259 3701 4313 di-

1948 4353 1989 4404 D
2018 4350 2157 4405 dicit
2188 4367 2219 4403 a
2259 4350 2504 4415 Christo,
2551 4354 2609 4402 et
2649 4349 2915 4419 discipuli
2974 4348 3235 4402 Veritatis
3287 4349 3471 4403 effecti
3536 4348 3708 4403 conﬁ-

2012 4444 2243 4493 teantur
2283 4438 2619 4492 catholicam
2691 4437 2889 4504 fidem,
2943 4453 3013 4490 ne
3071 4437 3535 4507 praesumptionis
3589 4436 3704 4493 ela-

2012 4529 2167 4581 tione
2199 4527 2442 4597 decepti,
2486 4527 2573 4580 vel
2619 4526 2831 4579 erroris
2877 4525 3167 4595 imperitia
3216 4526 3386 4596 capti,
3444 4526 3707 4580 haeresim

2016 4616 2272 4670 nutriant
2295 4615 2429 4669 olim
2463 4614 2705 4685 sopitam
2740 4630 2753 4668 :
2795 4614 3067 4668 labuntur
3117 4613 3272 4668 enim
3315 4615 3437 4669 hinc
3476 4614 3534 4668 in
3587 4615 3708 4669 Arii

2013 4704 2303 4757 vesaniam
2335 4703 2436 4773 qui
2468 4704 2607 4757 dum
2646 4702 2786 4757 Filio
2816 4702 3132 4772 derogabat
3161 4703 3707 4757 consubstantialem

2016 4793 2198 4848 Patris
2224 4792 2633 4863 aequalitatem,
2666 4790 2940 4861 Spiritum
2988 4807 3217 4863 quoque
3248 4797 3507 4846 sanctum
3568 4790 3707 4846 Filio

2017 4881 2257 4935 docebat
2284 4895 2406 4933 esse
2443 4879 2751 4945 minorem,
2783 4883 3023 4933 conatus
3054 4884 3308 4934 astruere
3338 4896 3443 4934 nec
3499 4879 3706 4934 Filium

2017 4971 2086 5026 de
2142 4968 2321 5023 Patris
2378 4968 2693 5022 substantia
2750 4973 2970 5036 natum,
3003 4973 3058 5022 et
3113 4968 3390 5038 Spiritum
3448 4971 3705 5020 sanctum

2017 5064 2354 5114 creaturam.

2088 5146 2351 5200 Videritis
2382 5162 2496 5217 quo
2528 5146 2723 5200 tendat
2751 5150 2956 5213 vestra,
3000 5147 3376 5214 imperatores
3424 5140 3703 5212 praeclari,

2020 5235 2320 5306 professio,
2351 5235 2449 5305 qui
2480 5235 2664 5289 dicitis
2696 5234 2972 5303 Spiritum
3010 5238 3269 5288 sanctum
3296 5249 3327 5286 a
3357 5233 3521 5286 Patre
3572 5246 3707 5300 pro-

2019 5323 2239 5388 cedere,
2276 5340 2389 5376 uon
2434 5329 2627 5377 autem
2654 5339 2687 5375 a
2725 5323 2887 5378 Filio.
2926 5324 3036 5376 Hoc
3087 5337 3186 5374 nec
3232 5320 3291 5372 in
3340 5318 3543 5372 litteris
3573 5318 3712 5373 divi-

2020 5411 2339 5477 nis,necin
2383 5411 2712 5467 doctoribus
2759 5408 3152 5464 ecclesiasticis
3202 5406 3515 5478 aliquando
3566 5407 3709 5478 legi-

2023 5500 2141 5554 stis.
2187 5499 2336 5553 Dixit
2362 5500 2597 5571 quidem
2645 5503 2841 5552 sancta
2888 5496 3139 5567 synodus
3191 5496 3714 5568 Constantinopoli-

2023 5592 2178 5658 tana,
2233 5589 2525 5643 vesaniam
2578 5588 2697 5643 Arii
2752 5587 3054 5641 confutaus
3102 5590 3274 5658 atque
3322 5586 3714 5657 condemnans
