4148 6180
370 329 483 383 243

1525 327 1881 383 ΒΑΤΒΑΜΝΙ
1923 327 2387 411 COBBEIENSIS
2429 330 2735 386 MONACHI

3785 333 3889 386 2H

377 465 589 533 (Const.
620 482 635 519 ι
668 467 727 519 in
754 464 1043 535 Symbolo),
1104 463 1312 518 Filium
1372 467 1914 522 consubstantialem
1946 482 2067 521 esse
2106 470 2148 521 A
2180 467 2289 521 nisi
2320 468 2616 538 negaverit
2647 468 2850 523 Filium
2877 467 3234 533 charitatem,
3270 483 3383 538 qua
3421 467 3610 539 diligit
3642 469 3875 524 Patrem

380 553 584 619 Patris,
610 552 891 623 Spiritum
916 567 1142 623 quoque
1183 555 1439 605 sanctum
1484 551 1891 620 procedentem
1919 568 1951 604 δ.
1981 554 2081 607 Pa-

379 645 512 695 tre:
562 639 819 710 nunquid
868 640 1097 709 negavit
1145 655 1275 693 eum
1323 657 1354 692 a
1399 639 1537 693 Filio
1584 640 1933 711 procedere?
1989 641 2075 694 vel

382 743 731 797 consequens
759 731 861 794 est,
897 732 960 782 ut
992 728 1037 780 si
1061 728 1318 798 procedit
1350 745 1380 780 a
1422 729 1609 793 Patre,
1646 746 1762 783 non
1810 730 2081 799 procedat

385 834 416 870 a
450 815 636 870 Filio?
669 816 865 870 Potius
914 833 1051 887 ergo
1088 818 1436 887 cognoscite,
1474 818 1522 870 si
1557 819 1684 871 Filii
1734 819 1903 872 vultis
1958 833 2080 871 esse

387 904 646 959 Ecclesia:
681 910 738 959 et
770 908 998 959 Patrum
1032 906 1192 976 sequi
1240 906 1578 973 doctrinam,
1628 909 1779 977 quod
1842 907 2081 961 dicendo

387 998 645 1047 sanctum
692 994 999 1047 concilium
1048 995 1544 1063 Constantinopoli
1592 997 1911 1061 collectum,
1959 994 2085 1066 Spi-

389 1083 563 1136 ritum
598 1089 853 1136 sanctum
882 1083 1281 1154 procedentem
1313 1101 1345 1136 a
1385 1085 1569 1151 Patre,
1602 1086 1757 1156 quod
1795 1102 1928 1138 eum
1972 1090 2024 1139 et
2056 1103 2089 1138 a

393 1170 532 1223 Filio
568 1173 874 1241 procedere
913 1188 1026 1225 non
1067 1174 1314 1239 negavit,
1363 1173 1457 1226 sed
1492 1179 1612 1227 tota
1640 1175 1907 1240 Trinitas,
1956 1189 2087 1227 cum

393 1260 464 1312 sit
495 1260 1011 1329 consubstantialis,
1044 1267 1101 1315 et
1139 1260 1312 1315 Filius
1360 1262 1431 1314 sit
1463 1268 1629 1316 natus
1661 1281 1694 1316 a
1739 1265 1922 1328 Patre,
1956 1262 2087 1333 Spi-

396 1347 540 1401 ritus
572 1365 799 1419 quoqne
819 1354 1043 1403 sanctus
1074 1349 1145 1403 sit
1191 1351 1434 1404 charitas
1461 1353 1780 1422 utriusque,
1803 1369 1918 1405 non
1962 1368 2086 1421 pos-

398 1436 469 1489 sit
507 1439 633 1507 quis
672 1454 880 1508 negare
925 1438 1201 1509 Spiritum
1233 1446 1489 1493 sanctum
1515 1456 1548 1492 a
1584 1440 1720 1493 Filio
1761 1440 2088 1511 procedere,

2186 556 2414 610 habere.
2453 558 2609 622 Quod
2643 556 2777 628 quia
2827 573 3120 623 vesanum,
3168 556 3483 610 tenendum
3532 557 3770 611 omnino
3830 562 3889 611 et

2187 645 2431 699 ﬁdeliter
2480 646 2863 716 proﬁtendum
2918 645 3051 713 quia
3098 647 3262 699 Pater
3308 645 3495 715 diligit
3547 645 3777 709 Filium,
3835 652 3893 699 et

2193 735 2362 787 Filius
2405 734 2593 804 diligit
2623 736 2867 799 Patrem,
2905 748 2955 786 et
3005 736 3122 787 [nec
3171 734 3398 787 dilectio
3438 749 3550 803 qua
3583 735 3754 787 Pater
3806 734 3896 787 di-

2190 822 2325 891 ligit
2354 822 2578 887 Filium,
2612 838 2644 875 a
2677 824 2837 877 Patre
2868 822 3151 890 procedit;
3188 827 3243 875 et
3289 821 3518 875 dilectio
3553 839 3666 893 qua
3712 822 3890 875 Filius

2191 910 2381 981 diligit
2400 912 2647 979 Patrem,
2678 927 2705 963 a
2736 910 2874 964 Filio
2915 910 3293 964 nihilominus
3319 910 3595 979 procedit.
3641 910 3735 962 Est
3787 926 3897 960 au-

2196 1004 2312 1052 tem
2371 999 2489 1052 haec
2549 998 2777 1052 dilectio
2838 998 3082 1068 Spiritus
3142 1004 3388 1051 sanctus.
3450 998 3705 1050 Procedit
3755 1014 3897 1065 ergo

2197 1087 2437 1158 Spiritus
2470 1106 2501 1139 a
2533 1088 2694 1140 Patre
2724 1091 2779 1139 et
2810 1104 2842 1139 a
2896 1086 3054 1139 Filio.
3087 1087 3333 1155 Tempus
3381 1092 3465 1138 est
3510 1085 3630 1154 jam
3679 1090 3904 1137 sancto-

2202 1191 2326 1227 rum
2363 1175 2589 1227 Patrum
2637 1172 2980 1226 testimoniis
3012 1172 3437 1242 processionem
3483 1172 3659 1225 sancti
3713 1172 3899 1242 Spiri-

2202 1268 2290 1315 tus
2320 1281 2351 1314 a
2383 1261 2521 1314 Filio
2565 1261 2959 1331 comprobare,
3005 1266 3066 1313 ut
3112 1260 3334 1312 diversa
3370 1261 3679 1313 sentientes
3729 1277 3892 1314 reve-

2201 1358 2437 1404 reantur
2466 1355 2524 1402 et
2542 1348 2855 1402 reverentia
2886 1348 3119 1402 salutari
3161 1349 3543 1419 corrigantur,
3601 1366 3668 1402 ne
3723 1350 3901 1402 stulta

2204 1437 2598 1510 pervicaciain
2640 1436 2976 1507 perditionis
3010 1435 3228 1489 foveam
3264 1436 3609 1491 dilabantur.

1711 1759 1994 1831 LIBER
2051 1756 2573 1830 SECUNDUS.

970 2105 1191 2159 CAPUT
1233 2106 1522 2161 PRIMUM.

405 2210 805 2279 Comprobatur
859 2227 925 2265 em
972 2212 1232 2266 Patribus
1295 2214 1562 2281 Spiritum
1608 2218 1855 2268 sanctum
1883 2229 1917 2267 a
1955 2214 2091 2268 Filio

1090 2300 1400 2369 procedere.

476 2404 862 2469 Qumstionem
888 2406 955 2460 de
996 2406 1175 2460 sancti
1213 2407 1457 2478 Spiritus
1495 2407 1857 2473 processione
1906 2423 2092 2461 versa-

408 2509 554 2560 mus,
600 2510 773 2564 quam
813 2495 1139 2549 Griecorum
1195 2495 1572 2566 imperatores
1621 2512 1654 2549 a
1704 2496 1844 2550 Filio
1883 2499 2097 2567 negant

407 2582 551 2649 ﬁeri,
586 2583 834 2637 dicentes
863 2584 1017 2654 quod
1052 2601 1082 2637 a
1133 2586 1293 2637 Patre
1329 2589 1551 2638 tantum
1583 2586 1869 2655 procedat,
1913 2590 1969 2639 et
2016 2585 2098 2639 id-

407 2668 554 2722 circo
587 2669 844 2723 nolentes
875 2669 1133 2724 Ecclesiae
1167 2669 1441 2723 Romanae
1470 2671 1914 2733 communicare,
1949 2672 2097 2740 lega-

410 2764 497 2811 tos
520 2758 845 2829 apostolicaa
863 2758 1017 2827 sedis
1048 2775 1164 2812 non
1186 2764 1541 2827 receperunt,
1578 2759 1635 2811 in
1669 2761 1893 2829 culpam
1925 2758 2097 2812 devo-
2142 2762 2161 2775 ‘

409 2852 619 2912 cantes,
653 2848 807 2917 quod
853 2846 1020 2901 aliter
1074 2846 1269 2900 Latina
1328 2847 1544 2900 diceret
1598 2848 1864 2912 Ecclesia,
1925 2863 2096 2917 quam

409 2935 519 3004 ipsi
546 2935 617 2989 de
646 2936 860 3006 Spiritu
898 2940 1113 3003 sancto,
1150 2935 1497 3005 proﬁtendo,
1547 2936 1943 3006 credendoque
1983 2937 2102 3005 Spi-

414 3024 586 3078 ritum
617 3030 877 3079 sanctum
906 3042 940 3078 a
972 3024 1107 3078 Filio
1148 3025 1476 3096 procedere,
1528 3040 1700 3095 quem
1750 3023 1860 3094 ipsi
1907 3024 2103 3079 dicunt

416 3119 638 3168 tantum
671 3131 703 3167 a
732 3115 897 3168 Patre
937 3116 1088 3186 quod
1121 3114 1410 3183 procedat.
1455 3115 1645 3167 Primo
1680 3114 1937 3168 videmus
1998 3114 2097 3168 lai-

416 3219 509 3257 cos
540 3208 735 3256 contra
763 3209 988 3257 cunctas
1022 3203 1426 3258 ecclesiasticas
1463 3203 1686 3272 regulas
1738 3204 1948 3269 venire,
2000 3203 2103 3257 de-

418 3298 572 3345 creta
592 3292 856 3346 ﬁdelibus
888 3292 1217 3361 imponere;
1252 3298 1308 3345 et
1353 3291 1561 3361 quibus
1598 3308 1715 3344 non
1757 3298 1842 3345 est
1886 3292 2103 3345 licitum

2136 2070 2173 2122 Β
2204 2051 2327 2119 tris,
2366 2056 2421 2105 et
2466 2050 2610 2116 Filii,
2644 2055 2701 2104 et
2747 2049 2989 2119 Spiritus
3019 2050 3228 2103 sancti?
3260 2051 3476 2120 (Matth.
3536 2070 3728 2118 xxvui,
3795 2056 3911 2124 19.}

2199 2140 2357 2205 Quod
2390 2140 2548 2194 sivos
2576 2139 2762 2193 dicitis
2790 2145 3012 2193 tantum
3047 2140 3325 2209 Spiritum
3362 2147 3625 2196 sanctum
3653 2161 3686 2196 a
3732 2144 3905 2198 Patre

2202 2229 2530 2300 procedere,
2568 2228 2827 2282 nolentes
2863 2228 3126 2282 conﬁteri
3175 2230 3329 2299 quod
3371 2246 3402 2282 a
3454 2231 3593 2285 Filio
3638 2232 3915 2301 procedat

2202 2323 2260 2371 et
2297 2317 2483 2371 omnis
2518 2317 2758 2371 Ecclesia
2793 2316 2987 2370 Latina
3010 2317 3095 2370 vel
3132 2322 3281 2370 certe
3310 2316 3484 2371 totius
3518 2318 3671 2373 orbis
3702 2320 3908 2373 catho-

2203 2407 2308 2461 lica
2342 2406 2694 2476 proﬁteatur,
2736 2406 2889 2476 quod
2911 2410 2968 2458 et
2995 2422 3026 2458 a
3058 2405 3196 2459 Filio
3232 2408 3499 2476 procedat
3532 2407 3722 2461 :unde
3763 2424 3908 2478 pro-

2203 2496 2350 2550 batis
2398 2501 2640 2548 vestram
2687 2495 3027 2547 sententiam
3062 2495 3182 2548 fore
3221 2496 3503 2564 potiorem
3549 2501 3605 2550 et
3650 2496 3907 2550 veritatis

2206 2583 2543 2638 auctoritate
2575 2583 2895 2637 munitam?
2924 2598 2996 2635 an
3028 2582 3219 2635 forsan
3254 2584 3543 2653 Evangelii
3590 2584 3802 2637 veritas
3834 2586 3910 2638 ad

2206 2688 2305 2724 vos
2335 2670 2480 2724 solos
2504 2669 2781 2741 pervenit,
2815 2674 2869 2722 et
2900 2670 3051 2738 apud
3084 2685 3182 2722 vos
3199 2671 3348 2723 solos
3381 2674 3730 2739 permanet?

2278 2760 2583 2829 Apostolus
2618 2759 2827 2812 Paulus
2868 2764 3126 2812 vocatum
3158 2774 3215 2811 se
3242 2759 3380 2812 dicit
3424 2762 3771 2829 apostolum,
3811 2779 3912 2815 se-

2208 2853 2473 2918 paratum
2519 2848 2576 2900 in
2626 2846 2994 2917 Evangelium
3043 2846 3248 2900 Christi
3296 2850 3463 2913 (Rom.
3530 2865 3622 2911 xv,
3680 2851 3780 2916 I9),
3838 2851 3914 2903 ab

2210 2936 2564 2991 Hierusalem
2597 2934 2775 3006 usque
2823 2934 2894 2988 ad
2926 2935 3213 3005 Illyricum
3244 2939 3428 2988 totum
3467 2952 3569 3006 per
3605 2936 3913 2991 circuitum

2214 3025 2514 3095 Evangelio
2537 3026 2744 3080 Christi
2773 3024 3106 3093 replevisse;
3142 3024 3380 3078 Romam
3409 3024 3658 3096 {quoque
3707 3028 3913 3097 Hispa-

2213 3115 2449 3184 niasque
2497 3114 2834 3184 profectum,
2888 3117 2943 3166 et
2990 3113 3051 3165 in
3094 3116 3276 3166 totum
3332 3114 3498 3183 plene
3556 3115 3750 3168 orbem
3803 3116 3915 3169 Ro-

2215 3219 2449 3257 manum
2480 3204 2567 3257 vel
2594 3201 2895 3272 praesentia
2925 3201 3198 3270 corporis,
3231 3202 3318 3253 vel
3359 3202 3583 3271 scriptis
3619 3208 3919 3271 pertrans-

2217 3292 2344 3359 isse,
2399 3292 2684 3345 Christum
2744 3289 3080 3360 praedicans.
3141 3290 3287 3343 Num
3338 3289 3491 3357 dicit,
3549 3291 3705 3362 quod
3777 3292 3919 3347 solis

421 3380 536 3433 ullo
586 3395 757 3448 super
817 3380 1195 3432 ecclesiastico
1247 3380 1378 3447 jure
1431 3384 1641 3447 praeter
1708 3380 2108 3448 episcoporum
2148 3367 2184 3419 (Σ
2217 3380 2422 3433 Graecis
2445 3380 2730 3433 Christum
2767 3377 3169 3448 praedicaverit,
3206 3383 3261 3431 et
3290 3378 3500 3432 Graecis
3550 3380 3918 3435 solummodo

421 3468 750 3520 consultum
798 3472 1006 3519 statuta
1030 3466 1396 3529 constituere,
1432 3466 1583 3533 leges
1628 3464 1737 3535 ipsi
1788 3468 1922 3519 ﬁdei
1966 3483 2109 3518 con-

422 3555 555 3609 dere
586 3556 889 3618 conantur,
923 3558 979 3605 et
1007 3553 1317 3606 secundum
1344 3568 1445 3604 sua
1491 3552 1715 3605 decreta
1746 3553 1843 3605 alii
1867 3553 1924 3606 in
1963 3570 2113 3606 com-

423 3640 761 3694 munionem
794 3640 1165 3709 recipiuntur,
1200 3641 1296 3693 alii
1328 3656 1460 3693 vero
1484 3645 1869 3694 removentur.

495 3729 549 3783 Si
581 3729 719 3799 quid
751 3745 999 3799 namque
1030 3730 1236 3783 sanciri
1277 3730 1345 3783 de
1391 3746 1507 3783 sua:
1546 3729 1679 3783 ﬁdei
1712 3735 1909 3784 tenore
1955 3730 2112 3784 dele—

424 3824 645 3888 gerant,
672 3819 1069 3889 episcOporum
1093 3820 1401 3872 concilium
1433 3821 1653 3872 evocari
1681 3820 1968 3885 decuerat,
2002 3821 2111 3873 Pa-

424 3912 579 3961 trum
612 3913 823 3961 statuta
877 3907 1129 3979 requiri,’
1166 3914 1489 3961 sanctarum
1550 3910 1778 3961 oracula
1805 3908 2111 3978 scriptura-

424 4012 576 4060 rum,
608 3996 870 4050 consultu
914 3996 1312 4065 episcoporum
1345 3997 1639 4050 communi
1672 3997 1958 4050 sententia
2001 3997 2116 4050 ‘de-

426 4083 602 4150 cerni,
626 4083 765 4154 quid
788 4084 1167 4154 sequendum,
1202 4084 1336 4153 quid
1369 4100 1500 4137 vero
1524 4085 1711 4138 fuerat
1744 4084 2112 4155 abigendum.

426 4173 589 4237 Quod
618 4172 667 4226 si
715 4172 1060 4243 quibusdam
1093 4172 1149 4225 in
1191 4172 1472 4238 Ecclesiis,
1524 4175 1606 4225 vel
1650 4174 1893 4243 quadam
1938 4178 2114 4227 terra-

425 4279 555 4315 rum
585 4262 644 4315 in
675 4266 835 4331 parte
868 4261 1051 4314 teneri
1090 4261 1179 4314 vel
1225 4261 1482 4330 proﬁteri
1532 4260 2117 4331 deprehenderentur,

430 4366 559 4420 quas
601 4351 752 4419 juste
799 4354 1064 4419 recteque
1120 4365 1453 4419 permovere
1504 4350 1853 4416 debuissent,
1916 4351 2001 4403 vel
2052 4367 2117 4403 ex

431 4439 560 4503 ﬁde,
598 4438 685 4491 vel
715 4453 783 4491 ex
804 4438 1637 4504 consuetudine,.scribendum
1665 4439 1751 4492 his
1783 4440 1966 4509 primo
1997 4439 2119 4493 fue-

430 4531 535 4593 rat,
569 4536 625 4580 et
652 4526 780 4580 facti
811 4542 980 4581 causa
1018 4528 1430 4597 cognoscenda.
1476 4527 1618 4580 Tum
1658 4527 1705 4580 si
1731 4528 1901 4596 justas
1946 4528 2119 4581 ratio-

431 4614 519 4668 nis
564 4614 766 4684 religio
816 4616 1178 4684 postulasset,
1223 4615 1500 4683 judicium
1558 4616 1989 4686 proferendum.
2058 4616 2122 4669 Et

432 4703 541 4757 hoc
568 4707 759 4756 tamen
797 4720 899 4756 suo
943 4705 1048 4758 sub
1080 4704 1381 4775 regimine,
1428 4704 1770 4775 imperiique
1817 4703 2119 4775 providen-

430 4792 527 4854 tia,
556 4790 813 4845 Ecclesiis
843 4793 1161 4845 constitutis
1194 4808 1207 4845 :
1241 4792 1497 4862 alioquin
1527 4792 1596 4845 ad
1638 4808 1753 4845 suae
1786 4791 2123 4862 provisionis

432 4896 628 4934 curam
677 4881 919 4950 populos
960 4896 1078 4933 non
1127 4880 1491 4950 pertinentes,
1545 4881 1631 4933 vel
1696 4879 1968 4934 Ecclesias
2020 4897 2123 4933 suo

434 4970 540 5023 sub
571 4968 782 5039 imprio
823 4984 937 5022 non
965 4973 1403 5034 commorantes,
1437 4968 1575 5039 quid
1603 4968 1750 5037 juris
1787 4968 1989 5032 fuerat,
2035 4968 2123 5021 vel

433 5058 503 5113 de
534 5056 943 5112 consuetudine
966 5057 1247 5126 judicare,
1274 5057 1360 5111 vel
1390 5057 1459 5110 de
1486 5058 1749 5127 dogmate
1780 5056 1915 5110 ﬁdei
1937 5057 2121 5110 discu-

435 5152 556 5201 tere
585 5164 597 5201 :
626 5151 681 5201 et
711 5145 758 5199 si
807 5161 923 5199 non
974 5160 1076 5215 per
1126 5144 1317 5199 omnia
1369 5150 1431 5199 ut
1467 5145 1550 5199 illi
1605 5147 1690 5198 vel
1717 5145 1989 5209 sentiant,
2037 5146 2122 5197 vel

436 5241 688 5302 teneant,
745 5232 1357 5289 excommunicationis
1421 5249 1661 5287 censura
1725 5232 1932 5287 ferire?
1979 5233 2124 5286 Num

439 5324 732 5378 Gaecorum
780 5323 1225 5394 imperatoribus
1269 5322 1529 5377 Salvator
1576 5322 1793 5392 ligandi
1839 5322 2128 5375 solvendi-

444 5425 552 5478 que
602 5416 943 5481 potestatem
1005 5411 1321 5466 contribuit
1377 5412 1559 5464 ‘?Num
1612 5410 1725 5463 illis
1780 5409 1973 5463 dixit:
2037 5411 2128 5465 Vis

444 5499 570 5549 estis
602 5499 697 5552 tur
727 5502 1226 5571 mundi(Malth.v,
1264 5499 1391 5569 l4)?
1424 5498 1594 5553 Numi
1617 5498 1727 5551 illis
1753 5497 2002 5551 madavit
2026 5497 2127 5552 do-

446 5598 573 5637 cere
624 5600 843 5653 omnes,
874 5593 1071 5659 gentes
1130 5594 1188 5643 et
1214 5587 1504 5659 baptizare
1553 5603 1647 5641 eas
1676 5586 1737 5640 in
1756 5586 1993 5641 nomine
2025 5587 2127 5640 Pa-

2220 3468 2659 3536 imperatoribus
2703 3466 2987 3536 Evangelii
3035 3465 3330 3521 veritatem
3378 3466 3750 3537 patefecerit?
3811 3485 3921 3538 per

2220 3561 2404 3609 totum
2432 3556 2627 3608 orbem
2671 3555 3038 3625 Evangelium
3081 3555 3287 3610 Christi
3334 3562 3621 3621 coruscat;
3679 3565 3917 3625 aposto-

2222 3646 2406 3698 lorum
2430 3645 2638 3714 scripta
2670 3645 2964 3714 leguntur;
3015 3645 3431 3714 prophetarum
3487 3646 3716 3697 oracula
3766 3647 3919 3698 reci-

2223 3738 2434 3800 tantur,
2466 3732 2672 3803 quibus
2703 3732 3079 3785 Ecclesiarum
3101 3732 3360 3802 magistri
3393 3733 3538 3785 sicut
3569 3750 3599 3785 a
3627 3733 3919 3804 principio

2226 3838 2326 3892 per
2356 3822 2641 3892 apostolos
2672 3822 2896 3874 fuerant
2927 3821 3190 3885 instituti,
3226 3821 3479 3891 quotidie
3518 3822 3742 3874 discunt
3770 3824 3919 3892 quid

2225 3910 2433 3963 sentire
2465 3910 2533 3962 de
2561 3913 2752 3961 sancta
2791 3907 3065 3961 Trinitate
3098 3908 3360 3973 debeant,
3424 3909 3563 3979 quid
3626 3909 3919 3978 proﬁteri;

2226 3997 2363 4067 quid
2411 3997 2650 4067 populos
2703 3995 2809 4049 sibi
2856 3996 3187 4049 commissos
3233 3996 3490 4062 edocere,
3527 3996 3736 4066 quibus
3788 4011 3924 4050 m0-

2228 4083 2382 4135 ribus
2442 4082 2757 4148 instituere,
2821 4099 2934 4153 qua
2983 4082 3410 4136 conversatione
3474 4083 3749 4145 formare,
3801 4100 3924 4153 qua

2226 4172 2505 4240 religione
2536 4187 2900 4241 componere.
2937 4172 3045 4224 Nec
3071 4172 3297 4241 pagina:
3322 4177 3531 4224 sanctae
3570 4173 3927 4241 loquuntur,

2228 4278 2330 4315 nec
2359 4260 2639 4329 majorum
2695 4260 2955 4313 instituta
3011 4260 3435 4327 commendant,
3496 4276 3598 4313 nec
3643 4266 3934 4331 praecepta

2229 4355 2463 4403 censent
2488 4349 2899 4419 apostolorum,
2930 4349 3018 4401 vel
3060 4364 3535 4419 quorumcumque
3570 4348 3719 4401 dicta
3776 4349 3932 4402 scri-

2229 4446 2440 4509 ptaque
2464 4438 2768 4507 majorum,
2806 4436 2891 4489 vel
2938 4438 3157 4490 Graecos
3202 4436 3373 4489 totius
3414 4437 3670 4490 Ecclesia;
3711 4437 3931 4490 Christi

2230 4527 2348 4580 fore
2394 4526 2721 4596 magistros,
2762 4526 2846 4577 vel
2893 4524 2964 4577 ab
3012 4523 3148 4593 ipsis
3192 4525 3644 4589 monstrandum,
3713 4525 3801 4577 vel
3844 4526 3935 4579 di-

2230 4613 2503 4666 scendum
2535 4612 2977 4682 imperatoribus
3007 4628 3226 4676 eorum,
3260 4613 3392 4683 quid
3423 4628 3521 4681 per
3547 4619 3729 4666 totum
3763 4614 3933 4667 Chri-

2230 4700 2301 4754 sti
2326 4702 2580 4755 Ecclesias
2626 4701 2820 4754 orbem
2864 4702 2950 4754 vel
2982 4701 3041 4753 in
3085 4700 3302 4763 habitu,
3361 4701 3447 4754 vel
3507 4701 3568 4753 in
3617 4702 3931 4771 religione,

2232 4791 2320 4843 vel
2352 4791 2621 4859 dogmate
2649 4789 2850 4843 debeat
2875 4789 3181 4843 observari.
3214 4788 3372 4852 Quod
3404 4789 3451 4841 si
3480 4789 3651 4842 nimis
3680 4791 3935 4847 stultum

2234 4879 2594 4948 nimiumque
2650 4878 2897 4930 insolens
2945 4893 3062 4930 esse
3110 4877 3496 4947 cognoscitur,
3557 4893 3668 4930 non
3725 4878 3943 4931 debuit

2235 4967 2479 5021 Ecclesia
2510 4967 2764 5021 Romana
2809 4971 2925 5018 tam
2958 4966 3156 5019 leviter
3198 4966 3568 5035 reprehendi,
3613 4966 3766 5034 quod
3814 4981 3943 5019 ma-

2229 5054 2423 5125 jorum
2452 5060 2637 5106 servat
2674 5054 2935 5107 instituta
2981 5068 3239 5119 suorum,
3278 5069 3381 5106 nec
3426 5055 3483 5107 in
3536 5053 3807 5106 omnibus
3844 5070 3944 5107 se-

2234 5144 2433 5215 quitur
2471 5144 2729 5197 instituta
2782 5145 3137 5209 Graecorum;
3190 5144 3661 5214 quandoquidem
3707 5144 3825 5197 sive
3859 5145 3947 5200 de

2236 5234 2426 5283 sancta
2458 5230 2755 5295 Trinitate,
2783 5232 2864 5284 vel
2898 5230 2966 5283 de
2992 5230 3383 5300 cujuscunque
3431 5230 3793 5283 observantia
3840 5247 3947 5283 re-

2236 5319 2466 5389 ligionis
2490 5319 2770 5389 quidquid
2791 5320 2875 5371 vel
2907 5324 3081 5383 tenet,
3116 5319 3202 5372 vel
3225 5323 3470 5385 exercet,
3512 5318 3950 5388 discipulorum

2239 5407 2716 5460 Christi-manavit
2748 5407 2815 5460 de
2841 5407 3016 5461 fonte.
3063 5408 3174 5461 Nec
3202 5413 3289 5461 est
3321 5410 3643 5460 sanctarum
3702 5407 3952 5476 paginis

2238 5511 2565 5566 repugnans
2589 5495 2675 5548 vel
2704 5494 3135 5549 disconveniens
3165 5494 3587 5563 Soripturarum
3613 5494 3769 5564 quod
3812 5511 3945 5549 cre-

2240 5584 2336 5651 cit,
2378 5583 2560 5650 docet,
2592 5583 2941 5655 exsequitur.
2990 5585 3135 5655 Ergo
3184 5584 3604 5654 reprehendere
3640 5583 3950 5638 conamini
