4148 6180
235 296 335 349 245

1258 303 1536 361 CONTRA
1574 305 1972 363 GRzECORUM
2013 304 2367 361 OPPOSITA.
2392 330 2451 343 -
2490 301 2614 359 LIB.
2656 302 2728 357 II.

3632 312 3734 367 2%

230 429 387 498 quod
409 429 658 484 dicimus
692 432 968 503 Spiritum
1027 440 1284 490 sanctum
1318 453 1350 491 a
1410 438 1548 493 Filio
1604 439 1935 511 procedere,
1975 443 2020 495 Α
2052 443 2245 510 pterea
2279 435 2434 491 nolle
2469 453 2565 491 vos
2592 435 2848 507 recipere
2879 439 3030 509 quod
3078 439 3136 493 in
3177 440 3485 512 Scripturis
3526 445 3735 500 sanctis

234 535 367 573 cum
388 534 486 571 vos
518 519 725 574 dicatis
756 538 888 575 eum
922 538 954 575 a
981 523 1143 576 Patre
1175 525 1505 594 procedere.

916 684 1142 738 CAPUT
1185 686 1254 738 II.

229 824 600 877 Conciliorum
665 827 990 879 auctoritate
1051 826 1409 882 destruantur
1454 834 1701 899 opposita
1780 836 1925 889 Gra-

983 930 1184 969 corum.

300 1053 499 1107 Primo
557 1056 916 1123 postulamus
946 1074 979 1110 a
1010 1058 1167 1111 vobis
1190 1062 1587 1117 auctoritatem
1620 1065 1929 1134 majorum,

233 1142 498 1196 videlicet
544 1144 954 1198 catholicorum
996 1148 1418 1218 episcoporum,
1467 1167 1581 1220 qua
1635 1152 1928 1207 decretum

230 1231 475 1284 teneatis
515 1232 670 1301 quod
698 1238 991 1303 tantopere
1015 1235 1320 1290 defendere
1354 1239 1664 1294 conamini.
1706 1242 1930 1296 Nicaena

232 1319 485 1387 synodus
517 1325 907 1374 trecentorum
939 1322 1136 1376 decem
1167 1328 1221 1377 et
1243 1331 1369 1378 octo
1411 1328 1808 1398 episcoporum
1842 1329 1931 1383 ad-

232 1423 427 1460 versus
470 1407 673 1461 Arium
728 1409 833 1462 sub
893 1410 1262 1466 Constantino
1330 1414 1517 1483 primo
1579 1416 1927 1485 imperatore

226 1497 487 1562 collecta,
548 1503 850 1568 postquam
884 1499 953 1553 de
993 1503 1581 1559 consubstantialitate
1625 1506 1750 1559 Filii
1798 1523 1926 1560 cum

230 1586 395 1639 Patre
422 1586 757 1656 Symbolum
790 1588 1037 1655 dictavit,
1073 1590 1170 1644 ubi
1215 1596 1465 1657 ventum,
1500 1598 1585 1647 est
1628 1595 1699 1649 ad
1748 1595 1926 1665 Spiri-

228 1680 349 1728 tum
382 1680 665 1739 sanctum,
709 1675 789 1729 sic
827 1677 905 1731 ait
940 1692 951 1731 :
986 1679 1264 1734 Credimus
1303 1685 1352 1735 et
1398 1684 1455 1735 in
1494 1684 1759 1750 Spiritum
1798 1700 1926 1739 san-

2039 528 2315 597 scriptum
2346 542 2463 580 non
2494 526 2810 597 reperitur;
2862 528 3350 597 quemadmodum
3396 532 3592 588 Ariani
3624 551 3730 589 no-

2040 616 2233 670 lebant
2261 614 2514 686 recipere
2548 614 2715 668 unius
2745 615 3118 687 ejusdemque
3138 619 3473 675 substantia:
3505 624 3729 678 Patrem

2040 710 2095 758 et
2124 704 2352 770 Filium,
2394 704 2668 774 quoniam
2718 703 3025 774 Scripturce
3059 722 3231 759 sacrae
3283 724 3397 761 non
3452 709 3570 763 haec
3600 728 3731 767 con-

2040 793 2299 847 tinebant
2331 809 2342 846 :
2379 792 2547 846 dicite
2590 792 2686 846 ubi
2726 792 2981 863 legeritis
3022 795 3171 863 quod
3206 796 3729 868 Constantinopoli-

2039 887 2236 937 tanum
2268 881 2573 935 concilium
2606 882 2665 934 in
2721 881 2978 951 symbolo
3026 884 3218 950 posuit
3247 884 3315 937 de
3348 885 3559 953 Spiritu
3602 904 3733 941 san-

2038 976 2145 1039 cto,
2196 970 2387 1025 dicens
2427 986 2558 1024 eum
2597 986 2729 1023 cum
2774 972 2937 1024 Patre
2968 976 3025 1025 et
3078 971 3215 1024 Filio
3257 972 3425 1025 simul
3490 975 3728 1029 adoran-

2038 1060 2175 1114 dum
2209 1064 2264 1113 et
2292 1059 2863 1129 conglorilicandum,
2896 1063 2951 1112 et
2984 1059 3081 1129 qui
3114 1060 3336 1113 locutus
3357 1074 3442 1114 est
3469 1078 3571 1131 per
3599 1080 3729 1117 san-

2038 1153 2157 1202 ctos
2200 1148 2527 1218 prophetas.
2562 1148 2722 1212 Quod
2756 1147 2802 1200 si
2851 1148 3049 1201 dicatis
3082 1148 3137 1201 in
3181 1148 3484 1218 Scripturis
3522 1154 3730 1205 sanctis

2038 1253 2153 1290 non
2192 1237 2357 1290 nudis
2387 1235 2570 1289 verbis
2600 1237 2707 1288 ista
2747 1236 3007 1306 reperiri,
3053 1237 3150 1290 sed
3192 1236 3463 1291 virtutem
3511 1238 3731 1293 intelli-

2038 1326 2248 1393 gentim
2277 1326 2334 1378 in
2368 1325 2449 1379 eis
2490 1324 2795 1385 contineri,
2820 1329 2884 1378 ut
2916 1326 3203 1395 quomodo
3249 1330 3335 1379 est
3385 1325 3555 1380 unius
3600 1343 3730 1382 cum

2038 1416 2202 1468 Patre
2239 1414 2487 1484 Filioque
2518 1414 2867 1479 substantiae,
2903 1415 3070 1467 unius
3109 1415 3403 1484 potentiae,
3458 1431 3574 1469 non
3613 1415 3727 1469 dis-

2037 1502 2241 1556 similis
2285 1502 2617 1572 majestatis,
2658 1507 2713 1555 et
2756 1508 3059 1573 propterea
3090 1519 3218 1556 cum
3250 1505 3415 1557 Patre
3450 1503 3729 1574 Filioque-

2037 1590 2205 1644 simul
2238 1592 2581 1656 adorandus,
2615 1595 2670 1643 et
2696 1590 3249 1661 congloriticandus;
3290 1592 3489 1645 eadem
3520 1607 3729 1646 conce-

2038 1680 2153 1734 dite
2186 1680 2395 1734 Latinis
2436 1679 2715 1745 Ecclesiis,
2750 1684 2809 1732 ut
2841 1679 2969 1732 licet
3008 1679 3175 1733 nudis
3207 1680 3391 1734 verbis
3422 1680 3728 1752 Evangelia

228 1768 370 1816 ctum
406 1780 418 1815 :
461 1763 602 1817 nihil
635 1765 721 1819 vel
743 1766 949 1835 majus,
985 1768 1073 1821 vel
1105 1767 1296 1821 minus
1326 1786 1499 1839 super
1527 1744 1650 1840 ejus
1676 1773 1757 1825 vel
1791 1773 1920 1826 suh-
1970 1744 2005 1795 Β
2035 1785 2152 1823 non
2200 1768 2391 1823 dicant
2437 1769 2505 1823 de
2556 1767 2695 1823 Filio
2746 1769 3055 1837 procedere
3109 1768 3390 1838 Spiritum
3442 1744 3724 1834 sanctum,

226 1846 444 1899 stantia
493 1848 581 1900 vel
640 1850 1005 1918 processione
1068 1852 1400 1907 decernens.
1456 1854 1557 1908 Ubi
1608 1871 1743 1925 ergo
1774 1872 1925 1909 nunc

228 1935 429 2004 regula
465 1952 581 2006 qua
611 1953 707 1991 vos
736 1939 971 2005 muniri,
1013 1940 1099 1993 vel
1130 1940 1363 1996 Latinos
1396 1942 1753 1998 arbitramini
1786 1961 1921 1998 con—

228 2022 457 2093 stringi,
493 2030 558 2078 ut
598 2025 757 2079 vobis
801 2026 966 2081 liceat
1020 2028 1205 2083 dicere
1249 2032 1647 2100 procedentem
1686 2051 1714 2086 a
1759 2035 1923 2091 Patre

229 2113 508 2182 Spiritum
563 2120 845 2183 sanctum,
900 2117 1169 2171 Romanis
1208 2135 1324 2173 non
1368 2120 1533 2175 liceat
1573 2122 1759 2175 dicere
1792 2139 1921 2192 pro-

228 2202 527 2256 cedentem
562 2220 595 2257 a
638 2204 817 2259 Filio?
864 2207 1023 2270 Quod
1068 2207 1115 2260 si
1167 2214 1467 2279 sequentes
1527 2212 1922 2265 auctoritatem

231 2291 444 2344 Nicaeni
493 2293 723 2347 concilii
752 2293 896 2349 nihil
932 2297 1079 2350 ultra
1119 2298 1287 2351 vultis
1345 2299 1574 2365 addere,
1637 2306 1922 2354 removete

231 2381 636 2449 procedentem
662 2399 696 2435 a
726 2384 910 2451 Patre,
942 2385 1078 2455 quia
1112 2402 1227 2440 non
1254 2386 1577 2441 continetur
1616 2389 1673 2442 in
1709 2388 1921 2443 Nicasni

228 2469 455 2523 concilii
498 2470 802 2540 Symbolo:
847 2477 903 2527 et
930 2472 1187 2528 fortassis
1234 2476 1399 2529 liceat
1442 2478 1726 2533 removeri
1771 2479 1921 2547 quod

228 2575 259 2609 a
288 2558 567 2611 Romanis
608 2561 1040 2630 superadditum
1094 2569 1179 2616 est
1228 2565 1631 2634 procedentem
1677 2585 1709 2620 a
1761 2568 1916 2622 Filio.

227 2646 390 2709 Quod
422 2647 471 2700 si
502 2649 918 2718 respondentes
973 2652 1247 2719 dixeritis,
1289 2653 1347 2706 in
1396 2656 1918 2727 Constantinopoli-

229 2743 359 2789 tana
384 2737 605 2805 synodo
622 2744 855 2792 centum
887 2740 1306 2811 quinquaginta
1327 2743 1629 2813 episcopis,
1655 2744 1754 2815 qui
1776 2746 1916 2799 Con-

228 2825 609 2895 stantinopoli
684 2829 1012 2898 congregati
1071 2834 1222 2894 sunt,
1285 2831 1392 2884 hoc
1450 2832 1704 2902 positum
1768 2849 1918 2893 esse;

227 2914 645 2983 respondemus
692 2931 810 2970 non
874 2917 1096 2971 licuisse
1148 2918 1465 2989 quidquam
1522 2921 1735 2975 Nicazni
1790 2938 1922 2975 cou-

228 3003 341 3095 cilii
388 3003 936 3095 Symbologdegﬁde
998 3008 1081 3095 vel
1136 3008 1387 3074 demere,
1441 3010 1525 3062 vel
1574 3011 1781 3064 addere
1834 3012 1919 3063 vel
1959 3040 1999 3095 Ο

229 3092 560 3145 immutare.
654 3092 818 3157 Quod
907 3094 955 3147 si
1025 3094 1223 3149 dicatis
1315 3096 1385 3151 de
1479 3097 1603 3152 Filii
1686 3099 1922 3153 consub-

228 3180 633 3235 stacntialitate
679 3197 797 3235 non
828 3182 1051 3236 licuisse
1081 3184 1233 3255 quod
1266 3185 1709 3239 determinatum
1750 3193 1835 3240 est
1861 3188 1921 3240 in

233 3271 324 3322 lllO
351 3275 643 3323 conventu
684 3270 998 3340 quidquam
1016 3273 1347 3342 superaddi;
1380 3275 1449 3327 de
1482 3274 1695 3345 Spiritu
1726 3280 1918 3329 sacnto

230 3374 358 3412 vero
380 3359 521 3429 quia
555 3374 861 3429 perparum
888 3360 1021 3413 hinc
1049 3361 1263 3416 dictum
1289 3368 1395 3429 est,
1427 3363 1654 3416 licuisse
1685 3370 1921 3433 propter

230 3448 447 3501 futuras
503 3448 904 3502 hereticorum
955 3451 1297 3519 quaestiones
1354 3452 1662 3505 secundum
1696 3458 1917 3505 sancta-

231 3536 798 3603 rumfauctoritatem
846 3538 1269 3607 Scripturarum
1300 3556 1313 3592 :
1348 3542 1761 3611 respondemus
1810 3539 1917 3593 hoc

228 3626 376 3679 idem
420 3626 651 3679 licuisse
694 3626 983 3691 Romanis,
1044 3632 1280 3698 propter
1323 3629 1541 3682 futuras
1610 3628 1915 3683 haeretico-

229 3732 351 3768 rum
402 3713 757 3784 quwstiones
805 3716 1118 3770 secundum
1162 3717 1485 3771 divinarum
1517 3718 1913 3771 auctoritatem

224 3804 667 3873 Scripturarum.
713 3805 823 3857 Nec
843 3804 996 3857 enim
1027 3804 1360 3859 convincere
1382 3806 1617 3875 potestis
1640 3808 1915 3875 majorem

226 3891 873 3961 Constantinopolitanae
929 3892 1169 3946 civitatis
1254 3894 1670 3961 auctoritatem,
1742 3911 1916 3965 quam

226 3980 469 4032 civitatis
508 3980 803 4045 Romana},
854 3997 983 4051 quae
1033 3986 1211 4051 caput
1263 3988 1347 4035 est
1390 3984 1650 4036 omnium
1708 3984 1916 4038 Christi

230 4068 623 4134 Ecclesiarum,
655 4068 809 4138 quod
856 4069 1137 4139 majorum
1188 4076 1305 4124 tam
1356 4076 1692 4137 vestrorum,
1742 4088 1915 4143 quam

228 4163 577 4223 nostrorum,
612 4157 937 4212 testimonio
968 4159 1398 4228 comprobatur.
1431 4160 1538 4215 Sed
1563 4177 1751 4232 neque
1784 4178 1914 4215 cen-

225 4245 813 4317 tum'quinquaginta
868 4248 1267 4317 episcoporum
1326 4254 1482 4302 tanta
1536 4255 1759 4304 constat
1813 4268 1913 4304 au-

2034 1856 2228 1911 multis
2261 1862 2451 1911 tamen
2502 1857 2687 1910 modis
2740 1857 3043 1910 ostendant
3089 1856 3365 1926 Spiritum
3405 1873 3526 1911 esse
3580 1856 3722 1923 Filii,

2032 1946 2177 1999 sicut
2209 1952 2288 1999 est
2319 1944 2561 2015 Spiritus
2603 1947 2801 2009 Patris,
2835 1951 2889 2000 et
2928 1963 2961 1999 a
3009 1946 3147 1999 Filio
3195 1946 3527 2015 procedere,
3580 1945 3726 1999 sicut

2034 2035 2340 2103 procedita
2370 2036 2535 2089 Patre
2568 2050 2580 2087 :
2616 2034 2772 2104 quod
2812 2032 3161 2088 sufﬁcienter
3200 2033 3479 2104 superiori
3528 2034 3722 2087 libello

2032 2127 2407 2175 monstratum
2450 2137 2569 2174 esse
2626 2120 2938 2174 credimus.
2982 2122 3091 2174 Ista
3141 2137 3271 2174 cum
3323 2121 3406 2174 sic
3452 2121 3720 2184 habeant,

2032 2215 2088 2263 et
2118 2212 2187 2264 de
2238 2210 2453 2280 Spiritu
2503 2214 2697 2263 sancto
2726 2209 2865 2262 ﬁdes
2895 2208 3170 2261 catholica
3223 2225 3325 2278 per
3372 2209 3721 2263 Salvatorem

2030 2304 2085 2352 et
2107 2315 2209 2370 per
2237 2299 2526 2369 apostolos
2562 2298 2798 2352 fundata
2831 2313 3058 2367 semper
3109 2297 3313 2363 tenuit,
3364 2312 3469 2350 nec
3516 2296 3721 2365 praadi-

2030 2403 2156 2442 care
2185 2388 2400 2453 omisit,
2434 2386 2585 2458 quod
2636 2386 2893 2457 ejusdem
2936 2386 3009 2440 sit
3062 2402 3193 2439 cum
3242 2387 3405 2439 Patre
3465 2384 3722 2454 Filioque

2032 2476 2276 2539 virtutis,
2336 2480 2392 2529 et
2446 2474 2706 2544 ejusdem
2780 2473 3129 2538 substantiae,
3189 2472 3573 2543 procedatque
3653 2472 3723 2524 de

2029 2570 2316 2636 utroque:
2354 2564 2490 2636 quid
2538 2567 2622 2616 est
2653 2578 2806 2616 nunc
2854 2562 3006 2633 quod
3039 2562 3372 2616 catholicam
3416 2560 3587 2614 ﬁdem
3634 2576 3721 2613 re-

2030 2653 2384 2723 prehendere
2440 2651 2715 2716 nitimini,
2762 2656 2817 2705 et
2872 2657 3078 2705 contra
3121 2651 3395 2705 catholica
3451 2649 3723 2718 dogmata

2030 2743 2221 2796 nescio
2272 2741 2407 2813 quid
2442 2739 2633 2794 moliri
2661 2739 2992 2794 conamini?
3049 2740 3321 2793 Fortassis
3360 2739 3446 2792 vel
3498 2738 3719 2801 Arium,

2030 2832 2115 2883 vel
2148 2830 2536 2885 Macedoniam
2566 2829 2902 2883 resuscitare
2942 2828 3197 2895 tentatis,
3230 2832 3286 2881 et
3328 2844 3527 2882 eorum
3558 2825 3720 2897 pravi

2029 2920 2313 2990 dogmatis
2343 2920 2561 2973 cineres
2585 2918 2723 2972 olim
2760 2918 2975 2989 sopitos
3004 2917 3064 2971 in
3098 2917 3402 2971 Ecclesiam
3455 2916 3717 2971 introdu-

2031 3026 2175 3062 cere.
2212 3009 2500 3080 Numquid
2548 3010 2792 3079 majores
2834 3007 3003 3061 vestri
3052 3008 3378 3061 nescierunt
3441 3007 3709 3078 quemad-

2033 3098 2267 3151 modum
2297 3099 2365 3151 de
2404 3097 2621 3166 Spiritu
2667 3101 2860 3150 sancto
2885 3097 3140 3149 Romana
3174 3096 3395 3149 ferebat
3434 3096 3716 3149 Ecclesia?

2030 3202 2135 3239 nec
2160 3192 2351 3239 tamen
2386 3184 2697 3255 aliquando
2732 3200 2764 3236 a
2794 3185 3065 3238 Romanae
3108 3183 3259 3236 sedis
3306 3183 3715 3236 communione

2030 3291 2149 3328 sese
2212 3289 2527 3340 removere,
2593 3274 2835 3327 scientes
2878 3272 3169 3325 catholica:
3228 3270 3365 3325 ﬁdei
3419 3271 3717 3324 veritatem

2028 3364 2148 3417 fore
2178 3362 2331 3434 quod
2375 3366 2533 3416 tenet
2559 3366 2615 3414 et
2661 3361 2954 3432 praedicat,
3002 3376 3105 3413 nec
3156 3358 3357 3413 merito
3404 3358 3715 3429 reprelien-

2026 3452 2173 3505 sioni
2204 3459 2417 3521 patere,
2475 3450 2631 3522 quod
2659 3454 2982 3503 sanctarum
3013 3448 3437 3517 Scripturarum
3469 3446 3713 3500 auctori-

2026 3546 2140 3594 tate
2160 3540 2437 3593 consistit.

2102 3630 2286 3699 Usque
2314 3630 2385 3683 ad
2415 3627 2533 3682 Arii
2574 3633 2799 3695 tempus
2824 3625 2984 3680 nulla
3008 3624 3268 3678 confusio
3310 3624 3548 3678 vexabat
3595 3637 3713 3676 cre-

2027 3720 2248 3784 dentes,
2299 3718 2369 3771 de
2425 3715 2605 3769 Patris
2666 3715 2905 3784 Filiique
2954 3712 3563 3777 consubstantialitate,
3612 3727 3717 3765 nec

2026 3808 2335 3861 homousion
2374 3804 2823 3873 praedicabatur;
2874 3802 3054 3854 virtus
3109 3807 3301 3855 tamen
3352 3801 3506 3855 illius
3558 3800 3717 3855 verbi

2024 3894 2376 3949 credentium
2424 3892 2716 3946 mentibus
2791 3890 2963 3944 insita
3016 3889 3383 3953 consistebat,
3439 3889 3716 3960 quoniam

2023 3984 2481 4053 omnipotentem
2518 3982 2724 4036 Filium
2752 3980 2813 4034 in
2840 3980 2999 4034 nulla
3044 3979 3380 4033 dissimilem
3409 3980 3563 4033 Patri
3592 3978 3716 4033 fore

2024 4073 2313 4137 credebat,
2346 4072 2488 4125 bene
2528 4070 2741 4124 dictum
2772 4069 3077 4124 Salvatoris
3108 4068 3385 4134 recolens,
3426 4068 3664 4122 dicentis
3698 4082 3712 4121 :

2025 4164 2129 4229 Qui
2155 4163 2301 4216 videt
2332 4176 2413 4215 me
2462 4160 2612 4215 videt
2657 4164 2706 4213 et
2753 4162 2969 4213 Patrem
2999 4158 3173 4225 (Joan.
3223 4173 3330 4217 xw,
3375 4157 3449 4227 9).
3520 4158 3715 4225 Neque

2024 4251 2312 4306 Christum
2339 4248 2491 4303 aliud
2514 4263 2688 4320 quam
2735 4252 3052 4301 creaturam
3085 4250 3378 4300 auctorem
3428 4245 3712 4311 omnium,

226 4336 475 4400 ctoritas,
536 4340 599 4387 ut
648 4335 931 4389 universis
997 4336 1171 4390 totius
1217 4336 1367 4390 orbis
1426 4338 1706 4408 episcopis
1772 4356 1911 4410 prte-
1951 4340 2207 4396 Dsciens
2236 4356 2302 4393 ex
2338 4340 2557 4393 Joanne
2609 4336 2875 4391 dictum:
2930 4337 3123 4391 Omnia
3172 4351 3272 4405 per
3326 4337 3508 4404 ipsum
3562 4336 3716 4400 facta

228 4425 470 4478 scribere
497 4424 697 4495 possit,
730 4430 795 4477 ut
849 4425 1001 4495 quod
1032 4425 1144 4479 illis
1205 4426 1385 4492 licuit,
1427 4444 1543 4480 non
1592 4428 1759 4482 liceat
1798 4433 1913 4481 tam

230 4513 485 4568 Romano
552 4512 833 4584 pontiﬁci,
895 4529 1066 4584 quam
1120 4514 1399 4570 universis
1449 4516 1655 4571 Christi
1735 4518 1916 4570 Eccle-

228 4602 333 4656 siis.

290 4692 658 4745 Addiderunt
684 4692 854 4745 etiam
887 4692 970 4745 illi
1014 4692 1271 4761 symbolo
1293 4686 1300 4693 ’
1323 4694 1580 4763 praefato,
1613 4694 1865 4747 dicentes
1899 4711 1910 4747 :

230 4782 497 4851 Spiritum
537 4786 782 4834 sanctum
828 4796 947 4835 cum
1003 4783 1166 4835 Patre
1201 4784 1252 4834 et
1279 4783 1422 4837 Filio
1471 4782 1829 4846 adorandum;
1868 4788 1916 4834 et

231 4869 742 4939 congloriﬁcandum
804 4873 900 4938 qui
940 4872 1145 4925 locutus
1170 4876 1248 4925 est
1293 4886 1389 4939 per
1428 4878 1638 4925 sanctos
1685 4872 1914 4939 prophe-

232 4966 329 5024 tas,
362 4965 420 5013 et
477 4959 592 5013 alia
643 4959 827 5029 plura.
874 4961 1002 5014 Haec
1042 4958 1547 5028 superadjicientes
1600 4974 1711 5012 non
1770 4975 1914 5029 prte-

232 5049 574 5120 scripserunt
631 5046 885 5102 Ecclesiis
939 5047 1163 5114 Christi,
1215 5047 1311 5101 sed
1363 5048 1685 5117 exemplum
1745 5048 1915 5101 dede-

236 5146 379 5202 runt,
422 5139 469 5191 si
500 5137 637 5207 quid
669 5137 982 5190 secundum
1019 5135 1337 5205 Scripturas
1368 5140 1588 5189 sanctas
1644 5136 1915 5206 superad-

236 5228 361 5281 dere
387 5228 603 5280 vellent
633 5227 704 5279 de
742 5224 961 5294 Spiritu
1012 5230 1227 5290 sancto,
1279 5224 1431 5294 quod
1481 5224 1777 5277 haereticos
1825 5240 1916 5277 ex-

240 5321 526 5386 pugnaret,
562 5319 620 5367 et
660 5314 835 5367 tidem
879 5312 1235 5366 credentium
1288 5312 1599 5366 roboraret.
1652 5314 1812 5376 Quod
1872 5313 1918 5365 si

243 5405 437 5458 malitis
468 5418 788 5474 opponere,
820 5401 1063 5455 inveniri
1078 5401 1227 5472 quod
1263 5416 1380 5453 non
1402 5400 1581 5470 possit
1610 5401 1667 5453 in
1712 5401 1921 5454 sanctis

248 5494 571 5564 Evangeliis,
631 5492 749 5545 sive
799 5490 1019 5544 caeteris
1071 5488 1276 5543 divinis
1326 5489 1554 5559 paginis
1619 5492 1916 5559 scriptum,

246 5583 507 5650 Spiritum
562 5586 827 5635 sanctum
884 5578 1289 5649 procedentem
1348 5594 1381 5631 a
1439 5579 1625 5639 Patre,
1667 5594 1731 5631 ac
1786 5594 1919 5648 pro-

2021 4429 2193 4484 fuisse
2215 4431 2385 4496 (Joan.
2418 4444 2454 4493 i,
2492 4426 2570 4494 3),
2611 4442 2716 4479 nec
2758 4430 2953 4479 tamen
3008 4425 3066 4478 in
3116 4423 3373 4494 symbolo
3427 4424 3714 4493 apostolo-

2025 4534 2152 4570 rum
2175 4515 2481 4570 collatione
2512 4515 2657 4567 facto
2703 4513 3107 4567 continebatur
3145 4513 3319 4574 aliud,
3351 4528 3523 4582 quam
3556 4511 3715 4582 quod

2024 4605 2286 4658 novimus
2317 4618 2535 4663 omnes,
2568 4601 2799 4655 credere
2834 4618 2935 4655 nos
2972 4605 3238 4670 oportere
3287 4600 3345 4653 in
3378 4600 3557 4654 Deum
3609 4601 3713 4654 Pa-

2024 4701 2169 4747 trem
2197 4692 2676 4761 omnipotentem,
2711 4694 2766 4741 et
2814 4689 2874 4742 in
2918 4690 3111 4743 Jesum
3166 4688 3454 4743 Christum
3506 4688 3711 4743 Filium

2026 4783 2147 4852 ejus
2197 4780 2428 4834 unicum
2498 4777 2801 4831 Dominum
2860 4782 3140 4831 nostrum.
3196 4776 3528 4831 Sufﬁciebat
3608 4776 3715 4829 ista

2026 4872 2167 4925 tides
2236 4866 2588 4923 credentium
2640 4865 2840 4931 saluti;
2893 4882 3023 4936 quas
3076 4866 3386 4919 multorum
3434 4864 3713 4934 sanguine

2029 4963 2364 5027 martyrum,
2397 4960 2453 5008 et
2480 4954 2994 5008 innumerabilium
3029 4970 3127 5006 ore
3176 4954 3560 5006 confessorum
3613 4966 3716 5019 per

2027 5046 2355 5100 universum
2387 5043 2583 5097 orbem
2614 5048 2672 5095 et
2696 5042 3009 5111 approbata
3038 5045 3143 5107 est,
3196 5047 3252 5095 et
3294 5039 3710 5094 commendata.

2028 5137 2233 5189 Verum
2267 5133 2364 5187 ubi
2394 5131 2561 5186 Arius
2594 5132 2965 5201 impugnator
2996 5130 3245 5183 veritatis
3266 5129 3434 5199 coepit
3464 5128 3524 5181 in
3555 5127 3718 5181 Chri-

2027 5225 2096 5277 sti
2127 5221 2481 5276 divinitatem
2534 5220 2810 5288 insanire,
2860 5225 2918 5273 et
2975 5219 3307 5288 blaspheme
3366 5232 3479 5269 non
3535 5231 3719 5285 pauca

2029 5310 2262 5381 iaculari
2289 5308 2549 5363 ﬁdelium
2591 5312 2805 5361 mentes
2846 5307 2914 5359 ad
2967 5306 3237 5377 pietatem
3284 5304 3614 5370 incitantur,
3663 5310 3719 5357 et

2029 5398 2278 5452 veritatis
2308 5412 2469 5450 arma
2496 5403 2697 5449 contra
2738 5394 3052 5463 impietatis
3096 5407 3352 5445 errorem
3400 5393 3716 5461 proferunt,

2028 5486 2363 5542 confodiunt
2406 5501 2521 5538 una
2571 5500 2701 5538 cum
2733 5488 2965 5536 auctore
2997 5479 3238 5550 impium
3283 5480 3512 5550 dogma,
3564 5482 3721 5551 quod

2034 5576 2238 5631 Filium
2272 5574 2371 5630 Dei
2391 5579 2703 5629 creaturam
2735 5577 2793 5626 et
2823 5586 2938 5625 non
2967 5571 3036 5625 de
3067 5571 3232 5624 Patre
3274 5570 3553 5641 genitum,
3595 5568 3723 5639 Spi-
